2020 3140
64 120 1765 139 ΕΜ

667 252 1116 315 PRJEFATIO
1140 244 1180 278 (θ’

95 498 118 522 l.
134 496 266 522 Fortasse
277 493 395 521 nullum
408 495 452 522 est
463 493 623 521 hominum
639 500 743 528 genus,
758 493 810 529 qui
825 500 888 521 ma-
903 494 926 520 Λ

60 539 103 575 gis
117 539 271 567 nocuerint
295 538 383 566 bonis
394 538 507 571 studiis,
522 546 617 574 quam
632 546 747 572 eorum,
760 537 890 574 quivcra

61 587 230 612 sanctorum
251 584 376 611 Patrum
401 583 511 619 scripta
535 591 605 610 cum
626 582 708 610 falsis
731 583 888 610 miscuere.

63 629 134 659 Quot
147 628 226 656 enim
243 628 326 656 mala
336 628 406 656 hinc
417 630 445 656 et
454 627 526 655 olim
535 630 606 656 nata
618 627 686 661 sint,
699 629 725 655 et
740 627 828 655 hodie
840 635 891 655 na-

62 675 186 705 scantur,
196 680 302 705 nemo,
319 672 371 708 qui
383 679 443 700 non
458 672 582 700 omnino
598 680 697 699 rerum
708 671 889 699 ecclesiasti-

60 725 158 745 carum
181 717 271 745 rudis
293 717 340 751 sit,
356 717 487 752 ignorat.
511 718 658 752 Dogmata
677 716 890 746 obscurantur,

61 761 206 789 foedantur
229 761 372 794 moralia,
396 761 520 788 historia
543 760 670 794 vacillat,
690 760 807 788 traditio
826 768 890 796 per-

61 806 202 839 turbatur,
220 808 261 837 et,
281 808 314 834 ut
326 805 416 833 verbo
437 805 547 837 dicam,
565 805 589 833 si
606 805 698 833 semel
716 805 799 841 apud
823 813 890 832 san-

61 853 120 878 ctos
131 852 231 878 Patres
244 850 381 885 genuina
392 858 461 877 cum
473 849 648 877 adulterinis
657 849 888 886 confundantur,

61 895 159 923 omnia
172 895 254 922 inter
266 903 298 922 se
314 894 457 922 confundi
473 902 594 922 necesse
610 896 665 922 est.

93 941 120 966 2.
138 939 217 974 Ejus,
235 938 323 975 quod
338 939 408 973 dixi,
418 939 490 967 mali
499 939 701 975 frequentiora
713 940 782 966 sunt
792 946 890 966 exem-

60 984 121 1020 pla,
136 991 227 1020 quam
242 986 277 1011 ut
288 983 392 1018 aliqua
400 982 506 1010 referre
516 991 592 1019 opus
604 984 651 1009 sit.
669 982 699 1010 In
714 982 891 1010 memoriam

62 1027 320 1073 tamenrezoeabo
339 1027 557 1063 impudentiam
572 1027 851 1062 Apollinaristarum
863 1029 891 1055 et

58 1071 328 1108 Eutychianorum,
338 1072 466 1107 quicum
474 1080 527 1099 sua
536 1079 590 1107 pro
599 1071 721 1098 sinceris
730 1080 764 1099 ac
775 1079 891 1107 germa-

57 1118 103 1145 nis
116 1120 294 1145 sanctorum
310 1118 430 1145 Patrum
446 1117 562 1152 scriptis
578 1116 832 1152 promulgassent,
849 1117 891 1145 ita

57 1165 149 1190 totam
172 1162 357 1189 infestarunt
376 1161 548 1193 Ecclesiam,
569 1163 600 1188 ut
612 1161 762 1196 ejusmodi
777 1161 888 1188 vulnus
905 1168 925 1195 Β

56 1206 225 1234 coalescere
238 1214 274 1234 ac
290 1206 389 1233 sanari
406 1206 536 1234 necdum
551 1206 691 1241 potuerit.
704 1207 777 1233 Nam
788 1205 889 1233 hodie-

55 1259 112 1287 que
129 1254 216 1279 tanta
231 1253 279 1278 est
292 1250 439 1278 dissensio
454 1251 530 1277 inter
545 1250 679 1278 eruditos
695 1250 732 1277 de
744 1258 889 1286 quorum-

56 1295 126 1324 dam
141 1296 331 1332 scriptorum
340 1297 469 1329 auctore,
481 1295 545 1322 utsi
559 1294 627 1330 quis
639 1297 690 1322 aut
700 1294 800 1329 magni
811 1294 890 1322 illius

52 1340 209 1368 Athanasi:
217 1339 355 1376 episcopi
363 1339 617 1371 Alexandrini,aut
626 1339 690 1366 Julii
700 1339 810 1366 summi
817 1347 890 1375 pon-

52 1384 147 1418 tiﬁcis,
170 1387 225 1412 aut
240 1384 598 1419 GregoriiThaumaturgi
618 1384 821 1412 testimonium
837 1384 888 1411 ali—

50 1430 132 1465 quod
150 1429 298 1465 proferat,
309 1429 409 1456 statim
424 1428 540 1464 audias,
553 1429 604 1464 qui
616 1428 718 1456 dicant
728 1437 789 1456 non
803 1428 890 1456 Atha-

48 1474 184 1509 nasium,
199 1482 266 1502 non
277 1473 399 1506 Iulium,
416 1481 478 1501 non
492 1473 665 1507 Gregorium
683 1473 754 1500 talia
763 1473 888 1508 dixisse,

47 1519 101 1546 sed
122 1518 360 1554 Apollinarium,
385 1518 471 1553 cujus
492 1517 563 1545 olim
584 1517 729 1553 opuscula
745 1517 888 1553 quaedam

45 1563 177 1591 summis
190 1562 254 1590 illis
262 1562 333 1589 viris
347 1562 472 1590 subdole
485 1562 595 1590 tributa
606 1565 686 1596 sunt,
696 1570 756 1598 quo
772 1561 887 1589 facilius

44 1607 292 1643 simplicioresin
304 1614 435 1634 errorem
452 1607 783 1636 indueerentur.Sed.ut
800 1614 881 1633 nunc

42 1652 79 1680 de
87 1651 318 1688 Apollinarlstis
326 1654 354 1678 et
361 1651 551 1687 Eutychianis
563 1654 686 1687 taceam,
693 1651 832 1679 universe
839 1651 884 1678 di—

43 1696 456 1725 caminnumeraincomoda
468 1696 632 1724 eodemillo
640 1705 675 1724 ex
689 1696 883 1731 fontcﬂuxis-

43 1741 202 1770 se.Videas
210 1741 259 1768 vel
269 1740 489 1768 eruditissimos
500 1741 590 1775 viros,
600 1740 683 1777 quod
692 1740 884 1776 in‘ejusmodi

41 1786 141 1813 libros
148 1785 326 1813 subdititios
336 1785 505 1818 inciderint,
518 1786 626 1821 quovis
636 1782 736 1821 potius
745 1785 882 1821 perveni-

40 1837 189 1866 re,quam
201 1837 265 1865 quo
283 1828 592 1865 volunt,eosdemque,
609 1829 723 1857 interea
734 1830 807 1857 dum
820 1837 881 1857 seo-
897 1844 917 1870 ο

39 1883 117 1912 pum
130 1875 274 1910 attigisse
295 1882 326 1901 se
344 1874 581 1908 arl)itrantur,ab
603 1883 638 1902 eo
655 1875 766 1910 saepius
788 1882 881 1910 quam

37 1919 225 1954 longissime
235 1917 465 1955 abesse.Credas
475 1918 640 1954 aliquando
652 1918 880 1954 antiquissimos

38 1962 283 1998 etgravissimos
296 1961 453 1997 scriptores
462 1970 561 1990 rerum
569 1963 814 1997 gravissimarum
828 1966 882 1990 tes-

35 2011 78 2036 tes
86 2006 385 2041 adhiberi,cttamen
393 2006 415 2033 si
422 2015 468 2034 res
475 2008 613 2035 attentius
621 2007 884 2041 consideretur,ho-

34 2053 128 2081 minis
144 2054 176 2080 et
191 2051 394 2079 recentissimi
414 2053 442 2078 et
465 2051 664 2087 abjcctissimig
680 2052 882 2080 testimonium

33 2098 204 2134 profertur.
212 2095 272 2123 Etsi
282 2098 381 2123 autem
393 2095 443 2122 illa
453 2096 541 2131 quasi
551 2095 614 2123 lues
621 2096 733 2124 nemini
741 2096 881 2132 pepercit,

33 2145 141 2171 tamen
158 2140 269 2169 nescio
291 2141 444 2176 quomodo
458 2140 592 2175 contigit,
610 2143 640 2168 ut
653 2141 779 2169 Basilius
797 2142 882 2177 pejus

35 2196 71 2215 ea
92 2188 125 2214 in
153 2194 189 2214 re
206 2193 306 2221 quam
323 2184 372 2212 alii
394 2185 491 2212 sancti
509 2186 607 2212 Patres
625 2187 765 2221 acceptus
779 2185 825 2213 sit.
842 2187 883 2213 lta

35 2233 119 2260 enim
146 2239 228 2259 vera
253 2230 318 2265 ejus
339 2229 450 2265 scripta
476 2229 696 2265 permiscentur
720 2230 814 2264 falsis,
840 2233 880 2259 ut.

36 2278 93 2304 nisi
111 2276 179 2304 alia
193 2274 238 2303 ab
254 2274 320 2301 aliis
334 2274 490 2309 diligenter
512 2274 746 2310 distinguantur,
765 2275 883 2302 errandi

35 2320 164 2350 occasio
182 2318 308 2355 passim
323 2318 490 2353 legentibus
516 2319 668 2347 otleratur.

71 2369 98 2394 3.
115 2365 191 2393 Seio
208 2363 336 2398 quidem
352 2363 430 2390 viros
445 2363 633 2391 doctissimos
644 2363 764 2391 duobus
775 2363 884 2392 abhinc

36 2410 162 2440 saeculis
174 2409 209 2436 in
222 2416 259 2435 eo
275 2408 436 2443 egregiam,
452 2416 575 2443 operam
587 2409 734 2444 posuisse,
753 2411 782 2436 ut
802 2409 884 2444 apud

36 2458 167 2484 sanctos
174 2453 284 2479 Patres
292 2451 408 2480 sincera
416 2452 454 2480 ab
465 2452 638 2480 adulterinis
648 2456 882 2487 secet-uerentur,

34 2507 137 2536 eoque
149 2505 303 2525 successu
310 2504 374 2524 rem
383 2498 522 2532 gessisse,
535 2497 664 2524 utrebus
671 2505 725 2533 per
735 2505 767 2524 se
774 2497 882 2525 obscu-
898 2518 919 2545 Β

34 2543 173 2572 rissimis
191 2541 361 2568 maximam
374 2541 470 2569 lucem
486 2541 635 2569 attulerint
651 2550 657 2575 ;
673 2541 725 2569 sed
745 2544 845 2570 tamen
859 2551 883 2570 St

32 2590 104 2625 quis
121 2587 254 2622 reliqua
269 2585 422 2621 diligenter
431 2586 598 2622 expendere
615 2586 703 2619 volet,
719 2587 882 2622 prrestabo,

34 2641 100 2661 non
111 2631 231 2660 defore
241 2629 281 2657 illi
296 2630 346 2657 ubi
362 2638 393 2657 se
409 2633 554 2658 exerceat.
569 2630 695 2665 Dignum
709 2639 781 2658 sane
798 2639 884 2666 argu-

33 2680 190 2707 mentum
216 2674 247 2702 in
256 2674 340 2710 quod
354 2683 459 2703 omnes
467 2683 556 2703 omne
566 2675 699 2702 studium
718 2676 883 2710 conferant,

945 500 1013 520 cum
1020 500 1067 520 res
1075 492 1211 520 omnium
1219 491 1397 526 gravissima
1404 493 1519 527 agatur.
1534 493 1593 521 Hoc
1599 494 1699 521 autem
1706 501 1770 522 mu-

945 545 1001 565 nus
1009 545 1071 565 non
1085 538 1116 565 in
1126 544 1338 573 quemcunque
1350 537 1498 571 convenit,
1514 537 1567 566 sed
1577 538 1608 566 in
1619 546 1688 566 eum
1708 541 1770 567 tan-

946 582 1167 618 tummodo,qui
1174 581 1258 609 nullo
1268 581 1546 617 przeviojudicio,de
1554 583 1769 618 rehusjudicet.

946 629 1052 655 Verum
1067 635 1236 663 paucorum
1251 628 1295 654 est
1307 627 1373 654 haec
1387 627 1490 654 virtus.
1508 627 1564 655 Alii
1574 628 1655 656 enim
1670 628 1701 656 in
1713 629 1770 656 cri-

946 672 1007 700 ticis
1021 671 1274 708 disputationibus
1290 671 1455 699 severiores
1469 674 1548 707 sunt,
1567 673 1678 709 quibus
1698 673 1772 701 nihil

946 716 1086 752 probetur
1099 724 1203 743 eorum
1215 724 1282 751 quae
1307 716 1404 743 caeteri
1428 716 1559 752 probant
1575 726 1581 750 ;
1608 717 1658 745 alii
1674 717 1774 745 indul-

945 761 1216 797 gentiores,quibus
1223 760 1483 788 indiscriminatim
1490 761 1628 797 placeant
1635 770 1775 798 quaecun-

944 814 1002 842 que
1017 814 1036 834 a
1047 806 1135 840 vulgo
1147 808 1266 841 recepta
1277 806 1356 832 sunt.
1374 806 1518 841 Utrosque
1531 814 1773 841 peccare,nemo,

945 851 1061 887 opinor,
1078 849 1252 878 ditﬁtebitur
1268 858 1275 877 ε
1298 849 1351 877 sed
1370 849 1427 877 utri
1450 850 1547 885 magis
1565 853 1702 888 peccent,
1726 852 1776 880 alii

946 895 1097 924 videbunt.
1110 896 1222 922 interea
1233 902 1299 930 ego,
1315 894 1421 930 quieo,
1433 895 1514 930 quod
1524 895 1682 931 amplexus
1695 905 1774 931 sum,

945 938 1035 966 studii
1045 946 1153 973 genere
1168 937 1317 974 ejusmodi
1326 939 1508 974 qnmstiones
1523 940 1641 968 eritieas
1661 941 1775 976 agitare

945 991 1045 1018 cogor,
1053 983 1143 1010 libere
1157 982 1280 1018 quidem
1291 991 1390 1011 meam
1402 984 1579 1012 sententiam
1591 993 1773 1021 proponam,

945 1027 997 1054 sed
1008 1027 1048 1055 ita
1064 1030 1173 1062 tamen,
1194 1029 1223 1054 ut
1239 1027 1357 1063 proprie
1373 1028 1590 1063 nonjudicem,
1605 1030 1655 1056 sed
1674 1030 1774 1057 erudi-

945 1071 1196 1106 torumjudicium
1207 1073 1379 1107 exspectem
1390 1072 1650 1107 adjudicandum.
1667 1075 1710 1102 Ita
1720 1074 1772 1109 igi-

946 1119 993 1145 tur
1005 1117 1155 1144 animatus
1171 1124 1234 1144 rem
1250 1116 1419 1152 aggredior.

1054 1162 1067 1194 §
1084 1163 1107 1189 t.
1123 1162 1166 1189 De
1181 1162 1313 1189 oratione
1323 1162 1454 1190 secunda
1466 1163 1497 1190 in
1503 1163 1666 1198 jejunium.

981 1207 1007 1233 4.
1022 1205 1107 1234 Nulla
1122 1208 1165 1237 est
1179 1205 1326 1233 dissensio
1350 1205 1426 1234 inter
1440 1207 1572 1235 eruditos
1587 1208 1624 1235 de
1639 1209 1774 1237 oratione

944 1250 1044 1287 prima
1053 1251 1246 1285 injejunium.
1261 1250 1377 1277 Etenim
1384 1253 1444 1278 tam
1455 1251 1577 1286 elegans
1587 1255 1641 1285 est,
1649 1255 1773 1290 tamque

946 1295 1052 1323 Basilio
1072 1295 1176 1330 digna,
1192 1296 1225 1322 ut
1247 1295 1273 1322 ei
1294 1302 1432 1322 omnium
1456 1295 1580 1324 calculis
1600 1297 1771 1326 tribuatur:

945 1340 998 1367 sed
1017 1340 1053 1367 de
1073 1339 1207 1367 oratione
1220 1339 1354 1367 secunda
1368 1347 1430 1367 non
1446 1348 1541 1368 unum
1564 1342 1702 1370 omnium
1727 1343 1773 1379 ju-

944 1384 1056 1412 dicium
1068 1386 1120 1412 est.
1132 1384 1191 1411 Viri
1205 1383 1371 1411 doctissimi
1384 1384 1586 1413 Tillemontius
1598 1388 1626 1414 et
1637 1387 1771 1423 Dupinus

944 1428 1191 1464 eamhabentpro
1202 1436 1272 1455 vero
1286 1428 1383 1455 Basilii
1391 1428 1451 1456 fetu
1461 1438 1466 1456 :
1478 1437 1495 1457 a
1504 1430 1615 1465 quibus
1629 1430 1770 1461 dissentit

944 1473 1145 1508 Erasmus,cuj
1152 1473 1284 1507 usverba
1291 1473 1356 1500 haec
1365 1476 1437 1501 sunt
1447 1474 1477 1501 in
1485 1475 1610 1510 epistola
1628 1476 1667 1503 ad
1682 1478 1771 1505 Joan-

942 1527 1012 1546 nem
1024 1518 1193 1546 ﬁliolerum.
1210 1519 1364 1546 Posterior
1384 1518 1508 1547 humilia
1520 1520 1594 1547 milii
1610 1529 1670 1548 non
1687 1522 1767 1549 vide-

942 1566 991 1591 tur
1008 1564 1123 1597 Basilii,
1141 1563 1192 1590 sed
1201 1563 1329 1590 studiosi
1341 1563 1510 1598 cujuspiam
1523 1572 1584 1592 sese
1594 1565 1634 1592 ad
1657 1566 1769 1600 prioris

942 1608 1162 1636 aemulationem
1173 1607 1347 1635 exercentis.
1368 1607 1511 1643 Equidem
1522 1617 1581 1636 non
1588 1611 1770 1644 pugnabo,si

940 1653 1005 1688 quis
1017 1652 1168 1679 diversum
1181 1652 1289 1679 sentiat
1305 1660 1310 1685 ;
1323 1651 1456 1680 arbitror
1471 1655 1570 1681 tamen
1584 1655 1728 1689 eruditos,
1743 1657 1769 1683 si

939 1697 1063 1732 propius
1075 1697 1263 1725 admoverant
1274 1697 1384 1732 oculos,
1396 1705 1468 1725 mea?
1475 1699 1630 1727 sententia
1639 1700 1768 1728 subscri‘

937 1745 1053 1776 plures.
1070 1741 1167 1769 Probo
1182 1748 1276 1775 genus
1285 1741 1560 1777 exercitationis,at
1574 1751 1674 1771 eorum
1681 1745 1767 1779 fucos

938 1794 998 1814 non
1005 1785 1165 1820 probo,qui
1172 1785 1264 1812 notha
1271 1793 1306 1812 ac
1315 1785 1530 1820 degenerantz’a
1536 1794 1719 1816 summorum
1727 1790 1767 1816 vi-

940 1839 1042 1858 rorum
1050 1830 1147 1857 titulis
1155 1829 1494 1864 obtrudunt_orbi.0uod
1502 1830 1703 1859 Tillemontius
1714 1832 1764 1866 ait,

938 1874 1033 1903 videri
1048 1875 1205 1902 Erasmum
1222 1873 1416 1909 posteriorem
1430 1874 1465 1901 de
1474 1875 1594 1909 jejunio
1610 1876 1765 1905 homiliam

937 1919 1042 1948 nonol)
1047 1919 1139 1947 aliam
1146 1918 1307 1953 causamin
1315 1918 1423 1954 spuriis
1430 1919 1675 1956 pusuisse,quam
1682 1922 1766 1957 quod

938 1965 968 1992 in
988 1964 1088 1992 multis
1104 1972 1173 1991 cum
1184 1963 1283 1999 prima
1296 1964 1473 1994 consentiat,
1491 1964 1571 1992 credi
1582 1968 1680 2001 potest
1694 1968 1766 1995 Era-

938 2009 1164 2046 smiepistolam
1174 2017 1236 2036 non
1244 2009 1442 2042 legis-seriam
1452 2017 1489 2036 ex
1496 2010 1561 2045 ejus
1570 2010 1668 2038 verbis
1676 2011 1764 2047 plane

938 2056 1055 2082 constat
1064 2062 1130 2082 eam
1145 2053 1314 2081 orationem
1335 2061 1370 2081 co
1385 2054 1509 2082 nomine
1520 2054 1577 2082 sibi
1593 2058 1764 2091 suspectam

938 2099 1032 2127 visam
1048 2097 1238 2134 fuisse,quod
1249 2106 1267 2125 a
1276 2097 1384 2133 prioris
1394 2097 1540 2132 elegantia
1552 2101 1642 2135 atque
1655 2101 1765 2129 festivi-

937 2145 997 2172 tate
1011 2143 1172 2178 degeneret
1188 2151 1193 2167 :
1210 2141 1240 2169 in
1252 2150 1313 2177 quo
1329 2150 1410 2175 eum,
1428 2144 1459 2170 ut
1472 2150 1575 2170 verum
1587 2143 1690 2178 fatear,
1702 2153 1764 2173 non

937 2188 1063 2216 omnino
1074 2196 1091 2215 a
1106 2195 1175 2215 vero
1191 2187 1296 2214 abesse
1312 2189 1395 2222 puto.
1413 2187 1500 2219 Quod
1513 2188 1595 2216 addit
1608 2189 1763 2218 Tillemon—

938 2233 1007 2268 tius,
1022 2232 1217 2269 posteriorem
1229 2232 1307 2259 hanc
1319 2231 1497 2259 concionem
1513 2232 1598 2260 citari
1613 2241 1631 2261 a
1648 2235 1764 2263 Joanne

937 2278 1123 2305 Damasceno
1134 2279 1162 2304 et
1170 2276 1209 2304 ab
1219 2276 1387 2312 Euthymio,
1395 2275 1425 2303 id
1434 2279 1547 2304 nonest
1555 2277 1623 2312 tale,
1633 2278 1765 2314 utipsius

939 2322 1117 2350 sententiam
1127 2320 1254 2348 multum
1265 2320 1431 2355 conﬁrmet,
1441 2329 1509 2348 cum
1522 2321 1765 2351 adulterinascri—

938 2369 990 2403 pta
996 2373 1178 2401 magnorum
1185 2364 1317 2392 virorum
1325 2365 1446 2392 nomine
1457 2365 1495 2393 ab
1503 2366 1632 2401 antiquis
1641 2367 1766 2403 scripto-

937 2411 1020 2439 ribus
1037 2418 1097 2438 non
1111 2418 1179 2437 raro
1191 2409 1273 2436 citari
1283 2409 1447 2436 videamus.
1458 2411 1517 2444 ligo
1530 2418 1599 2438 cum
1608 2411 1666 2438 hoc
1675 2411 1766 2440 breve

939 2455 1120 2491 opusculum
1128 2453 1267 2488 legerem,
1279 2454 1478 2482 animadverti
1486 2454 1543 2482 alia
1552 2463 1586 2482 ex
1596 2455 1765 2490 primaora-

939 2500 1018 2527 tione
1031 2500 1152 2534 sumpta
1163 2506 1239 2533 esse,
1256 2498 1315 2526 alia.
1330 2507 1366 2526 ex
1377 2499 1484 2526 eadem
1504 2499 1618 2527 imitata
1635 2509 1641 2533 ;
1665 2502 1766 2535 postc-

939 2544 1046 2571 riorem
1076 2542 1231 2570 homiliam
1251 2551 1315 2578 npn
1335 2543 1537 2577 inclegantem
1552 2544 1678 2580 quidem
1690 2552 1766 2579 esse,

939 2587 993 2615 sed
1004 2588 1134 2622 primam
1148 2585 1401 2621 elegantissimum
1414 2595 1419 2613 :
1431 2587 1538 2614 miram
1547 2587 1714 2623 quamdam
1724 2588 1767 2616 di-

939 2631 1026 2659 cendi
1042 2631 1162 2666 copiam
1178 2630 1208 2658 in
1224 2631 1322 2666 prima
1342 2631 1476 2658 oratione
1492 2631 1626 2667 reperiri,
1643 2641 1711 2668 qum
1737 2633 1768 2660 in

940 2675 1074 2704 secunda
1090 2675 1185 2703 multo
1197 2674 1296 2703 minor
1311 2678 1367 2711 est,
1384 2678 1412 2703 ct
1428 2676 1589 2710 ejusmodi,
1604 2679 1635 2704 ut
1661 2677 1686 2704 si
1706 2685 1768 2712 qua

73 2777 117 2814 (a)
136 2774 227 2805 Cf.D.
245 2773 332 2802 Prud.
350 2774 489 2801 Maranns
504 2774 534 2801 in
559 2774 625 2803 Vita
638 2775 670 2804 S.
683 2775 806 2809 Basilii,
817 2783 905 2812 capp.
916 2777 959 2812 41,
977 2776 1021 2811 42,
1038 2777 1066 2804 et
1081 2776 1211 2804 43.Emr.
1228 2777 1312 2804 tum.

295 2824 417 2852 PATROL.
431 2825 470 2852 Gn
484 2824 575 2851 XXXI.

759 3012 826 3046 δερ
895 3000 1233 3061 '906206614
