2020 3140
255 127 265 152 l
275 126 283 152 l
1007 125 1065 153 PRA

1122 124 1204 154 ιΤῐΟ.
1930 136 1961 162 η

251 195 326 224 ratio
340 196 419 224 hanc
432 195 587 224 homiliam
599 197 770 232 suspectam
787 195 912 224 reddere
927 195 1031 231 possit,
1042 203 1078 223 ea
1091 187 1115 214 Α
1131 187 1182 215 nio
1197 192 1316 218 corruat
1329 197 1452 220 necesse
1464 194 1518 221 est.
1536 193 1623 226 Quod
1639 195 1739 222 autem
1756 183 1961 224 orationisau-

250 240 393 276 maxime,
409 248 477 269 meo
488 240 610 276 quidem
622 240 746 276 judicio,
762 240 831 268 inde
846 240 939 276 repeti
950 239 1071 268 debeat.

251 286 318 312 Haec
325 286 423 313 autem
429 285 503 313 dum
508 284 590 321 apud
597 293 644 313 me
653 287 836 321 reputarem,
848 293 883 313 eo
892 284 1076 313 inelinabam

250 331 282 357 nt
300 330 379 358 hanc
401 329 567 357 orationem
584 329 660 357 inter
680 329 781 366 spuria
796 337 983 357 recenserem
999 338 1005 356 :
1024 329 1076 356 sed

251 382 321 402 cum
335 383 439 402 rursus
461 374 625 409 cogitarem
642 376 795 402 auctorem
812 373 1020 402 commentarii
1043 374 1075 401 in

251 419 361 447 Isaiam
375 419 424 454 (a),
436 418 488 454 qui
498 419 526 445 et
540 418 604 454 ipse
615 419 722 454 quarto
735 418 845 446 saeculo
856 417 1076 451 vivebat,exea-

250 462 318 490 dem
329 463 379 491 illa
389 462 531 490 concione
547 470 608 490 non
623 462 697 490 nihil
705 463 898 499 excerpsisse,
910 462 1072 490 haerebam.

249 507 330 543 Opus
346 507 426 535 enim
438 509 501 534 tam
515 507 681 543 Autiquum
694 515 756 535 non
771 506 857 534 facile
872 506 954 542 rejici
965 505 1074 534 debere

247 552 424 585 arbitrabar;
436 551 654 587 eoquetminus,
667 551 750 587 quod
757 551 854 588 primo
867 553 991 587 aspectu
1000 550 1074 578 mihi

246 596 323 624 levia
337 596 588 628 esseviderentur,
604 604 672 632 quae
679 604 817 624 morosus
831 596 924 624 homo
934 597 1073 623 Erasmus

248 641 407 676 objecerat.
422 641 588 676 Postquam
601 643 702 668 tamen
718 649 782 668 rem
798 640 890 677 paulo
900 635 1073 675 diligentius

247 685 445 720 consideravi,
456 685 593 721 duasque
600 685 656 713 has
669 686 712 713 De
715 686 832 720 jejunio
840 685 990 713 orationes
997 685 1073 712 inter

245 738 277 758 se
288 730 410 763 contuli,
426 730 510 757 facile
525 729 674 758 adductus
691 732 808 765 sum,ut
822 730 1021 766 posteriorem
1041 729 1072 757 in

246 774 418 803 adulterinis
433 782 586 810 ponerem.
604 776 688 809 Nam,
702 777 730 802 et
740 774 811 808 dixi,
822 774 968 811 posterior
974 774 1072 810 priore

246 822 274 848 et
285 819 432 855 elegantia
450 821 477 847 et
492 819 579 856 copia
599 819 694 847 multo
714 819 836 847 inferior
852 821 906 847 est.
926 821 1021 855 Atque
1040 819 1071 847 in

1131 234 1345 270 ctor,quisquis
1353 236 1466 270 est,hoc
1486 237 1556 273 ipso
1570 237 1678 266 inloco
1696 239 1894 268 concionatus
1913 241 1960 274 sit,

1131 277 1184 304 ubi
1198 277 1328 314 inclytus
1342 283 1458 317 martyr
1479 282 1617 310 Barlaam
1633 283 1908 319 sepultusjacebat,
1931 284 1962 312 id

1130 322 1234 356 negari
1242 331 1304 351 non
1315 328 1423 360 potest,
1438 325 1495 353 nisi
1509 326 1547 354 ab
1562 335 1612 359 eo,
1627 327 1680 363 qui
1694 327 1776 356 hanc
1791 329 1962 357 orationem

1130 374 1289 403 nunquam
1302 369 1415 404 legerit.
1433 372 1475 398 Ita
1490 371 1571 399 enim
1582 371 1612 399 in
1627 380 1663 400 ea
1678 372 1823 408 scriptum
1843 373 1963 401 inveni-

1130 418 1198 438 mus
1214 419 1276 440 non
1294 413 1382 449 longe
1399 414 1438 442 ab
1454 414 1537 443 initio
1563 417 1644 451 (pag.
1668 417 1727 451 139)
1745 426 1750 444 :
1768 419 1898 454 Λαμπρόυ
1914 420 1962 443 καὶ

1129 456 1190 492 παρ’
1213 457 1275 493 ἡμῖν
1297 456 1349 487 ἤδη
1375 461 1418 484 τὸν
1442 459 1577 495 ὰρῤαϐνῦνα
1593 461 1762 497 καρποῦνται,
1784 466 1855 493 ταῑςς
1887 463 1962 499 παρὰ

1129 502 1230 527 πάντων
1259 502 1351 534 ἐνθὲοις
1385 505 1522 540 εὐφημίαις
1549 507 1724 542 κροτοὺμένοι,
1764 509 1809 532 καὶ
1849 510 1961 544 μυρίους

1130 545 1157 571 ἐκ
1184 547 1269 582 τάφων
1291 550 1473 583 Ganymede-11:;
1501 548 1611 585 ὃὴμονς.
1637 553 1720 576 Τοῦτο
1733 548 1766 579 δὴ
1793 553 1822 576 τό
1842 555 1879 586 τῷ
1903 561 1960 587 γεν-

1128 592 1192 626 ναίῳ
1227 593 1338 628 τὴμερον
1371 593 1493 630 summa
1528 596 1716 631 πεπραγμὲνόνθ
1747 599 1837 631 ἤχησε
1864 597 1914 633 γὰρ
1940 599 1957 625 ὴ

1127 635 1252 672 πολεμικὴ
1278 637 1323 663 τοῦ
1349 639 1479 675 μάρτυρος
1511 638 1634 675 σάλπιγξ,
1659 642 1703 665 καὶ
1731 642 1793 671 τούς
1819 645 1868 672 τῆς
1884 641 1959 668 εὐσε-

1128 680 1197 711 ϐείας
1223 681 1338 715 ὁπλίτας,
1365 683 1399 714 ὡς
1424 683 1510 720 ὁρᾶτε,
1527 687 1680 720 συνὴγαγεν.
1704 685 1903 720 Splendidam
1930 688 1961 714 ει

1126 725 1210 759 apud
1223 734 1273 754 nos
1282 727 1482 756 an-haboncm
1485 729 1552 763 jam
1560 729 1779 766 obtinent,cum
1792 731 1873 759 inter
1883 731 1961 759 diui-

1125 778 1181 798 nas
1196 772 1424 801 acclamationes
1435 774 1685 808 omniumplausu
1693 775 1896 810 celebrentur,
1905 784 1958 812 po-

1125 816 1285 852 pulumque
1294 817 1566 853 frequentissimum
1578 827 1593 847 e
1602 820 1748 854 sepulcris
1761 824 1956 856 congregem.

242 865 299 893 hac
314 873 382 893 mea
395 864 542 892 sententia
555 864 752 892 conﬁrmatus
769 873 848 900 sum,
864 872 935 892 cum
948 864 1072 892 memini
1086 863 1107 890 B
1125 861 1290 895 Hocipsum
1308 864 1417 890 sanein
1430 863 1506 898 forti
1515 871 1551 892 ac
1564 867 1686 892 strenuo
1696 865 1847 893 Barlaam
1866 865 1957 894 hodie

243 911 376 939 multain
383 909 516 938 secunda
524 909 726 946 legi,quorum
734 909 792 938 alia
799 918 834 937 ex
841 910 941 946 prima
949 912 1072 946 sumpta

244 958 354 989 essent,
361 955 419 983 alia
426 962 461 983 ex
473 955 580 982 eadem
592 962 745 990 expressa:
753 955 837 990 quod
846 963 956 991 parum
965 954 1070 983 decere

242 1000 410 1028 existimavi
417 999 660 1036 copiosissimum
669 999 767 1027 virum
775 999 927 1033 Basilium,
938 1000 1069 1033 cui,cum

241 1045 321 1073 idem
328 1046 541 1079 argumentum
551 1044 597 1072 bis
605 1044 680 1071 inter
689 1043 934 1072 coneionandum
943 1045 1069 1070 tractare

242 1089 340 1124 vellet,
365 1096 420 1116 nec
439 1095 487 1116 res
510 1096 566 1116 nec
580 1088 672 1116 verba
686 1096 824 1124 unquam
839 1087 971 1115 defuere.
988 1088 1021 1114 Et
1030 1094 1068 1114 ne

241 1132 663 1170 quispiamidtemeredictum
681 1132 772 1160 fuisse
786 1132 964 1168 suspicetur,
980 1131 1067 1159 velim

239 1177 322 1213 legat
331 1177 620 1214 pulcherrimasillas
630 1178 672 1205 De
684 1178 856 1212 gratiarum
868 1177 986 1205 actione
998 1184 1066 1204 con-

241 1224 341 1251 ciones
356 1225 440 1257 (tom.
456 1224 476 1258 I,
493 1230 523 1258 p.
537 1223 572 1249 24.
585 1224 613 1250 et
624 1222 691 1257 33‘),
708 1230 838 1258 quarum
854 1222 884 1250 iu
901 1221 1067 1258 posteriore

240 1268 315 1297 nihil
328 1268 469 1304 repetitur
479 1275 583 1295 eorum
603 1275 671 1303 qum
687 1266 718 1294 in
732 1267 830 1302 priore
844 1265 924 1294 dicta
938 1265 1064 1293 fuerant.

277 1315 290 1347 §
306 1315 340 1341 ΙΙ.
356 1314 399 1341 De
409 1312 544 1340 oratione
556 1312 681 1346 septima
698 1311 814 1339 decima
831 1311 861 1338 in
882 1311 1029 1339 Barlaam

564 1359 740 1391 martyrem.

277 1406 301 1431 5.
311 1405 375 1431 Haec
387 1402 491 1436 oratio,
501 1402 531 1430 in
544 1410 605 1438 qua
611 1401 797 1438 praeconium
808 1401 947 1429 Barlaam
955 1401 1065 1436 marty-

239 1448 463 1482 riscontinetur,
476 1447 574 1475 brevis
588 1446 712 1482 quidem
727 1447 780 1478 est,
793 1445 845 1473 sed
860 1445 900 1473 ita
909 1445 1029 1479 elegans
1038 1446 1066 1472 et

240 1495 356 1527 ornata,
365 1493 426 1528 utej
434 1500 466 1519 us
473 1493 586 1526 auctor,
599 1491 773 1527 quicunque
783 1490 831 1517 ille
846 1490 910 1523 fuit,
923 1492 1066 1525 praestan-

239 1539 388 1566 tissimum
410 1537 510 1565 locum
533 1537 610 1564 inter
629 1538 763 1563 oratores
786 1535 892 1563 mereri
916 1534 1066 1562 videatur.

241 1581 498 1611 lidemautemilli,
516 1588 593 1617 quos
610 1581 697 1607 antea
712 1579 878 1611 nominavi,
900 1578 1066 1606 doctissimi

238 1627 295 1654 viri
309 1626 511 1654 Tillemontius
522 1627 549 1653 et
559 1624 692 1661 Dupinus
707 1624 744 1652 de
756 1623 975 1652 eadissentiunt
990 1623 1066 1650 inter

239 1680 281 1700 se.
294 1671 496 1700 Tillemontius
510 1670 610 1706 ipsam
626 1669 728 1697 tribuit
743 1668 851 1697 Basilio
871 1670 977 1703 Magno
1000 1668 1039 1703 (ὁ)
1056 1677 1062 1700 ;

238 1716 373 1753 Dupinus
384 1716 611 1751 Chrysostomo,
626 1714 678 1741 sed
694 1714 735 1741 ita
751 1715 862 1746 tamen,
880 1715 912 1740 ut
927 1713 999 1741 satis
1011 1713 1064 1741 ha-

236 1761 334 1789 buerit
357 1760 479 1793 dixisse,
501 1760 579 1787 hanc
601 1759 767 1786 orationem
794 1758 833 1786 ad
856 1757 1063 1793 Chrysostomi

235 1806 371 1842 phrasim
384 1805 482 1840 magis
498 1804 681 1837 accederc,et
689 1802 877 1830 verisimilius
888 1802 982 1830 videri
994 1810 1062 1830 eam

234 1851 371 1879 habitam
387 1850 476 1877 fuisse
492 1849 578 1876 Antio
587 1848 666 1875 :hiae.
683 1847 833 1883 Suspicari
844 1847 969 1874 fortasse
980 1849 1062 1883 pote-

235 1895 272 1923 rit
286 1895 404 1931 aliquis,
418 1902 482 1921 rem
493 1893 579 1929 parvi
593 1892 739 1920 momenti
754 1900 828 1922 esse,
852 1899 906 1919 nec
931 1892 1061 1919 multum

234 1940 343 1968 referre
359 1939 416 1966 utri
429 1938 604 1969 ascribatur,
621 1945 692 1964 cum
706 1939 831 1972 uterque
849 1935 1060 1970 etﬁdedignns

235 1985 282 2020 sit,
289 1986 317 2012 et
327 1984 433 2012 eadem
452 1982 626 2010 auctoritate
633 1981 714 2017 apud
722 1981 854 2008 eruditos
866 1980 994 2016 polleat;
1008 1980 1058 2008 sed

233 2029 344 2057 nonita
355 2029 408 2056 est.
428 2027 498 2055 Inde
513 2027 594 2054 enim
610 2025 734 2054 omnino
752 2025 863 2061 pendet
876 2025 1001 2061 quaestio
1017 2025 1060 2052 hi-

234 2073 353 2105 storica,
377 2080 445 2109 quas
469 2072 553 2100 aliter
577 2071 651 2099 solvi
674 2078 735 2098 non
753 2072 859 2106 potest,
871 2070 928 2097 nisi
943 2071 1061 2098 constet

233 2118 290 2146 utri
305 2117 415 2146 ascribi
425 2116 534 2144 debeat
548 2116 612 2143 haec
627 2115 731 2143 oratio.
741 2114 854 2142 Etenim
871 2114 895 2141 si
915 2114 1006 2142 semel
1022 2115 1061 2143 Ba

233 2163 299 2190 silio
309 2162 466 2195 tribuatur,
484 2168 670 2196 consequens
685 2159 749 2192 erit,
764 2161 796 2187 ut
816 2159 920 2187 merito
944 2159 1061 2187 dicatur

1122 907 1242 942 factum
1252 909 1302 934 est:
1311 907 1533 936 insonuitenim
1550 909 1659 937 bellica
1669 910 1818 945 martyris
1834 911 1956 943 tuba,et

1120 952 1244 986 pietatis
1259 952 1377 985 milites,
1390 955 1429 981 ut
1440 954 1754 987 eemilis,convocavil
1772 964 1778 983 :
1795 963 1871 992 quas
1888 963 1957 983 ver-

1122 995 1164 1024 ba
1177 996 1219 1024 ita
1228 999 1328 1032 aperte
1342 997 1505 1026 ostendunt
1515 998 1593 1026 hanc
1608 998 1776 1027 orationem
1790 999 1823 1027 in
1839 1008 1875 1028 eo
1883 1000 1955 1029 loco

1123 1040 1258 1069 habitam
1267 1041 1356 1069 fuisse
1369 1041 1420 1070 ubi
1429 1050 1538 1078 corpus
1546 1043 1863 1080 beatissimimartyris
1879 1046 1954 1073 Bar-

1121 1084 1204 1112 laam
1215 1085 1373 1114 humatum
1389 1089 1461 1121 erat,
1478 1089 1511 1115 ut
1524 1087 1555 1115 id
1569 1095 1631 1116 non
1645 1090 1750 1124 putem
1765 1088 1948 1125 probatione

1120 1128 1255 1164 indigere
1263 1132 1315 1158 aut
1329 1131 1523 1166 expositione.

1157 1193 1183 1220 6.
1196 1192 1364 1228 Cumigitur
1374 1193 1578 1221 Tillemontius
1593 1194 1707 1230 optime
1723 1194 1845 1223 videret.
1862 1195 1886 1223 si
1898 1196 1955 1224 Ba-

1121 1235 1186 1264 silio
1202 1236 1266 1265 haec
1281 1237 1376 1266 oratio
1390 1245 1452 1266 non
1471 1238 1751 1272 tribueretur,suam
1776 1240 1954 1275 opinionem

1119 1282 1290 1310 necessario
1302 1282 1457 1316 ruituram,
1473 1283 1547 1311 nihil
1568 1283 1670 1311 omisit
1697 1291 1813 1318 eorum,
1837 1285 1953 1321 quibus

1119 1326 1244 1362 probari
1256 1329 1359 1363 posset
1374 1335 1441 1356 eam
1457 1328 1521 1363 ejus
1530 1335 1606 1356 esse.
1624 1329 1656 1356 Et
1675 1328 1808 1364 primum
1824 1330 1952 1365 quidem

1121 1370 1283 1399 afﬁrmanti
1291 1372 1418 1408 Dupino,
1426 1372 1595 1408 scriptionis
1607 1381 1702 1407 genus
1710 1374 1807 1409 magis
1812 1374 1953 1410 phrasim

1121 1415 1328 1452 Chrys05tomi
1343 1416 1432 1451 olere,
1449 1425 1542 1453 quam
1561 1417 1668 1452 Basilii,
1680 1418 1720 1446 ita
1733 1418 1906 1454 respondet,
1916 1421 1952 1447 ut

1121 1462 1222 1496 aperte
1233 1461 1379 1496 signiﬁcet
1389 1469 1419 1490 se
1435 1461 1519 1489 aliter
1534 1462 1642 1489 sentire
1658 1471 1667 1489 :
1683 1461 1792 1490 deinde
1806 1463 1892 1491 addit
1903 1464 1951 1492 vir

1121 1505 1321 1540 doctissimus,
1329 1514 1390 1534 non
1399 1506 1520 1534 solitum
1528 1506 1781 1542 Chrysostomum
1789 1507 1835 1536 bis
1842 1508 1879 1536 de
1887 1517 1948 1536 uno

1086 1541 1106 1569 ο
1122 1551 1150 1578 et
1165 1550 1272 1578 eodem
1283 1552 1369 1578 santo
1383 1559 1555 1579 sermonem
1570 1541 1694 1580 habere.
1710 1553 1743 1580 Et
1763 1552 1846 1588 quod
1869 1561 1946 1581 non-

1121 1594 1219 1623 nullos
1230 1595 1327 1629 magis
1335 1597 1567 1632 moverepotest,
1579 1595 1693 1624 aiteam
1705 1596 1871 1626 orationem
1883 1597 1948 1633 jam

1120 1639 1237 1675 pridem
1251 1639 1415 1675 ascriptam
1423 1639 1516 1667 fuisse
1529 1639 1648 1674 Basilio,
1662 1648 1731 1669 cum
1743 1641 1808 1676 ejus
1825 1643 1948 1670 nomine

1119 1684 1223 1712 citetur
1233 1684 1263 1712 in
1278 1683 1404 1712 concilio
1419 1684 1557 1720 septimo,
1583 1684 1742 1721 eidemque
1754 1685 1905 1714 tribuatur
1917 1689 1946 1715 et

1118 1737 1137 1757 a
1154 1730 1268 1757 Joanne
1282 1730 1477 1762 Damasceno,
1495 1731 1548 1757 eta
1563 1729 1767 1766 Metaphraste.
1782 1730 1868 1763 Quod
1882 1738 1947 1767 per-

1117 1773 1191 1801 tinet
1211 1773 1335 1810 quidem
1350 1773 1390 1801 ad
1409 1773 1636 1802 similitudinem
1657 1774 1736 1810 styli,
1755 1776 1807 1803 aut
1836 1775 1948 1803 discre-

1116 1819 1263 1854 pantiam,
1278 1820 1500 1854 argumentum,
1517 1818 1601 1855 quod
1613 1818 1683 1846 inde
1695 1819 1816 1855 petitur,
1824 1819 1948 1848 validis-

1117 1863 1227 1891 simum
1238 1871 1313 1897 esse,
1323 1871 1425 1897 nemo,
1440 1863 1560 1899 opinor,
1571 1863 1759 1892 inticiabitur
1773 1872 1779 1891 :
1792 1864 1847 1892 sed
1862 1865 1949 1901 quod

1117 1907 1218 1936 attinet
1236 1907 1275 1935 ad
1289 1907 1478 1936 autoritatem
1505 1907 1629 1936 Joannis
1644 1908 1824 1937 Damasceni
1836 1911 1865 1937 et
1889 1910 1944 1938 Me-

1116 1952 1290 1988 taphrastis,
1307 1952 1482 1981 autconcilii
1497 1952 1629 1989 septimi,
1645 1953 1771 1989 quilibet
1782 1953 1874 1990 paulo
1889 1954 1945 1984 hu-

1116 1997 1236 2025 manior
1259 1997 1344 2026 novit
1369 1997 1520 2033 ejusmodi
1532 1998 1704 2027 testimonia
1713 1998 1785 2027 talia
1797 2006 1946 2034 nonesse,

1118 2044 1150 2070 ut
1160 2051 1196 2070 ex
1208 2042 1243 2070 iis
1259 2041 1372 2079 aliquid
1386 2044 1467 2070 certo
1482 2042 1625 2072 concludi
1639 2043 1744 2079 possit.
1762 2045 1821 2072 Nec
1835 2044 1947 2080 magis,

1115 2090 1149 2115 ut
1162 2087 1237 2116 mihi
1255 2087 1379 2124 quidem
1402 2087 1529 2123 videtur,
1557 2088 1638 2116 valet
1661 2087 1694 2117 id
1719 2091 1946 2124 argumentum,

1116 2132 1244 2169 quodex
1266 2132 1487 2161 consuetudine
1498 2132 1706 2169 Chrysostomi
1722 2134 1784 2169 peti
1799 2133 1946 2170 diximus,

1116 2185 1186 2205 cum
1196 2185 1286 2206 casus
1300 2177 1386 2205 multi
1397 2185 1477 2213 saepe
1492 2177 1630 2205 mutandi
1641 2177 1734 2207 moris
1748 2178 1948 2209 occasionem.

231 2206 486 2258 φει¹“¹Χι““τιΓ¹ίιαΡλ
493 2204 1060 2258 ωονίουξῗξὼξίξῗεῗΫίῗῗθξῗδῗεαβιῗεάο·
1076 2217 1098 2244 D
1115 2204 1283 2258 satis.
1299 2204 1422 2256 Ergorin
1437 2204 1472 2249 ἑά
1489 2204 1580 2249 arma
1592 2204 1953 2258 signatam};

231 2252 293 2287 cia},
307 2253 334 2279 et
345 2250 524 2279 eodemloco
534 2249 667 2285 sepultus
680 2248 780 2275 fuisse:
795 2248 820 2275 si
845 2248 1062 2284 Chrysostomo

229 2296 383 2324 fatendum
391 2294 454 2328 erit,
462 2296 598 2322 sanctum
607 2295 770 2327 martyrem
779 2292 943 2320 Antiochiae
957 2295 1061 2330 etpas-

229 2349 295 2368 sum
303 2340 441 2374 luisse,et
454 2339 614 2376 sepultum.
630 2339 662 2365 Et
672 2339 753 2370 vero,
763 2337 815 2374 qui
832 2337 1058 2367 Tillemontium

227 2384 330 2420 secuti,
344 2384 448 2411 dicunt
462 2383 585 2411 beatum
601 2384 766 2417 martyrem
780 2381 915 2409 Barlaam
925 2385 1057 2411 (Iesareze

226 2429 423 2465 Cappadociae
431 2430 458 2456 et
465 2430 618 2455 mortuum
626 2428 653 2454 ct
664 2425 846 2454 tumulatum
859 2426 962 2460 fuisse,
976 2427 1059 2456 nullo

224 2473 282 2501 alio
298 2474 477 2508 argumento
488 2471 634 2503 nituntur,
649 2478 741 2505 quam
756 2470 840 2505 quod
856 2470 992 2505 Basilius,
1004 2472 1056 2507 qui

223 2519 365 2546 Cmsareze
376 2517 570 2545 concionatus
579 2515 670 2543 fuisse
681 2515 1056 2549 ereditur,orationemrhoc

219 2561 287 2598 ipso
302 2562 332 2590 in
346 2562 413 2590 loco
429 2561 578 2594 habuerit,
595 2559 645 2587 ubi
655 2559 809 2587 fortissimi
823 2559 942 2588 athletae
956 2563 1055 2589 tumu-

218 2607 266 2634 lus
280 2607 546 2639 visebatur-.Quare
560 2605 583 2633 si
600 2604 698 2632 Basilii
714 2612 776 2632 non
784 2605 830 2640 sit,
845 2604 982 2640 ipsorum
989 2607 1052 2642 opi-

250 2678 292 2712 (α)
309 2679 382 2709 bene
395 2677 478 2705 Praef.
495 2679 555 2705 tom
572 2678 592 2710 l,
604 2685 636 2704 n.
657 2678 690 2704 62
706 2678 734 2704 et
748 2677 792 2704 64.
805 2691 841 2697 -—-
870 2677 912 2705 Cf.
929 2677 961 2706 D.
974 2679 1033 2708 Ma-

214 2722 281 2745 ran,
293 2714 324 2741 in
339 2714 405 2742 Vz'la
422 2715 449 2742 S.
470 2713 589 2744 Basilii,
604 2720 673 2748 cup.
690 2714 734 2740 42.
754 2712 838 2741 Ευιτ.

1114 2268 1264 2302 quantum
1279 2266 1311 2293 in
1325 2265 1477 2301 ejusmodi
1492 2265 1582 2294 rebus
1592 2265 1658 2294 ﬁeri
1680 2268 1790 2302 potest,
1811 2275 1831 2296 a
1852 2267 1945 2297 nobis

1115 2313 1314 2346 cognoscatur
1320 2310 1414 2338 utrius
1422 2310 1561 2346 phrasim
1567 2313 1595 2339 et
1613 2318 1730 2340 morem
1738 2311 1836 2347 magis
1844 2312 1947 2348 sapiat

1113 2356 1177 2384 hinc
1188 2356 1293 2391 Oratio,
1311 2355 1446 2383 Basiliine
1464 2363 1503 2383 an
1519 2355 1745 2391 Chrysostomi:
1761 2356 1846 2393 quod
1859 2364 1944 2386 nunc

1113 2401 1201 2430 nobis
1212 2399 1449 2429 examinandum
1466 2400 1674 2436 proponimus.

1147 2466 1174 2490 7.
1192 2464 1259 2491 lisse
1273 2462 1370 2490 oratio
1378 2470 1448 2490 cum
1459 2461 1638 2490 brevissima
1653 2462 1698 2498 sit,
1721 2462 1824 2499 aliqua
1837 2462 1944 2492 simili-

1111 2508 1223 2537 tudinis
1233 2510 1284 2536 aut
1297 2506 1508 2543 discrepantiae
1523 2507 1591 2543 styli
1606 2507 1731 2543 vestigia
1746 2508 1777 2535 in
1795 2515 1831 2536 ea
1857 2508 1943 2537 inve-

1108 2554 1174 2582 nire
1188 2553 1397 2581 difﬁcillimum
1413 2554 1465 2580 est:
1484 2552 1620 2588 experiar
1633 2554 1745 2584 tamen,
1753 2553 1779 2581 si
1789 2561 1851 2589 qua
1862 2553 1939 2582 indi-

1109 2607 1176 2628 care
1189 2598 1315 2635 possim.
1333 2597 1460 2633 Reperio
1483 2599 1584 2626 autem
1597 2597 1645 2625 vel
1659 2597 1726 2633 ipso
1748 2597 1843 2632 initio,
1867 2606 1939 2635 que

1127 2682 1165 2718 (ὁ)
1177 2680 1291 2709 Tillem.
1308 2679 1326 2707 ι.
1342 2679 1385 2712 1x,
1397 2686 1428 2714 p.
1446 2680 1517 2712 685;
1533 2679 1609 2714 Dup.
1625 2680 1644 2706 t.
1661 2680 1695 2713 Π,
1707 2686 1737 2715 p.
1755 2679 1817 2709 544.

249 2759 258 2768 ·
273 2758 403 2797 Paginas
422 2757 551 2797 intellige
566 2757 703 2797 editionis
721 2757 1069 2797 (tarneriantequarum
1086 2761 1195 2790 seriem
1207 2760 1287 2797 typis
1301 2758 1503 2797 crassioribus
1512 2759 1726 2796 expressimus.
1739 2760 1824 2789 Tom.
1854 2762 1864 2787 l
1883 2760 1932 2789 ed.

212 2793 325 2824 Bened.’
338 2804 371 2819 =
386 2796 496 2822 nostrae
510 2796 527 2821 t.
543 2795 551 2821 1
568 2795 595 2821 et
613 2793 633 2820 lt
651 2802 658 2827 ;
676 2795 696 2820 ll
713 2805 744 2816 =
756 2795 866 2821 uestra:
882 2795 902 2821 t.
917 2793 972 2828 Ill;
987 2807 1018 2819 =
1037 2797 1073 2824 III
1089 2799 1202 2826 nostra;
1218 2793 1288 2825 ξῘιγ
1302 2796 1377 2822 Ευιτ.
1391 2795 1479 2828 Pun,
