2020 3140
71 137 101 164 13

66 198 163 226 multo
178 198 278 234 magis
293 199 323 227 in
337 199 584 236 Chrysostomum
598 199 788 230 conveniant,
804 205 898 234 quam

65 242 96 269 in
118 242 276 270 Basilium.
302 244 377 271 Cum
395 244 475 272 enim
497 244 564 279 lego
583 244 656 272 illa:
677 243 773 269 Οὐκέτι
797 243 898 279 θρήνοις

64 288 127 317 τοὺς
157 291 208 312 τῶν
233 288 317 323 ἁγίων
342 286 535 325 δορυφοροῦμεν
558 289 694 319 θανάτους,
719 287 776 313 ἀλλ’
802 286 898 317 ἐνθέοις

65 333 188 367 χορείαις
212 335 268 362 τοῖς
295 331 396 358 ἐκείνων
421 332 606 370 ἐπορχούμεθα
630 334 754 369 τάφοις...
780 331 899 367 λαμπρὸν

63 379 109 402 καὶ
139 377 204 411 παρ’
233 378 298 413 ἡμῖν
328 375 381 406 ἤδη
406 380 449 403 τὸν
479 377 615 415 ἀρραϐῶνα
642 381 813 414 καρποῦνται,
841 379 898 407 ταῖς

63 422 137 457 παρὰ
173 423 280 447 πάντων
323 421 417 453 ἐνθέοις
455 423 593 459 εὐφημίαις
631 424 808 460 κροτούμενοι,
852 423 897 447 καὶ

64 467 181 502 μυρίους
211 467 240 492 ἐν.
268 467 356 502 τάφων
385 469 569 503 σαγηνεύοντες
597 466 709 504 δήμους.
744 467 812 495 Νοη
838 473 900 494 am-

61 511 150 545 plius
158 514 331 539 sanctorum
340 515 464 540 mortem
476 512 838 548 la/nentislprosequimur,
849 511 901 539 sed

66 555 214 590 tripudiis
230 556 342 584 divinis
362 557 608 592 circum'_illorum
622 558 761 592 sepulcra
777 556 900 585 choreas

66 600 240 628 ducimus...
249 601 440 636 splendidum
450 605 476 630 et
485 602 568 637 apud
572 610 626 630 nos
632 602 901 636 arrhabonemjam

67 644 220 679 obtinent;
235 653 303 674 cum
312 647 391 674 inter
399 646 517 674 divinas
527 647 758 675 acclamationes
769 647 900 674 omnium

63 692 179 726 plausu
187 690 389 723 celebrentur,
396 691 598 726 populumque
603 691 878 726 frequentissimum
886 698 902 718 e

66 735 215 770 sepulcris
227 738 417 770 congregem,
430 735 533 763 audire
543 735 646 764 videor
654 736 901 772 Chrysostomum

67 781 119 817 qui
133 781 165 808 in
181 780 217 808 iis
235 779 433 813 orationibus,
449 788 526 816 quas
542 780 579 808 de
595 780 704 809 sanctis
718 780 901 816 martyribus

65 825 185 857 habuit,
200 824 318 860 passim
331 824 368 852 de
387 832 493 852 eorum
508 825 652 861 sepulcris
671 825 812 861 loquitur.
834 824 902 860 Ejus

65 871 107 898 rei
116 869 324 906 frequentiora
331 871 402 897 sunt
409 869 547 906 exempla
553 870 635 906 apud
641 870 888 906 Chrysostomum
893 890 900 904 ,

67 923 162 952 quam
179 917 212 942 ut
227 913 330 950 aliqua
342 913 451 942 referre
471 922 594 943 necesse
618 915 664 943 sit.
690 916 807 950 Contra,
831 923 901 943 cum

67 968 167 996 nuper
181 959 307 994 legerim
323 959 422 987 Basilii
436 959 474 987 de
493 960 604 988 sanctis
613 960 798 996 martyribus
812 967 902 996 pane-

70 1005 191 1041 gyricas
204 1003 366 1040 orationes,
381 1003 531 1032 afﬁrmare
545 1012 635 1046 posse
649 1007 734 1041 puto,
749 1013 901 1041 nusquam

68 1050 100 1078 in
113 1049 148 1077 iis
161 1049 199 1076 de
216 1051 384 1084 martyrum
395 1048 518 1079 tumulis
529 1049 712 1077 mentionem
724 1049 817 1077 ullam
826 1049 900 1078 ﬁeri.

67 1096 127 1123 Nec
142 1094 233 1129 longe
247 1093 340 1128 hujus
355 1093 396 1122 rei
417 1094 582 1129 quterenda
601 1102 694 1122 causa
713 1096 766 1123 est.
794 1096 902 1123 Notum

67 1141 112 1167 est
129 1138 212 1167 enim
229 1138 380 1174 ejusmodi
398 1138 534 1174 sepulcra
550 1139 793 1175 frequentissima
811 1139 902 1167 fuisse

65 1183 254 1212 Antiochia:
271 1190 340 1219 qum
355 1183 468 1211 rariora
488 1186 572 1212 erant
586 1184 726 1212 Caesareas
748 1185 904 1221 Cappado-

67 1229 134 1256 ciae.
153 1229 290 1256 Fortasse
304 1227 369 1255 leve
387 1227 536 1255 videbitur
555 1228 638 1264 quod
654 1228 776 1263 addam,
793 1229 903 1257 addere

68 1275 174 1302 tamen
198 1280 262 1301 non
282 1271 406 1308 pigebit,
430 1272 504 1300 illud
526 1272 673 1307 videlicet,
694 1274 777 1310 quod
797 1274 827 1302 in
846 1275 904 1303 hac

68 1318 220 1346 concione
235 1317 343 1352 legitur
357 1318 397 1354 (p.
414 1318 485 1352 139),
510 1320 554 1344 καὶ
580 1319 614 1349 ὡς
636 1318 704 1355 ἔλεγε
727 1323 776 1345 τῶν
803 1323 903 1346 πιστῶν

69 1364 82 1389 ὁ
97 1365 247 1393 Δεσπότης·
262 1365 292 1387 ’0
307 1363 439 1388 nia-7:15am
451 1362 486 1393 εἰς
502 1362 556 1398 ἐμὲ,
577 1365 631 1391 etc.
655 1364 692 1391 Et
714 1364 903 1400 quemadmo-

70 1408 142 1435 dum
171 1407 309 1441 ﬁdelium
333 1407 479 1435 Dominus
501 1407 619 1436 aiebat:
646 1419 659 1433 «
677 1409 735 1442 Qui
754 1409 848 1437 credit
872 1410 903 1437 in

71 1459 116 1479 me
128 1452 170 1486 ⁸,»
187 1453 257 1483 etc.,
273 1450 374 1486 potius
390 1450 481 1479 videri
499 1451 706 1486 Chrysostomi
718 1460 793 1488 esse,
810 1460 904 1488 quam

72 1496 183 1524 Basilii.
201 1497 277 1523 Nam
293 1497 321 1523 et
336 1495 405 1523 alibi
425 1496 606 1533 Scripturam
621 1496 715 1525 citans
727 1497 904 1534 Chrysosto-

71 1550 152 1574 mus,
168 1540 299 1568 s'imilem
314 1540 476 1568 verborum
491 1541 695 1570 circuitionem
713 1542 845 1579 adhibet,
862 1543 905 1572 uti

71 1586 175 1614 videre
188 1585 257 1613 licet
271 1585 302 1613 in
319 1593 356 1613 ea
369 1585 515 1622 oratione,
530 1594 624 1622 quam
642 1587 678 1615 de
701 1591 836 1623 martyre
854 1589 908 1616 Ju-

72 1632 157 1659 tiano
171 1630 289 1658 habuit.
307 1630 376 1665 Ejus
389 1630 454 1658 haec
469 1633 538 1658 sunt
548 1631 639 1660 verba
651 1634 724 1665 (tom
738 1632 771 1666 ll,
784 1640 814 1669 p.
829 1636 906 1668 673):

74 1678 126 1702 Καὶ
155 1676 198 1701 ἶνα
224 1675 335 1710 μάθητε,
356 1675 396 1700 ὅτι
424 1676 455 1701 τὰ
477 1677 553 1711 φύσει
579 1678 689 1713 φορτικὰ
711 1679 755 1703 καὶ
778 1677 906 1716 ἀφόρητα,

74 1725 160 1747 ταῦτα
198 1723 230 1755 τῇ
265 1717 352 1745 {Anicii
385 1724 434 1746 τῶν
467 1720 610 1756 μελλόντων
644 1726 729 1758 κοῦφα
759 1725 803 1748 καὶ
822 1723 909 1760 ῥᾷστα

73 1767 186 1801 γίνεται,
205 1763 350 1800 ,ἀκούσατε
388 1768 434 1790 τοῦ
468 1767 657 1801 πρωτοστάτου
695 1771 746 1793 τῶν
785 1770 908 1794 τοιούτων

77 1809 195 1844 ἀγαθῶν,
234 1808 362 1844 λέγοντος,
396 1811 431 1835 Τὸ
464 1811 516 1846 ’γάρ
548 1814 700 1847 παραυτίκα
725 1812 834 1850 ἐλαφρὸν
861 1817 909 1844 τῆς

77 1854 194 1889 θλῖψεως
217 1854 275 1880 καθ’
301 1853 443 1891 ὑπερϐολήν
473 1855 508 1886 εἱς
537 1856 679 1892 ὑπερϐολὴν
703 1857 806 1884 αἰώνιον
829 1858 910 1895 βάρος

77 1897 162 1930 δόξης
184 1900 373 1935 κατιργάζεται
399 1900 471 1935 ἡμῖν.
495 1900 592 1936 Atque
615 1904 648 1929 ut
671 1902 849 1938 intelligalis
864 1911 910 1938 ea,

76 1951 146 1979 quo:
167 1945 284 1971 natura
306 1950 361 1971 sua
379 1944 487 1978 gravia
506 1948 575 1972 sunt
591 1948 619 1972 et
636 1947 837 1981 intoleranda,
860 1955 911 1982 spe

75 1989 256 2022 futurorum
286 1988 363 2016 levia
389 1989 477 2016 reddi
499 1997 535 2018 ac
557 1990 718 2025 facillima,
735 1993 911 2027 praefectum

76 2033 189 2061 talium
207 2032 352 2061 bonorum
366 2033 480 2067 audite,
496 2034 549 2069 qui
557 2034 648 2063 dicit:
666 2047 680 2061 «
691 2036 729 2064 Id
739 2037 817 2064 enim
833 2037 913 2073 quod

75 2077 109 2104 in
120 2077 267 2111 prasenti
278 2079 319 2105 est
334 2080 574 2106 momentaneum
589 2082 616 2107 et
632 2080 695 2108 leve
708 2081 912 2110 tribulationis

74 2124 201 2154 nosti-2,
218 2129 313 2156 supra
326 2121 446 2150 modum
457 2123 488 2150 in
499 2123 685 2153 sublimitate
695 2129 838 2154 (sternam
850 2127 913 2162 glo-

73 2167 133 2194 ria
140 2165 264 2201 pondus
277 2170 422 2201 operatur
436 2167 521 2195 nobis
533 2169 554 2195 ³.
569 2179 584 2193 )›
605 2170 637 2197 Et
660 2177 730 2198 vero
745 2171 843 2199 notari
857 2179 912 2208 po-

75 2213 147 2245 test,
164 2210 349 2247 Scripturam
361 2214 490 2248 utroque
505 2212 573 2241 loco
588 2221 642 2250 per
660 2215 860 2252 periphrasim
872 2217 914 2245 ci-

76 2256 146 2284 tari.
162 2256 228 2283 Non
241 2255 322 2283 enim
338 2256 511 2292 simpliciter
527 2257 642 2286 dictum
655 2261 708 2293 est,
725 2264 769 2286 καὶ
787 2262 821 2291 ὡς
832 2261 914 2297 ἓλεγιν

78 2301 93 2326 ὁ
108 2303 287 2332 Azanorum!
301 2301 550 2336 quemadmodum
563 2303 707 2332 Dominus
720 2306 828 2339 aiebat,
850 2306 915 2343 sed,

78 2348 126 2371 καὶ
148 2347 183 2376 ὡς
207 2345 275 2380 ἔλεγε
292 2350 342 2371 τῶν
356 2351 456 2372 πιστῶν
471 2348 484 2373 ὁ
500 2351 643 2381 Δεσπότης,
668 2353 696 2377 et
725 2352 916 2385 quemadmo-

81 2390 154 2418 dum
167 2390 303 2424 ﬁdelium
318 2391 464 2419 Dominus
478 2392 587 2421 aiebat.
604 2394 715 2422 Rursus
728 2403 789 2423 non
805 2395 917 2432 simpli-

81 2435 154 2462 citer
169 2434 285 2462 dictum
299 2437 352 2470 est,
366 2434 497 2462 ἀκούσατε
507 2441 552 2463 τοι]
566 2440 663 2475 Κυρίου
672 2437 799 2474 λέγοντος,
817 2440 918 2469 audite

83 2479 260 2513 Dominum,
272 2480 326 2514 qui
334 2479 418 2515 dicit,
430 2481 482 2509 sed
493 2482 645 2518 c0piosius
655 2482 786 2510 ἀκούσατε
796 2488 842 2510 τοῦ
850 2495 919 2522 πρω-

87 2525 215 2549 τοστάτον
229 2527 279 2549 τῶν
294 2525 418 2550 τοιούτων
428 2524 541 2561 ἀγαθῶν,
555 2526 683 2563 λέγοντος,
698 2529 801 2557 audite
811 2530 918 2558 talium

88 2568 235 2596 bonorum
258 2569 446 2604 prazfeclum,
472 2572 525 2606 qui
544 2572 629 2600 dicit.
659 2573 786 2601 Basilius
807 2577 918 2609 autem,

86 2620 157 2641 cum
165 2621 181 2640 e
190 2613 350 2650 Scripturis
361 2613 462 2651 aliqua
473 2616 643 2646 testimonia
649 2617 920 2655 affert,nunquam,

85 2657 170 2693 quod
179 2657 286 2692 sciam,
293 2658 382 2686 simili
388 2659 550 2688 verborum
558 2661 729 2690 circuitione
736 2663 836 2691 utitur.
845 2666 921 2700 Ergo

87 2704 284 2731 controversa
298 2702 364 2731 haec
379 2704 474 2732 oratio
490 2705 590 2741 potius
606 2707 764 2736 tribuenda
777 2710 820 2736 est
831 2709 922 2745 Chry-

144 2775 151 2791 ¹
167 2773 257 2802 Joan.
270 2781 307 2809 χι,
323 2776 367 2803 25.
407 2776 417 2793 ²
431 2776 454 2804 ll
469 2775 535 2804 Cor.
549 2784 587 2809 ιγ,
604 2779 646 2805 t7.

834 136 1024 164 ΡΒΕΡἎΤΙΟ.

1749 142 1782 170 14

917 200 941 225 Α
956 199 1098 233 sostomo,
1113 199 1165 236 qui
1181 199 1300 234 alicubi,
1312 201 1344 228 ut
1359 208 1396 228 ex
1409 201 1638 236 dictisconstat,
1653 202 1782 231 circum,

954 242 1103 271 locutione
1118 243 1149 272 in
1164 244 1285 273 citanda
1299 245 1451 281 Scriptura
1464 254 1538 274 usus
1553 248 1606 274 est.

990 288 1017 314 8.
1029 288 1150 316 Gravius
1161 291 1205 317 est
1220 289 1303 325 quod
1317 290 1460 326 sequitur.
1482 291 1599 319 Monere
1613 298 1684 326 ergo
1697 291 1785 326 juvat

954 331 1037 359 nulla
1049 331 1109 360 alia.
1123 332 1243 361 dicendi
1258 333 1389 362 formula
1406 334 1506 370 magis
1529 334 1671 364 delectari
1692 336 1783 372 Chry-

954 378 1134 411 sostomum,
1150 385 1244 414 quam
1258 386 1305 414 ea,
1320 386 1382 415 qua
1392 381 1444 406 aut
1452 379 1544 407 verbo
1557 379 1715 416 φιλοσοφειν,
1731 383 1784 409 aut

954 420 1045 448 verbo
1059 420 1210 458 φιλοσοφίας
1225 422 1255 450 in
1276 422 1463 451 celebrandis
1478 423 1662 459 martyribus
1679 424 1781 453 utitur.

954 465 1106 494 Proferam
1125 466 1182 494 hoc
1200 466 1268 495 loco
1288 466 1389 504 aliqua
1404 467 1553 504 exempla,
1569 476 1606 496 ex
1619 468 1731 504 quibus
1745 469 1783 498 de

955 511 1067 538 caeteris
1079 511 1207 546 judicari
1220 512 1330 548 possit:
1360 512 1413 540 sed
1437 512 1462 540 si
1478 512 1547 549 quis
1569 521 1623 549 per
1642 521 1706 542 sese
1717 522 1783 543 rem

955 555 1082 591 experiri
1094 555 1183 590 volet,
1199 556 1282 584 nullo
1295 557 1414 592 negotio
1433 556 1522 592 longe
1542 557 1631 594 plura
1650 558 1783 587 invenire

955 600 1072 636 poterit,
1087 608 1157 629 cum
1169 601 1200 629 id
1214 601 1357 638 loquendi
1369 609 1463 636 genus
1477 602 1593 638 passim
1607 602 1639 630 in
1649 602 1694 639 iis,
1705 611 1784 640 quas

956 644 1027 680 dixi,
1056 645 1264 681 Chrysostomi
1289 646 1487 674 concionibus
1507 646 1674 676 adhibitum
1699 647 1783 677 inve-

956 689 1064 717 niatur.
1081 690 1288 726 Chrysostomi
1301 690 1390 725 igitur
1404 690 1470 719 haec
1490 693 1560 720 sunt
1571 691 1668 720 verba
1681 700 1697 721 e
1715 700 1785 721 σου·

956 734 1041 762 cione
1062 735 1094 763 in
1121 738 1286 770 martyrem
1301 736 1470 764 Lucianum
1483 738 1515 770 (t.
1528 738 1561 772 ll,
1578 745 1608 773 p.
1623 738 1685 772 526)
1701 745 1707 765 :
1724 741 1785 764 2w-

957 777 1020 805 ιδὼν
1040 781 1090 816 γὰρ
1119 779 1222 813 ἐκεῖνος,
1249 781 1290 806 ὅτι
1314 782 1403 812 πάσης
1432 784 1559 818 τιμωρίας
1581 783 1624 808 καὶ
1652 782 1784 814 κολάσιως

956 822 1043 854 εἰδους
1068 824 1232 860 κατεγέλασε,
1267 827 1368 853 καὶ.....
1401 825 1460 852 οὒτε
1482 826 1518 857 εἰς
1539 828 1669 863 κρημνοὺς
1691 827 1784 863 ῥίψας,

922 854 1015 894 Bck:
1044 870 1079 899 εὶς
1111 870 1206 905 θηρίων
1238 868 1349 900 ὁδοντας
1382 869 1499 906 ἐμϐαλὼν
1527 854 1628 906 laxum
1654 854 1783 908 περιγενέ-

957 914 1020 939 σθαι
1042 918 1089 944 τῆς
1106 918 1152 939 τοὺ
1172 914 1245 949 ἁγίου
1270 913 1435 950 φιλοσοφίας,
1456 916 1511 942 etc.
1531 916 1785 945 Animadvertens

956 958 1034 986 enim
1044 958 1107 993 ille,
1119 966 1203 986 omne
1209 959 1427 993 suppliciorum
1435 967 1471 988 ac
1480 967 1639 994 poenarum
1645 968 1739 996 genus
1747 961 1785 990 ab

957 1009 988 1031 eo
1003 1003 1133 1030 derisum
1145 1003 1247 1038 fuisse,
1261 1010 1358 1038 seque,
1371 1011 1467 1040 neque
1485 1012 1551 1032 cum
1570 1005 1601 1033 in
1613 1006 1785 1040 prmcipitia

955 1048 1137 1082 projecisset,
1152 1055 1246 1084 neque
1253 1056 1318 1076 cum
1326 1048 1464 1084 ferarum
1475 1048 1627 1084 objecissel
1636 1050 1784 1085 dentibus,

956 1093 1054 1120 sancti
1060 1092 1287 1127 philosophiam
1297 1100 1441 1128 superare
1449 1094 1589 1128 potuisse,
1601 1096 1657 1123 etc.
1670 1096 1786 1132 anue

957 1136 1093 1172 proxime
1108 1137 1242 1173 sequitur
1253 1138 1367 1174 pagina
1379 1138 1453 1173 (327)
1463 1138 1602 1175 exempla
1610 1139 1666 1167 tria
1677 1148 1787 1176 suppe-

957 1181 1072 1209 ditabit.
1091 1181 1188 1209 Unum
1209 1182 1257 1209 his
1275 1181 1374 1210 verbis
1391 1190 1578 1219 expressum,
1603 1185 1647 1211 τὸν
1666 1182 1695 1210 δὲ
1713 1184 1787 1220 ἅγιον

957 1228 1049 1251 τοῦτον
1082 1220 1259 1256 ὑποσκελίσας
1292 1226 1338 1252 οὐκ
1371 1228 1495 1262 ἴσχυσεν,
1538 1227 1600 1254 οὐδὲ
1629 1231 1788 1264 περιεγένετο

957 1273 1005 1300 τῆς
1030 1268 1184 1306 φιλοσοφίας
1206 1271 1220 1299 ἠ
1244 1270 1363 1304 κόλασις,
1386 1271 1467 1299 hunc
1482 1279 1552 1299 vero
1565 1275 1703 1301 sanctum
1717 1281 1789 1308 sup-

956 1315 1100 1350 plantare
1115 1317 1185 1349 noni,
1195 1317 1303 1350 potuit,
1320 1324 1415 1352 neque
1425 1317 1652 1352 philosophiam
1676 1320 1790 1354 suppli-

960 1360 1038 1387 cium
1054 1360 1135 1388 vicit.
1151 1362 1183 1388 In
1196 1360 1288 1388 altero
1305 1361 1347 1388 ita
1359 1361 1593 1396 Chrysostomus
1607 1362 1750 1399 loquitur,
1766 1362 1792 1389 ἐν

961 1408 1086 1445 ἀλλοτρίᾳ
1105 1409 1138 1445 γῇ
1159 1412 1204 1435 καὶ
1230 1409 1356 1447 βαρϐάρῳ
1376 1413 1453 1446 χώρᾳ
1472 1412 1604 1440 τοσαύτην
1628 1410 1793 1443 ἐπεδείξαντο

965 1452 1127 1489 φιλοσοφίαν,
1144 1454 1175 1481 in
1191 1457 1273 1482 terra
1288 1455 1389 1482 aliena
1403 1455 1439 1482 de
1451 1455 1583 1483 barbara
1593 1456 1714 1490 regione
1727 1459 1794 1484 tan-

965 1501 1026 1526 tam
1031 1498 1253 1533 philosophiam
1262 1499 1465 1527 ostenderunt.
1481 1499 1515 1527 ln
1526 1499 1610 1528 tertio
1622 1500 1664 1527 sic
1672 1500 1792 1536 legitur:

965 1542 996 1568 Εἰ
1010 1545 1093 1568 τοίνυν
1109 1543 1134 1568 οὶ
1153 1543 1331 1579 αἰχμάλωτοι,
1352 1546 1396 1569 καὶ
1419 1542 1518 1577 δοῦλοι,
1541 1546 1584 1570 καὶ
1606 1546 1657 1570 νέοι
1677 1547 1726 1582 πρὸ
1747 1549 1795 1577 τῆς

964 1588 1075 1623 χάριτος
1086 1589 1216 1617 τοσαύτην
1236 1587 1398 1619 ἐπεδείξαντο
1419 1589 1580 1625 φιλοσοφίαν,
1595 1591 1649 1617 etc.
1674 1590 1709 1618 Si
1727 1598 1796 1626 ergo

965 1633 1087 1667 captivi,
1103 1634 1190 1666 servi,
1205 1641 1241 1662 ac
1251 1634 1379 1668 juvenes
1399 1637 1469 1662 ante
1487 1635 1580 1670 legem
1599 1635 1707 1670 gratiae
1728 1638 1797 1664 tan-

929 1525 949 1553 C

965 1681 1024 1706 tam
1035 1678 1257 1713 philosophiam
1265 1687 1331 1714 pre:
1340 1687 1371 1708 se
1384 1680 1530 1714 tulerunt,
1544 1682 1599 1708 etc.
1611 1681 1670 1708 Nec
1681 1680 1798 1709 silentio

963 1722 1216 1759 praetereundum,
1236 1731 1304 1751 eam
1319 1723 1464 1760 loquendi
1479 1724 1627 1753 rationem
1648 1733 1746 1761 usque
1761 1734 1797 1754 eo

963 1767 1112 1804 placuisse
1128 1768 1355 1804 Chrysostomo,
1370 1771 1402 1796 ut
1417 1776 1486 1797 cum
1501 1769 1593 1805 hujus
1602 1770 1745 1798 orationis
1756 1771 1800 1799 in-

964 1813 1016 1844 itio
1031 1820 1150 1840 sacram
1160 1813 1343 1849 Scripturam
1354 1813 1467 1848 citaret,
1478 1822 1514 1842 ea
1524 1823 1596 1842 usus
1608 1815 1653 1843 sit.
1663 1815 1706 1843 lbi
1718 1816 1799 1844 enim

963 1857 1007 1893 (p.
1024 1858 1086 1891 524)
1096 1857 1138 1885 ita
1154 1857 1297 1893 scriptum
1313 1857 1500 1886 invenimus:
1526 1863 1555 1884 '0
1570 1862 1630 1895 περὶ
1650 1860 1696 1885 τοῦ
1718 1860 1799 1886 πλού-

964 1911 1011 1928 του
1054 1901 1233 1938 φιλοσοφήσας
1272 1902 1349 1928 εἰπών
1388 1903 1438 1929 ὃτι*
1484 1903 1522 1929 Οὐ
1566 1904 1798 1940 συγκαταϐἡσίται

966 1947 1036 1982 αὐτῲ
1060 1947 1075 1976 ἡ
1098 1945 1164 1978 δόξα
1185 1947 1266 1973 αὐτοῦ
1289 1947 1374 1973 ὀπίσω
1393 1946 1484 1975 αὐτοῦ.
1509 1948 1567 1982 Qui
1581 1949 1615 1977 dc
1630 1949 1744 1978 divitiis
1759 1951 1798 1978 is-

967 1992 1003 2020 tis
1018 1991 1250 2027 philosophando
1266 1993 1345 2020 dixit
1359 2000 1370 2020 .·
1395 2004 1409 2019 ‹
1427 1993 1494 2021 Νοη
1519 1993 1671 2022 descendet
1685 2003 1750 2023 cum
1766 2002 1799 2023 eo

967 2037 1066 2072 gloria
1080 2037 1145 2071 ejus
1155 2040 1223 2071 post
1239 2038 1334 2065 eum“.
1344 2048 1358 2062 »
1373 2038 1403 2065 Et
1415 2045 1450 2065 ex
1466 2045 1502 2066 ea
1512 2046 1635 2074 quoque
1651 2039 1797 2073 oratione,

967 2089 1030 2117 qua
1045 2081 1276 2117 Chrysostomus
1292 2082 1430 2110 omnium
1445 2082 1535 2110 simul
1549 2086 1719 2120 martyrum
1735 2084 1798 2112 lau-

969 2125 1022 2154 des
1035 2125 1203 2160 celebravit,
1218 2127 1243 2161 cj
1250 2135 1283 2154 us
1293 2134 1388 2162 quam
1402 2127 1463 2154 dixi
1472 2127 1515 2155 rei
1532 2128 1670 2164 exempla
1686 2128 1800 2164 aliquot

932 2177 954 2204 D
969 2171 1079 2199 referre
1099 2170 1180 2198 libet.
1207 2173 1249 2198 lla
1269 2171 1358 2205 igitur
1378 2171 1512 2208 loquitur
1532 2173 1798 2208 praestantissimus

970 2218 1071 2245 orator
1085 2223 1146 2243 non
1162 2215 1251 2251 longe
1266 2215 1306 2243 ab
1319 2216 1402 2244 initio
1418 2218 1449 2252 (t.
1477 2217 1511 2250 Il,
1527 2225 1557 2253 p.
1575 2218 1656 2253 651):
1683 2221 1723 2247 Μὴ
1749 2220 1799 2256 γάρ

971 2272 1015 2298 μοι
1034 2264 1078 2290 τὴν
1104 2260 1236 2298 βάρϐαρον
1259 2261 1344 2287 αὐτῶν
1368 2264 1450 2297 φωνὴν
1469 2261 1542 2298 wing,
1568 2262 1633 2289 ἀλλὰ
1657 2266 1705 2292 τὴν
1727 2263 1799 2300 φιλο-

972 2310 1104 2343 σοφοῦσαν
1117 2305 1201 2331 αὐτῶν
1217 2304 1342 2333 διάνοιαν.
1364 2307 1437 2334 Noli
1456 2308 1533 2335 enim
1547 2307 1707 2336 barbaram
1723 2310 1800 2343 ipso-

971 2360 1039 2380 rum
1056 2352 1191 2386 linguam
1207 2354 1353 2385 spectare,
1367 2352 1420 2380 sed
1433 2353 1566 2380 animum
1580 2353 1713 2387 ipsorum
1731 2353 1800 2388 phi-

973 2397 1104 2431 losophia
1110 2395 1440 2431 excultumAliquanto
1447 2397 1627 2432 postlegitur
1633 2397 1690 2425 hoc
1696 2398 1799 2426 modo:

972 2441 1049 2477 Λόγῳ
1061 2441 1111 2477 γὰρ
1125 2441 1158 2466 τὰ
1180 2444 1290 2466 τοιαῦτα
1309 2440 1456 2476 φιλοσοφεῖν
1480 2440 1555 2467 οὐδέν
1578 2440 1716 2475 δύσκιολον,
1733 2444 1745 2468 ὁ
1771 2441 1801 2469 δὲ

973 2485 1083 2522 μάρτυς,
1100 2487 1157 2513 etc.
1177 2485 1263 2513 Nihil
1278 2486 1387 2520 quippe
1402 2486 1528 2520 difﬁcile
1538 2487 1635 2515 verbis
1649 2487 1703 2516 hoc
1716 2491 1802 2522 pacto

971 2530 1190 2566 philosophari,
1203 2533 1233 2557 at
1245 2533 1375 2565 martyr,
1389 2533 1443 2558 etc.
1457 2531 1518 2559 Sub
1526 2531 1618 2559 ﬁnem
1629 2532 1720 2567 hujus
1730 2540 1802 2560 con-

975 2575 1070 2604 cionis
1085 2575 1127 2611 (p.
1142 2577 1205 2608 657)
1219 2575 1366 2611 reperitur
1379 2578 1408 2603 et
1422 2576 1499 2604 alius
1518 2576 1602 2605 locus
1617 2577 1669 2611 qui
1690 2579 1718 2605 et
1737 2578 1803 2614 ipse

976 2620 1016 2648 ad
1029 2628 1093 2648 rem
1106 2619 1184 2647 facit.
1203 2620 1251 2646 Est
1280 2621 1380 2648 autem
1404 2621 1573 2656 ejusmodi:
1604 2621 1740 2648 ’Λνάλισκε
1767 2623 1802 2654 εἰς

978 2663 1045 2696 δέον,
1067 2667 1128 2690 ὅταν
1147 2664 1224 2700 ἔχῃς,
1240 2664 1271 2689 ἶν’
1288 2666 1350 2690 ὅταν
1369 2665 1522 2702 ὰφαιρεθῇς,
1550 2664 1659 2692 διπλοῦν
1681 2667 1748 2703 ἔχῃς
1773 2668 1803 2693 τό

977 2708 1079 2746 κέρδος,
1105 2711 1149 2735 τόν
1168 2718 1195 2734 τι
1213 2708 1241 2734 ἐκ
1269 2713 1316 2739 τῆς
1341 2708 1462 2745 apta-mg,
1490 2708 1608 2741 δαπάνης
1635 2710 1802 2746 ἀποκείμενον

686 2778 696 2795 ³
712 2779 789 2807 Psal.
807 2787 903 2815 XLVHI,
921 2782 963 2809 l8.
