2020 3140
240 127 273 153 ,5
1007 119 1196 149 PREFATIO.
1920 128 1954 155 ιθ

238 197 280 215 σοι
303 188 407 224 μισθὸν,
441 188 486 213 καὶ
517 187 563 215 τὴν
591 186 619 211 ἐκ
646 189 692 216 τῆς
722 184 869 221 ὑπεροψίας
898 184 1057 220 ἐγγινομένηι

1121 185 1204 221 prius
1214 185 1338 220 quidem
1349 185 1468 214 dicendi
1478 193 1574 221 genus
1582 187 1734 222 ejusmodi
1742 195 1818 222 esse,
1828 189 1860 216 ut
1867 188 1953 217 nullo

237 232 387 269 φιλοσοφίαν
407 231 442 262 εἰς
468 232 511 257 τὸν
535 232 623 267 καιρὸν
652 234 698 261 τῆς
726 229 858 260 ἀπουσίας
887 229 972 255 αὐτῶν
994 238 1063 265 χρη-

238 279 406 314 σιμεύουσαν.
423 275 568 310 Expende
580 276 652 304 illas
667 276 699 303 in
710 283 756 303 res
767 275 865 308 utiles,
877 275 948 302 (tum
959 281 1065 308 suppe-

235 323 312 354 tunt,
327 323 359 348 ut
374 329 439 348 cum
455 323 564 354 erepta:
576 320 705 354 fuerint,
721 319 838 353 duplex
859 319 915 346 tibi
935 321 1064 353 quastus

237 366 382 399 obveniat,
396 368 457 393 tum
472 365 506 392 ob
513 367 658 399 paratam
673 364 728 392 tibi
736 364 913 398 mercedem,
927 363 1005 398 quod
1016 370 1064 391 eas

236 412 345 445 optime
360 410 548 444 expcnderis,
576 412 638 436 tum
662 409 697 436 ob
712 409 891 444 acquisitam
909 415 946 436 ex
960 415 1063 435 earum

237 458 406 490 contemptu
425 453 646 489 philosophiam
670 456 697 481 et
720 454 912 488 patientiam,
926 461 991 489 quae
1011 453 1066 480 tibi

237 503 297 528 tum
306 501 361 528 erit
371 501 449 534 usui,
461 507 528 528 cum
537 500 597 527 illis
601 500 621 534 Γ
620 500 697 527 ueris
703 499 872 527 destitutus.
879 500 911 526 Et
919 497 1065 534 quoniam

235 547 374 581 suscepta
380 544 589 580 estdisputatio
596 544 660 572 haec
669 544 809 580 martyris
818 551 909 572 causa.
918 543 1064 578 Barlaam,

235 589 368 618 alienum
383 596 444 616 non
463 588 580 616 videtur
595 587 711 624 aliquid
731 588 864 624 proferre
886 595 922 615 ex
941 596 976 616 ea
998 595 1065 615 ora-

234 634 325 667 tione,
345 641 439 670 quam
453 633 490 661 de
510 633 673 661 fortissimo
687 632 738 661 illa.
757 633 868 661 athleta
889 633 1065 668 Chrysosto-

234 687 304 707 mus
318 678 432 706 habuit.
446 677 578 705 Primum
589 677 679 712 igitur
689 679 834 705 occurunt
843 677 908 705 haec
919 677 1021 705 verba.
1033 677 1063 711 (t.

234 725 268 757 ll,
281 731 311 760 Ρ.
325 724 400 758 682);
419 722 514 758 Ἀλγῶν
527 720 556 748 δὲ
567 724 610 748 καὶ
620 723 743 757 πάσχων,
755 724 800 750 τὴν
811 725 858 748 τῶν
865 721 1011 757 ἀσωμάτων
1019 719 1065 748 ὃν-

233 768 333 804 νάμεων
359 767 384 793 ἐν
411 770 513 803 σώματι
541 767 625 802 θνητῷ
653 765 993 802 φιλοσοφίανὶένεδείκνυτο.
1010 765 1068 794 Sed

233 812 336 840 dolens
350 820 385 840 ac
392 812 517 848 patiens,
535 811 781 846 incorporearum
791 811 934 839 rirtutum
949 811 980 838 in
991 818 1068 838 mor-

1121 229 1180 257 alio
1191 229 1288 265 magis
1301 230 1466 259 delectatus
1488 231 1524 258 sit
1541 231 1783 267 Chrysostomus,
1801 233 1954 268 posterius

1120 282 1191 303 vero
1199 275 1274 302 inter
1284 283 1319 303 ea
1329 274 1473 311 loquendi
1481 283 1591 310 genera
1597 276 1745 304 recenseri
1751 276 1870 311 debere,
1881 285 1954 313 quae

1120 318 1144 345 si
1159 325 1221 346 non
1234 318 1275 346 ita
1285 319 1499 354 Chrysostomo
1513 319 1611 348 amica
1621 322 1719 348 essent
1729 322 1761 348 ut
1770 320 1845 348 illud
1855 321 1952 356 prius,

1121 364 1151 391 at
1164 363 1190 391 ei
1202 365 1302 391 tamen
1317 363 1447 391 multum
1466 372 1587 400 quoque
1603 364 1763 399 placerent.
1782 365 1854 393 Hinc
1869 367 1954 401 patet

1120 416 1189 436 vere
1202 409 1261 436 dici
1280 409 1411 443 solitum,
1429 409 1503 438 alios
1517 409 1582 438 aliis
1599 409 1753 438 obiectari.
1775 410 1849 438 Cum
1868 411 1953 438 enim

1119 461 1223 481 recens
1234 453 1290 481 sim
1303 462 1321 482 ο.
1333 454 1459 482 lectione
1470 455 1722 490 panegyricarum
1733 454 1833 482 Basilii
1842 455 1954 483 oratio-

1120 505 1206 532 num,
1222 497 1373 526 afﬁrmare
1384 498 1457 526 mihi
1468 498 1555 526 licere
1566 498 1703 532 arbitror,
1715 498 1788 526 illud
1803 498 1952 535 loquendi

1121 549 1227 577 genus,
1241 550 1302 578 quo
1318 544 1370 570 aut
1383 542 1507 570 verbum
1524 542 1683 578 φιλοσοφεῖν,
1700 545 1753 570 aut
1767 550 1826 570 vox
1841 542 1950 578 φιλοσο-

1122 589 1166 622 φία
1177 587 1291 623 passim
1304 595 1322 614 a
1335 587 1549 623 Chrysostomo
1566 587 1725 615 adhibetur
1744 586 1785 615 ad
1809 587 1950 616 virtutem

1121 635 1289 668 martyrum
1304 632 1547 668 signiﬁcandam,
1562 632 1663 669 ipsum
1679 635 1780 661 tamen
1794 641 1950 669 nusquam

1121 677 1152 705 in
1166 678 1212 712 iis,
1228 685 1306 713 quas
1318 677 1390 711 dixi,
1406 677 1502 705 Basilii
1515 677 1701 706 orationibus
1709 677 1844 705 inveniri.
1857 677 1951 705 Velim

1121 722 1260 757 legantur
1269 721 1459 758 panegyricos
1469 721 1526 750 illa:
1535 722 1695 757 orationes,
1706 730 1783 758 quas
1794 721 1831 749 de
1844 721 1952 756 glorio-

1122 766 1248 794 sissimis
1255 765 1439 802 quibusdam
1450 766 1635 802 martyribus
1644 766 1750 794 habuit
1760 766 1804 794 vir
1812 774 1951 794 summus

1122 810 1258 846 Basilius,
1282 813 1312 838 ut
1326 811 1424 845 magis
1450 810 1633 845 intelligatur
1656 818 1761 838 verum
1782 818 1847 838 esse
1866 810 1951 847 quod

235 858 292 885 tali
306 864 431 892 corpore
442 856 663 891 philosophiam
677 863 742 890 prae
756 863 786 883 se
804 855 931 890 ferebat.
954 854 1065 883 Deinde
1085 847 1106 876 Β
1121 855 1193 883 dixi.
1211 855 1345 883 Vidimus
1359 863 1482 891 quoque
1498 855 1747 891 Chrysostomum
1761 855 1890 883 libenter
1909 855 1950 883 uti

233 901 320 930 offert
334 909 364 929 se
379 901 452 929 illud
468 901 548 936 (pag.
567 902 630 934 686)
643 909 648 927 :
667 899 698 926 Εἰ
709 898 738 926 δὲ
759 899 802 926 ἐπὶ
813 904 860 930 τῆς
876 900 993 931 Παλαιᾶς
1007 903 1066 926 Δια-

234 947 318 985 Θήκης
329 944 414 972 ταῦτα
429 945 604 982 ἀπηγόρευτο,
617 944 704 980 πολλῷ
718 944 814 980 μᾶλλον
829 944 872 971 ἐπὶ
882 949 930 975 τῆς
941 945 1062 982 χάριτος,

233 991 293 1016 ἔνθα
308 990 400 1016 πλείων
416 991 431 1018 ἡ
450 989 600 1026 φιλοσοφία.
618 988 703 1022 Quod
726 989 753 1016 si
777 989 839 1017 hac
870 990 979 1017 Veteris
998 990 1063 1018 Tes-

234 1035 360 1063 tamenti
375 1037 504 1069 tempore
513 1033 762 1069 prohibebantur,
778 1034 872 1061 multo
887 1034 983 1069 magis
994 1037 1063 1062 tem-

226 1080 426 1114 poregratiz,
436 1079 486 1106 ubi
494 1079 594 1113 major
604 1081 645 1106 est
656 1077 863 1113 philosophia.
872 1080 948 1106 Inter
956 1080 1062 1107 caetera

229 1123 319 1152 velim
333 1123 471 1158 legantur
483 1131 552 1159 quae
567 1123 798 1158 Chrysostomus
814 1122 931 1158 scripsit
944 1122 975 1150 in
988 1125 1061 1151 stre-

228 1168 392 1196 nuissimos
404 1169 551 1204 martyres
567 1168 737 1194 Romanum
758 1169 787 1194 et
808 1166 969 1199 Iulianum,
989 1167 1060 1195 item

228 1220 296 1248 quae
311 1212 392 1240 idem
408 1211 526 1248 scripsit
551 1211 582 1239 in
598 1211 721 1239 beatam
740 1209 896 1239 Drosidem
912 1213 940 1238 et
959 1210 989 1238 in
1004 1213 1060 1239 Ma-

227 1257 368 1285 chabaeos
386 1265 393 1284 :
419 1256 530 1293 quibus
549 1256 580 1284 in
599 1255 785 1284 orationibus
802 1258 943 1292 praestare
961 1256 1059 1284 ausim

225 1304 378 1337 repertum
392 1301 426 1328 iri
448 1300 617 1329 testimonia
637 1300 741 1334 multa,
761 1300 873 1336 quibus
893 1301 978 1336 quod
996 1300 1058 1328 dixi

225 1345 350 1373 miriﬁce
363 1344 564 1373 conﬁrmettn‘.
581 1346 645 1372 Non
664 1352 772 1380 parum
791 1352 913 1380 quoque
930 1345 1057 1380 Chryso-

226 1391 325 1417 stomo
332 1389 431 1426 placet
438 1390 595 1425 pratorum
603 1389 790 1425 comparatio
798 1389 828 1417 in
837 1389 1055 1424 signiﬁcatione

223 1434 266 1462 rei
275 1436 367 1471 gratae
378 1442 413 1461 ac
421 1434 574 1469 jucundae.
589 1433 730 1470 Exempla
742 1433 867 1470 aliquot,
879 1436 911 1462 ut
920 1434 1054 1470 quidque

222 1481 369 1512 occurret,
386 1478 555 1514 subjiciam.
571 1478 613 1506 Ita
626 1478 715 1514 igitur
730 1479 959 1514 Chrysostomns
972 1479 1052 1507 locu-

223 1532 270 1561 tus
281 1525 326 1552 est
334 1523 364 1551 in
375 1523 511 1560 quadam
521 1523 657 1551 oratione
666 1525 696 1558 (t.
707 1525 740 1551 ll.
752 1531 782 1559 p.
793 1523 864 1558 670),
877 1531 938 1559 qua
948 1531 1054 1552 omnes

222 1569 315 1597 simul
346 1570 494 1604 martyres
512 1567 638 1596 laudat:
663 1567 743 1594 Ἀλλὰ
768 1570 863 1599 κήποις
885 1566 1054 1605 ἐνδιατρῖψαι

224 1613 324 1650 βούλει,
336 1615 380 1639 καὶ
392 1612 500 1649 λειμῶσι
509 1614 552 1638 καὶ
566 1611 737 1649 παραδείσοις
776 1613 882 1641 Verum
894 1613 970 1641 enim
985 1621 1054 1641 vero

221 1659 255 1686 in
275 1658 369 1686 hortis
391 1658 508 1686 versari
528 1658 624 1692 cupis,
650 1658 682 1685 in
700 1657 799 1692 pratis
818 1660 846 1685 et
871 1658 1026 1685 viritim-iis
1042 1660 1056 1685 ?

222 1703 281 1731 Nec
302 1702 343 1730 ita
364 1701 458 1730 multo
477 1701 555 1729 intra
577 1710 657 1736 eum,
682 1709 774 1738 quem
794 1701 868 1736 dixi,
886 1701 988 1730 locum
1013 1702 1054 1730 sic

222 1756 327 1777 rursus
350 1747 457 1782 legitur
481 1756 488 1775 :
517 1748 606 1778 Οὕτως
636 1746 675 1773 ἀεὶ
700 1746 751 1773 ἀπὸ
771 1750 820 1773 τῶν
844 1748 983 1784 μαρτύρων
1007 1747 1053 1773 ἐπ-

223 1796 343 1829 ανίωμεν,
368 1793 419 1819 ἀπὸ
448 1793 535 1828 μύρων
561 1796 751 1828 πνευματικῶν,
777 1793 827 1818 ἀπὸ
855 1791 984 1828 λειμώνων
1013 1794 1054 1818 οὺ-

223 1841 326 1875 ρανίων,
346 1840 400 1865 etc.
418 1838 466 1866 Ita
481 1845 596 1872 semper
614 1845 632 1865 a
652 1837 838 1872 martyribus
854 1840 1053 1873 revertamur,

224 1883 262 1911 ab
273 1883 433 1918 unguentis
441 1881 665 1916 spiritualibus,
675 1889 693 1910 a
702 1881 867 1909 caelestibus
876 1882 986 1916 pratis,
997 1884 1052 1910 etc.

224 1927 340 1955 Discere
355 1926 431 1961 licet,
446 1928 480 1954 ut
493 1925 608 1960 monui,
620 1934 656 1953 ex
667 1933 702 1953 ea
712 1925 866 1958 concione,
878 1933 924 1961 qae
938 1925 975 1953 de
987 1933 1054 1954 san-

224 1972 357 2000 ctissimo
368 1973 499 2007 martyre
510 1973 646 1999 Romano
656 1970 760 1999 habita
771 1973 825 2004 est,
836 1973 950 1998 certum
959 1970 1053 2006 quod-

223 2017 295 2045 dam
304 2016 422 2044 dicendi
430 2023 525 2051 genus
534 2023 681 2052 perquam
688 2015 833 2043 familiare
841 2015 1053 2051 Chrysostomo

222 2061 328 2090 fuisse:
342 2068 445 2089 rursus
460 2069 496 2088 ex
511 2060 617 2088 eadem
628 2059 730 2087 locum
744 2067 894 2095 promam,
910 2067 971 2095 quo
986 2068 1054 2096 pro-

223 2106 291 2134 bari
305 2105 398 2142 possit
413 2113 491 2140 eam,
507 2105 544 2133 de
561 2113 623 2141 qua
637 2112 719 2132 nunc
735 2104 842 2139 agitur,
859 2103 978 2132 dicendi
992 2104 1053 2132 for-

222 2150 339 2179 mulam
351 2150 408 2186 ipsi
423 2158 544 2186 quoque
554 2157 617 2177 non
631 2157 740 2185 parum
750 2148 909 2184 placuisse.
921 2149 991 2184 Ejus
1001 2157 1052 2177 au-

222 2197 281 2224 tem
297 2195 361 2223 haec
376 2197 446 2222 sunt
460 2194 553 2222 verba
568 2195 599 2229 (t.
618 2195 652 2228 ll,
675 2201 704 2230 p.
729 2194 809 2228 ﬁli):
838 2196 887 2220 Καὶ
910 2195 996 2231 ὥσπερ
1026 2194 1051 2220 ἐν

224 2240 279 2276 ἱερᾷ
309 2243 400 2275 πομπῇ
437 2240 600 2276 χορεύοντες,
636 2240 681 2264 καὶ
719 2237 744 2264 ἐν
777 2237 882 2274 λειμῶνι
913 2240 1051 2269 παίζοντες

223 2284 336 2321 χλοερῷ,
358 2283 426 2310 οὕτω
444 2284 490 2314 τὰς
513 2285 642 2320 τιμωρίας
664 2283 916 2320 Emaro;’r’,p1ru§ir
937 2283 977 2310 Et
1004 2291 1052 2311 ve-

225 2329 269 2356 lut
282 2329 312 2356 in
328 2335 417 2356 sacra
429 2335 542 2362 pompa
558 2327 682 2355 choreas
697 2327 850 2360 ducentes,
866 2330 893 2354 et
915 2329 946 2355 in
962 2327 1054 2356 viridi

218 2377 310 2409 prato
324 2373 466 2408 ludentes,
482 2374 523 2400 ita
539 2372 704 2407 arripicbat
722 2373 926 2408 unusquisque
938 2373 1053 2402 crucia-

222 2421 279 2446 tus.
292 2418 338 2445 Ad
348 2417 428 2446 idem
438 2417 682 2445 conﬁrmandum
689 2416 787 2444 afferri
796 2419 924 2453 possunt
933 2426 1001 2454 quae
1011 2418 1053 2446 le-

221 2465 333 2498 guntur
344 2463 426 2499 apud
436 2463 685 2498 Chrysostomum
693 2461 723 2489 in
736 2469 771 2490 ea
779 2470 872 2498 quam
880 2462 944 2497 jam
953 2463 1053 2491 citavi-

219 2516 288 2536 mus
302 2508 456 2543 concione,
470 2506 520 2534 ubi
532 2506 667 2534 videlicet
677 2506 819 2534 omnibus
837 2506 926 2534 simul
941 2508 1052 2536 sanctis

219 2553 406 2589 praeconium
418 2552 517 2580 tribuit
528 2554 627 2580 orator
637 2552 779 2588 optimus.
793 2551 838 2579 Sic
847 2554 948 2580 autem
958 2552 1053 2589 loqui-

219 2599 267 2624 tur
278 2597 307 2632 (t.
324 2597 358 2630 ΙΙ,
382 2604 411 2632 p.
437 2596 515 2632 654):
540 2597 600 2631 υύχ
628 2595 695 2621 οὓτω
723 2595 843 2631 λειμῶνες
866 2595 918 2621 εἰσι
937 2600 1050 2633 τερπνοὶ,

218 2639 287 2677 ῥόδα
303 2641 347 2666 καί
361 2643 389 2666 ἴα
406 2643 584 2677 παρεχόμενοι
606 2644 659 2671 τοῖς
682 2642 829 2676 θεωμένοις,
850 2641 884 2671 ὡς
907 2644 1049 2678 μαρτύρων

217 2684 303 2721 τάφοι.
316 2686 385 2713 Νοη
399 2686 444 2713 ita
459 2693 511 2713 nos
525 2688 615 2720 prata
629 2685 791 2718 delectant,
806 2685 877 2713 dum
896 2693 979 2714 rosas
991 2687 1050 2714 vio-

217 2730 321 2766 lasque
336 2730 515 2765 spectandas
528 2730 736 2765 suppeditant,
758 2737 794 2757 ac
813 2733 986 2765 martyrum
1003 2735 1047 2770 tu-

216 2776 303 2804 muli.
322 2776 362 2803 Ex
377 2775 488 2812 quibus
504 2774 665 2809 omnibus,
683 2774 805 2810 opinor,
822 2772 913 2809 plane
932 2778 1050 2805 constat

1119 902 1276 937 pratorum
1295 900 1522 936 comparatione
1538 900 1577 928 ad
1592 899 1787 928 indicandam
1802 908 1867 928 rem
1880 908 1949 935 gra-

1118 947 1197 979 tam;
1209 947 1237 973 et
1247 947 1349 973 tamen
1365 945 1404 972 ob
1419 953 1497 978 eam,
1509 952 1602 980 quam
1611 944 1704 977 attuli,
1720 953 1856 977 causam,
1870 952 1948 972 asse-

1117 992 1257 1018 veranter
1272 990 1370 1017 dicere
1382 997 1472 1025 posse
1486 989 1600 1023 videor,
1611 989 1686 1017 nihil
1696 989 1755 1018 tale
1770 989 1853 1025 apud
1867 989 1948 1017 Basi-

1116 1034 1191 1062 lium
1203 1034 1325 1071 reperiri
1344 1035 1375 1062 in
1399 1034 1433 1062 iis
1455 1034 1664 1068 concionibus,
1689 1034 1721 1062 in
1746 1034 1856 1070 quibus
1880 1034 1946 1070 ipse

1116 1079 1261 1115 praeclara
1267 1079 1500 1107 fortissimorum
1511 1078 1714 1114 quorumdam
1722 1081 1892 1114 martyrum
1902 1079 1946 1107 fa-

1116 1124 1219 1152 cinora
1231 1123 1332 1152 litteris
1345 1123 1486 1160 prodidit.
1504 1123 1567 1151 Imo
1583 1123 1673 1152 etiam
1698 1123 1762 1151 haec
1787 1126 1945 1160 pratorum

1115 1169 1312 1205 comparatio,
1325 1177 1393 1204 quae
1404 1168 1477 1196 satis
1488 1169 1703 1204 Chrysostomo
1717 1168 1879 1202 arridebat,
1892 1170 1944 1196 Ba-

1115 1213 1215 1241 silium
1231 1215 1292 1241 tam
1305 1220 1413 1249 parum
1427 1212 1601 1244 commovit,
1619 1215 1651 1240 ut
1665 1213 1766 1248 ipsum
1782 1221 1820 1240 ne
1831 1213 1861 1241 in
1877 1212 1944 1240 aliis

1113 1257 1236 1293 quidem
1244 1257 1305 1285 suis
1312 1257 1499 1285 orationibus
1506 1265 1540 1285 ea
1548 1265 1637 1284 usuin
1647 1256 1738 1285 fuisse
1747 1259 1861 1293 putem.
1876 1259 1888 1285 J
1893 1265 1943 1285 am

1112 1304 1273 1332 redeamus
1281 1302 1321 1331 ad
1329 1305 1552 1331 controversam
1561 1303 1738 1336 orationem,
1749 1305 1777 1330 et
1788 1303 1943 1331 videamus

1114 1351 1178 1377 uter
1192 1349 1258 1384 ejus
1274 1348 1310 1376 sit
1324 1348 1475 1383 legitimus
1489 1355 1610 1384 parens,
1624 1348 1787 1376 Basiliusne
1799 1356 1838 1376 an
1851 1348 1943 1384 Chry-

1114 1395 1276 1421 sostomus.
1289 1393 1364 1420 Illud
1375 1395 1475 1420 autem
1485 1392 1631 1429 loquendi
1642 1400 1750 1428 genus,
1757 1392 1841 1428 quod
1847 1393 1942 1429 Chry-

1113 1440 1246 1466 sostomo
1270 1440 1334 1466 tam
1355 1437 1503 1465 familiare
1526 1446 1591 1465 esse
1616 1437 1746 1469 ostendi,
1762 1445 1823 1474 quo
1839 1440 1940 1466 tamen

1114 1482 1239 1510 Basilius
1258 1482 1289 1509 in
1310 1481 1473 1510 laudandis
1485 1482 1671 1518 martyribus
1692 1489 1844 1518 nusquam
1865 1490 1939 1510 usus

1077 1524 1097 1551 C
1112 1527 1206 1554 fuisse
1221 1527 1413 1563 comperitur,
1433 1526 1464 1554 in
1480 1534 1526 1560 ea,
1542 1526 1580 1554 de
1595 1535 1656 1563 qua
1672 1526 1781 1562 agitur,
1802 1527 1938 1555 oratione

1110 1571 1250 1607 usurpari
1270 1571 1489 1599 animadverto.
1508 1572 1539 1598 In
1559 1570 1720 1606 ipsa,enim
1736 1570 1778 1599 ita
1793 1571 1938 1607 scriptum

1109 1615 1217 1650 legitur
1231 1615 1327 1652 (apud
1343 1615 1428 1643 Basil.
1446 1618 1465 1643 ι.
1491 1617 1523 1648 ll,
1538 1623 1582 1651 _p.
1607 1616 1683 1650 139):
1710 1618 1937 1650 Atanun'ropsvai

1109 1660 1219 1696 πλευραὶ
1252 1658 1445 1691 δεδαπάνηντο,
1474 1659 1528 1685 ἀλλ’
1554 1661 1568 1688 ἡ
1600 1664 1645 1685 τοῦ
1676 1663 1838 1696 φρονήματος
1865 1660 1936 1688 ἤνθει

1110 1705 1260 1742 φιλοσοφία.
1278 1705 1415 1739 Perfossa
1428 1705 1526 1732 latera
1537 1703 1786 1732 absumebantur:
1798 1705 1849 1732 sed
1857 1713 1938 1733 men-

1110 1751 1147 1778 tis
1158 1750 1351 1784 philosophia
1363 1749 1528 1784 ef'ﬂorebat.
1542 1748 1679 1777 Similiter
1689 1749 1874 1784 comparatio
1886 1749 1937 1778 illa

1109 1796 1276 1830 pratorum,
1290 1801 1360 1830 quin
1371 1793 1584 1829 Chrysostomo
1604 1800 1666 1820 non
1688 1793 1806 1827 ingrata
1820 1795 1893 1827 erat,
1909 1796 1938 1822 et

1108 1839 1176 1875 ipsa
1191 1846 1312 1875 quoque
1327 1838 1358 1866 in
1373 1846 1418 1871 ea,
1433 1837 1470 1865 de
1485 1845 1547 1873 qua
1562 1845 1643 1865 nunc
1664 1838 1867 1866 controversia
1882 1841 1936 1871 est,

1109 1883 1243 1912 oratione
1253 1891 1271 1911 a
1284 1882 1418 1919 quolibet
1432 1882 1512 1910 cerni
1527 1884 1632 1918 potest.
1651 1881 1708 1910 Sed
1721 1882 1822 1918 ipsum
1835 1885 1938 1911 aucto-

1108 1936 1183 1962 rem,
1199 1928 1336 1964 quisquis
1351 1929 1405 1961 est,
1421 1927 1526 1955 audire
1539 1928 1672 1962 praestat.
1688 1926 1832 1961 Sicigitur
1841 1926 1937 1963 loqui-

1109 1975 1157 2000 tur
1169 1972 1262 2008 (apud
1275 1972 1361 2000 Basil.
1373 1980 1403 2008 ρ.
1423 1972 1504 2007 MO):
1527 1971 1707 2008 Κολαστήριον
1727 1970 1800 2002 ξύλον
1820 1972 1854 2002 ὡς
1878 1981 1935 1997 σω-

1109 2020 1196 2054 τήριον
1224 2016 1415 2053 ἀσπαζόμενος,
1441 2015 1584 2052 κλείσμασι
1611 2014 1800 2052 δεσμωτηρίων
1825 2017 1859 2047 ὡς
1883 2015 1936 2042 λει-

1109 2066 1178 2098 μῶσι
1193 2063 1356 2098 τερπόμενος.
1370 2061 1521 2096 Supplicii
1534 2061 1650 2095 lignum
1661 2061 1742 2088 velut
1750 2060 1883 2089 salutare
1893 2068 1936 2088 os-

1110 2106 1284 2139 culabatur,
1298 2106 1388 2140 septis
1408 2112 1565 2133 carcerum
1584 2112 1637 2133 ceu
1654 2106 1752 2140 pratis
1770 2105 1936 2140 gaudebat.

1110 2151 1268 2184 Quomodo
1283 2158 1356 2186 ergo
1371 2149 1488 2185 Basilio,
1505 2158 1574 2177 cum
1589 2150 1626 2177 de
1645 2152 1777 2186 martyre
1797 2150 1936 2178 Barlaam

1109 2203 1281 2223 sermonem
1287 2194 1421 2228 haberet,
1428 2194 1509 2222 venit
1520 2194 1551 2222 in
1564 2196 1695 2222 mentem
1701 2194 1744 2222 uti
1750 2194 1935 2230 quibusdam

1107 2239 1254 2276 loquendi
1267 2238 1438 2274 generibus,
1458 2238 1570 2274 quibus
1586 2246 1738 2275 nusquam
1752 2238 1783 2266 in
1798 2239 1885 2267 certis
1900 2247 1937 2267 ac

1108 2284 1280 2313 indubitatis
1294 2283 1356 2311 suis
1368 2283 1555 2311 orationibus
1573 2291 1644 2311 usus
1659 2282 1749 2311 fuisse
1765 2283 1912 2311 invenitur
1922 2283 1937 2310 7

1108 2331 1211 2357 Nonnc
1225 2328 1315 2364 longe
1321 2327 1509 2365 probabilius
1516 2330 1767 2356 estcontroversas
1773 2328 1864 2363 hujus
1871 2335 1936 2356 ora-

1109 2374 1195 2403 tionis
1211 2381 1316 2402 verum
1333 2381 1367 2400 ac
1381 2372 1550 2407 legitimum
1562 2374 1719 2409 parentem
1732 2380 1796 2400 esse
1810 2373 1938 2409 Chryso-

1110 2421 1253 2451 stomum,
1268 2417 1321 2453 qui
1335 2417 1380 2451 iis,
1395 2424 1471 2452 quas
1479 2416 1551 2451 dixi,
1565 2416 1686 2444 dicendi
1698 2416 1835 2445 formulis
1849 2417 1937 2446 fami-

1107 2463 1218 2492 liariter
1233 2463 1276 2490 uti
1286 2461 1413 2489 soleret?
1427 2462 1508 2489 Hanc
1518 2461 1684 2489 orationem
1694 2461 1863 2497 longiorem
1871 2470 1936 2491 esse

1107 2515 1314 2544 percuperem.
1331 2507 1366 2533 ld
1381 2506 1406 2534 si
1420 2508 1506 2537 esset,
1523 2505 1773 2542 szepius,opinor,
1791 2508 1854 2534 tum
1869 2515 1935 2535 ver-

1107 2553 1182 2580 bum
1205 2551 1360 2588 φιλοσοφεῖν,
1378 2553 1443 2578 tum
1462 2553 1618 2587 pratorum
1638 2550 1824 2587 comparatio
1848 2551 1880 2579 in
1899 2559 1935 2580 ea

1107 2599 1286 2629 occurreret;
1299 2596 1402 2632 sicque
1412 2595 1509 2630 magis
1519 2595 1836 2632 intelligereturipsam
1843 2597 1936 2633 Chry-

1108 2643 1241 2670 sostomo
1251 2640 1340 2668 tribui
1346 2639 1465 2668 debere.
1475 2639 1597 2668 Accedit
1605 2640 1706 2676 etiam,
1716 2640 1799 2676 quod
1807 2641 1933 2670 Basilius

1106 2687 1137 2714 in
1146 2685 1337 2722 panegyricis
1348 2685 1410 2712 suis
1424 2684 1611 2713 orationibus
1624 2693 1743 2721 semper
1751 2687 1851 2714 utatur
1860 2694 1934 2714 voce

1106 2731 1168 2768 ἀνὴρ
1182 2730 1222 2759 ad
1236 2730 1318 2766 ipsos
1333 2731 1488 2766 martyres,
1505 2737 1582 2765 quos
1601 2729 1714 2762 laudat,
1732 2730 1931 2759 iudicandos:

1105 2775 1412 2812 Chrysostomusvero
1424 2774 1455 2802 in
1468 2773 1502 2802 iis
1517 2782 1594 2810 quas
1606 2774 1692 2804 citavi
1704 2775 1891 2804 orationibus
1904 2778 1934 2804 et
