2020 3140
77 151 106 177 17
823 148 891 174 ΡΒᾸ

949 146 1017 174 ΤΙΟ.
1755 149 1786 175 18

71 211 100 239 in
110 210 296 247 quibusdam
307 210 371 238 aliis
378 218 537 247 nunquam
545 218 613 239 eam
623 218 728 239 vocem
737 211 796 238 hoc
806 217 891 238 sensu

952 208 1140 242 ἐκπιπτούσης,
1165 213 1212 240 τῆς
1233 211 1322 246 χειρὸς
1336 208 1365 236 δὲ
1387 210 1425 235 ἔτι
1444 211 1584 245 τεταμένης
1606 218 1669 245 προς
1685 209 1782 238 πάλην.

70 257 204 291 usurpat.
222 255 264 283 Ex
279 263 341 291 quo
360 254 403 290 ﬁt,
425 258 457 282 ut
474 255 538 283 haec
555 256 659 283 concio
681 255 895 292 Chrysostomo

67 300 165 336 potius
181 299 272 328 tribui
286 299 405 334 debeat,
421 307 515 336 quam
531 300 650 328 Basilio.

102 347 127 372 9.
147 345 282 378 Exstant,
302 346 335 372 ut
354 352 389 372 ex
411 344 496 372 dictis
510 347 602 381 patet.
619 352 773 373 sermones
789 344 850 372 duo
865 343 896 372 in

67 389 203 417 Barlaam
210 390 385 424 martyrem.
391 390 471 417 Unus
479 389 518 417 ab
527 389 736 425 omnibusfuno
746 397 896 418 consensu

69 433 207 462 scribitur
230 434 472 469 ChrySOStomo:
495 434 578 469 alter,
607 434 644 462 de
675 443 736 471 quo
765 434 894 469 agimus,

65 479 96 506 in
112 478 351 506 controversiam
367 481 500 507 vocatur.
515 479 581 513 Sed,
593 479 653 507 nisi
665 479 752 507 valde
764 479 859 510 fallor,
871 478 896 506 si

66 522 134 560 quis
155 522 232 551 duas
253 523 309 551 has
333 523 483 552 orationes
512 523 587 552 inter
611 531 642 552 se
666 524 895 560 comparaverit,

65 567 220 604 utriusque
232 567 376 596 eumdem
393 570 547 597 auctorem
566 577 631 597 esse
644 569 729 597 facile
742 568 894 603 intelliget.

67 613 177 640 Auctor
189 612 282 647 enim,
298 612 470 649 quicunque
485 613 533 641 ille
549 612 613 648 fuit,
629 613 680 650 qui
693 613 773 641 hanc
788 613 895 641 oratio-

66 664 134 684 nem
154 658 370 692 pronuntiavit,
392 665 462 685 cum
480 658 585 694 paucis
604 657 703 686 verbis
724 658 896 686 concionari

65 700 223 736 statuisset,
254 701 330 729 nihil
353 701 435 729 aliud
459 702 516 730 sibi
545 702 739 739 proposuisse
766 702 894 737 videtur,

66 746 318 782 quamepitomen
324 745 492 782 quamdam
499 747 780 781 alteriusjconcionis
787 746 893 775 facere.

67 790 97 818 Et
105 797 176 818 vero
190 789 344 826 quidquid
359 790 390 818 in
403 790 533 826 longiori
547 791 692 819 concione
708 790 746 819 de
760 791 896 827 martyrii

66 843 170 870 genere
184 838 337 868 narratur,
362 843 452 863 omne
467 836 497 864 id
519 836 550 864 in
565 836 656 865 altera
672 836 800 864 breviter
815 844 895 864 sum-

952 253 1034 287 Quod
1039 256 1217 288 postremum
1228 257 1406 282 tormentum
1413 254 1483 282 eiab
1492 254 1621 281 inimicis
1628 254 1784 282 admotum

951 301 1003 326 est.
1013 298 1132 326 Etenim
1143 298 1271 326 libamen
1280 299 1464 326 daemonibus
1472 299 1601 333 farturi,
1612 299 1708 333 ignem
1720 306 1785 326 ara:

951 350 1017 370 cum
1032 342 1251 377 imposuissent,
1268 343 1434 371 adductum
1450 345 1616 378 martyrem
1631 345 1703 371 ante
1715 351 1782 371 eum

950 387 1069 420 sistunt,
1081 390 1170 423 atque
1180 388 1336 415 dexteram
1344 388 1484 422 supinam
1498 395 1590 422 super
1605 388 1705 415 altare
1712 395 1784 422 pro-

951 432 1225 466 tenderejubentes,
1238 440 1331 460 manu
1343 433 1424 460 velut
1438 439 1516 460 zerea
1531 439 1588 460 ara
1601 433 1690 460 abusi
1700 435 1782 466 sunt,

951 477 1074 504 ardente
1090 477 1179 505 thure
1198 477 1229 504 in
1249 485 1283 506 ea
1306 478 1438 512 maligne
1458 478 1643 512 imposita...
1661 477 1782 505 Etenim

949 521 1072 556 ﬂamma
1080 522 1199 557 quidem
1211 529 1334 550 manum
1342 522 1483 557 perrosit,
1499 522 1552 550 sed
1564 525 1664 550 tamen
1675 529 1784 550 manus

947 567 1115 601 permansit
1129 567 1284 601 ﬂammam
1304 567 1394 603 quasi
1408 568 1538 595 cinerem
1562 569 1682 601 gestans
1698 574 1709 594 .·
1723 574 1784 594 ηοη

950 611 1031 639 dedit
1047 614 1163 646 tergum
1174 612 1385 646 stevientiigni
1399 612 1596 646 fugitivorum
1610 611 1641 639 in
1657 618 1780 644 morem,

949 656 1002 684 sed
1010 656 1131 684 immota
1139 657 1270 691 perstitit
1280 659 1387 685 contra
1396 657 1551 691 ﬂammam
1563 659 1685 683 strenue
1695 655 1784 683 dimi-

951 709 1080 730 cans.....
1094 702 1248 736 ﬂammam
1264 702 1346 729 inter
1362 705 1387 729 et
1403 702 1560 729 dexteram
1575 700 1725 735 martyris
1737 700 1785 728 in-

950 746 1125 774 struebatur
1139 747 1222 774 tucta
1244 754 1250 773 ε
1270 746 1321 774 sed
1343 746 1467 774 dextera
1485 753 1595 774 novam
1619 745 1783 781 quamdam

952 791 1150 818 luctaminum
1160 791 1316 818 victoriam
1328 790 1465 823 habebat,
1474 789 1718 825 quandoquidem
1731 796 1783 824 per

951 835 1079 864 mediam
1090 836 1378 870 manumftraseunte
1387 836 1521 870 ﬂamma,
1540 843 1649 863 manus
1662 834 1703 863 ad
1719 835 1783 862 luc-

67 879 229 916 matimque
250 879 366 908 dictum
389 882 443 916 est,
466 880 507 908 sic
524 883 556 909 ut
573 881 703 909 dubitari
722 881 772 909 vix
789 881 893 917 possit,
909 885 932 912 B
952 883 1012 909 tam
1022 881 1246 915 porrigebatur.
1262 882 1303 908 Ex
1314 881 1424 916 quibus
1439 880 1612 915 intelligitur
1621 887 1684 907 non
1699 887 1780 907 eam-

67 923 137 959 quin
156 923 316 960 utriusque
332 923 474 952 orationis
493 932 572 952 unus
585 927 614 952 et
628 924 709 952 idem
721 932 831 961 parens
848 925 893 953 sit.

68 969 129 995 lmo
143 975 203 996 non
218 968 330 996 eadem
346 968 444 996 solum
462 969 636 997 summatim
655 969 844 1006 reperiuntur
864 970 896 997 in

69 1012 192 1040 breviori
207 1013 356 1041 concione
374 1021 380 1040 :
402 1013 456 1041 sed
476 1013 583 1042 eadem
601 1014 691 1042 etiam
710 1014 804 1043 verba
818 1022 896 1043 non-

66 1064 221 1093 nunquam
236 1057 429 1085 adhibentur.
444 1059 477 1085 Et
491 1060 523 1086 ut
536 1066 572 1086 ea
583 1058 620 1086 de
634 1066 664 1086 re
677 1067 695 1086 a
707 1059 815 1095 quovis
826 1059 895 1087 faci—

65 1101 121 1128 lius
135 1102 303 1129 existimari
317 1102 421 1138 possit,
437 1102 538 1139 aliqua
552 1103 619 1131 loca
635 1111 671 1131 ex
688 1106 815 1140 utraque
830 1111 896 1132 ora-

67 1146 144 1174 tione
172 1146 355 1174 exscribam.
385 1149 416 1174 In
437 1146 564 1182 longiori
583 1147 671 1182 igitur
690 1148 842 1176 concione'
854 1148 896 1176 sic

67 1190 171 1225 legitur
186 1191 283 1227 (apud
294 1191 446 1227 Cbrysost.
464 1193 482 1219 t.
505 1193 537 1226 ll,
554 1200 584 1229 p.
600 1194 651 1220 682
666 1195 694 1221 et
710 1193 804 1230 seq.):
822 1193 896 1219 Ὀλό-

69 1234 161 1271 ιληρον
183 1235 210 1261 ἐν
230 1240 264 1272 τῇ
287 1233 362 1272 δεξιᾲ
380 1238 464 1273 πυρὰν
480 1235 636 1273 βαστάζων.
648 1258 654 1264 .
666 1260 671 1265 .
683 1259 689 1265 .
701 1259 707 1265 .
727 1241 772 1264 καὶ
787 1240 837 1274 γάρ
852 1240 896 1264 καὶ

66 1283 140 1305 τοῦτο
160 1284 208 1311 τῆς
233 1280 332 1306 ὶκείνου
356 1283 515 1316 κακουργίας
540 1280 581 1314 ἦν,
609 1283 652 1308 τὸν
681 1285 716 1318 μὴ
747 1283 838 1314 εὐθέως
867 1284 895 1309 εκ

63 1326 206 1360 προοιμίων
232 1323 341 1359 χαλεπὰ
363 1326 504 1360 προσάγειν
529 1324 561 1350 τὰ
585 1329 799 1362 μηχανήματα...
830 1327 896 1358 ἐξελ-

65 1369 138 1394 θόντα
167 1368 197 1394 δὲ
224 1369 306 1395 αὑτὸν
335 1369 370 1400 εἰς
394 1372 472 1405 μέσον
495 1369 631 1406 ἀγαγὼν..,
660 1374 692 1397 Τί
720 1374 804 1398 τοίνυν
836 1371 893 1398 ἐστὶ

64 1415 90 1439 τὸ
111 1414 288 1449 μηχάνημα;
310 1415 360 1442 Τὴν
381 1418 460 1451 χεῖρα
478 1414 644 1446 χελεὺσαντες
665 1416 760 1442 ὑπτίαν
783 1416 894 1443 ἐκτεῖναι

65 1457 178 1494 ὑπεράνω
209 1456 259 1484 τοῦ
295 1457 397 1494 βωμοῦ,
418 1458 553 1488 ἐπέθηκαν
581 1459 710 1496 ἀνθρακας
745 1470 789 1486 χαι
822 1460 895 1487 λιϐα-

64 1504 139 1528 νωτὸν
162 1504 193 1539 τῂ
225 1505 359 1539 χειρὶ.....
391 1504 462 1539 ἔμενε
493 1505 542 1541 γάρ
572 1505 584 1530 ό
612 1506 740 1542 μακάριος
769 1505 893 1542 Βαρλαάμ

63 1545 150 1576 ἀκλινῆ
181 1550 228 1573 καὶ
261 1547 446 1585 ἀπερίτρεπτον
478 1552 564 1585 τηρῶν
598 1552 645 1578 τήν
678 1553 803 1587 χεῖρα,.,.

63 1591 96 1622 ὡς
132 1591 159 1622 ἐξ
195 1590 350 1628 ἀδάμαντος

65 1636 193 1671 ipsum...
226 1640 274 1662 καὶ
301 1638 326 1663 οὶ
353 1639 398 1673 μὲν
424 1639 551 1675 ἄνθρακες
579 1640 609 1665 τὸ
635 1641 714 1675 μέσον
734 1643 781 1670 τῆς
804 1641 894 1677 χειρὸς

65 1679 258 1717 διατρήσαντες
280 1681 416 1713 ἐξέπιπτον
432 1685 512 1716 κάτω,
529 1685 543 1713 ἡ
568 1682 597 1710 δὲ
617 1682 723 1721 ἀνδρεία
737 1689 786 1715 τῆς
800 1685 893 1720 ψυχῆς

63 1725 91 1750 οὐ
107 1723 255 1754 διέπιπτεν.
266 1727 421 1762 Integram
432 1728 463 1755 in
472 1728 596 1756 dextera
603 1736 713 1764 pyram
725 1732 892 1764 gestans....

63 1770 170 1798 etenim
179 1770 235 1798 hoc
244 1779 360 1807 quoque
371 1773 495 1800 malitia:
505 1773 589 1801 illius
596 1774 667 1809 fuit,
679 1774 760 1810 quod
768 1775 868 1802 statim
875 1782 894 1802 a

62 1815 214 1850 principio
221 1823 329 1850 graves
338 1817 496 1845 machinas
507 1825 566 1846 non
574 1818 749 1847 admoverit.
798 1826 893 1854 egres-

62 1867 127 1888 sum
142 1863 244 1889 autem
261 1861 348 1889 illum
366 1869 433 1890 eum
450 1862 482 1889 in
499 1862 628 1891 medium
647 1863 833 1892 adduxisset.
845 1885 852 1892 .
863 1884 887 1891 ..

61 1904 217 1938 Quodnam
225 1905 408 1941 igitur-illud
415 1909 458 1934 est
466 1907 740 1936 machinamentum
747 1909 760 1936 ?
769 1909 838 1936 (tum
848 1916 892 1935 su-

56 1956 109 1983 per
131 1957 220 1978 aram
240 1950 400 1978 extendere
417 1958 540 1979 manum
563 1953 703 1987 supinam
720 1953 890 1988 jussissent,

56 2001 172 2028 prunas
185 1997 213 2022 et
229 1994 301 2022 thus
311 1995 417 2023 manui
425 1996 678 2030 imposuerunt....
696 1997 798 2025 beatus
812 1998 890 2025 enim

58 2039 205 2067 Barlaam
220 2047 277 2067 nec
291 2039 469 2068 inclinatam
486 2048 540 2068 nec
551 2041 700 2070 inversam
715 2050 839 2070 manum
851 2047 890 2071 te-

55 2091 128 2111 nens
137 2084 357 2118 permansit...
368 2084 426 2119 sed,
438 2086 526 2120 quasi
532 2093 570 2113 ea:
578 2085 740 2115 adamante
751 2093 889 2119 concreta

55 2130 137 2160 esset,
158 2135 271 2156 manus
286 2128 343 2156 illa
355 2129 552 2163 permanebat
565 2131 721 2159 immota...
740 2135 767 2160 et
779 2141 890 2168 pruna

54 2173 176 2207 quidem
193 2180 264 2200 cum
279 2173 379 2201 votam
393 2181 501 2201 manus
514 2175 733 2209 perforassent,
750 2177 889 2207 deorsum

392 1597 537 1629 πεπηγυῖα,
585 1595 666 1625 οὕτως
710 1594 894 1631 ἀπερίτρεπτος

951 924 1021 953 dem
1039 925 1136 953 solum
1150 925 1328 953 sententiam
1343 925 1374 952 in
1389 924 1510 953 duabus
1526 925 1572 952 his
1589 923 1780 952 orationibus

950 970 1082 1005 reperiri,
1092 969 1156 999 sed.
1170 972 1202 997 ut
1214 969 1284 1001 dixi,
1297 969 1404 998 eadem
1418 969 1510 998 verba
1521 970 1552 997 in
1565 972 1692 1005 utraque
1704 975 1779 996 non-

949 1022 1108 1051 nunquam
1120 1015 1268 1050 usurpari.
1278 1015 1411 1049 Namjhae
1420 1022 1519 1049 voces,
1530 1013 1613 1046 δεξιὰ,
1627 1013 1781 1050 βαστάζων,

950 1061 1101 1096 προσάγειν,
1132 1059 1244 1096 ἀγαγὼν,
1281 1061 1439 1096 μηχάνημα,
1469 1059 1645 1091 κελεύσαντες,
1674 1059 1781 1091 ὑπτιαν,

951 1104 1054 1141 βωμοῦ⁷
1089 1105 1238 1140 λιϐανωτὸν,
1264 1106 1343 1141 ἔμενε,
1368 1107 1456 1141 μέσον,
1482 1104 1628 1137 ἐξέπιπτον,
1657 1111 1726 1140 quae
1750 1103 1782 1131 in

950 1149 1084 1184 longiore
1091 1150 1234 1178 concione
1242 1149 1563 1183 inveniuntur,eaedem
1572 1149 1637 1177 etin
1644 1148 1782 1176 breviore

950 1193 1098 1229 leguntur,
1120 1194 1186 1222 licet
1202 1194 1312 1230 saepius
1326 1194 1410 1222 aliter
1421 1194 1548 1221 inflexae.
1575 1193 1640 1221 Scio
1657 1192 1782 1229 quidem

950 1246 1052 1266 rarum
1067 1246 1129 1266 non
1144 1246 1220 1272 esse,
1234 1240 1266 1266 ut
1281 1238 1342 1265 duo
1358 1238 1516 1274 scriptores
1534 1238 1588 1274 qui
1598 1237 1679 1265 idem
1694 1244 1783 1271 argu-

950 1285 1086 1311 mentum
1095 1285 1229 1317 tractent,
1241 1283 1341 1310 nonin
1351 1283 1503 1310 sententiis
1512 1282 1616 1317 modo,
1626 1281 1679 1309 sed
1692 1281 1782 1309 etiam

949 1327 980 1356 in
994 1327 1145 1364 aliquibus
1160 1327 1259 1356 verbis
1275 1327 1440 1364 aliquando
1455 1327 1656 1355 conveniant:
1683 1326 1737 1354 sed
1750 1325 1782 1353 in

949 1372 996 1400 his
1011 1380 1078 1409 quin
1093 1373 1214 1410 protuli,
1230 1374 1292 1400 tam
1306 1372 1400 1400 multa
1415 1373 1485 1399 sunt
1498 1379 1565 1407 qua:
1578 1371 1654 1399 inter
1665 1378 1696 1398 se
1708 1378 1780 1398 con-

949 1417 1080 1449 veniunt,
1098 1420 1132 1446 ut
1144 1419 1247 1454 putem
1258 1425 1319 1445 non
1335 1417 1420 1445 facile
1434 1416 1560 1453 proferri
1575 1423 1664 1452 posse
1679 1423 1780 1443 exem<

949 1463 1035 1499 plum
1050 1462 1185 1498 aliquod,
1196 1462 1227 1490 in
1241 1470 1303 1498 quo
1318 1462 1380 1490 duo
1395 1461 1555 1498 scriptores
1568 1461 1600 1488 in
1608 1462 1669 1488 tam
1678 1459 1781 1488 multis

950 1507 980 1534 in
988 1509 1050 1535 tam
1060 1507 1165 1543 paucis
1175 1506 1276 1534 verbis
1286 1506 1490 1534 convenerint.
1501 1506 1597 1538 Quare
1608 1504 1697 1538 longe
1706 1503 1780 1531 mihi

839 1549 894 1576 ἁλλ’
910 1562 930 1590 c
948 1552 1139 1580 verisimilius
1161 1552 1278 1580 videtur
1299 1551 1456 1588 utriusque
1478 1549 1621 1578 orationis
1640 1557 1736 1577 unum
1752 1551 1781 1576 et

949 1598 1091 1626 eumdem
1110 1596 1263 1625 auctorem
1279 1605 1354 1630 eSSe,
1370 1596 1423 1633 qui
1438 1604 1508 1624 cum
1523 1595 1606 1623 idem
1619 1602 1780 1630 argumen-

948 1644 1013 1670 tum
1028 1642 1074 1670 bis
1085 1644 1212 1670 tractare
1229 1642 1391 1675 statuisset,
1411 1641 1442 1669 in
1458 1639 1620 1677 posteriore
1635 1638 1780 1666 concione

949 1687 1100 1724 epitomen
1131 1686 1238 1723 prioris
1271 1685 1382 1714 fecerit.
1412 1685 1503 1714 Plane
1530 1686 1632 1713 autem
1662 1684 1779 1711 constat

948 1731 1056 1768 prioris
1068 1733 1221 1759 auctorem
1230 1730 1479 1766 Chrysostomum
1490 1737 1554 1757 esse
1567 1738 1573 1757 :
1591 1735 1779 1764 consequens

949 1777 992 1803 est
1006 1775 1096 1810 igitur
1115 1777 1147 1802 ut
1162 1775 1309 1810 posterior
1323 1774 1349 1802 ei
1363 1781 1486 1810 quoque
1502 1773 1660 1801 tribuatur.

986 1821 1028 1848 to.
1040 1819 1115 1847 Satis
1134 1819 1258 1855 quidem
1278 1818 1385 1851 sciunt,
1401 1818 1453 1854 qui
1467 1817 1594 1854 paulum
1609 1816 1701 1844 modo
1716 1823 1778 1843 ver-

948 1864 1004 1892 sati
1012 1863 1119 1891 suntin
1128 1863 1263 1898 legendis
1273 1863 1475 1899 Chryso’stomi
1483 1862 1611 1898 scriptis,
1619 1868 1776 1889 summum

946 1909 1027 1936 hunc
1034 1908 1133 1936 virum
1143 1907 1306 1944 aliquando
1318 1908 1529 1935 concionatum
1538 1906 1628 1934 fuisse
1639 1907 1707 1933 ante
1716 1904 1776 1941 epi-

946 1962 1074 1990 scopum
1090 1953 1263 1982 Flavianum
1279 1961 1285 1980 :
1298 1953 1351 1981 sed
1361 1955 1469 1985 tamen,
1481 1952 1625 1988 quoniam
1639 1951 1680 1980 ita
1687 1958 1776 1986 expe-

945 1999 997 2032 dit,
1020 1999 1087 2027 loca
1105 1998 1207 2035 aliqua
1225 1998 1337 2035 quibus
1360 1998 1391 2026 id
1413 2000 1514 2034 aperte
1533 1996 1720 2030 ostendatur,
1742 1995 1774 2022 in

944 2044 1079 2072 medium
1095 2043 1245 2072 adducere
1268 2051 1330 2071 non
1351 2043 1473 2079 pigebit.
1492 2043 1566 2070 Cum
1579 2041 1666 2076 igitur
1682 2041 1773 2076 Chry-

939 2090 1097 2116 tostomus
1112 2087 1353 2116 Machabaeorum
1364 2087 1469 2116 laudes
1480 2088 1624 2118 narraret,
1637 2085 1678 2113 ita
1692 2085 1772 2113 locu-

943 2134 991 2160 tus
1015 2135 1059 2160 est
1083 2132 1111 2168 (ἲ.
1141 2132 1175 2167 ΙΙ,
1198 2140 1227 2168 p.
1250 2132 1330 2167 63l):
1357 2132 1424 2157 Ἀλλ’
1449 2133 1503 2168 ὥρα
1526 2131 1616 2157 λοιπὸν
1636 2133 1772 2156 καταπαῦ-

945 2187 990 2204 σαι
1018 2177 1060 2203 τόν
1080 2177 1165 2213 λόγον,
1191 2178 1259 2203 ὥστε
1283 2176 1406 2203 πλειόνων
1429 2177 1525 2207 αὐτοὺς
1550 2175 1697 2202 ἀπολοῦσαι
1722 2178 1771 2200 τῶν

56 2217 219 2249 cadebant,
253 2220 285 2245 at
315 2218 424 2246 animo?
445 2219 595 2252 fortitudo
618 2228 677 2247 non
704 2223 886 2252 concidebat.

947 2224 1077 2258 ἐγκωμίων
1092 2223 1163 2258 παρά
1173 2226 1209 2257 τῷ
1229 2226 1305 2257 κοινῷ
1322 2219 1487 2257 διδασκάλῳ.
1500 2221 1561 2250 Sed
1572 2222 1639 2256 jam
1655 2223 1770 2254 tempus

55 2261 125 2293 Quae
151 2263 258 2289 autem
277 2261 308 2289 in
327 2261 456 2290 breviori
479 2263 612 2291 oratione
632 2263 772 2299 leguntur
795 2268 889 2303 (apud

56 2304 140 2333 Basil.
157 2312 188 2341 Ρ.
208 2305 272 2340 140)
287 2304 351 2332 haec
371 2307 457 2333 sunt:
475 2306 504 2331 Ὀ
520 2304 553 2335 δὴ
570 2306 715 2334 τελευταῖον
731 2309 802 2346 αὐτῷ
817 2313 889 2348 παρὰ

53 2354 100 2374 τῶν
119 2349 307 2386 πολεμοῦντων
322 2355 457 2387 προσῆκτο
473 2353 633 2388 μηχάνημα,
652 2355 741 2389 Βωμὸν
757 2356 807 2392 γάρ
823 2358 887 2393 πρὸς

55 2395 96 2422 τὴν
117 2398 168 2420 τῶν
190 2393 326 2430 δαιμόνων
351 2393 466 2424 σπονδήν
489 2395 691 2430 ἀνακαύσαντες,
722 2399 811 2426 ἱστᾶσι
825 2402 886 2438 παρ’

55 2437 122 2473 αὗτῷ
146 2438 291 2474 ἀγαγόντες
314 2441 357 2465 τὸν
377 2441 508 2477 μάρτυρα,
524 2443 619 2477 καὶτῷ
640 2441 722 2478 βωμῷ
737 2446 782 2473 τὴν
798 2437 886 2476 δεξιὰν

57 2482 146 2509 ὑπτίαν
166 2483 336 2520 ἑπαιωρῆσαι
356 2484 530 2517 κελεύσαντες,
548 2487 581 2516 ὡς
597 2486 689 2522 χαλκῶ
703 2489 885 2526 θυσιαστηρίῳ

56 2531 85 2561 τῇ
98 2531 170 2563 χειρί
180 2530 394 2564 κατεχρήσαντο,
406 2528 546 2556 λιϐανωτὸν
562 2530 628 2566 αὑτῇ
641 2534 790 2569 κακούργως
802 2535 885 2562 nudis.

56 2579 94 2601 τες
116 2571 318 2615 φλεγόμενοι...
342 2576 369 2598 'H
392 2574 437 2609 μὲν
458 2575 507 2610 γάρ
527 2574 589 2610 φλὸξ
607 2578 652 2604 τὴν
675 2580 754 2613 χεῖρα
777 2576 883 2615 διέτρω-

53 2624 103 2648 γεν,
131 2617 206 2652 ἴμενε
238 2614 266 2642 δὲ
292 2617 306 2645 ἡ
329 2619 388 2654 ⁴χεὶρ
419 2619 453 2649 ὡς
475 2620 568 2655 τέφραν
600 2622 647 2648 τὴν
676 2620 756 2657 φλόγα
784 2614 884 2658 βαάτά-

57 2660 149 2690 ζουσα·
177 2661 231 2687 οὐχ
255 2659 334 2687 ἔδωκε
357 2666 393 2698 τῷ
414 2662 568 2699 πολεμονντι
588 2666 655 2690 κατα
679 2668 738 2696 τοὺς
764 2666 884 2703 φυγάδας

54 2705 84 2729 τὰ
119 2709 201 2737 νῶτα,
230 2703 288 2730 ἀλλ’
322 2705 447 2743 ἄτρεπτος
475 2708 586 2737 εἱστήκει
610 2711 677 2735 κατὰ
705 2710 796 2746 φλογὸς
824 2711 884 2749 ἀρι-

55 2750 238 2776 στεύουσα....
258 2748 313 2774 ἀλλ’
331 2750 361 2779 ἦν
385 2755 431 2782 τῆς
457 2750 544 2784 δεξιοῖς
568 2756 641 2782 καινὴ
662 2764 700 2786 τις
721 2758 770 2781 τῶν
791 2748 885 2782 παλαι-

55 2794 160 2828 σμάτων
176 2795 192 2822 ἠ
223 2795 293 2824 νίκη,
314 2796 360 2826 τῆς
375 2798 420 2830 μὲν
443 2795 534 2832 φλογὸς
557 2795 603 2824 διὰ
625 2801 707 2834 μέσου
726 2804 772 2831 τῆς
795 2804 884 2839 χειρός

945 2270 998 2301 est,
1017 2270 1050 2294 ut
1066 2267 1155 2301 ﬁnem
1176 2267 1296 2295 dicendi
1316 2267 1477 2301 faciamus,
1494 2274 1552 2302 quo
1565 2266 1706 2301 pluribus
1721 2265 1772 2292 illi

945 2311 1084 2340 laudibus
1103 2320 1121 2339 a
1145 2312 1295 2340 communi
1317 2311 1437 2339 doctore
1452 2311 1655 2339 cumulentur.
1679 2311 1711 2337 In
1734 2317 1770 2337 ea

942 2358 1042 2384 autem
1057 2356 1201 2389 oratione,
1214 2364 1282 2392 quae
1293 2355 1323 2383 in
1336 2355 1431 2384 Natali
1448 2355 1564 2383 Domini
1576 2353 1770 2391 pronuntiata

941 2403 995 2434 est,
1011 2401 1053 2428 ita
1064 2400 1338 2428 edituminvenitur
1353 2409 1359 2433 ;
1377 2403 1420 2426 Ἔν
1437 2399 1466 2426 δὲ
1480 2400 1568 2426 λοιπὸν
1584 2399 1669 2431 εὶπων,
1687 2408 1769 2424 κατα-

941 2446 1034 2472 παύσω
1055 2446 1098 2470 τὸν
1122 2444 1208 2480 λόγον,
1233 2449 1269 2480 τῷ
1295 2449 1373 2480 κοινῷ
1399 2443 1555 2479 διδασκάλῳ
1572 2447 1622 2470 τῶν
1644 2444 1769 2480 μειζόνων

939 2490 1150 2527 παραχωρὴσας.
1165 2491 1261 2518 Unum
1274 2492 1393 2518 tantum
1408 2490 1434 2517 si
1444 2497 1524 2517 nunc
1536 2488 1690 2522 addidero,
1701 2495 1769 2516 ora-

939 2535 1015 2562 tioni
1027 2535 1198 2569 meteﬁnem
1209 2535 1376 2568 imponam:
1390 2541 1457 2570 quae
1468 2535 1587 2566 maiora
1597 2535 1678 2564 sunt,
1690 2539 1769 2560 com-

939 2579 1025 2608 muni
1043 2579 1157 2607 doctori
1176 2579 1302 2608 dicenda
1321 2580 1505 2615 relinquens.
1520 2579 1623 2614 Operae
1638 2577 1769 2614 pretium

939 2626 982 2652 est
996 2631 1077 2652 nunc
1093 2624 1200 2652 referre
1223 2632 1291 2660 qua:
1306 2624 1337 2651 in
1362 2626 1554 2652 controversa
1569 2623 1711 2651 concione
1726 2621 1769 2649 le-

939 2670 1059 2704 guntur,
1079 2671 1112 2696 ut
1126 2669 1261 2697 locorum
1283 2669 1471 2697 contentione
1488 2670 1515 2697 et
1535 2667 1768 2704 comparatione.

938 2713 1053 2742 facilius
1066 2714 1208 2749 cognosci
1221 2713 1315 2750 possit
1325 2713 1382 2742 utri
1392 2713 1457 2741 haec
1470 2713 1565 2741 oratio
1575 2711 1705 2741 adscribi
1719 2712 1770 2739 de-

938 2758 1018 2793 beat,
1043 2758 1160 2792 Basilio,
1176 2767 1215 2787 an
1238 2759 1464 2795 Chrysostomo.
1483 2759 1557 2786 Sunt
1571 2760 1673 2786 autem
1688 2757 1768 2792 ejus-

938 2801 1022 2831 modi
1034 2803 1130 2838 (Basil.
1146 2806 1166 2832 t.
1184 2803 1218 2835 ΙΙ,
1238 2811 1268 2839 p.
1283 2805 1344 2838 141)
1358 2812 1364 2831 :
1384 2803 1459 2829 Ἀλλὰ
1477 2806 1500 2829 τί
1515 2801 1650 2833 παιδικοῖς
1672 2802 1767 2828 ἔλαττῶ
