2020 3140
244 134 274 160 19
993 133 1188 161 ΡΚᾺΕΡΑΤΙΟ.
1920 143 1957 170 20

241 198 269 222 ὸν
283 196 393 233 ἀριστέα
409 196 572 232 ψελλίσμασι
589 205 595 228 ;
617 195 680 226 Tui;
701 195 990 232 μεγαλοπρεπεστέραις
1015 198 1067 222 τοί-

1127 196 1276 240 omnibus,
1292 202 1441 236 quotquot
1455 201 1589 234 aderant,
1611 204 1777 238 martyrum
1795 204 1956 240 sepulcris,

241 251 285 268 νυν
317 244 360 268 τὸν
388 242 423 273 εἰς
454 241 532 267 αὑτὸν
555 242 634 277 ὕμνον
662 243 900 278 παραχωρήσωμεν
929 240 1068 276 γλώτταις·

242 287 289 318 τὰς
318 286 558 323 μεγαλθφωνοτέρας
583 289 632 312 τῶν
663 284 832 312 διδασκάλων
860 285 900 312 ἐπ’
923 285 994 321 αὐτῷ
1022 295 1068 311 κα-

243 331 356 368 λέσωμεν
372 331 526 367 σάλπιγγας.
540 331 616 364 Quid
629 333 726 358 autem
738 331 855 365 puerili
866 330 997 358 balbutic
1012 331 1069 358 vic-

244 379 336 404 torem
342 383 483 411 magnum
489 375 623 410 deprimo
630 376 643 403 ‘3
653 376 760 404 Locum
768 375 913 410 martyris
922 375 1071 403 laudandi

243 422 379 450 cedamus
392 421 499 456 tinguis
513 421 829 456 magniﬁcentioribus,
841 423 931 456 atque
942 421 1070 448 vocalio-

242 474 288 494 res
293 466 447 494 doctorum
455 466 541 493 tubas
547 465 588 494 ad
594 465 624 493 id
629 466 815 499 prteconium
821 464 1071 493 invitemus.Fieri

242 510 366 547 quidem
380 512 487 546 potest,
503 512 536 537 ut
548 509 633 538 fallar
649 519 655 537 :
680 509 733 538 sed
746 518 815 538 cum
830 509 976 537 brevioris
991 509 1070 536 illius

241 555 394 584 concionis
413 556 566 583 auctorem
587 554 678 582 audio
698 554 739 583 ita
757 554 941 591 loquentem,
973 555 1071 582 locum

243 601 387 635 martyris
399 599 549 628 laudandi
560 600 700 628 cedamus
713 600 822 635 linguis
833 599 1071 634 magniﬁcentio-

241 645 335 679 ribus,
350 647 416 678 etc.,
426 644 530 673 audire
542 644 616 672 mihi
630 644 734 672 videor
749 644 1006 680 Chrysostomum,
1018 643 1072 680 qui

242 697 311 718 cum
332 690 475 726 episcopo
498 689 642 717 Flaviano
659 689 859 717 concionandi
878 688 980 717 locum
999 688 1071 717 dare

241 734 339 770 vellet,
356 734 397 762 ita
410 734 495 770 loqui
509 733 633 762 solebat.
651 735 707 761 Nec
721 734 883 770 quisquam
898 733 1005 762 dixerit
1015 741 1072 761 nu-

241 787 358 807 merum
375 778 557 814 singularem
572 778 602 806 in
617 777 682 806 aliis
693 786 770 814 quas
783 778 912 806 iudicavi
922 778 1073 806 concioni-

239 824 298 851 bus
305 823 456 860 usurpari,
462 823 511 850 hic
516 830 587 851 vero
593 822 752 859 pluralem.
762 823 802 851 Fit
808 823 888 851 enim
895 822 1070 859 aliquando,

1124 239 1287 269 obscurum
1300 249 1362 270 non
1374 243 1491 271 videtur
1500 244 1747 280 Chrysostomum
1758 246 1798 274 ad
1810 247 1957 282 martyris

1125 284 1260 313 Barlaam
1276 287 1425 315 tumulum
1442 296 1611 317 sermonem
1631 292 1800 318 convertere
1823 299 1829 318 :
1856 299 1957 326 eoque

1123 329 1231 364 magis,
1247 331 1331 366 quod
1345 331 1585 369 Chrysostomus,
1602 342 1671 362 cum
1687 334 1717 362 in
1732 335 1793 363 suis
1807 336 1955 364 orationi-

1123 373 1181 401 bus
1193 375 1282 403 utitur
1291 377 1572 413 numerolsingulari
1583 380 1694 416 μάρτυς,
1706 387 1775 408 eum
1786 382 1957 416 martyrem

1125 418 1279 454 signiﬁcet,
1288 427 1381 456 quem
1390 421 1532 451 laudibus
1543 431 1650 452 ornare
1659 425 1843 459 instituisset,
1856 425 1898 454 ob
1911 425 1956 453 id-

1124 471 1183 499 que
1204 464 1255 492 vix
1268 465 1397 494 dubium
1411 475 1476 495 esse
1489 470 1598 504 potest,
1616 470 1688 506 quin
1703 470 1761 498 hoc
1776 470 1865 498 etiam
1883 471 1956 499 loco

1125 511 1289 544 martyrem
1303 511 1438 540 Barlaam
1453 512 1584 542 indicare
1596 514 1732 548 voluerit,
1745 523 1812 543 cum
1824 523 1957 543 numero

1127 553 1271 589 singulari
1285 563 1358 584 usus
1373 557 1419 584 sit.
1436 557 1570 586 Arbitror
1585 558 1673 594 igitur
1688 559 1956 596 Chrysostomum,

1126 606 1196 626 cum
1210 599 1274 627 haec
1288 600 1381 628 verba
1396 602 1612 637 pronuntiaret,
1629 611 1695 632 cum
1709 605 1786 633 enim
1802 605 1956 633 hominem

1126 647 1294 678 correptum
1303 645 1561 681 ujdwmonejuxta
1572 650 1715 684 martyris
1725 651 1901 684 sepulcrum
1912 651 1957 678 vi-

1125 688 1213 723 deris,
1223 690 1290 723 etc.,
1299 691 1440 726 martyris
1450 691 1585 721 Barlaam
1595 700 1689 722 manu
1697 693 1846 722 tumulum
1855 697 1957 723 osten-

1126 731 1216 761 disse.
1236 733 1292 762 Sed
1317 734 1343 762 si
1362 735 1495 764 adversas
1510 737 1660 773 opinionis
1674 738 1846 768 defensores
1858 740 1958 768 semel

1126 777 1274 806 fateantur
1286 779 1435 815 prolixam
1450 780 1529 810 hanc
1539 782 1704 812 orationem
1716 783 1850 813 habitam
1859 784 1958 812 fuisse

1127 830 1162 850 eo
1174 822 1250 859 loco,
1268 823 1320 852 ubi
1335 825 1476 861 martyris
1491 826 1628 856 Barlaam
1644 836 1753 864 corpus
1765 828 1898 864 jacebat,
1911 829 1957 857 fa—

241 871 274 897 ut
282 870 414 897 oratores
422 875 550 896 numero
559 867 667 904 plurali
675 869 808 902 utantur,
820 875 890 896 cum
900 868 924 895 si
933 870 1070 896 accurate
1082 874 1107 901 ιΒ
1126 868 1244 896 teantur
1255 875 1376 897 necesse
1391 873 1436 898 est
1446 872 1586 907 martyris
1599 872 1676 900 illius
1688 873 1836 902 tumulum
1853 874 1958 902 Antio-

241 913 325 950 loqui
348 913 463 946 vellent,
490 914 644 940 uterentur
664 912 810 948 singulari
831 921 837 940 :
860 916 912 941 aut
931 913 1069 948 fortasse,

241 957 325 994 quod
339 965 358 986 a.
370 965 440 985 vero
450 965 512 986 non
527 957 678 991 abhorret,
689 957 750 985 duo
764 957 897 994 episcopi
913 958 1071 987 conciona-

241 1003 300 1031 turi
314 1004 398 1030 erant
411 1003 481 1038 post
495 1001 754 1038 Chrysostomum,
774 1002 827 1038 qui
841 1004 1001 1038 propterea
1016 1011 1071 1031 nu-

241 1055 360 1076 merum
375 1047 573 1075 multitudinis
589 1046 733 1075 adhibere
748 1047 892 1075 debuerit.
910 1048 992 1076 Certe
1009 1048 1071 1084 qui-

242 1092 312 1121 dem
321 1100 358 1120 ex
368 1092 436 1129 ipsa
447 1091 600 1120 concionis
611 1091 755 1120 brevitate
766 1091 913 1127 conjicere
923 1092 999 1128 licet,
1013 1095 1071 1121 tres

241 1137 373 1165 vicissim
394 1139 465 1165 tunc
482 1136 676 1165 concionatos
696 1136 933 1173 fuisse,quorum
952 1137 1070 1174 primus

241 1182 328 1210 fuerit
342 1182 586 1218 Chrysostomus,
596 1181 670 1209 alter
680 1181 850 1216 Flavianus,
861 1182 962 1210 tertius
974 1182 1071 1218 quivis

243 1226 410 1255 alius.Nihi1
417 1228 517 1254 autem
525 1225 564 1254 ad
569 1226 758 1262 propositum
766 1225 863 1260 refert,
871 1229 972 1255 utrum
981 1235 1071 1263 unus,

243 1280 282 1301 an
298 1271 360 1300 duo
375 1271 507 1307 episcopi
521 1271 568 1299 his
584 1279 652 1308 quis
664 1271 774 1308 protuli
788 1271 889 1300 verbis
900 1272 940 1301 ad
956 1273 1072 1302 concio-

242 1316 379 1345 nandum
394 1316 566 1344 invitantur.
582 1316 697 1344 Etenim
717 1316 778 1344 sive
794 1324 900 1350 unum,
918 1317 980 1345 sive
995 1317 1073 1346 duos

243 1360 337 1394 dicas,
352 1359 442 1396 plane
456 1359 606 1388 constabit
620 1360 686 1395 ejus
701 1360 739 1388 de
752 1368 814 1396 qua
826 1360 996 1396 disputatur
1007 1370 1074 1391 ora-

243 1405 331 1433 tionis
342 1404 483 1432 Basilium
496 1406 651 1433 auctorem
665 1412 728 1432 non
739 1413 817 1439 esse,
829 1413 899 1434 cum
914 1414 1004 1435 nemo
1017 1416 1072 1437 un-

244 1457 338 1486 quam
358 1451 427 1486 post
444 1448 545 1485 ipsum
567 1448 762 1477 concionatus
782 1449 873 1478 fuisse
891 1450 1072 1482 inveniatur.

283 1496 338 1529 10',
354 1495 502 1522 Praeterea
525 1493 549 1522 si
568 1494 721 1530 quispiam
742 1495 798 1523 has
820 1495 898 1523 duas
914 1497 1073 1526 conciones

1126 911 1199 940 chia:
1210 913 1365 949 exstitisse,
1379 916 1431 943 aut
1441 915 1542 951 potius
1553 916 1583 944 in
1594 924 1668 952 agro
1676 917 1871 954 Antiocheno,
1884 927 1958 947 cum

1125 956 1373 992 Chrysostomum
1387 959 1554 994 longiorem
1568 961 1651 989 illam
1661 962 1838 990 concionem
1847 963 1889 991 ibi
1901 963 1957 991 ha—

1124 1001 1226 1029 buisse
1241 1005 1365 1032 constet.
1379 1005 1453 1039 Ergo
1468 1004 1587 1034 brevior
1599 1006 1694 1034 oratio
1705 1007 1870 1036 Antiochia:
1879 1016 1958 1044 quo-

1124 1053 1184 1082 que
1198 1048 1391 1082 pronuntiata
1404 1051 1457 1084 est,
1476 1057 1544 1078 eum
1559 1052 1751 1086 pronuntiata
1767 1052 1804 1080 sit
1817 1060 1956 1089 quoque,

1126 1092 1157 1118 ut
1171 1099 1207 1118 ex
1221 1091 1308 1119 dictis
1323 1095 1403 1128 patet
1413 1093 1462 1129 (ὁ),
1478 1102 1513 1122 eo
1529 1094 1594 1130 ipso
1608 1095 1639 1123 in
1655 1095 1730 1131 loco,
1748 1095 1801 1124 ubi
1816 1097 1956 1125 tumulus

1125 1136 1265 1172 martyris
1278 1138 1414 1166 Barlaam
1425 1139 1538 1167 aderat.
1548 1140 1623 1168 Nam
1634 1140 1697 1168 sine
1708 1141 1801 1169 dubio
1810 1149 1872 1169 non
1881 1141 1960 1170 duo-

1125 1180 1183 1208 bus
1195 1181 1267 1209 locis
1280 1182 1394 1217 positus
1407 1183 1502 1211 fuerat
1514 1184 1578 1219 ejus
1593 1185 1733 1221 martyris
1748 1186 1894 1214 tumulus.
1915 1188 1958 1214 Ex

1125 1223 1235 1259 quibus
1251 1223 1375 1252 edicitur
1387 1225 1555 1254 breviorem
1568 1227 1650 1255 illam
1668 1228 1846 1256 concionem
1861 1228 1960 1265 Chry-

1126 1268 1250 1295 sostomi
1263 1276 1338 1302 esse,
1354 1277 1416 1297 non
1432 1270 1541 1304 Basilii,
1553 1271 1605 1307 qui
1619 1272 1784 1301 Antiochia:
1797 1281 1960 1309 nunquam

1127 1312 1323 1341 concionatus
1335 1313 1380 1342 sit.
1393 1314 1479 1346 Quod
1487 1314 1630 1350 diximus,
1642 1319 1807 1352 martyrem
1818 1317 1960 1346 Barlaam

1127 1359 1254 1385 mortem
1269 1358 1379 1386 obiisse
1392 1359 1566 1393 Antiochiae,
1583 1360 1614 1388 id
1628 1363 1726 1396 potest
1736 1361 1912 1390 confirmari
1931 1365 1959 1391 et

1128 1410 1165 1430 ex
1173 1401 1308 1435 Eusebio,
1319 1402 1372 1438 qui
1382 1411 1451 1431 cum
1461 1403 1499 1432 de
1510 1404 1693 1440 martyribus
1706 1405 1905 1442 Cappadociae
1914 1406 1958 1435 lo-

1128 1447 1240 1483 quitur,
1251 1447 1325 1474 nihil
1334 1447 1413 1479 dicit,
1424 1448 1544 1484 quodin
1555 1449 1635 1477 hunc
1644 1452 1782 1479 sanctum
1791 1453 1955 1487 martyrem

1129 1491 1288 1520 convenire
1298 1492 1392 1528 possit
1408 1501 1414 1520 :
1432 1495 1460 1521 et
1472 1495 1586 1528 contra,
1599 1502 1669 1522 cum
1683 1494 1815 1531 loquitur
1829 1495 1867 1523 de
1879 1504 1957 1524 mar-

244 1540 336 1577 paulo
348 1539 489 1568 attentius
503 1538 615 1574 legerit,
633 1540 791 1576 utramque
807 1547 842 1568 eo
857 1540 923 1569 loco
938 1541 1071 1571 habitam

1131 1535 1247 1572 tyribus
1257 1537 1433 1571 Antiochiae,
1443 1538 1597 1574 quoddam
1605 1539 1743 1575 supplicii
1753 1547 1848 1575 genus
1856 1541 1957 1575 refert,

244 1585 347 1619 fuisse,
362 1583 416 1612 ubi
429 1583 571 1619 martyris
589 1583 727 1612 Barlaam
740 1584 873 1613 tumulus
889 1588 961 1620 erat,
975 1586 1072 1621 facile,

245 1629 362 1666 opinor,
382 1628 524 1657 fatebitur
545 1628 603 1663 (a).
627 1629 666 1656 De
685 1628 814 1657 breviori
835 1630 959 1666 quidem
973 1632 1075 1660 nullus

245 1673 420 1709 ambigendi
429 1673 513 1701 locus
524 1680 588 1701 esse
599 1675 708 1709 potest,
720 1681 790 1701 cum
800 1673 832 1702 id
845 1674 887 1703 ita
898 1683 962 1704 esse
974 1679 1076 1713 aperte

245 1719 406 1748 ostendant
420 1726 489 1754 qua:
505 1725 597 1754 supra
611 1717 777 1752 retulimus,
793 1726 922 1756 qumque
936 1721 994 1750 hoc
1009 1721 1076 1751 loco

244 1771 349 1792 rursus
365 1762 531 1791 exscribere
545 1762 620 1790 nihil
629 1769 750 1791 necesse
763 1765 818 1792 est.
835 1765 935 1800 Neque
947 1773 1020 1794 vero
1035 1767 1074 1796 de

244 1808 372 1843 longiori
388 1807 470 1836 aliud
482 1807 632 1843 judicium
647 1807 798 1844 prolatum
813 1808 848 1836 iri
861 1812 946 1845 puto,
963 1811 1020 1839 nisi
1036 1813 1075 1841 ab

245 1853 291 1887 iis,
300 1852 353 1889 qui
363 1853 466 1881 omnia
476 1852 508 1880 in
518 1854 677 1888 utramque
684 1854 801 1888 partem
809 1853 995 1890 interpretari
1005 1864 1075 1892 pro-

244 1898 375 1930 ﬁtentur,
395 1905 457 1925 non
476 1898 577 1926 autem
591 1896 631 1924 ab
652 1896 698 1930 iis,
714 1897 767 1933 qui
781 1897 953 1934 simpliciter
967 1907 1072 1929 verum

246 1944 395 1979 quaerunt.
413 1943 455 1970 ita
465 1943 565 1970 autem
580 1941 612 1969 in
626 1940 779 1977 prolixiori
794 1941 844 1969 illa
853 1942 996 1972 concione
1004 1943 1076 1979 legi-

247 1989 294 2015 tur
319 1987 351 2022 (t.
378 1987 412 2022 ll,
437 1994 468 2023 p.
494 1988 557 2014 685i
578 1995 584 2014 :
608 1984 747 2017 Ὑπόδεξαι
771 1988 814 2012 τὸν
839 1990 1002 2023 στεφανίτην,
1029 1991 1074 2016 καὶ

246 2029 379 2068 μηδέποτε
407 2029 473 2067 ἀφῇς
502 2030 610 2062 ἐξελθεῖν
638 2035 685 2062 τῆς
717 2029 835 2062 διανοίας
860 2035 908 2062 τῆς
937 2037 996 2064 σῆς.
1028 2035 1076 2061 Διὰ

247 2079 323 2102 τοῦτο
352 2075 420 2111 ὑμᾶς
447 2076 490 2101 καὶ
518 2075 591 2111 παρὰ
615 2075 661 2106 τάς
687 2075 768 2106 θήκας
793 2079 842 2101 τῶν
866 2075 945 2112 ἁγίων
974 2080 1076 2115 μαρτύ-

247 2130 297 2157 ρων
317 2120 456 2156 ἠγάγομεν,
473 2119 515 2145 ἳνα
529 2121 583 2151 καί,
606 2121 661 2147 etc.
679 2120 805 2154 Suscipe
825 2120 969 2150 victorem
994 2131 1078 2152 coro-

247 2168 363 2198 natum,
379 2173 431 2193 nec
446 2171 580 2201 unquam
595 2171 632 2192 ca:
645 2166 744 2193 mente
758 2167 812 2193 tua
827 2167 911 2194 exire
921 2168 1073 2200 permitte.

247 2210 363 2237 Idcirco
380 2217 431 2237 vos
445 2209 535 2237 etiam
554 2209 595 2237 ad
611 2209 689 2243 ipsos
708 2212 882 2238 sanctorum
899 2214 1072 2247 martyrum
1088 2224 1113 2252 ι)

245 2254 359 2282 loculos
373 2253 565 2287 adduximus,
578 2255 622 2286 ut,
633 2254 687 2281 etc.
700 2254 759 2281 Nec
769 2253 810 2283 ita
820 2254 914 2283 multo
926 2258 994 2292 post
1005 2257 1071 2285 haec

245 2298 400 2334 subjungit
418 2298 649 2334 Chrysostomus
671 2297 755 2333 (ibid.
772 2306 802 2334 p,
820 2299 884 2334 686)
900 2307 908 2332 ;
933 2301 979 2326 Διά
993 2305 1070 2328 τοῦτο

243 2346 287 2370 καὶ
322 2344 397 2379 ἡμεῖς
425 2343 536 2369 ἐνταῦθα
573 2342 790 2379 συνεληλύθαμεν·
823 2346 904 2373 σιηνὴ
932 2347 981 2382 γάρ
1013 2346 1071 2374 ἐστι

245 2390 419 2424 στρατιωτικὴ
450 2391 498 2413 τῶν
534 2388 671 2423 μαρτύρων
702 2388 714 2414 ὁ
750 2388 876 2424 τάφος....
911 2392 992 2416 Ὅταν
1020 2392 1070 2428 γὰρ

243 2431 305 2469 ἴδῃς
329 2431 503 2468 δαιμονιῶντα
521 2432 654 2468 ἄνθρωπον
671 2433 743 2469 παρά
764 2435 808 2459 τόν
830 2434 910 2470 τάφθν
933 2438 979 2460 τοϋ
1005 2437 1070 2472 μάρ-

243 2487 320 2515 τυρος
329 2487 442 2514 κειμενον
452 2477 554 2512 ὓπτιον,
569 2479 624 2505 etc.
641 2477 759 2506 Idcirco
772 2486 824 2506 nos
839 2479 929 2507 etiam
945 2480 991 2508 hic
1002 2489 1070 2508 con-

240 2522 390 2551 venimus:
397 2522 557 2550 tentorium
566 2522 645 2550 enim
653 2525 697 2550 est
705 2523 837 2551 militare
844 2525 1014 2558 martyrum
1023 2528 1069 2552 tu-

239 2568 360 2595 mulus..
367 2589 386 2595 ..
402 2567 474 2595 Cum
483 2567 558 2595 enim
567 2567 715 2596 hominem
726 2571 897 2603 correptum
906 2576 925 2596 a
935 2570 1069 2599 dwmone

234 2613 329 2647 juxta
343 2613 486 2648 martyris
496 2613 668 2647 sepulcrum
682 2613 792 2641 videris
807 2613 950 2648 supinum
961 2615 1066 2649 jacen-

238 2660 306 2692 tem,
321 2659 380 2686 etc.
403 2658 566 2693 Postquam
580 2656 660 2686 enim
674 2656 827 2687 institutus
848 2666 946 2687 sermo
961 2658 1016 2688 fuit
1029 2659 1067 2688 de

274 2774 319 2807 (a)
338 2773 414 2808 Lege
424 2780 508 2801 num.
522 2775 548 2801 5.

279 2808 323 2844 (ὁ)
342 2809 416 2844 Lege
428 2816 514 2838 num.
526 2809 678 2838 eumdem.

1132 1581 1216 1618 quod
1231 1589 1293 1609 non
1308 1582 1348 1610 ita
1369 1582 1496 1610 multum
1511 1582 1550 1611 ab
1570 1583 1692 1612 historia
1712 1584 1793 1612 beati
1814 1585 1955 1614 Rarlaam

1132 1625 1258 1654 abludit.
1273 1626 1342 1662 Ejus
1356 1627 1420 1655 haec
1435 1629 1504 1655 sunt
1517 1627 1612 1656 verba
1630 1628 1668 1664 (ε)
1684 1637 1691 1656 :
1712 1630 1775 1655 Tor‘s
1791 1631 1835 1665 μὲν
1850 1630 1956 1662 πεὶνξιν

1133 1668 1314 1706 ἀναιρομένων,
1344 1669 1386 1696 οἶα
1414 1672 1499 1705 γέγονε
1526 1674 1580 1701 τοῖς
1607 1671 1647 1697 ἐπ’
1677 1671 1807 1708 Ἀραϐίας,
1837 1675 1897 1698 2m
1930 1671 1960 1699 δὲ

1133 1713 1166 1739 τὰ
1199 1714 1276 1743 mihi
1314 1717 1522 1750 καταγνυμένων,
1559 1713 1602 1741 οἷα
1632 1719 1687 1747 τοῖς
1721 1716 1746 1742 ἐν
1780 1715 1962 1753 Καππαδοκίᾳ

1133 1759 1349 1796 συμϐέϐηκε......
1376 1762 1407 1786 Τί
1432 1758 1474 1786 δεῖ
1495 1764 1544 1786 τῶν
1567 1760 1607 1786 ἐπ’
1634 1761 1796 1796 Ἀντιυχείας
1820 1761 1961 1794 ἀναζωπυ-

1131 1808 1184 1842 ρεῖν
1212 1807 1259 1833 τὴν
1283 1807 1411 1841 uarium;
1440 1804 1569 1841 ἐσχάραις
1589 1807 1669 1842 πυρὸς
1698 1806 1745 1832 οὐχ
1770 1806 1808 1838 εἰς
1837 1807 1958 1839 θάνατον,

1132 1849 1188 1876 ἀλλ’
1217 1849 1260 1876 ἐπὶ
1295 1853 1384 1887 μακρᾷ
1412 1852 1525 1887 τιμωρίᾳ
1557 1852 1772 1886 κατοπτωμένων·
1811 1851 1904 1888 ἑτέρων
1935 1861 1961 1878 τε

1132 1896 1225 1921 θᾶττον
1250 1897 1297 1924 τὴν
1324 1893 1411 1926 δεξιὰν
1435 1895 1519 1921 αὐτῶν
1544 1898 1608 1933 πυρὶ
1634 1897 1782 1928 καθιέντων,
1810 1896 1824 1926 ἣ
1851 1900 1900 1927 τῆς
1923 1898 1962 1922 ὲν-

1131 1938 1210 1976 αγοῦς
1225 1941 1318 1971 θυσίας
1337 1940 1526 1976 ἐφαπτομένην.
1544 1940 1660 1975 Quippe
1682 1949 1749 1969 cum
1769 1941 1956 1970 admirandi

1130 1988 1292 2020 martyres,
1301 1985 1412 2020 partim
1422 1985 1574 2013 securibus
1585 1987 1655 2014 ccesi
1664 1986 1735 2019 sint,
1751 1989 1784 2014 ut
1794 1986 1827 2013 in
1840 1986 1959 2014 Arabia

1132 2031 1267 2066 contigit,
1287 2030 1400 2065 partim
1426 2030 1581 2064 stt/fractis
1607 2031 1748 2059 cruribus
1775 2031 1959 2065 interierint,

1132 2074 1378 2111 quemadmodum
1390 2074 1499 2103 accidit
1510 2075 1541 2103 in
1552 2075 1792 2109 Cappadocia...
1803 2076 1874 2103 Jam
1886 2083 1955 2104 vero

1132 2127 1166 2148 ea
1175 2127 1239 2155 quae
1249 2119 1331 2154 apud
1337 2119 1528 2147 Antiochiam
1538 2122 1621 2154 gesta
1630 2119 1787 2155 sunt.quid
1794 2127 1868 2154 opus
1877 2123 1919 2148 est
1928 2121 1961 2148 in

1132 2165 1303 2193 memoriam
1317 2171 1457 2192 revocare
1469 2166 1482 2191 ?
1499 2164 1549 2191 ubi
1569 2164 1624 2192 alii
1644 2164 1799 2192 craticulis
1814 2165 1959 2200 impositi,

1131 2210 1365 2238 nonadmortcm
1372 2209 1807 2245 usque,sedaddiuturnitatem
1814 2210 1962 2244 supplicii

1132 2255 1342 2290 terrebantur;
1354 2254 1410 2282 alii
1418 2253 1542 2282 dextras
1555 2261 1625 2282 suas
1639 2254 1670 2282 in
1683 2254 1782 2288 ignem
1798 2254 1961 2282 immittere

1128 2300 1312 2333 maluerunt,
1340 2307 1429 2335 quam
1460 2299 1549 2333 impia
1577 2299 1741 2327 libamenta
1769 2299 1957 2334 contingere.

1127 2345 1221 2372 Nemo
1232 2345 1323 2376 enim,
1334 2343 1449 2380 opinor,
1457 2343 1549 2371 homo
1557 2342 1732 2371 diiﬁtebitur
1739 2343 1882 2379 martyris
1893 2344 1959 2371 Bar-

1125 2389 1207 2418 laam
1230 2388 1386 2417 historiam
1411 2387 1520 2416 ultimis
1544 2387 1661 2416 Eusebii
1676 2388 1775 2416 verbis
1793 2389 1864 2416 satis
1887 2390 1956 2424 apte

1126 2433 1311 2462 adumbrari.
1319 2435 1376 2461 Nec
1384 2433 1546 2468 quisquam
1554 2432 1661 2460 dixerit
1668 2432 1698 2460 in
1706 2432 1825 2460 duabus
1834 2432 1881 2460 his
1891 2440 1956 2460 ora~

1125 2478 1256 2507 tionibus
1264 2478 1385 2514 reperiri
1393 2485 1462 2514 quae
1471 2477 1546 2505 inter
1556 2485 1587 2505 se
1598 2480 1651 2505 aut
1662 2478 1811 2505 contraria
1822 2478 1892 2511 sint,
1904 2481 1957 2506 aut

1125 2522 1275 2552 contraria
1285 2530 1349 2551 esse
1363 2522 1532 2556 videantur,
1549 2522 1589 2549 ob
1605 2522 1695 2557 idque
1710 2522 1792 2558 ipsas
1803 2522 1855 2550 uni
1870 2524 1897 2550 et
1914 2523 1955 2550 ei-

1124 2568 1195 2596 dem
1210 2567 1343 2604 scriptori
1361 2566 1448 2594 tribui
1469 2574 1532 2594 non
1547 2566 1666 2594 debere.
1685 2567 1794 2594 Notum
1817 2569 1860 2595 est
1875 2568 1957 2595 enim

1124 2615 1267 2648 oratores,
1285 2620 1355 2640 cum
1375 2611 1551 2648 quempiam
1569 2611 1758 2640 laudandum
1773 2611 1828 2640 sibi
1844 2620 1956 2648 propo-

1124 2660 1209 2690 nunt,
1218 2657 1292 2686 locis
1300 2657 1485 2694 quibusdam
1497 2655 1710 2684 communibus
1722 2656 1763 2685 uti
1773 2656 1886 2688 solitos,
1895 2664 1956 2685 eos-

1159 2776 1202 2811 (c)
1217 2775 1295 2803 Hist.
1313 2775 1384 2803 eccl.
1405 2772 1459 2801 lib.
1477 2781 1537 2808 Vill,
1555 2781 1623 2811 cap.
1642 2775 1685 2802 12.
