2020 3140
211 121 244 147 23
967 119 1157 146 Pli/EFATIO.
1878 124 1913 150 24

211 178 339 210 πλάστου,
357 178 538 206 Basilianum
550 187 615 206 esse
629 178 678 206 vix
694 178 881 206 crediderim.
908 181 982 207 Nam
997 179 1039 206 vir
1059 180 1082 206 Α
1098 180 1197 207 limius
1213 183 1357 216 expende.
1371 183 1511 219 lmprobo
1525 183 1646 219 quidem
1657 183 1857 219 interpretem,
1869 185 1923 220 qui

212 222 473 259 eloquentissimus
482 222 573 250 utitur
579 223 676 259 potius
687 223 746 250 alio
755 223 862 258 quovis
870 223 991 250 nomine
1001 223 1039 251 ad

211 276 312 296 rerum
327 269 511 296 conditorem
525 268 767 303 signiﬁcandum,
783 277 878 304 quam
891 277 963 296 voce
976 269 1040 295 πλά-

213 323 287 344 στης.
302 313 420 341 Accedit
432 313 531 343 etiam,
547 313 629 348 quod
643 321 704 340 non
721 313 790 341 satis
806 313 986 347 intelligatur
1001 314 1040 342 ad

211 358 293 394 quod
310 357 476 394 scriptionis
492 365 586 392 genus
605 358 670 385 htec
689 358 951 386 lucubratiuncula
965 359 1040 386 refc-

211 403 305 430 renda
320 402 366 430 sit.
383 402 494 430 Etenim
513 403 535 429 si
549 402 677 438 primam
689 404 805 439 partem
820 405 944 439 spectes,
958 403 1041 431 dicas

211 448 318 476 rudem
331 447 497 483 quemdam
509 455 573 475 cSSe
583 447 621 475 de
633 447 741 483 Spiritu
752 450 854 475 sancto
865 450 1038 476 tractatum:

211 494 237 521 si
253 493 390 525 alteram,
407 492 580 528 imperfecta
591 492 732 528 quietiam
748 492 785 520 de
793 492 975 529 baptismate
987 494 1039 521 ho-

211 540 293 568 milia
310 547 375 566 esse
390 538 548 566 videbitur.
566 538 622 566 Sed
639 540 699 566 tam
714 538 744 565 in
760 546 821 566 una
835 547 928 574 quam
949 539 978 566 in
1000 539 1040 567 al-

211 587 272 613 tera
285 585 368 620 parte
381 583 456 610 nihil
467 583 590 610 omnino
599 583 724 619 reperio,
732 583 814 619 quod
822 583 928 611 Basilio
935 585 1039 618 Magno

211 628 340 663 dignum
356 628 401 655 sit.
416 627 499 655 Certe
515 628 539 655 si
554 629 707 655 oratorum
717 627 849 664 optimus
865 628 990 655 Basilius
1002 629 1039 656 de

212 673 322 710 Spiritu
336 674 438 701 sancto
453 680 487 700 ac
499 672 536 700 de
549 672 731 708 baptismate
753 672 836 708 loqui
853 673 1038 708 instituisset,

211 718 315 752 dehis,
331 719 363 746 ut
377 718 418 745 rei
433 717 563 752 dignitas
574 717 754 753 postulabat,
770 717 968 752 disseruisset,
978 725 1039 746 non

210 762 360 795 indiserte,
378 769 439 789 non
454 761 648 796 ineleganter,
660 769 721 789 non
734 761 898 789 inerudite:
915 770 983 798 qua
999 765 1039 791 ta-

211 815 281 836 men
293 807 364 835 vitia
379 807 410 834 in
425 807 482 834 hac
498 806 688 835 oratiuncula
701 806 788 835 facile
807 815 825 834 a
841 807 975 843 quolibet
989 808 1039 836 de-

210 851 356 888 prehendi
367 852 502 886 possunt.

263 920 276 952 §
294 919 336 946 IV.
352 919 396 946 De
409 918 534 946 homitia
553 925 620 953 quae
634 918 666 946 in
679 918 795 946 Lacizis
811 918 915 946 habita
930 922 982 946 est.

248 986 289 1014 12.
311 986 376 1018 Quo
391 987 535 1013 terrarum
554 985 666 1020 angulo
682 985 756 1012 situs
775 984 861 1013 fuerit
879 985 963 1013 locus
978 985 1036 1019 ille,

208 1030 261 1058 ubi
275 1030 339 1058 haec
355 1029 449 1058 oratio
462 1029 566 1057 habita
580 1029 673 1057 fuisse
685 1029 802 1061 dicitur,
814 1038 851 1057 ne
866 1031 1038 1065 conjectura

207 1075 331 1112 quidem
343 1075 479 1110 judicare
494 1082 667 1111 possumus.
684 1075 733 1102 Vir
748 1075 940 1103 doctissimus
956 1076 1037 1103 ’l‘ilie-

207 1119 354 1155 montius,
369 1119 422 1156 qui
434 1119 513 1147 hanc
525 1119 692 1147 orationem
704 1120 803 1148 Basilii
814 1128 878 1147 esse
889 1120 1036 1148 existima-

205 1167 260 1199 ret,
273 1165 374 1192 Laclza
388 1164 489 1192 locum
503 1163 635 1200 aliquem
647 1172 711 1192 esse
725 1164 861 1192 dioecesis
877 1165 1036 1193 Caesarien-

206 1209 246 1236 sis
263 1209 434 1245 suspicatus
450 1211 512 1243 est;
534 1216 589 1236 nec
605 1216 682 1244 nego
698 1217 754 1244 ego
769 1217 837 1237 eum
850 1210 918 1245 jure
932 1209 973 1237 ita
989 1218 1037 1237 su-

206 1253 314 1290 spicari
329 1253 475 1289 potuisse,
500 1253 633 1281 maxime
664 1262 733 1281 cum
761 1262 851 1282 nemo
879 1254 1036 1286 hactenus,

204 1298 287 1334 quod
298 1297 419 1334 quidem
431 1298 537 1332 sciam,
549 1305 616 1325 eam
627 1298 794 1325 orationem
801 1300 974 1334 suspectam
985 1299 1036 1327 ha.

204 1342 312 1369 buerit.
330 1343 362 1369 Et
382 1344 459 1370 certe
473 1343 604 1369 veterem
619 1342 701 1370 illam
717 1343 892 1378 opinionem
907 1350 968 1370 non
983 1351 1036 1380 pa-

204 1394 272 1414 rum
289 1386 456 1417 conﬁrmat,
480 1386 562 1422 quod
578 1386 642 1414 haec
658 1387 781 1415 homilia
795 1387 870 1415 inter
889 1388 1035 1422 genuinas

204 1431 304 1459 Basilii
319 1431 468 1459 orationes
482 1431 513 1458 in
533 1431 675 1459 omnibus
695 1431 780 1459 libris
795 1434 823 1459 et
838 1439 895 1460 aere
915 1433 1034 1460 excusis

204 1478 232 1505 et
247 1476 364 1505 calamo
381 1476 491 1505 notatis
502 1477 656 1512 reperitur.
671 1476 728 1504 Sed
744 1477 768 1504 si
782 1477 850 1513 quis
863 1485 927 1505 rem
943 1478 1035 1514 paulo

206 1521 346 1549 attentius
364 1520 606 1555 consideraverit,
626 1529 689 1549 non
702 1521 791 1549 valde
805 1521 972 1550 admodum
982 1522 1035 1550 du-

205 1565 269 1593 bito
282 1565 356 1602 quin
373 1573 441 1593 eam
452 1565 619 1593 orationem
634 1568 686 1593 aut
700 1566 730 1593 in
746 1567 864 1602 spuriis,
892 1569 943 1594 aut
959 1568 1036 1594 certe

205 1610 236 1637 in
252 1610 398 1646 suspectis
413 1610 567 1646 positurus
583 1611 628 1638 sit.
645 1610 761 1638 Interea
777 1610 901 1638 afferam
918 1619 1035 1645 causas,

207 1662 260 1681 cur
275 1654 312 1682 de
325 1662 360 1682 ea
371 1654 574 1682 dubitandum
589 1657 700 1690 putem.
714 1655 846 1682 Primum
859 1655 986 1683 occurrit
995 1655 1037 1684 lo-

207 1707 261 1726 cus
274 1699 332 1734 ille,
350 1699 401 1726 ubi
416 1699 458 1727 ita
467 1699 578 1733 legitur
593 1702 673 1735 (pag.
691 1700 751 1735 588)
767 1708 772 1726 :
793 1700 861 1726 Ἐπεὶ
875 1702 960 1726 τοίνυν
975 1699 1047 1726 aut);

207 1743 286 1779 μυελὸς
317 1744 374 1769 ἐστι
404 1747 453 1769 τῶν
481 1744 613 1780 ὁρωμένων
643 1745 657 1773 ἠ
690 1745 777 1780 φύσις,
806 1748 860 1775 πῶς
889 1744 989 1771 ἐπαινεῖ
1021 1746 1034 1774 ἡ

207 1791 295 1825 Γραφή
308 1789 352 1814 τὸν
368 1788 499 1825 βλέποντα
513 1788 578 1822 λεῖα,
596 1789 659 1826 ὑπὲρ
680 1791 723 1815 τὸν
743 1791 861 1826 τραχέα;
884 1792 935 1816 Καὶ
955 1800 1037 1816 κατα-

208 1836 287 1870 κρίνει
302 1835 346 1859 τὸν
361 1835 407 1870 ὅρη
424 1836 468 1860 καὶ
484 1833 636 1866 σκοπέλους,
653 1836 707 1862 etc.
730 1834 805 1862 Cum
821 1835 916 1870 igitur
934 1843 1036 1863 eorum

208 1886 273 1914 qua:
288 1878 438 1914 videntur,
457 1879 614 1914 inaequalis
628 1879 666 1906 sit
676 1881 800 1912 natura,
815 1879 867 1914 qui
877 1880 911 1913 ﬁt
924 1882 959 1906 ut
971 1887 1037 1907 eum

209 1923 262 1958 qui
272 1923 349 1950 levia
363 1923 453 1956 videt,
467 1926 580 1958 praeter
596 1924 726 1951 alterum
741 1924 794 1958 qui
801 1931 910 1958 aspera
924 1924 1037 1958 conspi-

209 1968 258 2002 cit,
277 1967 559 2002 taudetSeriptura
575 1970 588 1995 ?
612 1968 660 1995 Ita
687 1968 865 1995 condemnat
888 1969 1036 1996 videntem

208 2016 322 2041 montes
336 2016 362 2040 et
375 2014 521 2048 scopulos,
537 2015 591 2041 etc.
609 2012 685 2040 Illud
701 2015 744 2038 τόν
757 2013 840 2049 quod
854 2013 959 2040 ultimo
970 2013 1037 2041 loco

208 2057 341 2094 pesitum
350 2059 403 2092 est,
415 2066 477 2085 non
487 2057 595 2094 placet,
602 2059 630 2085 et
640 2059 685 2085 est
693 2057 761 2091 tale,
768 2060 800 2085 ut
808 2057 906 2093 primo
913 2059 1037 2094 aspectu

209 2102 314 2130 credas
329 2101 388 2130 vitii
400 2102 516 2138 aliquid
532 2102 627 2129 inesse
643 2102 674 2129 in
691 2102 808 2130 Graecis.
834 2102 899 2130 Scio
913 2102 1035 2138 quidem

208 2153 314 2172 vocem
328 2144 457 2181 βλέποντα
481 2145 539 2172 hoc
554 2144 620 2172 loco
636 2144 768 2181 suppleri
782 2144 890 2172 debere
903 2153 909 2172 :
923 2145 975 2172 sed
988 2145 1036 2173 hic

209 2189 353 2217 articulus
365 2191 428 2217 sine
442 2189 502 2217 ullo
514 2189 606 2217 verbo
618 2189 781 2225 adhibitus,
793 2189 914 2216 obscuri
922 2189 1037 2225 aliquid

210 2235 238 2261 et
250 2233 421 2261 inconcinni
429 2233 531 2267 habet,
541 2241 595 2261 nec
605 2236 672 2270 apte
683 2234 741 2261 hoc
756 2233 823 2261 loco
835 2233 933 2270 posita
944 2233 1036 2262 fuisse

209 2277 326 2305 videtur
339 2277 459 2314 ellipsis.
481 2278 614 2305 Arbitror
633 2277 722 2312 igitur
746 2277 921 2314 scriptorem
945 2278 1036 2314 paulo

209 2322 421 2352 humaniorem
436 2325 489 2351 aut
503 2330 606 2350 vocem
623 2323 720 2360 ὁρῶντα
743 2322 918 2350 additurum
934 2323 1034 2357 fuisse,

210 2370 261 2396 aut
277 2367 336 2395 alio
351 2368 458 2403 quovis
478 2367 639 2403 eloquendi
663 2375 770 2402 genere
785 2375 920 2395 usurum.
951 2368 1037 2400 Quod

210 2412 311 2441 statim
327 2413 470 2448 sequitur,
488 2412 551 2438 ἀλλὰ
567 2415 618 2438 νόει
628 2422 673 2448 μοι
687 2412 801 2448 ὑψηλῶς,
818 2416 846 2438 '0
859 2412 960 2449 βλέπων
970 2413 1035 2446 λεῖα,

210 2458 310 2485 minus
332 2457 433 2485 adhuc
450 2457 523 2485 mihi
538 2457 693 2494 probatur.
711 2458 744 2484 Et
761 2465 832 2485 vero
849 2457 930 2493 prior
952 2457 1037 2485 locus

210 2505 254 2531 est
268 2502 428 2538 ejusmodi,
441 2504 473 2530 ut
486 2501 668 2538 monui,‘.qui
681 2509 811 2530 errorem
826 2502 953 2530 incautis
966 2502 1039 2538 obji-

209 2555 274 2576 cere
289 2547 402 2584 possit:
417 2546 563 2583 posterior
579 2547 679 2582 reipsa
688 2547 780 2574 veteri
795 2547 947 2583 interpreti
963 2555 1039 2575 erro.

207 2601 272 2621 rem
287 2592 406 2628 objecit.
423 2592 536 2619 Etenim
548 2591 636 2628 quasi
649 2592 680 2619 in
693 2591 800 2619 mediis
814 2591 943 2619 tenebris
956 2599 1039 2619 cons-

208 2637 310 2666 titutus
325 2636 439 2671 fuisset,
457 2636 497 2664 ita
512 2644 547 2664 ea
567 2644 636 2673 quae
653 2636 714 2664 dixi
729 2635 822 2664 verba
851 2635 952 2664 Latine
972 2637 1039 2664 red-

207 2682 292 2716 didit,
309 2682 433 2717 [Verum
448 2681 528 2710 nihil
543 2681 644 2717 illud]
666 2681 725 2715 Qui
751 2681 829 2710 levia
854 2681 945 2716 videt,
972 2681 1039 2709 sub-

261 2772 271 2788 ⁴
279 2772 364 2799 Prov.
389 2779 427 2805 ιν,
448 2772 492 2798 25.

1095 233 1164 252 cum
1180 226 1273 255 verba
1286 229 1385 255 Graeca
1396 235 1455 254 non
1469 228 1566 255 statim
1576 228 1757 262 intelligeret,
1770 229 1868 264 inepte
1878 229 1923 255 in-

1097 271 1249 306 terpretari
1260 272 1373 303 maluit,
1383 280 1476 308 quam
1490 280 1592 300 eorum
1606 273 1782 300 sententiam
1792 273 1923 301 laborio-

1096 314 1157 342 sius
1171 315 1331 351 inquirere:
1346 317 1398 344 sed
1417 317 1512 344 multo
1529 317 1626 351 magis
1639 317 1922 352 reprehendendum

1095 361 1168 394 puto
1181 363 1357 396 scriptorem
1371 361 1481 396 ipsum,
1495 361 1545 396 qui
1562 361 1646 396 quod
1660 361 1789 397 pessime
1803 361 1923 389 locutus

1096 403 1142 438 sit,
1157 404 1244 431 matre
1260 404 1494 440 interpretationi
1517 405 1617 432 locum
1647 405 1772 433 dederit.
1796 405 1924 433 Basilius

1094 448 1192 482 igitur,
1207 451 1259 476 aut
1271 449 1370 485 potius
1383 449 1460 477 alius
1472 450 1583 485 quivis,
1596 450 1620 476 si
1628 449 1721 477 modo
1728 458 1789 478 non
1796 450 1923 478 omnino

1094 492 1237 529 loquendi
1253 494 1408 530 imperitus
1422 494 1535 525 fuisset,
1551 495 1591 522 ita
1605 494 1784 530 scripsisset,
1800 495 1865 520 ἀλλά
1880 498 1921 527 τό,

1093 541 1122 563 Ὁ
1134 537 1236 574 βλέπων
1249 539 1314 574 λεῖα,
1326 542 1377 565 νόει
1392 549 1435 575 μοι
1447 539 1563 574 ὑψηλῶς,
1577 548 1644 576 qum
1656 540 1747 568 verba
1760 549 1830 568 cum
1843 540 1925 569 clara

1095 582 1153 610 sint
1167 583 1224 610 hoc
1240 584 1331 611 modo
1346 584 1456 620 posita,
1472 584 1582 611 nemini
1598 584 1782 612 offendicula
1796 593 1862 612 esse
1873 593 1926 621 po-

1094 627 1220 656 tuissent
1235 636 1241 655 ε
1258 628 1396 664 quisquis
1411 629 1491 656 enim
1507 637 1540 657 ea
1554 629 1601 656 vel
1616 629 1778 657 oscitanter
1794 629 1924 665 legisset,

1095 673 1195 700 statim
1218 673 1342 701 vidisset
1362 673 1429 710 ipsa
1451 674 1492 701 sic
1514 674 1590 701 verti
1611 674 1733 708 debere,
1760 675 1812 702 sed
1831 675 1924 707 illud,

1095 727 1108 741 ‹‹
1124 717 1181 750 Qui
1196 717 1275 745 videt
1292 718 1402 751 levia,»
1416 726 1503 746 sensu
1518 719 1627 746 altiore
1642 719 1786 753 intelliqe.
1803 720 1835 746 Et
1851 727 1927 755 quo—

1093 760 1176 788 niam
1204 769 1304 789 sermo
1335 764 1378 789 est
1407 762 1444 789 de
1472 761 1532 790 illo.
1563 766 1591 787 ὐ
1616 762 1718 798 βλέπων
1744 762 1799 788 λεῖα
1819 762 1926 792 ἐλεηθή-

1095 815 1178 838 σεται,
1195 806 1326 834 monebo
1341 807 1384 835 uti
1397 810 1425 834 et
1440 807 1564 834 Ducmus
1577 807 1641 842 jam
1657 809 1745 835 antea
1769 808 1800 835 in
1823 808 1924 835 erudi-

1059 844 1079 871 Β
1095 850 1215 878 tissimis
1230 851 1292 878 suis
1302 851 1381 879 notis
1396 852 1524 885 monuit,
1539 851 1602 879 haec
1615 851 1746 879 verbain
1757 852 1925 880 Proverbiis

1093 902 1245 930 nusquam
1252 896 1386 931 reperiri.
1395 896 1552 927 Quomodo
1561 903 1632 930 ergo
1642 899 1745 924 auctor
1754 897 1845 932 paulo
1853 900 1925 925 ante

1093 939 1174 974 (pag.
1192 940 1254 975 587)
1269 940 1309 968 ita
1323 940 1407 976 loqui
1423 941 1538 976 potuit:
1556 941 1665 977 Εἲρηται
1681 946 1781 978 πρῶτος
1806 941 1881 977 λόγος
1899 942 1925 967 ἐν

1094 986 1250 1020 Παροιμίαις
1275 986 1342 1010 κατὰ
1371 987 1398 1010 τὸ
1429 983 1497 1015 εἶδος
1527 986 1555 1010 τὸ
1577 988 1761 1021 παροιμιακὸν,
1791 988 1855 1022 πρὸς
1878 997 1926 1021 γυ-

1092 1031 1205 1064 μνασίαν
1216 1039 1261 1054 του
1277 1034 1321 1055 vox}
1336 1039 1382 1055 του
1399 1031 1524 1066 ἡμετέρου
1539 1034 1586 1060 τῆς
1602 1029 1727 1066 ἀσαφείας
1750 1031 1924 1063 ἐπιτεθείσης,

1092 1073 1141 1103 ὅτι,
1156 1076 1184 1098 ‘O
1199 1072 1299 1109 βλέπων
1322 1073 1377 1099 λεῖα
1412 1073 1589 1102 ἐλεηθήσεται·
1618 1075 1715 1102 Dictus
1741 1078 1783 1102 est
1804 1075 1926 1108 primus

1091 1125 1186 1145 sermo
1200 1118 1232 1145 in
1249 1119 1409 1146 Partemiis
1422 1119 1454 1146 in
1473 1119 1593 1146 modum
1616 1119 1775 1153 proverbii,
1801 1121 1926 1154 adjecta

1093 1163 1226 1198 quadam
1241 1163 1425 1191 obscuritate
1439 1164 1479 1191 ad
1492 1167 1617 1192 mentem
1633 1167 1765 1192 nostram
1781 1173 1926 1192 exercen-

1091 1208 1173 1240 dam,
1201 1218 1216 1234 ιι
1238 1209 1294 1242 Qui
1309 1209 1389 1237 videt
1412 1210 1499 1242 levia,
1514 1210 1750 1237 misericordiam
1764 1217 1927 1245 conseque-

1092 1253 1168 1280 tur?
1185 1264 1198 1277 ››
1232 1254 1289 1280 Nec
1319 1254 1481 1289 quisquam
1502 1254 1608 1281 dixerit
1632 1254 1738 1281 similia
1754 1254 1784 1281 in
1797 1255 1924 1282 Prover-

1090 1296 1146 1324 biis
1159 1298 1168 1314 ὀ
1184 1297 1321 1333 inveniri,
1337 1298 1388 1326 ubi
1402 1299 1442 1326 ita
1456 1298 1573 1334 legitur,
1600 1300 1632 1324 Οἱ
1647 1298 1773 1334 ὀφθαλμοί
1791 1308 1838 1324 σου
1855 1299 1924 1335 ὀρθά

1092 1340 1357 1376 βλεπέτωσαυβεαιί
1369 1344 1415 1370 fui
1429 1346 1512 1371 recta
1528 1342 1654 1370 videant.
1669 1343 1725 1370 Etsi
1742 1343 1820 1370 enim
1836 1351 1873 1371 ex
1889 1344 1923 1372 il-

1089 1386 1136 1420 lis,
1154 1387 1166 1412 o’
1183 1386 1284 1422 βλέπων
1301 1386 1366 1422 λεῖα,
1381 1387 1486 1415 eadem
1503 1387 1580 1414 efﬁci
1593 1387 1689 1423 possit
1702 1388 1858 1422 sententia,
1874 1390 1921 1416 at—

1090 1439 1148 1466 que
1164 1439 1199 1458 ex
1215 1431 1274 1467 his,
1289 1433 1314 1457 ei
1325 1432 1452 1468 ὀφθαλμοί
1467 1441 1514 1457 σου
1531 1432 1595 1467 ὀρθὰ
1611 1431 1775 1468 βλεπέτωσαν
1790 1441 1796 1459 :
1813 1435 1922 1461 tamen

1089 1475 1162 1511 ipsae
1173 1484 1227 1512 per
1238 1484 1268 1503 se
1278 1479 1367 1504 vdces
1381 1479 1443 1504 tam
1458 1477 1534 1504 inter
1547 1485 1577 1504 se
1588 1476 1738 1511 diiferunt,
1754 1477 1920 1511 utdiligen—

1090 1519 1224 1547 tissimus
1232 1521 1277 1548 vir
1288 1521 1414 1548 Basilius
1424 1521 1497 1549 alias
1508 1529 1562 1557 pro
1577 1521 1643 1548 aliis
1658 1521 1822 1557 sumpsisse
1836 1522 1921 1550 credi

1090 1565 1197 1592 merito
1211 1572 1273 1592 non
1287 1566 1391 1601 possit,
1413 1566 1578 1601 praesertim
1606 1574 1675 1593 cum
1691 1566 1922 1594 i’roverbiorum

1090 1609 1175 1637 locus
1191 1609 1282 1637 modo
1296 1610 1390 1637 lectus
1403 1609 1495 1638 fuisse
1508 1610 1638 1638 dicatur.
1664 1612 1804 1638 Praeterea
1819 1611 1920 1639 libens

1091 1662 1257 1689 quaererem
1273 1655 1352 1682 unde
1368 1656 1474 1683 auctor
1488 1655 1573 1687 illud,
1585 1655 1760 1689 ἐλεηθήσεται,
1770 1655 1919 1684 hauserit.

1092 1699 1121 1726 Si
1136 1698 1172 1726 de
1185 1707 1241 1726 suo
1254 1699 1334 1727 hanc
1346 1707 1453 1727 vocem
1470 1700 1595 1735 addidit,
1613 1708 1674 1728 non
1693 1700 1731 1728 ita
1747 1701 1822 1728 solet
1836 1701 1921 1729 Basi-

1090 1742 1148 1770 lius
1162 1751 1167 1770 :
1181 1744 1227 1771 sin
1243 1751 1278 1771 ex
1289 1743 1391 1780 aliquo
1407 1745 1637 1772 Proverbiorum
1648 1745 1712 1772 loco
1724 1745 1824 1781 ipsam
1838 1753 1922 1773 sum-

1090 1788 1175 1822 ptam
1187 1787 1277 1815 fuisse
1291 1788 1386 1819 dicas,
1402 1788 1575 1823 jamdudum
1590 1789 1636 1816 vir
1652 1788 1842 1817 doctissimus
1860 1790 1921 1817 Du-

1091 1839 1170 1859 caaus
1186 1832 1334 1867 ejusmodi
1343 1833 1445 1860 locum
1454 1833 1484 1860 in
1494 1833 1662 1861 Proverbiis
1673 1842 1823 1870 nusquam
1839 1841 1923 1862 com~

1090 1884 1196 1912 parere
1213 1877 1285 1905 satis
1302 1880 1404 1913 aperte
1422 1878 1613 1912 signiﬁcavit,
1635 1886 1702 1905 cum
1716 1878 1757 1906 ita
1772 1879 1890 1914 scripsit
1912 1889 1919 1907 :

1092 1922 1213 1949 Citatur
1227 1923 1281 1951 hoc
1298 1933 1310 1945 τι
1322 1923 1379 1956 Qui
1394 1923 1471 1950 levia
1485 1923 1604 1957 respicit
1617 1934 1630 1947 ››
1648 1931 1685 1951 εει·
1699 1923 1874 1957 Proverbiis,
1886 1925 1921 1952 in

1091 1966 1198 2001 quibus
1210 1969 1309 1994 tamen
1323 1975 1472 2002 nusquam
1484 1968 1613 2002 reperiri
1622 1970 1738 2002 poterit,
1756 1969 1793 1996 ab
1805 1976 1837 1995 eo
1852 1970 1921 2004 qui-

1091 2011 1157 2038 dem
1171 2014 1259 2044 certe,
1273 2012 1327 2046 qui
1336 2012 1438 2040 (ἔνωιό
1450 2013 1619 2040 Bibtiorum
1630 2013 1754 2040 indicea
1768 2013 1921 2041 Kirchero

1091 2056 1257 2090 conscripto
1267 2056 1312 2082 uti
1323 2057 1462 2085 uoluerit.
1474 2057 1576 2092 Neque
1584 2057 1660 2084 enim
1670 2065 1792 2092 usquam
1800 2058 1831 2084 in
1842 2058 1921 2085 Pro-

1092 2100 1200 2127 verbiis
1214 2101 1355 2134 occurrit,
1385 2104 1436 2128 aut
1461 2101 1516 2127 λεῖα
1538 2101 1652 2137 ﬁlium,
1677 2105 1731 2130 aut
1748 2101 1922 2130 ἐ).εηθί;σεται

1054 2136 1077 2163 Β
1093 2144 1205 2180 βλέπων,
1217 2145 1356 2172 Vidimus
1367 2146 1543 2181 scriptorem
1555 2147 1595 2173 ita
1605 2146 1804 2181 indiiigentem
1814 2146 1920 2182 fuisse,

1092 2191 1123 2216 ut
1137 2197 1253 2223 eorum,
1270 2198 1338 2225 quae
1353 2198 1389 2216 ex
1409 2190 1577 2218 Proverbiis
1593 2191 1681 2226 paulo
1705 2199 1768 2218 anze
1794 2191 1922 2220 recitata

1090 2233 1218 2265 fuerant,
1239 2234 1348 2262 oblitus
1368 2238 1466 2262 esset:
1492 2243 1572 2263 nunc
1592 2235 1758 2263 videbimus
1771 2237 1919 2265 eumdem

1090 2279 1217 2307 oblitum
1231 2279 1321 2307 fuisse
1330 2288 1446 2314 eorum,
1458 2289 1525 2316 qua:
1540 2281 1603 2317 ipse
1613 2281 1750 2316 proxime
1759 2283 1827 2309 ante
1839 2282 1921 2310 dixe-

1090 2327 1144 2352 rat.
1163 2326 1236 2352 Nam
1257 2327 1327 2360 post
1342 2325 1397 2352 has
1421 2333 1519 2360 voces,
1545 2327 1646 2362 εῖρηται
1671 2330 1766 2362 πρῶτος
1790 2325 1866 2362 λόγος
1893 2327 1918 2352 ἐν

1092 2372 1316 2406 “muniﬁcum”
1341 2373 1369 2395 Ὁ
1385 2369 1481 2406 {ﬁlim-:2
1501 2370 1556 2395 λεῖα
1575 2370 1754 2403 elixi/iaetu,
1771 2371 1822 2405 qui
1840 2364 1920 2400 levia

1092 2415 1180 2448 videt,
1188 2415 1425 2442 misericordiam
1437 2418 1647 2450 consequetur;
1657 2415 1774 2442 duobus
1783 2415 1920 2450 interjec-

1091 2459 1127 2487 tis
1139 2459 1276 2486 versibus
1289 2459 1433 2495 sequitur,
1446 2469 1500 2490 πως
1512 2460 1586 2485 ὀλεῖς(
1598 2459 1698 2495 βλέπων
1710 2459 1917 2489 ἐπαινεθήσεται;

1093 2503 1238 2539 quomodo
1259 2504 1309 2539 qui
1332 2505 1409 2531 levia
1430 2504 1518 2537 videt,
1542 2504 1742 2531 laudabitur?
1767 2506 1837 2531 Nam
1860 2505 1918 2532 hoc

1095 2548 1199 2575 ultimo
1214 2548 1281 2576 loco
1301 2548 1357 2583 legi
1373 2548 1482 2576 debere
1505 2549 1710 2581 ἐπαινεὺἠσεται,
1728 2557 1798 2576 cum
1815 2557 1850 2576 ex
1867 2557 1918 2576 n0-

1094 2594 1141 2628 tis,
1159 2596 1223 2620 tum
1239 2601 1273 2621 ex
1287 2594 1430 2621 orationis
1444 2594 1518 2621 serie
1533 2596 1659 2621 constat.
1671 2594 1715 2621 Sic
1730 2594 1804 2622 enin:
1821 2602 1919 2630 perse-

1096 2638 1198 2674 quitur
1227 2638 1354 2673 scriptor
1379 2640 1462 2674 (pag.
1488 2640 1559 2673 587),
1586 2638 1708 2664 ἐπαινετά
1731 2640 1780 2676 γάρ
1803 2638 1856 2664 itm
1887 2641 1920 2666 τὰ

1096 2684 1162 2708 κατά
1188 2685 1398 2719 προωρίσθω..
1421 2683 1498 2709 πάθεν
1533 2684 1546 2708 ὁ
1576 2682 1679 2714 ἔπαινος
1715 2687 1750 2718 τῷ
1775 2684 1862 2719 opina
1886 2686 1919 2710 τὰ
