2020 3140
111 117 145 144 25
865 109 1060 138 Pli/EFATIO.
1783 112 1819 139 26

111 177 181 208 ista;
194 178 250 204 etc.
266 177 386 204 Elemm
401 183 469 211 qua:
481 182 500 203 a
514 175 669 203 voluntate
679 174 816 209 pendent,
828 180 940 201 mcren-
956 174 979 200 Α
994 173 1080 200 dacio
1090 172 1203 208 decepit
1212 176 1301 208 atque
1309 173 1657 208 circumvenit,putasses
1667 171 1818 208 tequidvis

111 225 162 249 tur
177 221 342 248 laudem...
358 220 439 247 unde
464 220 531 247 laus
552 219 702 247 tribuetur
727 219 802 246 levia
823 217 939 251 conspi-

109 266 201 294 cienti
214 266 227 292 ‘t
238 269 292 292 etc.
310 265 384 298 Quis
400 266 500 292 autem
517 263 600 291 facile
617 263 774 291 crediderit
789 265 848 290 tum
864 261 939 290 obli-

108 311 228 338 viosum
245 309 337 337 fuisse
353 309 506 343 Basilium,
527 311 558 336 ut
574 309 600 336 ci
617 307 779 336 exciderint
793 315 861 344 quae
876 309 940 334 tan-

109 357 173 383 tum
184 363 246 382 non
261 354 433 390 proferebat
447 353 459 379 ‘t

147 402 188 427 t3.
204 399 384 426 Audivimus
404 400 556 426 auctorem
580 399 763 434 Scripturam
782 398 881 433 inepte
898 397 938 424 ci-

109 446 222 472 tantem
231 453 237 470 ε
245 451 323 471 nunc
330 443 472 471 eumdem
480 443 641 470 audiamus
649 443 746 479 inepte
754 442 936 478 loquentem.

108 489 152 516 lta
171 488 262 523 igitur
276 487 430 523 aliquanto
455 489 523 523 post
538 487 617 523 (pag.
640 487 701 522 589)
726 486 867 523 loquitur,
885 486 938 512 sini:

111 532 143 559 δὲ
163 534 204 559 ὁτι
228 533 281 558 ἔστι
307 542 347 562 τις
373 532 398 557 ἐν
425 533 487 567 ἡμῖν
510 530 657 567 φιλόδοξος,
682 534 725 557 καὶ
749 531 778 557 οὐ
800 533 908 567 θυμικὸς
930 540 935 556 :

109 578 164 605 ubi
185 577 309 604 verbum
333 577 386 602 εὶπέ
408 584 463 612 pro
483 576 582 604 futuro
601 575 733 612 positum
749 575 875 609 videtur,
897 575 938 603 sic

109 625 143 650 ut
155 622 202 650 hic
216 622 299 649 locus
315 621 356 649 ita
372 621 532 649 vertendus
547 621 584 648 sit
600 629 606 648 :
623 621 676 648 Est
687 623 784 648 autem
801 621 938 648 dicturus

106 668 163 695 Est
176 668 256 695 inter
269 674 321 694 nos
332 667 386 700 qui
398 667 434 694 sit
445 666 550 701 gloria:
561 666 696 700 cupidus,
713 666 765 701 qui
773 668 870 694 tamen
882 666 937 693 ira-

105 712 223 740 cundus
238 719 298 738 non
313 712 362 738 sit.
375 712 486 738 Rursus
502 718 563 738 non
580 710 668 745 longe
679 710 720 738 ita
733 710 876 746 scriptum
892 710 937 738 in-

105 756 225 784 venitur
254 764 261 789 ς
284 756 342 781 Ἐὰν
376 759 513 792 παραστῇς
544 766 579 791 τῳ
605 755 694 791 ὶατρῳ,
723 758 768 781 καὶ
802 753 863 791 ἴδῃς
891 757 937 783 τὴν

104 801 271 827 πολυτέλειαν
293 805 344 827 τῶν
366 802 505 837 φαρμάκων
532 800 556 826 ἐν
582 804 639 830 ταῖς
666 800 847 836 πολυπτύχοις
873 802 937 826 ἀπο-

994 217 1093 252 potius
1108 217 1281 245 auditurum
1292 225 1384 252 quam
1398 217 1482 250 illud,
1494 217 1636 252 quoniam
1649 217 1706 244 iter
1720 217 1751 244 in
1764 225 1818 252 pa-

994 262 1128 290 radisum
1141 263 1324 296 facientibus
1338 269 1441 290 murus
1456 262 1643 289 mendacium
1659 264 1711 289 est.

1029 307 1073 334 14.
1092 307 1177 338 Quod
1192 306 1216 333 si
1231 314 1320 334 voces
1333 314 1394 333 non
1411 306 1482 333 satis
1495 308 1571 342 aptas
1587 306 1737 342 optimum
1751 313 1818 334 ora.-

995 353 1092 378 torum
1109 351 1249 378 Basilium
1265 359 1375 386 parum
1390 350 1505 383 decent,
1520 358 1567 378 res
1586 350 1658 386 ipste
1672 358 1734 378 non
1747 349 1818 378 satis

993 402 1100 429 graves
1106 396 1241 423 omnium
1249 395 1348 430 gravis
1354 395 1465 422 simum
1473 395 1589 423 Patrem
1598 394 1818 431 parumdecere

992 439 1139 468 videntur.
1159 442 1320 476 Postquam
1336 440 1465 476 scriptor
1480 439 1567 475 plura
1579 448 1673 476 quam
1687 447 1743 476 par
1756 441 1818 467 erat

992 485 1029 512 de
1039 485 1171 512 hominis
1186 485 1361 521 praestantia.
1375 484 1501 518 dixerat,
1522 487 1554 513 ut
1566 484 1703 519 colligere
1716 485 1818 520 posset

991 529 1147 557 diabolum
1161 529 1188 557 ei
1203 529 1242 557 ob
1254 531 1350 557 tantas
1362 529 1577 566 praerogativas
1589 529 1741 562 invidisse,
1754 530 1817 556 tum

991 574 1114 602 demum
1123 575 1160 602 de
1169 574 1294 603 muliere
1302 582 1472 602 sermonem
1481 575 1632 602 instituere
1641 573 1753 610 incipit,
1760 573 1818 601 hoc

992 618 1084 645 modo
1104 617 1198 653 (ibid.)
1222 627 1227 645 :

992 661 1048 698 εἶχε
1068 662 1149 692 λαϐὴν
1171 664 1183 689 ὁ
1206 662 1337 694 διάϐολος
1362 663 1417 690 ἐπεὶ
1442 661 1471 689 δὲ
1489 663 1598 691 ἐκτίσθη
1621 664 1636 691 ἡ
1655 664 1729 698 γυνὴ,
1752 661 1818 687 ἀπα-

1253 621 1319 649 Ἕως
1338 620 1387 655 γὰρ
1407 622 1484 654 μόνος
1509 617 1539 654 ᾖν
1562 619 1574 643 ὁ
1601 618 1744 654 ἀῖιιῧρωπος,
1771 617 1817 643 οὐκ

991 707 1034 733 λον
1061 710 1133 740 ζῶον,
1160 707 1306 743 ἀναγκαίοις
1331 712 1376 734 τοῦ
1407 711 1570 745 Δημιουργοῡ
1592 710 1639 736 τὴν
1666 706 1818 736 ἁπαλότητα

993 755 1103 788 φυσικὴν
1126 753 1329 788 ἐμποιήσαντος,
1359 754 1401 780 ἳνα
1427 755 1477 780 ὑπὸ
1505 757 1550 780 τοῦ
1574 753 1752 789 φιλανθρώπου
1775 752 1818 778 εὑ-

992 801 1078 833 μαρώς
1103 802 1186 834 τραφῇ
1214 799 1246 824 τὰ
1271 801 1358 827 νήπια.
1383 799 1411 824 Εἰ
1429 800 1478 835 ’γὰρ
1504 798 1623 835 αὐστηρὰ
1646 797 1676 833 ᾖν
1700 798 1715 826 ἡ
1740 798 1815 832 γυνὴ,

104 848 222 882 κειμὲιην
246 843 358 877 δέλτοις,
384 848 539 882 περισκόπει
565 848 591 871 τί
620 848 713 871 οἰκεῖον
738 844 874 871 ἀπόκειται
900 855 936 880 τῳ
953 848 972 875 Β
991 842 1037 868 οὐκ
1063 843 1093 867 ἄν
1112 841 1312 879 ἀποκλαιόμενον
1341 846 1369 869 τὸ
1397 846 1484 872 νήπιον
1511 847 1564 873 τοῖς
1595 843 1717 871 στήθεσιν
1742 841 1818 877 ἐνηγ-

105 901 143 927 σῳ
166 892 241 917 πείθει
260 899 266 917 :
290 891 342 918 ubi
365 890 475 926 pariter
498 898 556 918 vox
580 892 733 927 περισκόπει
766 891 864 926 posita
893 891 937 916 est

106 944 163 972 pro
177 938 313 971 tempore
332 935 442 969 futuro,
461 943 530 962 cum
545 943 581 963 ea
599 943 666 971 quas
686 934 771 963 retuli
786 935 878 962 verba
896 934 935 962 ita

110 981 211 1008 Latine
221 980 377 1008 reddenda
388 979 458 1007 sint:
471 980 556 1014 Quod
563 980 589 1007 si
596 980 685 1007 adeas
692 980 847 1015 medicum,
859 982 887 1007 et
897 980 936 1007 vi-

106 1025 186 1053 deris
197 1026 330 1059 pretiosa
344 1024 562 1053 medicamenta
574 1025 604 1052 in
621 1025 714 1052 variis
725 1025 837 1052 tabulis
846 1025 936 1052 collo-

104 1073 182 1100 cata.
197 1069 399 1097 considerabis
414 1069 488 1103 quid
503 1072 552 1096 tuo
565 1070 667 1097 morbo
681 1070 847 1097 conveniat.
861 1069 936 1096 Illud

105 1116 206 1142 autem
220 1113 364 1149 loquendi
377 1121 471 1146 genus
495 1113 679 1141 Basilianum
691 1121 751 1141 non
768 1121 832 1141 esse
845 1113 892 1140 vel
900 1121 936 1141 ex

105 1166 142 1186 eo
158 1158 280 1192 intelligi
296 1160 406 1194 potest,
423 1158 507 1193 quod
522 1157 715 1186 eruditissimi
729 1157 789 1185 duo
805 1157 868 1191 viri,
885 1157 937 1194 qui

104 1203 134 1230 in
155 1203 290 1238 legendis
307 1202 479 1237 graviSSimi
498 1202 590 1230 Patris
611 1202 727 1238 scriptis
742 1202 826 1230 multi
841 1205 935 1236 erant,

103 1248 235 1284 priorem
248 1247 350 1274 locum
365 1254 427 1274 non
442 1246 647 1274 intellexerint.
665 1246 757 1274 Velim
771 1247 854 1281 legas
868 1255 937 1275 eam

103 1300 197 1328 quam
218 1291 250 1319 in
267 1291 298 1319 id
319 1291 422 1319 addidi
442 1294 557 1319 notam.
579 1291 719 1327 Reperias
739 1291 863 1327 quidem
886 1287 937 1318 ubi

102 1345 191 1364 voces
207 1335 308 1373 δρᾶσον
324 1338 352 1364 et
367 1339 478 1365 ποίησον
493 1344 548 1372 pro
564 1336 663 1364 futuro
675 1336 779 1372 positae
795 1336 862 1369 sint,
873 1337 937 1371 fac-

103 1385 207 1409 turus:
220 1381 313 1417 idque
323 1381 393 1409 inde
403 1381 516 1409 factum
523 1381 650 1415 videtur,
659 1381 741 1417 quod
751 1381 937 1409 deducantur

103 1434 121 1454 a
135 1426 247 1460 futuro,
265 1424 368 1463 δράσω,
383 1429 483 1454 ποιήσω
501 1435 508 1453 :
522 1426 575 1453 sed
588 1426 640 1453 ubi
656 1434 744 1453 voces
759 1426 813 1452 εὶπέ
824 1428 851 1452 et
866 1435 936 1462 περι-

104 1473 195 1496 σκόπει
205 1473 258 1498 aut
269 1470 381 1498 similes
394 1470 499 1498 eodem
511 1470 561 1498 illo
573 1478 661 1498 sensu
670 1472 861 1506 usurpentur,
875 1470 934 1504 vix,

991 886 1120 919 καλίζετο,
1141 887 1187 912 οὐκ
1209 888 1238 913 οἶν
1260 892 1306 918 τῆς
1324 887 1395 918 ἰδίας
1416 891 1511 923 τροφῆς
1532 886 1629 923 ἡμέλει,
1647 889 1689 913 τὸν
1714 885 1743 912 δὲ
1762 895 1818 922 μα-

993 932 1035 962 ζὸν
1054 931 1137 957 ἐπεῖχε
1157 933 1221 968 προς
1246 931 1364 968 ὠφέλειαν
1379 936 1425 958 τοῦ
1445 932 1592 968 ύπομαζίου
1617 929 1737 958 παιδίου.
1763 933 1816 956 Νῦν

990 977 1076 1011 μέντοι
1095 978 1210 1012 μητέρων
1235 976 1426 1013 εὐσπλαγχνίαι
1453 979 1495 1002 τὸν
1518 976 1595 1002 ὕπνον
1620 975 1743 1006 πολλάκις
1766 978 1817 1000 τῶν

991 1019 1123 1056 βλεφάρων
1137 1019 1339 1053 ἀποδιώκουσιν,
1356 1019 1461 1047 ἐπειδὰν
1478 1022 1569 1058 μικρὸν
1583 1019 1765 1056 παρενοχληθῇ
1787 1021 1816 1044 τό

989 1068 1090 1093 νήπιον.
1114 1067 1167 1091 Ἵνα
1191 1068 1276 1091 τοίνυν
1296 1065 1449 1102 impigr/17m
1470 1068 1569 1098 νήπιον,
1592 1064 1678 1093 ἁπαλὴ
1701 1065 1715 1092 ἡ
1740 1065 1816 1099 φύσις

991 1110 1004 1138 ὴ
1035 1112 1169 1145 γυναικεία
1197 1112 1333 1147 παρήχθη,
1364 1110 1448 1140 άπαλὴ
1486 1113 1530 1136 καὶ
1560 1110 1744 1146 φιλάνθρωπος.
1774 1111 1816 1143 Τῳ

991 1154 1044 1187 οὖν,
1061 1157 1117 1181 etc.
1137 1155 1255 1182 Etenim
1272 1156 1409 1190 quandi“.
1427 1156 1507 1182 solus
1521 1155 1581 1189 fuit
1598 1155 1696 1188 homo,
1710 1160 1817 1182 ansam

991 1207 1051 1226 non
1074 1199 1199 1227 habebat
1222 1200 1386 1235 diabolus;
1406 1200 1458 1228 sed
1480 1201 1557 1227 istuc
1577 1200 1710 1234 contigit,
1735 1200 1816 1232 post-

991 1251 1081 1279 quam
1096 1244 1218 1272 condita
1233 1248 1274 1272 est
1294 1245 1414 1278 mulier,
1432 1247 1573 1273 tenerum
1593 1244 1674 1272 illud
1688 1243 1816 1274 animal,

991 1289 1041 1315 cui
1057 1289 1202 1316 Conditor
1216 1290 1384 1317 necessario
1401 1289 1630 1317 teneritudinem
1643 1287 1817 1316 naturalem

990 1333 1112 1367 indidit,
1127 1337 1157 1361 ut
1177 1334 1213 1361 ob
1235 1334 1447 1369 benignitatem
1460 1341 1569 1368 pueros
1582 1340 1729 1368 propense
1748 1332 1817 1360 eda.

991 1380 1082 1405 caret.
1094 1378 1213 1406 Etenim
1225 1379 1251 1406 si
1258 1382 1379 1406 austera
1389 1382 1462 1407 esset
1474 1378 1595 1410 mulier,
1606 1385 1666 1405 non
1676 1384 1748 1405 sane
1756 1376 1817 1411 plo-

990 1426 1108 1450 rantem
1123 1423 1270 1458 infantem
1287 1425 1367 1451 ulnis
1388 1424 1546 1458 complexa
1563 1424 1593 1451 in
1607 1423 1675 1450 sinu
1688 1423 1815 1458 foveret,

990 1474 1081 1502 neque
1088 1468 1232 1496 alimento
1240 1476 1293 1496 suo
1302 1469 1445 1503 neglecto,
1454 1476 1614 1497 mammam
1625 1468 1666 1495 ad
1675 1467 1817 1495 lactentis

101 1516 221 1552 opinor,
237 1515 319 1552 apud
342 1515 467 1544 idoneos
487 1516 645 1552 scriptores
660 1515 784 1543 inveniri
800 1516 908 1552 poterit
924 1524 930 1549 ;
948 1524 968 1552 C
985 1512 1077 1545 pueri
1086 1513 1265 1540 commodum
1271 1513 1430 1547 prteberet.
1442 1514 1531 1541 Nunc
1540 1520 1608 1541 vero
1617 1515 1750 1540 materna
1759 1512 1817 1540 illa

101 1562 152 1588 aut
168 1562 246 1587 certe
261 1559 326 1595 ejus
342 1560 384 1587 rei
399 1559 570 1596 exemplum
586 1560 679 1588 ullum
696 1560 778 1596 apud
795 1559 932 1587 Basiliam

100 1607 218 1633 exstare
232 1612 295 1632 non
312 1606 395 1640 puto.
412 1606 470 1632 Nec
485 1604 584 1640 aptius
596 1604 710 1632 dictum
722 1604 838 1632 videtur
849 1604 932 1640 quod

100 1649 258 1685 aliquanto
278 1649 357 1678 intra
380 1652 461 1685 (pag.
492 1652 554 1683 59t)
580 1650 724 1686 sequitur,
750 1650 881 1686 θησαυρὸς
903 1647 932 1675 δέ

99 1695 169 1719 εστιν
183 1695 198 1722 ἡ
215 1694 333 1720 εὐσέϐεια
346 1695 501 1731 χρημάτων,
517 1694 556 1722 ad
572 1694 710 1729 verbum,
726 1701 797 1722 nam
814 1694 930 1722 thesau-

101 1746 150 1765 rus
166 1742 207 1766 est
221 1739 316 1772 pietas
328 1739 536 1773 pecuniarum.
554 1738 669 1770 Quibus
684 1738 714 1766 in
730 1738 829 1766 verbis
844 1746 929 1774 pere-

103 1782 181 1816 grini
197 1783 309 1818 aliquid
329 1785 357 1811 et
378 1783 484 1811 absoni
503 1783 600 1811 inesse
619 1791 719 1816 nemo,
736 1783 852 1819 opinor,
869 1790 930 1810 non

102 1827 181 1855 videt
208 1836 214 1854 :
238 1828 289 1855 sed
315 1827 464 1864 suspicari
488 1828 612 1856 fortasse
636 1828 743 1864 poterit
766 1827 929 1864 quispiam,

101 1880 206 1900 vocem
235 1875 432 1909 προτιμότερος,
458 1875 510 1900 aut
533 1872 660 1901 similem
687 1880 722 1900 eo
745 1880 837 1908 quem
860 1880 930 1900 mox

100 1914 161 1942 dixi
171 1915 236 1943 loco
246 1924 264 1943 a
272 1917 469 1952 typographis
477 1918 621 1944 omissam
629 1917 728 1949 fuisse,
737 1916 931 1953 supplerique

99 1959 211 1987 debere
225 1960 283 1988 hoc
298 1961 401 1995 modo,
417 1963 548 1998 θησαυρὸς
565 1961 595 1988 δέ
610 1964 680 1988 ἐστιν
696 1963 710 1990 ἡ
728 1961 844 1988 εὐσέϐεια
863 1971 931 1997 χρη-

102 2006 190 2039 μάτων
204 2008 402 2042 προτιμότερος,
415 2007 513 2040 pietas
524 2010 621 2034 autem
637 2007 796 2034 thesaurus
812 2009 852 2033 est
865 2014 933 2040 pre-

103 2050 433 2084 tiosiorquamdivitia’.
443 2052 518 2085 Ergo
527 2058 563 2078 nc
572 2051 735 2087 quisquam
744 2050 774 2078 in
783 2050 933 2085 ejusmodi

100 2094 305 2129 suspicionem
331 2095 509 2130 adducatur,
535 2095 666 2123 monebo
690 2095 730 2123 ita
752 2103 878 2131 prorsus
902 2095 933 2122 in

101 2138 244 2166 omnibus
260 2139 345 2166 libris
363 2142 391 2167 et
410 2140 565 2176 impressis
584 2142 612 2168 et
631 2140 782 2168 veteribus
799 2140 867 2175 legi,
890 2141 932 2168 uti

100 2183 252 2210 edendum
268 2186 450 2212 curavimus.
464 2187 606 2213 Prieterea
615 2193 685 2212 cum
696 2185 821 2220 scriptor
831 2185 933 2213 multis

99 2228 174 2255 locis
198 2228 297 2264 inepte
317 2229 466 2265 loquatur,
489 2230 562 2265 quid
585 2229 695 2257 mirum
719 2230 813 2257 videri
832 2230 931 2265 debet,

101 2272 124 2300 si
145 2272 202 2300 hoc
221 2281 344 2309 quoque
366 2273 433 2301 loco
453 2274 552 2310 inepte
572 2274 688 2302 locutus
704 2274 740 2301 sit
759 2275 772 2301 ‘t
789 2274 932 2311 Deinceps

102 2317 139 2344 de
155 2317 279 2346 diabolo
294 2318 422 2354 loquens
439 2321 554 2353 auctor,
572 2319 614 2346 sic
630 2319 730 2347 scribit
744 2320 824 2354 (pag.
844 2321 904 2349 391)
923 2328 929 2346 :

105 2363 210 2389 κλέπτει
220 2362 266 2389 διὰ
275 2368 321 2389 τοι]
330 2362 456 2399 ψεύδους,
466 2363 556 2394 ἐπειδὴ
568 2367 656 2400 τεῖχος
665 2368 721 2391 ἔστι
732 2368 785 2395 τοῖς
795 2363 931 2390 ὁδεύουσιν

105 2408 138 2438 εἰς
163 2407 326 2445 παράδεισον
348 2411 377 2434 τὸ
392 2407 501 2444 ψευὸος,
529 2410 644 2444 Decipit
665 2410 818 2437 mendacio
844 2413 932 2444 atque

102 2454 318 2481 circumvenit:
338 2454 482 2489 siquidem
499 2454 554 2482 iter
574 2455 603 2482 in
618 2454 793 2488 paradisum
815 2454 930 2488 facien-

106 2498 182 2525 tibus
197 2506 303 2525 murus
319 2499 508 2526 mendacium
525 2502 578 2527 est.
601 2498 695 2526 Velim
713 2499 765 2534 qui
783 2498 886 2532 legunt
901 2507 931 2526 se

103 2542 158 2577 ipsi
172 2542 369 2577 interrogent,
381 2550 421 2570 an
435 2543 473 2571 ita
488 2543 693 2579 loquerentur,
705 2543 843 2571 diabolus
853 2551 932 2571 men-

100 2586 185 2614 dacio
200 2587 328 2621 decepit,
346 2590 436 2622 atque
451 2588 657 2622 circumvenit,
675 2588 815 2623 quoniam
832 2589 889 2615 iter
900 2588 932 2616 in

99 2631 276 2664 paradisum
284 2631 467 2664 facientibus
480 2640 583 2659 murus
594 2632 780 2659 mendacium
793 2635 846 2666 est,
861 2632 933 2660 Scri-

102 2677 164 2710 ptor
180 2675 276 2709 solus,
294 2677 326 2702 ut
341 2675 413 2702 mihi
423 2676 546 2711 quidem
558 2676 685 2710 videtur,
700 2678 762 2704 tam
772 2684 850 2704 nove
861 2679 934 2704 tam-

100 2727 155 2754 que
170 2719 293 2747 insolito
310 2721 339 2746 et
353 2720 492 2754 cogitare,
508 2721 629 2756 etloqui
644 2721 752 2756 potuit.
769 2721 933 2756 Postquam

100 2763 178 2791 enim
187 2763 353 2792 audiveras
361 2763 458 2792 virum
467 2765 507 2793 ita
514 2765 700 2801 loquentem,
710 2765 848 2793 diabolus
856 2773 934 2792 men-

988 1557 1123 1584 charitas
1131 1565 1265 1585 somnum
1275 1565 1290 1586 e
1297 1558 1451 1592 palpebris
1460 1566 1520 1586 non
1531 1563 1604 1586 raro
1611 1558 1711 1593 fugat,
1723 1557 1775 1585 ubi
1783 1559 1815 1584 in

987 1602 1171 1630 commodum
1180 1603 1242 1630 leve
1251 1603 1367 1637 infanti
1373 1603 1494 1631 accidit.
1506 1603 1542 1631 Ut
1551 1603 1645 1638 igitur
1651 1602 1754 1637 infans
1763 1609 1817 1629 nu-

987 1645 1124 1680 triretur,
1133 1647 1288 1674 muliebris
1297 1654 1386 1675 sexus
1397 1650 1480 1675 tener
1489 1647 1626 1675 conditus
1635 1648 1687 1678 est,
1699 1649 1782 1674 tener
1788 1648 1816 1674 et

985 1689 1142 1718 humanus.
1161 1691 1358 1724 Quamobrem
1380 1695 1488 1720 tenerae
1500 1699 1536 1720 ac
1551 1691 1646 1722 molli,
1665 1692 1719 1718 etc.
1737 1690 1815 1723 Quid

985 1736 1039 1769 est,
1056 1743 1171 1770 quasso,
1187 1736 1304 1770 nugari,
1322 1736 1347 1764 si
1362 1737 1419 1764 hoc
1436 1744 1498 1764 non
1516 1739 1559 1764 est
1573 1736 1586 1764 ?
1602 1736 1684 1764 Certe
1700 1735 1724 1763 si
1745 1735 1817 1763 talia

985 1783 1137 1808 narrasset
1147 1780 1323 1808 muliercula
1336 1781 1447 1818 aliqua,
1458 1781 1584 1810 fortasse
1598 1789 1660 1809 non
1670 1783 1749 1809 esset
1763 1788 1816 1809 cur

985 1824 1165 1852 miraremur
1174 1834 1179 1852 :
1188 1826 1241 1853 sed
1249 1826 1297 1854 cui
1306 1826 1481 1862 persuaderi
1489 1827 1597 1862 poterit
1603 1826 1815 1861 gravissimum

985 1869 1081 1897 virum
1092 1869 1236 1898 Basilium
1245 1871 1269 1906 ej
1276 1871 1501 1906 usmodinugas
1511 1871 1692 1899 effutivisse?
1702 1871 1816 1904 Quibus

984 1914 1015 1942 in
1035 1914 1135 1942 verbis
1152 1915 1265 1952 aliquid
1282 1919 1349 1951 post
1364 1924 1471 1945 vocem
1490 1919 1570 1945 νήπια
1588 1918 1659 1953 poni
1675 1916 1816 1944 debuisse

986 1967 1106 1993 moneo,
1121 1960 1210 1996 quale
1226 1963 1271 1989 est
1284 1961 1369 1993 illud,
1385 1964 1443 1987 τότε
1458 1962 1534 1988 τοῦτο
1551 1961 1657 1997 ἐγένετο,
1674 1963 1707 1989 ut
1720 1961 1815 1989 oratio

986 2006 1014 2032 et
1032 2004 1138 2032 clarior
1159 2008 1246 2040 esset,
1263 2008 1291 2034 et
1311 2006 1417 2034 melius
1433 2007 1595 2034 cohaereret
1612 2016 1618 2034 ι
1637 2014 1705 2042 quae
1724 2014 1815 2034 voces

988 2049 1011 2076 si
1027 2049 1137 2077 additae
1152 2050 1278 2078 fuissent
1292 2058 1328 2078 eo
1344 2059 1435 2086 quem
1450 2051 1511 2078 dixi
1525 2051 1602 2085 loco,
1616 2051 1656 2079 ita
1670 2051 1814 2087 interpre-

987 2094 1042 2121 tari
1057 2094 1189 2122 licuisset
1205 2096 1336 2123 :Etcnim
1347 2096 1483 2132 quandiu
1493 2097 1642 2131 solus/"uit
1652 2097 1748 2130 homo,
1764 2104 1815 2124 an-

988 2147 1051 2167 sam
1062 2147 1121 2167 non
1138 2141 1265 2168 habebat
1277 2141 1414 2178 diabolus
1424 2141 1475 2169 sed
1483 2144 1677 2176 posteaquam
1694 2142 1816 2170 condita

989 2185 1030 2212 est
1037 2185 1154 2212 mulier.
1161 2205 1178 2212 ..
1187 2188 1218 2212 ut
1225 2185 1260 2212 ob
1269 2185 1481 2221 benignitatem
1486 2193 1595 2220 pueros
1598 2186 1816 2225 prOpenseedu-

989 2232 1072 2257 caret
1094 2233 1166 2258 tunc
1181 2231 1307 2265 contigit
1321 2234 1354 2258 ut
1364 2238 1468 2259 ansam
1482 2231 1613 2259 haberet.
1626 2231 1700 2258 Illud
1714 2233 1816 2259 autem

988 2281 1023 2301 co
1034 2274 1146 2307 notavi,
1159 2277 1191 2302 ut
1206 2275 1302 2310 magis
1319 2277 1433 2310 pateret
1444 2283 1535 2309 error,
1550 2283 1641 2312 quem
1657 2275 1759 2303 similis
1774 2275 1817 2303 lo-

986 2319 1100 2354 quendi
1120 2319 1197 2347 ratio
1217 2319 1287 2347 viris
1312 2320 1494 2348 doctissimis
1512 2320 1631 2356 objecit.
1654 2322 1679 2348 Is
1701 2323 1813 2351 autem,

985 2371 1077 2398 quem
1086 2363 1164 2394 dico,
1177 2363 1261 2391 locus
1272 2371 1307 2391 ea
1316 2372 1384 2399 quas
1393 2364 1478 2392 retuli
1486 2364 1579 2393 verba
1589 2365 1724 2400 proxime
1733 2366 1815 2392 ante-

986 2408 1072 2436 cedit.
1097 2408 1139 2436 lbi
1162 2411 1263 2437 autem
1288 2409 1329 2436 ita
1353 2409 1470 2444 legitur.
1493 2410 1575 2445 (pag.
1600 2410 1679 2446 593):
1708 2408 1813 2439 Ἐπειδὴ

985 2454 1114 2489 κατέμαθε
1139 2453 1182 2478 τόν
1210 2454 1354 2490 ἄνθρωπον·
1383 2452 1473 2483 ἐπειδὴ
1504 2452 1570 2480 εἶδαν
1599 2455 1639 2480 ὅτι
1666 2457 1694 2481 τὸ
1723 2457 1815 2491 μικρὸν

987 2502 1062 2523 τοῦτο
1087 2500 1151 2528 ζῶον
1173 2500 1237 2535 πρὸς
1259 2502 1305 2526 τὴν
1328 2502 1377 2523 τῶν
1397 2497 1509 2534 ἀγγέλων
1530 2500 1667 2535 ὀμοτιμίαν
1687 2501 1699 2524 ὁ
1721 2501 1815 2536 Κύριος

986 2542 1161 2579 προεκαλεῖτο,
1191 2540 1236 2568 διὰ
1259 2547 1306 2573 τῆς
1335 2542 1427 2579 ἀρετῆς
1457 2542 1556 2579 ἀνάγων
1583 2544 1670 2575 αὐτὸν,
1699 2545 1744 2569 καὶ
1770 2542 1816 2570 διὰ

988 2589 1156 2623 σωφροσύνης
1182 2590 1230 2612 τῶν
1258 2588 1325 2613 κατὰ
1357 2589 1400 2612 τὸν
1430 2586 1500 2623 βίον,
1531 2587 1584 2613 ἐπεὶ
1613 2590 1660 2616 τὴν
1686 2587 1816 2615 τελείωσιν

987 2636 1034 2662 τῆς
1048 2631 1124 2668 ψυχῆ
1131 2643 1150 2663 ς·
1170 2631 1263 2658 λείπει”
1280 2635 1345 2663 “Em;
1360 2633 1420 2670 γάρ,
1435 2634 1490 2660 etc.
1505 2633 1669 2669 Postquam
1685 2634 1817 2662 conside-

987 2677 1066 2704 ravit
1074 2677 1218 2705 hominem
1229 2679 1400 2712 :postquam
1407 2677 1479 2704 vida
1487 2677 1624 2713 exiguum
1635 2678 1691 2706 hoc
1699 2679 1817 2706 animal

989 2729 1006 2749 a
1026 2715 1150 2749 Domini)
1170 2721 1210 2749 ad
1233 2722 1412 2756 angelorum
1434 2722 1640 2757 aequalitatem
1659 2722 1813 2755 advocari,

988 2769 1021 2793 ut
1036 2767 1089 2801 qui
1095 2766 1190 2801 ipsum
1199 2773 1256 2800 per
1270 2766 1411 2794 virtutem
1422 2773 1459 2794 ac
1472 2774 1574 2794 rerum
1587 2766 1814 2795 mundanarum
