2020 3140
209 117 244 144 27
959 112 1150 142 rnarmo.
1888 117 1927 144 28

210 178 398 206 moderatum
409 186 496 207 usum
506 179 637 207 evehere!
645 179 686 207 ad
693 179 802 206 animos
809 177 1033 212 perfectionem,
1048 176 1073 202 A
1087 176 1154 212 ipsa
1166 176 1243 211 loca,
1255 177 1288 206 in
1301 177 1412 214 quibus
1424 178 1552 207 Basilius
1563 186 1600 207 ea
1610 186 1704 215 quam
1714 179 1776 207 dixi
1786 178 1927 207 formula

210 225 267 250 etc.
282 223 338 251 Ubi
352 225 456 251 notare
470 231 568 259 operae
580 223 710 259 pretium
726 225 780 256 est,
793 229 900 250 vocem
912 221 993 247 λείπει
1003 221 1035 248 in

212 267 370 296 Parisiensi
384 268 512 296 editione
523 267 656 296 additam
673 268 773 302 fuisse,
787 269 821 295 ut
831 268 1034 299 monerentur,

212 312 265 348 qui
277 312 419 347 legerent,
440 312 554 349 aliquid
568 312 626 340 hoc
640 312 706 341 loco
722 313 826 341 deesse
843 322 849 347 ;
866 312 918 340 sed
933 314 1035 340 tamen

209 356 286 385 nihil
295 356 389 392 deest,
402 364 567 394 vocemque
575 356 657 384 ’λείπει
671 357 834 386 delendam
842 357 1036 385 esseconstat

212 409 249 430 ex
260 401 345 430 libris
360 402 522 437 veteribus,
541 403 572 429 in
591 402 703 438 quibus
721 402 799 431 illius
818 410 855 430 ne
874 401 1034 436 vestigium

211 447 334 482 quidem
350 449 455 475 exstat.
470 448 574 483 Inepta
587 449 687 475 autem
700 446 750 475 illa
760 446 905 483 loquendi
914 446 991 474 ratio
1002 447 1036 473 ut

212 490 388 519 Parisiensis
407 491 548 519 editionis
574 494 719 526 auctores,
738 492 780 520 ita
799 491 1035 520 eruditissimum

211 543 334 572 quoque
344 536 443 563 virum
454 534 668 564 Combeﬂs'ium
678 537 805 573 decepit.
816 537 960 564 Putarth
970 535 1036 563 haec

210 580 316 615 verba,
341 579 430 610 ἐπιιδὴ
456 582 587 617 κατέμαθε
606 583 652 608 τὸν
674 581 818 619 ἄνθρωπον,
848 579 939 610 ἐπειδὴ
969 578 1036 607 εἶδεν

211 625 261 657 ὃτι,
274 625 451 660 etc.,referri
462 626 500 654 ad
513 626 627 662 aliquid
636 626 720 663 quod
732 626 816 663 sequi
826 625 958 659 deberet,
967 631 1038 652 cum

209 671 313 698 tamen
323 668 363 699 ad
373 678 409 698 ea
422 670 676 707 queeprsecedunt
686 671 876 699 referrentur.
888 670 992 707 Itaque
1001 675 1040 697 ex

210 714 249 743 iis
264 721 332 751 quae
348 715 439 751 paulo
454 718 523 744 ante
538 715 678 751 leguntur
696 715 797 744 verbis
816 715 881 751 ejus
892 715 954 743 ioci
974 722 1039 742 sen~

213 760 304 788 tentia
323 760 383 797 peti
392 759 496 795 debet,
509 761 556 789 sic
573 763 609 790 'ut
623 767 682 789 vox
696 761 898 798 ἑπονηρεύσατη,
911 768 981 797 quas
993 760 1040 788 in-

210 805 264 834 itio
271 806 389 842 periodi
400 806 562 842 superioris
574 807 734 841 invenitur,
742 806 961 835 'siﬂJau‘diatnr:
976 805 1041 842 qui-

1088 229 1160 249 usus
1174 224 1219 250 est
1232 230 1238 248 :
1253 229 1321 258 qum
1337 223 1361 251 si
1372 224 1528 260 quispiam
1537 223 1650 259 legerit,
1663 223 1762 259 magis
1773 231 1808 251 ae
1819 223 1926 258 magis

1086 267 1233 302 intelliget
1249 268 1391 296 Basiliam
1406 269 1481 296 nihil
1494 268 1553 297 tale
1568 268 1691 301 dixisse,
1707 267 1797 305 quale
1811 268 1844 296 in
1854 268 1927 296 hac

1087 313 1233 340 concione
1256 313 1413 349 reperitur.
1444 315 1541 341 Unum
1566 313 1590 341 si
1611 313 1771 348 addidero,
1798 312 1926 349 reliqua

1087 358 1235 386 omittam.
1247 358 1352 386 Statim
1363 358 1451 393 igitur
1460 358 1501 387 ita
1515 358 1619 386 scribit
1628 359 1822 394 auctor(pag.
1834 360 1904 390 595)
1916 366 1923 385 :

1089 403 1165 429 Οῦτω
1187 405 1230 429 καὶ
1251 404 1265 429 ὁ
1289 402 1410 434 διάϐολος
1430 403 1455 429 ἐν
1477 408 1508 440 τῇ
1529 403 1608 430 εἰκόνι
1628 406 1658 430 τὸ
1673 404 1793 440 μισόθεον
1809 402 1923 434 ἔδειξεν,

1089 446 1178 477 ἐπειδὴ
1204 450 1268 475 Θεοῦ
1297 447 1489 485 προσάψασθαι
1515 449 1561 474 οὐκ
1585 447 1705 474 ἐδύνατο.
1730 447 1818 479 Οὓτως
1839 449 1855 473 νό
1882 448 1924 478 εἰς

1088 494 1157 529 ἡμᾶς
1186 492 1298 529 ’πόλεμος
1325 491 1458 524 ἀπόδειξιν
1483 494 1540 528 Exn
1563 497 1610 520 τοῦ
1630 494 1764 529 θεομάχον
1789 496 1853 518 εἶναι
1876 494 1924 518 τὸν

1089 539 1210 575 πονηρὸν,
1237 540 1280 564 καὶ
1311 542 1413 574 πρῶτον
1442 538 1560 575 πολεμεῆν
1586 547 1624 574 τῳ
1650 541 1778 574 Amorgi.
1807 540 1923 568 Ἐιιῑνος

1090 585 1234 619 κατήγαγεν
1242 582 1293 609 ἀπὸ
1310 582 1476 620 Ἰερουσαλὴμ
1489 583 1524 614 εἰς
1541 583 1642 620 Ἰεριχὼ
1651 584 1698 609 τόν
1708 583 1851 620 ἀνθρωπυν,
1867 583 1924 607 ἀπὸ

1090 631 1141 654 τῶν
1154 627 1260 663 ὑψηλῶν
1273 627 1316 653 ini.
1329 629 1361 654 τά
1374 627 1457 654 κοῖλα·
1470 627 1515 654 ἐπὶ
1529 629 1574 664 μὲν
1588 632 1636 658 τῆς
1645 627 1746 664 ’ὀρεινῆς
1762 628 1777 656 ἡ
1795 629 1924 663 Ιερουσα-

1091 672 1154 709 λήμ,
1179 673 1193 701 ἡ
1217 671 1246 698 δὲ
1263 673 1365 709 Ἱεριχὼ
1387 674 1456 699 κάτω
1472 671 1497 698 ἐν
1512 677 1543 709 τῇ
1560 672 1663 709 ἁλμυρᾲ
1677 671 1810 708 θαλάσσῃ.
1829 673 1865 698 Εἰ
1881 681 1923 702 τις

1091 719 1162 754 ὑμῶν
1172 715 1226 744 εἶδε
1236 719 1280 743 ,ιὸν
1295 719 1382 750 τόπον,
1395 715 1450 743 οἶδε
1462 721 1512 743 τῶν
1519 717 1658 753 ληομὼιων
1671 719 1717 746 τὴν
1728 716 1864 748 ἀλήθειαν,
1880 717 1925 742 ὅτι

1094 763 1197 800 ’Ῑιριχὼ
1212 763 1257 798 μὶν
1268 763 1327 797 ἕχει
1340 763 1374 788 τὰ
1383 762 1463 788 -κοῖλα
1477 766 1525 793 τῆς
1541 761 1702 790 Παλαιστίνη
1708 772 1729 794 ς,
1749 760 1924 798 Ἰερουσαλὴμ

1093 805 1123 834 ὁδὶ
1136 807 1179 833 ἐπὶ
1192 811 1241 838 τῆς
1256 811 1370 843 κορυφῆς
1384 806 1542 844 ἐρήρεισται,
1559 805 1694 843 minem
1707 808 1861 841 διαιτήμασι
1873 809 1924 831 sui

212 851 271 879 bus
285 848 379 887 probe
391 851 559 885 intellectis,
580 852 778 889 perspicuum
798 855 843 880 est
862 852 953 880 totius
974 852 1039 887 ejus

1093 855 1167 889 ὅρους
1182 856 1228 879 τοῦ
1241 850 1288 878 διὰ
1299 853 1386 883 πάσης
1402 851 1500 882 ἐκείνης
1510 855 1556 882 τῆς
1569 854 1659 888 χώρας
1675 852 1856 881 Menandros.
1870 850 1924 878 Sit

211 896 270 925 loci
277 897 355 924 hanc
362 904 427 925 esse
438 897 633 925 sententiam:
644 897 788 926 Diabolus
794 898 928 934 maligne
940 905 970 926 se
979 904 1040 934 ges-

213 942 262 974 sit,
272 947 338 970 eum
344 942 421 970 vidit
429 943 558 971 multum
570 943 684 971 homini
692 943 821 978 afﬂuere
828 944 1025 977 voluptatis...
1031 962 1038 969 .

213 986 330 1014 Rursus
343 994 373 1015 se
386 988 518 1022 maligne
535 988 636 1023 gessit,
652 995 719 1016 cum
733 989 929 1017 consideravit
947 987 1039 1016 homi-

214 1036 290 1066 nem,
304 1033 407 1060 etcum
417 1033 490 1060 vidit
501 1030 642 1068 exiguum
651 1034 704 1062 hoc
712 1034 826 1062 animal
837 1040 856 1061 a
866 1034 990 1061 Domino
1001 1033 1040 1061 ad

214 1077 385 1111 angelorum
397 1078 600 1113 aequalitatem
608 1078 764 1114 advocari,
774 1081 829 1106 etc.
838 1080 914 1113 Ergo
925 1085 1040 1106 errave-

213 1123 284 1149 runt
297 1121 432 1158 quidem,
448 1122 500 1158 qui
519 1122 568 1151 hic
583 1123 697 1159 aliquid
708 1128 729 1151 'a
748 1123 876 1151 librariis
890 1123 1039 1152 omissum

211 1166 306 1195 fuisse
321 1166 456 1195 arbitrati
474 1170 566 1195 sunt:
581 1168 636 1196 sed
649 1175 700 1196 eos
714 1168 811 1196 multo
825 1168 926 1196 minus
937 1176 1038 1204 repre-

213 1211 391 1239 hendendos
406 1220 472 1240 esse
487 1212 602 1248 judico,
619 1220 712 1249 quam
729 1213 906 1249 scriptorem
921 1212 1038 1249 ipsum,

213 1254 266 1292 qui
276 1256 360 1292 quod
369 1257 448 1285 male
458 1257 577 1285 locutus
592 1261 645 1292 est,
658 1258 779 1286 errandi
788 1258 980 1286 occasionem
990 1258 1039 1286 de-

213 1300 266 1328 dit.
277 1302 335 1329 Nec
343 1301 384 1330 ita
395 1302 490 1330 multo
500 1302 578 1330 intra
590 1310 660 1330 cum
668 1305 772 1331 auctor
781 1303 1039 1339 pantherarumjn

212 1344 352 1374 homines
367 1346 472 1374 odium
488 1346 657 1375 describere
670 1347 768 1382 vellet,
788 1347 835 1375 his
851 1346 949 1375 verbis
965 1352 1038 1374 usus

214 1391 259 1417 est
268 1391 348 1426 (pag.
365 1391 444 1427 595):
460 1389 538 1418 Εἶδον
549 1391 597 1428 ἐγὼ
607 1392 640 1418 τὰ
653 1393 891 1428 μισανθρωπότατα
905 1395 955 1418 τῶν
969 1393 1038 1423 ζώων

214 1433 239 1460 ἐν
251 1438 305 1466 τοῖς
320 1433 438 1467 σταδίοις
451 1435 584 1469 πολλάκις,
602 1436 616 1466 ἢ
629 1435 698 1464 εἶδον
710 1437 724 1466 ἦ
737 1437 839 1466 ἤκουσα
919 1435 1038 1472 ἀσφαλὴς

213 1481 262 1516 γὰρ
272 1481 338 1506 ἔστω
348 1481 360 1506 ὁ
370 1480 454 1517 λόγος.
468 1480 536 1509 Vidi
542 1488 594 1516 ego
604 1488 680 1516 sape
689 1482 720 1509 in
729 1481 835 1509 stadiis
845 1481 1038 1509 infestissima

1093 898 1182 926 etiam
1195 898 1333 926 diabolus
1347 904 1434 925 suum
1448 897 1481 924 in
1496 897 1590 924 Deum
1608 896 1706 924 odium
1722 895 1872 930 patefacit
1887 895 1922 923 in

1091 943 1224 978 imagine
1237 950 1304 970 cum
1320 943 1409 970 Deum
1422 942 1570 976 attingere
1583 948 1644 969 non
1658 940 1821 976 possit.Sic
1833 947 1872 968 ea:
1880 940 1921 967 il-

1095 987 1156 1015 lato
1173 987 1249 1015 bello
1266 987 1357 1023 liquet
1372 986 1540 1021 malignum
1547 985 1636 1013 illum
1652 985 1708 1013 Dei
1719 984 1830 1012 hostem
1845 991 1921 1017 esse,

1093 1040 1128 1060 ac
1144 1033 1277 1067 primum
1290 1032 1415 1060 Domino
1429 1031 1485 1067 ipsi
1499 1031 1610 1059 bellum
1624 1037 1739 1065 gerere.
1755 1030 1813 1058 Ille
1823 1029 1922 1057 homi-

1091 1084 1158 1106 nem
1172 1077 1209 1105 ab
1221 1076 1387 1105 Jerusalem
1402 1076 1435 1103 in
1453 1075 1574 1104 Ja-icho
1589 1074 1726 1110 abduxit,
1737 1074 1781 1102 ab
1794 1074 1867 1102 altis
1880 1073 1924 1101 ad

1092 1129 1176 1150 cava.
1188 1121 1339 1149 Nimirum
1349 1121 1518 1148 Jerusalem
1527 1120 1560 1147 in
1569 1122 1718 1148 montana
1728 1119 1849 1154 regione
1861 1119 1925 1146 sita

1093 1169 1135 1195 est
1158 1175 1164 1200 ;
1184 1165 1306 1194 Jericho
1321 1172 1391 1193 vero
1409 1165 1442 1193 in
1457 1165 1597 1199 depresso
1613 1171 1649 1192 ac
1664 1163 1775 1191 humili
1796 1163 1859 1191 loco
1880 1162 1926 1190 ad

1087 1212 1214 1240 Salsum
1237 1217 1329 1238 mare.
1345 1210 1379 1238 Si
1397 1209 1462 1245 quis
1483 1212 1615 1237 vestrum
1631 1208 1705 1236 vidit
1726 1209 1835 1240 locum,
1851 1214 1925 1235 vera

1092 1265 1153 1286 esse
1167 1256 1250 1284 novit
1260 1259 1333 1292 ‘quw
1348 1255 1502 1289 dicuntur,
1517 1254 1634 1282 Jericno
1655 1253 1791 1281 videlicet
1807 1252 1843 1280 in
1861 1252 1926 1280 Pa-

1095 1302 1220 1330 lmstina:
1240 1301 1320 1329 cavis
1350 1300 1457 1333 locari,
1476 1299 1645 1327 Jerusalem
1665 1305 1738 1326 vero
1755 1298 1788 1325 in
1806 1304 1924 1324 summa

1094 1347 1158 1375 loco
1172 1347 1262 1374 sitam
1278 1352 1340 1374 esse
1357 1345 1467 1373 montis
1487 1345 1562 1379 ejus,
1575 1344 1631 1380 qui
1647 1350 1705 1378 per
1726 1345 1819 1370 totam
1827 1342 1924 1370 illam

1091 1392 1244 1427 regionem
1268 1390 1409 1425 assurgit,
1445 1395 1588 1418 cacumen
1612 1391 1821 1423 occupantem.
1850 1387 1923 1414 Haec

1092 1436 1166 1465 dum
1185 1436 1326 1471 legerem,
1345 1434 1420 1462 mihi
1435 1434 1500 1462 visa
1522 1436 1593 1462 sunt
1607 1432 1765 1461 nonsatis
1783 1431 1862 1460 inter
1886 1439 1921 1459 se

1087 1481 1251 1510 cohaerere.
1274 1480 1324 1508 Hic
1343 1479 1368 1507 si
1384 1485 1490 1507 sermo
1509 1480 1586 1506 esset
1599 1478 1638 1506 de
1653 1484 1757 1506 amore
1772 1476 1919 1513 proximi.

215 1525 329 1553 homini
338 1526 496 1560 animalia,
507 1526 641 1560 autvidi,
657 1529 710 1554 aut
726 1526 831 1555 audivi
846 1534 852 1554 :
868 1528 951 1554 tutus
962 1525 1039 1554 enim
1051 1527 1073 1555 C
1091 1526 1200 1554 faterer
1212 1524 1386 1561 exemplum
1400 1524 1466 1559 ejus
1477 1522 1620 1556 hominis,
1633 1522 1684 1560 qui
1700 1521 1740 1551 ab
1753 1521 1919 1550 Jerusalem

213 1570 251 1597 sit
261 1570 346 1597 nobis
355 1576 461 1598 sermo.
471 1570 606 1598 Primum
618 1571 746 1607 scriptor
755 1571 796 1598 ait
802 1570 914 1598 vidisse
925 1578 956 1598 se
965 1579 971 1598 :
979 1570 1039 1598 sed

212 1614 301 1650 quasi
315 1613 457 1650 religione
471 1617 580 1649 tactus,
595 1615 695 1644 statim
708 1615 793 1643 addit
807 1623 838 1644 se
853 1617 905 1643 aut
917 1615 1038 1649 vidisse,

212 1661 266 1687 aut
276 1658 442 1688 audivisse.
459 1661 502 1688 Ita
516 1663 617 1688 autem
632 1660 724 1696 loqui,
738 1660 852 1688 utmihi
862 1659 986 1696 quidem
996 1659 1039 1687 vi-

213 1702 309 1739 detur,
335 1704 400 1740 ejus
423 1706 478 1738 est,
500 1704 553 1741 qui
576 1704 608 1732 in
630 1705 755 1741 privatis
780 1711 816 1732 ac
839 1704 1040 1733 familiaribus

213 1747 371 1785 colloquiis
388 1751 507 1785 tempus
519 1749 654 1785 jucunde
668 1751 762 1778 terere
777 1749 869 1786 cupit,
885 1755 947 1778 non
962 1749 1038 1785 ejus,

213 1791 266 1829 qui
275 1792 436 1829 publicam
449 1794 628 1822 concionem
643 1793 682 1822 ad
695 1794 843 1831 pupulum
853 1793 955 1822 habet.
967 1795 1041 1822 Prie-

212 1839 294 1868 terea
307 1838 360 1875 qui
378 1838 450 1867 dicit
463 1846 494 1867 se
514 1839 628 1876 aliquid
645 1844 725 1875 stepe
744 1839 864 1871 vidisse,
884 1838 1042 1876 quomodo

206 1882 312 1911 dicere
325 1886 433 1919 potest,
449 1890 481 1912 se
497 1883 686 1918 aut'vidisse,
706 1886 758 1912 aut
767 1884 925 1912 audivisse
938 1886 954 1911 ?
968 1885 1043 1912 Nam

212 1927 279 1955 ﬁeri
291 1929 394 1963 potest
402 1928 531 1964 quidem
545 1928 721 1964 aliquando,
735 1929 809 1956 utsi
820 1935 887 1956 rem
907 1928 1043 1964 aliquam

213 1972 306 2000 semel
314 1972 491 2006 viderimus,
498 1971 671 2001 dubitemus
681 1975 781 2001 utrum
792 1981 860 2002 eam
866 1973 1044 2007 viderimus,

213 2025 253 2046 an
275 2017 496 2046 audiverimus:
513 2019 567 2046 sed
589 2018 614 2046 si
637 2025 718 2055 saepe
738 2018 852 2055 aliquid
867 2018 1044 2046 viderimus.

212 2062 313 2090 omnis
334 2065 364 2091 et
387 2062 536 2091 dubitatio
559 2065 587 2091 et
609 2063 714 2099 religio
734 2063 854 2097 tollitur,
872 2063 1045 2099 consciique

214 2114 320 2136 sumus
343 2108 442 2140 nobis,
462 2115 518 2136 nos
535 2108 565 2136 id
583 2108 706 2136 vidisse.
730 2109 838 2136 Maneo
860 2107 970 2136 alicubi
991 2108 1043 2144 (b'),

213 2153 293 2181 hanc
307 2152 427 2181 dicendi
445 2152 619 2185 formulam,
634 2160 686 2189 ego
701 2154 775 2187 vidi,
792 2161 845 2189 ego
858 2153 938 2186 novi,
953 2152 1044 2180 fami-

1091 1571 1121 1599 in
1143 1570 1262 1598 ﬂericho
1284 1568 1488 1597 descendebat
1502 1568 1524 1603 ⁸,
1537 1569 1610 1604 apte
1625 1569 1653 1595 et
1667 1566 1827 1595 commode
1842 1566 1919 1594 alla-

1088 1619 1157 1644 tum
1170 1615 1282 1643 fuisse:
1300 1614 1354 1642 sed
1367 1614 1426 1642 hoc
1440 1613 1508 1641 loco
1519 1612 1674 1649 ejusmodi
1688 1611 1862 1648 exemplum
1878 1612 1920 1640 ita

1088 1659 1478 1697 intempestivehdductum
1491 1659 1546 1692 est,
1557 1659 1594 1686 ut
1606 1657 1702 1686 oratio
1713 1664 1839 1693 prorsus
1857 1657 1920 1684 dis-

1094 1706 1191 1734 soluta
1206 1713 1271 1733 esse
1286 1704 1433 1733 videatur.
1451 1704 1533 1732 Certe
1548 1702 1573 1731 si
1588 1703 1664 1730 alius
1679 1701 1777 1739 quivis
1791 1701 1920 1729 idoneus

1095 1754 1200 1781 auctor
1211 1749 1325 1778 diaboli
1339 1749 1370 1777 in
1385 1750 1479 1777 Deum
1491 1749 1544 1776 aut
1556 1747 1587 1775 in
1598 1747 1738 1775 homines
1752 1746 1858 1775 odium
1868 1754 1920 1774 os-

1092 1795 1217 1826 tendere
1232 1794 1417 1826 instituisset,
1432 1793 1491 1821 hoc
1507 1792 1680 1828 exemplum
1697 1791 1829 1828 proferre
1841 1798 1921 1819 nun-

1089 1849 1189 1878 quam
1210 1840 1379 1875 cogitasset,
1401 1843 1472 1867 cum
1491 1840 1632 1866 sexcenta
1646 1837 1706 1865 sint
1719 1835 1923 1872 et-‘aptissima

1091 1889 1126 1914 et
1142 1883 1437 1920 notissimaﬁpuibus
1455 1883 1496 1911 ad
1511 1883 1542 1910 id
1563 1881 1865 1910 comm‘enstrandum
1878 1880 1923 1909 uti

1096 1931 1206 1960 liceret.
1224 1928 1384 1963 Quomodo
1398 1935 1470 1963 ergo
1481 1927 1608 1956 Basilius
1622 1926 1732 1955 horum
1746 1929 1851 1954 auctor
1863 1925 1923 1953 dici

1097 1976 1203 2004 merito
1217 1973 1323 2011 possit,
1337 1973 1391 2009 qui
1401 1980 1480 2000 unus
1493 1972 1630 2001 omnium
1640 1972 1673 1999 in
1682 1971 1761 2008 aptis
1773 1969 1922 2007 exemplis

1097 2018 1285 2058 proferendis
1301 2018 1490 2046 felicissimus
1501 2016 1594 2045 fuisse
1604 2017 1787 2053 competitor
1795 2016 1810 2043 -?
1821 2017 1923 2043 Prmte—

1097 2073 1150 2094 rea
1163 2073 1230 2101 quae
1246 2065 1424 2100 sequuntur,
1439 2062 1583 2090 nimirum
1603 2062 1772 2090 Jerusalem
1794 2062 1827 2089 in
1842 2069 1926 2089 mon-

1098 2113 1170 2139 tana
1183 2110 1302 2145 regione
1316 2109 1374 2136 sita
1389 2111 1431 2136 est
1445 2114 1455 2143 ;
1471 2107 1590 2135 Jéricho
1605 2112 1676 2135 vero
1690 2107 1721 2134 in
1736 2109 1873 2141 depresso
1886 2114 1924 2134 ac

1099 2155 1207 2184 humili
1220 2156 1283 2183 loco
1297 2154 1338 2182 ad
1349 2153 1468 2181 Salsum
1478 2160 1562 2180 mare
1572 2159 1583 2188 ,'
1593 2153 1620 2180 si
1630 2153 1696 2187 quis
1706 2155 1836 2180 vestrum
1848 2152 1924 2180 vidit

211 2197 406 2226 liarissimam
428 2197 521 2226 fuisse
545 2197 653 2226 Basilio
672 2199 789 2233 Magno,
808 2197 847 2226 ob
869 2197 960 2234 idque
981 2204 1043 2226 non
1060 2202 1082 2230 D
1099 2202 1206 2234 locum,
1220 2199 1303 2227 novit
1320 2206 1391 2227 vera
1400 2205 1459 2226 esse
1469 2204 1534 2233 quae
1544 2198 1700 2230 dicuntur,
1712 2199 1779 2228 etc.,
1790 2197 1923 2225 hominis

212 2241 302 2270 valde
311 2242 479 2270 admodum
487 2242 686 2279 dubito,quin
695 2243 838 2271 orationis
848 2244 962 2275 auctor,
973 2250 1042 2270 cum
1098 2247 1178 2278 sunt,
1195 2243 1248 2281 qui
1263 2251 1346 2272 vana
1360 2243 1438 2270 serio
1453 2242 1533 2274 dicit,
1549 2249 1612 2270 non
1628 2242 1797 2277 gravissimi
1820 2243 1924 2277 Patris,

213 2287 255 2315 ita
268 2287 388 2315 locutus
402 2289 465 2316 est:
486 2287 552 2316 νίάι
567 2295 620 2323 ego
634 2292 712 2322 same
726 2287 757 2315 in
770 2287 888 2322 stadiis,
902 2289 970 2321 etc.,
991 2289 1043 2315 aut
1097 2290 1147 2326 qui
1164 2289 1278 2325 ubique
1288 2286 1572 2316 convenientissima
1586 2294 1716 2323 quaeque
1727 2288 1755 2314 et
1766 2286 1924 2316 utilissima

215 2332 341 2360 Basilius
355 2331 432 2369 ipse,
455 2334 508 2360 aut
526 2335 604 2361 certe
623 2332 689 2368 ejus
704 2331 814 2368 aliquis
832 2331 964 2360 imitator
984 2332 1043 2360 exi-

213 2377 294 2405 mius
309 2376 403 2405 videri
416 2376 544 2405 voluerit
561 2385 567 2405 :
580 2377 634 2405 sed
649 2384 719 2405 cum
733 2377 775 2405 ita
789 2374 924 2405 futurum
939 2383 1041 2413 spera-

213 2423 268 2457 ret,
282 2421 338 2450 sibi
353 2422 442 2449 nimis
453 2421 680 2450 'blandiebatur.
698 2421 815 2450 Nemini
825 2421 905 2449 enim
920 2429 1042 2458 persua-

214 2464 277 2495 deri
288 2466 412 2503 poterit,
433 2466 574 2494 Basiliam
592 2472 666 2494 eum
686 2466 776 2494 fuisse
790 2466 852 2503 qui,
870 2466 981 2494 diceret
996 2466 1040 2494 vi-

214 2508 299 2539 disse
313 2519 344 2539 se
364 2511 480 2547 aliquid
500 2519 591 2547 saepe,
608 2513 637 2539 et
649 2513 750 2539 tamen
765 2511 864 2539 statim
878 2510 1037 2546 dubitaret,

215 2560 255 2585 an
267 2554 298 2585 id
308 2561 445 2593 unquam
457 2556 598 2585 vidisset:
614 2556 702 2584 velim
717 2555 812 2585 oculis
824 2555 1041 2592 perlustrantur

250 2646 262 2666 ⁵
278 2644 352 2675 ‘Luc.
362 2654 393 2681 ι,
409 2648 453 2675 30.

305 2709 481 2748 Emendatio
491 2709 594 2748 obvia,
608 2712 652 2736 καὶ
665 2709 734 2737 εἶδον
743 2712 790 2737 aiat
802 2711 914 2748 ἣκουσᾳ,
928 2714 956 2740 et
971 2712 1043 2748 vidi,

216 2749 244 2784 et
256 2746 361 2784 audivi
370 2746 447 2774 alios
461 2746 515 2782 qui
540 2746 680 2784 viderant
696 2755 703 2780 ;
720 2747 734 2776 ἢ
749 2754 806 2782 pro
821 2749 869 2784 καζ
880 2746 1047 2784 descriptor

210 2780 339 2819 legerit;
355 2789 449 2820 prona
464 2780 508 2811 est
520 2782 602 2811 enim
616 2780 897 2820 utriusque'voculse
912 2783 943 2812 in
958 2780 1046 2812 codd.

1096 2334 1192 2362 docet.

1133 2379 1175 2406 l‘a‘.
1191 2379 1311 2410 Auctor,
1326 2376 1466 2413 quisquis
1479 2378 1538 2411 est,
1555 2377 1606 2403 aut
1620 2375 1745 2403 Basilius
1758 2375 1822 2411 ipse
1831 2374 1925 2403 videri

1093 2423 1200 2456 voluit,
1217 2424 1269 2450 aut
1283 2423 1360 2449 certe
1375 2420 1542 2448 Basilianus
1557 2427 1628 2448 esse
1641 2419 1767 2448 studuit.
1779 2421 1855 2447 Nam
1872 2419 1922 2447 ali-

1094 2467 1220 2504 quando
1226 2466 1404 2502 verbaipsa,
1412 2473 1491 2502 saepe
1500 2465 1660 2493 sententias
1669 2465 1708 2493 ab
1716 2472 1752 2493 eo
1760 2464 1923 2501 sumpsisse

1095 2512 1340 2549 deprehenditur.
1353 2511 1425 2544 Quae
1436 2517 1507 2546 ergo
1518 2510 1567 2538 hic
1577 2510 1658 2538 dicta
1671 2512 1741 2538 sunt
1752 2512 1804 2538 aut
1818 2509 1855 2537 de
1870 2509 1921 2542 ira,

1095 2560 1147 2587 aut
1161 2558 1200 2586 de
1213 2556 1339 2591 invidia,
1352 2558 1404 2585 aut
1419 2556 1457 2584 de
1470 2555 1608 2589 avaritia,
1619 2562 1681 2583 non
1692 2554 1816 2583 aliunde
1827 2554 1922 2590 magis

1100 2719 1173 2741 mss.
1189 2710 1383 2741 Dermutatio.
1401 2710 1477 2738 Em.

1137 2747 1176 2783 (b)
1190 2745 1267 2782 Lege
1283 2754 1368 2775 num.
1384 2745 1429 2774 29.
