2020 3140
210 126 240 152 31
288 117 291 119 ’
961 119 1148 148 PREFATIO
1877 123 1912 148 32

209 185 309 213 virum
331 184 567 217 Tillemontium,
588 191 658 212 cum
680 184 798 220 scripsit
818 184 858 219 (α)
875 183 1035 217 Origenem

1090 186 1136 213 τῆς
1146 183 1285 219 παρθενίας
1299 183 1326 209 ἐκ
1339 187 1386 214 τῆς
1399 185 1541 220 μνηστείας
1551 183 1773 219 παραϐλαϐεἰσης.
1788 183 1914 211 Possum

209 229 240 258 in
255 229 311 257 hac
327 228 450 257 bomilia
466 228 589 256 nomine
599 228 759 264 cujusdam
769 228 886 264 antiqui
899 227 1033 255 indicari.

211 275 284 302 Nam
296 273 420 308 intelligi
437 273 546 300 debere
561 275 727 308 martyrem
744 273 904 308 lgnatium,
920 280 955 300 ex
971 279 1036 306 gra-

212 318 337 346 vissimo
355 320 475 346 auctore
485 317 668 353 Hieronymo
677 317 850 345 conﬁrmari
864 318 974 353 potest:
984 315 1036 352 qui

211 371 280 391 cum
294 362 426 399 primum
437 364 527 398 caput
536 361 667 389 Matthmi
680 361 925 398 interpretaretur
935 361 984 394 (b),
996 361 1036 388 ita

213 407 351 443 scripsit:
363 407 485 442 Martyr
502 407 639 441 Ignatius
658 407 746 434 etiam
760 410 902 442 quartam
917 405 1036 434 addidit

209 460 341 486 causam,
355 460 411 480 cur
421 460 439 480 a
447 452 627 486 desponsata
638 455 797 486 conceptus
808 452 845 479 sit
852 458 863 487 ;
873 455 905 479 ut
914 453 1034 485 partus,

209 497 355 533 inquiens,
364 498 427 531 ejus
436 497 587 524 celaretur
593 496 723 531 diabolo,
732 497 802 524 dum
809 503 874 524 eum
882 499 1036 530 putatnon

209 542 246 570 de
255 542 382 577 virgine,
394 541 444 569 sed
453 541 490 569 de
500 549 596 569 uxore
605 543 793 576 generatum.
809 542 867 569 Nec
875 540 1034 575 indignum

209 588 282 622 puto
293 585 377 622 quod
389 586 581 621 notetur,duo
595 585 739 622 mysteria
754 585 827 613 olim
840 592 901 613 uno
914 585 1035 613 eodem-

209 638 268 666 que
277 630 324 658 die
335 630 426 658 fuisse
437 630 598 665 celebrata,
607 633 706 658 ortum
717 629 834 658 Domini
845 631 874 658 et
882 631 1035 664 Magorum

209 675 430 705 adorationem.
451 677 562 703 Auctor
576 675 658 703 enim
675 675 737 703 duo
758 675 823 702 haec
838 674 980 710 mysteria
994 674 1036 702 ita

209 720 333 756 exponit
346 728 380 747 ac
396 720 562 755 conjungit,
575 722 607 748 ut
621 720 786 748 obscurum
799 727 861 747 non
876 720 1036 747 situtrum-

209 773 269 801 que
283 764 340 792 illis
354 764 540 800 temporibus
554 764 644 792 simul
657 764 841 792 celebratum
853 760 956 792 fuisse.
968 765 1036 792 Erat

211 811 312 837 autem
330 816 443 836 nomen
463 808 521 837 diei
537 809 625 843 festo,
645 809 849 843 Theophania.
867 810 939 837 Cum
955 808 1036 839 enim

1089 229 1117 254 et
1143 228 1237 255 aliam
1269 229 1428 263 quamdam
1452 228 1600 256 rationem
1627 229 1782 263 proferre,
1815 227 1913 256 nihilo

1089 270 1134 298 his
1148 279 1222 307 quas
1234 273 1419 307 protulimus
1433 273 1581 305 viliorem,
1603 273 1682 308 quod
1697 272 1837 300 videlicet
1851 271 1915 299 ido-

1088 324 1176 344 neum
1204 317 1244 345 ad
1272 317 1515 346 incarnationem
1543 318 1667 346 Domini
1692 321 1806 352 tempus
1841 317 1914 344 olim

1088 362 1272 396 pra'ﬁnitum
1289 365 1316 390 et
1337 365 1408 390 ante
1426 362 1578 390 conditum
1598 362 1699 390 orbem
1715 362 1914 396 prwdestina-

1089 409 1152 434 tum
1173 408 1243 434 tunc
1267 407 1405 442 instaret,
1429 407 1461 434 in
1482 414 1539 442 quo
1558 407 1705 441 Spiritum
1726 409 1865 434 sanctum
1886 408 1915 434 et

1089 451 1239 479 Altissimi
1261 453 1399 480 virtutem
1424 452 1579 486 oportebat
1603 459 1724 480 carnem
1744 451 1830 479 illam
1860 451 1918 478 Dei

1088 497 1278 530 gestatricem
1303 496 1507 530 conformare.
1524 496 1671 529 Quoniam
1694 503 1763 524 vero
1785 497 1843 524 illa
1862 496 1915 523 ho-

1089 541 1203 568 minum
1227 543 1316 569 testas
1340 541 1421 569 nihil
1441 541 1573 575 puritati
1595 541 1704 569 Mariae
1731 541 1917 576 wquandum

1089 584 1227 619 habebat,
1250 586 1292 613 sic
1308 589 1340 613 ut
1366 586 1501 620 Spiritus
1521 586 1622 614 sancti
1638 586 1797 620 susciperet
1812 593 1917 620 opera-

1089 629 1207 663 tionem,
1229 633 1376 664 occupala
1395 633 1493 658 autem
1509 631 1576 665 jam
1596 632 1662 658 erat
1685 638 1741 665 per
1758 630 1916 665 desponsa-

1088 674 1207 709 tionem,
1228 675 1322 702 electa
1347 677 1389 702 est
1411 674 1496 703 beata
1518 676 1613 710 virgo,
1634 675 1714 702 nihil
1737 682 1775 703 ea:
1791 675 1916 709 despon-

1087 718 1201 746 satione
1223 718 1400 753 virginitate
1426 719 1509 748 ltesa.
1534 721 1644 746 Auctor
1665 719 1857 755 promiserat,
1884 721 1917 747 ut

1087 762 1160 795 dixi,
1171 762 1334 791 allaturum
1343 771 1375 791 se
1385 763 1527 792 eximiam
1538 763 1706 800 quamdam
1717 771 1852 794 causam,
1864 771 1916 791 cur

1088 806 1275 842 desponsata
1288 807 1393 835 fuisset
1407 807 1493 843 virgo
1513 809 1602 836 Maria
1619 816 1625 836 :
1643 808 1696 835 sed
1718 816 1780 836 non
1794 808 1916 836 videtur

210 855 315 881 auctor
322 853 386 888 jam
397 853 524 882 orationi
534 861 596 881 sues
608 853 703 881 ﬁnem
714 853 868 889 imponere
881 853 1034 888 cogitaret,
1050 859 1070 886 Β
1088 851 1250 887 promissis
1269 852 1396 880 stetisse.
1414 852 1540 886 Etenim,
1557 852 1582 879 si
1597 860 1644 880 res
1661 852 1803 880 attentius
1817 852 1916 880 consi-

211 897 254 925 sic
271 897 403 933 loquitur
425 898 504 933 (pag.
523 899 586 933 60⁸2)
602 907 608 925 :
631 897 799 933 Φθεγξὼμεθά
818 907 875 923 τινα
895 900 939 923 καὶ
961 899 1035 934 ἡμεῖς

211 944 294 977 φωνὴν
323 941 510 977 ἀγαλλιάσεως.
545 945 625 978 ὄνομα
655 943 757 978 θώμεθα
785 947 816 978 τῇ
848 941 922 978 ἑορτῇ
952 943 1034 978 ἡμῶν,

210 987 348 1021 Θεοφάνια.
362 987 554 1021 Eloquamur
564 990 592 1015 et
606 995 660 1014 nos
674 995 772 1015 vocem
789 987 924 1022 aliquam
938 987 1036 1014 exsul-

210 1031 332 1058 tationis
351 1038 357 1057 :
379 1031 488 1065 festum
516 1034 653 1059 nostrum
673 1031 858 1066 appellemus
884 1030 1037 1065 Theopha-

209 1075 301 1109 niam,
318 1076 361 1108 Et,
375 1075 499 1110 quando
510 1075 581 1103 talia
591 1075 730 1110 colligere
743 1075 828 1111 caapi,
840 1075 953 1103 addam
963 1075 1036 1103 illud

209 1127 343 1156 quoque.
361 1119 510 1154 virginem
523 1120 646 1148 Mariam
661 1120 830 1148 Theotocon
845 1120 1000 1156 appellari.

247 1166 289 1191 17.
305 1164 372 1192 Jam
388 1172 473 1192 more
488 1168 591 1192 nostro
605 1165 796 1201 disputemus
807 1164 914 1192 merito
929 1172 968 1192 an
983 1164 1037 1192 im-

210 1208 316 1236 merito
334 1208 400 1236 haec
422 1210 518 1237 oratio
533 1209 682 1238 tribuatur
698 1209 815 1237 Basilio.
837 1209 1037 1237 Eruditissimi

210 1252 265 1280 viri
285 1253 486 1281 Combeﬁsius
502 1255 530 1282 et
550 1254 684 1290 Dupinus
702 1261 740 1282 ne
758 1253 898 1282 videntur
912 1253 1037 1289 quidem

208 1297 288 1325 hanc
303 1298 471 1326 orationem
484 1302 657 1334 suspectam
667 1298 823 1326 habuisse.
834 1298 1038 1326 Tillemontius

209 1350 290 1374 vero,
311 1342 354 1370 vir
372 1343 520 1371 acerrimo
540 1343 653 1378 judicio
673 1343 830 1379 praeditus,
853 1343 894 1370 ait
919 1350 987 1370 eam
1006 1342 1037 1370 in

209 1386 388 1423 dubiisponi
396 1395 497 1423 posse.
506 1389 563 1416 Nec
571 1387 816 1424 prmtereundum
823 1387 950 1421 silentio,
957 1387 1037 1415 hanc

209 1431 386 1459 concionem
398 1432 540 1460 deessein
550 1432 702 1468 aliquibus
711 1432 795 1460 libris
806 1431 970 1460 veteribus:
983 1431 1037 1459 sed

209 1475 283 1502 nihil
297 1475 367 1503 inde
378 1476 450 1504 satis
461 1476 541 1504 ﬁrmi
556 1477 594 1505 ad
611 1485 678 1505 eam
688 1476 885 1512 rejiciendam
897 1475 1037 1504 concludi

210 1527 310 1555 posse,
333 1520 448 1553 vident,
466 1522 586 1557 opinor,
606 1529 723 1550 omnes.
748 1522 846 1554 Quare
865 1520 1035 1548 necessario

209 1565 426 1592 recurrendum
438 1565 478 1593 ad
486 1565 545 1594 alia
553 1566 711 1602 principia,
720 1566 848 1602 ipsaque
856 1565 951 1593 oratio
959 1564 990 1592 in
1005 1572 1036 1592 se
1051 1570 1071 1596 C

210 1608 445 1643 consideranda;
455 1618 530 1638 num
538 1610 610 1646 quid
621 1611 651 1638 in
660 1618 695 1638 ea
703 1610 829 1638 inveniri
838 1608 1037 1646 possit,quod

209 1652 297 1680 nobis
310 1653 558 1690 adjudicandum
568 1655 665 1683 facem
675 1654 827 1691 praeferat.
843 1654 975 1682 Primum
985 1661 1036 1681 oc-

210 1697 302 1725 currit
324 1698 397 1726 illud
412 1700 493 1735 (pag.
519 1700 581 1735 596)
597 1708 604 1726 :
624 1703 682 1731 Πῶς
698 1699 741 1725 οὖν
758 1698 794 1725 δι’
810 1699 875 1731 ἑνὸς,
897 1700 986 1734 φησὶν,
1001 1698 1036 1728 εὶς

208 1742 306 1774 πάντας
315 1741 377 1772 ἦλθε
387 1746 415 1769 τὸ
423 1743 527 1780 λαμπτὴ
530 1753 585 1780 ριον
592 1751 597 1773 ;
607 1744 757 1778 Quomodo
764 1744 923 1779 igiturjper
931 1751 1034 1772 unum.

209 1786 317 1823 inquit,
333 1788 364 1816 in
386 1796 486 1816 omnes
505 1789 650 1824 splendor
664 1789 783 1818 devenit
799 1791 812 1817 ?
830 1788 918 1822 Quod
933 1790 965 1816 ut
987 1796 1036 1816 ve-

208 1839 277 1859 rum
291 1832 396 1866 fatear,
417 1840 542 1868 prorsus
565 1834 760 1870 peregrinum
773 1835 802 1861 et
816 1841 835 1861 a
851 1833 949 1861 Basilii
963 1841 1035 1861 con-

209 1876 368 1905 suetudine
384 1877 521 1905 alienum
537 1878 611 1905 mihi
625 1877 754 1905 videtur.
772 1879 857 1911 Nam,
875 1877 933 1905 nisi
947 1877 1037 1905 valde

209 1920 307 1953 fallor,
322 1923 354 1948 ut
369 1922 452 1956 apud
472 1924 596 1950 caeteros
615 1921 714 1950 bonos
730 1924 879 1955 auctores,
895 1922 937 1949 ita
953 1921 1037 1957 apud

210 1965 351 1993 Basilium
373 1965 495 2003 λαμπτὴρ
511 1967 617 1994 usitate
636 1967 754 2000 dicitur,
775 1974 837 1995 non
857 1966 1031 2004 λαμπτήρων.

209 2011 371 2046 Aliquanto
386 2014 456 2047 post
469 2012 572 2047 magni
588 2011 703 2048 aliquid
714 2012 865 2040 dicturum
882 2020 912 2039 se
926 2011 1037 2047 pollici-

211 2057 258 2082 tus
283 2058 397 2091 auctor,
425 2058 528 2084 tamen
552 2058 660 2092 praeter
685 2057 940 2093 exspectationem
963 2056 1037 2084 nihil

209 2100 358 2136 ejusmodi
380 2101 462 2129 dicit.
485 2103 648 2137 Postquam
667 2101 749 2129 enim
768 2101 908 2129 attulerat
923 2101 1037 2138 aliquot

207 2153 325 2177 causas.
342 2153 395 2173 cur
406 2145 497 2174 Maria
511 2145 598 2181 Virgo
609 2146 793 2182 desponsata
804 2146 851 2178 sit,
865 2145 955 2173 aliam
967 2154 1035 2182 pro-

207 2190 335 2225 laturus,
349 2190 391 2218 sic
403 2190 536 2226 loquitur
550 2191 628 2226 (pag.
646 2191 709 2226 598)
723 2199 729 2218 :
746 2193 820 2226 Ἕχω
832 2192 888 2216 τινὰ
900 2193 944 2217 καὶ
960 2190 1036 2217 ἀλλον

209 2234 283 2270 λόγον
315 2235 392 2260 εἰπεῖν
422 2234 496 2261 οὐδὲν
523 2234 674 2271 ἀτιμότερον
701 2239 750 2260 τῶν
780 2235 927 2271 εἰρημένων,
953 2236 993 2261 ὅτι
1023 2236 1035 2261 ο

210 2278 359 2310 ἐπιτήδειος
382 2282 448 2316 πρὸς
463 2282 510 2308 τὴν
532 2279 726 2316 ἐναυθρὼπησιν
747 2284 793 2306 τοῦ
812 2282 909 2316 Κυρίου
934 2283 1034 2318 καιρὸς,

208 2324 289 2350 παλαι
301 2326 492 2361 προωρισμένος
502 2327 547 2350 καὶ
559 2323 810 2362 προδιατεταγμένος
825 2327 874 2361 πρὸ
889 2325 1035 2357 καταϐολῆς

209 2371 318 2405 κόσμου,
337 2372 394 2396 τότε
408 2369 556 2402 ἐνειστήκει,
574 2370 633 2396 καθ’
645 2371 673 2396 ὃν
688 2368 741 2396 ἔδει
758 2372 786 2396 τὸ
804 2373 907 2406 Πνεῦμα
920 2373 949 2397 τὸ
963 2371 1035 2406 ἅγιον

210 2416 254 2440 καὶ
279 2416 326 2442 τὴν
352 2413 462 2450 δύναμιν
485 2418 530 2440 τοῦ
562 2414 688 2449 Ὑψίστου
714 2417 760 2443 τήν
781 2418 910 2452 Θεοφορον
938 2416 1036 2446 ἐκείνην

210 2460 397 2488 συστήσασθαι
410 2460 506 2495 σάρκα.
520 2458 624 2488 Ἐπειδὴ
644 2458 673 2485 δὲ
689 2460 814 2496 ὁμότιμον
829 2464 876 2491 τῆς
890 2462 1035 2497 καθαρότη-

213 2513 254 2534 τος
269 2506 372 2539 Μαρίας
388 2504 434 2530 οὐκ
448 2502 517 2540 εἶχεν
532 2505 545 2533 ἡ
559 2508 614 2530 κατ’
629 2504 726 2533 ἐκείνην
737 2506 809 2540 γενεά
819 2508 868 2531 τῶν
882 2504 1033 2542 ἀνθρώπων,

211 2547 278 2574 ὣστε
286 2548 410 2585 ἐνέργειαν
419 2548 463 2574 τοῦ
474 2550 621 2585 Πνεύματος
630 2548 818 2583 ὑποδέξασθαι,
827 2550 1035 2586 προκατείληπτο

213 2591 242 2619 δὲ
256 2591 300 2619 dicit
311 2597 357 2624 τῆς
370 2595 522 2629 μνηστείας,
537 2593 636 2629 ἐξελὲγη
650 2595 664 2622 ἡ
677 2596 795 2631 μακαρία
809 2596 946 2631 ΙΙαροενος,
961 2593 1036 2622 οὐδὲν

248 2695 259 2712 θ
274 2695 374 2723 Matth.
390 2704 409 2722 ι.
420 2696 466 2723 20.

247 2773 290 2807 (a)
312 2758 361 2799 Vie
370 2771 406 2799 de
420 2771 450 2800 δ.
464 2772 575 2804 Basile,
592 2779 622 2807 p.
639 2771 700 2799 θοι.

1089 896 1219 928 deretur,
1228 903 1290 924 non
1301 896 1421 932 proprie
1432 896 1518 924 affert
1525 904 1661 931 causam,
1671 904 1724 924 cur
1731 897 1918 933 desponsata

1090 941 1195 969 fuerit:
1209 941 1262 968 sed
1274 941 1316 969 ait
1331 941 1428 969 solum
1440 949 1518 973 eam,
1530 949 1600 969 cum
1609 941 1731 970 inventa
1741 941 1846 969 fuisset
1853 942 1917 977 jam

1090 992 1144 1020 per
1155 985 1424 1021 desponsationem
1440 987 1598 1021 occupata,
1616 988 1776 1022 propterea
1789 986 1917 1014 electam

1090 1030 1190 1066 fuisse,
1201 1031 1284 1066 quod
1298 1030 1356 1059 alia
1371 1030 1455 1059 nulla
1467 1031 1552 1065 virgo
1568 1031 1594 1058 ei
1608 1031 1658 1059 illa
1671 1034 1758 1059 aetate
1772 1039 1828 1067 par
1840 1034 1919 1059 esset

1090 1076 1230 1111 puritate.
1252 1077 1293 1103 Ex
1308 1075 1438 1103 auctoris
1453 1075 1544 1110 igitur
1562 1076 1663 1104 verbis
1681 1076 1836 1112 discimus,
1856 1083 1918 1104 non

1090 1128 1143 1148 cur
1157 1120 1243 1148 fuerit
1256 1120 1318 1148 viro
1331 1120 1525 1156 desponsata,
1540 1121 1593 1148 sed
1609 1129 1663 1149 cur
1677 1121 1845 1156 virginibus
1860 1129 1918 1149 cae-

1090 1165 1159 1192 teris
1175 1165 1344 1201 anteposita
1359 1165 1406 1196 sit,
1429 1165 1566 1193 videlicet
1582 1165 1622 1193 ob
1637 1166 1808 1202 puritatem.
1831 1165 1918 1198 Quod

1091 1209 1176 1237 addit
1190 1211 1305 1244 auctor,
1320 1209 1482 1245 puritatem
1498 1209 1596 1237 Maria:
1611 1210 1686 1238 nihil
1706 1210 1811 1238 laesam
1826 1210 1918 1238 fuisse

1078 1261 1127 1282 rex
1140 1253 1386 1290 desponsatione,
1401 1253 1431 1281 id
1447 1256 1480 1282 ut
1494 1254 1533 1282 ad
1544 1262 1606 1282 rem
1622 1261 1684 1282 non
1698 1255 1834 1291 pertinet,
1850 1254 1919 1283 itaa

1091 1298 1212 1326 nemine
1226 1298 1258 1326 in
1280 1298 1409 1326 dubium
1424 1301 1594 1327 revocatur.
1611 1301 1669 1326 Aut
1683 1299 1758 1327 nihil
1774 1299 1833 1327 tale
1849 1307 1919 1335 pro-

1091 1342 1221 1370 misisset
1254 1342 1395 1376 Basilius,
1424 1345 1486 1375 aut,
1521 1343 1545 1370 si
1574 1343 1764 1379 promisisset
1791 1343 1919 1379 dignum

1091 1387 1205 1422 aliquid
1211 1387 1371 1423 promissis
1383 1387 1518 1415 dixisset.
1535 1387 1610 1415 illud
1618 1395 1740 1424 quoque
1751 1388 1835 1424 quod
1847 1396 1921 1416 mox

1090 1431 1198 1467 legitur

1091 1478 1137 1504 τὴν
1150 1476 1247 1510 αἰτίαν,
1262 1477 1302 1502 ὃτι
1316 1476 1344 1502 ἐκ
1360 1478 1508 1513 Πνςύματος
1521 1477 1609 1512 ἁγίου.
1626 1477 1790 1512 Utrumque
1804 1477 1920 1505 invenit

1090 1521 1212 1555 Joseph,
1233 1524 1260 1549 et
1274 1521 1500 1556 graviditatem,
1516 1524 1544 1549 et
1560 1528 1694 1555 causam,
1709 1521 1787 1557 quod
1801 1529 1839 1550 ea:
1853 1522 1918 1556 Spi-

1092 1565 1154 1592 ritu
1168 1568 1284 1599 sancto,
1305 1565 1381 1593 mihi
1403 1564 1550 1602 displicet.
1571 1566 1605 1593 Et
1621 1573 1692 1594 vero
1707 1565 1738 1593 in
1757 1565 1804 1593 his
1818 1565 1919 1594 verbis

1092 1609 1210 1638 videtur
1227 1610 1325 1638 inesse
1346 1610 1473 1638 insuave
1493 1609 1608 1646 aliquid
1627 1612 1656 1638 et
1669 1610 1824 1645 inelegans
1839 1620 1845 1645 ;
1863 1618 1919 1638 nec

1091 1654 1260 1683 admodum
1274 1654 1381 1682 dubito
1395 1654 1470 1690 quin
1486 1655 1564 1683 alius
1576 1655 1677 1691 quivis
1693 1655 1822 1691 scriptor
1836 1655 1919 1683 addi-

1091 1699 1186 1728 disset
1192 1699 1334 1728 voculam
1342 1699 1486 1736 aliquam,
1493 1707 1555 1736 qua
1562 1700 1729 1729 orationem
1735 1708 1822 1728 suam
1831 1708 1920 1728 orna-

1091 1744 1197 1772 tiorem
1224 1744 1414 1772 reddidisset.
1431 1746 1488 1772 Nec
1508 1745 1606 1780 magis
1630 1745 1730 1781 placet
1755 1745 1841 1773 locus
1870 1745 1918 1773 ille

1091 1788 1201 1825 (ibid.),
1208 1788 1260 1816 ubi
1271 1789 1398 1825 scriptor
1408 1788 1551 1824 angelum
1562 1788 1603 1817 ita
1613 1797 1683 1817 cum
1692 1789 1824 1826 Josepbo
1830 1789 1920 1818 collo-

1092 1836 1234 1869 quentem
1254 1833 1343 1861 facit:
1363 1835 1404 1862 Μὴ
1425 1832 1540 1869 φοϐηθῇς
1559 1833 1717 1871 παραλαϐεῖν
1739 1835 1849 1870 Μαριὰμ
1872 1837 1919 1864 τὴν

1091 1880 1201 1914 γυναῖκα
1217 1877 1345 1914 σοινμηδ¹
1359 1879 1438 1904 ἐκεῖνο
1455 1878 1599 1915 ἕιθυμηθῇς
1614 1879 1653 1905 ὃτι
1667 1880 1800 1910 ὑπονοίαις
1812 1878 1919 1910 ἀτόποις

1093 1924 1245 1948 evanidam
1261 1924 1291 1948 τὸ
1307 1922 1459 1958 ἁμάρτημα.
1476 1925 1579 1954 Δίκαιος
1598 1924 1646 1960 γὰρ
1662 1923 1921 1960 προσηγορεύθης-οὗ

1092 1969 1166 2003 πρὸς,
1188 1968 1244 1995 etc.
1268 1967 1341 1995 Noli
1353 1968 1456 1995 timere
1469 1967 1605 2002 accipere
1617 1968 1749 1996 Mariam
1761 1969 1921 2004 conjugem

1094 2015 1185 2047 tuam,
1204 2019 1296 2047 neque
1316 2011 1397 2039 illud
1421 2012 1601 2046 cogitaveris
1624 2012 1876 2040 obumbraturum
1894 2016 1922 2042 te

1091 2059 1249 2092 peccatum
1273 2056 1391 2084 absonis
1415 2056 1593 2092 quibusdam
1625 2059 1808 2084 commentis.
1841 2058 1920 2086 Nam

1092 2104 1216 2130 vocatus
1235 2109 1264 2129 es
1284 2102 1398 2136 justus,
1414 2109 1473 2129 non
1493 2103 1535 2129 est
1552 2104 1662 2134 autem,
1679 2103 1734 2129 etc.
1753 2103 1828 2129 Nam
1845 2102 1921 2130 illud

1091 2146 1215 2183 quidem
1233 2153 1239 2172 ι
1256 2148 1298 2174 Μὴ
1315 2145 1430 2182 φοϐηθῇς
1449 2145 1605 2182 παραλαϐεῖν
1620 2147 1729 2182 Μαριὰμ
1744 2149 1790 2175 τὴν
1809 2148 1921 2182 γυναῖκά

1093 2201 1150 2227 σου,
1171 2191 1252 2219 unde
1273 2193 1428 2227 sumptum
1454 2191 1491 2218 sit
1513 2191 1534 2225 δ,
1557 2190 1651 2226 probe
1671 2191 1733 2219 scio
1753 2200 1759 2218 :
1781 2191 1835 2219 sed
1854 2191 1920 2220 reli-

1220 1441 1226 1460 :
1243 1432 1388 1469 Ἀμφότεροι
1403 1432 1472 1469 εὗρεν
1488 1433 1501 1458 ὁ
1519 1432 1624 1468 Ἰωσὴφ,
1642 1435 1687 1458 καὶ
1701 1435 1749 1461 τὴν
1768 1434 1862 1462 κύησιν
1874 1435 1920 1459 καὶ

1052 2249 1074 2276 D
1091 2244 1152 2273 qua
1165 2236 1218 2264 ubi
1233 2235 1382 2271 legantur,
1396 2235 1508 2267 nescio,
1522 2235 1581 2263 nisi
1596 2236 1670 2263 forte
1685 2235 1715 2263 in
1732 2236 1918 2272 apocryphis

1089 2280 1276 2317 quibusdam
1303 2279 1468 2316 scripturis,
1498 2279 1610 2315 quibus
1635 2282 1740 2308 auctor
1766 2280 1825 2308 alio
1850 2280 1918 2309 loco

1089 2325 1247 2353 manifeste
1271 2332 1345 2352 usus
1364 2327 1418 2356 est,
1439 2325 1476 2352 ob
1491 2324 1582 2360 idque
1606 2324 1738 2361 idipsum
1757 2332 1795 2352 ex
1809 2324 1917 2353 iisdcm

1090 2371 1225 2398 fontibus
1239 2370 1377 2398 hausisse
1392 2369 1498 2397 merito
1518 2369 1599 2397 credi
1614 2372 1722 2405 potest.
1742 2372 1778 2398 At
1792 2370 1918 2398 Basilius

1091 2418 1122 2444 ut
1136 2423 1223 2443 veras
1237 2415 1405 2451 Scripturas
1421 2414 1544 2442 assiduo
1559 2415 1699 2442 versabat
1711 2415 1741 2442 in
1756 2423 1862 2450 manu,
1878 2415 1919 2443 ita

1090 2459 1283 2496 apocryphas
1296 2467 1357 2487 non
1371 2459 1491 2494 legebat
1507 2467 1513 2486 :
1531 2461 1583 2486 aut
1596 2459 1620 2486 si
1630 2459 1750 2494 legeret,
1762 2467 1814 2487 eas
1825 2462 1919 2488 tanto-

1090 2513 1161 2541 pere
1177 2504 1401 2539 contemnebat,
1417 2506 1450 2531 ut
1468 2503 1540 2540 ipsis
1557 2503 1599 2531 uti
1619 2512 1739 2540 semper
1757 2504 1912 2540 puduerit.

1091 2551 1155 2578 Mox
1164 2549 1341 2585 suspicabar
1346 2549 1521 2584 scriptorem
1528 2548 1642 2584 aliquid
1650 2551 1822 2577 mutuatum
1828 2549 1917 2578 fuisse

1091 2602 1127 2622 ex
1148 2593 1330 2630 apocryphis
1349 2601 1354 2620 :
1382 2600 1463 2621 nunc
1483 2592 1514 2620 id
1533 2593 1558 2620 ei
1583 2593 1744 2627 contigisse
1766 2593 1917 2622 aﬁirmare

1124 2772 1163 2807 (b)
1176 2771 1349 2807 Hieronym.
1365 2771 1397 2799 in
1409 2771 1519 2800 Matth.
1540 2771 1592 2801 lib.
1607 2781 1627 2807 ι,
1644 2780 1710 2809 cap.
1730 2774 1752 2800 t.
