2020 3140
85 124 121 152 33
848 123 916 151 ΡΜ

972 123 1040 152 ΤΙΟ.
1763 127 1798 155 34

83 220 220 248 possum.
237 213 308 248 Ejus
323 213 387 241 haec
403 214 472 241 sunt
488 213 582 241 verba
607 215 691 250 (pag.
710 214 778 241 600:
795 212 872 241 Δηλοῖ
886 211 915 238 δὲ
934 214 957 240 Α
971 221 1040 249 quae
1051 214 1124 242 mihi
1137 213 1351 250 discipliceant,
1365 214 1438 242 nihil
1449 217 1551 243 tamen
1562 222 1610 242 me
1621 216 1719 249 magis
1734 223 1797 244 mo-

84 259 129 283 χαὶ
160 258 174 286 ἡ
203 258 273 283 κατὰ
293 259 337 284 τὸν
357 259 494 295 Ζαχαρίαν
517 260 630 295 ιστορὶα,
655 258 695 283 ὅτι
717 259 796 294 μέχρι
821 259 916 287 παντὸς

82 303 210 338 παρθένος
231 303 246 331 ἠ
269 304 370 340 Μαρία·
396 305 480 338 Λόγος
502 303 552 339 γάρ
576 302 616 333 τίς
639 301 706 334 ἐστι,
729 305 773 328 καὶ
790 302 865 332 οὗτος
889 303 918 327 ὲκ

82 345 260 383 παραδόσεως
291 349 325 377 εὶς
354 348 421 383 ἡμᾶς
449 345 598 383 ἀφιγμένος,
626 348 666 373 ὅτι
691 347 703 373 ὁ
733 349 869 384 Ζαχαρίας
893 348 918 373 ἓν

87 395 118 426 τῇ
146 395 195 417 τῶν
215 392 351 428 παρθένων
374 394 453 428 χώρᾳ
476 393 524 420 τήν
545 392 655 428 Μαριὰμ
680 391 827 423 κατατάξας
854 393 920 428 μετὰ

81 438 128 464 τήν
159 439 205 461 τοῦ
236 439 333 472 Κυριου
360 437 464 468 κύησιν,
494 437 545 462 ὑπὸ
572 440 623 462 τῶν
648 434 783 462 Ἰουδαίων
814 446 920 472 κατεφο-

83 481 164 509 νεύὺη
188 480 285 516 μεταξὺ
309 484 355 506 τοῦ
383 484 445 506 ναοῦ
468 483 511 506 καὶ
532 484 578 506 τοῦ
602 482 803 517 θυσιαστηρίου,
827 480 919 516 ἐγκλη-

86 526 143 556 θεὶς
170 527 221 552 ὑπὸ
245 530 290 551 τοῦ
317 525 381 551 λαοῦ
405 527 440 556 ὡς
471 524 517 552 διὰ
542 527 636 552 τούτου
662 527 864 556 κατασκευάζων
891 527 919 552 τὸ

85 568 238 607 παράδοξον
260 570 339 596 ὶκιῑνο
369 572 415 596 καὶ
441 569 622 607 πολυύμνητον
650 574 767 607 σημεῖον,
795 571 920 607 παρθένον

82 618 256 651 γεννήσασαν,
275 616 318 640 καὶ
332 617 380 644 τὴν
394 616 536 651 παρθενίαν
549 617 584 651 μὴ
601 613 798 651 διαφθείρασαν.
816 616 920 643 Decla-

81 662 134 688 rat
151 663 251 688 autem
266 662 294 688 et
308 660 470 688 Zachariae
481 660 619 694 historia,
635 660 765 688 Mariam
775 663 920 695 perpetuo

81 705 233 739 virginem
255 705 465 739 permansisse.
482 704 593 746 Ferunt
606 705 695 740 enim,
712 708 740 733 et
757 705 790 732 id
808 712 845 733 ex
860 708 921 732 tra-

80 749 196 777 ditione
205 749 244 777 ad
259 757 313 777 nos
324 756 413 785 usque
421 748 570 784 pervenit,
581 749 767 778 Zachariam
779 756 845 777 cum
853 749 919 777 Μα-

83 794 161 821 riam
172 793 203 820 in
219 794 374 828 virginum
388 793 452 821 loco
462 795 531 828 post
543 794 662 822 Domini
669 796 794 828 partum
802 794 919 829 posuis-

82 840 137 870 set,
173 838 318 872 templum
347 838 428 866 inter
451 841 479 866 et
504 845 591 866 aram
614 839 744 867 occisum
767 846 786 867 a
809 838 920 867 Iudicis

971 257 1023 292 vit,
1034 266 1127 294 quam
1143 259 1225 295 quod
1237 259 1273 286 de
1285 259 1410 286 cometis
1429 259 1548 287 dicitur.
1560 259 1656 287 Verba
1666 260 1797 287 auctoris

973 305 1043 330 sunt
1052 303 1116 331 haec
1126 303 1207 339 (pag,
1220 303 1299 338 601):
1317 305 1355 329 Οὐ
1368 305 1419 339 μήν
1430 302 1488 329 οὐδ’
1499 303 1578 329 έκεῖνο
1589 307 1643 334 τοῖς
1657 305 1796 341 περιέργως

973 347 1007 373 τὰ
1032 349 1098 374 κατὰ
1129 349 1172 374 τὸν
1203 350 1278 374 τόκον
1315 347 1522 384 ἐκλαμϐάνουσιν
1554 348 1633 374 εἰπεῖν
1669 350 1794 384 ὑπάρχει,

974 392 1014 417 ὁτι
1042 393 1054 417 ὁ
1082 392 1164 429 ἀστὴρ
1193 396 1246 424 τοῖς
1271 395 1399 428 κομήταις
1429 392 1610 428 παραπλήσιος
1648 391 1690 427 ἧν,
1724 392 1796 427 οἱπερ

973 435 1089 472 μάλιστα
1118 435 1228 462 δοκοῦσι
1254 435 1383 473 βασιλέων
1413 435 1547 472 διαδοχὰς
1577 435 1715 467 δηλοῦντες
1739 437 1797 463 κατ’

974 479 1080 518 οὐρανόν
1095 482 1230 508 ἵστασθαι.
1250 481 1353 516 Neque
1375 489 1444 509 vero
1459 481 1496 508 iis
1515 481 1568 516 qui
1582 482 1696 509 curiose
1710 489 1798 515 expo-

973 528 1049 553 nunt
1063 533 1128 561 qum
1143 526 1183 554 αιΙ
1195 529 1319 560 partum
1332 527 1495 560 pertinent,
1510 526 1591 553 illud
1604 526 1702 553 dicere
1718 526 1796 559 licet,

973 570 1092 598 stellam
1117 571 1212 605 fuisse
1226 571 1346 598 cometis
1359 571 1530 603 assimilem,
1544 570 1598 605 qui
1611 571 1739 598 maxime
1757 570 1798 598 ad

973 614 1184 649 signiﬁcandas
1199 623 1304 650 regum
1319 615 1515 643 successiones
1526 614 1668 642 videntur
1682 615 1713 641 in
1724 615 1797 642 caelo

973 659 1142 687 consistere.
1160 660 1242 687 Certe
1260 659 1301 687 ita
1315 659 1410 687 videri
1425 659 1522 695 potuit
1537 658 1631 686 cuivis
1647 658 1731 686 alteri
1746 666 1798 694 po-

973 703 1031 731 tius
1046 711 1141 740 quam
1156 704 1264 732 Basilio
1277 706 1393 739 Magno.
1411 703 1526 731 Etenim
1540 703 1564 730 is
1578 711 1641 731 non
1656 705 1730 737 erat,
1746 703 1799 739 qui

974 748 1487 783 autcrederetregumsuccessiones
1493 748 1617 776 cometis
1625 747 1797 782 signiﬁcari,

974 795 1026 820 aut
1036 793 1076 820 ad
1090 793 1121 820 id
1131 792 1317 820 credendum
1333 792 1409 820 alios
1422 792 1585 820 induceret.
1603 794 1644 821 lta
1660 792 1740 821 enim
1753 800 1798 820 er-

973 845 1057 865 rores
1073 837 1330 873 genethliacorum
1350 839 1440 873 atque
1460 839 1633 865 commenta
1652 837 1797 869 confutat,

79 882 184 917 fuisse,
205 882 344 910 videlicet
354 883 530 911 accusatum
542 890 560 911 a
569 883 692 917 populo,
709 883 789 919 quod
803 883 858 911 hac
873 890 920 910 ra-
939 875 958 902 Β
974 881 1163 917 utejusmodi
1171 884 1357 910 cometarum
1365 881 1625 909 fabulamtantum
1632 889 1693 908 non
1701 881 1797 909 nomi-

82 927 163 955 tione
178 927 374 962 conﬁrmaret
388 927 570 956 admirabile
582 927 663 955 illud
678 931 704 956 et
719 935 859 963 percuam
872 927 919 956 de-

83 975 241 1000 cantatum
261 973 392 1007 signum,
416 973 563 1008 virginem
576 973 736 1009 peperisse,
752 981 806 1001 nec
820 976 919 1002 tamen

83 1017 291 1052 virginitatem
309 1017 488 1051 corrupisse.
501 1017 605 1045 Mirum
616 1017 708 1045 videri
725 1017 919 1045 debettantas

81 1061 212 1096 ineptias
229 1061 260 1088 in
271 1068 303 1089 re
319 1061 397 1089 seria
409 1060 468 1089 dici
478 1061 627 1097 potuisse:
641 1069 696 1089 nec
704 1061 806 1089 minus
818 1061 920 1089 mirari

82 1105 164 1133 subit
184 1105 336 1141 ejusmodi
355 1106 526 1134 orationem
540 1108 602 1134 tam
621 1106 674 1134 diu
691 1106 798 1135 Basilio
813 1107 919 1141 Magno

80 1149 173 1178 fuisse
193 1150 349 1178 tributam.
372 1149 448 1178 Olim
468 1152 560 1186 caput
580 1150 759 1178 vicesimum
778 1150 919 1187 quintum

78 1194 208 1222 Mattheei
231 1202 388 1231 exponens
406 1195 618 1231 Hieronymus,
635 1195 765 1223 similem
778 1195 920 1223 fabellam

79 1238 260 1267 confutavit.
286 1239 361 1267 Cum
381 1247 452 1275 ergo
468 1240 601 1268 venisset
611 1240 650 1268 ad
661 1248 731 1268 eum
744 1240 855 1274 locum,
869 1239 919 1267 ubi

80 1283 195 1312 mentio
206 1282 240 1311 ﬁt
248 1283 314 1319 ejus
324 1284 485 1318 Zacharias,
496 1284 782 1321 quiintertemplum
793 1284 919 1312 etaltare

81 1327 203 1356 occisus
220 1329 276 1362 est,
289 1331 498 1364 quaereretque
510 1329 580 1364 quis
589 1329 625 1356 sit
635 1329 691 1357 iste
699 1329 868 1364 Zacharias,
878 1328 920 1356 ita

80 1372 219 1408 loquitur
233 1381 240 1400 :
257 1372 508 1401 AliiZachariam
520 1376 636 1408 patrem
651 1374 779 1402 Joannis
790 1373 921 1408 intelligi

83 1417 201 1451 volunt,
211 1417 347 1452 exquibu
354 1417 438 1445 sdam
445 1417 689 1453 apocryphorum
695 1419 818 1446 somniis
824 1425 920 1452 appro

85 1461 199 1494 bantes,
216 1461 298 1495 quod
309 1464 471 1496 propterea
482 1462 594 1490 occisus
605 1463 652 1497 sit,
669 1463 741 1498 quia
751 1462 920 1490 Saluatoris

39 1526 44 1528 .
80 1505 258 1540 praedicarit
266 1505 579 1542 adventumHocquia
585 1507 794 1542 deScripturis
802 1515 861 1535 non
869 1506 921 1534 ha-

86 1549 131 1578 bet
139 1550 364 1582 auctoritatem,
372 1550 473 1579 eadem
483 1551 631 1586 facilitate
641 1552 852 1585 contemnitur,
859 1557 919 1587 qua

79 1594 243 1630 probatur.
256 1595 340 1623 Certe
352 1595 421 1623 dum
432 1595 488 1624 illae
500 1595 618 1624 fabellae
629 1597 670 1625 ita
681 1597 757 1625 inter
765 1605 796 1626 se
807 1605 915 1625 conve-

81 1639 180 1672 niunt,
189 1641 263 1667 utex
272 1647 333 1668 uno
340 1640 511 1676 eodemque
517 1640 598 1669 fonte
607 1642 748 1677 profectae
761 1649 825 1670 esse
834 1642 914 1670 vide-

83 1686 183 1712 antur.
192 1685 255 1719 Ego
265 1686 366 1712 autem
377 1685 456 1713 male
467 1685 505 1713 de
519 1686 625 1721 Magno
633 1686 684 1714 illo
695 1686 803 1714 Basilio
813 1686 914 1714 existi-

82 1736 168 1756 mare
175 1728 249 1756 mihi
256 1728 384 1764 viderer,
392 1729 416 1757 si
426 1738 496 1758 eum
502 1732 641 1766 putarem
648 1733 710 1759 tam
717 1730 795 1758 fcede
806 1730 914 1759 somni-

84 1780 165 1803 asse,
178 1774 210 1800 ut
219 1780 274 1809 pro
289 1774 366 1802 veris
381 1774 626 1811 apocryphorum
640 1775 758 1804 somnia
772 1776 910 1803 narrarit.

86 1816 142 1844 Ubi
149 1820 177 1845 et
187 1816 259 1844 illud
270 1820 416 1853 praeterea
425 1819 523 1847 notari
533 1822 640 1856 potest,
654 1820 784 1848 auctoris
796 1823 912 1848 senten-

84 1861 157 1890 tiam
163 1861 239 1889 nihil
245 1863 344 1891 exhoc
351 1866 523 1892 commento
526 1864 714 1900 juvari.Nam
720 1865 915 1901 probarcins-

82 1905 207 1934 tituerat
221 1907 343 1935 Mariam
353 1907 557 1943 virginitatem
570 1908 718 1937 illibatam
728 1917 848 1946 semper
856 1918 915 1938 ser-

81 1958 187 1979 vasse:
201 1951 231 1979 id
241 1951 323 1987 quod
335 1959 397 1980 non
409 1953 560 1989 probavit.
575 1954 724 1982 Etsienim
733 1954 764 1983 in
775 1954 914 1984 ordinem

81 1995 238 2030 virginum
255 1995 363 2024 allecta
376 1996 480 2026 fuisset
495 1998 595 2032 Maria,
609 2000 700 2027 etiam
714 2002 783 2035 post
796 2000 914 2028 Domini

81 2042 218 2076 partum,
230 2042 332 2068 tamen
343 2049 464 2078 semper
473 2043 566 2079 quaeri
585 2045 696 2080 posset,
718 2047 820 2073 utrum
832 2045 862 2073 in
878 2054 913 2074 eo

82 2084 184 2120 gradu
196 2093 289 2121 quem
303 2088 465 2115 consecuta
486 2087 594 2123 fuerat,
610 2088 649 2116 ad
670 2091 800 2117 mortem
815 2098 914 2126 usque

81 2130 297 2166 permanserit.
307 2130 422 2159 Etenim
438 2131 462 2159 si
473 2132 565 2168 paulo
579 2135 649 2169 post
661 2134 778 2162 Domini
793 2137 914 2170 partum

82 2174 123 2203 ab
151 2182 189 2202 eo
213 2174 320 2203 ordine
348 2176 501 2212 exciderit,
528 2177 666 2214 aliosque
687 2178 798 2207 liberos
820 2187 857 2208 ex
879 2188 915 2208 ea

83 2221 255 2254 susceperit
265 2220 425 2256 Iosephus,
441 2221 540 2257 ipsam
555 2230 617 2250 non
635 2230 756 2259 semper
765 2223 914 2260 virginem

83 2263 236 2291 exstitisse
256 2266 382 2292 constat.
406 2266 504 2297 Quare
529 2265 553 2294 si
577 2268 683 2295 auctor
700 2267 789 2296 ﬁrma
800 2269 915 2297 ratione

84 2307 218 2343 probare
226 2307 454 2341 vellet,Mariam
461 2318 581 2346 semper
588 2311 735 2346 virginem
745 2312 845 2344 fuisse,
853 2321 916 2341 non

85 2352 159 2380 satis
168 2355 235 2380 erat
245 2352 355 2387 dicere,
367 2361 435 2382 eam
454 2354 485 2382 in
496 2355 650 2391 virginum
662 2356 731 2384 loco
745 2365 763 2386 ο,
772 2358 916 2387 Zacharia

86 2399 156 2432 post
176 2396 298 2425 Domini
313 2400 436 2433 partum
450 2399 581 2435 positam
597 2408 672 2435 esse,
689 2402 742 2429 sed
757 2403 916 2431 ostendere

87 2441 253 2476 debuisset,
265 2441 365 2478 ipsam
380 2443 410 2471 in
423 2451 459 2471 eo
472 2444 577 2473 ordine
590 2445 620 2473 in
635 2453 697 2482 quo
712 2447 804 2475 semel
819 2447 917 2477 fuerat

89 2485 249 2519 collocata,
266 2495 364 2523 usque
384 2487 423 2516 ad
439 2491 608 2517 extremum
624 2491 762 2526 spiritum
777 2499 917 2528 perseve-

87 2537 189 2558 raSse:
205 2531 237 2559 id
248 2531 332 2568 quod
342 2539 404 2560 non
419 2533 563 2569 praestitit.
576 2538 734 2564 Auctorem
745 2536 775 2564 in
784 2545 815 2564 re
827 2537 917 2565 simili

88 2582 107 2603 a
117 2583 212 2612 scopo
223 2583 341 2604 errasse
351 2577 416 2612 jam
427 2578 572 2606 vidimus:
587 2579 712 2608 Basilius
723 2583 825 2610 autem
836 2590 916 2610 unus

87 2620 227 2649 omnium
237 2620 407 2649 felicissime
417 2622 561 2658 attingere
572 2632 699 2660 scopum
706 2626 800 2661 novit,
807 2629 835 2655 et
847 2636 916 2656 cum

88 2665 182 2709 semel
190 2665 307 2701 aliquid
316 2666 372 2694 sibi
380 2667 576 2702 probandum
584 2671 751 2706 proposuit,
758 2678 916 2709 nunquam

89 2708 172 2737 aliud
182 2709 303 2746 probat.
315 2711 405 2739 Porro
416 2719 486 2740 cum
493 2713 591 2741 multa
601 2713 659 2742 sint
668 2713 699 2743 in
704 2715 761 2744 hac
768 2717 916 2752 oratione,

145 2771 182 2808 (a)
202 2771 292 2802 Hom.
309 2774 325 2800 6
340 2773 371 2802 in
385 2774 477 2809 Ben,
492 2782 522 2811 p.
540 2776 572 2804 5-3
585 2777 614 2806 et
628 2783 692 2813 seq.

973 925 1067 953 natim
1081 925 1228 962 repudiet.
1245 928 1344 953 Pauca
1358 933 1393 954 ex
1410 925 1513 954 multis
1529 925 1658 953 referam
1675 926 1727 960 (a).
1750 924 1799 953 Sic

972 970 1063 1006 igitur
1075 970 1229 1007 loquitur:
1258 971 1309 997 Οἷα
1331 968 1360 998 δί
1384 972 1428 997 καὶ
1451 971 1484 996 τὰ
1507 969 1734 1006 ἁποτελισματικοί
1749 979 1754 1002 ;
1768 973 1797 995 Ὀ

975 1013 1047 1042 δεῖνα
1061 1014 1144 1048 οὖλος,
1163 1017 1235 1051 φησὶ,
1251 1018 1295 1045 τὴν
1311 1018 1403 1052 τρίχα,
1419 1015 1463 1041 καὶ
1489 1016 1620 1052 χαροπὸς,
1645 1019 1724 1052 Κριοῦ
1747 1016 1797 1051 γὰρ

973 1061 1030 1096 ἔχει
1058 1062 1102 1089 τὴν
1132 1061 1209 1097 ὧραν³
1239 1064 1354 1086 τοιοῦτον
1387 1059 1416 1086 δέ
1444 1069 1498 1091 πως
1527 1059 1638 1095 ὀφθῆναι
1667 1061 1696 1086 τὸ
1722 1061 1795 1091 ζῶον·

975 1104 1054 1131 ’Λλλὰ
1083 1107 1126 1131 καὶ
1154 1105 1330 1143 μεγαλόφρων,
1360 1103 1450 1134 ἓπειδὴ
1479 1106 1632 1141 ἡγεμονικὸν
1663 1105 1675 1130 ὁ
1713 1107 1798 1142 κριός·

973 1152 1017 1176 καὶ
1039 1152 1184 1187 προετικός,
1210 1153 1255 1176 καὶ
1279 1150 1356 1176 πάλιν
1375 1152 1539 1187 ποριστικός,
1567 1148 1656 1178 ἐπειδή
1677 1151 1707 1176 τὸ
1732 1150 1797 1181 ζῶον

972 1198 1050 1221 τοῦτο
1074 1197 1117 1220 καὶ
1145 1196 1297 1221 ἀποτίθεται
1326 1194 1430 1225 ἀλύπως
1457 1196 1487 1220 τό
1519 1195 1596 1229 ἔριον,
1637 1197 1682 1220 καὶ
1720 1194 1798 1220 πάλιν

972 1240 1044 1276 παρά
1071 1243 1118 1270 τῆς
1152 1241 1252 1275 φύσεως
1275 1237 1372 1276 ῥᾳδίως
1401 1239 1614 1275 ἐπαμφιέννυται·
1646 1238 1723 1264 Ἀλλὰ
1752 1241 1796 1265 καὶ

973 1285 986 1310 ὁ
1012 1287 1154 1320 Τανριανὸς
1183 1284 1329 1316 τληπαθὴς,
1359 1285 1435 1319 φησὶ,
1465 1286 1509 1309 καὶ
1540 1281 1672 1316 δουλικὸς,
1703 1281 1793 1312 ἐπειδὴ

973 1330 1022 1356 ὑπὸ
1037 1331 1114 1366 ζυγὸν
1142 1330 1154 1355 ό
1185 1332 1288 1365 ταῦρος·
1320 1329 1369 1354 Καὶ
1397 1328 1409 1353 ό
1434 1329 1590 1364 Σκορπιανὸς
1609 1327 1725 1358 πλήκτης
1751 1325 1798 1353 διὰ

973 1376 1017 1403 τὴν
1040 1376 1104 1411 πρὸς
1124 1375 1152 1400 τὸ
1179 1374 1266 1409 θηρίον
1289 1373 1422 1408 ὁμοίωσιν¹
1443 1375 1472 1398 Ὀ
1492 1370 1522 1398 δὲ
1537 1371 1660 1402 Ζυλιανὸς
1681 1370 1795 1403 δίκαιος,

975 1417 1019 1445 δία
1029 1421 1076 1448 τὴν
1089 1418 1150 1455 παρ’
1165 1419 1227 1454 ἡμῖν
1242 1421 1292 1443 τῶν
1319 1418 1402 1452 ζυγῶν
1431 1416 1552 1445 ἰσότητα·
1582 1417 1686 1442 Τούτων
1713 1418 1738 1441 τί
1767 1416 1797 1441 οἷν

973 1465 1071 1499 γίνοιτο
1107 1462 1360 1499 καταγελαστότερον
1373 1471 1379 1492 ;
1396 1482 1402 1488 .
1414 1483 1420 1488 .
1433 1483 1438 1488 .
1451 1482 1457 1489 .
1468 1482 1474 1488 .
1518 1464 1574 1492 Πῶς
1617 1459 1661 1487 οὖν
1702 1460 1797 1486 ὶκεῖθεν

973 1509 1020 1539 τὰς
1053 1509 1248 1545 προηγουμένας
1279 1506 1363 1537 αἰτίας
1396 1506 1476 1541 λέγων
1503 1506 1632 1543 ὑπάρχειν
1660 1508 1713 1536 τοῖς
1747 1509 1797 1532 τῶν

973 1554 1112 1590 ἀνθρώπων
1134 1552 1213 1589 βίοις,
1238 1551 1266 1578 ἐκ
1289 1555 1340 1578 τῶν
1367 1551 1429 1589 παρ’
1458 1553 1520 1588 ἡμῖν
1545 1550 1722 1587 βοσκημάτων
1745 1554 1796 1576 τῶν

971 1600 1130 1634 γεννωμένων
1153 1597 1294 1634 ἀνθρώπων
1325 1597 1358 1623 τὰ
1385 1597 1435 1626 ἤθη
1470 1597 1677 1632 χαρακτηρίζεις
1690 1603 1696 1628 ;
1713 1617 1720 1623 .
1731 1616 1737 1622 .
1749 1617 1755 1623 .
1767 1616 1773 1623 .
1784 1616 1792 1623 .

970 1646 999 1669 Τί
1015 1641 1058 1669 οὖν
1078 1641 1209 1673 δυσωπεῖς
1236 1643 1282 1678 μὲν
1311 1642 1379 1677 ἡμᾶς
1406 1639 1457 1667 ἀπὸ
1483 1644 1530 1671 τῆς
1553 1639 1720 1671 ἀξιοπιστίας
1746 1643 1796 1665 τῶν

968 1687 1087 1725 ἄστρων;
1104 1689 1159 1715 etc.
1182 1686 1291 1720 Quales
1305 1688 1404 1714 cutem
1418 1684 1631 1720 producuntur
1646 1685 1771 1719 eﬁ’ectus
1782 1684 1796 1711 ‘I

966 1733 1060 1767 Hujus
1070 1732 1186 1767 capilli,
1200 1731 1355 1767 inquiunt,
1364 1729 1469 1765 futuri
1480 1732 1550 1756 sunt
1565 1730 1667 1763 crispi,
1682 1729 1798 1757 oculive

965 1776 1196 1805 decori'Arietis
1202 1776 1313 1803 scilicet
1320 1775 1408 1802 habet
1416 1775 1522 1802 horam
1529 1781 1539 1801 :
1546 1781 1674 1809 namque
1679 1773 1796 1801 animal

965 1820 1046 1850 illud
1056 1820 1274 1857 quodammodo
1284 1820 1341 1848 tali
1350 1822 1392 1847 est
1403 1822 1535 1854 aspectu.
1549 1818 1626 1852 Quin
1636 1818 1725 1846 etiam
1739 1818 1796 1846 erit

965 1867 1079 1902 grandi
1083 1867 1184 1894 animo
1191 1868 1217 1894 et
1225 1865 1313 1898 elato,
1321 1864 1432 1900 quippe
1437 1871 1524 1898 penes
1533 1865 1656 1891 arietem
1664 1865 1705 1890 est
1709 1863 1795 1897 prin-

967 1912 1084 1947 cipatus
1092 1919 1104 1939 .·
1114 1911 1170 1939 erit
1178 1912 1206 1938 et
1215 1910 1329 1944 largus,
1342 1911 1369 1936 et
1380 1915 1485 1936 rursus
1496 1909 1691 1943 quastuosus,
1701 1913 1796 1943 quan-

966 1956 1125 1993 doquidem
1134 1955 1189 1984 hoc
1199 1954 1317 1983 animal
1326 1956 1352 1982 et
1362 1954 1439 1981 citra
1450 1953 1616 1981 molestiam
1624 1952 1743 1986 deponit
1754 1952 1796 1980 la-

966 2009 1048 2036 nam,
1064 2004 1090 2029 et
1102 2007 1208 2028 rursus
1218 1999 1314 2034 facile
1323 2006 1341 2027 a
1352 2001 1465 2026 natura
1473 1998 1609 2026 vestitur.
1623 1997 1681 2025 Sed
1690 1999 1795 2024 natum

967 2047 999 2074 in
1015 2047 1125 2076 Tauro,
1140 2045 1317 2073 tolerantem
1336 2050 1395 2071 esse
1415 2042 1551 2070 laborum
1567 2042 1681 2075 dicunt,
1707 2043 1796 2076 atque

967 2091 1119 2119 servilem:
1133 2089 1273 2126 quoniam
1278 2088 1355 2123 jugo
1363 2090 1469 2115 taurus
1476 2086 1648 2121 subjicitur.
1662 2085 1720 2119 Qui
1727 2092 1796 2114 vero

968 2136 1064 2165 editus
1075 2137 1115 2163 est
1127 2134 1179 2162 sub
1186 2133 1356 2168 Scorpione,
1364 2132 1420 2159 erit
1424 2139 1472 2166 pet
1481 2131 1696 2164 cussor,obeam
1705 2137 1795 2165 quam

970 2188 1038 2209 cum
1050 2180 1106 2207 isto
1121 2178 1252 2206 animali
1270 2176 1358 2205 habet
1371 2175 1608 2204 similitudinem.
1625 2174 1682 2207 Qui
1696 2176 1795 2202 autem

970 2226 1002 2253 in
1012 2224 1199 2252 Libranatus
1207 2224 1260 2255 est,
1268 2221 1392 2256 futurus
1403 2222 1445 2248 est
1450 2219 1694 2254 justus,propter
1701 2218 1796 2247 libra-

970 2277 1037 2297 rum
1049 2267 1131 2303 apud
1140 2275 1193 2295 nos
1204 2266 1417 2302 aequalitatem.
1432 2264 1506 2298 Quid
1517 2264 1562 2292 his
1576 2263 1672 2299 magis
1683 2263 1796 2291 ridicu-

972 2315 1032 2342 lum
1040 2320 1099 2341 esse
1104 2312 1196 2348 possit
1204 2313 1225 2339 ?.
1232 2330 1250 2339 ..
1260 2310 1411 2344 Quomodo
1421 2309 1517 2344 igitur
1527 2308 1614 2337 illinc
1627 2315 1796 2343 praecipuas

970 2359 1038 2387 vita:
1047 2357 1187 2386 humanae
1195 2363 1302 2384 causas
1310 2354 1463 2390 proﬁcisci
1471 2354 1569 2387 doces,
1581 2357 1607 2381 et
1622 2360 1659 2381 ea:
1669 2353 1796 2381 terrenis

969 2403 1132 2439 pecudibus
1139 2401 1326 2430 nascentium
1338 2399 1487 2428 hominum
1499 2405 1593 2426 mores
1602 2398 1744 2432 exprimis
1753 2399 1798 2425 at-

970 2455 1025 2484 que
1036 2447 1155 2482 efﬁngis
1161 2448 1183 2473 ?.
1189 2466 1207 2473 ..
1221 2445 1295 2475 Quid
1304 2451 1373 2478 ergo
1380 2443 1466 2471 fidem
1476 2450 1513 2471 es:
1520 2443 1610 2470 astris
1619 2441 1674 2470 tibi
1679 2442 1796 2477 faciens

968 2491 1182 2528 perterrefacis
1194 2498 1247 2517 nos
1257 2491 1271 2516 ?
1290 2489 1356 2523 Qui,
1369 2488 1452 2524 quod
1467 2487 1506 2516 ad
1521 2486 1681 2516 hominum
1695 2488 1796 2514 ortum

971 2537 1084 2571 attinet,
1097 2543 1158 2563 non
1169 2534 1264 2571 pluris
1278 2533 1347 2561 fecit
1361 2535 1443 2561 astra
1455 2539 1622 2567 eorumque
1635 2533 1745 2565 motus,
1759 2530 1795 2566 is,

971 2584 1004 2610 ut
1015 2581 1088 2609 mihi
1104 2579 1229 2616 quidem
1242 2578 1370 2613 videtur,
1387 2577 1510 2605 minime
1532 2575 1670 2604 omnium
1697 2575 1796 2603 dicere

970 2626 1067 2663 potuit
1076 2632 1182 2660 regum
1192 2623 1397 2651 successiones
1406 2621 1529 2650 cometis
1536 2619 1673 2648 indicari.
1680 2620 1745 2648 lam
1756 2620 1798 2648 ad

970 2671 1030 2700 alia
1042 2668 1285 2707 properabimus,
1297 2667 1351 2695 sed
1364 2666 1389 2694 si
1408 2666 1492 2703 prius
1504 2665 1578 2694 illud
1597 2672 1694 2693 unum
1717 2664 1797 2700 adje-

971 2717 1110 2752 cerimus,
1123 2716 1239 2745 tantum
1254 2711 1616 2742 variantiumlectionum
1631 2709 1750 2746 copiam
1765 2708 1796 2736 in
