2020 3140
237 114 273 141 3‘
998 113 1063 140 Plu

1118 113 1189 142 .TlOt
1904 118 1934 146 36

235 174 319 203 libris
344 175 476 212 antiquis
502 176 638 213 reperiri.
662 178 695 205 ut
718 177 743 204 si
770 184 875 205 omnes
899 176 1062 204 voluissem

1118 176 1307 206 dulcescendi
1315 178 1407 206 locus.
1415 177 1482 205 Haec
1490 176 1570 204 enim
1580 183 1649 204 cum
1658 183 1694 204 eo
1702 175 1786 212 quod
1798 177 1934 213 sequitur.

237 219 556 254 exscribere,'modum
564 221 774 250 excessissem.
788 221 1010 249 Erudilissimus
1018 220 1063 248 vir

237 264 437 293 Combeﬁsius
447 265 504 293 hoc
515 273 585 294 cum
598 266 864 295 animadvertisset
875 266 916 294 ita
926 265 1061 301 scripsit:

237 308 309 336 Haec
323 309 459 340 humilia,
477 310 558 345 quod
571 310 674 338 crebro
689 311 894 339 Ecclesiarum
913 318 969 338 usu
989 310 1063 337 trita

236 354 366 382 maxime
373 354 572 390 plurimisque
584 355 668 383 libris
681 356 887 384 ecclesiasticis
898 354 1061 389 descripta,

237 397 363 425 diversis
375 401 468 426 scatet
486 399 672 433 lectionibus,
687 408 743 435 pro
758 407 790 428 eo
805 408 841 428 ac
862 399 919 427 sibi
941 400 1064 435 quisque

237 442 404 470 describens
411 443 443 470 in
451 451 515 471 sua:
523 451 606 472 usum
613 444 766 479 Ecclesiae,
774 445 916 478 indulsit,
925 447 957 472 ut
965 451 1062 472 vocem

236 487 371 522 aliquam
377 491 572 522 mutaret,seu
578 489 696 524 aliquid
701 490 966 525 interpolaret,pro
972 491 1062 524 captu

235 530 335 564 ﬁdelis
348 532 453 567 plebis,
467 534 519 561 cui
530 534 678 569 studebat,
693 535 754 563 sive
768 535 858 563 etiam
880 534 1063 570 antiquariis

214 610 221 621 ι
236 575 279 621 ita
289 575 429 611 obrepsit.
446 577 543 605 Nolim
553 578 677 614 quidem
688 586 758 606 cum
769 578 943 607 doctissimo
953 579 1017 606 viro
1027 586 1064 606 ea

237 619 275 647 de
287 627 320 647 re
333 621 517 649 contendere
529 631 536 650 :
558 623 612 650 sed
630 625 733 651 tamen
747 623 827 651 hanc
841 623 998 652 homjiiam
1013 624 1064 650 Ec-

237 663 399 693 clesiarum
413 673 473 693 usu
497 667 630 695 maxime
654 668 755 696 tritam
778 667 882 701 fuisse,
909 675 1062 704 nusquam

236 707 369 738 invenio.
382 711 527 739 Praeterea
540 711 622 739 idem
635 712 684 740 ille
699 720 790 749 quem
805 712 867 740 dixi
880 712 972 740 homo
987 712 1063 748 peri-

237 752 372 782 tissimus
382 755 583 785 monuitduas
596 757 694 785 Basilii
704 758 737 785 in
747 758 901 792 jejunium
912 757 1062 786 orationes

236 797 319 826 initio
348 799 595 835 Quadragesimae
621 801 741 830 recitari
762 802 885 830 solitas:
907 802 939 830 in
950 802 1064 839 quibus

236 844 339 871 tamen
354 845 438 873 tanta
453 845 646 874 diversarum
660 846 826 875 lectionum
842 847 931 884 copia.
944 855 1006 874 non
1019 855 1065 875 re-

236 888 360 924 peritur.
369 889 437 923 Sed,
448 891 481 918 ut
489 892 520 917 ut
527 890 591 918 1]ωο
598 893 677 923 sunt,
686 899 743 927 ego
750 891 1064 920 arbitrorimmensam

235 931 318 961 illam
328 933 511 962 variantium
517 934 681 963 lectionum
687 935 911 964 multitudinem
918 935 957 964 ad
963 944 1065 964 meam

237 976 412 1012 opinionem
429 978 670 1008 conﬁrmandam
689 980 828 1009 nonnihil
850 980 960 1008 valere.
989 982 1064 1009 Nam

236 1022 422 1058 experientia
436 1023 560 1052 edoctus
582 1032 651 1053 sum
674 1026 738 1053 tam
763 1025 891 1054 multam
916 1025 1064 1054 librorum

236 1066 433 1104 antiquorum
448 1068 525 1096 inter
539 1076 570 1096 se
587 1069 824 1106 discrepantiam
838 1071 936 1101 νοθείας
951 1070 1064 1108 saepius

237 1111 440 1140 certissimum
456 1112 578 1148 signum
593 1121 669 1142 esse.

383 1171 427 1198 Vl.
448 1171 493 1201 De
506 1171 633 1201 homilia
646 1172 678 1200 in
692 1172 914 1207 parnitentiam.

273 1248 316 1274 18.
333 1249 442 1275 Auctor
452 1247 545 1283 hujus
561 1248 717 1283 orationis,
732 1249 872 1286 quisquis
889 1251 942 1285 est,
959 1248 1063 1277 nonid

236 1290 295 1318 sibi
307 1292 476 1328 proposuit,
501 1295 533 1320 ut
549 1292 702 1321 auditores
714 1301 786 1321 suos
802 1293 843 1322 ad
855 1293 1064 1330 paenitentiam

235 1335 418 1370 hortaretur,
431 1335 485 1364 sed
499 1339 533 1364 ut
544 1338 728 1365 Novatianos
748 1340 777 1365 et
791 1338 995 1371 Montanistas,
1011 1337 1065 1375 qui

235 1379 443 1416 paenitentiam
450 1379 614 1416 negabant,
622 1381 798 1411 confutaret.
807 1382 888 1410 Hanc
896 1382 1063 1410 orationem

237 1423 277 1453 ab
292 1423 395 1460 aliquo
410 1425 553 1461 episcopo
570 1425 692 1454 alterius
707 1426 842 1465 episcopi
860 1429 968 1462 rogatu
982 1434 1063 1456 com-

235 1468 369 1506 positam
394 1469 495 1503 fuisse,
523 1470 622 1505 prima
644 1470 739 1499 verba
766 1472 868 1507 aperte
889 1470 1060 1500 ostendunt.

236 1505 464 1542 Eruditissimus
482 1514 528 1542 vir
548 1514 753 1544 Tillemontius
767 1505 809 1544 ita
821 1515 859 1543 de
878 1515 936 1544 hoc
951 1515 1062 1551 scripto
1082 1505 1102 1535 ο

236 1558 355 1586 disserit
371 1559 423 1594 (a),
444 1562 476 1586 ut
499 1559 527 1587 ei
552 1559 661 1589 exilem
685 1560 855 1596 quamdam
881 1559 1062 1596 suspicionis

236 1605 342 1631 notam
353 1603 471 1639 inurat;
488 1603 541 1632 sed
557 1604 666 1633 fatetur
682 1605 782 1641 ipsam
794 1612 850 1641 pro
864 1613 936 1633 vera
946 1604 986 1633 ab
999 1612 1063 1633 eru-

237 1648 306 1677 ditis
317 1648 493 1677 hominibus
504 1649 652 1677 hactenus
667 1649 805 1679 habitam
819 1650 921 1678 fuisse.
935 1651 997 1685 Ego
1012 1657 1064 1678 au-

237 1694 297 1721 tem
303 1692 365 1721 sive
372 1692 473 1726 verba,
482 1693 544 1721 sive
551 1694 715 1723 verborum
724 1695 988 1728 constructionem,
1001 1694 1063 1722 sive

237 1737 399 1767 sententias
408 1738 492 1775 ipsas
505 1738 706 1773 considerem,
723 1739 797 1767 nihil
811 1747 950 1776 unquam
962 1739 1064 1768 minus

236 1782 421 1812 Basilianum
432 1783 506 1812 vidi.
523 1784 676 1814 Proferam
689 1783 805 1820 aliquot
815 1784 892 1820 loca,
906 1792 942 1812 ex
953 1783 1065 1821 quibus

236 1828 268 1857 id
281 1829 365 1865 quod
379 1828 459 1864 dico,
472 1829 596 1866 probari
609 1829 715 1866 possit.
728 1829 835 1859 Statim
845 1829 976 1858 occurrit
990 1828 1066 1857 illud

236 1872 280 1909 (ρ.
292 1873 354 1908 603)
368 1882 374 1900 :
393 1876 473 1902 Φησὶν
486 1874 499 1900 ὁ
513 1878 598 1900 ταῦτα
612 1873 715 1905 πλάσας
728 1875 780 1899 ὅτι·
804 1874 864 1901 Ἐὰν
887 1875 1011 1910 γένωνται
1037 1874 1065 1902 αἱ

236 1917 366 1954 ἁμαρτίαι
389 1919 460 1954 ὑμῶν
480 1920 514 1950 ὡς
535 1919 568 1944 τὰ
582 1918 686 1945 ἄπλυτοι
709 1921 851 1956 χρώματα,
874 1919 896 1946 εἱ
915 1919 1064 1953 λούσοισθε,

233 1966 389 1999 μεταπίπτει
425 1966 463 1994 εὶς
492 1965 662 2000 καθαρότητα
685 1966 785 2000 χιόνος
802 1965 885 1993 Dicit
901 1967 1001 1992 tamen
1015 1965 1067 2001 qui

237 2007 301 2037 hac
315 2008 448 2036 condidit
458 2017 465 2036 :
476 2008 511 2038 Si
520 2009 638 2044 fuerint
652 2011 778 2043 peccata
790 2012 889 2037 vestra
898 2010 980 2037 velut
988 2010 1066 2038 colo-

237 2060 285 2080 res
300 2053 353 2090 qui
364 2053 427 2081 elui
438 2061 498 2081 non
508 2056 645 2088 possunt,
653 2054 680 2082 si
689 2054 776 2082 modo
788 2054 1065 2089 lavemini,innivis

234 2098 401 2134 puritatem
417 2098 606 2133 transibunt;
621 2097 673 2128 ubi
684 2098 783 2135 quivis
797 2098 874 2129 alius
888 2098 981 2127 homo
991 2107 1066 2136 pau-

236 2142 300 2172 lum
315 2142 408 2172 modo
423 2142 594 2179 diligentior
608 2150 663 2180 pro
679 2145 845 2179 μεταπίπτει,
861 2144 982 2179 transit,
996 2144 1065 2171 scri-

1116 221 1265 250 cohzerere
1280 229 1342 251 non
1354 221 1516 255 videntur;
1540 223 1569 249 et
1593 228 1656 256 qua
1676 220 1793 248 ratione
1814 222 1936 257 scriptor

1116 264 1192 293 dixit
1200 265 1365 294 relaturum
1372 273 1403 294 se
1414 267 1593 300 argumenta
1599 272 1636 292 ex
1642 264 1737 292 Veteri
1743 265 1935 300 Testamento,

1117 311 1258 345 quoniam
1270 311 1356 339 rebus
1367 310 1518 345 salsugine
1528 309 1650 338 imbutis
1661 317 1722 336 non
1728 309 1823 337 datur
1829 309 1934 338 dulces-

1117 355 1203 382 cendi
1209 355 1300 391 locus,
1311 355 1418 384 eadem
1427 353 1623 391 plane‘dicere
1629 353 1936 390 potuissetrelaturum

1117 406 1148 426 se
1159 403 1339 435 argumenta
1349 408 1388 429 ex
1395 401 1478 427 Novo
1489 400 1690 433 Testamento,
1701 399 1844 433 quoniam
1856 400 1935 427 rebus

1115 443 1271 479 salsugine
1280 445 1402 472 imbutis
1415 444 1584 479 nongdatur
1599 443 1790 471 'lulcescendi
1805 443 1895 471 locus.
1908 445 1936 472 Et

1116 495 1188 515 vero
1200 496 1262 516 non
1277 497 1370 516 unum
1382 488 1481 523 magis
1492 487 1622 517 cohaeret
1633 495 1703 515 cum
1716 495 1752 515 eo
1763 487 1847 523 quod
1857 487 1936 515 inter-

1117 534 1174 566 tur,
1186 541 1280 569 quam
1292 533 1390 561 aliud:
1406 533 1453 561 vel
1465 535 1497 560 ut
1512 532 1610 562 verius
1620 532 1732 564 dicam,
1746 536 1886 559 neutrum
1896 540 1935 559 co-

1117 577 1218 605 haeret.
1232 579 1299 606 Haec
1310 580 1342 606 ut
1354 577 1451 606 Basilii
1460 585 1523 605 non
1533 580 1614 609 sunt,
1625 577 1667 606 ita
1676 584 1733 605 nec
1744 584 1809 612 qua;
1816 584 1935 613 sequun-

1117 623 1164 649 tur
1177 622 1257 658 (pag.
1275 624 1335 651 604)
1348 631 1356 650 :
1370 626 1413 654 Ὠς
1424 624 1589 659 προσέχουσι
1605 620 1634 648 δί
1649 622 1724 658 λέγω,
1737 623 1794 649 ὅθεν
1805 624 1848 647 καὶ
1864 621 1935 658 βαρύ-

1116 676 1189 703 τερον
1225 668 1420 704 ᾱπτομαι..,..
1463 670 1507 698 Τίς
1544 667 1712 703 ἀσεϐέστερος
1751 666 1934 703 ὰναγιγραπται

1116 715 1163 737 τοῦ
1180 712 1300 747 Ἀχαάϐ;
1321 713 1356 743 ὡς
1381 711 1590 748 ἀναγινώσκουσι
1605 711 1680 747 λέγω·
1696 711 1850 747 Alloquor
1864 712 1936 739 velut

1117 759 1257 790 attentos,
1270 757 1350 785 unde
1363 758 1508 792 graviora
1520 757 1685 793 attingo....
1703 756 1774 790 Quis
1784 756 1880 791 magis
1889 755 1935 783 im-

1116 808 1185 836 pius
1198 809 1289 837 quam
1298 801 1423 830 Achaab
1435 802 1602 836 descriptus
1613 801 1678 830 est?
1686 801 1767 830 velut
1780 800 1935 835 legentibus

1120 845 1236 880 loquor.
1249 845 1297 873 His
1308 844 1439 874 auctoris
1446 845 1555 881 verbis,
1568 846 1648 873 velut
1657 844 1821 881 legentibus
1829 844 1934 879 laquor,

1118 889 1193 919 nihil
1207 890 1302 918 simile
1321 890 1351 918 in
1372 889 1449 919 veris
1473 897 1509 918 ac
1526 890 1702 920 indubitatis
1722 888 1822 917 Basilii
1838 887 1935 916 oratio-

1118 934 1209 963 nibus
1223 934 1391 963 invenitur:
1408 937 1461 962 aut
1474 937 1554 962 certe
1569 943 1639 962 cum
1653 934 1738 969 illud,
1757 933 1823 969 λέγω
1838 936 1879 965 ὡς,
1893 932 1934 959 bis

1118 979 1197 1007 intra
1204 986 1319 1015 paucos
1331 986 1435 1008 versus
1446 979 1580 1015 positum
1589 979 1661 1012 vidi,
1672 977 1825 1015 peregrini
1831 975 1935 1012 aliquid

1118 1026 1146 1052 et
1159 1023 1271 1053 insoliti
1283 1023 1383 1051 videre
1393 1023 1468 1051 mihi
1476 1023 1560 1051 visus
1571 1031 1650 1052 sum.
1661 1026 1758 1059 Atque
1770 1022 1801 1050 in
1811 1022 1866 1050 hac
1875 1027 1935 1048 mea

1118 1069 1267 1098 sententia
1286 1068 1484 1098 conﬁrmatus
1505 1068 1558 1103 fui,
1579 1077 1649 1098 cum
1665 1068 1758 1096 incidi
1782 1067 1813 1095 in
1827 1074 1862 1094 ea
1874 1073 1934 1102 qua:

1119 1114 1221 1142 statim
1241 1113 1478 1149 subjunguntur,
1501 1111 1592 1143 ἐπειδὴ
1620 1115 1681 1150 ύμῖν
1702 1113 1838 1148 λαλοῦμεν,
1869 1110 1935 1136 εἴπω-

1118 1168 1164 1195 μεν
1174 1161 1219 1185 καὶ
1236 1160 1403 1195 σαφέστερον,
1420 1159 1563 1194 quoniam
1574 1159 1763 1195 alloquimur
1771 1164 1831 1192 vos,
1844 1156 1935 1190 loqua-

1117 1211 1188 1232 mur
1196 1207 1223 1232 et
1235 1204 1358 1231 clarius.
1366 1202 1439 1230 Mihi
1449 1203 1531 1231 enim
1540 1203 1723 1240 persuadere
1733 1210 1796 1231 non
1803 1200 1885 1238 potui
1893 1200 1935 1226 Ba-

1119 1247 1218 1277 silium
1233 1249 1375 1283 Magnum
1387 1250 1428 1275 ita
1443 1247 1489 1277 sui
1504 1247 1684 1277 dissimilem
1704 1247 1809 1278 fuisse,
1823 1246 1856 1273 ut
1869 1250 1935 1280 prie-

1118 1296 1162 1323 ter
1172 1293 1423 1322 consuetudinem
1437 1292 1533 1320 multa
1547 1293 1608 1321 fere
1624 1292 1813 1321 continenter
1826 1287 1932 1321 dixerit,

1118 1346 1186 1375 quae
1197 1338 1296 1366 dicere
1306 1345 1369 1367 non
1381 1336 1481 1365 solum
1494 1337 1569 1365 nihil
1578 1337 1737 1372 attinebat,
1748 1335 1802 1364 sed
1812 1341 1878 1371 quae
1889 1338 1935 1369 per

1118 1391 1150 1411 se
1159 1382 1296 1419 puerillia
1315 1384 1386 1410 sunt
1408 1384 1437 1410 et
1457 1382 1627 1419 nugatoria.
1652 1383 1749 1414 Nunc,
1773 1381 1806 1408 ut
1829 1377 1933 1406 leviora

1117 1426 1260 1464 quaedam
1274 1427 1460 1463 omittamus,
1472 1428 1510 1456 de
1521 1426 1675 1463 scriptoris
1686 1424 1824 1454 doctrina
1838 1422 1932 1457 loqua-

1118 1473 1306 1508 mur.ltaque
1317 1472 1355 1500 de
1364 1472 1454 1509 lapsu
1467 1472 1587 1501 Davidis
1599 1470 1692 1499 verba
1703 1470 1819 1499 i‘aciens
1828 1467 1932 1496 auctor,

1117 1517 1161 1544 sic
1182 1516 1284 1544 scribit
1323 1521 1403 1553 (pag.
1431 1519 1516 1546 604):
1543 1520 1623 1543 ’Ὁσον
1644 1515 1675 1541 ἂν
1689 1517 1757 1551 πέσῃ
1785 1514 1798 1539 ὁ
1823 1511 1932 1547 ἰσχυρδςο

1117 1565 1227 1596 ταχεῖαν
1248 1561 1305 1597 ἔχει
1324 1571 1371 1590 την
1397 1561 1551 1589 ἀνάστασιν·
1583 1560 1738 1597 Ἀγανακτεῖ
1761 1559 1773 1585 ὁ
1803 1553 1933 1583 sum”...

1118 1606 1201 1636 Εὐθὺς
1229 1606 1272 1631 επὶ
1300 1607 1329 1632 τὸ
1356 1607 1490 1644 φάρμακον
1519 1605 1649 1635 ἐλήλυθεν¹
1685 1603 1741 1631 εἶδε
1774 1605 1803 1629 τὸ
1830 1602 1934 1647 τραῦμας

1118 1652 1258 1686 προςέφυγε
1276 1654 1313 1685 τῷ
1343 1651 1433 1687 ἰατρῳ·
1464 1654 1607 1688 Ἥμαρτον,
1641 1651 1719 1686 φησὶ,
1752 1649 1797 1675 καὶ
1826 1645 1896 1674 εὐθὺς
1921 1650 1933 1669 η

1117 1697 1199 1725 ἴασις·
1229 1697 1278 1721 Καὶ
1302 1696 1314 1721 ὁ
1336 1697 1431 1732 Κύριος
1452 1687 1598 1732 παρήνεγκὲ
1627 1704 1675 1720 σου
1700 1696 1731 1721 τὸ
1746 1693 1895 1730 ἁμάρτημα·
1910 1687 1934 1712 Τί

1118 1739 1168 1777 γὰρ
1186 1739 1286 1776 βούλει,
1309 1739 1334 1766 ἓν
1358 1731 1503 1777 ἁμάρτημα
1521 1731 1676 1777 lonia-973w:
1698 1740 1792 1772 ὁσίοις,
1814 1737 1828 1765 ἣ
1848 1731 1935 1780 πολλῄγ

1120 1783 1292 1814 δικαιοσύνην
1314 1794 1320 1817 ς
1357 1785 1495 1814 Ἐποίησεν
1519 1785 1659 1822 ἁμαρτίαν,
1685 1783 1742 1810 ἀλλ’
1770 1782 1875 1809 ἐποίησε
1899 1783 1934 1801 καί

1118 1829 1215 1860 πολλὰς
1242 1828 1423 1861 δικαιοσύνας·
1462 1832 1493 1856 Tt
1519 1828 1620 1856 δίκαιον
1647 1829 1721 1866 παρὰ
1751 1827 1846 1860 δικαίῳ
1874 1825 1934 1866 Θειτξι

1119 1878 1170 1900 τῶν
1195 1874 1287 1910 ὀλίγων
1306 1878 1494 1911 μνημονεῦσαι,
1527 1875 1542 1904 ἢ
1584 1878 1635 1900 τῶν
1669 1873 1771 1900 πολλῶν
1811 1866 1936 1896 ἒπιλανθα·

1120 1919 1228 1951 uaeas;
1248 1922 1332 1945 Ἔστω
1354 1921 1439 1955 ζογός,
1465 1921 1508 1946 καὶ
1527 1918 1546 1955 ᾦ
1569 1922 1722 1956 μετροῦμεν,
1754 1914 1936 1956 μετρηθήσξται

1120 1961 1193 2000 ἡμῖν·
1221 1965 1252 1989 Εἰ
1275 1963 1381 1990 πλείονα
1409 1965 1443 1990 τὰ
1468 1964 1658 2001 ἁμαρτήματα,
1684 1964 1752 1989 ἔστω
1781 1954 1936 2003 ἀμαρτωλάςξ

1120 2009 1142 2034 ei
1162 2007 1191 2034 δὲ
1211 2008 1315 2035 πλείονα
1338 2009 1371 2035 τὰ
1393 2008 1571 2045 δικαιώματα,
1596 2009 1664 2034 ἔστω
1694 2006 1807 2036 δίκαιος·
1836 2001 1881 2045 Εἵςν
1899 2005 1936 2023 καί

1120 2051 1166 2084 εἷς·
1185 2055 1218 2079 τὰ
1244 2055 1293 2090 γὰρ
1317 2053 1380 2090 παρ’
1404 2054 1466 2090 ἡμῖν
1489 2055 1574 2080 πάντα
1603 2053 1630 2079 ἐκ
1659 2057 1706 2079 τοῦ
1737 2051 1851 2078 πλείονος
1877 2044 1936 2090 λέῖδ

1119 2106 1173 2124 ται·
1189 2100 1239 2124 Καὶ
1254 2102 1300 2124 τοῦ
1313 2097 1404 2124 λευκοῦ
1427 2098 1485 2124 ἐστι
1512 2097 1674 2135 λευκότερον,
1700 2099 1746 2124 καὶ
1771 2098 1817 2122 τοῦ
1840 2090 1937 2135 ﬁxisset

1121 2142 1156 2174 εἰς
1177 2144 1314 2179 σύγκρισιν
1340 2142 1402 2168 ἄλλο
1424 2142 1590 2179 γλυκύτερον·
1630 2142 1698 2168 οὕτω
1720 2143 1764 2168 καὶ
1795 2139 1819 2164 οἱ
1849 2130 1937 2161 δίκαιοί

236 2187 349 2222 psisset
361 2190 565 2224 μεταπίπτονσι,
583 2178 768 2221 transibunt,
784 2187 923 2217 videlicet
938 2189 965 2214 αἱ
975 2178 1063 2226 ἆμαρ-

1121 2187 1198 2224 ἔσμεν
1218 2187 1252 2218 ὡς
1279 2187 1420 2224 ἄνθρωποι,
1447 2187 1500 2223 οὐχ
1524 2188 1558 2218 ὡς
1585 2188 1600 2216 ἡ
1632 2187 1752 2223 ἁμαρτία
1778 2178 1935 2226 dinumera-111'

238 2233 293 2259 τίαὶ
316 2233 375 2260 Neo
399 2232 441 2261 ita
462 2232 558 2262 multo
581 2234 650 2268 Post
673 2232 714 2260 ita
729 2233 875 2269 scriptum
896 2233 1063 2261 invenitur:

239 2274 400 2306 ’ΔλλἝπειδὴ
424 2276 470 2302 οὐκ
489 2277 547 2312 ἔχει
571 2279 661 2313 χώραν
685 2276 871 2312 γλυκαινεσθαι
893 2278 925 2303 τὰ
949 2276 1063 2315 ἁλμυρὰ,

237 2320 342 2357 λέγομεν
367 2319 397 2348 δὲ
424 2323 466 2347 καὶ
496 2323 571 2358 ἡμεῖς
595 2325 639 2347 νῦν
662 2321 713 2347 ἀπὸ
739 2321 866 2355 Παλαιᾱς,
901 2323 1011 2358 εἶπώμεν
1041 2325 1066 2348 τί

238 2365 403 2402 ἀντιλέγουσι
414 2368 478 2404 πρὸς
494 2368 527 2393 τὰ
542 2367 569 2392 ἐκ
584 2371 631 2398 τῆς
648 2367 764 2398 Παλαιᾶς
774 2366 907 2403 λεγόμενα.
921 2367 981 2396 Sed
991 2375 1065 2403 quo-

239 2412 324 2441 niam
338 2412 426 2440 rebus
449 2412 604 2446 salsugine
622 2412 744 2441 imbutis
769 2420 829 2440 non
844 2412 937 2440 datur
956 2413 1062 2441 dulce-

238 2457 341 2486 scendi
348 2457 441 2491 locus,
455 2464 566 2492 nosque
576 2464 658 2485 nunc
666 2458 755 2485 verba
763 2457 951 2492 pro/erimus
962 2465 999 2488 e2:
1015 2458 1065 2486 Ve-

239 2502 297 2530 teri
305 2502 500 2536 Teslamento,
507 2502 674 2536 referamus
681 2502 754 2537 quid
759 2505 914 2537 opponant
920 2503 1064 2531 adversus

240 2554 274 2575 ea
281 2554 347 2582 qua?
353 2554 390 2576 ea:
402 2546 499 2575 Veteri
505 2546 662 2575 dicuntur.
675 2546 787 2582 Melius,
798 2546 857 2575 nisi
869 2546 965 2581 fallor,
977 2547 1065 2575 abes-

239 2591 377 2625 setillud,
394 2589 484 2621 ἐπειδὴ
503 2591 549 2618 οὐκ
574 2592 631 2628 ἔχει
653 2594 743 2629 χώραν
764 2591 949 2628 γλυκαίνεσθαι
971 2593 1005 2618 τὰ
1022 2592 1065 2618 ἀλ-

235 2637 319 2674 μυρά,
335 2637 478 2673 quoniam
488 2636 575 2665 rebus
589 2637 742 2673 salsugine
754 2637 876 2666 imbutis
896 2645 957 2665 non
970 2637 1065 2666 datur

292 2699 303 2716 "
325 2700 335 2727 l
349 2699 420 2734 Reg.
432 2706 479 2734 xu,
498 2700 540 2727 l3.

293 2762 331 2798 (a)
351 2760 435 2790 Tom.
453 2763 494 2798 lx,
508 2769 537 2799 p.
554 2763 606 2791 296
623 2763 652 2791 et
666 2763 728 2790 687.

1119 2234 1195 2259 Ὅθεν
1222 2233 1234 2258 ὁ
1261 2234 1322 2263 Υιός
1343 2236 1388 2258 τοῦ
1415 2236 1482 2258 Θεοῦ
1510 2231 1666 2261 δικαιοσύνη
1691 2231 1790 2262 ἀκούει,
1826 2226 1896 2261 ἡμεῖς
1913 2217 1938 2245 δὲ

1120 2277 1264 2314 μεταλήψει
1284 2276 1456 2308 δικαιοσύνης
1472 2275 1581 2303 δίκαιοι·
1602 2279 1651 2304 Καὶ
1666 2280 1782 2306 Μωύσῆς
1798 2268 1904 2299 ἕλάλησέ
1915 2272 1938 2312 7_‘

1120 2327 1151 2358 τῇ
1165 2321 1278 2358 γλώττῃ,
1295 2321 1350 2348 ἀλλ’
1362 2322 1409 2348 οὐκ
1422 2321 1556 2358 ὰπελήφθη
1573 2325 1604 2358 τῇ
1620 2323 1732 2358 ἱστορίᾳ.
1751 2314 1937 2358 Οιιαηίαπξυῖξ

1119 2353 1192 2395 sane
1204 2353 1289 2395 cadat
1301 2367 1403 2402 fortis,
1426 2367 1483 2394 cito
1502 2353 1644 2402 resurgit.
1751 2361 1869 2392 moleste
1881 2353 1937 2391 fe"
1980 2389 1981 2392 η

1118 2412 1251 2440 David...
1261 2412 1371 2439 Statim
1380 2411 1503 2439 accessit
1512 2412 1550 2439 ad
1556 2411 1732 2439 remedium:
1744 2407 1817 2438 vidit
1826 2402 1936 2432 vulnus,

1119 2457 1160 2485 ad
1167 2457 1313 2484 medicum
1320 2456 1469 2491 confugit.
1482 2456 1663 2490 «Peccavi,»
1677 2455 1787 2491 inquit,
1797 2453 1825 2480 et
1834 2444 1935 2480 con/95‘

1120 2502 1172 2530 tim
1186 2501 1271 2529 adest
1284 2500 1411 2528 medela.
1428 2511 1442 2525 ‹‹
1454 2501 1493 2528 Et
1508 2501 1654 2528 Dominus
1671 2497 1830 2528 transtulit
1843 2494 1936 2539 Ρεσςίν

1120 2549 1183 2574 tum
1195 2546 1304 2574 tuuml.
1314 2556 1328 2570 »
1344 2545 1422 2580 Quid
1432 2546 1509 2574 enim
1524 2546 1578 2581 vis,
1590 2553 1724 2573 unumne
1729 2542 1884 2580 pcccatum
1891 2539 1936 2561 1⁷η·

1116 2591 1226 2626 putari
1237 2590 1361 2625 sanctis,
1372 2597 1412 2618 an
1419 2590 1573 2626 justitiam
1581 2590 1710 2618 multam
1719 2591 1733 2616 7
1751 2585 1833 2616 Fecit
1843 2583 1936 2617 Νίκα·

1120 2625 1196 2669 tum,
1209 2638 1241 2664 at
1254 2635 1328 2670 fecit
1343 2625 1433 2664 etiam
1443 2635 1581 2670 justitias
1597 2635 1720 2663 multas.
1739 2629 1817 2666 Quid
1828 2625 1936 2663 ﬁmum
