2020 3140
235 126 269 155 39
992 130 1036 157 PR

1090 128 1181 157 ‘ATIO.
1903 132 1938 158 40

229 188 317 219 αὐτός’
345 189 445 221 Ἰὴσοῡς
475 193 588 227 Χριστὸς
620 190 694 219 ἦλθεν
723 192 758 222 εἰς
783 194 826 218 τὸν
856 195 953 229 κόσμον
973 192 1092 229 ἁμαρ-Α
1109 191 1254 226 καμάτων;
1284 191 1337 217 Οὐκ
1369 191 1472 227 ἄγγελοί
1503 192 1588 227 ἐσμεν,
1625 191 1681 218 αλλ’
1709 192 1848 228 ἄνθρωποι.
1887 195 1936 219 Καὶ

228 232 325 264 τωλοὺς
345 238 439 267 σῶσαι,
454 233 487 260 ὧν
501 237 602 271 πρῶτός
623 235 674 271 εἰμι
698 235 758 272 ἐγὼι
778 239 813 263 Τὸ
837 236 905 263 ἴδιον
920 237 1056 273 ἐλάττωμα

229 282 340 315 φανεροῖ,
358 279 398 304 ἵνα
413 277 483 315 δείξῃ
500 281 529 305 τό
543 281 649 315 μέγεθος
665 285 712 311 τῆς
727 282 848 318 χάριτος⁹
868 281 945 308 Ἀλλά
960 284 1055 319 Πέτρος

227 322 304 348 εἰπὼν
330 326 374 349 καὶ
409 323 567 359 εὐλογηθεὶς,
601 325 687 351 εἰπών’
717 328 756 352 ὅτι
786 327 846 358 Υἱὸς
871 326 896 353 εἷ
916 331 961 353 τοῦ
988 331 1055 353 Θεοῦ

226 372 272 395 τοῦ
288 367 411 403 ὑψίστου,
432 371 477 395 καὶ
493 368 618 402 ἀκούσας,
633 371 684 396 ὄτι-
701 373 785 408 Πέτρα
800 372 830 404 εἴ,
849 371 1053 408 ἐνεγιωμιάσθη·

226 415 257 441 Εἰ
271 417 320 452 γὰρ
343 417 386 440 καὶ
404 415 496 451 πέτρα,
513 415 566 450 οὐχ
591 415 624 446 ὡς
644 417 760 452 Χριστὸς
786 419 876 453 πέτρα,
907 418 941 448 ὡς
960 419 1054 454 Πέτρος

224 462 315 497 πέτρα·
344 461 458 496 Χριστός
484 460 533 496 γὰρ
560 460 638 490 ὅντως
665 462 748 497 πέτρα
775 460 927 493 ἀσάλευτος,
958 464 1054 499 Πέτρος

225 503 254 531 δὲ
266 503 311 531 διὰ
323 506 371 532 τὴν
384 505 490 540 πέτρανν
502 504 612 532 Petrus
623 508 668 532 ter
679 508 779 540 negat,
788 509 888 534 tamen
901 508 932 534 in
940 507 1053 542 funda-

223 551 321 576 mento
337 548 514 575 collocatur.
527 547 640 575 Paulus
653 556 692 577 ex
700 550 942 583 persecutoribus
951 551 1053 585 factus

223 596 264 621 est
275 593 471 628 praedicator.
483 592 542 620 bed
557 592 606 620 hic
628 594 753 628 quaestio
773 597 826 621 est.
849 595 928 628 Quid
953 598 1052 623 autem

221 638 296 666 dicit
310 638 399 672 ipse?
432 637 546 664 «Jesus
570 637 709 665 Christus
733 639 813 666 venit
836 639 867 666 in
895 640 1051 674 mundum,

221 685 255 710 ut
282 685 455 717 peccatores
492 682 592 709 salvos
621 682 752 716 faceret,
779 691 906 718 quorum
934 685 1052 718 primus

220 735 285 755 sum
315 727 390 762 ego“
412 738 426 751 η
453 726 596 754 Declarat
628 734 715 755 suum
742 728 838 761 ipsius
869 729 988 762 vitium,
1019 733 1051 757 ut

219 773 328 808 gratiae
340 771 579 807 magnitudinem
591 772 737 800 ostendat.
753 773 919 802 Atdixerat
929 774 1049 808 Petrus,

219 820 247 846 et
263 817 493 845 benedictionem
503 822 676 845 consecutus
687 818 813 853 fuerat;
825 819 946 847 dixerat
958 828 964 847 :
979 830 992 844 ‹‹
1001 820 1051 847 Fi-

220 863 278 890 lius
290 869 319 890 es
329 862 379 890 Dei
390 861 532 889 altissimi
543 862 554 878 θ
568 868 578 896 ;
595 872 609 887 ››
630 869 756 897 cumque
770 863 913 896 audisset,
928 874 943 891 ‹
956 865 1049 893 Petra

218 914 258 938 es,
275 917 289 931 »
315 906 469 941 pra’conio
493 905 672 934 nobilitatus
701 909 753 934 est.
786 907 965 943 Quanquam
993 917 1047 937 au-

219 953 276 979 tem
287 953 376 985 petra
389 953 442 983 est,
459 957 519 977 non
540 953 572 977 ut
587 950 728 978 Christus
749 955 848 985 petra,
874 955 908 980 ut
939 953 1048 981 Petrus

216 999 314 1031 petra.
338 995 476 1023 Christus
492 996 570 1023 enim
587 1002 655 1023 vere
667 998 758 1030 petra
779 999 821 1024 est
843 997 1046 1026 inconcussa:

215 1041 325 1069 Petrus
337 1047 407 1068 vero
418 1042 545 1074 propter
555 1042 683 1074 petram.
701 1040 815 1077 Ubique
834 1041 986 1077 abjectum
1003 1044 1046 1070 est

215 1082 335 1111 dicendi
351 1089 459 1117 genus,
475 1084 504 1109 et
518 1082 632 1109 humile
645 1092 652 1116 ;
676 1083 731 1110 sed
745 1086 949 1119 praeterquam
962 1085 1046 1121 quod

214 1127 273 1155 hoc
287 1127 354 1155 loco
370 1133 469 1154 sermo
483 1126 606 1154 humilis
623 1129 667 1154 est
681 1129 709 1155 et
722 1127 869 1162 abjectus,
885 1128 988 1165 aliqua
1003 1129 1044 1157 di-

215 1173 263 1200 cta
277 1173 347 1198 sunt
361 1170 561 1206 ineptissime.
577 1171 650 1203 Quid
665 1172 745 1199 enim
769 1171 821 1199 illa
839 1172 983 1209 loquendi
998 1181 1045 1202 ra-

213 1215 386 1249 ιὶοῃθ,ἀλλὰ
410 1217 504 1252 Πέτρος
533 1215 610 1241 εἰπὼν
638 1219 682 1242 καὶ
708 1216 865 1253 εὐλογηθεὶς,
893 1218 969 1244 εἰπὼν
991 1220 1041 1254 ὅτι,

214 1263 246 1289 at
259 1261 369 1288 Petrus
393 1260 521 1294 locutus,
543 1263 571 1288 et
597 1260 830 1290 benedictionem
856 1267 1041 1299 consecutus,

213 1306 342 1340 locutus,
358 1307 410 1332 aut
424 1305 556 1340 ineptius
569 1307 623 1338 est,
639 1308 691 1333 aut
704 1306 865 1334 absurdius
875 1308 889 1335 ἱ)
904 1308 1041 1337 Fortasse

210 1357 273 1378 non
289 1349 472 1377 videbuntur
486 1349 613 1377 meliora
622 1357 691 1386 quae
702 1354 879 1386 sequuntur,
895 1353 930 1383 ὡς
946 1355 1040 1390 Πέτρος

210 1396 306 1431 πέτρα,
332 1397 366 1421 ut
381 1393 491 1421 Petrus
515 1397 613 1428 petra.
639 1395 820 1430 Scriptorem
844 1397 1041 1431 questionem

209 1439 379 1476 quamdam
395 1439 443 1466 hic
457 1439 665 1475 proposuisse,
686 1442 866 1468 necttamen
890 1442 1040 1471 imitatum

207 1483 299 1511 fuisse
311 1483 409 1512 honos
420 1483 591 1519 scriptores,
606 1484 667 1520 qui,
683 1492 753 1512 cum
775 1486 974 1521 quaestionem
989 1487 1039 1515 ali-

1108 238 1236 272 πίπτομεν
1264 238 1306 262 καὶ
1343 237 1502 272 εγειιοομεθα,
1540 239 1584 262 καὶ
1614 235 1736 267 πολλάκις
1770 241 1817 267 τῆς
1854 237 1935 268 αὐτῆς

1109 281 1221 316 ὦρας....
1239 281 1268 306 Ei
1285 279 1313 307 δὲ
1328 280 1432 311 οὐδενὸς
1457 281 1657 317 ἁμαρτήσαντος
1675 282 1690 310 ἡ
1715 282 1816 316 ἄφεσις,
1842 282 1856 310 ἡ
1878 280 1935 308 δια-

1108 327 1174 361 φορὰ
1188 324 1218 354 ἧν
1232 325 1257 351 ἕν
1271 335 1301 362 re
1316 325 1442 361 ποικιλίᾳ*
1462 325 1538 351 Ἀλλὰ
1553 324 1653 354 ἐπειδὴ·
1671 326 1807 354 Unumne
1820 327 1935 354 malum

1106 373 1228 405 reputat
1243 373 1331 404 Deus,
1342 371 1441 398 multa
1451 377 1521 398 vero
1533 370 1611 398 bona
1626 378 1684 398 non
1692 373 1813 404 reputat
1825 373 1837 397 γ
1859 371 1934 404 Quot

1106 417 1256 449 martyres
1270 415 1322 450 qui
1334 415 1467 449 primum
1496 417 1656 450 negarant,
1672 422 1779 442 rursus
1804 415 1934 443 redinte-

1106 462 1195 494 grata
1203 467 1307 494 pugna
1321 459 1437 487 cladem
1449 466 1599 487 resarsere
1608 461 1622 486 7
1647 459 1703 487 Sed
1718 463 1862 495 negarant
1873 468 1933 488 non

1105 505 1215 537 animo,
1224 504 1275 531 sed
1281 504 1396 538 lingua.
1405 504 1744 539 Carvnamquein/irma
1751 506 1803 532 est.
1810 504 1933 532 Excidit

1105 549 1158 584 qui
1172 549 1310 584 abnegat,
1327 557 1432 576 rursus
1448 557 1514 577 cum
1535 549 1707 582 conﬁtetur,
1727 549 1930 576 instauratur.

1104 593 1165 621 Nec
1178 593 1254 621 enim
1265 593 1345 621 mala
1354 593 1490 621 observat
1502 594 1590 627 Deus,
1603 593 1680 621 bona
1690 601 1757 621 vero
1769 594 1856 621 nullo
1868 594 1932 622 loco

1105 641 1255 666 numerat:
1281 638 1320 666 Et
1335 646 1401 665 cum
1427 638 1493 673 quis
1514 640 1709 673 torqueretur,
1729 645 1932 672 stepenumero

1105 683 1199 717 cessit,
1209 690 1274 710 cum
1284 684 1363 718 ferre
1374 690 1434 710 non
1445 685 1554 717 posset,
1566 690 1627 710 non
1636 685 1821 710 commutans
1830 683 1931 710 volun-

1105 728 1175 755 tatis
1183 729 1380 762 propositum,
1394 727 1445 756 sed
1452 728 1554 756 labore
1565 728 1675 755 victus:
1688 730 1719 755 at
1732 727 1883 761 dimissus,
1894 736 1931 756 ac

1103 773 1231 808 requiem
1244 777 1362 808 nactus,
1375 775 1579 801 restauratur.
1592 773 1929 801 Servabiturnedictum

1104 817 1190 846 breve
1205 818 1348 846 adversus
1360 818 1458 850 illum,
1468 821 1617 846 tormenta
1627 825 1696 846 vero
1706 825 1766 845 non
1773 825 1928 846 enumera-

1103 862 1216 890 buntur
1226 865 1240 890 ?
1249 864 1289 891 At
1303 863 1382 891 Deus
1388 863 1487 897 judez
1495 866 1547 898 est,
1558 871 1618 890 non
1627 863 1780 890 hominum
1787 862 1926 891 audacia.

1100 908 1202 936 Audes
1218 908 1309 943 legem
1321 908 1517 942 priescribere
1524 908 1594 942 Deo,
1606 908 1658 943 qui
1664 908 1870 942 inﬁrmitatem
1877 915 1927 936 no-

1100 953 1152 985 vit,
1169 955 1195 980 et
1210 952 1384 987 suppeditat
1399 953 1562 987 auxilium,
1589 952 1731 988 dabitque
1751 953 1927 980 victoriam?

1101 998 1175 1031 Quot
1185 1001 1255 1025 sunt
1267 998 1320 1032 qui
1326 1000 1392 1032 post
1406 998 1500 1026 vitam
1516 997 1629 1025 malam
1642 998 1823 1032 martyrium
1833 998 1925 1026 susti~

1098 1043 1228 1068 nuerunt
1239 1041 1336 1068 ?Num
1345 1040 1485 1075 quoniam
1494 1040 1641 1074 cupiditas
1648 1040 1746 1067 illexit
1750 1060 1758 1074 ,
1762 1040 1927 1074 privaban-

1098 1087 1149 1112 tur
1162 1084 1314 1112 laboribus
1328 1086 1342 1111 .9
1354 1085 1422 1112 Non
1434 1085 1539 1119 angeli
1552 1092 1662 1118 sumus,
1675 1084 1727 1111 sed
1743 1084 1885 1117 homines,
1898 1087 1923 1112 et

1097 1129 1231 1157 radimus
1244 1132 1271 1156 et
1281 1129 1475 1163 resurgimus,
1484 1128 1571 1163 idque
1579 1135 1781 1162 stepenumero
1793 1128 1868 1156 hora
1878 1135 1925 1156 ea-

1096 1171 1196 1199 dem...
1210 1171 1294 1204 Quod
1305 1172 1332 1198 si
1342 1171 1456 1199 nemini
1465 1171 1517 1206 qui
1520 1173 1670 1205 peccasset
1675 1192 1681 1205 ,
1690 1171 1815 1198 daretur
1826 1171 1922 1204 venia,

1097 1219 1168 1244 esset
1182 1216 1340 1244 discrimen
1354 1216 1386 1243 in
1402 1216 1558 1244 varietate.
1580 1216 1657 1248 Quot
1669 1223 1770 1249 voces,
1797 1217 1840 1243 tot
1864 1215 1922 1243 fere

1095 1261 1314 1296 peregrinitatis
1330 1264 1421 1296 alque
1442 1262 1541 1291 νοθείας
1566 1262 1755 1294 argumenta.
1788 1261 1923 1288 Unus/me

1093 1307 1219 1339 malum,
1235 1305 1342 1341 inquit,
1356 1308 1476 1340 reputat
1487 1307 1577 1339 Deus,
1586 1306 1682 1333 multa
1694 1313 1762 1333 vero
1774 1305 1850 1332 bona
1860 1313 1919 1333 non

1093 1353 1213 1385 reputat
1230 1353 1243 1378 It
1258 1351 1300 1378 lta
1315 1353 1369 1383 est,
1384 1358 1477 1378 unum
1493 1351 1607 1379 malum
1620 1350 1786 1386 aliquando
1799 1353 1919 1384 reputat

1092 1397 1180 1428 Deus,
1206 1397 1301 1423 multa
1322 1403 1390 1423 vero
1415 1395 1493 1424 bona
1514 1403 1574 1423 non
1599 1398 1741 1430 reputat;
1762 1402 1862 1430 neque
1888 1395 1919 1422 id

1090 1440 1230 1474 ignorare
1240 1440 1338 1476 potuit
1350 1439 1484 1467 Basilius.
1498 1441 1623 1467 Noverat
1633 1439 1712 1467 enim
1723 1439 1828 1467 doctor
1837 1446 1918 1473 egre-

1091 1484 1167 1518 gius,
1183 1484 1339 1512 hominem
1354 1491 1576 1519 nonnunquam
1592 1483 1631 1511 ob
1648 1483 1771 1511 unicum
1790 1483 1918 1511 mortale

208 1536 302 1564 quam
313 1528 481 1561 instituunt,
499 1528 564 1563 ejus
579 1529 728 1556 rationem
743 1530 850 1565 paucis
865 1531 1036 1570 explanant,
1056 1521 1075 1549 (ἶ
1090 1530 1247 1564 peccatum
1260 1529 1342 1563 justo
1359 1528 1409 1556 Dei
1419 1528 1534 1563 judicio
1548 1531 1576 1556 et
1590 1528 1687 1556 deseri
1700 1530 1728 1555 et
1738 1528 1844 1563 perire.
1858 1527 1917 1555 Sed

209 1572 401 1600 dissimulare
416 1572 508 1613 volui.
535 1574 662 1607 Magnus
685 1573 734 1601 ille
756 1574 875 1602 dicendi
895 1577 1039 1610 magister

206 1617 346 1653 quisquis
358 1619 413 1652 est,
429 1616 596 1653 aliquando
610 1620 679 1654 post
692 1617 733 1645 ita
745 1618 878 1654 loquitur
895 1624 935 1656 (p.
953 1622 1016 1656 607)
1030 1634 1036 1653 τ

205 1664 293 1698 Μέγας
306 1660 337 1690 ἦν
351 1662 429 1692 ὄντως
447 1661 573 1698 Ἁϐραάμ·
588 1662 668 1693 οὓτως
684 1661 714 1692 ἦν
729 1665 818 1699 μέγας,
836 1663 905 1690 διότι
929 1670 961 1701 γῆ
977 1666 1034 1692 ἐστι

204 1708 250 1732 καὶ
267 1704 377 1736 σποδός·
406 1707 478 1734 Vere
499 1714 628 1742 magnus
647 1712 713 1735 erat
732 1708 908 1737 Abraham:
930 1712 1033 1738 tantus

204 1753 282 1786 erat,
295 1751 438 1786 quoniam
455 1754 538 1779 terra
553 1758 594 1780 est
609 1755 637 1780 et
651 1752 735 1780 cinis.
754 1753 807 1780 Ubi
835 1761 897 1781 non
925 1754 1032 1783 obscu-

203 1803 269 1823 rum
286 1798 330 1823 est
344 1803 451 1823 vocem
466 1794 536 1822 διότι
550 1796 681 1832 positam
697 1796 789 1825 fuisse
813 1806 869 1834 pro
893 1800 973 1834 ὅμως,
998 1801 1031 1827 ut

202 1840 248 1872 sit,
266 1843 364 1868 tamen
380 1843 462 1868 terra
476 1843 518 1868 est
528 1841 613 1869 cinis.
630 1842 705 1869 Cum
721 1845 848 1878 scriptor
859 1843 930 1871 talia
944 1851 1030 1880 supe-

199 1884 263 1912 rius
274 1884 311 1912 de
323 1884 478 1920 multiplici
486 1885 602 1920 justitia
612 1885 722 1914 dixisse
733 1894 795 1914 non
809 1887 881 1915 satis
893 1887 1027 1922 haberet,

199 1928 241 1957 ita
252 1929 444 1965 persequitur
465 1929 586 1964 (ibid.):
611 1932 645 1956 Τὸ
665 1933 710 1966 μὲν
735 1931 760 1957 ἓν
780 1931 913 1968 λογίζεται
936 1935 1024 1966 κακον,

199 1975 232 2000 τὰ
247 1972 277 2000 δὲ
297 1973 380 2000 πολλὰ
401 1973 486 2010 ἀγαθὰ
507 1975 536 2000 οὐ
564 1974 696 2010 λογίζεται
721 1979 806 2009 Θεοςς
827 1979 908 2003 Πόσοι
928 1979 1026 2015 μάρτυ-

198 2027 240 2055 ρες
274 2022 376 2055 πρῶτον
405 2018 586 2055 ἀρνησάμενοι,
621 2022 650 2046 τὸ
687 2019 805 2058 δεύτερον
841 2021 1025 2049 ἀνεκαλέσαντο

427 2063 494 2089 Ἀλλ’
526 2063 709 2101 ἀρνησάμενοι,
744 2066 807 2102 οὐχὶ
843 2071 874 2102 τῇ
910 2066 1021 2104 διάνοια,

884 2112 1022 2149 ’Λπαρνού-

197 2071 244 2092 την
280 2062 359 2092 ἧτταν
382 2074 388 2091 :

196 2107 262 2134 ἀλλὰ
289 2112 320 2144 τῇ
348 2107 461 2144 γλώττῃ·
491 2109 518 2134 ἰἰ
553 2109 619 2146 σὰρξ
646 2111 694 2146 γὰρ
723 2109 842 2142 ἀσθενής·

196 2161 270 2188 μενος
305 2154 433 2185 ἐκπίπτει,
481 2153 557 2179 πάλιν
597 2154 727 2190 ὁμολογῶν
767 2155 941 2182 ἀνακαλεῖται*

194 2196 245 2232 γὰρ
270 2198 302 2222 τὰ
325 2198 393 2223 κακά
418 2197 540 2233 φυλάττει
567 2199 580 2224 ὁ
610 2201 684 2232 Θεὸς,
712 2200 745 2226 τὰ
779 2198 808 2226 δὲ
834 2200 900 2227 καλὰ
927 2200 1020 2228 ἀθετεῖα

196 2243 246 2266 Καὶ
275 2240 483 2278 βασανιζόμενος
509 2253 558 2276 τις,
588 2243 711 2275 πολλάκις
739 2243 846 2271 ἐνέδωκε
882 2249 917 2282 μή
956 2247 1023 2282 ἐνεγ-

193 2287 254 2318 κὼν,
285 2285 314 2311 οὐ
339 2288 385 2315 τὴν
412 2288 566 2323 προθυμίαν,
594 2287 659 2314 ἀλλὰ
687 2291 730 2314 τόν
753 2292 839 2315 πόνον·
870 2289 934 2316 ἀλλὰ
959 2301 1021 2317 aut-

193 2330 308 2364 ενεχθεὶς
335 2332 379 2356 καὶ
407 2331 492 2357 ἄνεσιν
529 2331 613 2358 λαϐὼν
650 2331 826 2359 ἀνακαλεῖται·
860 2336 894 2360 To
930 2337 1020 2372 μικρὸν

191 2371 264 2407 ῥῆμα
286 2371 485 2408 φυλαχθήσεται
510 2374 590 2410 «ira,
619 2376 646 2400 αἱ
680 2373 709 2400 δὲ
743 2374 855 2410 βάσανοι
884 2376 929 2401 οὐκ
965 2377 1021 2414 αρι-

193 2417 396 2452 θμησήσονταις
427 2418 502 2445 Ἀλλὰ
531 2421 595 2450 Θεὸς
618 2422 718 2456 κριτὴς,
750 2420 797 2445 οὐκ
832 2420 971 2458 ἀνθρώπων
1004 2425 1018 2453 ἡ

190 2460 283 2498 τόλμα·
311 2462 412 2499 Τολμᾴς
442 2464 586 2500 νομοθετεῖν
615 2468 671 2499 Θεῳ
707 2464 734 2495 ὃς
771 2463 827 2491 οἶδε
864 2469 908 2496 τήν
944 2467 1019 2495 ἀσθέ-

189 2516 267 2542 νειαν,
295 2510 340 2534 καὶ
371 2512 484 2545 χορηγεῖ
507 2512 554 2538 τὴν
579 2508 712 2545 βοήθειαν,
743 2513 787 2535 καὶ
808 2509 887 2537 δώσει
916 2515 963 2542 τὴν
981 2517 1017 2540 νί-

189 2558 255 2584 xm;
277 2553 359 2576 Πόσοι
384 2551 430 2576 οὐκ
459 2550 509 2577 ἀπὸ
535 2550 614 2577 καλον
641 2551 702 2587 βίου
731 2552 914 2589 ἐμαρτύρησαν
930 2564 936 2589 ;
952 2559 1018 2592 Ἀρα

189 2592 297 2623 ἐπειδὴ
318 2594 474 2631 ἑπέστρτῲιν
507 2595 644 2632 ἐπιθυμία,
677 2595 935 2633 ἀποστερηθὴσονται
966 2605 1017 2627 τὼν

240 2682 252 2700 ⁸
270 2683 283 2710 Ι
296 2683 368 2711 Tim.
382 2690 403 2718 ι,
420 2685 462 2714 15.
501 2685 511 2702 θ
533 2684 620 2714 Math.
636 2693 694 2720 xw,
713 2688 743 2714 t6
759 2688 788 2714 ct
800 2687 844 2715 18.

239 2762 278 2799 (a)
297 2763 378 2792 Tom.
394 2765 431 2798 ll,
446 2765 529 2795 hom.
547 2766 589 2799 t9,
602 2773 632 2795 n.
648 2768 674 2795 7.

984 2158 1060 2198 05D

1090 1573 1260 1601 audiendus
1283 1575 1328 1601 est.
1346 1573 1420 1608 ipse,
1436 1573 1488 1608 qui
1503 1581 1572 1600 cum
1586 1572 1787 1608 quadraginta
1803 1574 1916 1608 marty-

1088 1626 1156 1646 rum
1171 1617 1277 1645 laudes
1292 1617 1466 1652 celtlnaret,
1483 1618 1524 1645 ita
1539 1617 1576 1645 de
1587 1617 1697 1645 misero
1713 1617 1848 1653 quodam
1861 1617 1916 1644 mi-

1087 1662 1136 1691 lite
1151 1663 1269 1690 locutus
1279 1665 1323 1690 est
1337 1663 1379 1697 (a)
1391 1671 1396 1688 :
1409 1662 1450 1692 Ὠς
1468 1660 1497 1688 0":
1513 1663 1536 1688 οὶ
1549 1663 1593 1698 μὲν
1605 1662 1768 1697 ἠγωνίζοντο,
1786 1663 1798 1687 ό
1815 1659 1843 1687 0“:
1858 1661 1913 1688 ἐπε-

1086 1708 1158 1743 τήρει
1195 1709 1223 1732 τὸ
1258 1706 1439 1742 ἐκϐησόμενον,
1471 1705 1524 1732 εἶδε
1560 1708 1642 1742 οέαμα
1676 1706 1752 1738 ξένον,
1789 1704 1913 1742 δυνάμεις

1085 1754 1156 1783 τινας
1181 1752 1208 1783 ἐξ
1229 1751 1342 1788 οὐρανῶν
1370 1753 1522 1784 κατιούσας,
1549 1754 1593 1777 καὶ
1609 1749 1661 1777 οἷον
1688 1753 1759 1788 παρά
1782 1750 1912 1787 βασιλέως

1085 1795 1183 1833 δωρεὰς
1221 1796 1333 1833 μεγάλας
1368 1795 1542 1832 διανεμούσας
1575 1800 1629 1827 τοῖς
1660 1799 1843 1834 στρατιώταις·
1883 1797 1911 1822 αῖ

1083 1845 1137 1872 τοῖς
1162 1843 1206 1878 μὲν
1227 1841 1314 1872 ἀλλοις
1333 1845 1399 1868 πᾶσι
1422 1840 1530 1878 ὃιὴρονν
1550 1842 1583 1867 τὰ
1610 1839 1692 1878 δώρκ,
1714 1842 1757 1867 ἕνα
1782 1839 1810 1866 tl":
1832 1843 1909 1876 μόνον

1082 1886 1183 1922 ἀφῆκαν
1221 1886 1372 1923 ἀγέραστον,
1408 1885 1510 1917 ἀνάξιον
1547 1888 1668 1923 κρίνασαι
1705 1890 1755 1911 τῶν
1784 1885 1909 1922 οὐρανίων

1081 1935 1172 1967 τιμῶν·
1206 1931 1233 1962 ὃς
1270 1931 1344 1961 εὐθὺς
1378 1932 1442 1967 πρὸς
1480 1932 1540 1961 τοὺς
1584 1933 1678 1961 πόνους
1714 1930 1908 1967 ἀπαγορεύσας,

1079 1978 1145 2012 πρὸς
1168 1977 1227 2006 τοὺς
1257 1975 1384 2005 ἐναντίους
1414 1974 1639 2011 απηυτομόλησεν-
1673 1975 1793 2001 Ἐλεεινόν
1825 1976 1908 2010 θέαμα

1079 2025 1132 2052 τοῖς
1158 2019 1284 2054 δικαίοις,
1314 2021 1326 2046 ὁ
1361 2024 1524 2056 στρατιώτης
1558 2022 1651 2056 φυγὰς,
1679 2021 1691 2046 ὁ
1718 2020 1838 2057 ἀριστεὺς
1866 2019 1907 2045 αὶ-

1077 2065 1229 2102 χμάλωτος,
1256 2067 1285 2091 τὸ
1311 2068 1426 2102 Χριστον
1445 2064 1574 2100 προϐατον
1604 2064 1772 2102 θηριςίλωτον·
1804 2066 1847 2090 καὶ
1875 2067 1905 2090 το

1076 2120 1104 2146 γε
1129 2110 1303 2146 ἐλεεινότερον,
1331 2110 1371 2135 ὅτι
1397 2112 1440 2135 καὶ
1470 2114 1516 2140 τῆς
1539 2110 1645 2136 αἰωνίου
1671 2112 1738 2141 ζωῆς
1764 2108 1904 2145 διήμαρτε,

1077 2157 1121 2180 καὶ
1152 2153 1212 2180 οὐδὲ
1242 2156 1340 2186 ταύτης
1367 2153 1520 2186 ἀπέλαυσεν,
1546 2155 1620 2186 εὐθὺς
1647 2155 1717 2191 αὐτῳ
1740 2159 1787 2185 τῆς
1808 2163 1903 2190 σαρκος

1077 2199 1102 2224 ἐν
1123 2209 1153 2235 τῃ
1178 2199 1308 2236 προσεολῃ
1337 2203 1383 2230 τῆς
1413 2200 1507 2235 ΰέρμης
1536 2198 1714 2230 διαλυθείσης·
1746 2202 1796 2225 Καὶ
1821 2199 1833 2224 ὁ
1858 2199 1903 2234 μὲν

1077 2243 1202 2280 φιλόζωος
1217 2245 1304 2270 ἔπεσεν
1319 2243 1453 2280 ἀνομήσας
1467 2243 1571 2274 ὃιακενῆ
1578 2256 1598 2278 ς,
1615 2246 1627 2270 ο
1642 2244 1679 2280 δέ,
1691 2247 1746 2272 etc.
1760 2244 1834 2272 Cum
1849 2251 1902 2271 au-

1076 2292 1133 2316 tem
1144 2289 1167 2316 ii
1176 2288 1376 2322 decertarent,
1384 2292 1480 2316 custos
1493 2297 1560 2317 vero
1572 2293 1707 2317 eventum
1719 2289 1900 2320 observaret,

1075 2334 1278 2367 spectaculum
1290 2334 1400 2361 mirum
1412 2334 1495 2367 vidit,
1504 2334 1629 2362 virtutes
1638 2334 1780 2370 quasdam
1792 2341 1807 2361 e
1817 2333 1899 2361 cwlis

1074 2378 1292 2412 descendentes,
1304 2381 1331 2406 et
1341 2379 1420 2406 velut
1431 2387 1449 2406 ιι
1461 2386 1528 2413 rege
1539 2387 1665 2407 munera
1676 2386 1788 2414 magna
1800 2378 1899 2405 ilzstri—

1075 2423 1194 2450 buentes
1202 2430 1213 2450 .'
1223 2430 1290 2458 quce
1302 2423 1371 2450 aliis
1379 2423 1497 2458 quidem
1509 2424 1645 2451 omnibus
1653 2423 1732 2451 dona
1745 2423 1900 2457 dispertie-

1074 2467 1214 2500 bant,scd
1222 2469 1320 2495 tamen
1330 2469 1616 2503 unumreliquerunt
1626 2476 1685 2496 non
1693 2468 1845 2502 donatum,
1855 2469 1899 2495 in-

1072 2513 1196 2547 dignum
1208 2513 1455 2547 eumjutiicantes
1467 2513 1629 2541 honoribus
1641 2513 1806 2541 caelestibus
1818 2522 1823 2540 :
1845 2514 1899 2548 qui

1071 2558 1171 2586 statim
1179 2557 1214 2584 ob
1220 2557 1350 2585 dolorem
1358 2557 1471 2593 cedens,
1477 2558 1642 2592 transfugit
1649 2558 1689 2584 ad
1695 2557 1735 2585 ad
1738 2558 1896 2585 versarios.

1070 2602 1243 2630 Miserabile
1252 2602 1455 2637 spectaculum
1459 2603 1564 2637 justis;
1574 2603 1659 2630 miles
1669 2603 1841 2639 transfuga,
1850 2604 1898 2631 vir
