2020 3140
74 155 102 183 Η
832 154 900 182 ΡΙιᾶ

956 154 1012 182 ΤΙΟ
1738 163 1773 190 42

72 217 284 245 strenuissimus
294 217 593 252 captivus,direptaa
603 218 674 252 lupo
685 216 748 245 ovis
758 216 888 245 Christi:
905 217 929 244 Δ
949 215 1015 243 ullo
1032 217 1230 245 tentationum
1245 218 1356 253 impetu
1376 220 1536 248 vulnerari
1547 224 1715 255 poterat....
1735 224 1774 251 Et

73 265 152 298 atque
166 262 250 289 illud
262 262 475 297 miserabilius,
496 262 577 297 quod
590 265 617 290 et
637 264 781 291 aeternam
798 261 892 289 vitam

73 307 175 339 amisit.
187 310 214 335 et
224 315 262 335 ne
269 308 326 336 hac
336 308 454 343 quidem
461 308 578 342 fruitus
589 310 641 341 est,
652 315 743 335 carne
749 307 841 341 ipsius
853 305 894 334 ad

74 352 174 380 caloris
179 359 333 380 accessum
340 353 440 380 statim
448 352 639 380 exsoluta.E't
646 352 694 380 hic
699 351 818 388 quidem
825 351 895 379 vitii

74 405 180 431 amans,
189 398 313 432 frustra
323 397 451 425 admisso
462 398 572 426 scelere
580 397 686 425 cecidit
693 405 705 425 .'
713 397 802 426 lictor
813 404 893 430 vero,

73 444 121 469 etc.
137 441 211 469 Ecce
223 449 303 469 unus
313 441 410 476 miles,
423 441 581 478 multiplici
592 441 709 477 justitia
718 441 807 478 quasi
822 448 896 469 onu-

74 488 143 519 stus,
154 485 207 521 qui
217 485 270 513 diu
281 486 446 522 pertulerat
454 486 516 514 vim
527 488 758 520 tormentorum,
768 485 820 521 qui
833 487 898 513 tan-

73 532 131 558 tum
146 538 206 558 non
223 530 261 558 ad
279 533 408 558 mortem
423 538 524 566 usque
537 530 694 564 restiterat,
709 529 762 566 qui
776 531 897 557 tantum

74 582 129 602 non
143 575 241 603 fuerat
253 577 426 609 coronatus,
443 574 536 604 semel
551 575 683 610 negavit,
698 577 727 603 et
739 574 771 603 in
785 574 897 610 sempi-

74 623 185 648 ternum
197 623 317 656 tempus
328 620 423 656 periit.
432 622 495 648 Non
505 622 721 656 comparantur
732 628 800 648 cum
811 619 898 647 malis

73 665 157 698 bona,
171 672 271 701 neque
288 667 507 693 numerantur:
522 667 552 693 at
560 665 638 693 Deus
648 665 730 700 justo
746 667 774 692 et
787 672 899 693 arcano

72 709 180 745 judicio
195 709 291 737 semel
307 710 427 746 lapsum
447 709 573 738 militem
592 710 691 746 pcenis
708 709 826 737 internis
846 709 899 737 ad-

75 754 150 782 dixit.
168 754 329 787 Quomodo
344 762 416 789 ergo
433 754 569 790 Basilius,
586 763 604 783 a
618 763 680 791 quo
692 755 783 790 hujus
797 754 900 782 militis

75 799 227 827 historiam
257 799 442 833 audivimus,
471 799 572 827 dicere
600 800 749 836 potuisset
772 807 841 835 quae
869 799 901 827 in

75 846 263 872 controversa
282 844 340 872 hac
363 844 499 872 oratione
518 844 661 879 leguntur
679 853 685 872 :
704 845 901 878 Quantumvis

947 262 1329 295 verospiritualibusoculis
1335 264 1614 293 circumcurrentem
1621 267 1777 296 diabolum

947 313 1016 333 cum
1038 310 1183 340 cerneret,
1201 309 1401 336 concitantem
1422 310 1516 337 alium
1540 310 1580 338 ad
1601 311 1776 347 lugendum,

948 350 1144 385 adjuvantem
1159 353 1253 380 alium
1265 353 1306 380 ad
1317 354 1573 389 persuadendum,
1585 356 1778 389 plorantibus

949 395 1068 431 quidem
1085 397 1164 424 illud
1177 398 1299 425 Domini
1312 398 1433 426 verbum
1450 399 1544 427 dixit:
1562 410 1576 424 ‹‹
1593 401 1694 429 Nolite
1707 402 1780 437 ﬂere

949 448 1040 474 super
1048 449 1093 468 me
1106 442 1139 474 ὀ,
1153 452 1167 466 n
1178 442 1230 469 sed
1241 443 1310 476 ﬂete
1321 450 1412 477 super
1424 443 1519 471 hostes
1529 444 1594 479 Dei,
1608 446 1661 480 qui
1674 446 1705 473 in
1718 447 1779 481 pie-

951 485 1021 513 tatis
1034 486 1164 513 cultores
1181 487 1256 514 talia
1269 487 1393 521 audent,
1409 488 1519 524 quique
1532 497 1587 523 per
1603 490 1682 518 hanc
1693 491 1781 525 ﬂam-

951 537 1029 557 mam
1041 537 1130 565 quam
1143 531 1183 558 ad
1194 538 1247 558 nos
1259 531 1472 560 comburendos
1485 533 1665 567 accendunt,
1676 535 1784 569 gehen-

951 582 999 602 πίε
1010 575 1109 609 ignem
1126 575 1242 603 sibimet
1252 579 1412 610 parant....
1428 577 1506 605 Aliis
1521 585 1601 609 vero,
1617 580 1714 614 quiut
1727 581 1783 608 lin-

952 627 1013 653 gua
1028 622 1152 654 negaret
1163 620 1342 652 suadebant,
1353 622 1520 656 respondit,
1536 623 1672 658 linguam
1684 632 1751 659 qua:
1765 632 1785 652 a

955 663 1075 692 Christo
1084 667 1187 692 creata
1195 667 1271 697 erat,
1279 666 1444 701 quidquam
1455 667 1487 694 in
1500 666 1690 696 Conditorem
1704 669 1787 704 loqui

954 716 1014 736 non
1025 715 1120 742 posse.
1135 720 1149 733 «
1162 709 1259 737 Corde
1266 710 1344 737 enim
1357 711 1506 738 credimus
1516 711 1557 739 ad
1559 713 1724 748 justitiam,
1735 721 1786 741 ore

956 761 1025 781 vero
1036 754 1214 787 conﬁtemur
1224 754 1265 782 ad
1276 755 1404 782 salutem
1421 756 1494 789 “...,
1508 766 1521 780 ιι
1535 757 1682 791 quomodo
1695 758 1788 792 igitur

955 798 1070 833 negabo
1081 799 1174 826 Deum
1184 806 1282 827 meum
1293 807 1379 834 quem
1392 807 1410 827 a
1420 808 1513 834 puero
1524 801 1672 829 adoravi?
1681 803 1789 831 Nonne

958 843 1108 871 horrescet
1131 844 1237 871 cwlum
1256 845 1380 878 desuper
1396 847 1410 871 ?
1429 853 1530 874 nonne
1543 846 1789 875 obscurabuntur

74 896 141 916 sane
155 889 247 917 cadat
258 889 362 924 fortis,
374 890 432 917 cito
447 891 590 924 resurgit,
602 898 672 917 cum
682 889 746 926 ipse
760 890 816 917 hoc
828 889 900 917 mili-
918 893 938 920 Β
957 895 1022 916 mea
1036 895 1128 916 causa
1143 888 1348 916 sidera?num
1363 890 1453 917 tellus
1467 898 1512 918 me
1530 891 1593 918 ullo
1604 892 1691 920 modo
1699 893 1788 920 susti-

74 933 108 961 tis
114 933 254 969 exemplo
261 933 396 961 docuerit
404 934 500 962 virum
506 935 746 962 strenuissimum
754 935 900 966 cecidisse,

75 986 126 1006 nec
137 980 239 1005 tamen
251 986 388 1014 unquam
396 979 596 1006 resurrexisse
605 979 618 1006 ‘I
629 978 788 1011 Quomodo
797 987 903 1007 rursus

75 1022 114 1049 ita
122 1021 204 1057 loqui
219 1022 383 1058 potuisset:
398 1023 477 1056 Quid
491 1024 570 1050 enim
584 1024 638 1058 vis,
652 1031 785 1051 unumne
799 1030 904 1058 pecca—

76 1069 133 1094 tum
148 1067 300 1101 imputari
308 1068 433 1100 sanetis,
446 1074 486 1095 an
495 1068 646 1102 justitiam
661 1068 810 1096 multam?
820 1069 903 1096 Fecit

73 1114 236 1145 peccatum,
249 1113 281 1139 at
294 1111 367 1145 fecit
382 1112 472 1139 etiam
487 1112 621 1146 justitias
632 1113 756 1140 multas.
769 1113 847 1146 Quid
849 1114 902 1147 ju-

73 1159 149 1183 stum
158 1158 203 1184 est
211 1157 418 1190 apudjustum
429 1157 533 1191 Deum,
539 1165 748 1191 paucorumne
756 1158 903 1186 meminis-

73 1209 112 1231 se.
132 1208 172 1228 an
192 1201 359 1229 multorum
377 1201 605 1229 oblivisci
626 1202 662 1230 Si
672 1205 797 1236 peccata
808 1203 904 1237 plura

73 1249 152 1279 sunt,
173 1246 212 1273 sit
227 1248 369 1279 peccat-Ir
385 1254 391 1272 :
409 1247 456 1273 sin
467 1247 597 1281 justitia:
611 1247 726 1281 plures,
740 1248 779 1275 sit
788 1248 903 1282 justus,

75 1298 142 1318 cum
155 1290 223 1326 ipse
238 1292 341 1317 narret
355 1290 531 1325 militijusto
547 1291 613 1322 (nisi
628 1291 708 1319 enim
725 1291 904 1327 fuissetjus-

74 1337 130 1367 tus,
143 1335 209 1370 ejus
225 1335 499 1370 exemplumjustis
510 1343 570 1363 non
586 1335 690 1363 fuisset
701 1336 903 1372 propositum)

71 1379 254 1415 imputatum
276 1387 341 1407 esse
361 1388 457 1407 unum
479 1383 652 1415 peccatum,
673 1389 736 1408 non
754 1381 901 1416 justitiam

73 1423 199 1451 multam
211 1424 225 1451 ἰ)
239 1425 353 1451 Rursus
364 1424 519 1460 quomodo
535 1425 575 1452 ita
591 1425 722 1452 scribere
736 1425 901 1461 potuisset:

73 1468 109 1495 Et
120 1476 187 1496 cum
202 1469 271 1504 quis
287 1471 488 1504 torqueretur,
503 1476 709 1504 swpenumero
721 1471 817 1504 cessit,
834 1478 902 1499 cum

69 1513 151 1547 ferre
159 1521 219 1540 non
228 1516 340 1548 posset,
352 1521 411 1540 non
420 1517 607 1542 commutans
616 1515 784 1542 voluntatis
790 1523 902 1550 propo-

958 932 1060 960 nebit?
1072 933 1197 960 «Nolite
1212 941 1326 967 errare,
1343 933 1423 961 Deus
1437 942 1497 962 non
1507 935 1657 963 irridetur
1668 937 1701 963 η.
1714 948 1727 961 ››
1738 938 1789 965 Ea:

958 984 1008 1005 ore
1026 979 1128 1005 nostro
1144 985 1197 1005 nos
1208 978 1343 1012 judicat.
1360 985 1397 1006 ex
1412 979 1510 1007 verbis
1517 980 1678 1015 justiﬁcat,
1695 989 1790 1017 exque

958 1021 1055 1049 verbis
1066 1022 1257 1050 condemnat.
1270 1023 1380 1051 Annon
1393 1024 1506 1058 legistis
1516 1026 1700 1053 tremendam
1710 1026 1790 1054 hanc

958 1066 1080 1093 Domini
1088 1067 1347 1095 comminationem
1356 1067 1369 1094 ‘1
1378 1079 1391 1092 «
1401 1067 1460 1101 Qui
1466 1070 1620 1103 negaverit
1632 1077 1677 1098 me
1688 1077 1789 1098 coram

960 1110 1140 1144 hominibus,
1156 1111 1271 1146 negabo
1287 1115 1314 1140 et
1330 1119 1383 1147 ego
1399 1120 1465 1140 eum
1485 1121 1586 1142 coram
1603 1115 1698 1142 Patre
1713 1123 1789 1152 meo,

958 1155 1011 1190 qui
1024 1155 1055 1182 in
1076 1156 1156 1183 czelis
1172 1159 1213 1183 est
1223 1156 1255 1183 ".
1269 1167 1283 1181 υ
1301 1156 1362 1184 Cur
1376 1160 1474 1184 autem
1492 1158 1555 1185 haec
1570 1159 1708 1187 simulem
1723 1167 1792 1187 sua-

958 1199 1032 1227 detis
1044 1200 1057 1227 7
1071 1205 1102 1226 ut
1114 1200 1191 1228 mihi
1199 1201 1355 1235 quidpiam
1365 1209 1403 1229 ex
1411 1201 1469 1229 tali
1478 1205 1546 1229 arte
1555 1206 1746 1237 comparem?
1757 1207 1791 1231 ut

956 1251 1070 1278 paucos
1079 1244 1140 1272 dies
1150 1245 1344 1278 lucri/actam
1353 1245 1366 1272 ?
1373 1247 1564 1280 atjacturam
1571 1247 1688 1281 faciam
1700 1249 1791 1276 totius

959 1289 1137 1317 alernitatis
1149 1297 1155 1315 :
1168 1292 1200 1316 ut
1211 1289 1354 1324 e/fugiam
1363 1291 1464 1318 carnis
1473 1291 1610 1319 dolores?
1618 1293 1670 1319 sed
1680 1300 1792 1328 nequa-

959 1341 1048 1369 quam
1060 1334 1163 1362 videbo
1178 1333 1255 1362 bona
1264 1335 1430 1368 justorum.
1441 1336 1546 1363 Perire
1559 1337 1696 1370 solerter,
1709 1340 1735 1365 et
1747 1345 1791 1365 as—

959 1381 1022 1406 tute
1040 1386 1075 1406 ac
1086 1378 1186 1406 dolose
1201 1382 1347 1407 aeternum
1360 1380 1418 1407 sibi
1433 1381 1612 1415 supplicium
1628 1389 1790 1415 accersere,

957 1423 1120 1457 manifesta
1128 1423 1223 1457 fuerit
1236 1423 1397 1452 dementia.
1410 1426 1486 1457 Haec,
1500 1428 1527 1452 et
1539 1426 1562 1452 si
1572 1425 1718 1460 longiora.
1730 1426 1788 1454 hoc

957 1467 1024 1495 loco
1038 1468 1148 1495 referre
1160 1467 1256 1501 libuit,
1270 1471 1300 1496 ut
1317 1469 1472 1505 utriusque
1485 1469 1632 1505 doctrina,
1650 1471 1748 1499 Basilii
1759 1473 1788 1499 et

957 1512 1098 1546 auctoris,
1105 1512 1198 1540 altera
1207 1520 1275 1540 cum
1283 1512 1377 1541 altera
1384 1514 1574 1542 commodius
1582 1518 1785 1550 comparetur,

68 1558 169 1591 situm,
185 1558 238 1585 sed
249 1558 355 1586 dolore
364 1559 568 1594 victus,quasi
577 1567 625 1586 res
640 1559 724 1587 nihili
739 1559 786 1593 sit,
797 1559 822 1587 si
833 1559 902 1596 quis
916 1566 937 1594 c
958 1559 1049 1592 utque
1070 1565 1106 1584 ex
1126 1557 1344 1585 sententiarum
1360 1558 1534 1586 diversitate
1554 1559 1643 1594 plane
1668 1563 1786 1588 constet

68 1601 107 1629 ob
123 1601 261 1630 dolorem
277 1602 370 1630 ﬁdem
381 1605 480 1637 neget,
497 1611 568 1630 cum
581 1603 647 1639 ipse
660 1604 813 1632 tradiderit
827 1603 902 1632 mili-

68 1649 139 1679 tem,
155 1646 208 1682 qui
222 1646 328 1674 dolore
343 1647 439 1674 victus
450 1650 592 1682 cesserat,
604 1650 705 1676 tamen
715 1649 809 1676 vitam
820 1650 902 1677 icter-

66 1699 139 1719 nam
160 1691 313 1719 amisisse.
335 1691 393 1719 Sed
407 1691 447 1719 ad
468 1691 582 1725 locum,
603 1700 695 1728 quem
713 1692 819 1721 ultimo
834 1692 901 1721 loco

67 1736 298 1772 proposuimus,
318 1736 491 1764 redeamus.
508 1738 550 1764 Ita
565 1737 656 1772 igitur
675 1740 781 1766 auctor
796 1738 900 1774 loque-

66 1781 175 1808 batur:
191 1783 272 1807 Πόσοι
287 1782 417 1818 μάρτυρες
427 1785 529 1818 πρῶτον
542 1781 727 1819 ἀρνησάμενοι,
740 1784 768 1808 τὸ
781 1781 901 1820 δεύτερον

68 1824 255 1851 ἀνεκαλέσαντο
279 1828 326 1854 τὴν
350 1824 452 1860 irruit;
479 1825 547 1852 Ἀλλ’
567 1825 751 1863 ἀρνησάμενοι,
777 1827 841 1862 οὐχὶ
868 1832 899 1863 τῇ

70 1867 187 1905 ὅιανῡίᾳ,
203 1869 268 1896 ἀ).λά
284 1874 315 1906 τῇ
329 1869 442 1906 γλώττῃ.
458 1871 533 1904 Quot
544 1874 697 1906 martyres
707 1872 760 1906 qui
768 1872 900 1905 primum

66 1918 233 1950 negarant,
251 1923 359 1943 rursus
374 1915 583 1950 redintegrata
602 1923 708 1950 pugna
723 1915 840 1944 cladem
857 1924 900 1944 re-

66 1962 229 1988 sarserunt
243 1961 255 1986 γ
270 1960 331 1987 Sed
343 1962 494 1994 negarant
508 1968 568 1987 non
584 1960 696 1995 animo,
713 1961 766 1988 sed
783 1961 901 1996 lingua,

65 2004 161 2036 Quasi
175 2011 247 2031 vero
264 2011 375 2039 parum
391 2005 468 2031 esset
479 2003 584 2038 lingua
598 2011 720 2038 negare,
735 2005 826 2032 modo
839 2013 901 2032 non

63 2051 230 2082 negaretur
246 2048 362 2076 animo.
384 2049 484 2083 Longe
499 2048 559 2076 alia
579 2050 623 2075 est
637 2048 776 2077 doctrina
792 2049 899 2084 Basilii,

62 2093 155 2128 cujus
178 2093 246 2120 haec
263 2094 333 2120 sunt
351 2093 381 2120 in
399 2101 435 2121 ea
456 2101 550 2128 quam
570 2093 608 2120 de
633 2096 765 2129 martyre
791 2094 901 2122 Gordio

61 2137 172 2165 habuit
188 2137 325 2165 oratione
338 2138 377 2170 (a)
389 2138 457 2165 Jam
469 2137 565 2172 igitur
575 2137 695 2165 beatum
707 2137 788 2165 hunc
803 2139 898 2165 virum

62 2182 157 2210 morti
171 2181 213 2210 ad
228 2181 321 2210 vitam
334 2184 547 2216 properantem
563 2181 794 2210 circumstantes
809 2183 901 2210 amici

62 2235 132 2255 cum
141 2226 304 2262 gemitibus
314 2226 585 2260 amplectebantur,
596 2234 631 2254 ac
641 2229 804 2254 extremam
817 2228 899 2255 salu—
915 2242 936 2268 ο

63 2274 124 2299 tem
145 2271 300 2305 dicebant,
316 2274 406 2306 atque
424 2272 525 2306 effusis
538 2272 725 2306 ferventibus
743 2272 898 2307 lacrymis,

63 2316 278 2350 precabantur
287 2323 325 2343 ne
338 2320 426 2344 semet
439 2315 573 2344 traderet
582 2317 656 2351 igni,
669 2324 706 2344 ne
713 2324 799 2344 suam
812 2316 898 2344 absu-

64 2363 162 2389 meret
173 2362 377 2395 juventutem,
391 2368 429 2388 ne
438 2361 612 2395 jucundum
625 2361 704 2388 hunc
718 2361 807 2389 solem
819 2361 901 2389 dere-

67 2406 228 2441 linqueret.
245 2405 311 2433 Alii
325 2405 458 2433 consiliis
474 2405 514 2433 ad
525 2405 772 2440 persuadendum
787 2405 900 2433 idoneis

67 2457 135 2478 eum
158 2450 294 2484 decipere
316 2449 515 2477 nitebantur:
539 2450 624 2484 Nega
649 2450 737 2477 verbo
756 2450 843 2477 solo:
869 2450 901 2477 in

66 2495 172 2522 animo
181 2502 262 2528 vero,
272 2497 305 2520 ut
315 2494 405 2527 voles,
415 2501 501 2521 serva
508 2493 609 2527 ﬁdem.
621 2494 725 2530 Utique
734 2502 795 2521 non
807 2497 902 2522 atten-

66 2539 114 2566 dit
131 2539 212 2567 Deus
228 2538 378 2573 tinguam,
392 2538 443 2566 sed
456 2539 603 2573 loquentis
619 2539 812 2566 mentem.Ita
823 2539 902 2566 enim

66 2584 126 2611 tibi
141 2583 243 2611 licebit
257 2583 425 2617 etjudicem
435 2583 584 2617 mitigare,
598 2585 625 2610 et
636 2583 729 2610 Deum
736 2584 902 2618 propitium

65 2628 209 2657 reddere.
221 2628 263 2656 At
280 2627 332 2655 ille
345 2627 519 2662 inﬂexibilis
534 2630 599 2656 erat
614 2630 640 2655 et
655 2627 828 2663 indomitus,
849 2636 902 2656 nec

105 2691 129 2710 ¹⁰
151 2691 225 2719 Luc.
244 2697 328 2724 xxm,
348 2691 392 2717 28.
431 2690 453 2707 “
469 2690 554 2718 Rom.
569 2697 600 2725 x,
618 2691 659 2717 to.

103 2753 147 2790 (a)
166 2753 255 2782 Hom.
274 2753 318 2787 18,
334 2759 366 2780 n.
383 2753 398 2779 6
413 2752 442 2779 et
454 2754 481 2780 7.

179 2817 305 2845 PATROL.
322 2815 373 2844 Gn.
393 2814 481 2843 XXXI.

702 2690 723 2708 ¹²
744 2690 839 2719 Galat.
858 2698 899 2725 v1,
916 2693 943 2718 7.

956 1601 1035 1629 hanc
1050 1601 1087 1629 de
1109 1610 1170 1637 qua
1186 1602 1392 1630 controversia
1413 1606 1467 1636 est,
1490 1603 1657 1631 orationem
1679 1604 1785 1632 Basilio

957 1645 1048 1673 tribui
1063 1646 1168 1674 merito
1188 1654 1250 1673 non
1274 1654 1373 1682 posse.
1397 1647 1430 1673 Et
1444 1655 1514 1674 vero
1531 1647 1666 1681 Basilius,
1681 1649 1734 1684 qui
1748 1657 1785 1676 ea

955 1698 1024 1726 quae
1030 1690 1181 1718 edidimus
1187 1690 1273 1718 dicen
1280 1693 1336 1718 tem
1344 1691 1487 1719 Gordium
1494 1692 1619 1727 induxit,
1629 1693 1783 1729 quomodo

956 1735 998 1762 ita
1018 1735 1099 1771 loqui
1118 1736 1264 1771 potuisset
1279 1744 1286 1762 :
1304 1735 1380 1768 Quot
1398 1740 1558 1771 martyres,
1580 1738 1633 1772 qui
1648 1739 1782 1772 primum

955 1783 1116 1814 negarant,
1138 1787 1239 1806 rursus
1258 1779 1466 1814 redintegrata
1485 1788 1587 1815 pugna
1602 1781 1717 1809 cladem
1737 1789 1782 1809 re-

955 1831 1071 1852 sarsere
1085 1825 1097 1850 .9
1111 1827 1261 1859 negarant
1276 1826 1374 1851 autem
1391 1832 1451 1851 non
1471 1825 1581 1859 animo,
1596 1826 1647 1853 sed
1661 1820 1778 1860 lingua,

956 1872 1102 1905 tanquam
1120 1869 1144 1895 si
1157 1876 1202 1896 res
1212 1868 1285 1895 levis
1298 1868 1337 1896 sit
1347 1867 1450 1904 lingua
1459 1876 1579 1903 negare.
1597 1871 1738 1898 Praeterea
1748 1871 1781 1898 li-

955 1915 1061 1943 benter
1072 1921 1238 1949 quaererem
1250 1913 1288 1940 ab
1300 1916 1432 1947 auctore,
1445 1913 1467 1941 si
1478 1914 1597 1948 viveret,
1613 1918 1686 1950 quot
1697 1918 1778 1949 sunt,

956 1959 1007 1995 qui
1017 1967 1086 1986 cum
1095 1957 1187 1985 semel
1194 1960 1366 1992 negassent,
1374 1966 1531 1993 nunquam
1540 1959 1782 1994 redintegrarunt

956 2011 1102 2040 pugnam,
1118 2010 1172 2029 nec
1190 2010 1325 2037 unquam
1342 2001 1459 2030 cladem
1476 2005 1672 2032 resarserunt.
1687 2005 1781 2032 Velim

956 2051 1057 2076 autem
1074 2046 1147 2074 illud
1163 2049 1283 2074 notetur
1296 2046 1439 2081 maxime,
1455 2047 1557 2074 militis
1573 2048 1748 2084 exemplum
1763 2057 1780 2077 a

957 2092 1065 2120 Basilio
1081 2091 1211 2127 proponi
1231 2098 1292 2118 non
1306 2091 1528 2127 peccatoribus,
1542 2092 1595 2119 sed
1608 2092 1696 2127 justis
1710 2094 1782 2128 (spe-

956 2137 1118 2170 t‘taculum,
1130 2136 1238 2171 inquit,
1246 2135 1337 2170 justis
1348 2135 1529 2171 miserabile)
1543 2144 1550 2162 :
1561 2136 1602 2163 sic
1612 2138 1643 2163 ut
1653 2137 1744 2164 simul
1753 2141 1782 2166 et

956 2181 1156 2218 perniciosam
1166 2179 1247 2207 illam
1255 2179 1384 2207 auctoris
1390 2179 1427 2207 de
1436 2180 1712 2216 mulliplicijustitia
1719 2190 1784 2209 sen-

956 2226 1079 2254 tentiam
1095 2224 1232 2252 funditus
1249 2226 1372 2258 evertat,
1391 2227 1419 2252 et
1433 2224 1533 2260 justos
1548 2228 1671 2254 moneat
1686 2229 1718 2254 ut
1733 2235 1782 2255 ca-

955 2273 1046 2299 veant
1057 2269 1125 2304 sibi,
1137 2277 1174 2297 ne
1186 2269 1258 2296 forte
1268 2270 1295 2296 et
1306 2268 1362 2305 ipsi
1372 2264 1547 2297 ob‘unicnm
1559 2270 1657 2298 scelus
1671 2274 1783 2300 aeterno

955 2315 1018 2351 igni
1026 2314 1193 2342 tradantur.
1205 2313 1271 2348 Sed,
1285 2313 1390 2348 utjam
1401 2313 1473 2347 dixi,
1486 2314 1509 2341 si
1518 2314 1591 2342 nihil
1600 2315 1681 2343 aliud
1691 2316 1784 2352 impe-

955 2357 1199 2395 diretquominus
1205 2357 1300 2385 oratio
1307 2357 1370 2385 haec
1378 2357 1484 2386 Basilio
1491 2358 1784 2396 tribueretur,ipsum

956 2407 1033 2433 certe
1043 2402 1163 2431 dicendi
1176 2410 1270 2437 genus
1282 2410 1335 2437 per
1349 2411 1380 2430 se
1392 2405 1462 2430 satis
1474 2406 1571 2431 esset:
1585 2404 1668 2440 quod
1678 2413 1784 2432 rursus

956 2459 992 2477 ex
1003 2449 1107 2476 ultimo
1117 2447 1185 2475 loco
1197 2446 1371 2474 conﬁrmari
1382 2449 1490 2482 potest.
1501 2450 1543 2476 Ita
1556 2448 1637 2476 enim
1648 2449 1784 2477 locutum

956 2497 1111 2523 auctorem
1120 2491 1264 2525 vidimus,
1275 2493 1320 2517 καὶ
1332 2491 1537 2528 βασανιζόμενός
1548 2502 1588 2524 τις
1598 2493 1722 2524 πολλάκις
1733 2493 1783 2519 ἐνέ-

958 2538 1025 2565 ὃωκε
1040 2539 1074 2574 μὴ
1097 2537 1214 2572 ἐνεγκὼν,
1235 2534 1264 2561 οὗ
1280 2538 1326 2564 τὴν
1341 2537 1497 2572 προθυμίαν,
1517 2536 1582 2562 ἀλλὰ
1596 2538 1639 2563 τόν
1654 2540 1741 2573 πόνον,
1756 2541 1785 2566 et

957 2591 1024 2612 cum
1049 2582 1115 2618 quis
1140 2582 1341 2615 torqueretur,
1369 2587 1572 2615 swpenumero
1594 2582 1691 2614 cessit,
1717 2590 1784 2610 cum

955 2628 1040 2663 ferre
1054 2633 1114 2654 non
1126 2627 1237 2660 passet,
1261 2631 1322 2652 non
1340 2627 1524 2655 commutans
1540 2626 1706 2656 voluntatis
1717 2633 1786 2661 pro-

983 2690 1006 2707 ¹³
1023 2687 1122 2717 Matth.
1136 2695 1167 2720 x,
1183 2688 1230 2714 33.
