2020 3140
244 152 277 178 43

240 214 383 250 positum,
396 216 447 243 sed
461 215 563 244 labore
576 217 686 245 victus:
704 217 756 246 ubi
770 217 856 254 illud,
868 218 896 244 οὐ
908 220 952 248 τὴν
967 220 1066 255 προθυ-

243 261 316 295 μίαν,
333 259 397 286 ἀλλὰ
415 262 458 286 τὸν
479 264 565 294 πόνον,
587 270 639 298 per
654 262 783 298 ellipsim
805 263 930 299 dictum,
948 264 1067 292 violenti

242 304 355 341 aliquid
381 307 408 332 et
429 305 562 334 inusitati
586 314 647 342 pra
666 315 696 335 se
716 307 782 336 fert.
800 308 923 336 Basilius
946 317 1015 336 cum
1030 309 1067 335 de

243 350 352 378 misero
371 350 422 377 illo
445 350 536 378 milite
564 350 747 387 loqueretur,
769 353 810 381 ita
832 353 969 389 superius
995 352 1067 380 scri-

242 398 354 432 pserat,
370 397 433 432 πρὸς
447 397 506 427 τοὺς
519 398 611 428 πόνους
630 396 820 435 ἀπαγορεύσας,
837 399 897 426 non
913 406 967 434 per
986 398 1069 434 ellip-

242 440 310 473 είω,
331 442 390 471 τοὺς
405 443 508 472 πόνους.
523 442 588 469 Mox
603 442 738 478 sequitur
752 452 757 470 :
775 445 803 468 Εἰ
821 441 850 468 δὲ
865 441 969 473 θύὃενὸς
985 443 1068 479 ἀμαρ-

241 487 367 516 τὴσαντος
381 487 396 514 ἡ
413 487 514 522 ἄφεσις,
531 488 545 516 ἡ
563 485 676 523 διαφηρά
727 487 752 512 ἐν
764 492 794 523 τῇ
807 487 935 523 πθικι).ίᾳ’
950 488 1030 523 quod
1043 489 1069 516 Si

240 537 305 558 nem
310 531 354 558 im'
361 531 414 567 qui
414 535 575 566 peccasset,
587 532 714 560 daretur
723 541 772 560 ven
777 534 815 564 ia,
825 533 984 561 discrimen
994 536 1067 561 esset

240 575 273 606 in
285 577 450 606 varietate:
467 577 551 612 quod
566 578 593 604 et
607 577 859 605 obscurissimum
875 579 903 604 et
919 577 1067 613 ineptissi-

239 630 326 652 mum
341 630 406 650 esse
422 630 511 650 nemo
525 629 586 650 non
601 621 691 650 videt.
709 622 775 650 Seio
789 622 913 659 quidem
931 622 1068 649 doctissi-

239 676 325 696 mum
331 667 430 695 virum
436 667 651 695 Combeﬂsinm
658 669 690 695 ut
697 667 772 695 alios
780 667 931 703 quosdam
939 667 979 694 ita
986 667 1067 694 hunc

238 712 377 740 ultimum
386 711 488 740 locum
497 711 659 740 emendare
668 711 813 739 voluisse:
823 712 876 739 sed
886 720 955 739 cum
965 711 992 738 id
1005 719 1066 739 non

236 757 338 786 fecerit
346 765 382 785 ex
389 758 523 784 veterum
534 756 680 784 librorum
691 757 876 790 auctoritate,
888 757 941 784 sed
951 756 988 784 dc
998 764 1065 791 suo,

235 802 484 830 emendationum
495 801 572 830 illius
581 809 641 829 non
652 801 796 830 habenda
808 803 853 829 est
860 801 947 833 ratio,
957 801 1067 836 magis-

234 855 295 884 que
302 847 410 875 vellem
420 847 518 874 fassus
529 847 643 881 fuisset,
653 846 682 873 id
692 846 775 882 quod
787 854 834 874 res
844 848 898 880 est,
910 846 988 874 lianc
1000 853 1066 873 ora-

232 892 347 920 tionem
354 892 460 928 optimi
468 891 620 927 scriptoris
630 891 728 918 Basilii
734 899 796 918 non
807 899 884 919 esse.
892 892 973 919 Tunc
983 890 1063 918 enim
1079 903 1099 930 Β

233 937 271 965 de
277 945 312 965 ea
318 935 511 964 emendanda
517 943 578 963 non
586 935 971 971 tantoperelaborassetnec
979 935 1002 963 ei
1011 935 1063 962 mi-

231 989 300 1009 rum
308 980 414 1009 fuisset
424 980 540 1008 malum
547 982 703 1008 auctorem
712 980 791 1008 male
801 979 884 1008 mala
895 980 1060 1016 scripsisse.

231 1037 246 1069 §
262 1035 319 1063 Vit.
337 1036 379 1063 De
394 1034 516 1062 humilia
537 1034 681 1062 adversus
701 1042 747 1062 eos
762 1035 814 1070 qui
831 1034 1062 1062 calumniantur

409 1087 474 1112 nos,
488 1079 568 1114 quod
581 1082 639 1106 tres
654 1079 724 1106 deos
738 1080 883 1107 colamus.

265 1135 309 1161 20.
326 1133 408 1161 Hanc
417 1132 583 1161 orationem
595 1139 684 1160 nemo
695 1132 852 1164 hactenus,
864 1131 947 1168 quod
955 1131 1060 1166 sciam,

229 1178 261 1206 in
280 1177 390 1214 spuriis
399 1177 516 1213 posuit.
533 1176 738 1206 Tillemontius
754 1177 805 1212 (a),
830 1176 881 1204 ubi
897 1176 972 1204 alias
994 1184 1060 1204 ora-

229 1222 326 1251 tiones
339 1224 483 1257 recenset,
501 1221 537 1249 de
553 1221 650 1258 iisque
663 1221 813 1256 judicium
827 1221 952 1257 profert,
968 1221 1059 1256 hujus

230 1267 280 1295 vix
292 1267 438 1299 meminit,
454 1266 509 1294 sed
522 1267 562 1294 sic
574 1268 685 1299 tamen,
703 1269 735 1294 ut
746 1266 804 1294 alio
816 1265 882 1294 loco
893 1266 994 1302 ipsam
1007 1267 1060 1293 Ba.-

230 1312 296 1340 silio
304 1314 405 1348 aperte
417 1311 537 1339 tribuat.
550 1313 610 1346 ligo
618 1312 717 1338 autem
729 1311 770 1339 ob
783 1312 951 1346 argumenti
963 1312 1060 1346 gravi-

229 1359 324 1385 tatem
339 1356 485 1393 optabam
504 1356 641 1392 phrasim
658 1359 748 1392 atque
767 1356 930 1384 sententias
950 1357 1059 1385 Basilio

230 1403 338 1438 Magno
357 1401 466 1437 dignas
486 1401 516 1429 in
533 1401 592 1429 hac
607 1402 741 1429 oratione
756 1401 889 1430 invenire
907 1411 913 1430 :
930 1403 982 1430 sed
998 1411 1060 1439 quo

230 1447 330 1482 magis
342 1455 410 1475 eam
420 1447 490 1482 legi,
502 1454 537 1474 eo
549 1446 646 1481 magis
654 1446 802 1482 mihiipse
813 1447 950 1483 persuasi
960 1448 1059 1484 ipsam

231 1492 391 1527 indignam
411 1500 485 1523 esse,
502 1500 570 1528 quae
591 1494 673 1519 tanto
692 1492 756 1519 viro
769 1491 957 1520 tribueretur.
971 1493 1061 1529 Apud

232 1537 374 1565 Basilium
382 1537 484 1564 omnia
498 1537 625 1572 propriis
635 1536 875 1564 ctaccomodatis
885 1537 963 1565 adid
976 1537 1059 1573 quod

233 1582 331 1617 agitur
340 1581 465 1610 vocibus
475 1581 697 1617 exprimuntur:
710 1583 747 1612 et,
760 1581 811 1609 ubi
822 1589 884 1609 non
895 1585 1058 1618 exspectes,
1075 1580 1094 1607 C

232 1626 347 1663 aliquid
373 1626 552 1663 plerumque
579 1626 741 1653 reconditae
771 1626 949 1654 eruditionis
976 1627 1058 1656 latet.

233 1672 390 1707 Nusquam
406 1670 531 1698 Basilius
549 1670 594 1698 sui
609 1670 764 1698 dissimilis
780 1673 825 1698 est
841 1680 847 1698 ;
871 1671 925 1698 sed
946 1671 1059 1707 ubique

232 1723 265 1744 se
276 1717 398 1752 praestat
407 1723 488 1746 eum.
499 1715 624 1751 quijure
634 1717 787 1743 oratorum
796 1715 929 1751 optimus
937 1715 1058 1744 habitus

232 1760 282 1788 sit.
302 1761 507 1796 Praetereaque
527 1759 607 1787 illius
626 1760 722 1787 oratio
741 1760 783 1787 ita
797 1760 943 1788 naturalis
958 1763 1013 1795 est,
1027 1763 1059 1789 ut

231 1805 304 1833 nihil
327 1806 434 1841 praeter
455 1804 711 1841 exspectationem
733 1805 861 1832 audias:
882 1804 935 1833 sed
955 1806 1059 1834 omnia

229 1853 292 1878 tam
308 1852 377 1886 apte
392 1852 514 1886 tamque
527 1850 738 1877 convenienter
748 1849 823 1877 inter
833 1857 865 1876 se
879 1853 1058 1878 connectun-

230 1897 277 1922 tur
301 1897 333 1922 ut
356 1895 467 1922 fateare
487 1902 612 1922 necesse
636 1893 672 1921 sit
698 1893 772 1920 nihil
799 1896 851 1922 aut
870 1894 978 1922 melius
1007 1897 1058 1923 aut

229 1939 454 1968 convenientius
469 1939 528 1966 dici
543 1938 686 1975 potuisse.
701 1938 814 1966 Horum
830 1941 930 1966 autem
943 1939 1015 1967 nihil
1027 1940 1056 1968 in

228 1984 286 2012 hac
297 1984 442 2013 concione
453 1983 590 2017 inveniri,
601 1991 716 2018 omnes,
731 1983 849 2018 opinor,
861 1983 946 2011 facile
954 1984 1057 2013 intelli-

228 2032 308 2065 gent,
317 2030 341 2056 si
351 2037 418 2057 eam
424 2028 515 2064 paulo
525 2028 664 2056 attentius
673 2028 770 2064 legere
779 2029 934 2057 voluerint.
944 2031 1056 2058 interea

228 2082 284 2110 ego
299 2074 366 2102 loca
376 2073 528 2110 quaedam,
541 2073 653 2109 quibus
669 2073 797 2101 maxime
811 2074 874 2101 haec
885 2075 981 2102 oratio
992 2084 1053 2103 sus-

226 2122 314 2156 pecta.
324 2118 409 2146 reddi
423 2118 528 2155 possit,
539 2120 572 2146 ut
585 2120 752 2152 occurrent,
765 2117 795 2145 in
807 2118 942 2147 medium
957 2119 1052 2148 addu-

226 2164 442 2193 cam.Primum
454 2163 543 2198 igitur
552 2163 610 2191 sub
620 2163 799 2199 principium
810 2164 952 2192 orationis
965 2164 1004 2193 ita
1014 2164 1053 2193 ls-

226 2209 307 2245 gitur
316 2213 399 2246 (pag.
412 2209 488 2244 609):
504 2210 546 2233 Διὸ
562 2208 584 2233 εἰ
594 2209 606 2233 ὁ
621 2207 755 2243 ἀγαπητὴς
771 2212 897 2244 μισεῖταιΥ
911 2211 938 2235 τί
951 2212 1016 2245 μέγα
1029 2210 1051 2236 εὶ

226 2255 301 2290 ἡμεῖς
310 2258 355 2279 τοῦ
366 2255 460 2289 μέσως
477 2252 618 2288 ἀξιούμεθα
630 2252 893 2290 παρ’ἀνϐρωπθιςρῖς
902 2257 1050 2290 περισσεύει
1065 2257 1086 2284 D

224 2301 254 2325 τὸ
263 2303 350 2335 κτῆμα
358 2301 403 2324 τοῦ
414 2300 523 2334 μίσους;
541 2298 729 2332 Quapropter
743 2298 769 2324 si
782 2298 908 2326 dilectus
915 2299 982 2326 odio
997 2299 1050 2328 ha-

226 2344 321 2376 betur,
337 2343 410 2379 quid
425 2346 466 2370 est
481 2343 586 2376 magni
605 2343 631 2370 si
645 2350 696 2370 nos
711 2343 794 2376 apud
809 2342 951 2376 homines,
968 2345 1052 2379 apud

223 2396 297 2424 quOs
310 2388 522 2422 odiipossessio
533 2387 681 2422 abundat,
694 2387 760 2414 odio
772 2387 859 2422 (ligni
868 2387 1050 2418 habeamur?

223 2434 294 2461 Dure
308 2433 355 2460 hue
370 2441 468 2466 voces,
484 2431 619 2467 ἀγαπητὸς
631 2434 658 2459 et
673 2436 768 2468 κτῆμα,
786 2431 859 2459 milii
873 2440 934 2460 non
949 2433 1051 2462 vidcn-
1070 2431 1071 2434 “

222 2481 271 2506 tur
296 2477 368 2505 satis
398 2485 504 2513 sapere
534 2484 649 2504 morem
684 2484 720 2504 ac
748 2477 903 2512 ingenium
938 2479 1047 2506 Basilii.

221 2523 358 2550 Fortasse
386 2521 524 2554 Basilius,
546 2530 616 2549 cum
636 2521 769 2549 Psalmos
791 2521 1046 2558 interpretaretur,

218 2575 293 2596 voce
313 2567 442 2603 simplici
465 2566 597 2602 ἀγαπητός
620 2566 659 2594 uti
680 2566 777 2602 potuit
798 2565 836 2594 ad
859 2567 1046 2602 unigenitum

219 2613 270 2641 Dei
292 2612 396 2640 Filium
425 2611 658 2647 significandum
677 2619 682 2637 :
704 2611 757 2638 sed
781 2610 881 2647 ipsum
901 2611 957 2639 liae
979 2612 1046 2648 ipsa

216 2665 291 2686 voce
317 2656 381 2685 sola
408 2661 436 2684 et
464 2655 590 2692 simplici
617 2655 658 2684 ad
676 2656 817 2684 eumdem
845 2656 1044 2685 indicandum

253 2728 276 2746 “
291 2727 385 2756 Eccle.
398 2735 437 2763 ix,
456 2729 499 2755 17.

251 2791 291 2827 (a)
305 2791 388 2819 Tom.
406 2790 456 2824 1X,
469 2798 500 2826 p.
514 2791 562 2818 301
580 2790 609 2818 et
620 2791 683 2818 263.

997 157 1190 188 PREFATIO.

1916 180 1951 207 44

1083 222 1107 249 A
1125 221 1155 249 in
1169 222 1234 251 aliis
1250 227 1312 254 suis
1329 229 1516 260 orationibus
1528 241 1663 270 unquam
1681 243 1768 265 usum
1786 238 1877 267 fuisse
1891 247 1948 268 non

1124 270 1220 320 puto.‘
1236 271 1297 298 Vox
1320 280 1390 301 vero
1412 280 1500 312 κτῆμα
1519 278 1630 307 idcirco
1650 280 1797 317 displicet,
1813 284 1895 320 quod
1911 285 1950 313 ad

1122 311 1203 340 hunc
1215 313 1313 344 locum
1325 325 1385 346 non
1399 321 1469 348 satis
1483 311 1712 354 accommodata
1723 311 1938 357 esse'videatur

1123 357 1175 409 Ulli
1198 359 1278 388 enim
1300 361 1373 390 illud
1394 365 1487 401 audit,
1505 366 1542 398 οἷς
1566 373 1714 405 περιτο-τέμει
1740 374 1767 398 τὸ
1793 379 1880 410 κτῆμα
1903 357 1951 401 70";

1123 403 1329 451 piaouiaputl
1342 416 1414 443 quas
1428 411 1564 440 abundat
1578 403 1721 448 possessio
1736 417 1808 450 odii,
1825 403 1860 451 is,
1878 420 1902 447 si
1918 421 1948 448 in

1121 445 1228 497 legend
1234 449 1365 499 i‘s‘Ba‘silii
1374 453 1457 482 libris
1469 445 1625 491 diligenter
1634 463 1771 489 versatus

1123 495 1286 543 nisiwvalde
1300 496 1397 543 fallor,
1417 507 1530 529 novum
1551 503 1698 538 quiddam
1714 508 1741 534 et
1755 495 1948 543 peregrinum

1123 538 1229 587 audire
1249 540 1306 568 sibi
1322 542 1478 572 videbitur.
1497 547 1601 575 Totuia
1618 549 1690 577 illud
1707 538 1804 587 (ibid)
1822 538 1888 585 ῗτίς
1903 565 1948 587 μοι

1124 580 1203 609 dom-et
1219 585 1323 622 Θεατρῡν
1333 590 1380 615 τὴν
1393 588 1544 626 οἰκουμένην
1555 591 1668 627 ἃπασαν,
1682 597 1726 621 καὶ
1739 599 1824 632 φωνήν
1838 583 1947 636 ovi/uly-

1122 636 1167 662 γος
1189 633 1368 667 ευτονωτέραν,
1395 636 1438 659 καὶ
1461 636 1570 671 θρήνους
1595 640 1728 675 Ἰερεμίου,
1758 644 1802 668 καὶ
1833 628 1947 670 ὃάκυυιέν

1123 672 1232 725 ctu-bus;
1258 677 1419 725 uarap‘eﬁiat
1443 679 1555 717 καρδίαν
1584 681 1689 715 ὀδύναις
1717 691 1945 725 συντετριμμένην,

1220 721 1223 725 1
1477 716 1480 717 ν
1809 716 1812 725 l
1836 716 1840 724 Δ
1857 716 1861 725 l
1913 716 1918 718 '
1939 716 1944 722 '

1121 721 1305 753 καταχέασθαι
1319 725 1388 748 κόνιν
1403 727 1450 752 τὴν
1460 735 1503 750 νυν
1550 732 1596 758 τῆς
1606 728 1711 765 ἀτιμίας
1724 732 1786 768 ἡμῖν
1798 743 1946 770 natoue/us

1120 772 1208 797 μένην,
1225 766 1301 794 πενῡό
1309 769 1354 792 σαί
1369 777 1396 793 τε
1412 771 1454 797 τάν
1466 773 1550 800 κοινὴν
1562 777 1696 811 συμφοράν
1710 784 1716 808 ;
1733 777 1772 802 ὅτι
1788 763 1946 806 Emis-7.0;?)

1121 810 1135 835 ὴ
1148 810 1235 858 ἀγάπη
1271 811 1394 858 pigere;
1406 813 1522 842 ἐντῡλθλνλ
1536 817 1606 850 Quis
1616 820 1692 848 milii
1700 821 1783 849 dabit
1795 823 1944 852 theatrum

1120 857 1291 883 universum
1301 857 1398 885 orbem
1411 860 1568 897 terrarum,
1581 866 1607 890 et
1622 872 1719 894 vocem
1736 867 1807 895 tuba
1820 869 1946 897 validio-

1121 906 1193 949 rem,
1205 903 1232 927 et
1241 901 1468 932 lamentatimzes
1475 906 1618 943 Jeremiac,
1632 913 1658 937 et
1669 911 1820 946 lacrymas
1831 914 1944 949 uberes,

1120 945 1226 979 quibus
1238 955 1289 973 cur
1300 947 1453 976 doleri/ius
1467 953 1628 981 C’Illlrllltﬂl
1639 945 1822 991 dirumpam,
1842 945 1945 993 pulse;

1119 997 1240 1038 uertique
1262 992 1346 1019 nobis
1374 1001 1455 1021 nunc
1475 996 1684 1030 z'gniominiose
1703 992 1857 1035 aspersum
1875 1012 1944 1038 pcr-

1115 1036 1255 1070 fumlam,
1282 1039 1308 1064 et
1329 1038 1479 1072 (leplorem
1501 1042 1706 1072 calamitatem
1725 1036 1913 1077 communem
1930 1050 1944 1077 ‘?

1116 1081 1226 1115 quippe
1260 1082 1369 1116 defecit
1403 1085 1615 1115 mandatorum
1648 1090 1741 1118 radix
1769 1092 1905 1121 charitas
1935 1103 1942 1122 :

1116 1127 1224 1158 totum,
1247 1126 1384 1163 inquam,
1409 1129 1481 1157 illud
1505 1130 1708 1167 fragmentum
1730 1136 1760 1163 in
1786 1137 1941 1167 hominem

1115 1171 1351 1207 grandiloquum
1371 1175 1533 1202 convenire
1552 1180 1659 1212 potest,
1676 1187 1737 1207 non
1752 1181 1783 1208 in
1799 1183 1941 1212 Basiliam

1114 1216 1265 1250 Magnum,
1283 1217 1333 1252 qui
1350 1219 1452 1247 omnia
1476 1220 1656 1256 eloquentius
1676 1230 1855 1256 ornamenta
1870 1237 1939 1257 cum

1114 1259 1191 1308 mira
1203 1261 1339 1296 quadam
1351 1262 1539 1294 simplicitate
1550 1266 1742 1297 solertissime
1756 1272 1941 1308 conjungere

1115 1304 1198 1333 solet.
1221 1306 1252 1332 Et
1271 1309 1303 1333 ut.
1322 1308 1419 1341 magis
1434 1309 1618 1345 intelligatur
1636 1320 1730 1348 quam
1750 1304 1885 1345 alienum
1904 1319 1942 1347 sit

1114 1357 1132 1377 a
1158 1350 1256 1378 Basilii
1270 1351 1408 1380 moribus
1433 1353 1582 1388 ejusmodi
1602 1355 1723 1385 dicendi
1738 1367 1834 1393 genus
1849 1363 1941 1398 turgi—

1114 1395 1188 1422 dum
1211 1397 1239 1422 et
1258 1395 1406 1431 inﬂatum,
1431 1399 1604 1434 exemplum
1632 1410 1726 1431 unum
1752 1413 1788 1432 ex
1816 1414 1878 1442 quo
1899 1395 1941 1436 de

1115 1441 1180 1469 aliis
1205 1441 1335 1476 judicari
1363 1443 1467 1478 pessit,
1494 1443 1525 1471 in
1553 1446 1688 1475 medium
1717 1450 1850 1484 proferre
1879 1460 1941 1481 non

1114 1487 1236 1523 pigebit,
1258 1489 1314 1516 Etsi
1339 1489 1428 1524 igitur
1453 1489 1575 1517 Basilius
1596 1499 1676 1528 szepe
1705 1494 1941 1526 Christianorum

1114 1533 1190 1560 inter
1210 1541 1240 1560 se
1260 1533 1465 1561 dissensiones
1479 1543 1514 1562 ac
1527 1535 1629 1570 jurgia
1652 1542 1811 1574 memorat,
1837 1543 1942 1570 tamen

1114 1577 1190 1604 libro
1218 1578 1259 1604 De
1286 1578 1404 1611 Spiritu
1423 1582 1528 1607 sancto
1551 1581 1701 1616 copiosius
1716 1585 1744 1611 et
1768 1587 1942 1615 accuratius

1114 1629 1208 1657 quam
1224 1621 1289 1649 aliis
1305 1622 1379 1650 locis
1395 1623 1597 1652 miserabilem
1622 1626 1706 1654 illum
1727 1629 1865 1658 Ecclesire
1883 1634 1942 1660 sta-

1114 1668 1175 1693 tum
1193 1667 1344 1695 describit.
1368 1669 1444 1703 Ergo
1465 1669 1572 1703 sicubi,
1590 1670 1648 1697 illic
1667 1673 1798 1700 maxime
1821 1677 1941 1705 tumido

1113 1711 1162 1739 illo
1178 1711 1320 1747 loquendi
1334 1720 1442 1747 genere
1457 1714 1497 1741 uti
1513 1715 1654 1742 Basilium
1670 1716 1795 1746 decebat
1809 1727 1815 1746 :
1828 1720 1882 1747 sed
1899 1724 1943 1750 ta—

1113 1764 1182 1783 men
1198 1764 1234 1784 ne
1249 1756 1289 1784 ibi
1305 1757 1428 1793 quidem
1441 1761 1536 1793 turget
1550 1759 1628 1787 illitis
1644 1761 1749 1796 oratio,
1765 1765 1796 1791 at
1808 1763 1940 1800 simplex

1112 1804 1165 1832 est,
1187 1804 1215 1829 ct
1233 1801 1271 1829 ab
1291 1802 1375 1830 omni
1393 1804 1532 1839 euipliasi
1554 1804 1748 1834 alienissima.
1770 1807 1938 1845 Postquam

1112 1846 1192 1873 enim
1208 1849 1250 1874 tot
1265 1855 1300 1874 ac
1315 1850 1395 1875 tanta
1407 1848 1487 1876 mala
1498 1851 1706 1882 recensuisset,
1717 1852 1775 1880 hoc
1788 1854 1880 1882 modo
1894 1855 1939 1883 lo-

1111 1891 1213 1927 quitur
1234 1892 1274 1927 (b)
1291 1901 1297 1919 :
1315 1894 1361 1918 Διὰ
1381 1897 1464 1919 ταῦτα
1483 1893 1696 1932 λυσιτελεστέραν
1721 1902 1767 1923 τοῦ
1788 1898 1867 1935 λόγου
1892 1904 1938 1930 τὴν

1113 1938 1212 1964 σιωπὴν
1228 1937 1358 1973 ἐτιθέμην,
1375 1939 1408 1968 ὡς
1429 1938 1457 1964 οὔ
1474 1936 1619 1975 δυναμένης
1635 1946 1719 1975 φωνῆς
1737 1941 1873 1980 ἀνθρώπω
1890 1944 1939 1973 διὰ

1111 1982 1240 2006 τοτθύτων
1258 1982 1370 2017 θορύϐων
1386 1982 1598 2013 εἰσακουσθῆναι.
1617 1987 1646 2010 Εἰ
1662 1987 1711 2023 γὰρ
1726 1986 1809 2017 ἀληθῆ
1827 1991 1859 2015 τὰ
1877 1990 1939 2017 Ἑκ-

1110 2025 1271 2054 mundano
1283 2026 1396 2062 ῥήματα,
1411 2027 1450 2052 ὅτι
1462 2027 1535 2063 λόγοι
1544 2033 1629 2064 σοφῶν
1640 2029 1665 2055 ἐν
1674 2031 1819 2059 ἀναπαύσει
1831 2033 1940 2062 ἀκούον-

1110 2081 1160 2106 ται,
1180 2071 1274 2098 norma
1290 2070 1319 2097 ειν
1337 2071 1391 2098 die:
1411 2075 1515 2109 πρέπειν
1538 2079 1568 2110 τῇ
1590 2080 1633 2101 νὺν
1649 2080 1810 2105 καταστάσει
1830 2082 1859 2106 τὸ
1875 2084 1937 2108 moi.

1108 2119 1205 2143 τούτων
1230 2116 1320 2152 λέγειν.
1343 2117 1408 2146 [Ias
1431 2119 1467 2146 ob
1487 2126 1533 2146 res
1555 2109 1643 2149 silere
1663 2123 1768 2151 utilius
1781 2109 1936 2162 judicent,

1106 2169 1195 2197 quam
1222 2162 1312 2197 loqui,
1338 2165 1483 2198 tanquam
1511 2163 1638 2193 hominis
1671 2174 1730 2195 vox
1752 2176 1809 2203 per
1833 2173 1937 2200 tantos

1108 2207 1255 2234 tumultus
1288 2207 1429 2235 ewaudiri
1464 2216 1524 2236 non
1558 2211 1662 2244 possit.
1693 2212 1772 2241 Nam
1805 2215 1832 2242 si
1862 2224 1937 2246 vera

1106 2255 1186 2283 sunt,
1208 2259 1272 2287 qua?
1291 2252 1369 2280 dixit
1388 2254 1576 2283 Ecclesiastes
1598 2256 1630 2291 η,
1652 2257 1741 2286 verba
1762 2261 1936 2294 sapientum

1106 2297 1137 2325 in
1166 2298 1263 2333 quiete
1291 2298 1404 2331 audiri,
1431 2299 1598 2333 plurimum
1628 2301 1719 2336 abest,
1755 2306 1786 2331 ut
1814 2305 1845 2333 in
1876 2307 1936 2336 hoc

1106 2350 1206 2370 rerum
1223 2345 1305 2370 statu
1333 2342 1369 2370 (le
1389 2343 1435 2370 liis
1454 2344 1534 2379 loqui
1548 2347 1714 2374 conveniat.
1737 2349 1768 2375 ln
1786 2356 1820 2376 eo
1837 2358 1934 2386 quem

1104 2395 1176 2414 mox
1198 2387 1368 2415 cxscribam
1389 2387 1456 2416 loco
1472 2389 1589 2418 variant
1606 2390 1682 2418 inter
1703 2400 1734 2420 se
1754 2393 1832 2429 libri,
1857 2403 1934 2426 nam

1104 2432 1219 2468 aliquot
1242 2433 1360 2460 codices
1385 2435 1413 2460 et
1437 2433 1506 2461 editi
1527 2434 1567 2462 ita
1588 2435 1702 2464 habent
1728 2439 1805 2473 (pag.
1834 2441 1898 2476 609)
1924 2451 1932 2471 :

1103 2479 1202 2502 Τούτου
1223 2478 1272 2513 γὰρ
1295 2478 1366 2502 ἕνεκα
1385 2477 1475 2503 ἐκεῖνοι
1500 2480 1545 2509 τὰς
1567 2481 1723 2517 πανηγύρεις
1744 2484 1840 2514 ταύτας
1866 2484 1933 2521 ἐμη-

1102 2525 1263 2557 χανήσαντο,
1282 2522 1321 2546 ἵνα
1336 2524 1382 2550 τὴν
1398 2521 1424 2547 ἐκ
1437 2527 1485 2548 τῶν
1496 2526 1597 2559 χρὸνων
1609 2524 1772 2561 ἐγγινομένην
1786 2526 1932 2566 ἀλλοτριω-

1103 2577 1143 2592 σιν
1170 2565 1215 2592 διὰ
1242 2571 1288 2596 τῆς
1317 2571 1365 2592 τῶν
1395 2571 1489 2604 καιρῶν
1516 2567 1648 2604 ἐπιμιξίας
1679 2569 1854 2604 ἁνανεώνῖωσι,
1886 2578 1932 2602 καὶ

1102 2613 1159 2641 τοὺς
1192 2613 1237 2638 τήν
1270 2611 1407 2646 ὑπερορίαν
1442 2611 1576 2644 οἰκοῦντας
1606 2614 1649 2640 ἕνα
1689 2619 1779 2642 τοῦτον
1814 2618 1930 2646 καταλα-

1101 2655 1192 2686 ϐὰντας
1225 2657 1319 2688 τόπον,
1361 2655 1462 2686 ἑαυτοῖς
1496 2656 1583 2693 ἀρχὴν
1619 2659 1705 2694 φιλίας
1743 2663 1786 2687 καὶ
1821 2661 1930 2698 ἀγάπης

1130 2789 1171 2824 (b)
1186 2787 1248 2817 Lib.
1263 2788 1307 2816 De
1320 2788 1439 2824 Spiritu
1448 2789 1494 2826 S.,
1510 2798 1577 2829 cap.
1591 2794 1635 2820 30.
