2020 3140
78 151 108 179 45
822 147 888 175 PRA

945 147 1014 176 ΤΙΟ.
1738 155 1772 181 46

76 214 114 241 τὴν
127 213 267 246 συυντχίαν
281 212 441 247 παρέχοιενε
468 210 510 238 sic
530 217 599 238 vero
620 211 705 237 vetus
725 208 799 237 iiber
823 210 888 237 llar-

946 211 1102 246 προφανοῦς,
1139 211 1179 236 ὅτι
1213 212 1287 247 ἡμεῖς
1327 211 1403 248 ἐσμεν
1438 213 1462 238 οἱ
1499 215 1558 244 τοὺς
1602 214 1702 251 κτίσμα
1744 218 1773 242 τό

74 257 189 291 insanus,
214 255 266 282 ἶνα.
279 277 284 282 .
297 277 303 283 .
315 278 321 283 .
334 277 340 283 .
372 255 554 281 ανανιοῦσθαι.
567 275 574 281 .
584 275 591 282 .
603 275 609 282 .
621 275 628 282 υ
655 255 790 290 παρέχειν.
818 254 892 281 Neu-

75 304 142 329 lram
156 303 253 328 autem
272 299 416 336 loquendi
431 299 578 327 rationem
594 298 721 326 arbitror
737 298 809 326 satis
826 297 892 326 ido-

73 354 154 374 neam
183 353 257 372 esse.
289 344 402 372 Etenim
431 344 455 371 si
481 343 575 377 legas,
607 344 692 371 ἵνα...
785 342 893 368 ἀνανεώ-

73 394 225 418 σωσῐ........
242 390 392 426 παρέχοιεν,
413 388 455 416 ita
470 388 558 416 scribi
580 387 773 424 oportuisset,
798 388 844 413 καὶ
868 388 893 413 οἱ

73 438 112 465 τήν
146 436 286 471 ὑπερορίαν
320 434 458 465 οἰκοῦντες,
496 434 539 458 ἕνα
579 437 670 458 τοῦτον
703 431 892 462 καταλαϐόντες

72 484 152 512 τόπον,
178 483 222 508 etc
238 501 245 513 ,
275 487 331 507 nec
358 478 441 507 aliter
469 478 637 514 scripsisset
664 477 787 506 Basilius
810 486 816 505 :
848 477 913 505 sin‘

70 526 154 561 legas,
183 526 295 552 ῐνα...,..
321 523 724 559 ὰνανεοὺσθαι.......παρέχειν,
750 530 811 550 non
839 522 894 549 erit

71 570 183 606 quidem
199 577 297 597 causa
308 568 379 603 ulla,
397 576 450 596 cur
468 575 558 595 voces
586 565 719 597 οἰκοῦντας
735 568 763 595 et
781 566 893 592 καταλα-

71 615 152 645 δόντας
166 613 378 657 reprobentur,
395 613 448 640 sed
463 612 557 640 alium
572 612 712 648 quemvis
728 612 827 647 potius
842 620 893 640 au-

71 663 171 689 ctorem
185 656 363 695 quuentem
377 657 504 685 induces
523 665 616 693 quam
634 656 784 691 Basilium,
811 656 893 692 apud

71 713 161 741 quem,
175 704 295 740 opinor,
311 702 420 730 vocula
435 703 475 727 ἳνα
489 709 558 729 cum
570 700 717 728 infinitivo
732 701 893 736 conjuncta

70 758 123 778 non
141 748 302 777 invenitur.
329 747 396 782 Sed,
421 746 504 782 quod
519 746 631 774 multos
652 746 750 781 magis
771 753 893 773 movere

71 795 174 831 poterit,
207 793 295 826 illud,
329 791 499 818 ἀνανεοῦσθαι
537 793 565 818 et
600 792 737 828 παρέχειν,
774 790 893 818 videtur

70 838 229 868 emendatio
248 844 314 865 esse
331 836 441 864 librarii
457 835 598 870 alicujus,
614 834 666 871 qui
685 843 755 862 cum
770 834 893 868 ‘videret

71 892 148 912 voces
171 883 307 912 οἰκοῦντας
333 883 361 908 et
385 879 579 910 καταλαϐόντας
606 878 777 907 necessario
796 878 893 906 inﬁni-

71 930 154 957 tivum
191 934 368 964 exposcere,
411 933 467 961 pro
502 924 668 950 ἀνανεώσωσι
696 926 724 951 et
751 925 891 960 τψρέχοιεν

71 973 176 1010 scripsit
195 972 368 998 ἀνανεοῦσθαι
390 973 419 997 et
438 971 576 1006 παρέχειν.
601 970 673 997 Cum
688 967 767 996 enim
783 968 891 995 unicus

71 1019 206 1046 duntaxat
235 1017 314 1044 liber
338 1017 424 1043 vetus
450 1014 562 1042 habeat
588 1013 759 1039 ἀνανεοῦσθαι
779 1015 808 1040 et
826 1022 891 1049 παρ-

71 1065 140 1098 έχειν,
165 1062 214 1090 alii
244 1063 348 1089 autem
374 1067 480 1087 omnes
510 1058 643 1086 habeant
670 1057 836 1083 ἀνανεώσωσι
862 1059 891 1084 et

69 1111 207 1144 παρέχοιεν,
222 1114 288 1134 non
303 1104 453 1133 immerito
469 1105 573 1131 auctor
594 1103 657 1138 ipse
678 1102 718 1130 ita
735 1102 889 1137 scripsisse

68 1151 210 1188 putandus
226 1152 282 1178 est.
301 1149 378 1178 Satis
387 1148 425 1176 de
440 1147 539 1176 verbis
554 1147 646 1182 hujus
662 1146 794 1183 periodi:
807 1153 888 1175 nunc

68 1196 100 1224 de
110 1197 172 1233 ipsa
186 1194 335 1223 sententia
348 1193 519 1229 loquamur.
544 1191 628 1224 Quod
650 1191 741 1225 igitur
760 1190 888 1226 scriptor

67 1241 112 1276 ait,
122 1242 298 1269 adinventos
306 1239 401 1273 fuisse
410 1239 580 1270 conventus,
593 1238 624 1263 ut
636 1237 804 1263 animorum
816 1235 888 1263 alie-

67 1287 141 1314 natio
161 1287 335 1318 renovetur,
363 1282 393 1310 id
419 1290 480 1309 non
507 1280 670 1317 prudenter
696 1280 808 1308 dictum
830 1281 885 1307 est.

68 1331 121 1359 Dici
133 1330 309 1367 oportuerat
323 1327 385 1355 ﬁeri
400 1329 577 1358 conventus,
597 1332 659 1353 non
679 1327 711 1352 ut
736 1323 886 1359 ejusmodi

68 1376 193 1405 alienatio
208 1375 404 1404 instauretur,
420 1371 473 1399 sed
487 1373 520 1398 ut
532 1370 675 1406 penituse
687 1369 787 1397 medio
801 1369 885 1397 tolla-

67 1424 116 1450 tur.
127 1423 197 1449 Nam
205 1418 385 1448 renovanda
395 1418 457 1444 erat
465 1423 523 1451 pax
532 1417 621 1451 atque
628 1414 806 1442 concordia:
818 1413 885 1441 alie-

67 1466 138 1494 natio
145 1473 224 1500 vero,
231 1471 303 1500 quae
309 1469 415 1499 pacem
424 1463 513 1497 atque
522 1459 714 1487 concordiam
723 1459 751 1486 in
757 1460 885 1494 terrupe—

66 1513 237 1547 rat,prorsus
245 1507 508 1538 abolendaQuare
515 1512 583 1550 cum
591 1503 731 1539 scriptori
736 1505 763 1530 ta
768 1502 886 1530 locutus
905 1523 925 1550 Ο

67 1558 113 1590 est,
123 1555 235 1582 videtur
249 1552 334 1581 aliud
346 1551 505 1585 cogitasse,
521 1548 603 1576 aliud
614 1547 804 1584 expressisse.
820 1549 885 1575 Non

66 1599 138 1627 enim
148 1598 253 1626 dubito
261 1596 337 1633 quin
345 1593 469 1622 voluerit
479 1593 586 1624 dicere,
600 1591 809 1619 renovandam
818 1598 886 1618 esse

66 1640 320 1675 concordiam,sed
326 1637 657 1667 dixitrenovaridebere
663 1636 884 1664 alienationem.

65 1689 214 1724 Aliquanto
227 1688 300 1723 post
310 1692 379 1712 cum
389 1685 493 1711 auctor
507 1681 676 1717 signiﬁcare
691 1680 786 1711 vellet,
798 1687 884 1708 accu-

67 1733 118 1760 sari
130 1741 159 1760 se
175 1740 192 1760 a
204 1729 405 1768 quibusdam,
418 1726 501 1764 quod
510 1726 619 1754 multos
629 1725 701 1753 deos
714 1724 885 1752 introduce-

65 1779 114 1811 ret,
127 1777 166 1805 ita
176 1774 405 1812 10quitur(pag.
420 1773 483 1807 6m)
496 1780 502 1798 :
517 1773 710 1807 Μαρτυρήσατε
724 1774 756 1805 τῇ
777 1768 886 1803 ἀληθείᾳ

68 1824 108 1848 καὶ
138 1823 206 1858 ἡμῖν,
248 1821 316 1856 πρὸς
355 1820 414 1848 τοὺς
449 1815 665 1853 ἔπιθρυλλοῡντας
699 1816 731 1840 τὰ
764 1817 884 1845 τοιαῦτα,

66 1868 102 1893 ὅτι
131 1868 180 1904 ἄρα
212 1867 292 1902 ἡμεῖς
321 1866 369 1892 τὴν
399 1861 512 1888 παλαιὰν
546 1859 644 1897 δωρεὰν
681 1858 884 1894 ὰνενεωσάμεθα.

64 1912 180 1940 Reddite
203 1909 408 1939 testimonium
430 1906 553 1934 veritati
577 1907 604 1933 et
621 1903 716 1936 nobis,
742 1903 886 1930 adversus

64 1964 106 1984 eos
126 1956 177 1992 qui
196 1955 275 1983 talia
304 1953 474 1987 divulgant,
500 1950 636 1978 videlicet
660 1948 740 1984 quod
763 1955 817 1975 nos
837 1947 887 1975 do-

63 1991 138 2029 num,
149 2003 232 2029 vetus
254 1997 504 2026 instauravimus.
530 1994 584 2022 Ubi
604 2001 694 2021 nemo
721 2000 783 2020 non
807 1991 887 2019 videt

63 2054 160 2074 vocem
177 2044 278 2081 δωρεάν
293 2040 457 2078 improprie
468 2041 496 2067 et
506 2039 604 2074 inepte
618 2038 656 2065 ad
670 2037 702 2064 id
718 2036 886 2072 signiﬁcau-

63 2091 130 2119 dum
145 2091 278 2128 positam
293 2088 403 2116 fuisse:
425 2085 503 2114 alius
523 2083 630 2120 quivis,
653 2090 757 2110 eorum
781 2081 886 2109 saltem

63 2137 110 2174 qui
125 2125 192 2173 apte
207 2134 294 2171 loqui
315 2132 444 2166 student,
458 2137 532 2158 voce
547 2128 630 2157 πλάνη
653 2130 706 2155 aut
729 2127 817 2154 simili
840 2125 885 2153 usi

948 254 1051 290 Πνεῦμα
1082 257 1111 280 τὸ
1147 255 1220 291 ἅγιον
1246 256 1365 292 λέγοντας
1392 256 1630 294 ἀναθεματίζοντες.
1670 262 1773 290 Ταύτην

946 301 994 327 τὴν
1004 302 1161 336 κατηγορίαν
1180 298 1305 340 δέχομαι·
1322 301 1365 327 ἐπὶ
1380 303 1463 338 τούτῳ
1478 306 1530 339 πῦρ
1544 306 1587 329 καὶ
1606 304 1676 340 ξίφος
1687 305 1774 335 ἐκυνη-

947 344 1021 378 μένον
1037 338 1205 380 ὑφίσταμαι·ν
1215 344 1262 370 κᾶν
1280 345 1292 370 ὁ
1311 348 1408 382 τρόχος
1427 346 1610 384 καταρῥοίο-σῃ,
1626 338 1672 375 iis
1689 349 1775 386 βασα-

947 391 1069 424 νιστήρια
1085 388 1124 414 ἐπ’
1140 389 1184 425 ἐμὲ
1200 394 1311 422 κινῆται,
1336 390 1361 416 ἐν
1375 395 1406 426 τῇ
1428 390 1493 427 αὐτῇ
1515 392 1675 430 πληροφορίᾳ
1693 393 1773 430 ὃὲγο-

947 442 995 468 μαι
1009 434 1042 458 τὰ
1058 432 1263 470 βασανιστήρια,
1281 434 1305 460 ἐν
1358 435 1402 461 καὶ
1422 436 1446 461 οι
1465 437 1593 473 μάρτυρες
1615 439 1639 463 οἱ
1663 438 1774 466 ἐνταῦθα

948 477 1058 510 κείμενοι
1073 480 1123 501 τῶν
1136 478 1265 512 στεφάνων
1276 477 1436 508 ἠξιώθησαν.
1448 478 1510 506 Nec
1524 482 1627 513 aperte
1637 481 1710 510 dicis
1721 491 1774 511 nos

948 520 1026 554 ipsos
1047 527 1117 555 esse,
1144 522 1197 556 qui
1219 528 1265 549 eos
1286 522 1339 556 qui
1366 522 1514 556 Spiritum
1533 528 1671 553 sanctum
1691 534 1774 556 crea-

949 567 1049 593 turam
1060 565 1177 599 dicunt,
1189 566 1380 594 anathemate
1389 567 1526 601 ferimus.
1549 569 1638 597 Hanc
1653 578 1775 600 accusa-

949 609 1058 637 tionem
1069 610 1218 638 admitto:
1242 619 1305 639 eam
1322 611 1357 639 ob
1373 619 1493 640 causam
1518 613 1617 648 ignem
1631 617 1734 644 subibo
1747 620 1775 646 et

948 654 1085 689 gladium
1101 658 1285 684 oraculum:
1303 657 1363 684 sive
1387 659 1455 685 rota
1471 658 1607 691 collidat,
1629 661 1690 688 sive
1717 664 1776 689 tor-

948 701 1048 726 menta
1072 699 1104 726 in
1127 707 1173 726 me
1198 703 1387 734 moveantur,
1408 701 1509 729 eadem
1531 703 1628 731 animi
1651 711 1775 739 persua-

948 743 1030 792 sione
1055 743 1206 778 perferam
1240 747 1401 778 tormenta,
1438 753 1498 781 qua
1540 751 1691 783 martyres
1727 750 1776 779 hic

943 789 1080 820 jacenles
1102 795 1227 816 coronas
1252 789 1404 816 consecuti
1423 794 1503 818 sunt.
1529 792 1682 822 Prtevideo
1708 796 1775 831 qui-

948 831 1016 859 dem
1031 840 1092 860 non
1108 831 1274 866 defuturos,
1290 833 1403 869 quibus
1417 834 1482 862 haec
1497 836 1590 865 verba
1613 838 1711 873 primo
1729 848 1774 868 as-

912 872 932 899 B
948 879 1036 921 pectu
1049 876 1137 921 valde
1152 877 1320 905 admodum
1335 877 1480 913 placitura
1498 879 1565 914 sint,
1581 872 1694 918 quique
1709 884 1775 921 ipsa

947 920 1099 948 inveniant
1118 920 1307 955 dignissima,
1329 929 1398 957 quae
1421 923 1545 952 Basilius
1564 926 1687 961 Magnus
1704 920 1773 964 pro-

945 965 1099 999 nuntiarit,
1116 973 1186 993 cum
1206 973 1225 993 a
1238 966 1312 1001 viro,
1329 967 1380 1002 qui
1396 967 1499 995 animo
1521 969 1638 998 excelso
1654 975 1731 1001 esset
1745 976 1774 1002 et

945 1009 1032 1044 elato,
1049 1009 1165 1045 prolata
1177 1010 1271 1038 fuisse
1286 1011 1391 1046 negari
1405 1020 1466 1040 non
1480 1013 1589 1048 possit:
1607 1016 1660 1043 sed
1671 1019 1773 1047 tamen

944 1053 986 1081 illi
1008 1054 1077 1090 ipsi,
1103 1054 1127 1082 si
1146 1062 1210 1082 rem
1239 1055 1378 1083 attentius
1404 1057 1633 1091 considerarint,
1660 1062 1771 1097 statim,

944 1098 1061 1134 opinor,
1077 1098 1326 1131 animadvertent,
1348 1100 1413 1128 haec
1436 1108 1501 1129 esse
1522 1103 1616 1132 verba
1637 1099 1777 1136 hominis?

943 1144 1109 1172 constantia
1124 1146 1214 1180 atquc
1234 1144 1404 1174 fortitudine
1424 1154 1480 1174 sua.
1495 1148 1690 1187 praeﬁdentis,
1706 1153 1771 1188 qui-

942 1196 1001 1224 que
1013 1188 1174 1223 jactautior
1188 1188 1280 1216 videri
1305 1190 1406 1224 possit.
1432 1192 1464 1218 Et
1487 1194 1519 1219 ut
1538 1193 1644 1222 melius
1662 1195 1769 1225 intelli-

941 1235 1015 1267 gant
1028 1232 1092 1260 haec
1107 1232 1226 1268 longius
1241 1241 1258 1261 a
1275 1233 1371 1262 Basilii
1385 1234 1534 1264 modestia
1542 1237 1658 1273 abesse,
1674 1249 1767 1276 quam

941 1279 974 1304 ut
991 1277 1018 1304 ei
1043 1276 1132 1305 tribui
1154 1277 1281 1313 possint,
1309 1277 1398 1306 velim
1417 1279 1574 1314 diligenter
1592 1289 1769 1320 comparent

941 1329 1009 1357 quae
1024 1322 1072 1349 hic
1086 1321 1237 1357 dicuntur,
1251 1331 1321 1350 cum
1335 1323 1370 1351 iis
1384 1331 1452 1359 qure
1465 1325 1532 1352 aliis
1544 1325 1618 1355 locis
1633 1329 1721 1358 simili
1736 1331 1767 1359 in

940 1374 972 1394 re
992 1366 1110 1402 scripsit
1129 1367 1265 1394 Basilius.
1280 1369 1376 1396 Potest
1397 1370 1497 1397 autem
1520 1369 1579 1406 legi
1602 1380 1638 1401 ea
1660 1376 1755 1404 oratio

940 1411 988 1438 cui
1003 1411 1115 1446 titulus,
1141 1411 1255 1440 Contra
1271 1412 1461 1441 Sabellianos
1481 1417 1508 1442 et
1523 1398 1767 1448 Arianiei

940 1463 1028 1501 miros
1042 1456 1129 1491 (a),,in
1138 1464 1199 1501 qua
1207 1456 1252 1484 vir
1259 1456 1455 1491 gravissimus
1466 1459 1622 1489 modestia:
1631 1471 1692 1491 suae
1702 1473 1767 1501 spe-

940 1499 1051 1527 cimiua
1076 1500 1218 1536 quaedam
1246 1500 1370 1536 reliquit.
1401 1504 1433 1530 ln
1452 1503 1509 1531 hac
1528 1504 1617 1539 igitur
1632 1499 1767 1537 oratione

941 1543 1066 1572 Basilius
1088 1545 1199 1580 pariter
1228 1545 1420 1581 conqueritur
1444 1547 1552 1576 instru1
1575 1550 1631 1578 sibi
1655 1553 1766 1581 calum-

940 1588 1033 1624 niam,
1057 1589 1087 1616 in
1110 1589 1277 1626 eademque
1298 1590 1408 1626 pariter
1436 1593 1593 1627 proﬁtetur
1624 1596 1766 1632 Spiritum

941 1635 1079 1661 sanctum
1089 1636 1256 1662 creaturam
1266 1642 1328 1662 non
1340 1643 1414 1669 csse,
1424 1644 1479 1664 nec
1487 1639 1587 1666 tamen
1598 1641 1766 1678 quidquam

940 1678 977 1706 de
991 1686 1021 1706 se
1035 1678 1278 1713 magniﬁcentius
1296 1679 1449 1714 praedicat,
1467 1682 1518 1709 sed
1538 1683 1710 1720 simpliciter
1732 1695 1767 1715 ac

940 1722 1076 1750 modeste
1090 1723 1131 1750 ita
1141 1723 1275 1759 loquitur
1294 1724 1333 1758 (ὑ)
1349 1733 1356 1751 2
1381 1724 1457 1751 Ἀλλὰ
1476 1727 1525 1763 γὰρ
1542 1728 1622 1755 πάλαι
1636 1731 1686 1766 ὁρῶ
1703 1730 1767 1758 δυσ-

941 1771 1152 1803 ανασχετοῠντας
1176 1767 1243 1804 ὑμᾶς
1271 1770 1336 1804 πρὸς
1360 1771 1403 1794 τὸν
1426 1769 1510 1806 λόγον,
1538 1775 1582 1799 καὶ
1615 1780 1768 1812 αονονουγὶ-

941 1811 1042 1838 ἀκούειν
1081 1811 1160 1845 δοκῶ,
1193 1813 1234 1838 ὁτι
1261 1816 1315 1843 τοῖς
1344 1813 1557 1851 ὁμολογουμένοις
1588 1806 1764 1857 ἑνδιοιτρίϐξν,

941 1861 990 1882 τῶν
1016 1856 1233 1893 πολυθρυ).).ήτπιιν
1261 1859 1418 1894 ζητημάτων
1455 1861 1507 1896 οὐχ
1543 1856 1767 1900 ἅπτομαισνπᾶσα

941 1902 990 1937 γὰρ
1017 1902 1080 1930 ἀκοὴ
1109 1912 1152 1928 νυν
1176 1904 1241 1939 πρὸς
1274 1905 1320 1931 τὴν
1358 1902 1483 1940 ἀκρόασιν
1518 1911 1568 1932 τῶν
1605 1907 1686 1944 λόγων
1717 1915 1768 1937 τῶν

941 1947 1000 1995 περὶ
1039 1947 1198 1995 τοῦῌὰγίου
1238 1948 1387 1983 Πνεύματος
1422 1948 1600 1985 ἀνηρέθισται.
1639 1954 1704 1990 Ἐγὼ
1738 1954 1767 1982 δὲ

941 1990 1057 2026 μάλιστα
1090 1990 1248 2027 ἠϐουλόμην,
1293 1993 1327 2022 ὡς
1369 1993 1512 2030 παρέλαϐον
1551 1996 1689 2031 ἁπλοϊκῶς,
1733 2002 1768 2032 ὡς

943 2036 1083 2071 συνεθέμην
1121 2035 1338 2069 ἀνεπιτηδεύτως,
1387 2037 1455 2064 οὓτω
1498 2040 1677 2077 παραδιδόναι
1714 2049 1768 2076 τοῖς

1171 2079 1276 2110 Ἐπειδὴ
1299 2079 1328 2107 δὲ
1342 2085 1528 2118 περιεστήκατε
1547 2089 1623 2122 ἡμᾶς,
1642 2087 1768 2116 δικασταὶ

943 2125 1038 2161 μᾶλλον
1064 2125 1079 2153 ἡ
1107 2126 1233 2161 μαθηταὶ,
1264 2126 1333 2161 ἡμᾶς
1362 2125 1507 2163 δοκιμάσαι
1535 2129 1698 2168 βουλόμενοι,
1723 2135 1769 2161 οὐκ

941 2079 1112 2106 ἀκούοιμι-ιη..
1119 2099 1134 2106 ..
1142 2099 1147 2105 .

64 2169 193 2216 fuissent,
201 2169 347 2208 aduersus
358 2185 404 2205 eos
414 2176 467 2211 qui
477 2175 553 2202 talia
565 2173 736 2206 divulgant,
749 2171 885 2199 videlicet

944 2170 1017 2196 αὐτοί
1032 2179 1057 2195 τι
1072 2169 1158 2195 λαϐεῖν
1175 2169 1368 2203 ἐπιζητοῦντες,
1386 2171 1483 2207 ἀνάγκη
1501 2175 1570 2210 ἡμᾶς
1585 2177 1672 2203 ὥσπερ)
1689 2178 1713 2204 ἐν
1729 2178 1770 2205 δι,

1161 2214 1164 2216 λ
1211 2214 1217 2216 ι
1658 2206 1662 2215 ι

64 2227 136 2262 quod
146 2232 281 2254 errorem
290 2225 415 2251 veterem
422 2218 671 2248 instauravimus.
683 2218 713 2244 lu
723 2224 758 2244 eo
764 2222 886 2251 quoque

65 2259 140 2308 quod
152 2279 226 2299 mox
242 2267 417 2303 subjiciam,
428 2267 544 2297 auctor,
560 2262 682 2299 quiquis
702 2263 754 2294 est,
777 2259 888 2295 longis-

65 2304 131 2344 sime
146 2314 286 2344 discessit
301 2321 318 2341 a
334 2309 549 2339 consuetudine
566 2306 674 2340 Basilii,
693 2305 745 2341 qui
764 2312 825 2332 non
847 2304 889 2332 ita

65 2361 164 2389 acerbe
177 2361 208 2388 in
225 2366 299 2387 suos
314 2354 502 2385 adversarios
521 2351 622 2380 invehi
638 2350 720 2378 solet.
746 2349 889 2377 Studebat

65 2406 104 2433 vir
115 2403 367 2435 humanissimus,
376 2407 437 2428 non
448 2398 591 2426 insultare
603 2403 674 2423 suos
686 2395 887 2425 accusatores,

67 2451 112 2478 sed
134 2458 186 2478 eos
207 2448 250 2477 ad
274 2445 407 2475 veritatis
432 2442 635 2478 cognitionem
662 2439 822 2467 adducere.
851 2439 889 2465 Eo

68 2497 168 2531 autem,
185 2501 281 2531 quem
296 2491 376 2526 dico,
391 2490 457 2517 loco
472 2488 513 2516 ita
529 2486 672 2522 scriptum
688 2484 847 2512 invenitur:
860 2485 890 2508 Ti

67 2541 232 2577 ὑποκρύπτεις
255 2540 365 2564 σεαυτοῦ
380 2538 427 2564 τήν
445 2533 580 2569 ἐπήρειαν;
600 2528 700 2566 Ψεύδῃ,
718 2530 887 2566 κατηραμένε,

66 2585 137 2622 λέγων
186 2587 250 2622 παρ’
299 2583 361 2618 ἡμῖν
410 2582 478 2616 τρεῖς
527 2578 599 2606 θεοὺς
659 2573 889 2609 καταγγελλεσοαι.

68 2618 138 2664 Quid
149 2618 287 2658 occultas
303 2630 385 2654 tuam
404 2624 497 2659 ipsius
518 2620 723 2650 calumniam?
739 2618 888 2653 Mentiris,

410 2582 478 2616 τρεῖς

68 2662 311 2705 ιίίνετεεςναηάε,
331 2678 397 2699 cum
417 2669 462 2696 ais
477 2668 545 2695 deos
560 2668 618 2693 tres
638 2672 656 2692 α
678 2663 763 2691 nobis
779 2662 892 2697 praedi-

66 2721 135 2748 cari.
158 2721 202 2748 ita.
225 2718 332 2746 auctor
354 2712 552 2751 persequitur.
576 2712 621 2736 καὶ
643 2709 672 2741 οὐ
696 2707 778 2744 λεγεις
797 2706 826 2733 ὲκ
845 2710 890 2734 τοῦ

115 2809 155 2844 (a)
173 2809 260 2836 Tom.
278 2806 312 2841 Il,
324 2804 407 2833 hom.
423 2804 467 2831 24.

942 2216 1077 2250 una-7min
1092 2216 1138 2242 τὴν
1154 2214 1301 2249 ἀντιλογίαν
1315 2218 1504 2252 προτεινεσθαι,
1522 2222 1566 2245 καὶ
1584 2219 1623 2246 ἀεὶ
1710 2222 1770 2250 ἁνα-

942 2259 1085 2295 κρίνεσθαι,
1100 2257 1138 2284 ἀεὶ
1158 2256 1187 2284 δὲ
1204 2258 1284 2294 λέγειν
1304 2258 1321 2284 ἀ
1338 2260 1541 2298 παρειλήφαμεν.
1570 2265 1630 2293 Sed
1641 2256 1770 2301 Vjamdiu

943 2310 1105 2338 sermonem
1130 2305 1267 2330 nostrum
1289 2304 1411 2332 moleste
1436 2306 1519 2339 ferre
1546 2315 1596 2336 vos
1621 2311 1716 2343 video,
1743 2315 1771 2341 ρι

945 2349 1063 2375 tantum
1078 2355 1139 2375 non
1151 2347 1258 2375 audire
1268 2355 1314 2375 me
1327 2351 1411 2382 puto,
1424 2351 1504 2384 quod
1514 2354 1654 2388 confessis
1669 2357 1772 2386 immo-

944 2399 1029 2426 rans,
1043 2391 1218 2427 qucestiones
1238 2392 1327 2420 valde
1341 2393 1518 2423 decantatas
1538 2405 1598 2425 non
1610 2401 1771 2436 attingam.

947 2437 1083 2464 Omnium
1098 2437 1175 2464 enim
1191 2444 1280 2464 aures
1290 2441 1416 2466 arrectw
1427 2447 1508 2468 nunc
1522 2446 1603 2477 sunt,
1620 2447 1653 2472 ut
1663 2445 1700 2473 de
1709 2446 1775 2481 Spi-

946 2483 1007 2509 ritu
1026 2483 1130 2509 sancto
1143 2481 1260 2516 aliquid
1274 2482 1412 2510 audiant.
1429 2484 1493 2520 Ego
1517 2494 1585 2515 vero
1607 2490 1694 2518 velim
1709 2499 1774 2519 ma-

945 2527 1036 2560 xime,
1058 2527 1135 2553 sicut
1151 2526 1297 2554 traditum
1320 2527 1497 2561 simpliciter
1512 2533 1624 2566 accepi,
1639 2535 1716 2563 sicut
1730 2537 1775 2565 in-

946 2578 1041 2606 genue
1055 2573 1080 2598 et
1092 2570 1221 2598 candide
1237 2578 1374 2599 assensus
1388 2580 1463 2605 sum,
1481 2575 1524 2602 sic
1539 2579 1566 2603 et
1586 2578 1776 2610 auditoribus

948 2616 1136 2644 tradet-(2......
1155 2615 1303 2648 Quoniam
1319 2620 1418 2644 autem
1434 2618 1636 2650 circumstans
1652 2627 1776 2660 nos,ju-

947 2662 1026 2689 dices
1039 2661 1135 2695 magis
1151 2668 1240 2696 quam
1257 2661 1409 2698 discipuli,
1426 2664 1479 2698 qui
1495 2647 1633 2698 ινφ-οίιιιιλο⁷
1650 2647 1778 2700 ἐξοῖδρᾷξ.

948 2706 1019 2740 litis,
1034 2713 1096 2734 non
1110 2707 1209 2734 autem
1231 2705 1395 2741 quidquam
1419 2708 1533 2738 discere
1549 2714 1705 2749 quaeratis,
1727 2723 1778 2745 ne-

998 2795 1038 2831 (b)
1054 2795 1186 2828 Νιιω.,ι,
1203 2802 1235 2830 p.
1253 2796 1314 2823 193.
