2020 3140
241 133 276 159 47

242 202 319 224 ccsse
328 194 413 222 nobis
428 197 468 222 est
483 194 562 222 velut
577 194 609 221 in
617 193 735 229 judicio
751 193 786 221 iis
801 200 868 228 qua
880 193 1067 228 objiciuntur

241 241 431 275 respondere,
445 247 618 274 semperque
630 239 825 274 interrogari,
836 241 862 266 et
876 246 991 273 semper
999 246 1066 274 qute

242 286 408 320 accepimus
423 285 531 312 dicere.
549 283 690 318 Ejusdem
705 283 858 311 modestiae
878 283 1017 320 exempla
1034 285 1067 311 ut

241 331 271 359 in
287 331 342 359 hac
353 330 499 363 oratione,
513 329 555 357 ita
569 329 674 358 multis
689 328 753 357 aliis
766 327 839 356 locis
855 329 963 365 cuique
983 329 1066 364 apud

239 375 464 404 sanctissimum
479 376 593 402 Patrem
609 373 709 401 videre
722 373 798 401 licet.
813 374 907 405 Quare
923 373 993 401 mihi
1003 373 1066 409 qui-

238 421 309 448 dem
328 418 591 456 persuasissimum
607 420 652 446 est
670 418 710 446 ita
724 417 863 446 affectum
877 417 966 445 fuisse
988 417 1065 445 Basi-

236 466 320 499 lium,
337 467 369 493 ut
384 466 532 493 tormenta
544 463 647 491 omnia
662 463 791 499 perferre
804 466 927 499 paratus
938 465 1015 490 esset
1024 462 1064 490 ad

235 509 458 539 defendendam
470 508 596 544 Spiritus
608 507 702 536 sancti
714 507 916 535 divinitatem:
934 507 987 535 sed
1002 515 1063 535 non

235 555 320 583 facile
335 549 492 587 adducar,
503 555 535 580 ut
557 552 680 580 credam
693 551 948 580 modestissimum
964 552 1063 579 virum

234 599 305 628 talia
320 598 423 635 qualia
438 597 620 629 audivimus,
635 596 673 624 de
693 596 792 632 seipso
806 596 970 632 jactantius
986 604 1062 632 prae-

232 645 358 672 dicasse.
384 645 528 670 Praeterea
555 642 631 670 inter
653 643 776 670 caeteras
803 641 916 676 ingenii
943 641 1060 675 laudes,

230 696 308 726 quas
319 687 511 716 doctissimus
525 686 570 715 vir
589 688 730 714 Erasmus
746 686 854 714 Basilio
869 685 981 719 tribuit,
996 686 1061 713 haec

229 741 352 770 quoque
364 731 521 767 reperitur,
534 731 635 767 ipsum
653 730 873 766 Scripturarum
888 730 1060 758 testimonia

229 773 291 804 tam
307 777 453 804 concinne
469 775 634 803 admiscere
645 774 773 803 orationi
788 783 862 809 sum,
876 777 909 802 ut
923 782 1059 810 gemmas

227 829 369 857 purpura:
384 828 445 848 non
465 822 594 855 assutae,
617 819 670 847 sed
692 819 733 847 ibi
756 821 844 847 natas
862 819 960 847 dicas:
985 827 1058 854 quo-

227 866 319 894 modo
333 872 404 900 ergo
419 864 603 901 ineptissime
617 864 691 892 illud
705 862 839 898 Joannis,
858 864 932 892 Cum
945 864 1058 892 venerit

230 911 420 942 Paracletus,
434 910 475 937 ita
500 909 626 943 citasset,
651 912 731 934 Ὅταν
750 908 810 944 ἔλθῃ
836 909 848 934 ὀ
873 908 1056 941 Παρακλητος,

225 959 269 981 νὺν
283 954 476 990 ἀνεγινώσκετο.
492 956 524 979 Σὺ
541 952 601 980 δέ...
618 953 692 981 Cum
705 954 820 982 venerit
831 954 1012 982 Paracletus
1023 954 1056 986 ιε,

224 1008 308 1028 nunc
319 1000 482 1036 tegebatur.
494 1000 537 1026 Tu
549 1006 629 1032 vero,
643 1001 700 1026 etc.
720 998 768 1026 Vir
778 998 886 1034 aliquis
899 998 1057 1034 imperitus

227 1045 412 1081 Scripturam
441 1044 483 1071 ita
510 1045 690 1080 praepostere
724 1043 815 1070 citare
849 1043 956 1079 potuit,
994 1050 1056 1070 non

224 1097 355 1125 magnus
376 1089 424 1116 ille
443 1088 582 1122 Basilius,
601 1088 654 1124 qui
669 1088 829 1124 Scriptura
844 1087 938 1116 verba
957 1087 1056 1123 aptius

223 1135 323 1163 locare
346 1134 462 1170 optime
491 1135 626 1160 noverat.
655 1133 714 1160 Nec
737 1131 811 1160 illud
832 1132 979 1165 omittam,
1003 1131 1056 1159 ubi

224 1179 316 1216 paulo
329 1180 397 1214 pOSt
410 1177 518 1212 legitur
531 1178 611 1213 (pag.
623 1177 700 1212 6H):
712 1180 810 1213 ’Ὠσπερ
822 1177 869 1202 οὐκ
883 1178 919 1202 ἔνι
934 1178 1055 1212 σ’ἇναγέν.

224 1233 300 1254 unto;
320 1225 385 1254 Θεὸς
405 1223 499 1259 ἔτερος,
527 1222 618 1255 οὕτως,
645 1223 701 1249 etc.
723 1222 809 1249 Sicut
831 1229 890 1249 non
912 1224 954 1250 est
977 1222 1054 1249 Deus

224 1269 314 1301 alter,
329 1269 384 1303 qui
395 1274 511 1303 quoque
526 1273 588 1294 una
602 1273 669 1294 cum
683 1267 747 1300 ipso
766 1267 804 1293 sit
818 1266 980 1301 ingenitus,
999 1267 1053 1298 ita,

224 1315 292 1347 etc.,
317 1312 361 1340 ibi
384 1311 469 1340 mihil
490 1311 585 1338 videri
606 1310 757 1338 exoticum
778 1310 925 1346 quiddam
944 1310 1053 1338 inesse.

226 1358 350 1386 Basilius
363 1357 445 1384 enim
462 1357 498 1382 ἔνι
521 1363 577 1392 pro
593 1355 651 1381 ἐστί
666 1355 708 1382 uti
722 1362 784 1382 non
809 1355 893 1382 solet.
920 1356 1006 1387 Quod
1031 1355 1056 1382 si

226 1403 358 1438 cuipiam
371 1409 407 1429 ex
420 1409 477 1428 suo
493 1408 583 1428 sensu
602 1399 639 1427 de
660 1399 724 1427 aliis
741 1399 878 1435 judicare
903 1400 948 1428 fas
967 1403 1054 1434 esset,

227 1446 432 1476 testimonium
445 1445 528 1481 quod
543 1444 694 1480 proferam
704 1444 750 1472 vel
762 1444 885 1472 unicum
896 1445 967 1473 satis
979 1453 1057 1479 esset

228 1492 268 1521 ad
279 1492 358 1520 hanc
373 1491 540 1519 orationem
554 1489 786 1525 repudiandam.
802 1491 828 1517 ls
843 1492 954 1525 autem,
964 1498 1056 1526 quem

228 1537 297 1566 dico
310 1537 396 1564 locus
411 1534 561 1571 ejusmodi
573 1536 617 1561 est
632 1533 748 1570 (ibid):
773 1534 826 1560 Λιά
844 1536 873 1560 τὸ
889 1539 964 1571 σῶμα
983 1534 1057 1561 ἔλαϐε

229 1585 302 1618 νέφος
320 1584 350 1607 τό
367 1581 469 1617 σῶμαό
489 1582 584 1614 Λόγος,
606 1579 646 1604 ἶνα
660 1582 695 1615 μὴ
713 1579 856 1616 καταφλέξῃ
878 1581 911 1605 τὰ
930 1581 1055 1616 ὁρώμενα.

230 1628 363 1661 Propter
381 1633 490 1659 corpus
513 1624 640 1652 Verbum
662 1624 769 1652 nubem
795 1625 966 1659 assumpsit,
992 1633 1057 1652 cor-

228 1679 288 1706 pus
303 1670 450 1700 videlicet,
463 1676 502 1696 ne
524 1675 572 1696 res
597 1667 727 1695 visibiles
747 1668 944 1696 combureret.
969 1669 1058 1696 Pauci

232 1723 317 1750 sane,
327 1714 351 1742 si
360 1713 516 1750 publicam
527 1712 694 1740 orationem
706 1712 745 1740 ad
751 1712 896 1748 populum
904 1712 1058 1748 haberent,

233 1760 274 1789 ita.
285 1759 370 1796 loqui
384 1758 500 1790 vellent,
518 1756 564 1783 διά
579 1758 608 1782 τὸ
625 1760 700 1793 σῶμα
718 1756 792 1782 {Ach
805 1758 878 1793 νέφος
902 1759 931 1783 τό
951 1762 1027 1794 σῶμα
1047 1759 1060 1783 ὁ

234 1807 329 1840 Λόγος,
342 1811 433 1832 causa
443 1803 589 1837 corporis,
616 1802 741 1830 Verbum
761 1801 866 1829 nubem
887 1801 1060 1836 assumpsit,

235 1856 344 1884 corpus
355 1848 504 1879 videlicet,
517 1855 584 1874 cum
598 1846 628 1874 in
636 1846 683 1874 his
692 1846 790 1874 verbis
802 1846 872 1874 insit
880 1846 998 1881 mystici
1007 1845 1060 1873 ali-

234 1894 320 1930 quid,
334 1892 418 1929 quod
437 1891 601 1920 oratorium
617 1890 737 1918 dicendi
751 1898 848 1926 genus
863 1898 924 1918 non
940 1890 1060 1918 deceat:

236 1939 290 1966 sed
305 1937 416 1970 nullus,
431 1937 489 1964 nisi
497 1935 584 1963 valde
596 1935 693 1966 fallor,
710 1935 856 1963 hactenus
869 1934 952 1965 dixit,
965 1942 1062 1971 neque

237 1983 314 2011 serio
337 1982 368 2009 in
387 1984 542 2017 posterum
566 1980 654 2013 dicet,
679 1979 747 2007 ideo
768 1987 879 2015 corpus
900 1986 918 2007 a
936 1979 1062 2007 Domino

238 2029 429 2063 assumptum
444 2025 545 2058 fuisse,
560 2032 597 2052 ne
611 2032 658 2052 res
673 2023 803 2052 visibiles
819 2023 1017 2052 combureret.
1031 2025 1064 2051 Et

237 2080 308 2100 vero
323 2070 473 2107 ejusmodi
487 2068 704 2097 lncarnationis
718 2076 812 2096 causa
827 2068 899 2096 mihi
914 2067 1032 2096 videtur
1046 2076 1064 2096 a

238 2116 393 2145 communi
408 2114 565 2142 hominum
580 2121 671 2141 sensu
682 2115 743 2140 tam
754 2111 860 2146 aliena,
873 2114 980 2140 uteam
991 2112 1064 2140 nulli

238 2161 323 2189 alteri
337 2167 472 2196 unquam
486 2159 516 2186 in
530 2160 661 2186 mentem
674 2157 792 2185 venisse
811 2159 926 2193 putem.
949 2157 1016 2192 Sed,
1034 2159 1066 2185 ut

239 2215 320 2234 nunc
334 2206 373 2233 de
387 2204 501 2233 cateris
512 2206 637 2236 taceam,
645 2202 795 2230 atﬁrmare
805 2202 903 2230 ausim
912 2202 1063 2237 Basiliam,

239 2251 394 2280 hominem
402 2249 546 2277 acerrimo
555 2247 669 2282 judicio
676 2247 846 2283 praeditum,
854 2247 891 2274 de
898 2247 1066 2283 taminepta

239 2297 356 2326 ratione
370 2303 407 2323 ne
426 2301 479 2330 per
498 2293 652 2320 somnium
673 2291 797 2328 quidem
816 2292 973 2327 cogitasse.
996 2293 1065 2320 For-

241 2346 319 2372 tasse
341 2343 445 2369 auctor
460 2339 594 2371 timebat,
616 2346 654 2366 ne
677 2338 805 2365 Verbum
827 2340 983 2370 aeternum,
1007 2338 1066 2366 nisi

240 2388 378 2416 indueret
400 2392 532 2415 carnem,
558 2385 654 2411 totum
674 2384 821 2410 terrarum
850 2382 955 2411 orbem
975 2383 1066 2411 Phae-

241 2431 354 2461 thontis
369 2429 508 2465 exemplo
522 2429 738 2456 concremaret.

277 2479 322 2505 2t.
343 2475 475 2504 Arbitror
489 2473 577 2508 igitur
597 2473 675 2500 hanc
697 2472 873 2500 concionem
890 2472 988 2500 Basilii
1004 2480 1066 2500 non

242 2530 324 2551 esse:
340 2520 394 2548 sed
408 2518 544 2553 alicujus,
567 2517 619 2553 qui
634 2524 703 2545 eum
719 2517 829 2545 imitari
847 2517 982 2545 voluerit.
999 2517 1066 2545 Mihi

243 2568 323 2596 enim
346 2563 506 2593 verisimile
519 2562 551 2590 ﬁt
565 2563 629 2598 ejus
649 2564 813 2593 auctorem,
829 2562 1002 2598 quicunque
1017 2562 1066 2590 ille

243 2611 307 2645 fuit,
324 2610 382 2638 sibi
397 2607 577 2637 imitandam
591 2607 788 2644 proposuisse
803 2606 969 2634 orationem
986 2614 1064 2638 eam,

242 2664 312 2693 qua:
326 2654 507 2689 inscribitur,
518 2653 633 2681 Contra
643 2652 844 2685 Sabellianos,
858 2653 886 2679 et
906 2651 1015 2680 Arium
1037 2654 1065 2679 et

242 2701 417 2730 Anomteos:
437 2706 500 2735 qua
514 2697 551 2726 de
565 2705 597 2726 re
611 2697 660 2726 vix
672 2696 879 2725 dubitaturum
903 2697 987 2732 puto,
1012 2695 1065 2731 qui

295 2790 319 2829 f5
339 2789 425 2819 Joan.
440 2796 487 2825 xv,
504 2790 547 2818 '26.
587 2788 610 2806 ¹⁶
629 2788 714 2816 Joan.
731 2793 788 2822 xxv,
806 2786 850 2817 16.

992 131 1173 160 PREFATIO
1178 151 1185 158 .

1913 130 1949 158 48

1082 200 1104 225 Α
1120 193 1197 222 duas
1213 194 1268 222 has
1281 195 1431 223 orationes
1443 194 1601 230 diligenter
1612 194 1808 230 legerit(tom.
1817 195 1851 227 ll,
1863 193 1946 221 hom.

1120 239 1175 271 24).
1189 239 1285 267 Velim
1299 242 1398 268 autem
1408 239 1534 268 studiosi
1547 239 1702 268 attendant
1715 239 1844 267 maxime
1854 238 1893 266 ad
1904 238 1947 266 in-

1120 283 1217 317 signia
1231 283 1372 319 quaedam
1387 284 1465 317 loca,
1475 292 1543 320 quae
1558 283 1606 311 hic
1622 291 1773 319 apponere
1789 290 1850 310 non
1867 282 1948 318 pige-

1119 327 1171 355 bit.
1188 328 1314 356 Basilius
1327 328 1416 363 igitur
1429 327 1472 355 sic
1485 328 1616 364 loquitur
1632 331 1710 364 (pag.
1733 330 1779 355 191
1803 330 1832 355 et
1851 327 1945 363 seq.):

1120 374 1190 400 Δεινὴ
1207 374 1256 409 γὰρ
1272 371 1440 408 ἀγνωμοσύνη
1457 375 1492 408 μὴ
1517 370 1714 407 καταδέχεσθαι
1735 373 1768 397 τὰ
1792 370 1947 407 διδάγματα

1118 420 1163 442 τοῦ
1180 419 1284 453 Κυρίου,
1298 417 1417 454 εὐκρινῶς
1433 415 1587 448 διιστῶντος
1604 418 1665 453 ἡμῖν
1678 421 1727 443 τῶν
1740 420 1886 453 προσώπων
1902 418 1946 445 τὴν

1118 460 1266 498 ἑτερότητα.
1308 462 1365 488 Ἐὰν
1403 463 1453 498 γὰρ
1497 461 1608 494 ἀπέλθω,
1650 464 1726 498 φησὶ,
1770 461 1945 498 παρακαλέσαι

1117 507 1160 531 τόν
1198 508 1311 543 Πατέρα,
1346 509 1390 532 καὶ
1432 506 1508 532 ἄλλον
1537 506 1634 543 πέμψει
1671 505 1840 543 Παράκλητον
1872 507 1942 541 ὑμῖν.

1117 550 1217 576 Οὐκοῦν
1241 553 1301 582 Tu};
1316 552 1361 587 μὲν
1381 551 1393 576 ὁ
1416 551 1582 588 παρακαλῶν,
1612 552 1703 587 Πατὴρ
1727 548 1757 576 δε
1790 551 1803 576 ὁ
1825 559 1945 587 παρακα-

1115 591 1246 629 λούμενος,
1284 593 1453 630 Ιιαράκλητος
1477 591 1506 619 δὲ
1529 594 1542 619 ὁ
1564 592 1794 628 ἀποστελλόμενος.
1819 592 1878 629 Ἆρ’
1899 590 1944 618 οὗν

1115 637 1144 663 οὐ
1167 642 1280 675 φανερῶς
1304 637 1487 674 ἀναισχυντιῖς
1509 637 1620 670 ἁκούων,
1644 637 1693 673 ἐγὼ
1717 640 1776 674 περὶ
1801 641 1847 663 τοῦ
1869 640 1943 671 Troi,

1115 682 1208 713 ἐκεῖνος
1220 681 1250 709 δὲ
1262 685 1320 719 περὶ
1335 688 1380 709 τοῦ
1397 685 1509 719 Πατρός⁷
1537 683 1612 714 ἄλλος
1636 683 1695 719 περὶ
1723 687 1768 709 τοῦ
1794 686 1942 718 Πνευματος

1114 731 1159 753 τοῦ
1183 727 1268 763 ἁγίου,
1297 730 1342 754 καὶ
1371 729 1456 754 πάντα
1477 729 1561 765 φύρων
1689 729 1739 754 Καὶ
1758 730 1793 764 μή
1810 737 1855 764 μοι
1870 736 1941 764 περι-

1115 770 1267 809 δραμόντες,
1291 773 1348 799 ὅσοι
1372 773 1386 802 ἡ
1412 775 1446 809 μὴ
1468 773 1568 804 τελείως
1589 777 1644 804 τοῖς
1663 772 1808 809 λεγομένοις
1832 772 1940 802 ἠκολου-

1115 818 1220 852 θήσατε,
1245 817 1260 846 ἢ
1285 819 1348 854 πρὸς
1377 817 1498 855 ἐπήρειαν
1529 819 1598 854 ἡμᾶς
1622 820 1818 854 περιεστήκατε,
1842 818 1871 844 οὐ
1897 817 1943 844 λα-

1079 861 1165 892 Βϐεῖν
1195 872 1220 888 τι
1246 862 1308 899 παρ’
1337 864 1410 898 ἡμῶν
1441 862 1566 899 ὠφέλιμον
1589 862 1781 895 ἐπιζητοῦντες,
1811 862 1876 888 ἀλλὰ
1899 863 1943 888 λα-

1114 906 1205 932 ϐέσθαι
1234 909 1308 944 εινὸς
1348 911 1398 933 τῶν
1428 907 1569 943 λεγομένων
1610 907 1802 944 ἐπιτηροῦντες,
1840 909 1940 936 εἳπητν

1114 949 1161 977 δύο
1183 952 1255 982 Θεοὺς
1278 953 1418 988 κηρύσσει.
1430 973 1436 979 .
1448 973 1454 979 .
1466 973 1472 980 .
1483 973 1489 980 .
1501 973 1508 979 .
1520 973 1525 979 .
1558 950 1664 981 Ἐπειδὴ
1696 951 1725 979 δε
1753 956 1942 990 περιεστήκατε

1112 997 1190 1032 ἡμᾶς,
1216 995 1341 1024 δικασταὶ
1374 997 1471 1033 μᾶλλον
1499 997 1514 1026 ἢ
1544 999 1670 1034 μαθηταὶ,
1699 999 1768 1034 ἡμᾶς
1793 996 1941 1035 δοκιμάσαι

1112 1039 1274 1076 βουλόμενοι⁷
1298 1041 1344 1067 οὐκ
1361 1042 1437 1068 αὐτοί
1459 1052 1484 1068 τι
1504 1041 1589 1068 λαϐεῖν
1614 1042 1809 1074 ἐπιζητοῦντες.
1821 1064 1827 1070 .
1839 1064 1845 1070 .
1858 1065 1863 1070 .
1876 1064 1882 1071 .
1907 1044 1941 1069 Οἱ

1112 1083 1140 1111 δὲ
1155 1087 1314 1122 χωρίζοντες
1331 1088 1432 1123 Πατρός
1449 1089 1492 1112 καὶ
1505 1090 1577 1119 Υιοῠ,
1594 1089 1638 1112 καὶ
1668 1091 1699 1123 τῇ
1724 1090 1806 1114 κτίσει
1832 1097 1940 1124 συναρι-

1111 1130 1233 1164 θμοῦντες
1255 1132 1283 1156 τὸ
1301 1133 1403 1166 Πνεῦμα
1427 1129 1512 1162 ἀτελὲς
1535 1132 1580 1167 μὲν
1604 1135 1711 1157 ποιοῦσι
1731 1133 1760 1157 τὸ
1786 1130 1938 1168 βάπτισμα,

1111 1173 1198 1203 ἐλλιπῆ
1239 1173 1268 1200 δε
1307 1177 1350 1203 τὴν
1388 1175 1522 1211 όμιλογίαν
1563 1180 1610 1206 τῆς
1651 1178 1831 1207 πίστεως....
1861 1176 1940 1202 Οὕτω

1110 1219 1154 1254 μὲν
1167 1218 1210 1244 οὖν
1230 1219 1289 1245 οὗτε
1304 1224 1449 1255 καινοτομῶ
1468 1220 1582 1256 ῥήματα,
1599 1221 1658 1246 οὔτε
1678 1219 1759 1246 ἀθετῶ
1785 1223 1832 1249 τήν
1852 1219 1939 1252 ἀξίαν·

1109 1265 1170 1293 τοὺς
1184 1261 1213 1289 δὲ
1233 1263 1379 1300 τολμῶντας
1396 1267 1494 1300 κτίσμα
1514 1267 1726 1302 προσαγορεύειν,
1752 1267 1868 1297 στενάζω
1892 1269 1938 1293 καὶ

1110 1305 1252 1344 οδύρομαι.
1281 1309 1359 1336 Nam
1381 1309 1486 1344 ingens
1500 1309 1676 1344 improbitas
1691 1313 1744 1346 est,
1766 1319 1826 1338 non
1846 1313 1938 1340 susci-

1109 1359 1180 1385 pere
1190 1352 1366 1380 documenta
1376 1354 1504 1384 Domini,
1517 1354 1570 1389 qui
1584 1354 1667 1382 nobis
1674 1355 1833 1389 perspicue
1842 1356 1937 1384 aliam

1109 1404 1268 1431 personam
1284 1397 1321 1425 ab
1345 1398 1408 1425 alia
1433 1398 1603 1433 distinguit.
1631 1410 1646 1424 «
1661 1399 1695 1427 Si
1721 1401 1798 1428 enim
1824 1401 1938 1436 abiero,

1110 1441 1220 1476 inquit,
1234 1442 1346 1477 rogabo
1365 1443 1498 1475 Patrem,
1509 1446 1539 1471 et
1549 1444 1644 1471 alium
1659 1445 1854 1473 Paractetum
1868 1447 1939 1473 mit-

1112 1489 1151 1513 tet
1167 1486 1248 1514 vobis
1260 1487 1294 1515 ιδ.
1311 1498 1326 1512 ››
1352 1487 1458 1523 Itaque
1470 1487 1569 1515 Filius
1584 1491 1626 1516 est
1647 1489 1701 1524 qui
1721 1492 1820 1524 rogat,
1845 1491 1941 1519 Pater

1077 1528 1096 1556 C
1112 1533 1154 1558 est
1176 1531 1229 1566 qui
1249 1534 1387 1566 rogatur,
1413 1532 1589 1560 I’aracletus
1609 1540 1688 1567 vero,
1718 1535 1770 1570 qui
1797 1535 1939 1564 mittitur.

1112 1576 1218 1604 Nonne
1244 1583 1314 1611 ergo
1338 1579 1440 1611 aperte
1466 1577 1624 1612 impudens
1653 1586 1690 1614 es,
1717 1580 1770 1614 qui
1797 1587 1864 1608 cum
1887 1588 1942 1609 au—

1113 1621 1189 1655 dias,
1205 1629 1258 1656 ego
1273 1621 1309 1649 de
1323 1622 1414 1656 Filio,
1439 1622 1492 1650 ille
1513 1622 1550 1650 de
1562 1623 1665 1658 Patre,
1678 1624 1758 1652 alius
1771 1625 1808 1652 de
1821 1625 1943 1660 Spiritu

1113 1670 1227 1701 sancto,
1241 1668 1344 1696 misces
1359 1671 1458 1696 tamen
1469 1669 1602 1697 omnia?.
1682 1670 1722 1697 Et
1747 1670 1831 1704 mihi,
1853 1675 1944 1706 quot-

1115 1715 1185 1747 quot
1202 1715 1255 1740 aut
1270 1720 1329 1740 non
1337 1713 1472 1748 perfecte
1483 1713 1568 1742 dicta
1583 1715 1713 1742 assecuti
1723 1715 1802 1749 estis,
1823 1718 1876 1743 aut
1891 1723 1944 1744 ca-

1116 1757 1290 1785 lumniandi
1300 1765 1392 1785 causa
1406 1766 1460 1786 nos
1475 1759 1685 1792 circumstatis,
1699 1767 1760 1788 non
1774 1764 1945 1795 quaerentes

1116 1803 1148 1828 ut
1161 1808 1199 1829 ex
1213 1801 1297 1828 nobis
1315 1802 1434 1837 aliquid
1455 1803 1583 1837 capiatis
1597 1804 1797 1839 emolumenti,
1818 1805 1869 1833 sed
1891 1805 1944 1833 ob-

1116 1848 1268 1874 servantes
1283 1849 1316 1873 ut
1327 1847 1445 1881 aliquid
1454 1855 1555 1875 eorum
1571 1855 1638 1883 qute
1654 1848 1781 1877 dicimus
1797 1851 1943 1885 carpatis,

1117 1898 1154 1918 ne
1191 1891 1464 1920 circumcursantes
1500 1892 1653 1920 dixeritis:
1686 1894 1841 1922 Prcedicat
1874 1895 1945 1924 deos

1117 1935 1250 1963 duos.....
1264 1935 1409 1969 Quoniam
1423 1939 1519 1964 autem
1533 1937 1735 1966 circumstatis
1750 1946 1813 1973 nos,
1824 1940 1946 1974 judice:

1118 1980 1213 2014 magis
1234 1987 1324 2015 quam
1350 1980 1500 2014 discipuli,
1526 1981 1579 2016 qui
1602 1981 1732 2016 probare
1752 1991 1805 2011 nos
1834 1985 1945 2019 velitis,

1118 2031 1178 2051 non
1206 2027 1305 2052 autem
1326 2025 1489 2060 quidquam
1519 2025 1632 2054 discere
1654 2029 1856 2062 quteratis.....
1888 2030 1948 2063 Qui

1118 2070 1196 2096 enim
1210 2072 1353 2104 separant
1366 2077 1385 2097 a
1401 2070 1494 2098 Patre
1505 2073 1533 2099 et
1544 2071 1635 2105 Filio,
1652 2073 1680 2100 et
1693 2072 1774 2101 inter
1788 2077 1949 2104 creaturas

1119 2119 1281 2142 numerant
1295 2114 1454 2150 Spiritum,
1470 2118 1503 2143 ut
1520 2115 1700 2151 baptismum
1724 2118 1951 2154 imperfectum,

1081 2163 1102 2190 1)
1119 2159 1163 2186 ita
1176 2159 1298 2193 faciunt
1314 2159 1529 2194 confessionem
1542 2160 1616 2195 ﬁdei
1631 2161 1883 2197 imperfectam...
1900 2165 1952 2194 Sic

1119 2203 1215 2238 igitur
1237 2211 1332 2238 neque
1356 2212 1422 2232 sum
1447 2205 1605 2233 verborum
1633 2207 1828 2243 architectus,
1855 2217 1952 2245 neque

1119 2249 1306 2283 maiestatem
1320 2249 1451 2284 Spiritus
1465 2251 1592 2285 reprobo
1607 2259 1617 2278 .'
1641 2251 1693 2280 sed
1707 2260 1753 2280 eos
1767 2254 1820 2289 qui
1833 2258 1952 2283 creatu-

1119 2300 1186 2320 ram
1199 2293 1355 2327 appellare
1369 2294 1493 2328 audent,
1509 2295 1634 2330 deploro
1647 2295 1810 2333 deﬂeoque.
1834 2300 1950 2328 Auctor

1119 2345 1190 2365 vero
1203 2337 1244 2366 ita
1258 2338 1377 2375 scripsit
1397 2339 1479 2375 (pag.
1501 2341 1563 2373 610,
1593 2342 1677 2376 6l2):
1703 2342 1736 2368 Οἱ
1753 2342 1871 2369 πλεῖστοι
1895 2348 1947 2370 τῶν

1119 2385 1253 2419 παρόντων
1266 2384 1439 2418 κατάσκοποι,
1455 2383 1551 2419 μᾶλλον
1570 2385 1621 2411 εἱσι
1635 2388 1798 2413 κατάσκοποι
1812 2392 1861 2414 τῶν
1873 2388 1948 2424 λεγοε

1120 2429 1210 2464 μένων,
1223 2427 1238 2456 ἣ
1255 2429 1371 2464 μαθηταὶ
1385 2432 1435 2454 τῶν
1451 2426 1632 2466 διδαγμάτων·
1652 2433 1695 2457 καὶ
1718 2431 1793 2467 λόγος
1815 2432 1947 2464 ἐπιζητεῖ-

1121 2482 1164 2498 ται
1185 2472 1215 2498 οὗ
1230 2474 1294 2508 πρὸς
1321 2470 1463 2509 οἰκοδομὴν
1480 2477 1530 2498 τῶν
1547 2476 1691 2511 παρόντων,
1716 2474 1782 2502 ἀλλὰ
1804 2477 1869 2513 πρός
1897 2477 1946 2504 ἑπ-

1121 2519 1209 2553 ἠρειαν
1234 2521 1282 2542 τῶν
1302 2515 1499 2554 ἐφιδρευόντωνι
1525 2517 1571 2544 κᾶν
1597 2521 1642 2555 μέν
1671 2529 1696 2545 τι
1724 2519 1808 2557 λεχθῇ
1835 2521 1947 2558 συμϐαῖ-

1120 2572 1162 2587 νον
1187 2565 1244 2592 ταῖς
1264 2561 1414 2597 ἐπιθυμίαις
1448 2566 1498 2588 τῶν
1535 2562 1770 2600 ἐξοστρακιζόντων
1806 2568 1853 2595 τὴν
1879 2570 1946 2603 γνώο

1120 2615 1181 2642 μην,
1207 2604 1308 2635 ἀπῆλθε
1330 2603 1537 2642 καταδεξάμενος
1559 2607 1593 2638 ὡς
1617 2609 1646 2633 τὸ
1676 2606 1745 2634 ῖδιον
1768 2610 1848 2646 εὑρὼν
1883 2611 1947 2648 παρ’

1120 2651 1252 2686 ἡμῖν......
1285 2649 1352 2676 Ἐκεῖ
1383 2649 1655 2680 ἀντικαταστήσανταί
1686 2663 1732 2690 μοι
1763 2655 1789 2680 οἱ
1823 2657 1871 2684 τὴν
1901 2655 1948 2682 ἄπ-

1119 2697 1207 2731 ἡρείαν
1227 2695 1325 2724 ταύτην
1337 2694 1571 2732 ῥάπτοντες........
1587 2699 1712 2726 Τί........
1729 2698 1787 2736 ἐμοὶ
1801 2699 1923 2738 πολεμεῖς
1936 2709 1945 2736 ;
