2020 3140
73 151 106 178 49
824 141 1007 170 ΡΒιΕΡΑΤΙΟ
1012 162 1018 169 .
1749 148 1783 175 50

72 211 92 237 εἰ
105 219 223 236 πιστευω
238 209 274 240 εἰς
291 211 403 246 Πατέρα,
420 209 442 235 εἱ
457 209 574 245 ὁμολογῶ
589 210 632 234 τὸν
646 209 715 240 Υὶὸν,
733 206 754 233 εἰ
767 208 800 243 μή
816 205 898 232 ἀθετῶ

956 204 1136 239 opusculum
1156 205 1214 242 ipsi
1233 207 1398 243 ascriptum
1420 208 1464 237 sit.
1487 209 1555 237 Hmc
1579 211 1679 237 autem
1699 210 1782 237 lucu-

72 257 99 282 τὸ
112 258 228 291 Πνεῦμα.
246 255 278 280 Εἰ
294 255 307 280 ό
322 252 424 291 Τριάδα
439 253 579 290 ὁμολογῶν,
596 257 663 289 τρεῖς
679 252 800 288 ὀνομάζει
816 251 898 282 θεοὺς,

72 300 157 327 ἀθετεῖ
169 302 198 326 τὸ
214 299 367 337 βάπτισμα,
381 301 424 325 καὶ
435 299 542 335 πολεμεῖ
554 302 585 334 τῇ
602 300 746 324 πίστει.....
761 297 793 322 σὺ
804 293 833 321 δε
844 299 900 325 ταῖς

73 347 258 381 συκοφαντίαις
273 344 392 381 ἀφορμὴν
408 344 443 375 εἰς
458 343 577 380 ἐπήρειαν
592 344 754 372 τέθεικας....
770 341 808 367 0‘3
830 338 898 376 δέχῃ

72 400 153 416 τοιννν
173 393 221 415 τοῦ
238 388 412 426 Παρακλήτον
431 391 478 417 τὴν
494 388 649 425 εὐεργεσίαν
667 386 682 416 ἢ
698 388 763 421 οῡχὶ
779 386 791 411 ὁ
807 386 901 421 Κύριος

72 435 140 469 αὐτῷ
171 435 272 463 ταύτην
298 436 344 462 τὴν
366 435 544 470 προσηγορίαν
569 433 674 467 πρέπειν
702 431 872 467 ἐνομοθέτησε
894 438 900 460 ;

73 479 170 516 Πέμψω
186 480 249 515 ὑμῖν
264 481 310 504 καὶ
325 478 401 504 ἄλλον
418 477 596 514 Παράκλητον.
619 480 648 502 ‘0
666 478 709 502 καὶ
723 475 799 501 οὖλον
814 475 901 507 εἰπὼν,

72 524 123 560 οὐχ
138 524 232 550 ἑαυτὸν
247 521 330 554 ἔδειξε
340 525 390 560 πρὸ
399 526 444 548 τοῦ
455 522 590 549 οὒ.λου.....
607 521 637 547 Εἰ
647 520 676 547 δὲ
688 523 722 556 μὴ
735 520 824 553 θέλεις,
839 518 903 545 ἀλλά

72 568 232 605 φιλονεικεῐς,
254 567 388 604 καταγελῶ
410 576 457 593 σου
477 571 524 597 τῆς
542 567 640 600 ἀνοίας,
656 564 752 602 μᾶλλον
773 562 802 590 δὲ
821 563 903 589 κλαίω

73 623 119 639 σου
139 615 185 641 τὴν
204 612 314 649 τόλμαν.
330 612 464 640 Plurimi
477 618 579 639 eorum
594 611 648 646 qui
660 610 784 644 adsunt,
807 609 904 643 magis

70 661 139 686 sunt
156 658 366 692 exploratores
382 664 482 685 eorum
499 663 567 691 quae
581 655 709 683 dicenda
722 657 800 685 sunt,
813 661 903 689 quam

71 703 217 737 discipuli
231 709 333 730 eorum
349 709 416 737 quin
432 701 589 729 docentur.
611 701 710 736 Atque
733 699 904 734 exquiritur

72 748 186 781 concio,
215 755 277 774 non
297 749 331 774 ut
355 746 554 781 aediﬁcentur,
582 745 633 773 sed
654 747 687 772 ut
713 744 903 772 insidiatores

73 794 171 821 locum
198 792 330 820 habeant
354 791 574 819 calumniandi.
605 789 690 824 Quod
707 789 736 817 si
755 790 836 823 forte
861 788 901 815 di-

72 843 150 865 ctum
173 840 216 865 est
233 837 402 872 quidpiam,
423 835 503 872 quod
521 835 778 863 accommodatum
800 833 838 861 sit
863 832 903 861 ad

72 882 257 916 cupiditates
292 887 394 909 eorum
428 881 480 916 qui
511 880 689 908 sententiam
723 878 900 913 explodunt,

71 927 144 955 abiit
169 927 222 962 qui
243 925 372 958 audivit,
390 927 535 960 tanquam
554 925 581 952 si
598 924 631 952 id
649 924 728 960 quod
744 931 830 951 suum
848 925 899 956 est,

72 971 156 1005 apud
169 978 224 998 nos
240 970 424 1005 reperisset..
435 990 442 996 .
453 990 477 997 ..
500 970 552 997 Illi
565 969 640 996 mihi
653 976 690 997 ea;
705 968 830 996 adverso
845 968 900 995 sis-

72 1018 175 1043 tentur
189 1016 244 1051 qui
256 1015 333 1042 hanc
342 1014 524 1042 calumniam
535 1016 692 1042 consuunt.
702 1034 707 1040 .
719 1033 725 1040 .
737 1034 743 1040 .
753 1020 842 1040 .cur..
853 1033 859 1039 .
871 1034 877 1040 .
888 1033 895 1039 .

71 1068 117 1088 me
134 1060 215 1088 bello
231 1059 307 1094 petis
322 1059 336 1086 ?
354 1059 388 1086 Si
405 1059 493 1086 credo
513 1059 545 1086 in
566 1059 699 1091 Patrem,
717 1058 744 1085 si
758 1058 901 1091 conﬁteor

70 1105 195 1135 Filium,
213 1104 241 1132 si
257 1111 319 1131 non
337 1103 463 1138 reprobo
479 1103 638 1137 Spiritum.
657 1103 832 1130 Trinitatem
849 1102 901 1137 qui

70 1150 245 1183 conﬁtetur,
266 1149 293 1176 si
310 1148 378 1176 deos
398 1151 458 1176 tres
474 1148 617 1180 nominet,
638 1147 766 1182 abrogat
788 1146 899 1181 baptis-

69 1202 161 1230 mum,
185 1196 214 1222 et
232 1193 322 1227 ﬁdem
336 1193 573 1228 impugnat.....
594 1193 636 1219 Tu
655 1199 723 1220 vero
735 1192 806 1219 inde
817 1199 900 1219 occa-

68 1240 184 1267 sionem
200 1238 363 1272 arripuisti
378 1238 596 1270 calumniandi,
613 1240 645 1264 ut
660 1237 805 1271 injuriam
824 1237 901 1271 infe-

68 1292 164 1312 ras...
177 1304 184 1311 .
196 1304 203 1310 .
228 1283 296 1311 Non
311 1283 406 1318 igitur
419 1283 546 1317 suscipis
562 1282 716 1310 Paracleti
738 1281 899 1315 beneﬁcen-

69 1329 168 1356 tiam?
188 1335 231 1356 an
256 1335 318 1355 non
345 1327 490 1355 Dominus
512 1327 591 1355 hanc
617 1327 644 1355 ei
667 1327 900 1361 appellationem

70 1379 239 1408 congruere
253 1372 358 1399 sanxit
370 1372 383 1399 7
399 1382 412 1396 ‹‹
428 1372 548 1400 Mittam
560 1372 642 1400 vobis
657 1375 683 1400 et
699 1373 794 1399 alium
804 1372 900 1400 Para-

69 1417 181 1445 cletum
194 1417 229 1444 ¹⁷.
246 1427 260 1441 ››
275 1416 334 1450 Qui
343 1424 409 1444 cum
420 1419 447 1444 et
460 1417 556 1444 alium
566 1416 653 1449 dixit,
664 1424 764 1444 nonne
772 1417 900 1451 seipsum

71 1464 138 1490 ante
148 1462 247 1490 alium
262 1462 390 1489 ostendit
488 1461 572 1495 Quod
582 1462 608 1489 si
622 1462 710 1495 nolis,
719 1461 771 1489 sed
782 1464 900 1489 conten-

71 1507 136 1541 das,
152 1506 275 1534 derideo
291 1509 373 1534 tuam
388 1507 551 1535 amentiam
566 1515 578 1533 :
592 1507 650 1535 imo
662 1507 763 1541 potius
777 1506 900 1541 deploro

70 1555 152 1579 tuam
163 1551 338 1580 audaciam.
353 1551 409 1584 Qui
422 1559 493 1586 ergo
508 1551 572 1579 haec
581 1553 610 1579 et
624 1551 735 1580 similia
748 1551 815 1579 loca
824 1551 901 1579 inter
916 1558 936 1585 ο

69 1604 99 1624 se
107 1595 401 1632 comparavit,faci1e
414 1596 556 1632 intelliget
566 1604 644 1630 eam,
657 1597 695 1624 de
705 1605 766 1633 qua
780 1599 900 1624 contr0<

69 1641 170 1668 versia
180 1643 234 1676 est,
247 1641 414 1669 orationem
431 1649 466 1669 ex
477 1641 537 1669 alia
546 1641 711 1669 imitatione
724 1649 900 1678 expressam

68 1685 179 1713 fuisse:
196 1685 250 1714 sed
264 1686 308 1714 ita.
321 1689 434 1721 tamen,
448 1688 481 1714 ut
495 1686 666 1722 exemplum
682 1686 720 1714 ab
734 1686 900 1723 archetypo

69 1730 159 1758 distet
173 1739 268 1767 quam
287 1730 474 1765 longissime.
489 1732 585 1763 Quare
604 1739 673 1767 qua:
695 1730 804 1759 similia
819 1727 904 1764 sunt;

69 1777 173 1810 aperte
184 1775 350 1803 ostendunt
360 1775 449 1803 aliam
461 1775 629 1804 orationem
639 1783 674 1803 ex
684 1775 742 1803 alia
751 1775 899 1803 deforma-

71 1821 132 1847 tam
158 1822 185 1847 et
203 1819 334 1848 efﬁctam
352 1828 438 1848 esse:
459 1828 528 1856 qua:
547 1828 619 1848 vero
640 1820 810 1854 dissimilia,
830 1828 900 1848 cum

70 1864 166 1892 multa
176 1867 205 1892 et
218 1865 324 1900 gravia
336 1865 403 1899 sint,
415 1865 571 1902 utriusque
582 1865 736 1894 concionis
750 1873 810 1893 non
820 1873 902 1893 eum-

70 1908 140 1937 dem
156 1912 314 1937 auctorem
330 1917 395 1937 esse
411 1909 569 1938 manifeste
584 1910 725 1946 probant.
740 1911 771 1937 Et
784 1919 855 1939 vero
870 1911 902 1939 in

69 1955 199 1989 utraque
215 1954 351 1982 oratione
375 1956 436 1982 tam
451 1954 572 1982 diversa
591 1957 636 1982 est
649 1954 800 1983 scribendi
814 1955 901 2001 ratio,

70 2002 101 2025 ut
119 2006 190 2026 eam
215 1998 454 2034 discrepantiam
473 1998 526 2035 qui
541 2006 604 2026 non
618 1999 729 2035 videat,
747 2008 818 2028 suos
835 1998 902 2036 sibi;

69 2042 175 2070 oculos
192 2043 315 2071 claudat
327 2051 448 2071 necesse
459 2043 505 2072 sit.
517 2044 663 2072 Caeterum
676 2045 830 2073 neminem
841 2054 904 2074 mo-

69 2095 137 2115 vere
153 2087 254 2120 debet,
267 2088 351 2124 quod
358 2088 423 2116 haec
434 2087 698 2117 lucubratiuncula
709 2089 739 2116 in
751 2090 903 2118 veteribus

67 2131 155 2160 libris
172 2132 272 2160 Basilii
291 2140 402 2161 nomen
422 2133 572 2169 praeferat.
594 2135 668 2162 Cum
689 2134 769 2162 enim
785 2138 899 2169 auctor,

68 2180 222 2212 quantum
238 2177 269 2205 in
286 2185 318 2205 se
337 2178 400 2214 fuit,
423 2178 588 2206 Basilianus
608 2187 675 2207 esse
690 2180 845 2214 studuerit,
861 2181 900 2208 ab

69 2230 169 2258 eoque
186 2222 350 2250 sententias
364 2223 483 2258 aliquas
507 2224 682 2259 sumpserit,
697 2224 771 2252 nihil
790 2225 900 2253 mirum
916 2233 938 2260 Ι)

69 2267 166 2295 videri
182 2266 281 2297 debet.
307 2267 332 2295 si
350 2275 386 2296 ea.
405 2267 461 2304 ipsi
479 2268 590 2296 tributa
611 2269 658 2298 sit.
677 2270 797 2306 Aliquid
819 2270 902 2297 aliud

68 2311 134 2347 jam
150 2311 323 2347 aggrediar,
345 2312 398 2339 sed
418 2312 443 2339 si
464 2313 548 2348 prius
564 2321 711 2341 monuero
726 2315 837 2343 multas
856 2324 903 2343 va-

68 2356 183 2384 riantes
198 2356 343 2384 lectiones
358 2356 389 2384 in
404 2356 486 2384 libris
503 2357 633 2393 antiquis
649 2359 776 2387 inveniri
794 2367 800 2386 :
817 2360 903 2394 cujus

70 2401 113 2428 rei
131 2401 213 2429 hanc
233 2409 300 2428 esse
318 2409 442 2429 causam
466 2401 657 2437 arbitramur,
678 2403 760 2438 quod
779 2403 902 2440 librarii,

71 2445 123 2481 qui
136 2445 217 2473 hanc
232 2445 454 2474 oratiunculam
465 2454 526 2474 non
539 2447 610 2475 satis
621 2450 689 2483 apte
700 2449 903 2485 conscriptam

72 2489 217 2524 viderent,
236 2490 285 2518 alii
298 2489 383 2518 aliter
397 2499 465 2518 eam
478 2491 637 2520 emendare
649 2493 748 2521 conati
763 2494 830 2521 sint.
844 2515 847 2518 .

178 2555 192 2587 §
210 2553 284 2581 VIII.
301 2554 343 2582 De
359 2553 485 2582 homilia
501 2554 537 2582 de
552 2554 644 2583 libero
660 2555 796 2588 arbitrio,

107 2627 152 2653 22.
176 2625 253 2653 Cum
274 2632 366 2653 nemo
381 2625 527 2654 hactenus
545 2627 678 2662 genuina
699 2627 798 2656 Basilii
813 2636 905 2665 opera

72 2669 110 2697 ab
124 2670 303 2698 adulterinis
316 2679 471 2699 secernere
487 2672 544 2699 sibi
559 2672 631 2700 satis
647 2673 725 2701 serio
737 2681 904 2709 proposue-

72 2715 120 2750 rit,
132 2723 196 2744 non
207 2717 254 2744 est
268 2715 351 2752 quod
361 2716 513 2753 quispiam
526 2717 662 2752 miretur,
677 2717 702 2745 si
714 2718 772 2746 hoc
783 2727 906 2755 quoque

112 2787 133 2804 "
148 2787 239 2815 Joan.
253 2795 312 2822 xw,
330 2788 374 2815 16.

954 249 1145 278 bratiuncula
1160 251 1192 278 in
1206 251 1334 287 vulgatis
1349 254 1472 288 quidem
1485 254 1562 282 inter
1576 255 1716 283 homilias
1730 263 1782 291 po-

956 293 1012 321 sita
1026 297 1071 323 est
1084 303 1090 322 :
1108 295 1162 323 sed
1173 298 1273 324 tamen
1286 298 1311 326 si
1322 298 1452 326 duorum
1465 299 1614 328 codicum.
1629 300 1659 328 in
1670 301 1782 336 quibus

955 339 1112 375 reperitur,
1131 340 1275 369 habenda
1294 344 1338 369 est
1358 343 1459 380 aliqua
1480 345 1566 380 ratio,
1583 353 1643 372 non
1657 345 1783 373 homilia

957 386 1010 416 est,
1027 384 1079 411 sed
1096 385 1240 420 prologus
1256 387 1412 415 asceticus.
1429 390 1489 423 Ego
1510 397 1618 425 parum
1638 390 1782 418 interesse

956 431 1039 464 puto,
1061 431 1161 457 utrum
1183 431 1240 459 hoc
1257 432 1438 468 opusculum
1457 433 1581 463 homilia
1600 434 1726 467 dicatur,
1743 444 1783 464 an

958 474 1100 510 prologus
1115 476 1262 503 asceticus
1278 485 1284 504 :
1303 480 1402 505 utrum
1416 478 1513 506 Basilii
1526 479 1572 514 sit,
1589 487 1693 516 necne,
1709 481 1783 509 scire

957 519 1054 554 magis
1073 520 1171 548 refert.
1193 521 1377 557 Opusculum
1402 522 1433 550 in
1457 531 1489 551 se
1511 524 1585 552 dum
1612 525 1782 560 considero,

956 571 1027 591 vere
1042 564 1099 591 dici
1122 573 1212 600 posse
1233 565 1371 601 arbitror,
1392 575 1447 595 nec
1462 568 1622 604 prologum
1638 578 1714 605 esse,
1729 578 1784 598 nec

958 607 1125 637 homiliam.
1145 609 1221 637 Illud
1238 610 1318 638 enim
1342 614 1424 647 (pag.
1442 613 1515 647 615),
1534 616 1656 649 Μίμησαι
1675 616 1782 647 ταύτην,

959 651 978 678 ὦ
1012 655 1107 686 τέκνον,
1133 656 1259 691 μίμησαι.
1284 656 1407 685 Imitare
1441 658 1530 690 hanc,
1562 659 1630 692 ﬁlii,
1664 659 1785 688 imitare

958 700 1060 734 aperte
1084 699 1215 728 Ostendit
1234 700 1315 729 hanc
1337 701 1631 731 lucubratiunculam
1652 712 1714 732 non
1733 705 1784 732 ho-

957 743 1083 777 miliam,
1103 744 1157 772 sed
1176 744 1310 773 libellum
1333 746 1513 781 peculiarem
1530 756 1605 783 esse,
1623 749 1675 785 qui
1697 750 1785 777 unius

957 788 1088 816 hominis
1103 797 1195 817 causa
1216 790 1345 826 scriptus
1366 791 1415 819 sit.
1437 793 1641 829 Praetereaque
1663 794 1786 822 Basilius

958 841 1028 861 eum
1041 833 1071 860 in
1087 834 1148 861 suis
1164 834 1350 863 orationibus
1362 835 1525 872 alloquitur
1538 838 1696 873 populum,
1713 847 1786 867 voce

958 877 1078 914 ἁδελφός,
1103 887 1164 906 non
1181 887 1255 907 voce
1278 883 1364 906 τέκνον
1386 881 1487 909 utitur.
1508 882 1590 910 Prius
1616 886 1722 911 auctor
1745 884 1787 912 ita

954 923 1020 958 jam
1043 923 1162 951 locutus
1186 924 1304 952 fuerat:
1330 929 1473 963 Τοιγαροῦν
1499 926 1651 954 σπούδασον
1677 929 1785 965 ἄμωμον

956 969 1043 993 τέκνον
1056 971 1123 994 Θεοῦ
1134 970 1263 1004 γενέσθαι.
1278 970 1388 998 Curam
1403 971 1497 1006 igitur
1505 972 1537 999 in
1551 980 1582 999 eo
1588 980 1677 1007 pone,
1688 976 1720 1000 ut
1730 975 1787 1008 ﬁas

956 1013 1153 1041 intemeratus
1165 1014 1250 1047 ﬁlius
1263 1015 1319 1042 Dei
1335 1025 1341 1049 ;
1358 1023 1420 1051 quo
1436 1016 1607 1044 testimonio
1623 1017 1786 1046 conﬁrma-

957 1058 1003 1084 tur
1023 1057 1107 1093 quod
1122 1058 1264 1092 diximus,
1282 1062 1446 1091 auctorem,
1463 1069 1533 1088 cum
1551 1061 1616 1089 haec
1635 1062 1786 1090 scriberet,

956 1102 995 1130 ad
1011 1102 1131 1130 unicam
1147 1110 1311 1139 personam
1333 1105 1513 1140 respexisse.
1530 1107 1587 1133 Nec
1604 1106 1703 1134 minus
1719 1115 1786 1143 pcr-

956 1147 1094 1183 spicuum
1108 1150 1161 1181 est,
1176 1147 1274 1184 ipsam
1289 1149 1368 1176 hanc
1379 1149 1673 1179 lucubratiunculam
1688 1152 1786 1188 prolo-

956 1200 1028 1227 gum
1049 1192 1209 1220 asceticum
1227 1193 1333 1221 merito
1348 1195 1449 1222 vocari
1470 1203 1530 1222 non
1546 1203 1644 1231 posse,
1664 1205 1733 1224 cum
1755 1197 1786 1224 in

957 1245 992 1265 ea
1012 1237 1087 1264 nihil
1108 1237 1284 1272 reperiatur,
1300 1238 1383 1274 quod
1405 1239 1443 1267 ad
1458 1239 1532 1267 illud
1550 1241 1670 1268 vivendi
1689 1249 1785 1275 genus

957 1282 1112 1318 speciatim
1134 1282 1236 1310 referri
1261 1283 1393 1318 debeat;
1422 1287 1451 1312 et
1470 1284 1603 1321 alioquin
1628 1287 1674 1313 cui
1700 1287 1783 1322 operi

956 1327 1106 1363 ejusmodi
1122 1327 1266 1364 prologus
1281 1328 1397 1364 praeligi
1411 1332 1523 1365 posset,
1540 1338 1602 1358 non
1616 1330 1713 1358 video.
1727 1331 1784 1359 Sed

955 1371 1002 1400 his
1017 1372 1147 1405 omissis,
1164 1372 1203 1400 ad
1218 1373 1249 1400 id
1263 1373 1347 1409 quod
1361 1373 1452 1408 hujus
1468 1374 1679 1410 disputationis
1692 1378 1783 1412 caput

956 1418 1010 1449 est,
1028 1416 1146 1444 festinet
1166 1416 1274 1444 oratio.
1302 1419 1422 1451 Auctor,
1449 1418 1623 1455 quicunque
1645 1419 1691 1447 ille
1716 1419 1781 1455 fuit,

956 1461 1009 1498 qui
1027 1461 1105 1489 hanc
1128 1460 1424 1490 lucubratiunculam
1448 1463 1635 1499 conscripsit,
1663 1464 1783 1492 videtur

957 1505 1012 1533 sibi
1027 1505 1246 1541 disputandum
1261 1506 1455 1542 propOSuisse
1474 1507 1512 1535 de
1526 1507 1619 1536 libero
1635 1508 1756 1536 arbitrio
1773 1518 1779 1536 :

955 1549 986 1577 id
1000 1549 1084 1585 quod
1097 1549 1281 1585 judicarunt,
1298 1550 1350 1586 qui
1363 1550 1453 1578 breve
1468 1551 1542 1579 illud
1558 1551 1702 1588 scriptum
1718 1553 1781 1580 edi-
1808 1552 1813 1557 ’

955 1594 1035 1627 dere,
1054 1602 1124 1622 cum
1140 1595 1166 1622 ei
1182 1594 1300 1622 titulum
1314 1594 1446 1630 fecerint,
1467 1597 1508 1624 De
1529 1597 1622 1625 libero
1642 1597 1780 1626 arbitrio.

956 1639 1082 1667 Basilius
1106 1641 1218 1674 autem,
1244 1641 1276 1667 ut
1296 1642 1402 1668 notum
1420 1642 1473 1676 est,
1496 1641 1527 1668 in
1554 1641 1698 1670 omnibus
1720 1643 1781 1670 suis

955 1683 1096 1719 operibus
1112 1684 1244 1720 aliquem
1263 1684 1321 1712 sibi
1335 1684 1428 1713 ﬁnem
1447 1686 1600 1722 proponit,
1620 1694 1676 1714 nec
1692 1686 1730 1715 ab
1745 1694 1781 1715 eo

954 1727 1080 1755 discedit
1088 1727 1135 1754 vel
1147 1729 1354 1756 transversum
1365 1736 1510 1763 unguem,
1525 1730 1582 1758 nisi
1596 1730 1678 1766 prius
1695 1738 1782 1765 argu-

954 1774 1125 1800 mentorum
1136 1772 1281 1807 gravitate
1290 1774 1380 1809 atque
1390 1773 1581 1802 multitudine
1592 1775 1782 1811 propositum

956 1819 1112 1844 assecutus
1127 1816 1164 1844 sit
1180 1825 1186 1844 :
1206 1819 1312 1845 auctor
1329 1825 1412 1852 vero,
1435 1818 1572 1854 quisquis
1588 1822 1641 1853 est,
1660 1822 1782 1855 postea-

955 1869 1050 1897 quam
1069 1869 1168 1897 pauca
1182 1861 1326 1897 quaedam
1341 1862 1379 1890 de
1392 1862 1505 1891 invicta
1522 1863 1552 1891 vi
1568 1863 1660 1892 divini
1681 1864 1784 1892 auxilii

956 1906 1041 1942 dixit,
1052 1914 1177 1943 prorsus
1191 1907 1273 1936 aliud
1283 1908 1354 1943 agit,
1364 1908 1457 1944 idque
1467 1909 1508 1937 ita
1524 1909 1657 1943 confuse,
1674 1912 1707 1938 ut
1720 1918 1782 1946 quo

957 1952 1144 1988 spectaverit,
1163 1952 1293 1980 nescias.
1315 1952 1370 1981 Ubi
1384 1953 1474 1988 igitur
1494 1954 1532 1982 de
1549 1954 1645 1982 libero
1660 1955 1782 1983 arbitrio

957 1998 1064 2034 paucis
1092 1998 1210 2025 locutus
1230 1999 1284 2032 est,
1308 1998 1409 2026 statim
1432 1999 1532 2034 potius
1551 1999 1673 2035 quidvis
1699 2000 1783 2028 aliud

956 2046 1074 2072 tractat.
1097 2045 1139 2071 tta
1168 2043 1248 2071 enim
1273 2043 1374 2071 scribit
1397 2046 1479 2080 (pag.
1510 2046 1573 2079 613)
1598 2053 1604 2071 :
1639 2048 1781 2082 Τοιγαροῦν

958 2088 1027 2124 εἴπερ
1044 2087 1133 2124 βούλει
1148 2088 1249 2124 μαθεῖν,
1265 2090 1331 2119 τίνος
1347 2089 1426 2114 ἕνεκεν
1441 2090 1587 2121 κτισθέντες
1606 2092 1650 2116 καὶ
1669 2091 1781 2122 τεθέντες

958 2133 983 2159 ἐν
997 2131 1162 2169 παραδείσῳ,
1178 2132 1323 2158 τελευταῖον
1338 2133 1588 2170 συμπαρεϐλὴθημεν
1598 2139 1651 2166 τοῖς
1663 2134 1781 2166 ἀνοήτοις

957 2182 1071 2211 κτήνεσι,
1098 2181 1142 2204 καὶ
1169 2178 1340 2214 ὡμοιώθημεν
1368 2179 1466 2210 αὐτοῖς,
1496 2178 1710 2211 ἀποπεπτωκοτες
1733 2185 1781 2211 τῆς

957 2223 1090 2260 ὰχράντου
1120 2222 1210 2255 δόξης,
1236 2225 1356 2258 γίνωσκε,
1383 2222 1473 2252 ἐπειδὴ
1505 2222 1550 2250 διὰ
1573 2229 1620 2255 τῆς
1647 2230 1782 2261 παρακοῆς

959 2267 1048 2294 ὃοὺλοι
1077 2272 1124 2298 τῆς
1159 2269 1254 2305 σαρκὸς
1284 2271 1338 2298 τοῖς
1370 2267 1466 2294 πάθεσι
1498 2269 1637 2305 γενόμενοι,
1674 2270 1782 2302 ἑαυτοὺς

958 2312 1124 2348 ἀπῳκίσαμεν
1153 2317 1200 2343 τῆς
1229 2315 1360 2349 μακαρὶας
1392 2317 1440 2339 τῶν
1474 2314 1574 2344 ζώντων
1605 2317 1706 2352 χώρας,
1738 2318 1782 2342 καὶ

958 2357 983 2383 ἐν
995 2357 1168 2393 αἰχμαλωσίᾳ
1181 2359 1320 2393 γενόμενοι,
1335 2359 1373 2383 ἔτι
1388 2357 1430 2383 ἐπι
1440 2362 1489 2383 τῶν
1501 2363 1624 2394 ποταμῶν
1635 2359 1783 2391 Βαϐυλῶνος

958 2404 1113 2434 καθέζεσθαι
1126 2412 1132 2419 ο
1149 2405 1192 2428 καὶ
1204 2401 1250 2428 διὰ
1265 2405 1293 2428 τὸ
1306 2404 1344 2428 ἔτι
1359 2402 1384 2428 ἐν
1400 2403 1523 2439 Αἰγύπτῳ
1536 2405 1604 2440 ἡμᾶς
1613 2407 1782 2441 κατέχεσθαι,

959 2449 1030 2474 οὔπω
1054 2447 1298 2484 ἐκληρονομήσαμεδ
1322 2450 1370 2477 τὴν
1388 2452 1436 2483 γῆν
1456 2453 1503 2479 τῆς
1523 2448 1684 2485 ἐπαγγελίας.
1713 2451 1784 2482 Quae

957 2492 1051 2520 verba
1075 2493 1116 2520 sic
1139 2492 1226 2520 vertit
1248 2492 1395 2529 interpres
1416 2501 1422 2520 ε
1449 2494 1485 2522 Si
1508 2495 1594 2528 cupis
1615 2495 1712 2529 igitur
1739 2502 1785 2522 co-

958 2545 1110 2573 gnoscere,
1140 2538 1226 2572 cujus
1254 2538 1357 2572 gratia
1386 2538 1510 2571 conditi,
1541 2539 1631 2574 inque
1661 2539 1786 2574 paradi-

959 2589 1025 2610 snm
1055 2582 1157 2614 locati,
1188 2582 1397 2616 insipientibus
1431 2583 1551 2611 tandem
1581 2584 1787 2613 animantibus

959 2627 1130 2662 comparati
1148 2630 1177 2655 et
1204 2627 1366 2656 assimilati
1393 2627 1495 2664 simus,
1526 2628 1563 2656 ab
1589 2630 1787 2658 immaculata

959 2674 1016 2701 illa
1037 2673 1138 2708 gloria
1157 2673 1290 2708 relapsi:
1311 2673 1464 2702 sciendum
1487 2677 1528 2701 est
1546 2675 1625 2710 quod
1646 2676 1787 2710 quoniam

957 2726 1014 2753 per
1035 2718 1267 2747 inobedientiam
1290 2718 1369 2746 servi
1390 2719 1561 2747 carnalium
1584 2720 1788 2755 concupiscen-
