2020 3140
229 140 257 166 5|

996 141 1186 168 PR/EF'ATIO.

1907 142 1942 168 52

230 200 341 229 tiaram
351 201 431 236 facti
438 209 549 235 sumus,
562 210 615 230 nos
626 203 730 238 ipsosa
742 203 829 232 beata
840 203 1004 231 viventium
1014 211 1059 231 re-
1073 220 1096 247 Α
1115 211 1175 240 que
1193 204 1368 240 usurpatur.
1387 203 1421 230 Et
1438 210 1510 231 vero
1529 210 1592 239 quo
1615 202 1739 230 consilio
1754 202 1795 230 ita
1810 202 1943 230 scribere

227 246 455 280 gioneextorres
463 247 752 283 reddidimusptque
759 248 802 276 ita
811 248 842 276 in
853 248 1057 282 captivitatem

228 290 362 325 abducti,
377 292 417 319 ait
428 292 555 326 ﬂumina
570 292 735 327 Babylonis
749 293 850 320 adhuc
860 293 1004 321 sedemus.
1018 293 1058 320 Et

229 343 369 371 quoniam
385 336 487 364 adhuc
499 337 530 364 in
546 337 686 371 AZ'gypto
698 337 878 372 (letinemur,
887 339 1056 372 promisszo~

229 381 274 407 nis
287 383 399 408 terram
416 381 549 409 nondum
561 383 663 410 sortiti
671 390 784 410 sumus.
797 385 838 410 tta
847 383 943 418 pergit
953 384 1058 410 auctor

229 427 308 461 (pag.
326 427 376 453 6H
393 429 420 454 et
435 427 510 462 seq.)
528 435 534 453 :
555 428 634 453 Οὔπω
650 429 861 464 συνεφνράθημεν
875 433 906 464 τῇ
925 429 992 464 ζύμῃ
1009 432 1056 459 τῆς

227 470 388 507 direptum;
400 470 455 497 ἀλλ’
468 473 505 497 ἔτι
518 471 595 507 ἐσμὲν
609 472 634 498 ἐν
649 477 679 508 τῇ
696 477 743 503 τῆς
758 475 884 509 πονηρίας
902 473 1056 509 ζύμῃ-οὔπω

225 515 380 552 ἐρραντίσοη
405 517 478 552 ἡμῶν
501 518 514 545 ἡ
541 515 638 552 καρδία
660 521 695 552 τῷ
717 518 810 553 αἵματι
831 516 875 543 τοῦ
896 516 989 554 Ἀρ.νοῦ
1010 517 1055 543 to")

225 562 336 587 6509....
353 562 423 586 οὔπω
439 560 615 597 ἀπειλλρφαμεν
632 563 675 590 τὴν
691 561 846 597 ἁγαλλίασιν
862 567 907 588 τοῦ
924 564 1056 598 σωτηρίου

223 605 269 631 τοῦ
285 608 447 641 Χριστοῦ....
469 607 540 631 οὔπω
556 603 736 642 sustinet/fluebat
751 608 794 632 τὸν
809 609 895 633 καινὸν
908 608 1054 643 ἄνθρωπον,

222 651 277 677 etc.
293 650 435 678 Nondum
457 651 606 685 fermento
624 651 807 680 sinceritatis
823 652 1057 686 confermentati

220 702 333 729 sumus,
349 695 400 722 sed
412 695 513 723 adhuc
526 697 677 730 fermento
694 697 832 732 nequitia?
845 704 1031 732 occupamur
1045 705 1052 724 :

220 740 356 768 nondum
387 747 541 775 aspersum
574 744 616 768 est
649 749 701 769 007‘
733 745 870 769 nostrum
903 742 1053 776 sanguine

220 784 304 819 Agni
321 785 420 813 θρίω.
446 785 580 814 nondum
601 786 737 814 la'titiam
764 786 911 814 salutaris
939 786 1054 815 Christi

221 830 478 863 recuperavimus.
490 851 496 858 .
508 851 514 858 .
526 851 532 857 .
556 831 688 858 nondum
705 831 860 858 induimus
874 839 984 859 novum
1001 832 1053 860 Ιιο-

222 874 342 907 minem,
359 877 416 903 etc.
434 874 491 902 Ubi
512 883 583 902 voce
603 877 674 901 σῦπω
695 883 791 911 usque
807 875 884 904 adeo
906 876 1050 910 abutitur,
1066 895 1086 922 Β

217 920 249 946 ut
260 926 326 946 eam
345 918 437 947 vicies
452 921 481 947 et
492 920 595 947 novies
605 920 648 948 vel
664 920 780 948 circxter
789 922 914 956 repetat,
924 920 1051 949 ibidem-

217 970 277 998 que
294 971 351 991 vox
373 965 410 990 ἔτι
430 972 509 1000 saepe
528 965 655 1000 repetita
672 967 727 999 cst,
742 973 811 1001 qute
832 965 900 993 voci
921 967 992 991 οὔπω
1007 974 1050 994 re-

218 1008 379 1044 sponderet
387 1018 392 1042 ;
400 1016 497 1044 neque
505 1009 603 1037 solum
611 1009 682 1037 nihil
690 1009 729 1037 ad
737 1010 928 1046 propositum
937 1010 1050 1038 iaciunt

215 1060 284 1089 quae
310 1053 432 1088 profert,
453 1053 507 1081 sed
533 1054 656 1081 taedium
684 1054 854 1082 maximum
880 1055 1049 1090 legentibus

217 1099 328 1125 creant.
350 1097 462 1125 Deinde
486 1098 595 1126 harum
618 1106 729 1126 vocum
752 1101 898 1135 pertaesus
921 1099 1050 1135 scriptor

216 1142 290 1177 ipse,
301 1142 426 1178 jamque
441 1151 554 1178 parans
569 1151 599 1171 se
615 1143 653 1170 ad
665 1143 747 1171 aliud
758 1143 877 1172 dicendi
889 1151 995 1179 genus,
1007 1144 1049 1173 sic

215 1186 311 1222 pergit
328 1187 412 1223 (pag.
442 1188 503 1222 614)
521 1196 527 1214 :
545 1189 624 1213 Οὔπω
641 1187 718 1224 ἐσμὲν
735 1190 805 1223 γένος
822 1188 950 1222 ἐκλεκτὸν,
969 1188 1048 1225 βασί-

214 1231 279 1258 λειοι
294 1233 443 1268 ἱεράτευμα,
457 1233 528 1263 ἔθνος
544 1233 626 1268 ἅγιον,
639 1232 699 1264 λαὸς
716 1234 750 1264 εἰς
764 1236 940 1271 περιποίησιν,
956 1233 1046 1264 ἐπειδὴ

215 1277 252 1302 ἔτι
271 1276 348 1313 ἐσμὲν
363 1279 444 1312 ὄφεις,
464 1279 611 1313 γεννήματα
627 1276 750 1313 ἐχιδνῶν.
770 1281 827 1309 Πῶς
842 1279 891 1315 γὰρ
906 1278 952 1304 οὐκ
967 1279 1048 1315 ὄφεις,

214 1322 238 1346 οἱ
254 1320 297 1346 ἐπὶ
309 1325 356 1356 γῆς
371 1323 519 1357 συρόμενόιγ
536 1324 580 1347 καὶ
592 1323 624 1347 τὰ
637 1327 683 1352 τῆς
699 1327 746 1358 717;
764 1327 926 1359 φρονοῦντες,
943 1326 986 1349 καὶ
1002 1323 1049 1349 οὐκ

214 1365 239 1392 ἐν
256 1366 373 1403 οὐρανοῖς
396 1369 440 1395 τὴν
455 1367 584 1392 πολιτείαν
602 1368 706 1402 ἔχοντες
722 1377 727 1399 ;
744 1372 797 1398 πῶς
815 1366 844 1394 δε
859 1368 888 1394 οὐ
902 1371 1049 1405 γεννήματα

215 1409 341 1447 ἐχιδνῶν,
356 1412 381 1437 οἰ
395 1414 431 1447 μὴ
449 1411 474 1437 ἐν
490 1416 520 1447 τῇ
533 1413 633 1448 ὑπακοῇ
649 1416 694 1438 τοῦ
709 1416 775 1438 Θεοῦ
786 1414 976 1449 εὖφισκὸμενοι,
993 1405 1048 1439 ἀλλ’

214 1455 239 1481 ἐν
261 1460 291 1491 τῇ
315 1454 360 1482 διὰ
380 1460 425 1482 τοῦ
446 1456 526 1492 ὃφεως
542 1461 661 1492 uulsa-toﬁ
681 1466 686 1488 ;
711 1455 816 1486 Ἐπειδὴ
834 1460 919 1483 τοίνυν
934 1462 989 1489 πῶς
1002 1459 1048 1494 μέν

215 1500 294 1531 ἀξίως
311 1499 448 1537 ὀδύρωμαι
464 1503 510 1529 τήν
525 1502 659 1537 συμφορὰν
674 1503 771 1531 ταύτην
787 1502 839 1538 οὐχ
855 1504 977 1540 εὑρίσκω,
994 1507 1048 1533 πῶς

193 1552 201 1557 ·
216 1544 245 1571 δὲ
262 1545 390 1577 ἐκϐοήσας
407 1544 532 1582 δακρύσω
550 1548 613 1582 πρὸς
636 1548 678 1572 τὰν
695 1545 837 1583 δυνάμενον
867 1547 987 1579 ὲξελασαι
1003 1550 1050 1577 τήν

215 1589 387 1625 αὑλιζομένην
398 1589 422 1616 ἐν
436 1589 493 1626 ἐμοὶ
505 1590 612 1624 πλάνην,
625 1590 719 1626 ἀγνοῶ’
733 1593 838 1622 καὶπῶς
850 1593 906 1627 οἴσω
921 1595 964 1622 τὴν
978 1591 1050 1628 ᾠδὴν

218 1636 316 1670 Κυρίου
342 1634 384 1660 ἐπὶ
411 1639 460 1671 γῆς
483 1634 638 1672 α).).οτρίας;
660 1641 713 1667 πῶς
742 1637 864 1672 θρηνήσω
888 1639 932 1666 τὴν
956 1640 1050 1674 Ἰερου-

218 1678 306 1715 culmi
321 1688 328 1713 ;
346 1680 416 1712 Quae
434 1679 526 1708 verba
548 1680 590 1709 ita
611 1681 713 1708 Latine
726 1681 858 1709 reddidit
877 1681 1025 1718 interpres
1043 1681 1049 1700 ³

217 1724 359 1751 Nondum
373 1732 475 1752 sumus
483 1733 576 1760 genus
587 1726 724 1759 electum,
737 1727 838 1761 regale
849 1727 1052 1755 sacerdotium

217 1776 290 1803 gens
305 1772 423 1802 sancta,
447 1771 579 1804 populus
601 1772 653 1805 qui
675 1771 706 1798 in
731 1771 851 1799 lucrum
877 1774 999 1800 accessit
1025 1775 1052 1801 et

219 1813 372 1844 peculium
386 1823 392 1841 :
421 1815 563 1849 quoniam
579 1814 680 1843 adhuc
695 1818 857 1850 serpentes,
871 1824 971 1844 sumus
985 1825 1052 1851 pro-

219 1858 320 1892 genies
347 1859 533 1893 viperarum.
568 1859 719 1892 Quomodo
750 1861 828 1888 enim
863 1869 923 1888 non
951 1869 1053 1890 smnus

221 1905 381 1937 serpentes,
401 1904 454 1938 qui
467 1911 557 1938 super
578 1907 692 1932 terram
707 1905 865 1940 serpimus,
885 1909 912 1933 et
935 1909 1054 1934 terrena

222 1947 365 1981 sapimus,
396 1955 450 1975 nec
474 1950 727 1977 conversationem
755 1954 889 1978 nostram
916 1951 947 1978 in
973 1951 1054 1979 caelis

224 1991 364 2019 habemus
389 1994 402 2019 ἶ)
428 1993 575 2028 quomodo
605 2001 664 2021 non
694 1994 853 2029 progenies
880 1995 1055 2029 viperarum

224 2043 338 2071 sumus,
350 2037 402 2072 qui
413 2045 471 2065 non
482 2039 513 2065 in
525 2038 693 2066 obedientia
704 2039 768 2072 Dei,
779 2039 831 2067 sed
842 2040 872 2066 in
888 2040 1056 2068 inobedien-

225 2082 278 2115 lia,
293 2090 360 2117 qute
371 2090 426 2117 per
440 2085 605 2117 serpentem
621 2086 673 2116 est,
690 2084 941 2119 deprehendimur
951 2087 965 2112 Ρ
978 2085 1055 2118 Quo-

225 2127 308 2155 niam
336 2127 431 2162 igitur
452 2135 512 2156 non
533 2129 651 2156 invenio
672 2129 820 2164 quomodo
850 2129 1054 2158 calamitatem

226 2171 312 2200 istam
323 2172 486 2206 deplorem,
500 2176 525 2201 et
541 2173 656 2208 ignoro,
671 2173 816 2208 quomodo
832 2181 899 2201 cum
911 2174 1054 2209 tacrymis

228 2223 293 2244 eum
308 2217 360 2252 qui
370 2217 574 2245 demoranlem
586 2219 616 2245 in
628 2225 673 2246 me
688 2218 888 2246 seductioncm
899 2218 1017 2254 abigere
1026 2222 1053 2247 et

228 2262 376 2295 expellere
403 2265 508 2296 potest,
542 2263 711 2298 implorent,
747 2264 892 2299 quomodo
925 2265 1052 2293 cantabo

229 2306 380 2334 canticum
400 2307 522 2334 Domini
543 2307 574 2335 in
591 2310 672 2336 terra
689 2309 816 2336 aliena?
840 2309 985 2344 quomodo
1011 2310 1054 2337 la-

229 2351 380 2378 mentalor
395 2359 431 2379 ac
440 2351 552 2386 deﬂebo
560 2353 728 2380 Jerusalem
745 2354 758 2379 ?
774 2353 840 2380 Hth
857 2353 1054 2388 eojcopiOSius

229 2394 325 2428 retuli,
346 2403 407 2431 quo
430 2396 528 2431 magis
554 2395 707 2432 scriptoris
732 2396 828 2424 idoles
857 2400 1056 2432 cognoscatur

230 2441 320 2475 atque
331 2439 486 2474 ingenium
497 2441 626 2469 hominis
640 2449 766 2477 scopum
779 2441 894 2469 nullum
905 2442 1055 2477 habentis,

231 2487 258 2513 et
268 2484 341 2512 nihil
351 2485 444 2518 aliud,
460 2485 518 2513 nisi
532 2488 562 2513 ut
578 2486 670 2514 verba
681 2486 851 2522 perfundat,
868 2487 1010 2515 curantis.
1025 2489 1058 2516 Et

229 2538 267 2558 ne
273 2530 341 2566 quis
351 2529 510 2563 falleretur,
517 2531 650 2559 tribuens
657 2531 774 2564 Basilio,
783 2531 866 2568 quod
875 2532 1057 2560 Basilianum

231 2582 291 2602 non
315 2577 367 2607 est.
384 2574 529 2611 particula
544 2580 597 2606 πῶς
611 2576 669 2603 hoc
685 2576 750 2612 ipso
770 2577 800 2604 in
819 2576 886 2605 loco
902 2577 991 2605 vicies
1010 2586 1058 2606 oc-

231 2619 331 2653 currit,
346 2621 386 2647 slc
398 2622 429 2648 ut
439 2619 561 2648 taedium
573 2620 657 2657 quod
667 2629 756 2649 voces
769 2622 840 2647 οὔπω
852 2624 880 2650 et
889 2623 1057 2658 Enpepere-

229 2666 304 2698 rant,
327 2665 421 2693 altera
435 2665 557 2694 alterius
573 2666 652 2694 vocis
665 2666 840 2703 repetitione
856 2667 985 2695 multum
1001 2675 1056 2695 au-

229 2712 343 2747 geatur.
361 2711 419 2738 Nec
432 2710 531 2739 solum
541 2711 650 2740 vocula
660 2716 713 2743 πῶς
728 2711 767 2740 ad
783 2711 949 2740 satietatem
961 2720 1056 2748 usque

229 2755 404 2784 adhibetur:
419 2756 482 2790 sed,
497 2757 580 2792 quod
592 2757 688 2792 magis
699 2756 737 2785 ad
746 2765 811 2785 rem
823 2756 902 2790 facit,
919 2757 983 2786 sine
995 2757 1055 2786 ullo

229 2800 365 2836 consilio,
376 2801 439 2829 sine
450 2801 511 2830 ullo
522 2801 648 2836 delectu,
661 2802 724 2830 sine
735 2801 916 2838 ullojudicio
927 2802 1055 2838 plcrum~

1068 2249 1092 2277 D

1114 247 1211 284 potuit
1226 257 1234 274 :
1251 252 1310 279 Πῶς
1329 249 1378 284 γὰρ
1399 247 1445 274 οὐκ
1465 249 1533 283 ὄφεις
1548 267 1555 280 ,
1573 247 1596 273 οἱ
1617 247 1658 273 ἐπὶ
1679 251 1729 283 γῆς
1745 249 1882 283 caprile.er
1896 249 1942 272 καὶ

1113 294 1145 318 τὰ
1160 297 1207 324 τῆς
1220 297 1270 328 γῆς
1286 296 1444 329 φρονούντες,
1457 294 1502 318 καὶ
1516 292 1563 318 οὐκ
1576 291 1600 318 ἐν
1616 291 1734 328 οὐρανοῖς
1749 294 1794 320 τὴν
1810 291 1941 317 πολιτείαν

1112 339 1234 374 ἓχοντεςς
1251 343 1306 368 πῶς
1322 336 1350 364 δὲ
1366 337 1394 364 οὐ
1409 340 1554 374 γεννήματα
1570 335 1703 373 ἐχιδνῶνς
1720 340 1774 365 etc.
1790 337 1941 370 Quomodo

1111 385 1189 412 enim
1199 391 1259 412 non
1275 391 1376 412 sumus
1392 387 1543 418 serpentes
1556 384 1609 419 qui
1621 390 1711 417 super
1724 387 1836 411 terram
1849 383 1942 417 serpi-

1111 436 1187 462 mus,
1203 431 1230 456 et
1246 431 1366 456 terrena
1382 428 1523 463 sapimus,
1541 436 1595 456 nec
1611 428 1862 456 conversationem
1875 435 1942 455 nos-

1111 475 1190 500 tram
1208 473 1348 501 habemus
1368 473 1399 500 in
1415 473 1497 501 cwtis
1513 474 1527 500 .9
1539 473 1685 509 quomodo
1704 480 1764 500 non
1783 472 1941 507 progenies

1111 517 1284 552 viperarum
1292 520 1305 545 .9
1313 520 1368 546 etc.
1382 519 1528 553 Fortasse,
1538 519 1569 545 ut
1580 517 1625 544 vis
1635 516 1728 544 divini
1736 516 1838 545 auxilii
1849 519 1941 553 atque

1109 562 1272 590 necessitas
1287 562 1495 590 ostenderetur
1507 561 1570 598 (qui
1580 562 1670 597 hujus
1685 561 1815 589 auctoris
1829 568 1940 597 scopus

1109 605 1205 634 fuisse
1218 606 1375 644 creditur):
1386 607 1438 634 sed
1450 614 1544 642 quam
1555 613 1664 642 parum
1679 605 1741 634 haec
1752 606 1855 634 omnia
1865 605 1941 634 inter

1110 659 1142 678 se
1155 651 1335 686 cohaereant,
1348 651 1461 685 vident,
1479 651 1599 687 opinor,
1615 651 1940 679 omnes.Finemlucu-

1108 695 1305 724 bratiunculaa
1316 704 1378 724 sum
1389 704 1461 723 mox
1471 695 1668 733 impositurus
1679 698 1793 729 auctor,
1806 695 1942 731 confugit

1107 740 1147 768 ad
1154 740 1228 768 illud
1239 749 1338 775 suum,
1354 743 1386 769 ut
1397 740 1560 777 repetenda
1569 740 1670 776 aliqua
1681 748 1754 768 voce
1767 748 1942 769 sermonem

1106 785 1302 821 protraheret.
1318 786 1394 821 Ergo
1410 787 1518 821 printer
1532 785 1789 821 exspectationem
1801 793 1873 813 voce
1887 789 1940 822 πῦρ

1106 830 1206 864 utitur,
1219 837 1348 866 eamque
1362 829 1592 866 quatuordecies
1606 829 1729 857 adhibet
1743 838 1750 863 ;
1765 831 1792 857 et
1807 832 1839 857 ut
1853 829 1939 864 alias,

1105 874 1146 902 ita.
1160 875 1209 903 hic
1224 883 1348 911 quoque
1362 883 1424 902 non
1439 874 1510 902 satis
1525 874 1698 910 intelligitur
1715 875 1754 903 ad
1768 875 1852 910 quid,
1868 883 1941 902 cum

1104 919 1169 947 haec
1185 919 1335 953 scriberet,
1350 919 1525 956 respexerit.
1542 921 1606 947 Non
1620 927 1691 954 ergo
1703 919 1762 948 alio
1773 919 1871 954 magis
1883 927 1939 947 no-

1105 964 1186 992 mine
1206 964 1359 1000 repudiari
1374 964 1486 992 debere
1505 963 1562 992 hoc
1577 964 1669 992 breve
1684 964 1830 1000 scriptum
1851 967 1938 1000 puto,

1103 1015 1199 1044 quam
1213 1007 1297 1044 quod
1309 1008 1438 1036 auctoris
1450 1015 1561 1044 scopus
1572 1007 1672 1036 nullus
1686 1008 1779 1036 fuisse
1790 1008 1937 1036 videatur.

1104 1052 1204 1080 Verba
1217 1054 1295 1087 sunt,
1311 1054 1456 1088 prreterea
1469 1052 1542 1080 nihil
1555 1061 1561 1080 :
1578 1060 1633 1080 nec
1649 1051 1739 1081 verba
1752 1052 1938 1088 simpliciter,

1104 1097 1158 1125 sed
1174 1097 1268 1125 verba
1281 1097 1359 1124 male
1374 1096 1450 1124 inter
1466 1104 1498 1124 se
1513 1097 1704 1124 cobzerentia.

1139 1144 1183 1170 23.
1202 1142 1262 1170 Etsi
1278 1142 1349 1170 satis
1365 1141 1459 1178 liquet
1473 1150 1509 1169 ex
1528 1141 1627 1175 dictis,
1641 1141 1671 1169 id
1688 1142 1870 1178 opusculum
1887 1143 1940 1170 Ba-

1104 1187 1170 1215 silio
1186 1187 1276 1216 tribui
1290 1187 1397 1215 merito
1414 1195 1474 1215 non
1490 1194 1581 1223 posse
1596 1195 1602 1214 :
1617 1189 1719 1215 tamen
1735 1187 1882 1215 nonnulla
1898 1187 1938 1215 ad

1103 1232 1161 1260 hoc
1174 1232 1256 1259 idem
1267 1231 1533 1268 comprobandum
1542 1231 1704 1260 ascribam.
1719 1233 1823 1259 Fateor
1835 1234 1938 1260 autem

1103 1276 1223 1312 singula
1235 1284 1350 1310 eorum,
1363 1284 1429 1312 qua:
1438 1276 1576 1304 dicturus
1588 1284 1666 1311 sum,
1679 1276 1704 1303 si
1716 1283 1853 1304 seorsum
1865 1284 1938 1304 con-

1104 1321 1284 1355 siderantur,
1305 1329 1366 1349 non
1385 1321 1427 1349 ita
1446 1321 1575 1349 multum
1593 1320 1710 1348 roboris
1730 1328 1765 1349 ac
1791 1321 1938 1349 momenti

1103 1365 1243 1394 habitura
1260 1374 1266 1393 :
1285 1366 1339 1393 scd
1363 1365 1388 1393 si
1406 1366 1544 1393 omnium
1567 1365 1658 1393 simul
1682 1365 1831 1394 habeatur
1849 1365 1935 1400 ratio,

1104 1418 1192 1447 spero
1207 1413 1342 1439 nostram
1354 1410 1529 1446 opinionem
1545 1410 1614 1438 inde
1626 1410 1758 1438 maxime
1773 1409 1935 1438 conﬁrma-

1104 1457 1167 1484 tum
1178 1455 1223 1483 iri.
1236 1455 1399 1483 Exordium
1411 1463 1530 1482 sumam
1541 1455 1580 1482 ab
1591 1454 1636 1482 bis
1647 1454 1746 1482 verbis
1758 1456 1840 1491 (pag.
1853 1456 1917 1489 613)
1927 1459 1934 1478 ἒ

1103 1502 1253 1536 Ἀμήχανον
1268 1502 1318 1537 γὰρ
1333 1499 1453 1528 ἐπιϐῆναι
1471 1499 1512 1525 ἐπὶ
1526 1498 1631 1526 ἀσπίδα
1645 1503 1689 1525 καὶ
1707 1498 1874 1535 βασίλισκον,
1890 1502 1936 1526 καὶ

1105 1549 1292 1574 καταπατῆσαι
1316 1545 1405 1570 λέοντα
1422 1547 1465 1571 καὶ
1490 1543 1629 1581 δράκοντα,
1654 1547 1689 1580 μὴ
1713 1546 1847 1582 πρότερον,
1869 1545 1935 1571 καθὸ

1107 1588 1217 1616 δυνατὸν
1227 1589 1363 1626 ἀνθρώπῳ,
1374 1589 1553 1626 ἐκκαθάραντα
1563 1589 1662 1622 ἑαυτὸν,
1671 1588 1857 1626 δυναμωθῆναι
1865 1591 1936 1626 παρα

1106 1639 1152 1661 τοῦ
1173 1634 1288 1665 εἰπόντος
1314 1638 1368 1664 τοῖς
1396 1633 1561 1664 ἀποστόλοις·
1587 1633 1666 1666 Ἰδού,
1686 1636 1741 1662 etc.
1766 1635 1934 1670 interpres:

1107 1679 1291 1714 Impossibile
1310 1686 1440 1714 namque
1454 1681 1495 1706 est
1516 1679 1672 1707 ambulare
1690 1686 1780 1713 super
1801 1679 1934 1713 aspidem

1107 1727 1135 1752 et
1159 1724 1342 1759 basiliscum,
1366 1727 1393 1751 et
1421 1723 1543 1751 calcare
1569 1724 1683 1751 leonem
1712 1726 1739 1751 et
1763 1723 1936 1756 draconem,

1109 1776 1184 1802 eum,
1200 1769 1253 1804 qui
1263 1777 1321 1796 non
1330 1769 1417 1803 prius
1432 1768 1572 1802 seipsum,
1589 1771 1735 1804 quatenus
1752 1768 1865 1796 homini
1875 1775 1937 1803 pos-

1108 1814 1194 1842 sibile
1208 1817 1260 1848 est,
1276 1815 1464 1849 repurgauit,
1485 1816 1517 1841 ut
1531 1814 1626 1848 possit
1641 1813 1835 1841 corroborari
1853 1813 1891 1840 ab
1905 1820 1937 1840 eo

1108 1859 1162 1894 qui
1179 1859 1322 1893 apostolis
1341 1858 1418 1886 dixit
1437 1866 1443 1885 :
1466 1868 1480 1882 α
1504 1858 1581 1886 Ecce
1605 1869 1619 1883 »
1641 1859 1696 1885 etc.
1718 1857 1810 1885 Velim
1835 1859 1937 1885 autem

1108 1902 1201 1939 paulo
1217 1902 1358 1930 attentius
1373 1902 1562 1938 expendatur
1576 1902 1659 1936 illud,
1678 1901 1863 1938 δυναμωοὴναι
1879 1909 1885 1928 :
1903 1904 1937 1929 ut

1106 1947 1202 1981 possit
1213 1946 1414 1979 corroborari,
1442 1946 1472 1973 in
1483 1954 1544 1982 quo
1555 1946 1617 1974 vitii
1628 1945 1744 1982 aliquid
1758 1946 1856 1973 inesse
1870 1954 1937 1973 sus-

1108 1990 1203 2027 picor.
1225 1990 1301 2018 Nihil
1316 1991 1395 2018 enim
1412 1990 1499 2018 video
1517 1991 1547 2018 in
1566 1993 1629 2018 tota
1643 1990 1777 2026 periodo,
1795 1998 1813 2018 a
1829 1998 1889 2026 quo
1905 1990 1937 2018 id

1110 2035 1236 2064 verbum
1252 2038 1303 2064 aut
1317 2035 1380 2070 regi
1395 2038 1448 2063 aut
1461 2035 1632 2071 dependere
1647 2035 1742 2071 possit
1757 2043 1763 2062 :
1782 2035 1833 2063 sed
1846 2034 1938 2071 quasi

1112 2088 1294 2117 suspensum
1314 2083 1370 2116 est,
1392 2088 1448 2108 nec
1473 2080 1545 2108 satis
1568 2080 1691 2116 reliqum
1720 2080 1849 2108 orationi
1868 2087 1940 2108 con-

1109 2132 1233 2153 nexum.
1262 2125 1400 2162 Sequitur
1425 2133 1431 2152 :

1111 2169 1235 2206 ἀπλήστῲ
1247 2168 1364 2196 διαθέσει
1378 2170 1404 2201 ἐξ
1419 2169 1480 2200 ὅλης
1494 2169 1609 2207 καρδίας
1618 2172 1663 2195 καὶ
1679 2168 1822 2206 δυνάμεως,
1834 2171 1937 2206 νύκτωρ

1464 2125 1573 2161 Ὀφείὶει
1602 2124 1734 2162 ἀκορέστῳ
1762 2129 1858 2161 στοργῇ
1891 2128 1939 2151 καὶ

1110 2225 1137 2241 τε
1159 2218 1203 2241 καὶ
1219 2215 1376 2251 μεθ’ἡμέραν
1396 2214 1482 2244 ζητεῖν
1505 2217 1551 2243 τήν
1571 2214 1599 2240 ἐκ
1619 2214 1664 2240 τοῦ
1678 2217 1740 2240 em
1757 2213 1895 2249 ἀντίληψιν
1912 2214 1938 2241 ἐν

1111 2257 1231 2296 δυνάμει.
1254 2259 1299 2287 Ad
1322 2258 1460 2293 verbum,
1483 2259 1567 2287 debet
1587 2266 1689 2287 amore
1707 2259 1886 2292 insatiabili,
1910 2263 1939 2287 et

1110 2305 1205 2332 animi
1215 2304 1324 2338 affectu
1339 2304 1525 2338 inexplebili.
1537 2311 1574 2332 ccc
1585 2304 1667 2331 omni
1679 2304 1765 2331 corde
1775 2307 1802 2331 et
1814 2304 1938 2339 virtute,

1110 2353 1209 2377 noctes
1218 2352 1307 2385 atque
1315 2349 1387 2382 dies,
1399 2350 1454 2376 Dei
1462 2349 1613 2377 auxilium
1621 2356 1756 2384 quaerere
1765 2349 1797 2376 in
1807 2349 1937 2377 virtute:

1110 2394 1162 2422 ubi
1175 2393 1250 2422 illud
1265 2393 1289 2419 ἐν
1307 2392 1428 2430 δυνάμει,
1451 2395 1482 2421 in
1498 2395 1619 2427 virtute,
1632 2401 1694 2421 non
1708 2393 1785 2421 belle
1800 2393 1841 2422 ibi
1854 2394 1939 2429 posi-

1111 2441 1175 2467 tum
1190 2441 1234 2467 est
1245 2447 1252 2472 ;
1263 2447 1318 2466 nec
1330 2438 1415 2466 valde
1431 2437 1598 2466 admodum
1611 2438 1728 2472 dubito,
1741 2438 1814 2474 quin
1830 2437 1941 2466 melius

1112 2483 1238 2511 abesset.
1250 2484 1322 2511 Nam
1332 2485 1535 2519 praeterquam
1544 2482 1627 2519 quod
1638 2482 1678 2510 ita
1692 2482 1796 2510 ultimo
1806 2482 1873 2510 loco
1885 2491 1940 2519 p0-

1111 2527 1212 2560 situm,
1229 2527 1284 2555 fert
1300 2535 1361 2563 prce
1382 2535 1412 2554 se
1428 2527 1552 2555 insuave
1568 2527 1681 2563 aliquid
1697 2529 1725 2554 et
1739 2526 1939 2561 inurbanum,

1111 2575 1256 2608 praeterea
1270 2571 1439 2600 redundare
1453 2571 1524 2599 mihi
1540 2571 1664 2599 videtur.
1681 2573 1841 2607 Postquam
1855 2572 1942 2600 enim

1111 2620 1217 2645 auctor
1234 2617 1394 2653 scripserat
1413 2616 1612 2653 qumrendum
1627 2624 1693 2644 esse
1714 2618 1808 2644 Deum
1822 2624 1858 2644 ex
1876 2619 1942 2645 toto

1111 2662 1200 2690 cordo
1214 2664 1302 2698 atque
1319 2662 1435 2696 virtute,
1451 2661 1535 2697 quid,
1547 2669 1663 2697 quaeso,
1675 2661 1758 2697 illud,
1772 2663 1803 2689 in
1814 2662 1941 2696 virtute,

1111 2707 1222 2736 addere
1237 2714 1360 2734 necesse
1374 2707 1462 2735 erat?
1481 2706 1575 2734 Paulo
1592 2709 1661 2742 post
1676 2707 1716 2735 ita
1731 2706 1838 2741 legitur
1851 2707 1941 2743 (pag.

1110 2753 1174 2786 6H»)
1200 2759 1206 2778 ζ
1233 2752 1312 2777 Ηῦπω
1338 2750 1493 2788 ἐρραντίσϐη
1517 2753 1588 2788 ἡμῶν
1614 2753 1628 2780 ἡ
1655 2750 1753 2789 καρδία
1778 2756 1814 2787 τῷ
1845 2754 1943 2788 αἵματι

1110 2800 1156 2823 τοῦ
1182 2796 1277 2832 Ἀμνοῡ
1301 2800 1346 2823 τοῦ
1369 2799 1442 2823 Θεοῦ·
1463 2797 1501 2824 ἔτι
1525 2798 1575 2833 γὰρ
1595 2799 1624 2823 τὸ
1647 2798 1773 2833 πέταυρον
1797 2801 1843 2824 τοῦ
1868 2796 1940 2833 ᾁὸου
