2020 3140
89 108 122 134 53
842 111 927 138 ΡΙΗΕ

982 112 1039 139 [⁷10.
1757 118 1791 144 54

90 175 133 199 καὶ
144 174 173 198 τὸ
189 173 334 208 ἄγκιστρον
349 175 396 202 τῆς
408 174 500 203 κακίας
511 171 676 208 ἐμπεπηκται
689 173 767 210 αὐτῇ.
778 174 921 202 Nondum

982 174 1088 202 humile
1099 174 1130 202 in
1146 182 1181 203 eo
1189 175 1331 211 reperias,
1343 184 1412 204 cum
1421 178 1521 204 tamen
1530 176 1560 204 in
1566 185 1635 205 vere
1645 177 1801 209 Basilianis

91 225 249 252 aspersum
275 220 316 244 est
345 225 396 245 cor
418 219 553 245 nostrum
580 218 728 252 sanguine
748 219 829 254 Agni
850 220 920 247 Dei:

90 262 194 290 adhuc
207 262 288 289 enim
302 262 351 289 illi
366 262 489 297 laqueus
504 262 620 296 inferni
633 264 658 290 et
675 263 779 291 hamus
798 264 922 291 malitia:

90 307 204 341 iii/iras
220 309 274 334 est.
291 306 422 334 Primum
440 306 572 334 hominis
587 310 657 334 sunt
671 307 775 341 verba,
791 307 843 344 qui
861 315 923 335 non

91 354 270 379 emterorum
282 351 440 378 hominum
452 359 536 378 more
549 351 692 388 loquitur.
718 352 807 380 Pauci
829 352 920 384 enim,

91 397 144 433 qui
160 396 427 430 interrogarentur,
452 403 505 423 cur
532 404 583 424 cor
612 399 750 424 nostrum
776 397 922 431 sanguine

91 441 167 477 Agni
185 441 236 469 Dei
250 441 389 469 nondum
400 449 560 477 aspersum
572 441 618 476 sit,
634 441 675 469 ita
689 442 921 478 responderent:

91 487 204 514 Adhuc
215 486 295 514 enim
308 486 433 521 laqueus
447 486 564 520 inferni
579 489 605 514 et
621 487 727 514 hamus
740 487 867 515 malitia:
880 487 923 514 in-

92 532 172 566 ﬁxus
189 534 231 558 est
243 531 302 558 illi.
319 530 429 558 Deinde
442 538 548 558 vocem
565 533 693 568 πέταυρον
707 539 762 567 pro
777 539 824 565 eo,
840 531 924 567 quod

95 575 197 613 figuli;
215 576 321 602 usitate
330 574 445 606 dicitur,
456 582 610 610 nusquam
618 583 635 603 a
644 575 750 603 Basilio
757 576 923 604 adhibitam

94 620 225 648 invenio.
247 621 306 647 Nec
321 619 362 647 ita
376 619 472 647 multo
486 619 563 648 infra
573 620 613 648 ita
629 622 732 648 auctor
746 620 864 648 loeutus
880 622 925 648 est

94 665 207 699 (ibid.):
225 665 306 691 Οὔπω
321 667 459 700 γεγόναμεν
471 663 564 696 ἄδολος
577 667 697 702 πσρφύρα
714 664 849 701 βασιλικὴ,
864 663 925 690 οὐδὲ

95 710 230 741 ὰνόθευτος
247 709 322 736 εἰκὼν
338 710 420 738 θεῖκή.
434 710 576 738 Nondum
585 711 665 745 facti
678 718 779 737 sumus
791 711 862 745 fuco
878 718 925 737 ca-

95 763 163 783 rens
171 762 316 790 purpura
328 755 422 789 regia,
432 762 525 790 neque
537 762 683 789 germana
695 755 792 789 imago
805 755 924 782 divina:

96 799 146 828 ubi
162 799 344 832 notandum,
356 799 510 835 quodjam
517 799 778 830 alibinotavimus,
787 799 927 826 Basiliam

95 853 167 873 voce
184 847 268 876 θείκὸς
278 845 475 881 nunquamin
482 845 544 872 suis
554 845 670 881 scriptis
680 845 722 872 uti
730 846 779 880 (a).
787 844 928 872 Nonnihil

95 893 140 918 est
154 898 290 926 quoque,
311 890 395 926 quod
412 897 470 917 vox
489 893 635 927 τοιγαροῦν,
649 898 716 925 quae
738 892 798 917 tam
818 897 928 925 parum

97 935 204 962 Basilio
218 934 376 962 familiaris
390 936 462 969 erat,
479 936 511 962 ut
525 942 615 970 opere
628 934 658 961 in
672 934 764 968 longo
780 934 818 969 ib)
833 942 871 962 ne
884 942 927 962 se-

98 979 156 1007 mel
168 979 295 1015 quidem
308 986 344 1006 ea
360 987 431 1006 usus
449 979 494 1013 sit,
513 979 579 1014 ipsa
598 982 699 1006 tamen
719 979 750 1006 in
770 981 831 1006 tam
843 978 928 1006 brevi

97 1023 247 1059 opusculo
261 1026 304 1051 ter
316 1025 368 1050 aut
380 1026 485 1059 quater
500 1023 673 1059 reperiatur.
703 1023 815 1055 Quodsi
831 1024 862 1050 in
878 1023 929 1050 ali-

97 1068 185 1103 cujus
202 1069 303 1095 mente
321 1067 481 1103 serupulus
500 1069 589 1103 atque
605 1067 752 1095 dubitatio
767 1067 867 1095 adhuc
884 1075 928 1095 re-

98 1112 204 1142 sideat,
219 1111 310 1139 velim
324 1111 402 1139 hanc
416 1111 709 1139 luculn‘atiuneulam
726 1120 794 1139 cum
810 1111 928 1139 indubi-

98 1157 168 1184 tatis
186 1156 285 1184 Basilii
301 1156 418 1192 scriptis
430 1158 598 1191 comparet:
614 1156 698 1191 quod
711 1156 762 1184 ubi
773 1156 929 1190 diligenter

98 1201 211 1235 fecerit,
226 1201 312 1228 brevi
331 1208 528 1228 assensurum
545 1200 676 1236 conﬁdo,
700 1201 843 1228 Basilium
864 1201 929 1236 ejus

95 1245 266 1280 legitimum
282 1247 439 1281 parentem
454 1253 516 1273 non
533 1253 609 1272 esse.

115 1337 129 1370 ἓ
145 1337 187 1364 ΙΧ.
208 1337 254 1364 De
269 1336 395 1364 humilia
409 1336 441 1363 in
457 1335 547 1369 illud,
565 1346 578 1360 ‹‹
589 1336 634 1364 Nc
644 1335 761 1364 dederis
777 1343 911 1364 somnum

370 1381 466 1409 oculis
482 1381 551 1415 tuis,
567 1392 581 1406 »
599 1384 652 1409 etc.

133 1473 176 1499 2i.
199 1473 281 1500 Hanc
296 1471 453 1499 homiliam
479 1479 539 1499 non
565 1471 606 1499 ita
630 1471 747 1508 pridem
771 1471 929 1499 ediderunt

98 1517 273 1545 Franciscus
289 1517 485 1545 Combeﬁsius
505 1519 533 1544 et
551 1518 680 1544 Joannes
697 1517 827 1552 Baptista
845 1517 928 1544 Cote-
948 1509 968 1536 (ἶ

96 1562 204 1595 Ierius;
219 1561 267 1588 ille
285 1561 385 1589 Latine
401 1561 509 1595 solum,
525 1561 573 1589 hic
585 1563 683 1589 Graece
694 1564 722 1589 et
736 1561 844 1589 Latine.
860 1560 928 1596 Ejus

96 1607 137 1635 ita
152 1607 338 1634 mentionem
352 1606 466 1634 faciunt
480 1606 647 1634 doctissimi
661 1606 712 1634 viri
727 1605 928 1634 'l‘illemontius

98 1653 125 1680 et
142 1651 288 1687 Dupinus,
306 1653 338 1678 ut
350 1651 447 1687 ipsam
458 1650 563 1678 Basilio
574 1658 687 1685 magno
699 1658 759 1678 non
770 1650 928 1684 indignam

98 1704 164 1724 esse
179 1695 383 1732 pronuntient.
402 1697 460 1723 Hoc
475 1695 556 1723 idem
570 1703 606 1723 ea
619 1695 656 1723 de
667 1694 930 1723 lucubratiuncula

97 1741 161 1776 jam
177 1743 266 1768 antea
282 1740 617 1776 senserantduoiiquos
631 1740 762 1776 primum
774 1739 929 1767 nominavi

103 1785 153 1813 viri
164 1785 366 1813 eruditissimi.
380 1785 461 1813 Dolet
472 1785 554 1820 mihi,
571 1785 653 1820 quod
665 1785 728 1812 hinc
741 1783 930 1812 oratiuncula.

102 1829 156 1857 hos
171 1835 316 1865 patronos
336 1829 456 1857 habeat.
482 1831 588 1857 Vereor
603 1829 694 1862 enim,
715 1837 752 1856 ne
773 1837 877 1856 eorum
898 1828 930 1855 in

99 1875 201 1902 litteris
209 1874 372 1903 auctoritas
384 1877 498 1902 tantum
512 1874 593 1910 apud
605 1874 721 1910 aliquos
732 1874 840 1908 valeat,
850 1876 881 1901 ut
892 1881 930 1900 ne

99 1919 189 1947 velint
209 1919 334 1955 quidem
354 1921 457 1946 nostra
477 1921 656 1954 argumenta
682 1919 795 1946 audire.
824 1919 929 1951 Quare,

99 1964 153 1992 nisi
166 1972 215 1992 res
231 1964 299 2000 ipsa
313 1964 351 1992 ad
364 1963 552 2000 loquendum
565 1963 698 1998 adigeret
718 1971 778 1996 me,
800 1965 930 1990 tacerem

97 2009 206 2036 libens.
228 2010 329 2044 Neque
349 2009 429 2036 enim
449 2008 567 2043 ignoro,
589 2016 682 2044 quam
700 2008 737 2035 sit
752 2007 930 2044 periculosa:

98 2054 224 2090 plenum
239 2061 317 2089 opus
333 2053 415 2086 alem,
440 2053 588 2089 ejusmodi
601 2053 671 2080 viris
687 2053 849 2080 adversari.
874 2051 931 2080 Sed

99 2098 247 2136 quoniam
264 2097 431 2134 quidquam
448 2097 637 2125 dissimulare
651 2105 706 2124 nec
724 2105 858 2132 possum,
876 2104 930 2124 nec

101 2143 208 2179 debeo,
226 2142 300 2179 quid
315 2142 352 2170 de
362 2142 420 2170 hoc
429 2142 574 2178 opusculo
586 2142 723 2176 sentiam,
736 2141 849 2177 aperire
863 2149 933 2168 con—

977 219 1033 246 illis
1048 220 1177 247 exordiis
1193 221 1305 254 grande
1320 221 1476 257 quoddam
1493 223 1521 249 et
1538 222 1667 249 sublime
1681 222 1801 250 dicendi

978 271 1072 298 genus
1088 271 1205 299 semper
1217 264 1403 292 adhibeatur.
1418 266 1582 301 Postquam
1590 268 1689 293 autem
1697 266 1802 301 frigide

978 316 1103 335 exorsus
1118 310 1161 335 est
1176 308 1311 344 scriptor,
1323 308 1459 342 frigidius
1472 309 1512 337 ita
1522 311 1711 346 persequitur
1720 312 1800 347 (pag.

977 354 1055 387 617):
1070 355 1101 378 Ti
1116 354 1177 378 εἴπω
1190 361 1197 386 ;
1208 357 1261 384 πῶς
1278 354 1344 389 ὑμᾶς
1367 354 1599 390 προσφθέγξομαι;
1626 360 1680 386 πῶς
1701 365 1803 392 προκα-

978 397 1128 433 fuisti-paludi
1143 399 1175 423 τὰ
1188 398 1347 435 παρελθὸντα
1360 409 1366 431 ;
1377 403 1426 424 τῶν
1439 398 1580 434 μελλόντων
1595 401 1623 425 τὸ
1640 401 1736 436 χρέοςῖ
1756 402 1805 426 Καὶ

977 444 1026 479 γὰρ
1042 442 1220 479 παρεὶούντων
1233 444 1374 473 ὑπεύθυνός
1384 443 1445 479 εἰμι,
1456 445 1500 469 καὶ
1506 444 1647 479 μελλόντων
1653 448 1802 481 χρεώστης.

980 487 1057 520 Quid
1067 487 1186 515 dicam?
1211 496 1270 523 quo
1286 496 1335 516 vos
1351 489 1436 516 modo
1453 489 1618 524 alloquar?
1644 497 1701 524 quo
1715 492 1804 524 pacto

979 535 1164 560 antevertam
1180 534 1335 566 prtcterita
1346 535 1359 560 ?
1377 534 1553 568 futurorum
1570 534 1700 562 debitum
1711 536 1724 561 ζ)
1737 535 1807 562 Ete-

979 578 1041 604 nim
1055 578 1281 612 prtctcrilorum
1292 585 1359 605 reus
1368 586 1443 613 sum,
1456 581 1482 606 cl
1492 579 1666 612 futurorum
1679 578 1804 606 debitor.

981 622 1080 649 Dicam
1095 621 1232 655 vicissim,
1248 622 1362 650 nescire
1370 631 1418 650 me
1430 631 1489 658 quo
1501 623 1564 650 haec
1575 623 1696 651 nomine
1707 622 1808 660 appel-

979 665 1049 694 lem.
1068 666 1144 698 Quid
1165 666 1246 694 enim
1261 667 1317 694 sibi
1331 667 1400 695 velit
1418 667 1502 695 illud.
1532 668 1594 700 Quo
1617 671 1707 702 pacto
1727 671 1808 696 (mlc-

982 713 1095 738 vci‘lam
1106 711 1261 745 praeterita
1274 713 1286 737 :7
1303 712 1479 746 f‘ulurorum
1495 713 1648 740 debitum?
1661 720 1723 740 non
1738 712 1809 740 satis

982 755 1113 790 intelligo
1125 755 1171 791 (ε).
1188 756 1346 788 Quomodo
1356 756 1444 791 igitur
1453 757 1516 784 htec
1527 759 1577 784 aut
1588 756 1727 785 vocanda
1739 756 1808 791 sint,

983 802 1032 827 aut
1041 799 1243 833 intelligenda,
1257 799 1305 827 alii
1316 801 1454 828 viderint.
1462 801 1621 837 Aliquanto
1629 803 1697 837 post
1707 802 1811 829 auctor

948 842 967 868 Β
982 843 1023 872 ita
1036 844 1137 872 scribit
1152 844 1232 880 (pag.
1250 845 1311 880 618)
1331 853 1337 872 :
1365 845 1432 871 Ἐπεὶ
1455 846 1498 871 οὖν
1523 847 1548 872 oi
1574 848 1618 882 μὲν
1641 845 1719 882 βαθεί
1744 856 1809 872 κατ-

984 890 1090 924 έχονται
1106 889 1188 924 ὕπνῳ,
1209 889 1418 927 ὶνοαργὴσαντες
1443 895 1492 916 τῶν
1508 894 1554 916 τοῦ
1570 895 1636 916 Θεού
1657 889 1769 928 δωρεῶν
1787 892 1811 916 οἱ

984 933 1013 960 δὲ
1030 934 1133 970 ἀναμὶξ,
1149 935 1210 960 ποτὲ
1226 936 1270 970 μὲν
1285 934 1468 972 ἐγρηγόρασιν,
1483 937 1544 962 ποτὲ
1567 935 1595 962 δὲ
1611 937 1697 972 ὥσπερ
1721 936 1810 962 ἐπινυ-

985 979 1138 1008 στάζουσιν·
1157 978 1215 1004 δῦτε
1226 981 1269 1004 τὸν
1289 978 1421 1017 ἀεὶ-λύτρων
1446 978 1580 1016 δέχονται,
1602 982 1660 1006 αὖτε
1686 983 1728 1007 τόν
1750 990 1811 1007 ποτε

984 1024 1181 1059 ἐπιστρέφοντα,
1205 1023 1264 1049 οὔτε
1288 1025 1331 1049 τὸν
1357 1028 1485 1050 νοσῡῦντα
1511 1026 1545 1055 ὡς
1573 1026 1729 1060 ὑγιαίνοντα·
1756 1028 1812 1052 Ἵνα

985 1070 1058 1104 σώζῃ
1074 1069 1160 1105 ὥσπερ
1175 1067 1272 1104 ὃθρκὰς
1287 1068 1315 1094 ἐκ
1332 1068 1450 1106 βροχῶν.
1478 1073 1506 1095 'll
1528 1068 1624 1106 δηρκὰς
1651 1070 1716 1100 ζῶόν
1742 1070 1811 1096 ἐστιν

984 1111 1133 1149 ὀξυδερκὲς,
1150 1112 1282 1149 ἐπώνυμον
1298 1117 1329 1149 τῇ
1353 1113 1445 1139 ἑαυτοῦ
1471 1112 1623 1151 ὀξυδορχίᾳ·
1650 1113 1724 1140 οὐδὲν
1749 1114 1812 1140 luv-

985 1158 1054 1183 θάνει
1081 1159 1124 1183 τὸν
1157 1157 1286 1193 ὀφθαλμὸν
1323 1162 1371 1187 τῆς
1397 1156 1538 1195 deiciar/fda;
1565 1157 1634 1184 οἷὸεν
1661 1159 1673 1185 ὃ
1702 1159 1812 1195 φυλάξε-

982 1212 1036 1234 ται,
1053 1204 1098 1227 καὶ
1113 1200 1182 1228 οἶδεν
1196 1204 1259 1227 ὅπου
1273 1206 1318 1228 τοῦ
1335 1201 1435 1238 δρόμου
1459 1205 1488 1229 τὸ
1511 1203 1704 1239 κυϐερνητικὸν.
1737 1204 1813 1237 Quia

982 1247 1077 1281 igitur
1091 1247 1148 1274 alii
1157 1247 1274 1282 quidem
1287 1248 1442 1282 profundo
1455 1249 1629 1276 detinentur
1640 1257 1750 1284 somno,
1761 1249 1812 1276 do-

981 1299 1090 1319 norum
1101 1291 1317 1319 Dcioblivione
1332 1293 1420 1327 quasi
1439 1296 1559 1321 veterno
1581 1294 1736 1328 occupati;
1757 1294 1813 1322 alii

983 1344 1052 1364 vero
1063 1337 1216 1370 pernzistc,
1233 1337 1387 1365 interdum
1403 1338 1544 1372 vigilant,
1565 1339 1715 1366 interdum
1730 1339 1811 1366 velut

982 1381 1182 1408 indormilant
1192 1387 1203 1415 ,'
1215 1389 1308 1416 neque
1315 1382 1446 1409 alienum
1457 1382 1632 1416 admittunt,
1644 1390 1738 1418 neque
1745 1391 1811 1411 eum

982 1425 1208 1461 quialiquando
1223 1433 1380 1453 conversus
1396 1428 1449 1460 est,
1466 1434 1560 1462 neque
1578 1430 1724 1462 ingratum
1745 1430 1810 1455 lan-

982 1478 1072 1506 quam
1087 1478 1204 1498 sanum.
1219 1482 1232 1494 ‹‹
1249 1471 1284 1498 Ut
1302 1471 1427 1498 sulcet-is
1445 1474 1588 1507 tanquam
1604 1472 1729 1500 damula
1741 1480 1755 1500 e
1769 1472 1812 1500 la-

982 1516 1075 1551 queis.
1094 1527 1107 1539 ιι
1124 1516 1256 1543 Damula
1267 1523 1317 1543 seu
1328 1519 1447 1547 darcas,
1461 1517 1578 1544 ammal
1587 1519 1629 1545 est
1639 1517 1702 1545 acie
1713 1518 1812 1545 oculo-

983 1568 1050 1587 rum
1063 1561 1175 1591 valens,
1188 1561 1436 1595 exquadorcadis
1444 1568 1550 1588 nomen
1559 1561 1630 1589 tulit
1636 1561 1732 1589 :m‘hil
1740 1562 1812 1590 latet

983 1605 1122 1632 dorcadz’s
1129 1605 1249 1632 oculum
1256 1612 1266 1632 .·
1273 1605 1353 1633 novit
1361 1605 1545 1640 quz‘dcavere
1550 1606 1666 1641 debeat;
1673 1607 1754 1634 novit
1762 1606 1815 1634 ubi

982 1650 1020 1677 sit
1030 1657 1135 1677 cursus
1145 1649 1397 1684 gubernaculum.
1416 1650 1458 1678 Ita
1473 1650 1601 1678 scribere
1614 1651 1711 1687 potuit
1720 1650 1812 1679 homo

982 1694 1095 1722 ultimas
1105 1694 1201 1728 sortis,
1215 1701 1277 1722 non
1290 1694 1413 1722 Basilius
1422 1696 1574 1722 oratorum
1586 1695 1813 1731 optimus.Quid

983 1739 1126 1771 estenim,
1138 1747 1252 1776 quaeso,
1263 1741 1359 1767 totum
1369 1739 1608 1775 illud,inlerdum
1620 1741 1760 1775 vigilant,
1769 1741 1813 1768 in-

984 1785 1099 1812 tardum
1110 1784 1309 1811 indormilant
1317 1790 1327 1818 ,'
1342 1792 1435 1819 neque
1445 1785 1576 1812 alienum
1586 1786 1758 1819 admittunt,
1766 1793 1814 1813 ne-

983 1837 1039 1865 que
1045 1837 1109 1857 eum
1117 1829 1339 1864 quialiquando
1346 1836 1505 1857 conversus
1511 1832 1661 1865 est,neque
1667 1833 1813 1865 aegrotum

984 1878 1128 1909 tanquam
1138 1881 1254 1909 sanum,
1262 1873 1320 1901 nisi
1330 1873 1492 1901 verborum
1501 1874 1703 1910 quorumdam
1712 1874 1814 1902 incon-

983 1919 1045 1946 dita
1055 1918 1196 1954 quaedam
1203 1918 1378 1953 congeries?
1389 1919 1505 1953 Quaero,
1517 1918 1689 1953 vigilat-etne
1699 1921 1812 1955 auctor,

985 1972 1054 1991 cum
1065 1963 1106 1991 ita
1122 1963 1251 1999 scripsit.
1264 1970 1303 1990 an
1314 1963 1507 1991 dormitaret?
1531 1971 1661 1991 sanusne
1675 1965 1761 1999 esset,
1774 1971 1814 1992 an

984 2010 1115 2044 {egrotus
1122 2008 1136 2035 ?
1144 2010 1200 2036 Nec
1211 2007 1306 2036 multo
1315 2007 1422 2036 melius
1434 2010 1477 2036 est
1484 2008 1566 2044 quod
1578 2008 1723 2045 sequitur,
1730 2010 1814 2037 novit

985 2053 1133 2089 [damula]
1145 2053 1196 2080 ubi
1202 2052 1241 2080 sit
1253 2060 1358 2080 cursus
1368 2053 1618 2088 gubernaculum.
1631 2053 1680 2081 Hic
1691 2061 1813 2081 monere

983 2099 1079 2134 juvat,
1093 2097 1269 2134 scriptorem
1280 2105 1296 2125 e
1308 2097 1407 2126 Basilii
1422 2097 1566 2132 oratione,
1579 2098 1626 2126 cui
1637 2098 1748 2134 titulus,
1760 2099 1814 2126 At-

986 2143 1072 2171 tende
1088 2142 1141 2170 tibi
1157 2143 1224 2177 ipsi,
1245 2142 1391 2170 nonnulla
1406 2144 1575 2170 mutuatum
1586 2142 1692 2170 fuisse:
1709 2143 1760 2171 sed
1772 2143 1813 2171 sic

103 2188 194 2223 stitui,
210 2190 242 2216 ut
257 2187 295 2215 ab
312 2187 433 2215 eruditis
448 2187 632 2217 hominibus,
650 2186 755 2214 merito
771 2194 810 2214 an
826 2186 931 2213 imme-
950 2184 970 2210 Ι)
986 2190 1097 2220 tamen,
1110 2189 1142 2214 ut
1153 2187 1214 2214 suis
1225 2186 1374 2214 Basiliana
1385 2186 1539 2222 depravat.
1549 2188 1709 2223 Postquam
1721 2188 1812 2222 enim,

103 2233 158 2260 rito
174 2233 214 2260 ab
230 2232 272 2260 eis
288 2232 474 2266 dissentiam,
492 2231 651 2267 judicetur.
669 2233 700 2258 In
715 2231 850 2266 qualibet
867 2239 931 2259 ora-

104 2278 194 2310 tione,
206 2277 254 2305 vel
264 2277 364 2313 potius
374 2277 404 2304 in
415 2276 550 2313 quolibet
560 2276 669 2312 scripto
680 2276 740 2304 duo
749 2275 934 2304 considerari

105 2324 246 2358 possunt.
260 2321 353 2349 verba
368 2323 396 2349 et
406 2323 567 2349 sententize.
581 2322 710 2356 Utraque
721 2323 820 2348 autem
834 2321 864 2348 in
874 2320 931 2348 hoc

105 2366 262 2403 opusculo,
285 2368 318 2394 ut
338 2366 411 2394 mihi
439 2365 562 2402 quidem
585 2365 712 2398 videtur,
740 2365 931 2401 peregrinum

105 2412 253 2449 quiddam
270 2413 298 2439 et
313 2419 331 2439 θ.
345 2411 442 2438 Basilii
458 2411 673 2438 consuetudine
689 2410 820 2438 alienum
832 2410 934 2446 praefe-

107 2460 184 2485 runt.
203 2458 235 2484 Et
251 2459 283 2485 ut
298 2456 372 2484 ordo
386 2456 494 2492 aliquis
509 2458 653 2489 servetur,
668 2456 798 2491 primum
814 2455 851 2483 dc
868 2463 933 2483 sen-

108 2501 214 2536 tentiis,
235 2500 345 2528 deinde
369 2500 406 2527 de
427 2500 526 2528 verbis
550 2500 781 2536 disputabimus.
809 2501 884 2535 Ergo
909 2500 933 2527 si

109 2545 207 2582 ipsum
218 2545 376 2574 exordium
393 2544 572 2580 consideres,
588 2544 662 2573 nihil
674 2544 730 2572 nisi
741 2544 891 2580 abjeetum
905 2546 934 2572 et

164 2672 204 2706 (a)
221 2672 305 2700 Tom.
323 2672 345 2706 l,
360 2670 390 2698 in
405 2670 488 2698 Praef.
505 2677 535 2698 n.
555 2672 596 2698 18.

162 2771 201 2807 (c)
217 2770 289 2799 Vide
301 2771 407 2799 notam
422 2769 461 2799 ad
473 2770 555 2798 hunc
568 2769 677 2798 locum.
693 2770 770 2797 Em.

987 2231 1085 2260 Basilii
1104 2230 1252 2267 exemplo,
1273 2230 1380 2258 eadem
1399 2230 1450 2259 illa
1468 2231 1625 2267 Scripturae
1644 2231 1747 2266 verba,
1777 2233 1813 2261 Ut

985 2277 1112 2305 solveris
1128 2279 1274 2312 tanquam
1294 2276 1420 2304 damula
1440 2284 1455 2304 e
1477 2277 1600 2312 laqueis,
1623 2276 1654 2304 in
1678 2277 1814 2306 medium

986 2321 1116 2358 protulit,
1131 2321 1231 2349 statim
1244 2320 1337 2356 addit,
1354 2323 1395 2350 Μὴ
1418 2322 1461 2347 ἔσο
1484 2321 1563 2357 ἀργὸς
1577 2323 1635 2358 περὶ
1650 2323 1696 2353 τὰς
1711 2321 1814 2353 ἐντολὰς

986 2370 1030 2392 τοῦ
1046 2368 1151 2402 Κνρίου-
1167 2368 1201 2402 μὴ
1214 2368 1243 2392 τὸ
1259 2367 1304 2402 μὲν
1320 2368 1397 2400 ποίει,
1414 2367 1443 2391 τὸ
1455 2364 1484 2392 δὲ
1501 2366 1654 2392 ἀνεϐάλλου.
1678 2369 1813 2393 Amata-1t—

985 2414 1030 2437 κόν
1043 2421 1068 2436 τι
1083 2415 1167 2441 ποιεῖς
1182 2411 1327 2447 ὁιφοσίωμοι⁵
1341 2412 1374 2441 ὡς
1386 2413 1414 2436 τὸ
1426 2411 1480 2437 ὃ).ον
1494 2411 1643 2447 πληρώσας.
1656 2411 1732 2438 Ἀλλά
1747 2411 1814 2448 βού-

985 2455 1065 2489 λεται,
1081 2457 1135 2483 etc.
1149 2455 1222 2484 Noli
1233 2463 1292 2484 esse
1307 2456 1386 2484 circa
1398 2456 1543 2483 mandata
1554 2456 1675 2484 Domini
1686 2457 1793 2484 otiosus
1803 2464 1813 2484 .·

987 2501 1052 2528 noli
1071 2500 1126 2528 hoc
1142 2500 1259 2536 quidem
1274 2501 1387 2535 facere,
1408 2501 1489 2528 illud
1511 2508 1580 2529 vero
1607 2501 1740 2535 differre.
1761 2501 1815 2529 Fe-

988 2545 1167 2573 neraliciam
1179 2545 1342 2580 quamdam
1356 2545 1422 2581 agis
1445 2546 1690 2582 satis/"actionem,
1714 2548 1746 2573 ut
1762 2546 1815 2582 qui

1045 2671 1085 2707 (ὁ)
1101 2671 1192 2700 Primi
1207 2672 1265 2700 tres
1276 2671 1308 2700 in
1323 2672 1452 2700 Eunoni.
1467 2670 1519 2699 lib.
