2020 3140
214 103 247 128 55
968 100 1164 129 ΡΒᾹΞἘΑΤΙΟ.
1890 103 1927 129 56

214 165 307 190 totum
319 162 498 198 impleveris.
506 163 567 192 Sed
573 164 646 197 vult,
654 165 709 192 etc.
717 165 829 192 Rursus
838 163 913 200 quid
921 163 1039 197 esthoc,
1057 167 1076 191 A
1096 161 1235 190 mandati
1245 162 1448 192 violationem.
1460 163 1686 191 «Nullimalum
1695 170 1753 198 pro
1766 164 1846 191 malo
1857 164 1928 192 red-

215 210 378 233 Δανειστικόν
393 218 420 233 τι
434 211 516 239 ποιεῖς
531 207 678 245 ἁφθσίωμα,
700 210 734 239 ὡς
757 210 786 234 τὸ
808 208 864 234 ὅλον
888 208 1039 244 πληρώσας,

214 252 433 280 Feneraticiam
443 252 601 288 quamdam
611 254 675 288 agis
686 253 934 288 satisfactionem,
946 255 979 280 ut
990 252 1042 288 qui

215 299 308 324 totum
320 297 496 332 impleveris,
510 297 565 324 nisi
576 297 733 333 quoddam
742 297 829 334 quasi
841 297 970 331 aenigma
981 296 1042 331 (a)?

215 341 248 367 Et
258 340 332 367 illud
345 340 472 368 maxime
483 341 661 376 notandum,
676 341 856 377 Scripturam
868 340 909 369 ita
920 340 1001 369 citari
1011 340 1042 367 in

214 392 250 412 ea
264 385 301 412 de
318 392 379 420 qua
391 385 562 420 disputatur
574 385 848 418 lucubratiuncula,
865 387 898 413 ut
922 385 952 412 in
976 384 1043 420 ipsa

214 429 325 457 citandi
339 430 453 457 ratione
468 430 659 465 peregrinum
676 430 823 466 quiddam
843 432 871 458 et
893 429 1042 457 exoticum

214 474 292 502 insit.
303 477 336 502 Et
347 478 378 502 ut
391 483 437 503 res
449 476 586 512 exemplo
597 475 703 504 clarior
713 476 775 510 ﬁat,
788 476 943 512 utriusque
950 474 1043 503 verba

214 519 382 555 subjiciam,
397 520 527 556 primum
546 521 654 554 Basilii,
668 520 777 548 deinde
793 520 948 557 anonymi.
961 519 1043 547 Basi-

212 564 271 592 lius
287 572 358 600 ergo
371 564 411 591 sic
425 564 556 600 loquitur
584 566 668 598 (tom.
698 567 732 599 ll,
757 565 840 592 hom.
866 567 892 600 3,
919 572 949 600 p.
979 563 1041 599 18):

214 610 303 635 Πάντα
323 607 365 634 οὖν
388 611 549 646 περισκόπει,
583 609 638 635 Ἱνα
666 610 737 646 σώζῃ
771 610 857 645 ὥσπερ
891 607 988 646 δορχὰς
1017 607 1044 633 ἐκ

215 653 333 690 βρόχων.
347 653 550 688 Circumspice
566 654 661 689 igitur
681 656 707 681 et
728 654 825 681 lustra
848 654 958 686 omnia,
979 664 993 678 «ί
1007 653 1043 681 Ut

213 698 337 725 serveris
348 700 490 733 tanquam
501 698 626 726 damula
636 705 651 726 e
660 699 804 734 laqueis.»
816 697 1044 733 Anonymivero

212 742 315 776 verba,
331 744 362 769 ut
373 742 437 777 jam
451 743 590 775 vidimus,
605 743 668 770 hinc
684 745 762 778 sunt,
779 745 845 769 Οὔτε
853 744 896 768 τὸν
912 742 1043 778 ἀλλότριον

214 785 349 822 δέχονται,
367 789 425 813 οὔτε
440 790 482 813 τὸν
498 797 560 813 ποτε
574 787 769 825 ἐπιστρέφοντα,
787 789 845 814 οὔτε
861 789 904 813 τὸν
919 791 1044 813 νοσοῦντα

213 833 247 862 ὡς
276 833 435 867 ὑγιαίνοντα·
461 832 515 858 Ἵνα
540 833 611 868 σώζῃ
640 834 727 870 ὥσπερ
751 831 848 870 δορχάς
873 831 899 857 ἐκ
925 831 1042 868 βρόχων.

213 876 316 911 Neque
331 877 464 904 alienum
489 877 664 910 admittunt,
697 884 792 912 neque
819 885 884 905 eum
909 877 962 912 qui
988 877 1043 904 ali-

214 921 336 956 quando
358 929 519 950 conversus
540 924 592 957 est,
614 930 709 963 neque
730 924 877 957 tegrolum
899 925 1043 957 tanquam

214 974 332 994 sanum.
351 977 363 991 ‹‹
377 967 413 995 Ut
423 968 550 995 salveris
566 970 710 1002 tanquam
722 967 848 995 damula
863 975 878 996 e
892 968 1014 1002 laqueis.
1029 977 1044 992 :-

217 1011 272 1039 Ubi
292 1011 425 1046 Basilius,
442 1012 493 1048 qui
514 1013 578 1048 ejus
600 1020 666 1040 mos
686 1014 739 1046 est,
763 1012 922 1048 Scripturae
943 1011 1045 1040 locum

216 1064 286 1084 cum
301 1056 337 1084 iis
354 1065 422 1093 quae
433 1057 607 1093 praecedunt
621 1057 719 1085 verbis
726 1060 793 1094 apte
801 1057 969 1085 admodum
976 1064 1046 1084 con-

216 1102 324 1130 nectit:
346 1102 377 1130 in
392 1111 545 1138 anonymo
561 1110 632 1130 vero
647 1103 704 1130 hoc
720 1103 800 1130 idem
816 1101 1046 1131 Proverbiorum

216 1147 423 1174 testimonium
441 1155 510 1175 cum
529 1147 675 1183 superiori
690 1147 825 1175 oratione
846 1147 929 1174 nullo
954 1145 1047 1174 modo

218 1191 385 1227 copulatur.
408 1191 519 1219 Deinde
535 1192 594 1219 alia
609 1191 660 1219 illa
676 1192 852 1220 eorumdem
874 1190 1047 1219 Proverbio-

219 1243 287 1263 rum
317 1235 419 1267 verba,
441 1237 521 1264 Vade
536 1236 577 1264 ad
587 1237 757 1271 formicam,
774 1244 789 1264 ο
803 1236 929 1271 piger”,
945 1235 1046 1272 expla-

221 1287 298 1308 nans
311 1288 463 1316 anoymus
479 1280 537 1315 ille,
553 1281 594 1308 sic
610 1281 712 1308 scribit
726 1282 807 1317 (pag.
821 1282 882 1315 6t9)
895 1289 901 1308 :
922 1282 954 1306 Τί
967 1290 1047 1306 κατα-

223 1328 322 1361 φρονεῖς
337 1325 383 1350 τοῦ
398 1324 510 1361 μεγάλου
527 1323 691 1351 διδασκάλου
705 1333 711 1358 ;
727 1325 755 1350 Ὀ
771 1325 879 1362 μύρμηξ
895 1334 923 1350 σε
938 1322 1048 1361 διερεθι-

223 1370 288 1399 ζέτω
317 1371 381 1407 πρὸς
413 1372 460 1399 τὴν
488 1369 623 1406 ἐνέργειαν.
664 1372 713 1396 Καὶ
749 1370 812 1407 παρ’
841 1369 938 1395 ἐκείνου
971 1370 1047 1405 μάθε.

225 1414 333 1445 Ἐκεῖνος
355 1414 384 1440 οὐ
414 1413 575 1441 διδάσκαλςν
598 1413 676 1450 οἶδεν,
706 1415 753 1440 οὐκ
781 1413 929 1450 ἀποδημίαν
953 1413 1049 1444 ἁπεδὴ-

224 1469 316 1495 μησεν,
331 1459 378 1484 οὐκ
393 1459 472 1495 ἔμαθε
483 1462 641 1496 γεωργικοὺς
664 1459 823 1495 Ibycum...
848 1458 932 1485 Οὐδὲν
952 1461 1048 1485 τούτων

224 1503 357 1541 πᾶρεστιν·
383 1503 447 1530 ἀ).λά
467 1507 563 1540 φυσική
585 1514 624 1535 τις
642 1504 740 1540 ἀνάγκη
761 1506 790 1530 τὸ
812 1504 877 1534 ζῶον
900 1502 1047 1541 διερεθίζει-

225 1548 325 1574 Οὑκοῦν
339 1550 354 1578 ἡ
373 1550 450 1585 φύσις
464 1552 530 1575 τότε·
547 1552 592 1574 καὶ
609 1551 641 1575 σὺ
656 1550 689 1584 (ι,
708 1551 759 1582 σοι)
775 1553 822 1580 τῆς
841 1550 941 1585 φύσεως
962 1550 1051 1586 παρίει

224 1593 303 1629 λόγσς
319 1594 412 1624 αἴτιος.
439 1593 517 1627 Quid
535 1594 698 1622 contemnis
721 1601 865 1628 magnum
888 1597 1053 1628 prter-epio-

225 1645 287 1665 rem
298 1638 312 1665 ?
326 1638 464 1666 Formica
475 1641 503 1666 te
513 1639 619 1667 excitet
631 1639 672 1667 ad
681 1639 894 1673 operationem.
909 1639 942 1665 Et
953 1638 992 1665 ab
1002 1637 1053 1666 illa

225 1682 316 1710 disce.
333 1683 392 1710 Illa
407 1691 468 1710 non
481 1684 563 1711 novit
578 1684 766 1718 magistrum,
780 1691 840 1710 non
849 1690 977 1718 peregre
985 1690 1053 1717 pro-

225 1727 306 1762 fecta
317 1729 370 1758 est,
384 1735 442 1754 non
457 1727 563 1755 didicit
583 1728 782 1762 agriculturae
807 1730 949 1756 artem....
969 1726 1054 1754 Nihil

227 1772 334 1800 horum
355 1772 454 1800 adest:
477 1772 529 1800 sed
551 1773 702 1800 naturalis
731 1772 869 1808 quaedam
894 1772 1053 1800 necessitas

227 1817 342 1846 animal
356 1818 479 1845 eacitat.
492 1817 596 1852 Itaque
609 1819 723 1845 natura
735 1820 822 1845 tunc:
835 1819 862 1845 et
876 1816 931 1844 tibi
940 1816 1055 1844 accedit

228 1863 317 1896 ratio,
338 1869 405 1897 qute
420 1864 536 1889 natura
552 1869 665 1896 parens
688 1864 740 1889 est.
767 1861 879 1894 Quibus
903 1861 934 1889 in
956 1860 1055 1889 verbis

229 1906 303 1934 nihil
325 1906 449 1934 omnino
463 1906 681 1934 Basilianarum
695 1906 839 1934 virtutum
852 1905 1054 1942 deprehendo.

229 1953 261 1979 in
276 1951 338 1986 illo,
352 1954 381 1979 et
395 1951 432 1978 ab
443 1951 498 1979 illa
509 1951 600 1985 disce,
614 1958 675 1978 non
687 1950 896 1978 animadverto
907 1950 1014 1978 miram
1025 1949 1057 1977 il-

228 1996 289 2024 lam
306 1997 399 2023 artem
415 1995 523 2028 Basilii,
540 2003 602 2031 qua
617 1995 806 2024 solertissime
822 1996 1056 2037 consequentem

230 2041 396 2069 orationem
412 2041 551 2069 anteriori
567 2041 772 2069 connectebat.
787 2043 819 2068 ln
831 2040 996 2076 illo,itaque
1003 2048 1056 2068 na-

230 2090 301 2115 tura
316 2089 397 2119 tunc,
414 2085 488 2114 nihil
510 2088 562 2118 est,
587 2086 670 2123 quod
686 2086 796 2114 summi
823 2086 914 2122 hujus
927 2085 980 2113 viri
999 2085 1057 2113 elo-

229 2131 384 2167 quentiam
398 2131 505 2167 sapiat.
521 2133 551 2158 ln
567 2131 626 2164 illo,
644 2133 670 2159 et
691 2131 745 2159 (ibi
758 2131 873 2159 accedit
887 2131 976 2164 ratio,
991 2137 1058 2166 qua!

1097 203 1198 235 dentes
1209 208 1243 233 ω.
1253 216 1267 234 ›
1287 207 1395 235 Vidisti
1403 208 1546 243 quomodo
1557 209 1623 243 apis
1636 209 1727 236 vitam
1739 216 1805 236 cum
1819 209 1928 237 aculeo

1094 252 1257 286 projiciat?
1270 251 1401 280 Hicillud
1409 252 1555 288 Apostoli,
1564 253 1646 281 nulli
1655 254 1768 281 malum
1776 261 1835 287 pro
1845 253 1928 281 malo

1097 297 1264 331 reddentem,
1279 296 1316 324 ad
1333 296 1447 324 nullam
1460 297 1604 325 orationis
1621 299 1737 333 partem
1754 297 1855 326 referri
1872 306 1927 334 po-

1097 343 1162 376 test,
1174 349 1235 370 non
1245 341 1511 378 regithuidquam,
1528 350 1546 370 a
1560 350 1716 378 quoquam
1729 350 1789 370 non
1801 343 1928 377 regitur,

1098 387 1151 415 sed
1168 387 1262 414 oratio
1277 389 1321 414 est
1335 387 1423 423 quasi
1438 387 1586 421 absoluta,
1600 395 1668 423 quae
1685 395 1703 415 a
1718 387 1801 415 nulla
1821 395 1852 415 re
1872 387 1928 415 de-

1097 431 1238 468 pendeat,
1254 439 1323 459 cum
1342 431 1465 459 Basilius
1482 433 1594 466 tamen,
1610 434 1643 459 ut
1658 433 1762 460 notum
1777 433 1830 466 est,
1847 432 1928 468 ejus-

1097 476 1181 504 modi
1188 476 1416 513 Scriptureeloca
1424 476 1463 504 ad
1473 476 1621 512 reliquam
1631 477 1796 505 orationem
1804 485 1928 505 accom-

1097 521 1223 549 modare
1242 521 1456 557 soleat._Plura
1472 529 1663 557 paraveram,
1679 522 1731 550 sed
1748 530 1785 550 ne
1799 522 1845 550 his
1858 523 1929 559 plus

1099 566 1171 595 satis
1182 566 1360 594 immoratus
1373 565 1499 601 viderer,
1514 574 1550 594 ea
1564 566 1712 594 ascribere
1725 566 1818 594 nolui.

1133 613 1179 638 ‘25.
1199 612 1283 638 Nunc
1302 618 1473 647 proponam
1492 610 1630 646 exempla
1649 611 1801 647 quaedam,
1817 611 1932 648 quibus

1098 655 1227 692 probare
1247 655 1390 686 conabor,
1411 655 1524 683 alienas
1546 655 1697 692 quasdam
1712 657 1740 683 et
1755 657 1932 692 peregrinas

1099 708 1188 728 voces
1203 700 1234 727 in
1248 700 1306 727 hac
1326 699 1460 727 oratione
1485 699 1619 735 reperiri.
1643 701 1709 735 ipso
1733 700 1823 735 igitur
1848 700 1934 728 initio

1099 745 1182 781 (pag.
1199 746 1260 778 6t7)
1278 746 1382 772 auctor
1394 744 1436 771 sic
1452 743 1570 772 scribit:
1599 743 1665 770 Ἀλλ’
1695 744 1809 775 ἐπιζητῶ
1837 744 1933 780 ψυχὰς

1100 789 1432 826 φιληκόηυςξεῦσχημόνως
1442 792 1621 826 περιεστώσας
1629 791 1657 814 τὸ
1666 791 1838 826 πνευματικὸν
1847 790 1930 826 ἀκρο-

1065 837 1084 864 Β
1100 837 1215 871 ατήριον.
1231 833 1288 861 Sed
1300 834 1417 861 animas
1430 834 1552 868 requiro
1565 833 1724 862 auditionis
1736 834 1871 869 cupidas,
1881 835 1931 862 de-

1100 882 1201 907 center
1215 879 1443 907 circumstantes
1453 878 1614 913 spirituale
1621 879 1805 906 auditorium
1817 880 1930 907 Caetera.

1099 931 1161 952 non
1173 923 1336 959 improbo:
1360 922 1413 950 sed
1433 930 1540 950 vocem
1560 922 1729 960 ἀκροατήριον
1751 923 1834 959 apud
1849 923 1930 951 Basi-

1099 968 1174 996 lium
1189 967 1361 996 inusitatam
1378 975 1445 995 esse
1460 967 1597 995 arbitror.
1624 967 1759 1002 Basilius,
1780 968 1804 995 si
1818 968 1929 996 horum

1100 1020 1210 1050 parens
1225 1014 1312 1047 esset,
1323 1012 1363 1040 ita
1373 1012 1593 1048 composuisset
1607 1012 1771 1040 orationem
1787 1020 1885 1045 suam,
1898 1015 1930 1040 ut

1100 1058 1200 1095 potius
1214 1058 1336 1085 nomine
1352 1056 1478 1085 ἐκκλησία
1494 1065 1564 1084 usus
1580 1057 1692 1084 fuisset.
1710 1057 1814 1085 Statim
1830 1057 1930 1093 sequi-

1100 1105 1149 1132 tur
1165 1103 1245 1139 (pag.
1261 1104 1334 1136 618),
1353 1103 1480 1128 Ἐντεῦθεν
1497 1101 1633 1139 ἀρξώμεθα
1647 1106 1694 1132 τῆς
1708 1104 1773 1139 πρὸς
1788 1103 1856 1138 ὑμᾶς
1868 1103 1930 1138 ὀμι-

1101 1147 1168 1177 λίας.
1199 1148 1281 1175 Hinc
1310 1146 1482 1174 inchoemus
1506 1147 1593 1174 istam
1618 1147 1659 1174 ad
1685 1154 1733 1174 vos
1759 1146 1926 1174 homiliam.

1102 1192 1168 1220 Scio
1183 1191 1317 1227 quidem,
1339 1193 1373 1218 ut
1395 1191 1522 1219 aliorum
1543 1193 1715 1218 sanctorum
1737 1192 1868 1226 Patrum,
1890 1191 1932 1219 ita

1102 1236 1199 1264 Basilii
1213 1236 1310 1272 ipsius
1325 1236 1474 1263 orationes
1486 1235 1551 1270 jam
1573 1243 1591 1263 a
1614 1235 1704 1270 longo
1725 1238 1858 1271 tempore
1878 1235 1930 1263 ho-

1102 1280 1200 1309 milias
1214 1280 1330 1308 vocari:
1348 1280 1401 1308 sed
1414 1280 1466 1307 ubi
1482 1279 1606 1307 Basilius
1619 1279 1682 1316 ipse
1697 1279 1755 1307 hoc
1771 1287 1862 1307 sensu
1877 1288 1932 1307 no-

1102 1333 1172 1355 men
1189 1325 1277 1361 ὁμίλια
1287 1333 1423 1361 unquam
1438 1324 1600 1360 usurparit,
1612 1324 1728 1359 ignoro.
1746 1326 1806 1352 Hoc
1820 1324 1885 1360 ipso
1901 1324 1931 1352 in

1102 1371 1170 1399 loco
1187 1370 1304 1406 legitur,
1321 1370 1437 1407 ἑκάτερον
1454 1371 1550 1396 τούτων
1567 1372 1715 1406 παρίστησι
1734 1368 1826 1400 duino;
1845 1369 1929 1405 λόγος,

1105 1415 1211 1443 horum
1228 1418 1388 1451 utrumque
1402 1415 1521 1443 exhibet
1536 1415 1652 1449 duplex
1665 1422 1771 1442 sermo.
1791 1415 1854 1441 Vox
1869 1412 1930 1440 δυι-

1104 1463 1149 1491 κός
1162 1459 1427 1496 grammaticorum
1440 1461 1495 1495 est,
1511 1467 1572 1487 non
1588 1461 1752 1487 oratorum.
1767 1460 1830 1486 lmo
1840 1458 1930 1486 etiam

1104 1514 1142 1534 ne
1158 1505 1346 1540 grammatici
1358 1505 1479 1541 quidem
1488 1512 1524 1532 ea
1533 1505 1591 1533 hoc
1602 1512 1704 1538 sensu,
1716 1504 1832 1540 opinor,
1842 1506 1931 1531 utun-

1106 1553 1162 1586 tur,
1180 1550 1245 1584 sed,
1261 1549 1319 1578 nisi
1334 1549 1423 1577 valde
1442 1549 1539 1582 fallor,
1559 1549 1658 1585 ipsam
1677 1549 1774 1577 solum
1790 1548 1934 1576 adhibent

1105 1597 1169 1624 tum
1185 1603 1254 1622 cum
1264 1601 1425 1622 numerum
1433 1593 1566 1622 duadem
1577 1593 1745 1629 signiﬁcare
1755 1593 1869 1621 volunt.
1881 1593 1935 1620 Ba.

1108 1639 1192 1667 silius
1214 1637 1302 1666 simili
1317 1638 1347 1665 in
1363 1646 1394 1666 re
1414 1645 1475 1666 non
1493 1645 1566 1665 voce
1587 1636 1679 1669 δυὶκός
1693 1638 1793 1671 utitur,
1814 1637 1867 1665 sed
1882 1645 1934 1665 no-

1107 1684 1187 1712 mine
1203 1681 1319 1714 διπλόος.
1340 1683 1384 1711 Ita
1403 1683 1483 1710 enim
1498 1682 1529 1710 in
1546 1683 1678 1718 quadam
1699 1682 1833 1710 oratione
1849 1683 1934 1716 (tom.

1108 1729 1142 1763 ΙΙ,
1157 1729 1241 1757 hom.
1256 1731 1282 1760 3,
1298 1736 1328 1764 p.
1347 1728 1388 1763 18)
1409 1727 1560 1764 loquitur:
1586 1726 1691 1756 Ἐπειδὴ
1721 1725 1750 1753 δὲ
1776 1725 1885 1753 διπλοῦν
1906 1729 1935 1752 τὸ

1108 1776 1259 1811 προσέχειν·
1276 1776 1306 1800 τὸ
1321 1775 1365 1810 μὲν
1382 1776 1542 1809 σωματικοῖς
1557 1772 1698 1809 ὀφθαλμοῖς
1714 1771 1864 1802 Evoti-nitate
1883 1775 1937 1801 τοῖς

1109 1820 1221 1856 ὁρατοῖς,
1238 1819 1267 1844 τὸ
1284 1817 1322 1851 δὲ,
1338 1819 1389 1846 etc.
1405 1818 1551 1852 Quoniam
1568 1820 1666 1845 autem
1688 1817 1802 1851 duplex
1825 1819 1868 1844 est
1891 1819 1937 1844 at-

1110 1865 1202 1892 tentio
1212 1870 1224 1899 ,'
1236 1864 1343 1897 altera,
1359 1871 1425 1890 cum
1439 1862 1668 1890 considerantur
1680 1862 1775 1890 oculis
1786 1861 1937 1895 corporeis

1110 1909 1259 1937 visibilia:
1275 1908 1382 1941 altera,
1397 1910 1454 1935 etc.
1470 1908 1527 1935 Nec
1541 1907 1582 1934 ita
1593 1906 1688 1934 multo
1699 1908 1768 1942 past
1782 1905 1812 1933 in
1829 1905 1936 1933 eadem

1109 1952 1170 1986 illa,
1183 1960 1278 1989 quam
1293 1951 1363 1985 dixi,
1379 1951 1512 1980 oratione
1524 1950 1662 1980 eamdem
1673 1958 1778 1979 vocem
1793 1950 1873 1978 idem
1886 1951 1937 1977 Ba-

1111 1997 1196 2025 silius
1210 1996 1376 2032 usurpavit.
1393 1997 1462 2032 Ejus
1476 1998 1578 2024 autem
1593 1996 1658 2024 haec
1674 1998 1743 2023 sunt
1757 1994 1868 2023 verba:
1884 1994 1938 2025 Ἐξ-

1112 2045 1202 2069 ἐτασον
1217 2043 1333 2074 σεαυτὸν,
1346 2044 1386 2072 τίς
1401 2039 1432 2067 εἶ’
1448 2042 1528 2077 γνῶθι
1541 2044 1650 2067 σεαυτοῦ
1663 2043 1709 2069 τὴν
1722 2041 1808 2076 φύσιν,
1822 2040 1862 2065 ὃτι
1874 2040 1937 2068 0w.-

1112 2089 1154 2113 τὸν
1170 2089 1214 2123 μὲν
1229 2096 1275 2112 σου
1289 2088 1318 2113 τὸ
1334 2090 1419 2122 σῶμα,
1437 2085 1563 2117 ἀθάνατος
1583 2084 1612 2111 δὲ
1625 2086 1639 2114 ἡ
1656 2084 1745 2120 ψυχή’
1762 2087 1805 2110 καὶ
1825 2085 1865 2110 ὅτι
1892 2082 1937 2109 δι-

1112 2132 1161 2161 πλῆ
1174 2142 1214 2162 τις
1222 2131 1291 2158 ἐστὶν
1303 2132 1317 2160 ἠ
1321 2135 1374 2167 μῶν
1384 2132 1398 2160 ἠ
1407 2131 1472 2161 ζωή.
1485 2131 1681 2158 Perscrutare
1690 2133 1717 2157 te
1724 2130 1796 2164 ipse,
1807 2129 1874 2165 quis
1882 2130 1920 2156 sis
1927 2130 1940 2155 .9

230 2179 351 2204 natura'
360 2183 471 2210 parens
482 2179 533 2211 est,
545 2183 583 2204 ne
594 2176 754 2211 vestigium
767 2176 891 2212 quidem
907 2177 1002 2203 exstat
1009 2183 1058 2202 ex-
1074 2171 1096 2198 D
1111 2178 1163 2212 fac
1177 2184 1282 2205 noscas
1293 2179 1376 2207 tuam
1387 2176 1481 2210 ipsius
1495 2178 1649 2209 naturam,
1667 2175 1808 2202 nimirum
1829 2181 1939 2208 corpus

229 2221 330 2256 quisiti
341 2220 417 2248 illius
425 2220 539 2256 judicii,
551 2229 612 2256 quo
624 2221 786 2248 excellebat
799 2220 924 2248 Basilius
946 2222 1057 2248 Natura

229 2264 352 2292 rationis
367 2272 479 2301 parens
499 2267 551 2299 est,
572 2273 633 2292 non
648 2265 722 2293 ratio
738 2272 847 2300 parens
863 2267 907 2293 est
928 2267 1054 2292 naturai.

229 2308 313 2336 Ratio
326 2311 440 2336 naturae
453 2308 570 2336 frenum
584 2310 639 2344 est,
651 2311 675 2344 ej
682 2317 777 2344 usque
790 2309 982 2344 moderatrix,
993 2317 1055 2337 non

229 2361 333 2386 causa,
348 2361 409 2381 non
422 2353 516 2389 origo.
532 2352 692 2389 Aliquanto
707 2355 774 2389 post
788 2355 891 2381 auctor
906 2353 946 2381 ita
959 2353 1054 2390 loqui-

229 2401 277 2426 tur
316 2403 357 2434 (p.
400 2399 484 2433 620):
524 2399 631 2424 Ἐκεῖνον

230 2444 338 2469 σεαυτὸν
355 2441 384 2469 δὲ
405 2442 554 2472 ἀπέκτεινας
569 2447 599 2478 τῇ
617 2447 735 2480 παρακθῇ
752 2447 798 2473 τῆς
814 2442 926 2474 ἐντολῆς.
952 2443 1053 2473 Μηδενὶ

679 2399 723 2434 μὲν
765 2400 857 2436 μικρὸν
904 2397 1052 2431 ὠνείδισας,

227 2490 307 2515 κακὸν
334 2488 390 2514 ἀντὶ
410 2492 490 2514 κακοῦ
519 2486 699 2519 ἀποδιδόντες.
730 2487 804 2518 Εἶδες
827 2493 882 2520 πῶς
900 2489 915 2518 ἡ
941 2489 1053 2525 μέλισσα

227 2538 264 2569 τῷ
277 2535 372 2571 κέντρῳ
391 2535 439 2562 τὴν
459 2533 525 2562 ζωήν
541 2532 674 2569 ἐναφὶησι;
701 2533 793 2561 Illum
813 2533 930 2568 quidem
943 2535 1053 2568 paulu-

230 2579 291 2606 lum
312 2579 426 2613 probro
451 2578 589 2612 effecisti,
609 2580 640 2605 al
666 2578 789 2613 teipsum
805 2579 982 2607 interemisti
998 2587 1054 2614 per

285 2641 308 2658 ¹⁸
327 2642 413 2669 Prov.
431 2649 468 2674 γι,
484 2642 511 2669 6.
554 2640 574 2658 '9
596 2642 680 2668 Rom.
697 2648 745 2676 xu,
763 2642 804 2669 l7.

1111 2222 1229 2258 quidem
1245 2221 1372 2249 mortale
1383 2227 1453 2254 esse,
1471 2221 1603 2248 animam
1621 2227 1689 2247 vero
1714 2219 1913 2247 immortalem
1929 2226 1940 2246 :

1110 2267 1190 2301 item,
1223 2266 1372 2300 duplicem
1400 2272 1462 2293 esse
1491 2265 1583 2293 vitam
1612 2267 1757 2292 nostram.
1793 2263 1850 2291 Sed
1886 2262 1939 2290 ubi

1109 2319 1170 2339 vox
1185 2309 1276 2341 ὃυῑκός
1290 2310 1321 2337 in
1337 2309 1434 2337 Basilii
1452 2309 1568 2345 scriptis
1581 2307 1845 2344 Iegatur,necdum
1856 2307 1939 2336 novi.
1963 2346 1967 2348 _
1982 2346 1985 2348 Ι

1111 2355 1156 2384 Sic
1180 2355 1277 2392 pergit
1297 2356 1401 2383 auctor
1425 2355 1513 2390 (pag.
1540 2354 1623 2388 6t9):
1646 2357 1703 2384 ne;
1726 2356 1886 2389 μιμὴσωμαι
1907 2353 1940 2378 τὰ
1963 2346 1979 2355 ’”

1109 2401 1178 2427 ἁπλᾶ
1192 2401 1225 2426 τὰ
1239 2410 1276 2436 τῳ
1297 2400 1399 2436 μεγέθει
1417 2403 1461 2425 τοῦ
1483 2401 1622 2435 acinaces;
1651 2398 1802 2432 Quomodo
1823 2398 1940 2424 imitari

1107 2448 1212 2482 potero
1226 2452 1293 2481 qua:
1309 2445 1386 2473 mole
1402 2445 1536 2479 corporis
1556 2444 1690 2479 ingentia
1707 2446 1776 2470 sunt
1789 2444 1802 2469 .9
1814 2444 1876 2470 Non
1891 2450 1941 2469 ne-

1108 2490 1188 2526 gaho
1199 2489 1321 2526 quidem
1329 2497 1434 2517 vocem
1445 2489 1539 2516 ἁπλόος
1547 2488 1604 2523 legi
1615 2488 1644 2515 in
1658 2487 1756 2515 Basilii
1773 2486 1872 2515 libris:
1886 2486 1939 2514 sed

1107 2535 1160 2563 ubi
1169 2535 1199 2562 in
1211 2533 1285 2570 ipsis
1297 2533 1337 2562 ad
1350 2533 1590 2569 magnitudinem
1606 2531 1838 2567 signiﬁcandam
1851 2539 1939 2558 usur-

1108 2581 1179 2616 pata
1185 2578 1231 2614 sit,
1240 2585 1302 2606 non
1311 2577 1444 2606 memini.
1459 2578 1491 2605 Et
1498 2576 1632 2612 alioquin
1640 2574 1840 2612 illaloquendi
1851 2575 1938 2610 ratio,

281 2704 325 2740 (al
333 2702 445 2731 Alludit
458 2705 562 2731 auctor
576 2703 616 2731 ad
629 2703 832 2740 feneratorum
848 2704 1109 2738 consuetudinem,
1124 2703 1177 2740 qui
1191 2702 1351 2740 pecuniam
1366 2703 1473 2740 mutuo
1489 2701 1610 2740 dantes,
1623 2708 1775 2740 summam
1791 2699 1940 2740 integram

227 2735 630 2780 inscribuntcujus'partenl
641 2739 862 2780 fenoriscausa
876 2741 1003 2769 retinent
1017 2750 1023 2774 ;
1057 2742 1085 2768 et
1098 2735 1156 2769 hoc
1171 2735 1225 2775 est,
1240 2742 1274 2767 ut
1288 2739 1341 2776 qui
1355 2740 1449 2766 totum
1462 2737 1632 2773 inpleveris.
1651 2738 1718 2764 Haec
1737 2736 1803 2772 jam
1825 2735 1942 2763 viderat

227 2777 260 2804 D.
277 2777 306 2804 L.
324 2775 361 2804 de
375 2775 480 2804 Sinner
496 2775 527 2804 in
546 2775 593 2804 ed.
609 2775 702 2805 Paris.
719 2777 797 2804 l839.
