2020 3140
92 127 124 152 5⁸1
855 125 1034 153 ΡΒίΕΙῖἉΤΙΟ
1039 146 1045 152 .
1770 129 1804 156 58

89 188 121 213 τὰ
137 187 210 214 ἁπλᾶ
224 189 257 213 τὰ
271 191 307 224 τῷ
329 189 431 224 μεγέθει
445 191 490 214 τοῦ
507 192 635 224 σώματος,
663 195 717 224 per
746 195 778 215 se
802 186 920 215 insolita.
934 188 956 214 Α
977 196 1036 217 σης.
1059 186 1196 223 Ἐξάγωνοι
1220 189 1269 224 ’γὰρ
1292 191 1377 214 πᾶσαι
1401 191 1445 215 καὶ
1467 189 1616 226 ἰσόπλευροι
1635 193 1684 215 τῶν
1708 192 1803 226 κηρίων

88 231 207 259 videtur
221 234 250 260 et
264 239 345 260 nova
361 241 368 266 ;
382 232 517 268 mihique
535 233 608 261 satis
628 231 790 260 verisimile
809 231 852 264 ﬁt,
868 230 921 266 qui

87 277 154 304 haec
169 276 280 312 legent,
299 285 351 305 eos
369 277 443 306 nihil
459 278 516 306 tale
538 278 619 313 apud
639 278 767 305 idoneos
784 278 921 304 auctores

88 320 198 355 legisse
225 328 257 348 se
281 321 366 349 facile
394 321 596 350 confessuros.
619 323 681 349 Vox
702 322 918 358 στρατηγάρχας,

89 373 157 401 quis
174 365 334 401 aliquanto
350 369 418 402 post
432 369 515 402 (pag.
531 367 593 401 620)
607 366 751 402 sequitur,
766 373 828 393 non
842 365 922 392 vide-

88 412 136 438 tur
151 411 252 445 magis
268 411 422 439 familiaris
435 411 526 439 fuisse
540 411 629 439 bonis
645 410 853 446 scriptoribus,
869 408 921 445 qui

88 462 159 482 cum
170 462 285 482 nomen
301 457 352 483 aut
367 455 493 483 verbum
509 463 690 491 componere
701 454 808 482 vellent
823 461 860 482 ex
872 461 922 480 vo-

87 498 176 526 cibus
192 502 306 536 στρατός
318 501 347 527 et
361 499 441 536 ἀρχή,
454 499 583 527 litteram
594 510 610 535 γ
624 507 686 527 non
701 497 920 526 immiscebant.

88 543 227 572 Vidimus
250 544 331 572 enim
349 544 409 572 dici
433 544 567 580 solitum,
589 547 771 582 στρατάρχης,
794 545 922 581 στράταρ-

91 598 149 623 χοι,
176 590 370 625 στραταρχέοι,⁷
384 591 560 625 στραταρχία,
578 597 595 616 a
617 589 728 625 quibus
747 587 889 616 omnibus
904 597 921 622 7

85 631 183 660 littera
197 632 294 667 abest,
310 633 341 660 in
363 633 468 669 eisque
488 636 633 669 praeterea
647 643 664 659 α
677 632 824 669 reperitur
838 632 869 660 in
879 639 922 660 se-

84 677 188 704 cunda
202 677 331 713 syllaba.
358 679 477 713 Contra,
495 678 519 705 si
542 677 664 714 quando
680 677 787 705 vellent
803 679 854 704 aut
869 684 922 704 no-

85 729 155 749 men
179 723 233 750 aut
253 721 379 750 verbum
401 731 438 750 ex
461 722 587 750 vocibus
610 725 723 760 στρατός
745 724 773 749 et
797 722 921 757 ἡγεῖσθαι

84 766 228 800 conﬂare,
250 769 323 794 tunc
337 770 370 795 ut
385 767 514 795 litteram
537 777 550 796 η
567 768 723 803 ponebant
739 767 770 794 in
786 766 921 794 secunda

82 811 216 846 syllaba,
231 811 274 839 ita
292 811 420 839 litteram
434 823 451 847 γ
469 812 655 843 inserebant,
676 814 708 839 ut
727 811 807 839 cerni
825 813 922 847 potest

976 232 1002 256 αἱ
1029 232 1161 268 σύριγγες,
1190 231 1236 257 οὐκ
1257 231 1295 258 ἐπ’
1319 233 1415 263 εὐθείας
1441 233 1562 264 ἀλλήλαις
1586 236 1802 269 κατιεπικείμιενοιιΙ

976 276 1017 301 ἵνα
1037 278 1072 312 μὴ
1092 278 1224 312 κάμνωσιν
1245 278 1269 303 οἱ
1289 279 1415 314 πυθμένες
1439 282 1493 308 τοῖς
1519 277 1648 309 διακένοις
1669 278 1803 316 ἐφηρμοσ-

975 322 1056 356 μένοι’
1082 320 1135 346 ἀλλ’
1159 323 1186 347 αἱ
1210 324 1302 357 γωνίαι
1325 327 1374 348 τῶν
1400 324 1513 349 κάτωθεν
1540 323 1680 359 ἐξαγὼνων,
1705 323 1803 360 βάθρον

975 368 1020 390 καὶ
1043 367 1149 403 ἔρεισμα
1172 371 1220 392 τῶν
1241 367 1427 404 ὑπερκειμένων
1451 367 1525 400 εἰσὶν,
1549 369 1581 398 ὡς
1599 367 1720 404 ἀσφαλῶς
1739 369 1802 404 ὑπὲρ

975 410 1071 436 ἑαυτῶν
1093 412 1257 449 μετεωρίζειν
1281 413 1314 438 τά
1344 412 1426 450 βάρη,
1449 416 1494 439 καὶ
1524 411 1679 444 ἰδιαζόντως
1705 413 1800 449 ἑκάστῃ

975 455 1107 484 κοιλότητι
1131 458 1160 482 τὸ
1180 457 1257 493 ὑγρόν
1281 456 1483 492 ἑγκατέχεσθαι.
1505 458 1560 486 Ha?
1579 461 1649 485 sunt
1665 458 1802 493 quaedam

975 502 1094 528 natura:
1114 501 1191 535 leges
1212 502 1334 529 minime
1355 502 1487 536 scripta,
1515 504 1547 529 ut
1579 502 1663 529 tardi
1683 505 1742 529 sznt
1763 501 1803 529 ad

977 544 1150 577 vindictam,
1186 546 1238 581 qui
1265 546 1305 574 ad
1338 547 1503 574 maximam
1535 547 1701 581 potentiam
1732 548 1803 573 sunt

975 589 1077 617 evecti.
1099 590 1160 617 Sed
1179 593 1205 618 et
1226 598 1413 627 quacunque
1432 599 1503 626 apes
1530 592 1609 626 regis
1635 591 1802 625 exemplum

975 641 1034 660 non
1049 637 1226 669 sequuntur,
1250 643 1300 663 eas
1318 637 1418 664 statim
1436 636 1611 664 temeritatis
1628 643 1690 663 sate
1704 634 1801 669 pleni-

975 680 1025 713 tet,
1048 682 1206 713 propterea
1229 681 1309 715 quod
1337 681 1436 708 aculei
1460 681 1522 708 ictu
1545 682 1708 708 intereunt.
1735 680 1801 706 Au-

974 723 1060 751 diant
1095 723 1271 758 Christiani,
1308 726 1358 761 qui
1387 726 1469 753 nulli
1498 726 1612 753 malum
1636 732 1693 759 pro
1721 724 1802 751 malo

975 768 1108 801 reddere,
1138 769 1190 797 sed
1215 770 1246 797 in
1268 770 1342 798 bono
1362 771 1476 798 malum
1504 770 1623 798 vincere
1642 768 1799 804 jubentur.

975 812 1100 840 Imitare
1120 814 1279 847 propriam
1303 814 1368 847 apis
1392 814 1533 848 indolem,
1556 821 1624 849 qute
1642 812 1723 841 nulli
1737 812 1800 846 ofﬁ-

84 856 114 884 in
142 856 191 883 his
210 856 347 888 vocibus,
368 859 572 894 στρατηγέομαι,
600 858 786 894 στρατηγικός,
809 865 917 893 στρατη-

975 857 1065 889 ciens,
1080 865 1174 893 neque
1187 859 1322 892 fructum
1337 859 1469 886 alienum
1484 865 1686 892 corrumpens,
1712 857 1800 891 favos

84 903 142 936 γὸς,
167 904 367 938 στρατηγὴτης,
385 902 511 938 aliisque
535 901 648 935 multis,
664 910 740 937 quas
755 909 861 929 omnes
875 908 920 928 re-

85 953 210 974 censere
227 949 256 974 et
272 946 398 982 longum
415 949 443 975 et
456 947 561 975 inutile
577 949 664 974 esset.
683 947 780 980 Quare
801 954 862 974 non
885 954 920 973 eo

87 991 186 1018 solum
208 991 334 1019 nomine
349 999 409 1020 vox
434 993 643 1029 στρατηγάρχας
657 991 846 1027 repudianda
864 992 919 1032 est,

85 1035 168 1071 quod
181 1043 261 1063 nova
273 1036 309 1063 sit
324 1038 352 1064 et
364 1036 493 1068 insolita,
511 1036 566 1064 sed
581 1036 663 1072 quod
676 1038 784 1072 praeter
798 1038 919 1063 caetero-

85 1087 153 1107 rum
174 1080 335 1108 nominum
351 1081 601 1109 consuetudinem
622 1080 790 1116 composita
804 1088 868 1108 esse
880 1080 920 1107 vi-

84 1123 204 1152 deatur.
219 1125 288 1152 Jam
303 1125 407 1153 monui
420 1126 597 1161 scriptorem
610 1125 757 1153 nonnulla
768 1133 804 1152 ex
816 1133 852 1153 ea
869 1126 919 1152 Ba-

84 1168 139 1197 silii
147 1170 300 1204 oratione,
308 1178 375 1205 qua:
385 1170 567 1204 inscribitur,
576 1171 706 1198 Attende
716 1171 770 1198 tibi
777 1171 844 1205 ipsi,
855 1177 919 1197 mu-

84 1216 203 1241 tuatum
219 1214 320 1242 fuisse.
334 1215 384 1242 ch
398 1217 501 1243 autem
513 1223 618 1243 rursus
634 1223 757 1243 monere
769 1215 865 1249 juvat,
878 1215 906 1242 vi

83 1257 147 1286 deri
161 1258 318 1292 eumdem,
333 1259 384 1287 ubi
397 1259 571 1295 exemplum
587 1260 653 1296 apis
664 1262 692 1287 et
702 1259 835 1287 formicae
851 1267 920 1295 pro-

83 1303 198 1338 posuit,
220 1303 295 1332 satis
315 1304 413 1332 multa.
437 1312 472 1332 ex
493 1312 585 1341 opere
608 1313 660 1333 sex
679 1304 796 1332 dierum
818 1304 918 1332 Basilii

85 1348 270 1383 sumpsisse.
290 1350 325 1376 Et
347 1350 494 1385 quoniam
515 1350 624 1378 horum
638 1350 775 1382 locorum
795 1349 871 1377 inter
886 1357 917 1377 se

85 1392 278 1428 comparatio
295 1394 384 1422 nobis
400 1394 489 1422 alicui
503 1394 570 1422 usui
586 1402 650 1422 esse
665 1394 783 1430 poterit,
804 1393 919 1429 aliquid

85 1444 121 1464 ex
136 1439 267 1474 utroque
281 1441 403 1467 auctore
416 1439 473 1466 hoc
486 1439 551 1467 loco
566 1439 746 1467 exscribam.
764 1440 866 1473 Itaque
881 1437 919 1464 de

86 1481 194 1518 apibus
206 1482 336 1519 loquens
352 1483 480 1511 Basilius
494 1484 577 1512 hom.
590 1486 605 1511 8
616 1484 647 1511 in
663 1484 819 1517 Hexaem.,
833 1490 917 1510 num.

975 903 1122 930 construit
1137 910 1174 930 ac
1186 910 1256 937 com,
1271 903 1358 938 ingit.
1374 904 1452 931 Nam
1467 906 1501 931 ut
1513 910 1612 931 ceram
1626 910 1664 930 ea:
1673 901 1800 936 ﬂoribus

974 950 1077 982 aperte
1098 948 1224 982 colligit,
1246 949 1291 976 ita
1310 949 1380 980 mel,
1410 949 1563 976 humorem
1582 947 1695 975 scilicet
1721 945 1800 973 roris

974 993 1070 1020 instar
1083 993 1209 1026 ﬂoribus
1232 993 1411 1027 inspersum,
1432 1000 1482 1020 ore
1502 991 1642 1026 attrahit,
1663 993 1753 1026 atque
1767 990 1799 1017 in
1829 1012 1837 1018 .

971 1038 1114 1071 favorum
1147 1045 1222 1065 cava
1254 1038 1436 1065 immittit....
1468 1037 1542 1072 Apis
1568 1036 1737 1071 praeclaras
1771 1037 1798 1062 et

974 1082 1180 1110 convenientes
1200 1082 1304 1110 laudes
1327 1090 1346 1110 a
1369 1082 1532 1110 Proverbia
1561 1083 1719 1109 consecuta
1744 1082 1797 1110 est,

972 1134 1039 1162 qure
1053 1127 1165 1154 scilicet
1180 1127 1351 1161 appelletur
1364 1127 1494 1161 sapiens,
1515 1129 1541 1154 et
1558 1126 1718 1154 laboriosa.
1733 1125 1799 1152 Hoc

971 1171 1057 1198 modo
1074 1174 1104 1198 ut
1120 1171 1284 1205 diligenter
1298 1172 1363 1206 apis
1377 1171 1523 1206 pabulum
1541 1171 1672 1206 congerit
1692 1171 1727 1205 («
1740 1169 1798 1197 Cu-

966 1216 1019 1250 jus
1029 1215 1154 1247 labores,
1164 1216 1273 1252 inquit,
1284 1224 1366 1250 reges
1377 1219 1403 1244 et
1412 1217 1528 1251 privati
1536 1216 1577 1243 ad
1583 1215 1742 1243 sanitatem
1753 1221 1798 1241 as-

970 1263 1092 1287 sumunt
1108 1260 1176 1295 ’0»),
1191 1261 1235 1287 ita
1248 1261 1399 1294 sapienter
1413 1262 1439 1288 et
1452 1261 1612 1294 artificiose
1626 1259 1724 1286 mellis
1738 1258 1798 1286 cel-

972 1304 1052 1332 lulas
1067 1305 1207 1332 exstruit.
1223 1305 1356 1333 Extenta
1374 1305 1453 1333 enim
1474 1306 1504 1332 in
1517 1308 1633 1332 tenuem
1648 1303 1798 1331 membra-

971 1351 1049 1376 nam’
1057 1356 1124 1376 cera
1141 1349 1248 1376 crebra
1267 1352 1294 1377 et
1313 1350 1393 1377 inter
1411 1357 1440 1377 se
1461 1350 1606 1377 continua
1624 1355 1698 1376 cava
1717 1355 1798 1375 cons-

973 1394 1058 1424 truit,
1074 1396 1106 1420 ut
1118 1393 1291 1429 frequentia
1306 1394 1362 1421 illa
1377 1397 1404 1422 et
1419 1394 1562 1426 densitas,
1583 1400 1644 1428 qua
1659 1392 1798 1420 minutis—

972 1438 1047 1465 sima
1075 1445 1200 1474 quteque
1220 1439 1322 1466 sedum
1339 1439 1464 1466 invicem
1489 1438 1680 1473 colligantur,
1715 1436 1800 1471 operi

973 1483 1028 1510 toti
1047 1482 1185 1516 fulcrum
1213 1483 1251 1510 sit
1278 1486 1303 1510 et
1327 1483 1561 1518 ﬁrmamentum.
1584 1483 1661 1510 Nam
1686 1481 1798 1509 cellula

84 1528 112 1560 4,
129 1526 170 1554 sic
186 1527 323 1563 loquitur
334 1529 420 1563 (tom.
437 1530 456 1563 Ι,
473 1536 504 1564 p.
517 1529 562 1563 74)
576 1536 582 1555 :
598 1530 682 1564 Νόμοι
695 1530 761 1558 τινές
769 1528 833 1553 εἰσιν
847 1526 917 1552 οὗτοι

973 1527 1112 1562 quaelibet
1136 1528 1228 1555 alteri
1251 1528 1397 1561 adhaeret,
1425 1528 1508 1556 tenui
1528 1531 1608 1562 septo
1630 1527 1668 1554 ab
1694 1534 1727 1554 ea
1754 1533 1800 1553 se-

83 1575 131 1602 τῆς
153 1573 256 1607 φύσεως
275 1573 399 1609 ἄγραφοι,
422 1572 517 1609 ἀργοὺς
541 1571 606 1599 εἶναι
625 1575 691 1610 πρός
711 1574 836 1609 τιμωρίαν
860 1573 920 1605 τοὺς

84 1620 134 1642 τῶν
149 1620 280 1652 μεγίστων
303 1616 463 1644 δυναστειῶν
483 1618 673 1648 ἐπιϐαίνοντας,
695 1618 772 1644 Ἀλλά
795 1620 840 1644 καὶ
861 1619 919 1643 ταῖς

85 1660 235 1696 μελίσσαις,
259 1662 322 1688 ὅσαι
347 1663 378 1687 οἰν
400 1665 435 1698 μὴ
457 1662 657 1692 ἀκολουθήσωσι
681 1667 717 1698 τῷ
742 1662 919 1699 ὑποδείγματι

87 1710 132 1731 τοῦ
161 1705 302 1742 βασιλέως,
328 1709 399 1742 ταχὺ
425 1707 562 1744 μεταμέλει
589 1712 638 1738 τῆς
664 1707 796 1739 ἀϐουλίας,
818 1709 858 1734 ὃτι
885 1713 915 1744 τῇ

84 1751 170 1788 πληγῇ
188 1756 235 1778 τοῦ
249 1755 354 1790 κέντρου
372 1751 617 1781 ἐναποθνήσκουσιν.
639 1753 814 1779 Ἀκουέτωσαν
829 1756 917 1790 Χρισ-

86 1799 179 1831 τιανοὶ,
204 1797 243 1826 οἷς
267 1798 427 1834 πρόσταγμα
447 1796 503 1822 ἐστι
528 1795 622 1833 μηδενὶ
647 1799 725 1823 κακόν
754 1797 810 1823 ἀντὶ
836 1801 916 1823 κακοῦ

86 1839 254 1874 ἀποδιδόναι,
272 1841 335 1867 ἀλλά
349 1845 421 1877 νικᾴν
437 1842 461 1867 ἐν
477 1846 513 1877 τῷ
529 1841 618 1878 ἀγαθῴ
631 1843 660 1868 τὸ
679 1844 853 1870 κακὸν........
867 1845 915 1868 Τόν

84 1887 129 1922 μὲν
145 1888 196 1922 γὰρ
213 1887 293 1922 κηρὸν
310 1885 360 1912 ἀπὸ
376 1891 425 1912 τῶν
445 1886 526 1913 ἀνθῶν
541 1891 659 1923 φανερῶς
670 1889 825 1923 συναγείρει,
842 1889 871 1912 τὸ
887 1885 916 1913 δὲ

83 1930 140 1966 μελι
162 1933 211 1960 τὴν
235 1929 396 1968 δροσοειδῶς
412 1931 601 1969 ἐνεσπαρμὲδην
623 1930 716 1958 νοτίδα
736 1935 790 1962 τοῖς
812 1932 915 1957 ἄνθεσιν

84 1974 285 2011 ἐπισπασαμένη
306 1980 342 2011 τῷ
363 1977 483 2012 στόματι,
506 1977 604 2005 ταύτην
627 1979 685 2006 ταῖς
703 1976 839 2005 κοιλότησι
865 1981 914 2002 τῶν

82 2021 182 2056 κηρίων
208 2019 385 2048 binum“...
419 2020 507 2046 Καλῶν
528 2023 573 2046 καὶ
601 2022 749 2056 πρεπόντων
774 2020 839 2049 αῦτη
865 2025 915 2046 τῶν

82 2062 194 2089 ἐπαίνων
210 2065 281 2101 παρὰ
295 2068 343 2094 τῆς
358 2067 504 2100 Παροιμίας
517 2065 656 2100 τετύχηκε,
675 2067 741 2100 σοφὴ
757 2067 801 2090 καὶ
812 2064 915 2101 ἐργάτις

82 2107 272 2144 ὀνομασθεῖσα.
294 2109 370 2134 Οὕτω
385 2111 430 2144 μὲν
450 2108 592 2145 φιλοπόνως
609 2111 657 2138 τὴν
675 2111 770 2146 τροφὴν
792 2112 915 2145 συναγεί-

81 2162 168 2188 ρουσα
194 2154 252 2188 (Ἷ-ἰς
274 2155 332 2184 τοὺς
358 2156 462 2186 πόνους,
489 2156 564 2189 φησὶ,
594 2153 713 2189 βασιλεῖς
738 2156 783 2179 καὶ
811 2152 916 2186 ἰδιῶταιι

81 2200 147 2234 πρὸς
162 2199 253 2233 ὑγείαν
267 2198 479 2235 προσφέρονται),
499 2198 566 2224 οὓτω
582 2197 611 2224 δῖε
627 2203 712 2234 σοφῶς
727 2197 916 2235 φιλοτεχνοῡσα

82 2245 130 2273 τὰς
155 2243 292 2274 ἀποθήκας
317 2239 362 2268 τοὺ
386 2243 498 2279 μέλιτος·
525 2243 560 2274 εἰς
581 2243 672 2269 λεπτόν
694 2242 743 2280 γάρ
769 2244 850 2279 ὑμένα
872 2244 916 2268 τὸν

83 2289 164 2324 ιηρόν
178 2286 342 2321 ὃιατείνασα,
357 2289 456 2319 πυκνὰς
471 2291 516 2314 καὶ
528 2292 647 2324 συνεχεῖς
663 2287 786 2318 ἀλλήλαις
800 2297 915 2313 συνοικο-

54 2342 57 2343 '
84 2330 162 2367 ϐομεῖ
175 2333 221 2362 τὰς
237 2331 399 2365 κοιλότητας,
421 2334 455 2364 ὡς
470 2335 498 2358 τό
514 2334 610 2358 πυκνὸν
625 2337 672 2363 τῆς
688 2336 737 2358 τῶν
753 2334 914 2370 μικροτάτων

85 2379 149 2412 πρός
165 2376 264 2405 ᾰᾶληλα
281 2375 386 2410 δέσεως,
404 2379 512 2415 ἔρεισμα
523 2378 642 2413 γίνεσθαι
656 2381 691 2412 τῷ
702 2380 787 2404 παντί.
802 2377 913 2406 Ὲκάστη

84 2422 132 2457 γὰρ
162 2423 272 2458 φρεατία
300 2426 348 2452 τῆς
376 2422 463 2458 ἑτέρας
495 2423 593 2458 ἔχεται,
624 2422 707 2458 λεπτῷ
735 2424 801 2458 πρὸς
835 2422 914 2451 αὐτὴν

85 2464 248 2502 ὅιειργομένη
272 2476 299 2492 τε
319 2467 383 2503 ὁμοῦ
405 2469 450 2493 καὶ
473 2469 651 2504 συναπτομένη
670 2472 706 2502 τῷ
722 2465 913 2504 διαφράγματι.

84 2514 189 2537 Ἔπειτα
219 2510 346 2548 ὃιὼροφοι
376 2514 420 2537 καὶ
453 2515 592 2549 τριώροφοι
624 2513 652 2538 αἱ
685 2513 809 2549 σύριγγες
837 2512 915 2538 αὗται

84 2554 208 2586 ἀλλήλαις
229 2554 456 2592 ἑπῳκοδόμηνται.
474 2556 633 2592 Ἐφνλάξοιτο
654 2558 704 2593 γὰρ
724 2559 783 2592 μίαν
804 2561 914 2586 ποιῆσαι

84 2598 226 2637 διαμπερὲς
251 2603 299 2629 τὴν
322 2600 474 2635 κοιλότητα,
496 2602 537 2627 ἵνα
558 2604 593 2638 μὴ
619 2606 654 2637 τῷ
680 2601 756 2638 βάρει
778 2603 807 2628 τὸ
836 2603 914 2639 ὑγρὸν

83 2647 147 2681 πρὸς
168 2647 197 2671 τό
219 2645 293 2676 ἐκτὸς
315 2644 466 2682 ὃιεκπίπτῃ.
489 2647 628 2683 Κατάμαοε
649 2651 704 2678 πῶς
722 2649 755 2673 τά
775 2651 823 2678 τῆς
846 2657 913 2683 γεω-

83 2692 188 2726 μετρίας
207 2691 344 2727 εὑρήματα
366 2691 486 2728 πάρεργά
502 2690 559 2718 ἐστι
581 2696 628 2723 τῆς
649 2693 801 2728 σοφωτάτης
820 2692 913 2731 μελίσ-

118 2754 142 2771 ²⁰
156 2754 240 2783 Prov.
256 2761 294 2788 γι,
311 2755 338 2788 6,
352 2761 415 2781 sec.
431 2754 503 2783 LXX.

969 1573 1086 1606 juncta.
1104 1572 1213 1600 Deinde
1225 1573 1336 1606 ﬁstulae
1355 1573 1401 1600 hae
1415 1573 1484 1601 alim
1503 1579 1593 1606 super
1607 1572 1685 1599 alias
1705 1570 1800 1605 adiﬁ-

974 1620 1059 1650 catce,
1079 1617 1155 1645 duas
1175 1619 1270 1645 tresve
1294 1618 1405 1645 habent
1430 1617 1677 1652 contignationes.
1707 1616 1801 1644 Cavct

973 1662 1051 1690 enim
1078 1662 1252 1690 continuam
1280 1670 1373 1690 unam
1396 1662 1514 1697 efficere
1533 1661 1738 1693 cavernulam,
1763 1667 1800 1687 ne

973 1706 1081 1734 humor
1098 1707 1183 1741 foras
1205 1710 1331 1741 propter
1355 1707 1538 1742 gravitatem
1559 1706 1692 1741 difﬂuat.
1713 1705 1800 1732 Disce

971 1751 1116 1786 quomodo
1145 1753 1316 1786 geometrias
1342 1753 1464 1779 inventa
1490 1751 1616 1779 accessio
1642 1751 1703 1778 sint
1729 1756 1799 1784 ope-

970 1803 1013 1823 rze
1036 1803 1073 1823 ac
1093 1796 1203 1823 laboris
1219 1797 1292 1830 ejus,
1311 1803 1396 1832 quem
1412 1797 1476 1830 apis
1500 1795 1718 1831 sapientissima
1731 1801 1799 1821 sus—

966 1841 1053 1876 picit.
1071 1841 1177 1869 Omnes
1191 1842 1267 1869 enim
1275 1841 1416 1875 favorum
1425 1841 1598 1868 cavernulw
1607 1842 1677 1867 sunt
1688 1846 1799 1866 sexan-

969 1886 1059 1920 gula,
1080 1888 1107 1913 et
1129 1886 1260 1920 aequalia
1283 1886 1380 1913 latera
1403 1886 1538 1913 habent:
1556 1892 1616 1912 non
1642 1884 1710 1912 alia:
1729 1883 1799 1911 aliis

969 1930 1084 1958 directo
1111 1929 1297 1965 incumbunt,
1326 1937 1363 1958 ne
1384 1930 1473 1965 fundi
1497 1928 1669 1957 intervallis
1696 1928 1800 1955 vacuis

968 1974 1108 2009 adjuncti
1120 1974 1290 2011 fatiscant;
1303 1975 1355 2003 sed
1364 1975 1603 2009 sea-ungularum
1617 1973 1798 2001 cavernula—

968 2027 1037 2047 rum
1047 2020 1228 2054 inferiorum
1238 2020 1354 2054 anguli,
1372 2020 1450 2047 basis
1459 2022 1529 2047 sunt
1540 2026 1576 2047 ac
1587 2019 1798 2054 fulcimentum

968 2062 1167 2099 superiorum,
1179 2067 1212 2092 ut
1230 2067 1293 2092 tuto
1317 2072 1410 2099 supra
1435 2073 1465 2093 se
1483 2072 1576 2092 onera
1592 2064 1747 2096 attollant,
1770 2064 1798 2090 et

968 2110 1132 2143 separatim
1147 2110 1179 2137 in
1195 2117 1372 2145 unoquoque
1382 2117 1512 2138 concavo
1524 2110 1631 2137 humor
1645 2109 1798 2136 continea-

970 2157 1030 2182 tur.
1052 2156 1162 2181 Auctor
1180 2162 1253 2181 vero
1273 2153 1545 2181 lucubratiunculm
1567 2154 1642 2188 ejus,
1658 2160 1752 2188 quam
1767 2152 1798 2179 in

970 2199 1031 2226 suis
1041 2199 1185 2226 Ecclesia
1196 2199 1309 2227 Gra'cae
1321 2199 1522 2227 Monumentis
1533 2197 1627 2225 edidit
1637 2196 1799 2225 Cotelerius

968 2243 1096 2279 loquens
1113 2246 1140 2270 et
1157 2243 1223 2279 ipse
1245 2243 1281 2271 de
1301 2243 1410 2280 apibus
1431 2244 1470 2271 ita
1489 2243 1593 2271 scribit
1613 2243 1691 2279 (pag.
1709 2243 1772 2277 620)
1789 2250 1795 2269 :

969 2290 1105 2324 χρήσιμον
1117 2290 1146 2313 τὸ
1161 2286 1310 2324 ὑπόδειγμα
1321 2292 1368 2319 τῆς
1379 2287 1519 2324 μελίσσης,
1531 2286 1623 2314 δοῦναι
1633 2289 1676 2313 τόν
1687 2287 1795 2322 καρπὸν⁷

970 2335 1015 2358 καὶ
1031 2333 1191 2368 ἀμύνασθαι·
1210 2335 1259 2359 Καὶ
1272 2333 1321 2369 γὰρ
1337 2335 1380 2359 καὶ
1396 2334 1411 2362 ἡ
1427 2333 1540 2369 μέλισσα
1559 2332 1715 2368 ἀμυνομένη,
1732 2330 1796 2357 ἐπα-

951 2391 957 2397 -
970 2378 1112 2406 ποονήσκει
1136 2381 1165 2413 τῇ
1187 2377 1286 2414 πληγῇ·
1305 2381 1349 2404 καὶ
1364 2382 1524 2415 Χριστιανοῡ
1546 2379 1663 2409 θάνατος.
1685 2377 1698 2406 ἦ
1717 2376 1796 2402 ἀντα-

970 2421 1083 2453 πόδοσις
1091 2426 1135 2448 τοῦ
1147 2426 1239 2449 κακοῦ.
1251 2423 1358 2449 Ἐκεῖνον
1368 2424 1414 2459 μὲν
1423 2425 1516 2460 μικρὸν
1528 2421 1675 2454 ὠνείδισας·
1689 2424 1797 2449 σεαυτόν

972 2466 1000 2493 δὲ
1019 2467 1170 2497 ἀπέκτεινας
1188 2471 1219 2503 τῇ
1238 2472 1356 2504 παρακοῇ
1381 2472 1428 2498 τῆς
1450 2467 1562 2500 ἐντολῆς,
1588 2467 1689 2497 Μηδενὶ
1717 2469 1796 2493 κακόν

971 2511 1027 2538 ἀντὶ
1042 2516 1123 2538 κακοῦ
1136 2510 1317 2543 ἀποδιδόντες.
1333 2510 1408 2542 Εἶδες
1422 2516 1477 2543 πῶς
1492 2513 1506 2542 ὴ
1523 2513 1636 2549 μέλισσα
1650 2522 1686 2547 τῳ
1701 2514 1796 2547 κέντρῳ

970 2559 1017 2586 τὴν
1037 2557 1106 2587 ζωὴν
1131 2556 1285 2592 ἐναφίηιτιν;
1305 2557 1381 2583 Οὕτω
1398 2559 1442 2583 καὶ
1463 2558 1622 2593 Χριστιανός
1642 2558 1685 2582 τόν
1700 2555 1796 2594 ἐχθρόν

971 2601 1137 2638 ἀμυνόμενος,
1164 2600 1210 2628 διὰ
1234 2606 1280 2633 τῆς
1302 2601 1404 2638 πληγῆς
1428 2607 1475 2633 τῆς
1499 2602 1535 2632 εἰς
1558 2603 1601 2627 τὸν
1628 2601 1723 2639 ἐχθρόν
1749 2603 1796 2630 τὴν

970 2648 1061 2674 ἑαυτοῦ
1096 2647 1165 2677 ζωὴν
1192 2646 1391 2675 ἀποϐάλλει....
1424 2649 1476 2676 Τὴν
1505 2645 1534 2673 δὲ
1561 2645 1686 2683 ἐνέργειαν
1714 2645 1796 2675 αὐτῆς

968 2695 1118 2732 προτίθεται
1153 2692 1189 2723 εἰς
1224 2692 1367 2720 ἀπόλαυσιν
1405 2690 1545 2730 βασιλεῠσι
1587 2693 1631 2718 καὶ
1664 2689 1808 2724 ὶδιὼταις,.
