2020 3140
218 121 251 148 59

979 113 1167 142 Pll/EFATIO

1899 118 1938 144 60

219 182 336 218 τρυφώσί
348 190 374 206 τε
387 182 430 206 καὶ
442 179 594 217 ἀῤῥώστοις-
610 183 640 215 τῇ
658 180 702 214 μὲν
716 175 892 212 ἐπιτηδεύσει,
909 179 953 203 καὶ
966 179 1042 203 παντὶ
1058 179 1081 205 Α
1100 177 1132 204 in
1151 177 1309 212 Hexaem.,
1333 186 1363 205 n.
1387 179 1430 207 4):
1457 181 1521 204 Εστι
1542 176 1571 204 δέ
1591 188 1648 204 τινα
1671 181 1715 204 καὶ
1734 178 1856 204 πολιτικὰ
1881 182 1939 204 τῶν

220 229 256 251 τὼ
275 225 324 261 βιῳ
339 226 498 262 χρησιμεύει
515 226 596 260 μέχρι
611 227 658 254 τῆς
674 223 741 259 rio-ur?
749 233 768 252 ς.
784 223 812 248 ἸΙ
836 221 865 248 δὲ
884 221 997 258 μέλισσα
1011 225 1041 257 τῇ

219 269 335 306 ποικιλίᾳ
354 269 400 299 τῆς
420 271 515 304 τέχνης
534 271 578 294 καὶ
598 267 654 304 μέλι
675 267 823 303 ἐκλέγεσθαι
842 265 911 292 οἶδεν
931 265 980 292 ἀπὸ
999 269 1045 291 τοῦ

221 314 300 340 αὑτοῦ
321 315 423 343 ἄνθους·
439 315 483 338 καὶ
502 315 531 338 τὸ
547 314 591 348 μὲν
608 312 643 342 εἰς
665 312 722 348 μέλι
737 311 899 342 ἀποτίθεται,
916 313 944 336 τὸ
967 309 995 336 δὲ
1011 310 1046 339 εἰς

220 361 319 396 κηρίον,
332 361 376 384 καὶ
387 360 429 383 τὸν
440 359 519 395 κηρὸν
532 360 708 394 περιπήγνυσι
722 367 758 392 τῳ
773 356 866 392 μελιτι.
881 358 925 386 Τίς
940 353 1047 385 ἐδὶὸαξε

221 406 264 432 τὴν
280 403 405 439 μέλισσαν
417 402 512 431 ἐκείνην
526 405 607 428 ποιεῖν
621 403 666 432 re;
682 403 820 439 σύριγγας,
837 402 950 437 ὑφαίνειν
965 398 994 426 δὲ
1004 401 1046 425 τὸν

221 448 311 474 λεπτὸν
328 449 407 484 ὑμένα
421 456 427 481 ;
444 450 487 478 Τίς
502 447 585 475 αὐτῶν
599 447 700 481 παλαιῳ
716 444 871 481 διδασκάλῳ
887 448 1046 481 φοιτήσασα,

221 494 254 519 τὰ
269 492 411 528 ἐξάπλενρα
425 494 470 518 καὶ
480 491 655 528 τετράπλευρα
664 494 745 517 ποιεῖν
757 489 891 526 ἐδιδάχθη
906 498 912 522 ;
926 493 1047 525 Πῶςγω-

221 539 276 562 νίαν
292 538 386 565 ἔστησε
400 535 446 562 διὰ
464 540 509 562 τοῦ
532 533 623 573 κηροῦ,
640 538 684 561 καὶ
698 537 808 570 τοίχους
823 533 944 570 ὃιῧφανεν
969 543 975 565 ;
995 537 1050 560 Ἵνα

223 582 250 606 αἱ
264 582 309 616 μὲν
324 582 417 616 γωνίαι
430 582 458 606 τὸ
471 583 572 617 στερεόν
582 581 830 617 παρασκευάσωσιν,
843 580 867 604 οἱ
883 577 911 604 δὲ
922 581 1010 614 τοῖχοι
1020 580 1049 603 τὸ

223 625 279 662 μέλι
299 625 442 661 φυλάξωσι.
463 626 510 651 Διά
529 628 554 650 τί
572 625 624 660 οὐχ
643 626 686 650 ἕνα
707 626 822 661 σύριγγα
844 623 975 654 ἐποίησεν,
997 622 1051 648 ἀλλ’

223 671 290 696 ἔνθεν
306 670 421 696 κάκεῖθεν
436 668 555 700 διέπηξεν
571 670 616 694 τοῦ
631 668 732 705 μέλιτος
752 670 799 698 τὰς
819 667 972 698 ἀποθήκας;
994 671 1052 697 Πῶς

224 714 324 750 ἑκάστῳ
339 715 448 750 πυθμένι
464 712 530 740 ῖὸιον
547 713 629 742 ἐνίησι
644 713 719 750 μελι;
738 716 768 739 Ei
785 714 807 739 ῖν
822 713 902 738 ἐποίει
917 714 945 738 τὸ
956 710 1053 738 πανδο-

223 763 306 795 χεῖον,
319 757 444 796 διεῤῥαγη
457 758 486 784 ἂν
497 769 532 794 τῳ
544 758 620 795 βάρει
628 760 657 784 τὸ
669 757 898 794 ὑποκείμενον-ἀλλ’
909 758 1053 785 ὑποτίθησι

224 806 284 834 τοὺς
315 805 457 839 πυθμένας,
489 806 533 829 καὶ
566 806 673 838 τοίχους
709 802 856 834 ὑποϐάλλει,
887 804 931 827 καὶ
959 804 1053 837 γωνίας

225 848 407 884 ἁσφαλίζεται.
425 848 503 876 Utile
518 851 559 876 est
573 848 741 881 exemptum
762 848 838 882 apis,
860 847 900 874 ad
918 847 1052 874 dandum

222 894 372 928 fructum,
393 896 421 920 et
439 895 563 927 propter
584 893 738 920 ultionem.
759 892 877 919 Etenim
898 891 963 925 apis
982 891 1054 918 dum

226 938 384 966 ulciscitur
395 945 434 971 se,
447 937 545 972 plagae
554 937 726 964 immoritur
734 944 746 964 .’
758 939 784 964 et
798 936 967 964 Christiani
975 943 1054 963 mors

179 1002 182 1005 ν
227 990 280 1018 est,
300 987 429 1015 redditio
448 987 532 1015 mali.
553 987 644 1014 Illum
669 986 787 1020 quidem
807 985 968 1020 paululum
987 992 1055 1018 pro-

228 1032 279 1059 bro
301 1032 439 1067 a/fecisti,
455 1035 487 1060 at
508 1033 633 1066 teipsum
647 1031 826 1059 interemisti
843 1038 899 1064 per
917 1030 1056 1057 mandati

227 1076 429 1104 violationem.
452 1087 466 1101 (ι
489 1077 578 1105 Nulli
600 1077 713 1104 malum
736 1083 792 1110 pro
821 1076 903 1103 malo
926 1075 1054 1102 redden-

228 1123 269 1149 tes
289 1122 323 1148 τί.
345 1132 359 1146 ››
388 1121 496 1149 Vidisti
508 1121 653 1156 quomodo
673 1121 737 1155 apis
754 1121 845 1148 vitam
865 1128 931 1148 cum
952 1120 1056 1147 aculeo

225 1166 369 1200 projiciat
388 1167 402 1193 ?
430 1167 479 1194 Ita
502 1169 530 1193 et
557 1166 757 1198 Christianus,
785 1172 850 1192 cum
876 1165 912 1192 de
936 1164 1055 1191 inimico

229 1210 390 1238 vindictam
404 1211 504 1246 sumit,
517 1218 574 1245 per
587 1211 697 1238 vulnus
714 1209 793 1237 hosti
804 1210 952 1244 inﬂictum
964 1209 1056 1236 vitam

227 1263 313 1283 suam
335 1256 480 1284 amittit...
507 1255 714 1290 Operationem
736 1262 804 1282 vero
829 1262 914 1282 suam
938 1253 1057 1281 exhibet

229 1300 260 1327 in
284 1307 370 1327 usum
390 1300 505 1335 regibus
528 1302 554 1328 et
575 1300 704 1334 privatis
728 1299 907 1331 hominibus,
932 1298 1058 1326 delicate

230 1345 396 1372 viventibus
421 1347 447 1372 et
469 1345 571 1372 morbo
594 1345 741 1379 afﬂictis;
767 1351 882 1372 necnon
907 1343 1058 1370 industria

229 1396 294 1422 sua,
307 1390 444 1424 omnique
459 1389 521 1417 vita
537 1389 620 1416 utilis
631 1393 673 1416 est
686 1396 781 1424 usque
791 1389 831 1416 ad
842 1388 971 1416 odorem.
983 1387 1058 1422 Apis

231 1435 377 1462 varietate
390 1435 466 1462 artis
479 1435 567 1462 etiam
582 1435 640 1462 mel
655 1435 738 1462 novit
753 1434 895 1468 colligere
907 1440 944 1461 ex
958 1433 1057 1461 eodem

228 1480 304 1514 ﬂore
312 1487 323 1507 .'
334 1482 360 1507 et
372 1479 458 1507 aliud
468 1479 585 1514 quidem
599 1480 716 1514 reponit
727 1480 758 1506 in
769 1479 839 1513 mel,
851 1478 938 1506 aliud
948 1485 1017 1506 vero
1027 1479 1058 1505 in

1069 855 1089 881 B

1101 221 1211 257 ἀλόγων,
1225 224 1293 259 εἷπερ
1308 222 1438 253 πολιτείας
1450 221 1518 248 ἷὸιον
1529 225 1557 248 τὸ
1568 225 1633 260 πρὸς
1644 223 1668 248 ἓν
1679 225 1758 259 πέρας
1770 225 1854 248 κοινὸν
1864 233 1941 258 ﬁuv-

1100 268 1179 292 νεύειν
1188 270 1234 295 τὴν
1243 267 1368 305 ἐλέργειαν
1378 272 1427 293 τὼν
1438 268 1612 294 καθ’ἓχαστον
1623 278 1629 284 ·
1640 269 1673 298 ὼς
1685 267 1725 294 ἐπὶ
1737 272 1787 293 τῶν
1798 268 1938 303 μελισσῶν

1102 312 1131 337 ἄν
1143 321 1182 342 τις
1194 310 1257 337 ἴδοι·
1269 314 1372 349 καὶγὰρ
1385 312 1483 338 ἐκείνων
1499 315 1570 341 καινὴ
1587 314 1637 348 γὰρ
1650 313 1663 341 ἡ
1677 314 1733 340 οἴκῃ
1740 322 1790 344 σις⁷
1807 315 1882 340 κοινὴ
1906 310 1940 338 δὲ

1103 357 1116 385 ἡ
1130 361 1237 393 πτῆσις,
1250 357 1360 394 ἐργασία
1371 356 1401 384 δὲ
1412 359 1512 384 πάντων
1525 360 1605 394 μία...
1615 358 1644 383 οὗ
1652 360 1774 395 πρότερον
1782 355 1941 393 καταδεχο-

1103 411 1176 437 μεναι
1188 401 1228 427 ἐπὶ
1243 404 1303 433 τοὺς
1316 402 1440 438 λειμῶνας
1451 402 1539 435 ἐλθεῖν,
1556 405 1615 439 πρὶν
1631 402 1660 428 ἆν
1677 401 1756 428 ῖὸωσι
1767 402 1942 439 κατάρξαντα

1103 449 1146 472 τὸν
1174 446 1285 482 βασιλέα
1308 452 1356 478 τῆς
1381 450 1511 478 πτήσεως.
1535 448 1634 475 Porro
1660 447 1797 483 quautam
1821 455 1860 474 ex
1890 447 1941 474 his

1106 492 1203 519 brutis
1218 492 1423 520 animantibus
1437 495 1505 520 sunt
1520 500 1635 528 quoque
1647 493 1780 526 politica.’
1797 501 1803 519 :
1826 492 1852 519 si
1871 492 1941 526 qui-

1105 537 1170 564 dem
1194 537 1290 565 civilis
1314 538 1585 566 administrationis
1604 538 1761 572 proprium
1783 541 1824 565 est
1846 540 1880 564 ut
1897 537 1941 565 ad

1106 589 1199 609 unum
1214 590 1396 610 communem
1408 583 1497 616 ﬁnem
1511 583 1700 617 singulorum
1716 582 1846 610 actiones
1861 589 1940 609 con-

1107 630 1245 661 currant,
1264 629 1296 654 ut
1317 628 1440 663 quisque
1460 629 1491 655 in
1506 628 1611 662 apibus
1630 628 1743 655 intueri
1755 629 1861 661 potest.
1881 627 1942 654 His

1108 673 1184 700 enim
1198 673 1363 700 communis
1378 675 1420 700 est
1443 672 1601 707 habitatio,
1623 673 1786 701 communis
1802 673 1940 706 volatus,

1109 725 1227 753 unaque
1254 721 1281 746 et
1310 718 1410 746 eadem
1441 718 1573 745 omnium
1608 718 1719 746 actio...
1754 726 1814 745 non
1845 719 1941 752 prius

1108 762 1149 790 ad
1164 765 1257 797 prata
1279 763 1432 797 proﬁcisci
1449 770 1539 797 ausai,
1569 770 1659 798 quam
1687 770 1783 798 regem
1804 762 1941 790 viderint

1109 808 1225 835 volatui
1244 810 1439 842 praeeuntem.
1456 807 1564 835 Audire
1580 807 1654 834 mihi
1669 808 1783 839 videor,
1799 807 1852 843 qui
1867 815 1942 835 con-

1109 855 1274 889 querantur
1300 854 1420 888 tempus
1444 852 1522 880 male
1545 852 1678 880 locatum
1701 852 1792 880 fuisse
1814 853 1845 879 in
1875 855 1942 880 tam

1109 897 1207 932 longis
1221 897 1398 931 fragmentis
1411 896 1618 924 describendis
1635 906 1641 924 :
1659 896 1712 924 sed
1728 899 1828 924 tamen
1843 896 1942 924 utilis-

1110 943 1184 970 sime
1206 942 1396 977 insumptum
1420 949 1484 969 esse
1507 941 1686 975 arbitrabor,
1707 942 1731 969 si
1755 941 1838 977 quod
1863 941 1942 968 mihi

1109 987 1264 1023 proposui,
1276 985 1397 1022 assequi
1405 986 1529 1022 possim.
1540 986 1623 1013 Volui
1632 985 1722 1020 igitur
1732 986 1790 1013 hoc
1798 986 1942 1021 exemplo

1111 1032 1272 1060 multorum
1290 1039 1425 1058 errorum
1445 1038 1568 1058 causam
1588 1031 1675 1066 quasi
1690 1030 1746 1058 sub
1761 1030 1866 1058 oculos
1887 1038 1942 1066 po-

1110 1085 1191 1105 nere.
1210 1078 1283 1104 Sunt
1302 1076 1352 1112 qui
1369 1076 1471 1112 spuria
1485 1075 1626 1111 quaedam
1646 1084 1738 1112 opera
1751 1075 1941 1111 quibusdam

1111 1121 1284 1149 auctoribus
1295 1121 1440 1155 tribuunt,
1452 1128 1513 1148 nou
1524 1120 1583 1148 alio
1594 1120 1691 1155 magis
1701 1122 1882 1155 argumento
1893 1120 1940 1147 in-

1111 1166 1182 1198 nixi,
1197 1174 1291 1201 quam
1301 1165 1384 1201 quod
1399 1165 1482 1201 apud
1495 1173 1547 1192 eos
1563 1165 1633 1193 talia
1645 1165 1780 1199 legerint,
1794 1165 1898 1200 qualia
1908 1165 1940 1192 in

1112 1210 1287 1239 adulterinis
1303 1210 1360 1237 illis
1381 1209 1524 1246 operibus
1539 1210 1737 1246 reperiuntur.
1759 1212 1790 1237 lit
1805 1218 1876 1237 cum
1897 1218 1942 1237 se-

1112 1255 1171 1284 mel
1181 1256 1209 1283 id
1221 1255 1251 1283 in
1265 1256 1400 1283 animum
1411 1255 1593 1282 induxerunt
1606 1263 1706 1289 suum,
1717 1255 1779 1282 vim
1792 1262 1941 1289 magnam

1111 1301 1208 1329 inesse
1230 1300 1260 1328 in
1276 1300 1312 1327 iis
1327 1300 1522 1335 argumentis,
1543 1307 1612 1336 qum
1633 1307 1668 1327 ex
1685 1299 1882 1327 similitudine
1898 1307 1942 1327 re-

1111 1354 1179 1374 rum
1195 1348 1247 1373 aut
1259 1345 1421 1372 verborum
1436 1347 1590 1380 petuntur,
1604 1345 1628 1372 si
1641 1345 1717 1372 forte
1731 1345 1761 1371 in
1774 1344 1865 1372 veteri
1882 1344 1942 1372 ali-

1113 1399 1174 1427 quo
1189 1391 1265 1418 libro
1275 1389 1422 1418 ineditum
1434 1389 1558 1426 aliquod
1568 1397 1644 1425 opus
1658 1389 1824 1422 inveniant,
1836 1389 1867 1416 in
1881 1397 1943 1425 quo

1113 1436 1203 1463 unius
1214 1435 1341 1470 alicujus
1353 1434 1505 1470 scriptoris
1515 1442 1626 1462 nomen
1639 1433 1825 1470 praeferatur,
1839 1434 1941 1462 statim

1114 1480 1272 1515 diligenter
1278 1479 1540 1515 expendunt,num
1551 1479 1577 1506 is
1592 1479 1780 1515 seriptor,cui
1791 1478 1944 1514 ejusmodi

229 1525 346 1560 favum,
358 1527 384 1552 et
395 1532 492 1552 ceram
504 1525 665 1559 compingit
676 1525 769 1552 melli.
783 1525 853 1556 Quis
862 1524 962 1550 docuit
974 1530 1058 1557 apem
1075 1531 1095 1559 ο
1114 1533 1192 1561 opus
1204 1525 1234 1552 in
1245 1524 1395 1552 veteribus
1405 1524 1489 1551 libris
1500 1523 1669 1557 ascribitur,
1682 1524 1788 1551 eadem
1799 1525 1944 1551 tractave-

230 1569 316 1596 illam
337 1570 440 1603 facere
457 1569 576 1602 ﬁstulas
591 1570 736 1602 alveares,
761 1576 796 1596 ac
824 1571 924 1596 texere
944 1571 1060 1595 tenuem

231 1613 435 1641 membranam
455 1614 468 1640 ἰ)
483 1621 621 1648 quaenam
646 1621 682 1641 ev
706 1614 742 1640 iis
766 1615 862 1640 vetere
884 1612 966 1640 adito
985 1619 1060 1646 pra?-

232 1659 359 1691 ceptore,
378 1657 504 1691 aedificia
524 1665 576 1685 sea;
592 1658 721 1685 laterum
741 1660 768 1685 et
785 1659 916 1692 quatuor
932 1657 1059 1684 laterum

232 1701 359 1729 condere
377 1702 482 1729 edocla
502 1702 589 1737 fuit?
605 1710 661 1737 quo
680 1705 766 1738 pacto
787 1702 933 1736 angulum
950 1701 1061 1728 consti-

233 1746 290 1774 tuit
308 1753 364 1780 per
383 1754 493 1780 ceram,
515 1749 541 1774 et
556 1747 688 1782 parietes
710 1747 862 1781 pertexuit
878 1748 891 1773 ?
907 1748 938 1773 ut
953 1746 1061 1780 anguli

231 1792 403 1826 ﬁrmitatem
416 1795 632 1826 procurarent,
647 1794 777 1827 parietes
792 1793 850 1820 mel
865 1793 1059 1821 custodirent.

234 1836 297 1864 Cur
318 1844 378 1864 non
402 1844 493 1864 unam
511 1838 646 1871 ﬁstulam
660 1838 744 1873 fecit,
767 1838 818 1865 sed
833 1838 904 1866 hinc
919 1838 1062 1872 illincque

233 1882 378 1916 compegit
401 1882 499 1909 mellis
528 1883 691 1916 apothecas
716 1883 730 1910 ?
758 1890 818 1918 qua
847 1883 964 1910 ratione
991 1890 1063 1910 cavo

233 1926 339 1961 cuique
364 1933 451 1954 suum
478 1927 611 1954 immittit
638 1927 723 1954 mel?
752 1928 786 1955 Si
814 1935 907 1954 unum
930 1929 1064 1954 constru-

233 1970 323 1998 xisset
358 1972 593 2004 receptaculum,
627 1971 760 2006 pondere
801 1972 927 2006 dirupta
958 1972 1064 2006 fuisset

235 2015 313 2042 basis
335 2023 340 2041 :
365 2022 466 2042 verum
496 2017 634 2051 supponit
669 2024 750 2051 cava,
776 2017 908 2050 parietes
932 2016 1063 2051 subjieit,

233 2060 362 2094 angulos
375 2061 482 2088 munit.
496 2060 554 2088 Nec
565 2060 696 2089 dubitari
710 2061 816 2089 merito
829 2063 928 2097 potest
942 2061 1017 2097 quin
1029 2068 1065 2088 ea

233 2112 300 2140 quae
313 2105 413 2133 statim
425 2106 507 2142 apud
517 2108 672 2134 auctorem
683 2106 833 2141 leguntur,
847 2114 862 2134 e
873 2106 980 2134 Basilio
991 2113 1065 2142 quo-

233 2157 293 2185 que
305 2153 356 2177 aut
366 2153 498 2187 sumpta,
511 2153 563 2179 aut
572 2151 689 2180 imitata
699 2151 766 2179 sint.
781 2151 847 2186 Ejus
858 2153 959 2178 autem
972 2151 1064 2178 verba

235 2197 305 2223 sunt
323 2195 386 2224 llch
411 2197 492 2232 (pag.
515 2197 599 2232 621):
622 2196 841 2232 Συναγελαστικὸν
861 2199 889 2222 τὸ
911 2197 984 2226 ζῶον·
1007 2198 1064 2222 οὔτε

236 2241 342 2277 μύρμηξ
362 2239 519 2274 ἰδιαστικόν,
532 2244 591 2267 οὔτε
604 2241 718 2277 μέλισσα
729 2245 883 2278 μονάστικὴε
895 2243 962 2267 κατὰ
973 2241 1065 2277 ἀγέλας

237 2285 327 2318 ζῶσιν,
348 2287 415 2312 κατ-ἀ
439 2286 531 2322 ἀγέλας
547 2287 678 2314 ἰπτάντνιι.
701 2287 755 2312 Οὐκ
776 2285 844 2317 εἶδες
863 2286 989 2322 μελισσᾶν
1005 2296 1066 2313 ποτε

235 2332 295 2357 καθ’
319 2331 412 2361 ἑαυτὴν
438 2334 588 2368 πετομένην,
613 2332 666 2358 ἀλλ“
691 2331 813 2362 ἀλλήλαις
841 2335 994 2357 κοινωνοῦσι
1020 2336 1066 2362 τῆς

235 2379 365 2407 πτήσεως·
389 2377 418 2402 οὐ
442 2376 632 2413 βασκαίνονσιν
656 2377 776 2408 ἀλλήλαις
799 2381 848 2402 τῶν
875 2376 966 2402 ἀνθῶν·
994 2380 1065 2413 κοινῇ

236 2419 391 2458 ἀπαίρουσιν
406 2421 448 2447 ἐπὶ
461 2421 598 2458 λειμῶνας.
613 2423 739 2450 Animal
754 2422 876 2458 gregale
891 2425 934 2449 est
949 2429 960 2450 .'
975 2429 1069 2457 neque

235 2465 366 2500 formica
380 2467 580 2501 singulariter
600 2467 691 2502 degit,
711 2474 805 2503 neque
823 2469 890 2501 apis
913 2467 1068 2494 solitarie:

235 2511 383 2546 gregatim
418 2512 533 2545 vivunt,
562 2512 730 2546 gregratim
764 2513 878 2540 volant.
908 2512 1071 2547 Nunquam

237 2555 341 2584 vidisti
374 2563 460 2590 apem
489 2563 621 2585 seorsum
657 2557 820 2592 volantem,
857 2558 908 2585 seri
934 2557 1015 2585 inter
1045 2564 1074 2585 se

237 2605 424 2628 communem
450 2601 562 2629 habent
591 2602 736 2630 volatum.
769 2603 836 2630 Non
856 2609 895 2630 ear
915 2602 972 2630 sibi
995 2602 1074 2630 invi-

239 2653 300 2674 cem
320 2646 455 2673 invident
462 2647 572 2681 ﬂores:
589 2654 651 2675 una
670 2648 711 2675 ad
723 2650 815 2682 prata
826 2647 1074 2682 proﬁciscuntur.

191 2699 194 2702 '
207 2701 210 2704 '
239 2690 369 2719 Basilius
384 2698 456 2718 vero
469 2691 511 2720 ita.
529 2692 647 2729 scripsit
658 2700 694 2721 eo
705 2700 797 2728 quem
809 2692 871 2721 dixi
881 2692 948 2720 loco
958 2692 1048 2725 (hom.
1061 2693 1077 2719 8

281 2756 304 2777 ²¹
326 2757 410 2785 Rom.
431 2763 479 2788 xu,
503 2758 544 2784 t7.

1078 2210 1100 2236 D

1114 1570 1161 1602 rit,
1177 1577 1245 1605 quae
1259 1570 1289 1596 in
1302 1577 1382 1597 novo
1397 1569 1449 1596 illo
1462 1576 1497 1596 ac
1512 1568 1625 1596 inedito
1641 1576 1731 1604 opere
1746 1568 1898 1603 leguntur,
1916 1570 1946 1595 et

1115 1615 1168 1643 ubi
1187 1614 1218 1642 id
1232 1614 1274 1641 ita
1287 1622 1352 1641 esse
1367 1613 1644 1647 animadverterint,
1660 1613 1866 1640 indubitanter
1877 1620 1945 1648 pro-

1114 1660 1269 1688 nuntiant:
1281 1659 1370 1686 Illius
1381 1658 1536 1692 scriptoris
1548 1661 1589 1686 est
1599 1665 1683 1686 :nam
1695 1657 1801 1685 eadem
1808 1657 1944 1691 omnino,

1116 1713 1184 1742 qum
1198 1705 1248 1732 hic
1263 1705 1438 1735 tractantur,
1453 1702 1524 1730 alibi
1539 1703 1686 1731 tractavit.
1706 1704 1765 1737 Ego
1785 1705 1884 1730 autem
1900 1701 1945 1729 in-

1116 1741 1159 1779 ter
1170 1752 1276 1778 czetcra
1287 1749 1343 1777 hoc
1357 1756 1479 1785 quoque
1491 1741 1849 1783 argumentum-adhiberi
1857 1755 1946 1783 posse

1116 1804 1177 1824 non
1194 1802 1272 1829 nego
1290 1803 1296 1828 ;
1313 1793 1367 1821 sed
1384 1793 1490 1822 vellem
1513 1801 1575 1820 non
1591 1793 1616 1820 ei
1637 1792 1728 1820 tribui
1742 1792 1803 1819 vim
1819 1793 1945 1821 tantam.

1117 1843 1231 1878 quanta
1244 1849 1262 1868 a
1275 1839 1428 1867 nonnullis
1443 1838 1532 1866 tribui
1543 1837 1626 1865 solet.
1640 1839 1740 1873 Neque
1751 1837 1831 1864 enim
1845 1844 1948 1864 neces-

1118 1885 1195 1913 sario
1207 1884 1351 1920 sequitur,
1362 1883 1386 1910 si
1397 1884 1427 1910 in
1438 1882 1557 1910 duobus
1568 1881 1710 1918 operibus
1720 1883 1771 1909 aut
1782 1880 1887 1908 eadem
1897 1883 1948 1908 aut

1118 1930 1226 1957 similia
1236 1929 1434 1960 inveniantur,
1446 1927 1599 1963 utriusque
1610 1925 1708 1962 operis
1721 1933 1816 1953 unum
1828 1928 1856 1953 et
1866 1933 1948 1953 eum-

1119 1975 1188 2003 dem
1215 1977 1367 2002 auctorem
1395 1981 1470 2007 esse,
1497 1980 1567 2000 cum
1594 1971 1657 2000 ﬁeri
1681 1970 1785 2006 possit,
1810 1972 1842 1998 ut
1866 1970 1949 1998 alter-

1119 2022 1219 2047 utrum
1232 2018 1433 2054 compositum
1450 2018 1486 2045 sit
1498 2019 1549 2044 aut
1562 2023 1579 2043 a
1590 2015 1746 2051 plagiario,
1759 2017 1810 2043 aut
1823 2017 1899 2043 certe
1910 2015 1948 2043 ab

1120 2064 1232 2100 aliquo,
1244 2063 1296 2099 qui
1307 2063 1400 2090 alium
1414 2062 1586 2098 scriptorem
1600 2060 1731 2088 imitatus
1745 2060 1790 2093 sit,
1807 2068 1843 2087 ex
1855 2067 1949 2096 eoque

1120 2109 1223 2145 aliqua
1242 2107 1430 2144 expresserit.
1454 2109 1485 2135 Et
1503 2115 1575 2134 vero
1595 2107 1618 2134 si
1638 2106 1706 2142 quis
1731 2114 1765 2133 eo
1787 2105 1870 2141 quod
1889 2105 1949 2132 dixi

1120 2156 1297 2188 argumento
1326 2160 1406 2180 nunc
1433 2152 1475 2180 uti
1502 2151 1600 2186 vellet,
1628 2151 1653 2179 ci
1679 2151 1822 2184 maxime,
1851 2151 1874 2177 si
1902 2149 1948 2177 cui

1120 2207 1268 2235 linquam,
1284 2197 1352 2233 ipso
1367 2197 1409 2224 uti
1423 2196 1532 2225 liceret.
1556 2197 1671 2225 Etenim
1690 2199 1751 2224 tam
1772 2195 1866 2223 multa
1882 2197 1950 2222 sunt

1121 2244 1151 2271 in
1167 2251 1201 2271 ea
1223 2243 1260 2270 dc
1280 2250 1341 2278 qua
1362 2242 1460 2276 agitur
1480 2241 1678 2276 oratiuncula,
1701 2248 1770 2276 quas.
1790 2239 1900 2275 pariter
1920 2239 1949 2267 in

1123 2289 1218 2317 Basilii
1239 2287 1355 2324 scriptis
1371 2287 1573 2318 inveniuntur,
1596 2289 1632 2315 ut
1653 2286 1677 2314 si
1696 2284 1845 2321 ejusmodi
1867 2292 1949 2319 argu-

1122 2335 1223 2362 menta
1238 2332 1382 2366 valerent,
1395 2334 1474 2359 certo
1490 2331 1627 2359 concludi
1643 2333 1753 2367 posset,
1769 2339 1837 2358 eam
1848 2330 1886 2358 ad
1901 2331 1949 2358 Ba-

1123 2379 1222 2406 silium
1237 2385 1305 2405 vere
1317 2377 1472 2413 pertinere.
1489 2378 1565 2404 Nam
1575 2378 1683 2413 praeter
1692 2375 1829 2410 longiora
1839 2375 1887 2402 illa
1897 2374 1950 2402 fra-

1124 2424 1256 2458 gmenta,
1271 2429 1338 2457 quae
1355 2429 1390 2448 eo
1406 2420 1532 2448 consilio
1549 2429 1640 2457 supra
1650 2420 1819 2454 retulimus,
1837 2421 1868 2446 ut
1882 2419 1950 2447 faci-

1124 2468 1182 2496 lius
1197 2467 1272 2494 inter
1283 2474 1315 2493 se
1331 2467 1587 2502 compararentur,
1601 2467 1669 2492 sunt
1680 2467 1709 2492 et
1721 2464 1788 2496 alia,
1800 2472 1867 2500 quo:
1880 2472 1894 2492 c
1903 2465 1953 2491 Ba-

1127 2512 1192 2540 siliu
1223 2518 1344 2547 quoque
1364 2517 1508 2545 expressa
1531 2509 1620 2537 fuisse
1639 2509 1803 2537 obscurum
1819 2516 1880 2536 non
1899 2511 1950 2536 est.

1129 2556 1222 2590 Quale
1238 2557 1290 2586 est,
1312 2554 1394 2591 quod
1409 2557 1514 2582 auctor
1532 2554 1569 2581 de
1592 2553 1718 2581 damula
1732 2556 1760 2581 et
1778 2561 1833 2581 ave
1855 2561 1953 2580 narra-

1129 2602 1171 2629 vit
1181 2603 1265 2629 (tom.
1276 2602 1308 2634 ll,
1320 2600 1402 2627 hom.
1415 2601 1440 2634 3,
1452 2608 1483 2636 p.
1498 2600 1551 2628 t8):
1563 2607 1630 2635 qute
1640 2598 1746 2626 eadem
1757 2598 1868 2626 alicubi
1877 2598 1954 2625 dixe-

1130 2648 1177 2674 rat
1188 2645 1322 2673 Basilius.
1334 2646 1446 2672 Rursus
1454 2643 1542 2680 quale
1554 2646 1607 2675 est,
1619 2643 1702 2680 quod
1711 2643 1747 2671 de
1755 2643 1879 2671 formica
1889 2642 1953 2670 scri—

1131 2694 1219 2728 ptum
1229 2689 1378 2718 invenitur
1389 2689 1471 2726 apud
1482 2697 1670 2725 anonymum
1683 2698 1689 2718 :
1700 2697 1761 2726 quo
1775 2688 1911 2725 exemplo
1925 2691 1952 2717 et
