2020 3140
91 101 121 128 61
855 104 1044 132 PREFATIO.
1770 108 1804 134 62

90 153 156 198 ipse
170 169 296 198 quoque
309 162 434 191 Basilius
451 170 524 190 usus
538 162 643 195 fuerat,
660 164 761 200 ibique
776 164 923 193 nonnulla
938 167 961 193 Α
977 166 1112 201 ejusdem
1127 167 1210 194 vocis
1229 167 1437 203 repetitionem
1451 169 1608 204 tantopere
1631 167 1800 197 affectasse.

91 206 245 238 docuerat,
262 215 331 243 quze
354 207 403 235 hic
426 208 534 244 repetit
554 216 727 245 anonymus
747 209 841 245 (hom.
859 212 873 238 9
891 211 922 237 in

90 252 251 283 Heraean,
265 260 296 279 n.
307 252 344 288 3).
360 253 392 280 Et
407 254 508 280 tamen
524 253 577 288 qui
587 253 667 281 hanc
677 253 922 282 lucubratiuncu-

90 296 152 324 lam
173 296 267 332 paulo
287 297 425 324 attentius
441 297 557 333 legerit,
571 306 699 334 eamque
714 307 782 326 cum
795 299 831 326 iis
846 307 923 334 quas

91 349 163 368 mox
183 340 318 369 iudicavi
340 341 528 369 orationibus
544 343 740 376 contenderit,
756 343 781 370 is
797 343 855 370 nisi
874 352 923 379 pa-

91 387 250 413 tronorum
265 386 426 414 auctoritas
442 386 564 420 oﬂiciat,
575 387 670 422 facile,
683 388 800 424 opinor,
817 388 922 416 fatebi-

91 432 139 458 tur
154 430 299 458 Basilium
310 430 374 465 ejus
383 433 538 459 auctorem
552 432 611 459 dici
623 431 704 460 nullo
719 433 810 460 modo
821 441 922 469 posse,

91 474 145 502 sed
160 475 317 502 hominem
329 475 518 511 quempiam,
528 476 581 512 qui
595 476 721 504 voluerit
735 477 859 513 quidem
872 478 923 505 Ba.-

92 519 193 548 silium
210 520 331 555 imitari,
343 520 396 548 sed
411 521 464 556 qui
478 529 547 549 eum
564 522 685 558 assequi
704 530 766 550 non
782 522 920 558 potuerit.

217 593 230 625 §
250 593 282 620 Χ.
301 593 343 620 De
357 593 480 621 homitia
496 594 585 622 tertia
599 594 631 622 in
643 595 796 629 jejunium

125 655 171 682 26.
193 655 225 682 Et
240 653 320 682 hanc
343 663 464 691 quoque
480 655 638 684 homiliam
658 656 746 692 primi
762 657 923 686 ediderunt

90 698 266 726 l-‘ranciscus
278 699 478 727 Combeﬁsius
487 701 655 728 etJoannes
664 701 801 737 Baptista
811 702 922 730 Cotele-

88 743 249 777 rius,unus
266 743 368 771 Latine
382 746 501 772 tantum
511 745 542 772 in
552 753 607 772 suo
617 746 797 774 Ecclesiaste
807 747 919 781 Grazco,

89 788 165 816 alter
173 790 281 816 Graeca!
291 791 319 816 et
330 788 431 816 Latine
442 789 472 816 in
483 790 550 818 Man
556 793 682 818 umentis
689 791 833 819 Ecclesitc
845 777 921 819 Grai;
937 777 956 803 Β

90 841 140 861 εει».
160 834 290 869 L’terque
301 833 379 861 hanc
392 834 616 862 oratiunculam
625 843 686 863 non
699 835 858 870 indignam
871 837 920 864 Ba-

90 878 155 906 silio
177 886 242 906 esse
257 878 408 914 judicavit
425 887 430 906 :
444 887 578 915 quorum
595 881 774 909 sententiam
790 882 922 918 amplexi

91 925 163 951 sunt
177 923 345 951 doctissimi
356 923 411 951 viri
424 924 631 953 Tillemontius
647 927 674 954 et
689 927 854 954 Ludovicus
864 928 921 954 Du-

91 969 193 1004 pinus.
208 969 268 1003 Ego
283 970 395 1004 autem,
406 971 438 997 ut
453 978 555 997 verum
571 970 673 1007 fatear,
683 979 745 999 non
757 972 799 1000 ita
814 972 919 1000 sentio.

91 1013 238 1049 Equidem
252 1021 315 1041 non
328 1014 485 1049 pugnabo,
496 1015 519 1042 si
530 1015 652 1051 quisiis,
661 1024 737 1052 quos
748 1025 817 1044 mox
826 1017 922 1044 nomi-

91 1058 171 1093 navi,
182 1057 397 1087 eruditissimis
406 1059 476 1087 viris
487 1060 682 1089 assentiatur:
694 1061 746 1089 sed
762 1064 863 1090 tamen
877 1070 920 1090 arr

90 1103 187 1131 bitror
203 1103 346 1138 eruditos,
360 1105 384 1131 si
398 1104 523 1140 propius
543 1105 735 1134 admoverint
752 1106 866 1140 oculos,
882 1107 921 1135 ab

88 1147 147 1175 hac
161 1155 230 1175 mea
247 1148 397 1177 sententia
410 1157 470 1177 non
486 1148 575 1184 longe
595 1150 762 1179 abfuturos.
780 1152 921 1179 Animad-

89 1193 208 1220 vertent
223 1192 306 1220 enim
320 1193 396 1221 nihil
408 1193 564 1226 eximium,
585 1195 658 1223 nihil
674 1203 832 1231 magnum,
848 1196 922 1224 nihil

89 1237 368 1273 exquisitum,nihil
382 1238 511 1267 sublime
524 1239 554 1267 in
566 1240 623 1268 hac
636 1241 824 1268 oratiuncula
839 1241 921 1269 inve-

89 1281 157 1312 niri,
175 1289 246 1309 cum
264 1285 366 1310 tamen
382 1283 412 1310 in
427 1284 505 1311 veris
524 1292 558 1312 ac
575 1285 727 1320 germanis
743 1285 842 1313 Basilii
855 1286 924 1313 scri-

89 1329 148 1362 ptis
160 1327 265 1354 omnia
277 1327 396 1363 eximia,
407 1328 511 1357 omnia
519 1337 642 1365 magna,
651 1330 753 1358 omnia
764 1330 921 1367 exquisita,

90 1371 194 1399 omnia
217 1371 362 1400 sublimia
378 1380 441 1400 esse
462 1373 588 1401 soleant.
606 1375 639 1402 Et
653 1374 765 1410 alioqui
781 1383 842 1402 non
862 1377 924 1403 erat

91 1423 159 1443 mos
167 1415 277 1450 Basilii,
286 1416 454 1445 orationem
463 1420 525 1446 tam
536 1418 658 1446 brevem
668 1419 706 1447 ad
715 1420 862 1456 populum
871 1420 924 1447 ha-

91 1461 172 1488 bere.
185 1461 302 1489 Nollem
316 1464 416 1490 tamen
426 1462 505 1490 hanc
520 1463 815 1492 lucubratiunculam
827 1464 924 1493 statim

94 1505 132 1533 ob
142 1505 173 1533 id
185 1505 390 1542 repudiatam,
402 1508 483 1543 quod
498 1507 597 1536 brevis
608 1509 654 1542 sit,
664 1509 756 1536 modo
772 1509 925 1537 sententias

93 1551 166 1588 ipsa;
189 1551 256 1586 ejus
283 1551 367 1580 modi
388 1552 564 1581 brevitatem
593 1557 825 1590 compensarem
845 1562 851 1581 :
872 1553 925 1582 sed

94 1597 159 1632 ejus
169 1597 254 1626 modi
266 1599 322 1630 est,
333 1599 365 1624 ut
377 1599 438 1625 tam
451 1597 550 1625 verbis
563 1606 655 1634 quam
664 1599 816 1626 sententiis
826 1598 925 1626 brevis

93 1649 160 1670 esse
175 1642 325 1670 videatur.
336 1639 545 1677 Suspicionem
555 1643 719 1679 augetstyli
731 1643 924 1672 mediocritas

93 1687 248 1723 quaedam,
259 1695 324 1723 quae
338 1686 368 1714 in
381 1686 521 1714 Basiliam
531 1687 677 1723 Magnum
688 1688 848 1716 convenire
864 1696 925 1716 non

95 1734 202 1768 potest,
219 1731 273 1767 qui
297 1733 430 1759 oratores
447 1732 577 1767 optimos
599 1733 738 1768 aequavit,
760 1736 812 1761 aut
835 1734 925 1761 etiam

97 1776 261 1812 superavit.
274 1777 307 1803 Et
321 1783 390 1804 vero
401 1776 470 1812 quis
483 1776 538 1803 sibi
550 1776 636 1805 facile
645 1777 839 1813 persuadebit
849 1777 926 1805 Basi-

96 1819 180 1853 lium,
192 1820 217 1848 si
233 1820 408 1848 concionari
419 1820 572 1854 voluisset,
583 1821 625 1850 ita
639 1830 817 1850 exorsurum
833 1822 925 1850 fuisse

96 1871 137 1900 (ρ.
153 1864 230 1900 621),
248 1868 379 1895 Νηστείας
404 1867 446 1891 καὶ
468 1865 578 1901 ἱλασμοῦ
594 1867 606 1891 ὁ
626 1869 725 1904 καιρὸς,
738 1866 767 1892 οὗ
786 1869 862 1902 μόνον
878 1871 926 1897 τῆς

95 1914 144 1935 τῶν
174 1908 321 1946 βρωμάτων
346 1909 461 1946 ἀποχῆς,
488 1910 550 1936 ἀ).λά
574 1913 618 1937 καὶ
644 1915 690 1942 τῆς
716 1915 764 1937 τῶν
793 1911 925 1948 ἁμαρτιῶν

95 1953 260 1989 ἀπαλλαγῆς,
293 1955 409 1989 Jejunii
434 1957 460 1983 et
490 1956 717 1990 propitiationis
749 1956 833 1984 adest
857 1957 926 1983 tem-

90 2006 169 2033 pus;
184 2006 243 2026 non
255 1999 340 2026 modo
351 1999 485 2027 ciborum
500 1999 688 2028 abstinentia:
698 2001 749 2028 sed
759 2001 849 2028 etiam
861 2008 925 2034 pec-

95 2046 235 2071 catorum
249 2044 418 2071 evitationis
428 2044 491 2079 (a)?
504 2044 587 2081 quod
601 2047 633 2072 ut
643 2045 754 2079 Latine,
770 2045 812 2072 ita
829 2046 927 2072 Graece

93 2087 249 2122 ingratum
273 2090 317 2116 est
340 2087 464 2116 auribus
480 2091 508 2116 et
525 2088 659 2117 insuave.
677 2089 838 2125 Aliquanto
859 2091 926 2125 post

976 211 1035 239 Nec
1062 211 1103 239 ita
1125 211 1255 239 multum
1279 211 1438 240 dissimilia
1465 215 1544 246 sunt,
1570 220 1638 248 quae
1664 220 1735 240 mox
1758 221 1804 241 se-

977 258 1111 292 quuntur
1126 257 1206 293 (pag.
1224 258 1288 293 622)
1312 266 1317 284 :
1336 258 1486 295 Ἐκηρύχθη
1505 257 1528 283 ἐν
1552 260 1644 287 Νινευὴ
1671 261 1805 295 τριήμερος

977 304 1156 338 καταστροφή·
1176 305 1220 328 καὶ
1242 301 1358 331 ἐνίκησεν
1381 305 1396 331 ὴ
1419 304 1484 339 πρὸς
1506 305 1548 328 τόν
1572 305 1636 329 Θεόν
1661 302 1802 339 ἐπιστροφὴ

977 348 1023 374 τὴν
1036 349 1229 382 καταστροφήν
1242 347 1256 376 ἡ
1271 348 1321 384 γὰρ
1339 346 1428 376 ἀπειλὴ
1444 351 1491 377 τῆς
1501 351 1684 384 καταστροφῆς
1698 345 1744 373 διὰ
1757 349 1803 376 τὴν

978 390 1138 427 ἐπιστποφὴν
1153 391 1250 431 ἀνείθη.
1267 392 1442 420 Prledicata
1456 396 1498 420 est
1512 393 1543 420 in
1562 393 1673 420 Nim’ve
1683 392 1804 420 subver-

977 437 1020 464 sio
1034 440 1099 471 post
1111 437 1262 471 triduum;
1281 440 1306 465 et
1324 438 1477 465 conversio
1490 437 1530 465 ad
1543 438 1636 465 Deum
1654 438 1723 465 vicit
1737 436 1805 464 sub-

977 482 1142 509 versionem
1152 489 1161 508 .·
1170 482 1369 509 subversionis
1385 483 1462 509 enim
1474 482 1662 509 comminatio
1672 489 1804 516 percon-

977 526 1139 553 versionem
1154 526 1296 554 relaxata
1309 528 1350 554 est
1363 535 1370 560 ;
1391 525 1443 554 ubi
1460 528 1566 554 auctor
1581 526 1610 553 in
1626 525 1744 554 duabus
1758 525 1804 554 his

976 570 1113 603 vocibus,
1133 573 1300 607 καταστροφὴ
1316 573 1344 599 et
1359 571 1516 608 ἐπιστροφή,
1534 569 1671 598 similiter
1695 570 1803 598 caden-

977 614 1056 642 tibus
1068 623 1129 642 non
1141 615 1267 642 obscure
1276 615 1620 648 ludit.Quantumautem
1633 614 1805 642 alienumid

977 659 1062 687 sitab
1072 659 1172 687 indole
1188 659 1285 688 Basilii
1301 661 1391 696 atque
1402 660 1533 694 ingenio,
1547 667 1583 687 ex
1599 659 1713 686 summi
1723 659 1803 687 illius

976 703 1030 730 viri
1041 703 1179 739 genuinis
1194 704 1382 732 orationibus
1393 704 1523 740 perspici
1532 706 1639 740 potest.
1652 704 1744 738 Certe,
1754 703 1806 731 ubi

977 748 1101 776 Basilius
1111 748 1307 776 Ninivitarum
1319 748 1506 776 mentionem
1522 748 1630 776 facitin
1638 748 1805 784 prteclaris-

976 792 1110 820 simailla
1119 800 1213 829 quam
1222 793 1387 828 Dejejunio
1397 793 1502 821 habuit
1510 793 1665 828 concione,
1675 792 1805 820 similem

975 836 1120 873 loquendi
1139 838 1287 865 rationem
1303 838 1415 866 vitavit.
1429 838 1525 866 Verba
1542 838 1638 874 ipsius
1653 838 1718 866 haec
1733 839 1806 866 sunt

976 881 1059 917 (tom.
1084 882 1120 916 ll,
1137 882 1221 911 hom.
1240 891 1259 916 ι,
1272 890 1302 911 n.
1320 885 1347 916 9)
1361 891 1366 910 :
1379 886 1424 913 Τις
1440 884 1490 919 γὰρ
1505 882 1528 908 ἐν
1544 886 1624 919 τροφῇ
1643 880 1750 917 δαψιλεῖ
1760 884 1805 908 καὶ

975 930 1058 963 τρυφῇ
1074 925 1189 955 διηνεκεῖ
1207 925 1313 958 ἐδέξατό
1328 937 1386 953 τινα
1398 930 1530 953 κοινωνίαν
1544 929 1714 964 χαρίσματος
1726 936 1804 952 πνεν-

975 975 1103 1006 ματιχοῡ;
1120 975 1231 1002 Μωὺοῆς
1246 971 1374 1010 δευτέραν
1389 972 1525 1008 λαμϐάνων
1538 972 1702 1008 νομοθεσίαν,
1714 969 1805 997 δευτέ-

975 1026 1023 1052 ρας
1038 1018 1160 1047 νηστείας
1173 1015 1349 1053 προσεδεήθη.
1365 1020 1512 1048 Νινενίταις
1528 1018 1548 1042 εἰ
1562 1019 1596 1052 μὴ
1613 1019 1658 1042 καὶ
1670 1017 1703 1041 τὰ
1724 1015 1808 1051 ἄλογα

977 1063 1188 1094 σννενήστενσεν,
1205 1061 1252 1087 οὐκ
1274 1061 1304 1086 ἂν
1321 1060 1443 1097 διέφυγον
1459 1064 1506 1090 τὴν
1525 1061 1630 1090 ἀπειλὴν
1643 1064 1691 1091 τῆς
1704 1070 1806 1086 κατασ-

975 1109 1082 1142 τροφῆς·
1108 1109 1187 1132 Τίνων
1213 1108 1287 1132 ἔπεσε
1311 1107 1343 1132 τὰ
1365 1106 1435 1132 κῶλα
1461 1105 1484 1132 ἐν
1509 1110 1540 1135 τῆ
1566 1108 1669 1142 ἐρήμῳ;
1696 1105 1734 1131 Οὐ
1756 1109 1806 1131 τῶν

976 1153 1138 1187 κρεωφαγίαν
1152 1150 1360 1183 ἐπιζητούντων;
1384 1150 1488 1177 Ἐκεῖνοι
1500 1150 1546 1181 ἓως
1565 1152 1610 1186 μὲν
1626 1152 1751 1187 ἠρκοῦντο
1770 1160 1806 1185 τῳ

977 1196 1069 1231 μάννα,
1092 1198 1136 1220 καὶ
1158 1205 1194 1230 τῳ
1205 1194 1231 1220 ἐκ
1245 1199 1293 1226 τῆς
1313 1198 1407 1232 πέτρας
1427 1194 1516 1228 ὕδατι,
1534 1198 1693 1231 Αἰγυπτίους
1707 1194 1805 1228 ἐνίκων,

978 1238 1024 1266 διὰ
1039 1239 1173 1270 θαλάσσης
1196 1238 1303 1273 ὥδευον,
1328 1240 1375 1266 οὐκ
1400 1245 1430 1269 ἦν
1457 1240 1480 1266 ἐν
1504 1244 1561 1270 ταῖς
1584 1240 1675 1276 φυλαῖς
1696 1239 1779 1265 αὐτῶν
1793 1239 1806 1265 ὁ

979 1283 1099 1310 ἀσθενῶν.
1117 1284 1187 1318 Quis
1203 1285 1281 1312 enim
1302 1285 1334 1312 in
1354 1285 1522 1319 splendidis
1538 1285 1633 1319 epulis
1640 1285 1806 1319 perpetuis-

978 1336 1034 1364 que
1049 1329 1163 1356 deliciis
1182 1330 1334 1364 particeps
1347 1330 1450 1364 factus
1463 1332 1505 1357 est
1525 1329 1618 1357 ullius
1632 1329 1704 1356 doni
1717 1329 1807 1363 spiri-

979 1374 1092 1401 tualz's?
1106 1374 1223 1408 Mog/ses
1237 1378 1269 1402 ut
1285 1375 1415 1408 alteram
1432 1375 1581 1409 acciperet
1597 1375 1690 1409 legem
1709 1374 1808 1402 altero

974 1419 1094 1453 jejunio
1110 1427 1179 1454 opus
1196 1418 1314 1447 habuit.
1332 1419 1401 1446 Nisi
1411 1426 1472 1446 una
1486 1427 1553 1446 cum
1574 1419 1717 1447 Ninivitis
1726 1419 1808 1453 jeju-

941 1453 960 1480 (ἶ
981 1466 1098 1491 nassent
1115 1453 1141 1491 et
1158 1464 1222 1498 ipsa
1240 1464 1330 1491 bruta
1346 1463 1750 1499 animalia,haudquaquam
1766 1463 1808 1497 ef-

977 1507 1124 1542 fugissent
1141 1508 1342 1536 subversionis
1356 1508 1629 1536 comminationem.
1644 1518 1658 1532 «
1675 1508 1807 1541 Quorum

981 1553 1129 1581 cadavera
1141 1556 1299 1587 prostrata
1310 1557 1379 1581 sunt
1391 1554 1422 1581 in
1438 1553 1606 1581 deserto”?
1616 1563 1628 1577 n
1639 1553 1748 1580 Nonne
1763 1560 1807 1580 eo-

980 1599 1114 1633 rum,qui
1118 1606 1198 1627 esum
1207 1599 1346 1626 carnium
1352 1598 1548 1633 ﬂagitabant?
1558 1598 1611 1626 [lli
1618 1598 1711 1625 donec
1720 1599 1808 1625 erant

980 1643 1114 1670 contenti
1127 1651 1251 1675 manna,
1268 1645 1294 1671 et
1310 1650 1391 1678 aqua
1406 1643 1442 1670 tle
1454 1645 1544 1677 petra
1556 1643 1808 1677 ﬂucnte,supera—

981 1687 1053 1715 bant
1061 1687 1227 1723 Egyptios,
1237 1695 1290 1722 per
1304 1695 1388 1716 mare
1398 1687 1554 1722 faciebant
1566 1688 1632 1722 iter,
1645 1697 1658 1711 ιε
1672 1694 1732 1714 non
1743 1688 1808 1714 erat

980 1733 1118 1766 infirmus
1132 1733 1163 1760 in
1175 1733 1312 1760 tribubus
1326 1741 1428 1760 eorum
1435 1733 1501 1760 ’3?»
1511 1733 1577 1760 Haec
1589 1734 1691 1760 autem
1707 1730 1806 1758 Basilii

981 1776 1072 1804 verba
1083 1776 1174 1812 paulo
1187 1777 1284 1804 fusius
1294 1776 1391 1809 retuli,
1399 1779 1431 1804 ut
1441 1785 1477 1804 ex
1486 1776 1520 1804 iis
1528 1776 1615 1813 quasi
1625 1784 1662 1804 ex
1672 1776 1808 1812 quodam

981 1820 1144 1856 spccimine
1160 1823 1313 1857 utcunque
1331 1820 1455 1855 intelligi
1468 1823 1581 1856 posset,
1596 1821 1696 1856 ipsum
1709 1827 1808 1855 neque

981 1873 1017 1892 ex
1034 1865 1123 1893 unius
1140 1866 1338 1902 ejusdemque
1355 1865 1436 1893 vocis
1451 1865 1638 1901 repetitione,
1658 1872 1757 1900 neque
1772 1872 1809 1892 ex

981 1910 1125 1938 similium
1140 1910 1356 1938 vocabulorum
1376 1910 1527 1942 antithesi,
1545 1909 1597 1937 sed
1613 1917 1649 1937 ex
1665 1909 1808 1936 varietate

982 1955 1199 1983 sententiarum
1213 1957 1303 1991 atque
1319 1955 1464 1990 gravitate
1479 1957 1658 1983 ornamenta
1669 1954 1808 1982 orationi-

981 1999 1039 2027 bus
1066 1999 1126 2027 suis
1153 2000 1316 2036 quaasiisse.
1337 2001 1370 2027 Et
1385 1999 1510 2036 quando
1527 1999 1637 2036 saepius
1652 1998 1757 2033 rogavi
1777 2000 1810 2026 ut

983 2047 1176 2072 controversa
1200 2051 1292 2080 opera
1317 2052 1387 2071 cum
1407 2043 1588 2071 indubitatis
1608 2051 1644 2071 ac
1664 2042 1809 2070 confessis

983 2090 1242 2124 compararentur,
1264 2089 1312 2117 hic
1327 2089 1454 2124 rogabo,
1474 2091 1508 2116 ut
1527 2088 1622 2116 dubia
1635 2088 1700 2116 haec
1713 2089 1755 2116 De
1764 2089 1810 2123 je-

95 2135 204 2160 auctor
218 2132 260 2160 ita
280 2132 423 2168 loquitur.
445 2133 535 2169 Ἃγιος
560 2135 609 2171 γὰρ
631 2135 643 2159 ό
665 2136 770 2171 τρόπος,
794 2138 841 2165 τῆς
859 2144 924 2162 νησ-

979 2134 1067 2168 junio
1079 2132 1342 2161 lucubratiuncula
1353 2133 1459 2160 saltem
1471 2140 1540 2160 cum
1552 2134 1633 2160 certa
1646 2131 1706 2166 illa,
1714 2140 1809 2167 quam

96 2178 177 2208 τείας,
195 2175 262 2211 ἁγίῳ
278 2180 335 2212 Θεῳ
351 2177 401 2202 ὑπὸ
416 2177 496 2212 ἁγίων
510 2177 588 2213 αγίων
604 2180 820 2215 προσφερόμενος.
833 2178 926 2206 Sanc-

97 2224 145 2248 tus
161 2221 271 2256 quippe
290 2223 333 2249 est
350 2222 468 2256 jejunii
486 2222 603 2257 modus,
614 2225 720 2250 sancto
733 2223 794 2251 Deo
810 2230 828 2250 a
843 2230 927 2249 sanc-

98 2265 135 2292 tis
155 2268 260 2294 sancte
274 2266 394 2294 oblatus
411 2275 416 2293 :
434 2274 502 2302 quas
521 2267 595 2294 dum
611 2267 687 2303 lego,
705 2275 767 2295 non
780 2267 867 2294 valde
877 2265 927 2295 ad-

98 2309 226 2337 modum
242 2309 441 2347 dubito,quin
456 2311 583 2347 scriptor
597 2311 644 2339 ille
657 2311 833 2347 hujusmodi
847 2312 927 2347 ejus-

99 2354 169 2382 dem
187 2354 270 2382 vocis
287 2355 462 2390 repetitione
476 2358 616 2384 ornatum
633 2356 764 2392 aliquem
779 2365 841 2384 sua:
861 2365 928 2385 ora-

100 2399 172 2427 tioni
187 2399 295 2427 atlerre
310 2400 452 2435 voluerit;
469 2400 616 2437 facileque
632 2401 810 2429 crediderim
828 2401 929 2438 ipsum

101 2443 156 2474 sibi
165 2452 201 2475 ea.
213 2446 244 2474 in
257 2444 427 2483 rebmultum
443 2445 603 2482 placuisse.
619 2447 653 2473 Ut
663 2447 695 2473 ut
705 2446 769 2473 haec
780 2449 850 2474 sunt
861 2454 929 2481 gra-

101 2492 242 2520 vissimus
253 2491 296 2518 vir
309 2489 435 2518 Basilius
443 2490 501 2517 hoc
511 2489 673 2518 verborum
686 2492 773 2526 quasi
784 2490 857 2518 ludo
868 2499 931 2519 non

101 2537 320 2570 oblectabatur,
338 2537 390 2563 aut
398 2537 476 2562 certe
487 2542 548 2562 non
559 2537 633 2571 puto
644 2535 770 2570 proferri
784 2543 873 2571 posse
889 2535 932 2563 ul'

99 2581 163 2610 lum
179 2581 367 2617 exemplum,
384 2587 446 2615 quo
464 2581 581 2608 constet
595 2587 664 2607 eum
684 2579 775 2608 talem
790 2579 879 2608 unius
904 2581 932 2608 et

136 2672 159 2689 "
198 2670 288 2699 Hebr.
304 2677 345 2704 ιιι,
367 2670 410 2696 l7.
449 2668 473 2686 ’3
492 2667 571 2696 Psal.
589 2676 646 2702 CIV,
661 2669 708 2697 47.

133 2762 174 2795 (α)
198 2759 317 2789 Utimur
332 2765 452 2795 semper
467 2756 654 2787 Cotcleriana
665 2758 919 2796 interpretatione.

983 2186 1054 2206 mox
1078 2177 1218 2212 iudicavi,
1242 2177 1338 2205 Basilii
1366 2177 1501 2205 oratione
1532 2177 1712 2205 conferatur.
1736 2178 1809 2205 Puto

983 2222 1063 2251 enim
1082 2222 1214 2250 futurum
1238 2222 1402 2255 neminem,
1419 2222 1472 2258 qui
1491 2221 1560 2258 styli
1573 2221 1810 2257 discrepantiam

982 2275 1044 2295 non
1059 2267 1168 2300 videat,
1184 2267 1346 2302 statimque
1360 2274 1421 2294 non
1433 2266 1548 2301 judicet
1561 2265 1626 2294 ﬁeri
1636 2273 1697 2293 non
1709 2273 1809 2302 posse,

983 2315 1016 2339 ut
1027 2311 1134 2347 aliquis
1146 2313 1251 2339 auctor
1264 2311 1306 2338 ita
1316 2311 1362 2338 sui
1372 2311 1526 2338 dissimilis
1542 2311 1578 2338 sit
1591 2312 1624 2338 ut
1636 2312 1698 2338 tam
1709 2310 1811 2346 dispa-

983 2356 1028 2384 ria
1053 2356 1173 2384 scribat.
1204 2357 1236 2383 Et
1259 2363 1331 2383 vero
1354 2355 1538 2391 experientia
1561 2355 1649 2382 docet
1665 2354 1810 2382 disertum

985 2401 1160 2437 scriptorem
1177 2400 1239 2428 sive
1254 2400 1285 2427 in
1303 2399 1402 2435 longis
1418 2400 1480 2427 sive
1493 2399 1524 2427 in
1537 2399 1680 2427 brevibus
1693 2399 1811 2435 scriptis

985 2453 1103 2482 semper
1113 2445 1220 2473 diserte
1230 2444 1312 2480 loqui
1325 2453 1331 2471 :
1345 2444 1534 2478 indisertum,
1546 2443 1697 2477 indiserte,
1714 2444 1811 2476 Quare

986 2491 1011 2518 si
1025 2490 1124 2518 brevis
1134 2490 1225 2525 hujus
1243 2489 1386 2517 orationis
1399 2489 1551 2524 legitimus
1565 2496 1674 2525 parens
1686 2487 1811 2515 Basilius

986 2537 1072 2565 esset.
1094 2533 1224 2562 dubitari
1243 2533 1350 2562 merito
1365 2541 1427 2562 non
1442 2535 1550 2569 potest,
1571 2533 1645 2569 quin
1655 2532 1725 2568 ipsa
1736 2531 1812 2560 foret

985 2580 1075 2616 longe
1089 2578 1265 2614 elegantior,
1280 2578 1370 2613 longe
1392 2576 1587 2614 splendidior,
1609 2576 1698 2618 longe
1722 2575 1811 2608 lima-
