2020 3140
193 117 227 146 63
954 119 1024 147 ΡΒΑΕ

1081 119 1144 147 ΠΟ.
1860 123 1898 150 64

192 179 259 212 tior,
274 178 364 214 longe
383 181 525 209 ornatior.
538 183 587 210 Est
603 181 688 210 locus
701 182 730 210 in
746 182 803 210 hac
817 181 1015 216 oratiuncula,
1031 184 1053 209 A
1073 183 1118 210 nii
1124 187 1316 213 monumenta
1327 185 1488 220 magniﬁca
1499 186 1775 220 tractatuum,quos
1783 187 1902 213 extem-

193 231 285 259 quem
305 224 416 260 partim
441 228 627 261 corruptum,
650 227 760 263 partim
779 226 922 254 vitiosum
950 234 1017 253 esse

192 271 278 304 puto.
291 268 332 296 lbi
345 271 445 297 autem
464 270 506 298 ita
520 270 628 305 legitur
640 274 721 307 (pag.
737 273 800 303 622)
817 280 823 299 :
838 274 869 297 Ti
882 270 925 297 οὖν
938 273 1017 299 ποιή-

199 323 253 343 σεις
274 315 340 349 πρὸς
354 315 414 344 τοὺς
428 313 536 345 πολλοὺς
559 317 667 346 τούτους
690 316 828 352 πολεμίους
851 317 937 351 ἔχωνς
955 316 1017 350 άφον

195 357 301 394 rip-35m;
314 357 391 384 Ἀλλὰ
400 368 444 384 και
463 363 553 385 τοῦτον
571 360 667 397 {maan
674 370 747 386 σεται
766 362 888 397 ,Χάρακα
902 364 1018 396 προστῆ-

195 411 257 435 σαι;
275 401 351 428 Ἀλλά
370 406 414 429 καὶ
434 407 524 429 τοῦτον
549 402 728 433 διαϐήσεταιε
750 405 802 432 ubi
826 404 1018 432 doctissimus

194 446 239 474 vir
250 447 410 475 Cotelerius
421 456 477 484 pro
487 450 565 484 τάφον
580 449 638 483 legi
653 449 762 477 debere
773 451 868 486 τάφρον
884 449 1019 484 suspica-

196 493 244 518 tus
260 494 314 523 est,
333 492 435 528 sicque
450 495 556 528 postea
573 494 678 522 vertit:
697 494 775 528 Quid
791 502 858 528 ergo
875 501 955 529 ages,
971 494 1020 521 cui

195 543 242 563 res
257 540 299 564 est
316 544 383 564 cum
394 538 535 572 plurimis
547 538 721 573 hujusmodi
735 539 888 567 hostibus?
902 539 1019 566 vallum

193 580 306 614 fodies?
330 581 390 609 Sed
410 581 463 609 hoc
479 583 729 618 transgredietur.
753 584 875 612 Fossam
889 584 1020 617 interpo-

195 625 269 652 nes?
283 626 340 653 Sed
359 629 386 653 ct
410 627 497 654 illam
519 629 681 662 superabit.
707 628 822 656 Etenim
846 629 912 664 ipso
937 627 1021 656 initio

195 671 248 696 aut
261 670 434 706 praepositio
449 674 514 708 πρὸς
528 672 687 707 redundat,
703 675 755 701 aut
766 681 825 700 vox
848 673 949 708 aliqua
963 672 1022 700 hoc

194 712 262 741 loco
277 714 371 747 deest,
395 715 436 743 uti
452 723 509 743 vox
524 716 604 749 πάλη,
618 717 737 753 πόλεμος,
754 720 805 745 aut
824 717 884 745 alia.
907 716 1022 753 quaevis

196 758 312 786 similis.
323 760 458 788 Rescindi
469 760 560 795 igitur
572 762 732 797 oportebat
746 761 927 798 particulam
945 763 1020 798 πρὸς,

196 802 254 830 hoc
269 804 372 837 modo,
390 807 458 840 ἔχων
473 808 533 845 tot);
546 806 664 839 πολλούς,
679 808 735 834 etc.
762 806 840 840 Quid
852 814 924 841 ergo
939 813 1020 840 ages,

198 847 312 877 habens
318 849 468 883 plurimos
484 850 658 885 hujusmodi
665 851 782 878 hostes?
797 853 848 878 aut
858 857 894 878 ea
907 852 1023 878 retenta

196 891 237 919 ita
264 893 365 927 scribi,
391 895 458 929 ἔχων
474 894 556 923 πάλην
576 897 640 932 πρὸς
663 897 723 925 τοὺς
737 895 854 927 πολλούς,
871 897 927 922 etc.
945 894 1023 928 Quid

198 943 269 970 ergo
278 945 356 972 ages,
365 938 477 966 habens
488 939 682 967 luctationem
693 947 760 967 cum
770 940 909 974 plurimis
921 939 1023 973 hujus-

198 981 281 1008 γηοάί
291 983 425 1011 hostibus
434 983 447 1010 ‘.’
461 983 519 1011 Sed
530 987 630 1012 tamen
641 984 711 1012 idin
727 984 839 1012 malam
850 986 967 1020 partem
978 983 1023 1010 in-

198 1027 355 1062 terpretari
369 1028 463 1059 nolui,
476 1036 514 1056 ne
526 1028 639 1056 librarii
655 1029 760 1057 vitium
771 1029 801 1057 in
810 1029 909 1064 ipsum
922 1030 1024 1056 aucto-

198 1077 262 1097 rem
279 1072 438 1100 transferre
457 1073 655 1101 existimarer.
680 1075 827 1101 Hactenus
842 1073 880 1101 de
895 1074 992 1109 prima
1016 1079 1023 1099 :

198 1122 280 1143 nunc
291 1116 329 1143 de
348 1117 480 1146 secunda
492 1118 584 1154 hujus
598 1118 654 1146 loci
670 1121 755 1154 parte
767 1127 861 1146 unum
878 1120 930 1146 aut
953 1117 1022 1145 alte-

199 1168 267 1188 rum
282 1162 409 1190 verbum
433 1163 544 1191 dicam.
569 1163 654 1198 illud,
670 1166 748 1200 τάφον
773 1164 863 1200 ὀρύξαι
876 1165 904 1191 et
917 1164 1026 1199 χάρακα

199 1210 300 1242 προστή
307 1217 360 1240 σαι,
371 1215 496 1244 quoquo
505 1208 597 1236 modo
611 1211 759 1242 sumatur,
767 1211 873 1244 praeter
884 1216 973 1235 usum
985 1209 1026 1235 at-

198 1258 258 1286 que
282 1252 534 1280 consuetudinem
558 1253 672 1280 dictum
699 1253 790 1281 fuisse
805 1253 878 1280 mihi
897 1252 1024 1280 videtur.

200 1295 282 1322 Alius
304 1295 400 1332 quivis
423 1297 560 1330 scriptor,
588 1300 620 1324 ut
643 1297 763 1333 opinor,
786 1297 828 1324 ita
854 1296 1027 1332 simpliciter

200 1339 380 1375 scripsisset,
389 1342 468 1376 τάφον
480 1341 579 1378 ὀρύξεις
588 1349 630 1374 ;...
643 1342 751 1378 χάρακα
761 1343 861 1378 προσ·τή
867 1350 920 1371 ait;
928 1349 935 1373 ;
944 1348 1028 1374 sepu-

202 1384 299 1412 lcrum
322 1385 471 1420 fodies?...
494 1387 609 1420 fossam
632 1386 826 1420 interpones?
840 1387 872 1413 Et
886 1385 972 1421 prius
987 1385 1028 1413 ita

201 1428 361 1464 scripserat
375 1432 479 1458 auctor
494 1430 569 1466 ipse,
581 1433 606 1455 τί
618 1432 748 1463 ποιήσεις,
764 1438 825 1458 non
842 1435 963 1459 ποιῆσαι-

460 1531 473 1563 §
493 1529 541 1558 XI.
561 1530 604 1558 De
617 1530 769 1558 Asceticis.

239 1612 283 1638 27.
304 1610 394 1638 Multa
417 1609 505 1638 hodie
531 1610 654 1638 nomine
669 1610 874 1638 Asceticorum
888 1617 1027 1645 compre-

203 1655 386 1688 henduntur,
400 1655 566 1690 peculiares
579 1655 707 1691 quidam
727 1657 880 1689 tractatus,
895 1653 1025 1688 Moralia,

202 1699 322 1734 Regula;
337 1702 400 1727 tam
422 1699 550 1727 fusiores
573 1708 667 1736 quam
691 1699 855 1735 breviores,
878 1698 1026 1735 Epitimia,

203 1743 435 1771 Constitutiones
449 1744 639 1772 monasticm:
653 1746 682 1772 at
693 1744 724 1771 in
737 1744 878 1772 Asceticis
891 1750 952 1771 non
963 1743 1027 1770 haec

203 1788 308 1816 omnia
318 1788 389 1815 olim
400 1789 621 1824 comprehensa
628 1789 730 1824 fuisse,
738 1796 794 1825 pro
805 1790 895 1822 certo,
909 1787 1027 1824 opinor,

203 1833 309 1861 haberi
323 1836 433 1870 potest.
460 1835 492 1861 Et
512 1834 636 1870 quidem
652 1833 784 1868 Photius,
799 1833 852 1869 qui
865 1833 902 1860 de
921 1832 1029 1860 Asceti-

204 1878 247 1906 cis
274 1878 371 1906 Basilii
385 1879 505 1915 copiose
520 1878 662 1914 loquitur,
675 1878 717 1906 ita
731 1878 768 1906 de
790 1878 836 1906 his
850 1878 980 1910 disserit,
997 1879 1030 1904 ut

203 1931 309 1950 eorum
323 1923 446 1950 nomine
468 1923 623 1959 aliquanto
643 1922 788 1958 pauciora
802 1922 1029 1958 complectatur,

205 1967 341 1995 libellum
364 1968 407 1996 De
425 1968 542 2003 judicio
567 1968 632 2002 Dei,
648 1969 808 1995 tractatum
824 1968 867 1995 De
887 1967 957 1999 ﬁde,
971 1967 1029 1994 Mo-

205 2011 290 2045 ralia,
301 2012 428 2046 Regulas
440 2012 590 2047 longiores
604 2013 632 2040 et
645 2012 811 2040 breviores.
828 2011 1031 2039 Asceticorum

207 2057 347 2093 frequens
361 2060 405 2085 est
428 2057 539 2085 mentio
563 2057 645 2092 apud
665 2057 816 2092 antiquos.
837 2056 1031 2089 Celebriores,

208 2105 278 2130 sunt
293 2102 501 2138 Hieronymus,
522 2101 646 2129 Ruﬁnus
661 2104 689 2130 et
707 2101 878 2130 Cassianus.
907 2103 938 2130 Et
959 2109 1033 2137 quo-

206 2147 289 2176 niam
304 2155 409 2175 eorum
423 2146 596 2175 testimonia
608 2146 697 2174 nobis
711 2154 823 2181 magno
843 2147 909 2174 usui
925 2146 955 2173 in
975 2146 1033 2173 hac

207 2192 409 2228 disputatione
423 2191 521 2219 futura
536 2193 616 2225 sunt,
628 2199 664 2219 ea
674 2191 782 2219 referre
792 2199 891 2227 operm
904 2190 1033 2226 pretium

207 2239 263 2264 est.
289 2236 487 2271 Hieronymus
509 2235 598 2269 igitur
611 2235 663 2270 (a),
680 2235 731 2262 ubi
745 2235 782 2263 de
798 2235 895 2263 Basilii
915 2234 1034 2270 scriptis

208 2288 379 2308 sermonem
387 2279 521 2311 instituit,
533 2279 574 2307 ita
583 2279 716 2315 loquitur
728 2288 734 2306 ί
746 2280 881 2307 Basilius
893 2279 1035 2307 Caesarea:

210 2325 420 2360 Cappadocia,
432 2332 496 2360 qua:
504 2325 591 2359 prius
605 2324 729 2352 Mazaca
740 2324 915 2357 vocabatur,
927 2325 1036 2358 episco-

207 2379 276 2406 pus,
292 2370 424 2405 egregios
439 2371 544 2397 contra
559 2369 739 2397 Eunomium
750 2369 915 2397 elaboravit
932 2368 1035 2401 libros,

209 2419 236 2444 et
252 2416 291 2443 De
310 2414 419 2450 spiritu
445 2417 552 2442 sancto
568 2415 720 2447 volumen,
735 2417 762 2442 et
785 2413 816 2441 in
832 2415 1036 2441 Hexaemeron

209 2461 358 2489 Homilias
368 2465 516 2493 novem,et
527 2459 693 2488 Ἀσκητικόν.
705 2458 829 2486 Ruﬁnus
840 2466 909 2486 vero
918 2458 957 2493 (b)
967 2466 1036 2486 cum

209 2505 305 2534 multa
315 2504 352 2532 de
362 2503 504 2532 laudibus
515 2503 613 2531 Basilii
624 2502 817 2539 Gregoriique
827 2502 963 2535 dixisset,
973 2505 1036 2531 tum

209 2550 333 2578 demum
343 2549 383 2577 ita
393 2547 496 2576 scribit
505 2557 510 2575 :
520 2548 652 2576 Exstant
661 2555 778 2584 quoque
785 2548 943 2583 utriusque
956 2548 1037 2582 inge-

246 2633 271 2650 ³⁸
291 2633 361 2660 Luc.
377 2639 428 2663 xu,
442 2632 487 2665 47,
502 2632 547 2658 48.

248 2705 290 2737 (a)
310 2704 353 2732 De
366 2703 471 2738 script.
487 2702 603 2734 eccles.,
621 2710 647 2730 c.
666 2702 725 2730 t26.

259 2740 287 2772 b)
306 2740 387 2767 Hist.
398 2739 500 2767 eccles.
516 2738 535 2766 l.
550 2746 580 2772 υ,
595 2745 622 2767 c.
637 2739 664 2765 9.

259 2740 275 2768 b
306 2740 500 2767 Hist.eccles.
516 2740 535 2766 l.

247 2740 287 2814 ἱεέ
306 2775 393 2809 Inst.,
409 2774 440 2803 in
456 2773 541 2803 Prmf.

1069 234 1145 261 pore
1154 229 1185 256 in
1195 230 1325 257 ecclesiis
1335 229 1557 257 declamabant.
1565 229 1614 257 Ea:
1627 229 1732 265 quibus
1743 237 1795 257 nos
1805 229 1901 258 denas

1070 271 1167 305 ferme
1185 274 1373 308 singulorum
1392 274 1600 302 oratiunculas
1619 274 1843 308 transfudimus
1866 274 1901 301 in

1072 316 1226 344 Latinum.
1237 318 1350 346 Basilii
1355 321 1505 353 praeterea
1515 318 1658 346 [nstituta
1666 318 1882 346 monachorum
1892 327 1899 346 :

1073 363 1220 396 optantes,
1229 363 1256 389 si
1261 363 1426 397 poterimus
1434 366 1460 390 et
1469 363 1524 390 Dei
1528 363 1622 398 favor
1630 363 1789 398 adjuverit,
1797 370 1900 391 eorum

1072 406 1165 440 plura
1186 408 1365 442 transferre.
1387 407 1523 435 Cassiani
1543 410 1645 435 autem
1665 408 1697 442 (c)
1716 407 1812 435 verba.
1831 410 1902 435 sunt

1073 451 1151 479 haec:
1162 451 1228 480 Huc
1238 452 1363 485 accedit,
1372 453 1452 488 quod
1460 460 1551 487 super
1561 453 1619 480 hac
1628 460 1659 480 re
1669 452 1728 480 viri
1737 455 1765 480 ct
1776 453 1840 481 vita
1850 460 1902 480 no-

1076 496 1159 527 biles,
1171 499 1199 524 et
1209 505 1346 525 sermone
1360 498 1542 533 scientiaque
1558 498 1714 532 praeclari,
1726 498 1824 525 multa
1833 498 1901 532 jam

1075 542 1217 575 opuscula
1228 541 1425 575 desudarunt,
1437 542 1465 570 S.
1480 542 1627 570 Basiliam
1639 545 1666 570 et
1681 542 1902 576 Hieronymum

1075 585 1288 622 dico,aliosque
1296 587 1597 622 nonnullos,quorum
1607 587 1742 614 anterior
1749 587 1903 614 sciscitan-

1077 630 1153 658 tibus
1161 632 1312 666 fratribus
1318 639 1408 666 super
1415 631 1540 660 diversis
1552 631 1699 659 institutis
1710 631 1757 659 vel
1767 631 1905 666 quatstio-

1075 675 1164 702 nibus
1175 683 1235 703 non
1249 676 1346 704 solum
1355 676 1502 711 facundo,
1515 683 1617 704 verum
1627 676 1718 703 etiam
1728 675 1905 703 divinarum

1076 719 1308 754 Scripturarum
1325 721 1500 748 testimoniis
1511 721 1628 754 copioso
1638 727 1773 747 sermone
1783 727 1905 754 respon-

1077 765 1130 792 dit.
1143 766 1249 792 Praeter
1259 764 1326 792 illos
1341 767 1399 792 tres
1414 764 1641 800 antiquissimos
1657 764 1817 800 scriptores
1832 766 1906 791 sunt

1077 811 1105 836 et
1119 809 1178 843 alii,
1190 809 1243 845 qui
1253 809 1456 837 meminerunt
1465 808 1670 836 Asceticorum
1685 808 1794 836 Basilii.
1807 808 1905 842 Digno

1077 856 1148 881 sunt
1163 855 1343 887 memoratu,
1355 862 1423 890 quae
1434 853 1597 890 imperator
1611 853 1798 881 Justinianus
1813 853 1906 888 scrip-

1078 898 1114 926 sit
1124 898 1153 926 in
1169 898 1307 933 Epistula
1317 899 1358 926 ad
1367 899 1519 938 Hennam.
1533 899 1575 926 ita
1587 900 1689 926 autem
1698 897 1832 934 loquitur
1841 897 1884 932 (d)
1897 906 1904 924 :

1079 943 1213 969 Βασιλείαν
1245 943 1387 969 ἐπισκόπου
1412 945 1570 980 Καισαρείας
1596 941 1786 973 Καππαδοκίας
1810 941 1837 968 ἐκ
1859 946 1905 968 τοῦ

1077 992 1213 1014 normaton
1229 988 1308 1013 αὐτοῦ
1331 987 1445 1024 βιϐλίου.
1467 987 1620 1024 Ἐρώτησις.
1636 991 1665 1014 Ει
1689 987 1752 1013 ὃπου
1766 988 1810 1023 μὲν
1825 986 1905 1022 λέγει,

1079 1035 1226 1069 Δαρὴσεται
1239 1032 1329 1065 πολλὰ,
1347 1032 1411 1058 ὅπου
1426 1030 1455 1058 δὲ
1471 1032 1572 1067 Ὀλίγα,
1590 1036 1644 1063 πῶς
1665 1031 1771 1068 λέγουσι
1784 1041 1851 1062 τινες
1866 1034 1901 1067 μή

1080 1076 1143 1104 εἶναι
1158 1077 1228 1107 τέλος
1243 1082 1290 1108 τῆς
1304 1077 1433 1108 κολάσεως
1445 1081 1500 1108 τοῖς
1521 1077 1703 1113 καλαζομένοις
1716 1085 1722 1110 ;
1739 1076 1905 1113 Ἀπόκρισις.

1079 1124 1117 1148 Τὰ
1132 1121 1261 1158 ἀμφίϐολα
1273 1124 1318 1147 καὶ
1343 1121 1582 1158 ἐπικεκαλυμμένως
1605 1121 1726 1158 εἰρῆσθαι
1742 1119 1872 1147 δοκοῦντα
1885 1122 1908 1146 ἓν

1080 1176 1135 1193 τισι
1150 1169 1239 1198 τόποις
1258 1171 1306 1197 τῆς
1331 1167 1498 1192 Geel-navarat:
1522 1169 1634 1202 Γραφῆς,
1652 1167 1701 1191 ὑπὸ
1717 1170 1766 1191 τῶν
1788 1165 1871 1191 ἄλλων
1885 1164 1908 1191 ἐν

1081 1211 1166 1241 (illoc;
1180 1210 1387 1247 ὁμολογουμένων
1400 1211 1578 1252 σαφηνιζεται,
1589 1213 1644 1238 etc.
1656 1211 1765 1238 Basilii
1775 1210 1907 1244 episcopi

1083 1256 1226 1284 Casei-eae
1248 1255 1445 1290 Cappadocae,
1463 1263 1500 1283 ex
1524 1257 1588 1290 ejus
1617 1255 1695 1282 libro
1717 1255 1909 1289 Regularum.

1081 1301 1335 1336 lnterroyatio(e),
1346 1301 1381 1328 Si
1391 1303 1454 1328 tum
1467 1300 1550 1333 dicit,
1568 1311 1581 1325 «
1597 1299 1878 1334 Vapulabitmuttis,
1896 1308 1909 1322 ι

1084 1348 1157 1378 tum,
1170 1355 1184 1369 «
1194 1345 1300 1379 paucis
1311 1345 1335 1362 ’⁵
1345 1352 1356 1372 .·
1375 1354 1384 1370 ι
1406 1352 1462 1379 quo
1477 1347 1567 1379 pacto
1581 1344 1706 1379 quidam
1721 1344 1826 1371 dicunt
1842 1343 1911 1370 nul-

1084 1391 1145 1418 lum
1157 1390 1247 1424 ﬁnem
1263 1389 1401 1425 supplicii
1414 1389 1482 1424 fore
1496 1389 1532 1416 iis
1546 1389 1598 1424 qui
1609 1396 1701 1424 paena
1711 1388 1911 1423 afﬁciuntur?

1084 1435 1250 1469 Responsio.
1268 1433 1338 1467 Qum
1347 1431 1490 1469 ambigua
1504 1436 1575 1461 sunt
1585 1441 1621 1462 ac
1631 1434 1772 1462 videntur
1785 1432 1911 1460 obscure

1083 1487 1144 1507 esse
1158 1479 1239 1506 dicta
1253 1479 1285 1506 in
1305 1478 1485 1513 quibusdam
1502 1478 1574 1506 locis
1588 1478 1735 1505 divinitus
1749 1478 1911 1512 inspirata

1081 1524 1258 1558 Scriptura,
1282 1523 1357 1550 alibi
1371 1523 1409 1551 ab
1433 1523 1501 1551 aliis
1516 1531 1581 1558 qua:
1595 1523 1732 1558 confessa
1754 1525 1782 1550 et
1802 1525 1911 1557 aperta

1082 1571 1164 1600 sunt,
1177 1568 1385 1602 declarantur,
1399 1569 1454 1595 etc.
1470 1567 1673 1595 Asceticorum
1684 1567 1825 1595 Basilium
1838 1575 1911 1595 aue-

1081 1616 1176 1641 torem
1202 1612 1273 1640 facit
1297 1611 1415 1647 Suidas,
1441 1611 1488 1639 his
1511 1612 1634 1640 verbis:
1652 1612 1784 1643 Βασίλειος
1811 1616 1912 1638 Καισα-

1081 1660 1151 1695 ρείας
1165 1661 1213 1687 τῆς
1238 1655 1422 1683 Καππαδοκῶν
1443 1656 1630 1688 ἐπίσκοπος....
1652 1658 1726 1693 ἔγραι
1749 1656 1869 1689 πλεῖστα,
1886 1656 1912 1682 ἐν

1081 1700 1119 1733 οἷς
1136 1701 1297 1738 θαυμάζεται
1311 1702 1344 1726 τὰ
1357 1701 1392 1732 εἰς
1406 1703 1450 1730 τὴν
1467 1700 1632 1738 Ἐξαήμερην.
1648 1704 1698 1727 Καὶ
1711 1702 1768 1727 κατ’
1784 1701 1912 1737 Εὖνομίου

1082 1745 1112 1773 δὲ
1126 1746 1271 1782 ἐξαιρέτους
1285 1745 1405 1777 συνέταξε
1420 1746 1521 1781 λόγους,
1535 1755 1584 1771 κατ
1598 1748 1660 1782 Περὶ
1680 1750 1725 1772 τοῦ
1737 1747 1812 1781 ἁγίου
1826 1747 1913 1782 lipsi)-

1081 1801 1163 1827 ματος
1184 1794 1289 1826 τεῦχος,
1305 1800 1350 1816 και
1372 1792 1418 1820 τὰς
1431 1793 1466 1821 είς
1481 1793 1528 1819 τὴν
1543 1790 1698 1827 Ἐξαήμερον
1718 1790 1820 1826 ὁμιλίας
1831 1790 1911 1817 ἐννέα·

1083 1835 1166 1871 ἕτερον
1181 1838 1276 1870 τεῦχος
1289 1833 1441 1868 ἀσκητικὸν,
1458 1836 1514 1862 etc.
1531 1834 1666 1862 Basilius
1681 1834 1824 1863 Casarez
1835 1836 1914 1869 (Jup-

1081 1879 1216 1914 padocize
1231 1879 1431 1913 episcopus....
1451 1879 1572 1913 scripsit
1589 1879 1735 1913 plurima,
1751 1879 1832 1907 inter
1845 1887 1914 1915 qua:

1082 1924 1235 1958 praecipue
1257 1923 1289 1950 in
1312 1924 1410 1957 pretio
1434 1923 1586 1951 habentur
1610 1923 1826 1952 Commentarii
1847 1925 1913 1958 ejus

1084 1968 1115 1995 in
1140 1969 1353 1995 Hexaemeron.
1380 1968 1489 1995 Contra
1512 1967 1691 1996 Eunomiam
1714 1975 1830 2004 quoque
1852 1969 1914 1996 exi-

1085 2013 1161 2040 mias
1183 2012 1333 2040 orationes
1358 2012 1558 2047 conscripsit;
1581 2013 1709 2047 itemque
1737 2012 1848 2040 librum
1874 2014 1914 2040 De

1088 2057 1197 2093 Spiritu
1221 2059 1335 2091 sancto,
1352 2059 1379 2084 et
1405 2057 1436 2084 in
1460 2057 1668 2085 Hexaemeron
1691 2064 1839 2085 sermones
1863 2065 1915 2085 no-

1088 2109 1162 2134 vem,
1180 2103 1206 2129 et
1233 2101 1343 2129 librum
1366 2102 1540 2133 asceticum,
1564 2104 1618 2129 etc.
1636 2101 1812 2129 Audiendus
1827 2104 1873 2129 est
1886 2104 1916 2130 et

1090 2147 1213 2173 sanctus
1237 2146 1423 2181 Benedictus,
1447 2145 1500 2181 qui
1522 2147 1660 2174 amanter
1683 2146 1800 2173 Patrem
1824 2153 1916 2174 suum

1088 2198 1202 2218 vocans
1225 2190 1376 2224 Basilium,
1392 2190 1432 2218 ita
1446 2190 1476 2218 in
1491 2190 1721 2226 praeclarissima
1734 2190 1786 2217 illa
1800 2191 1917 2225 Regula

1089 2242 1144 2262 sua
1156 2236 1193 2270 (f)
1207 2235 1326 2262 locutus
1350 2236 1394 2262 est
1419 2244 1424 2262 :
1448 2235 1517 2268 Quae
1541 2236 1619 2263 enim
1639 2235 1752 2270 pagina
1776 2238 1830 2262 aut
1848 2236 1917 2270 quis

1089 2286 1184 2307 sermo
1207 2279 1318 2307 divina:
1332 2280 1523 2307 auctoritatis
1544 2280 1654 2307 Veteris
1668 2287 1704 2307 ac
1722 2279 1800 2307 Novi
1816 2280 1916 2308 Testa-

1089 2325 1191 2358 menti,
1215 2332 1275 2352 non
1297 2326 1338 2352 est
1361 2324 1526 2352 rectissima
1547 2331 1654 2352 norma
1670 2325 1736 2352 vita:
1752 2324 1917 2352 humanae?

1090 2372 1143 2398 aut
1163 2369 1229 2404 quis
1253 2368 1326 2396 liber
1350 2371 1524 2396 sanctorum
1549 2368 1762 2396 catholicorum
1787 2368 1918 2397 Patrum

1091 2415 1146 2443 hoc
1170 2421 1229 2441 non
1261 2416 1390 2446 resonat,
1421 2416 1452 2440 ut
1482 2416 1562 2441 recto
1589 2420 1679 2440 cursu
1704 2414 1918 2447 perveniamus

1090 2459 1131 2488 ad
1142 2460 1310 2487 Creatorem
1322 2459 1477 2486 nostrum?
1496 2459 1619 2486 Necnon
1632 2461 1659 2486 et
1671 2458 1846 2486 collationes
1860 2459 1920 2486 Pa-

1092 2508 1182 2539 trum,
1199 2507 1226 2531 et
1246 2504 1398 2535 instituta,
1415 2506 1443 2531 et
1458 2504 1522 2531 vita
1538 2511 1641 2531 eorum
1652 2511 1664 2538 ,·
1678 2503 1730 2531 sed
1752 2506 1780 2531 et
1800 2503 1919 2538 Regula

1090 2549 1120 2577 S.
1131 2549 1235 2577 Patris
1249 2548 1347 2576 nostri
1358 2548 1480 2583 Basilii,
1491 2547 1565 2583 quid
1578 2547 1666 2576 aliud
1680 2550 1759 2583 sunt,
1771 2548 1831 2576 nisi
1845 2547 1920 2577 bene

1126 2700 1167 2735 (τι)
1188 2699 1279 2735 Οοησἶ
1295 2701 1367 2735 tom.
1381 2698 1416 2731 ν,
1432 2699 1539 2734 p.668.

1127 2733 1165 2771 (e)
1183 2737 1260 2762 Inter
1273 2733 1548 2771 brevioresregula
1563 2736 1609 2763 est
1623 2733 1686 2761 267.

1126 2769 1162 2806 (γ)
1181 2771 1253 2807 Cap.
1270 2769 1322 2800 ult.
