2020 3140
77 140 108 166 55
820 137 1000 167 PREFATIO
1006 158 1013 166 .
1735 148 1768 174 66

75 200 229 228 viventium
235 202 262 228 et
272 200 471 228 obedientium
482 200 697 229 monachorum
706 200 851 236 exempla,
863 202 890 228 et

952 210 1002 235 ρον,
1025 202 1064 227 ὅτι
1092 203 1180 234 πάσης
1207 203 1310 235 ἐντολῆς
1335 209 1401 231 Θεοῦ
1416 206 1566 242 παράϐασις
1581 206 1702 244 σφοδρῶς
1721 218 1768 234 και

73 245 268 272 instrumenta
280 245 442 273 virtutum?
449 246 487 272 De
496 245 634 282 piissimo
640 245 704 274 viro
714 245 823 273 Aredio
834 252 894 272 ver.

72 290 108 318 ba
130 289 242 317 faciens
267 290 428 325 Gregorius
462 291 654 325 Turonensis,
684 290 805 326 scripsit
836 290 894 317 hoc

72 333 157 362 modo
169 334 208 369 (a)
224 342 231 362 :
246 334 425 363 Construxit
450 335 562 369 templa
580 335 637 363 Dei
654 336 685 363 in
702 335 814 362 honore
828 334 893 370 [sic]

71 381 236 406 sanctorum
243 380 434 415 ,expetiitque
440 387 539 408 eorum
544 381 725 415 pignora,ac
731 387 768 408 ex
773 379 893 414 familia

68 424 187 458 propria
196 426 371 452 tonsuratos
384 425 518 452 instituit
528 424 703 457 monachos,
717 424 894 452 ctenobium-

71 467 311 503 quefundavit,in
318 476 375 504 quo
382 469 534 496 nonmodo
541 470 690 503 Cassiani,
696 477 795 497 verum
804 469 892 496 etiam

69 512 174 540 Basilii
181 515 209 540 et
224 513 412 548 reliquorum
425 513 579 548 abbatum,
591 515 644 549 qui
649 513 892 542 monasterialem

70 555 155 584 vitam
171 557 384 590 instituerunt,
392 557 585 586 celebrantur
594 558 730 593 Regulte.
739 556 893 586 Sanctissi-

70 608 132 627 mus
139 600 280 637 idemque
293 601 505 630 celeberrimus
515 602 612 630 abbas
618 602 803 630 Theodosius
813 608 894 630 asce-

70 644 128 672 ticis
146 645 243 673 Basilii
252 645 517 674 lucubrationibus
527 646 614 675 unice
622 646 788 675 oblectatus
800 645 894 674 fuisse

70 688 176 717 dicitur.
186 691 228 718 ita
239 690 323 718 enim
334 690 671 727 scriptuminveniturin
683 692 748 727 ejus
766 691 892 728 Vita(b):

69 733 301 763 Mazimeautem
309 735 413 764 crebro
423 736 590 764 recordans
597 737 781 764 salutarium
789 738 894 764 consti-

71 779 209 808 tutionum
217 783 245 808 et
251 787 433 812 sermonum,
441 781 495 817 qui
500 782 655 809 instruunt
664 781 894 810 atteret-citatio-

70 825 208 860 nem,Mag
214 825 616 861 ni,inquam,Basitii,cujus
626 827 714 854 etiam
726 826 819 853 vitam
829 825 894 853 imi-

949 244 1061 281 φοϐερῶς
1089 245 1241 273 ἐκδικεῖται·
1276 258 1320 274 και
1346 250 1361 278 ἡ
1382 248 1516 281 ἀπόδειξις
1537 251 1564 277 ἐκ
1587 255 1638 277 τῶν
1666 255 1771 289 Γραφῶν

947 292 1043 326 τρίτον,
1069 294 1129 327 περὶ
1149 296 1196 323 τῆς
1225 293 1345 324 εὐσεϐοῦς
1371 296 1481 325 πίστεως
1518 298 1601 331 ἡμῶν,
1629 297 1687 325 ἦτοι
1719 301 1772 326 τῆο-

947 333 983 363 si;
1005 337 1052 363 τὴν
1073 336 1215 372 ὑπεραγίαν
1246 335 1346 373 Τρὶάὸα
1360 339 1474 374 καθαρᾶς
1499 339 1570 375 ἡμῶν
1600 350 1643 365 και
1668 340 1772 377 εἱλικρι-

946 381 1005 408 νοῡς
1041 378 1189 415 ὁμολογίας,
1218 381 1246 406 Ὀ
1280 379 1399 419 δεύτερος
1437 383 1489 408 οἷον
1523 389 1680 421 χαρακτῆρα
1710 388 1774 421 Χρι·

948 427 1055 450 στιανοῦ
1085 424 1251 461 κεφαλαιώδη
1277 436 1321 452 και
1349 429 1476 463 σύντομον
1504 430 1686 465 παρατίθεται·
1728 440 1772 455 χαι

946 473 1105 506 χαρακτῆρα
1139 469 1216 496 πάλιν
1244 471 1428 508 παραπλήσιον
1455 477 1505 498 τῶν
1534 478 1715 510 προεεστώτων
1727 478 1773 501 τοῦ

946 511 1033 548 λόγου,
1051 514 1114 540 Εἶτα
1129 515 1181 540 οἷον
1200 517 1276 551 ὅρους
1304 517 1376 547 τινὰς
1417 518 1586 551 ὰσκητικοὺς,
1608 519 1641 550 ὡς
1662 519 1686 544 ἐν
1713 519 1774 555 ἐρω-

946 559 1022 586 τήσει
1053 568 1096 584 χαι
1135 558 1269 596 ἀποκρίσει
1303 564 1523 598 προηγομυέυονς,
1562 562 1689 590 ἓκτιθεται
1729 566 1774 590 τὸν

947 598 1055 637 ἀρίθμόν
1089 604 1246 631 πεντήκοντα
1284 603 1388 639 [πέντε]⁶
1430 608 1474 631 καὶ
1504 605 1580 631 πάλιν
1615 609 1775 642 συντομώτε-

947 654 992 681 ρον
1013 645 1115 682 ἑτέρούς
1129 647 1204 681 ὅρους
1226 657 1277 683 τιγ.
1308 649 1344 676 In
1360 649 1405 676 his
1427 652 1526 678 tamen
1549 650 1663 678 duobus
1689 651 1775 679 libris

948 697 1008 717 non
1019 697 1131 725 semper
1142 692 1183 719 ad
1191 692 1354 727 emphasim
1365 695 1619 722 recurrit.Statim
1630 696 1706 723 enim
1715 696 1776 730 pri-

947 742 1014 761 mus
1023 735 1099 763 liber
1108 736 1186 764 nihil
1193 745 1260 771 pra’
1269 745 1298 764 se
1308 738 1370 772 fert
1381 739 1518 773 tale,nise
1528 740 1607 775 quod
1614 741 1706 768 semel
1717 741 1776 768 ali-

949 779 1272 814 cubiperreticentiam
1283 783 1397 810 malum
1408 790 1493 811 omen
1504 786 1633 811 avertat.
1649 784 1726 812 Nam
1736 785 1778 812 ad

949 827 1058 852 ctetera
1074 825 1154 860 quod
1165 826 1284 859 attinet,
1304 827 1393 855 valde
1407 827 1450 855 ibi
1462 830 1505 855 est
1514 828 1630 863 ﬁrmus,
1652 831 1680 856 et
1693 836 1777 864 aeque

71 872 170 904 tans,et
178 870 242 904 eius
248 870 399 898 orationis
405 878 514 905 magno
524 873 630 905 captus
639 870 892 902 amore,studebat
907 874 928 901 Β
946 876 1043 903 purus
1054 872 1145 905 atque
1157 870 1322 898 dilucidus:
1328 879 1440 907 perque
1446 872 1520 900 duos
1534 873 1620 901 hosce
1628 873 1719 901 libros
1726 874 1776 901 (le-

70 915 193 942 animam
199 915 321 950 quidem
332 915 417 943 illius
423 915 708 950 moribus,linguam
719 918 819 943 autem
829 915 892 950 ejus

71 960 454 995 ornareeloquentia.Certe
461 967 519 995 per
527 961 621 995 ipsam
633 968 750 996 quoque
758 960 893 995 profere-

72 1003 231 1040 batea,quae
240 1006 315 1032 sunt
325 1012 427 1032 rerum
434 1005 893 1040 illiuspulcherrima,meditan-

71 1048 104 1075 do
121 1057 274 1077 assumens
285 1051 314 1077 et
329 1057 511 1078 conservans
522 1050 676 1084 memoria,
693 1057 760 1085 quae
772 1052 893 1084 possent

68 1095 194 1128 prompti
197 1094 296 1122 animi
300 1094 432 1122 studium
439 1095 562 1129 injicere
568 1094 894 1123 velsocordibus.Cons-

70 1137 210 1166 titutiones
220 1138 320 1166 Basilii
327 1139 574 1175 studioselegisse
581 1141 719 1167 sanctum
727 1139 892 1174 Platonem,

70 1191 102 1211 ex
112 1183 266 1212 Theodoro
289 1184 405 1212 Studita
423 1183 569 1213 discimus
587 1186 634 1220 (c).
656 1184 839 1213 Earumdem
861 1184 894 1212 ﬁt

70 1228 172 1256 mentio
183 1228 213 1256 in
228 1229 296 1257 Vita
310 1229 431 1265 piorum
442 1229 590 1258 abbatum
605 1230 742 1265 Eugendi
761 1232 790 1258 et
807 1229 894 1258 Phili-

70 1272 148 1301 berti.
162 1275 257 1306 Nunc,
274 1276 307 1302 ut
321 1274 434 1302 multos
449 1275 599 1308 omittam,
620 1275 713 1303 verba.
732 1275 893 1310 subjiciam

71 1317 221 1355 Photiitd),
238 1319 294 1355 qui
317 1319 619 1347 honoriﬁcentissime
631 1319 720 1347 simul
745 1321 773 1348 et
794 1320 895 1357 copio-

72 1362 179 1391 sissime
189 1364 227 1392 de
241 1364 386 1392 Asceticis
399 1364 519 1393 locutus
541 1367 598 1393 est.
611 1365 706 1393 Verba
721 1365 818 1400 ipsius
832 1365 895 1393 haec

72 1410 156 1435 sunt:
188 1409 351 1445 Ἀνιγνώσθη
379 1413 425 1435 τοῦ
455 1418 479 1436 εν
490 1411 574 1445 ἁγίοις
598 1409 733 1436 Βασιλείου
749 1409 895 1436 ἐπισκόπου

74 1455 222 1490 Καισαρείας
265 1452 459 1484 Καππαδοκίας

499 1455 532 1480 τὰ
574 1454 698 1490 λεγόμενα
741 1455 896 1486 Ἀσκητικά,

73 1496 96 1523 ἓν
109 1495 168 1523 δυσὶ
182 1497 282 1533 λόγοις.
300 1501 436 1535 Χρὴσῖμον
452 1499 496 1535 μὲν
510 1501 539 1525 τὸ
555 1498 668 1535 βιϐλίον,
686 1500 755 1536 εἴπερ
778 1509 804 1525 τι
818 1499 897 1533 ἀλλο,

72 1542 200 1577 Legimus
211 1543 312 1571 sancti
317 1543 430 1571 Basilii
439 1544 571 1578 episcopi
581 1544 726 1572 Ctesareae
738 1544 898 1579 Cappado-
911 1549 932 1576 c

73 1587 130 1620 ciae,
141 1588 191 1622 qui
199 1588 571 1623 vocantur,Asceticorum
582 1589 673 1617 libros
679 1589 833 1618 duos.Hoc
845 1598 897 1621 au-

73 1634 124 1660 tem
134 1633 284 1666 volumen,
313 1632 339 1660 si
366 1633 446 1668 quod
460 1634 558 1668 aliud,
575 1634 649 1662 utile
664 1637 716 1662 est.
732 1634 898 1671 Postquam

76 1678 169 1705 autem
179 1677 316 1705 duorum
331 1677 440 1706 borum
452 1677 600 1706 librorum
613 1678 782 1713 utilitatem,
800 1679 900 1708 suavi-

74 1723 169 1756 tatem,
185 1722 302 1758 stylum
315 1724 343 1750 et
357 1723 606 1759 perspicuitatem
621 1724 900 1758 commendavit,in

74 1765 163 1802 iisque
177 1766 326 1795 contineri
340 1767 457 1795 monuit
471 1767 572 1795 varias
595 1768 777 1804 quaestiones
793 1770 821 1796 et
839 1776 900 1796 res-

76 1811 316 1847 ponsiones,quaa
328 1819 345 1839 e
357 1812 597 1848 sacrascriptura
609 1811 778 1848 desumptae
792 1815 898 1846 essent,

77 1853 404 1892 fateturquestionibus
410 1856 593 1892 quibusdam
599 1857 780 1893 emphaseos
787 1857 902 1894 aliquid

77 1899 190 1935 aspergi
202 1909 209 1927 :
225 1899 282 1928 sed
292 1900 365 1936 quid
374 1901 558 1936 emphaseos
576 1901 700 1929 nomine
714 1901 901 1937 intellexerit,

77 1950 109 1970 ex
118 1943 211 1980 ipsius
224 1944 329 1972 verbis
350 1945 496 1979 cognosci
505 1945 556 1973 vix
576 1948 686 1982 potest.
707 1947 741 1974 Et
763 1954 801 1974 ne
823 1946 902 1982 quis,

76 1995 128 2023 pro
141 1988 237 2017 Basilii
250 1988 396 2017 Aseeticis
413 1989 528 2025 aliquid
544 1989 627 2018 aliud
638 1998 772 2026 sumens,
780 1992 902 2022 erraret,

77 2034 135 2060 tam
149 2032 291 2062 distincte
304 2033 437 2062 Ascelica
450 2033 502 2062 illa
517 2034 674 2068 describit,
686 2036 718 2062 ut
730 2042 830 2068 nemo,
847 2035 904 2063 nisi

77 2077 151 2109 velit,
172 2085 274 2107 errare
289 2078 396 2115 possit.
418 2078 464 2107 Sic
480 2087 552 2115 ergo
567 2080 757 2116 persequitur
772 2089 778 2108 :
801 2080 856 2106 Οὐκ
878 2080 904 2106 ἐν

77 2126 127 2153 τοῖς
158 2122 220 2150 δυσὶ
247 2122 279 2150 δε
306 2123 392 2160 λόγοις
413 2126 443 2150 τὸ
458 2124 599 2161 ἐμφατικόν
624 2124 766 2163 ἐπιτρέχει.
803 2125 905 2152 Λύτίκα

78 2167 91 2192 ὀ
110 2172 209 2204 πρῶτος
234 2166 312 2195 οὐδέν
340 2167 502 2195 ἐπιδεικνυσι
527 2179 656 2203 τοιουτου,
683 2170 747 2199 πλὴν
760 2169 830 2201 ἅπαξ
853 2180 904 2197 που

949 916 1045 942 currit
1056 915 1220 949 simplicior
1230 916 1353 951 quidam
1364 919 1391 944 et
1401 917 1623 951 perfamiliaris
1634 925 1730 946 sermo
1740 926 1777 946 ac

949 957 1176 994 compositio,a'd
1181 961 1267 995 vulgi
1275 968 1363 988 aures
1373 965 1550 996 comparata
1564 965 1656 998 atque
1670 963 1777 991 demis-

947 1012 991 1039 sa,
1005 1004 1079 1032 etad
1091 1005 1186 1033 solum
1198 1005 1315 1033 demum
1322 1006 1496 1034 auditorum
1510 1008 1637 1035 salutem
1648 1008 1777 1036 intenta.

947 1049 1167 1084 Igiturprimus
1174 1051 1238 1084 ejus
1245 1051 1460 1085 continetqua’
1466 1052 1504 1078 sit
1511 1055 1778 1086 causa,quantum-

947 1101 1004 1128 que
1008 1094 1177 1128 periculum
1185 1094 1358 1128 hujusmodi
1363 1103 1429 1123 cum
1436 1096 1640 1124 Ecclesiarum
1646 1097 1778 1130 Dei,tum

947 1139 1134 1173 singulorum
1146 1140 1298 1168 hominum
1308 1140 1387 1168 inter
1401 1141 1479 1175 ipsos
1489 1141 1679 1169 dissensionis
1690 1144 1779 1177 atque

948 1184 1204 1217 dissidii.Deinde,
1214 1185 1294 1219 quod
1303 1185 1398 1212 omnis
1408 1186 1557 1219 praecepti
1566 1186 1665 1213 divini
1678 1188 1779 1213 trans-

948 1229 1060 1263 gressio
1071 1228 1257 1256 vehementer
1271 1236 1308 1256 ac
1322 1229 1501 1257 terribiliter
1518 1231 1656 1264 punitur,
1665 1230 1755 1265 idque
1764 1237 1780 1258 e

948 1272 1114 1307 Scripturis
1140 1273 1236 1300 sacris
1253 1273 1501 1301 demonstratum.
1525 1274 1637 1304 Tertio.
1657 1274 1693 1302 de
1719 1274 1779 1308 ﬁde

949 1321 1054 1346 nostra
1062 1317 1220 1351 catholica,
1232 1317 1293 1345 sive
1299 1317 1335 1345 de
1340 1325 1423 1352 pura
1429 1321 1533 1346 nostra
1542 1321 1569 1346 et
1578 1319 1697 1346 sincera
1706 1326 1777 1346 con-

947 1363 1078 1397 fessione
1084 1362 1276 1390 sanctissima:
1285 1363 1542 1391 Trinitatis.Liber
1549 1370 1616 1391 vero
1623 1363 1777 1398 secundus,

953 1407 1117 1435 Christiani
1129 1407 1256 1435 hominis
1268 1407 1429 1442 quamdam
1445 1408 1540 1436 veluti
1553 1408 1780 1442 descriptionem

951 1459 1007 1487 per
1014 1459 1129 1480 summa
1136 1453 1236 1486 capita
1243 1452 1590 1487 breviterqueproponit:
1596 1453 1782 1487 similemque

953 1496 1483 1532 rursumdescriptionemeorum,qui
1497 1497 1628 1525 docendo
1647 1497 1783 1532 Evange-

956 1543 995 1569 lio
999 1542 1138 1576 praefecti
1146 1544 1225 1569 sunt.
1236 1541 1348 1569 Deinde
1354 1542 1441 1576 quasi
1447 1542 1568 1576 regulas
1581 1542 1728 1577 quasdam
1734 1549 1782 1570 as-

954 1585 1292 1621 ceticas,interrogando
1301 1593 1336 1614 ac
1347 1586 1551 1620 respondendo
1556 1587 1725 1621 propositas
1734 1594 1784 1614 ea:-

952 1631 1048 1666 ponit,
1071 1638 1196 1659 numero
1213 1630 1432 1666 quinquaginta
1446 1631 1596 1666 quinque:
1616 1631 1783 1666 iterumque

955 1676 1103 1704 breviores
1116 1675 1194 1703 alias
1209 1677 1358 1703 trecentas
1385 1675 1537 1703 tredecim.
1555 1677 1690 1703 Fortasse
1717 1676 1783 1703 haec

955 1720 1047 1756 paulo
1054 1720 1193 1755 longiora
1200 1719 1452 1756 aliquibusvideri
1459 1722 1609 1755 poterunt:
1619 1719 1673 1748 sed
1687 1719 1729 1748 ita.
1743 1718 1784 1748 ad

955 1774 1019 1794 rem
1029 1766 1152 1793 faciunt.
1166 1767 1199 1792 ut
1210 1772 1246 1792 ea
1260 1765 1552 1800 integraexscribere
1566 1773 1627 1793 non
1643 1765 1783 1801 piguerit.

956 1810 1082 1838 Monebo
1088 1809 1174 1846 quasi
1181 1809 1418 1846 prmteriens,me
1427 1810 1702 1846 suspicari,.vocem
1711 1811 1785 1836 πέντε

957 1855 1118 1883 delendam
1145 1862 1211 1882 esse
1226 1854 1255 1882 in
1276 1854 1396 1882 Grceeis.
1418 1854 1597 1890 Suspicandi
1611 1854 1675 1882 haec
1690 1862 1785 1882 causa

958 1903 1012 1935 est,
1028 1900 1112 1937 quod
1124 1908 1161 1928 ea
1176 1907 1233 1927 vox
1244 1899 1366 1928 duobus
1381 1899 1501 1927 uncinis
1515 1899 1546 1927 in
1562 1899 1692 1934 vulgatis
1705 1907 1786 1928 com-

958 1945 1164 1982 prehendatur
1179 1953 1185 1972 :
1202 1944 1254 1980 qui
1269 1943 1360 1971 incini
1373 1943 1442 1972 ideo
1458 1943 1599 1972 videntur
1622 1943 1726 1977 additi,
1753 1945 1786 1972 ut

958 1991 1154 2018 monerentur
1169 1989 1221 2025 qui
1235 1988 1486 2023 legerentnocem
1496 1990 1570 2015 πέντε
1589 1988 1620 2016 in
1635 1988 1785 2016 veteribus

958 2035 1042 2064 libris
1057 2034 1172 2062 deesse.
1190 2035 1248 2061 Nec
1262 2033 1293 2061 id
1302 2034 1446 2069 cuiquam
1456 2033 1566 2061 mirum
1582 2033 1675 2062 videri
1685 2033 1785 2067 debet,

959 2088 1030 2109 cum
1040 2079 1190 2115 hodieque
1198 2079 1230 2106 in
1240 2078 1373 2115 antiquis
1387 2078 1473 2106 libris
1483 2086 1545 2106 non
1560 2078 1641 2106 idem
1659 2078 1785 2106 omnino

959 2124 1132 2160 regularum
1147 2131 1291 2152 numerus
1310 2123 1468 2151 adnotetur
1480 2132 1486 2150 :
1498 2123 1580 2159 quod
1588 2123 1658 2150 inde
1673 2122 1786 2151 factum

961 2169 1154 2201 arbitramur,
1181 2167 1263 2204 quod
1287 2167 1400 2195 librarii
1426 2167 1653 2203 aliquandOAaut
1674 2175 1711 2195 ex
1725 2175 1788 2196 una

80 2212 305 2248 τῇᾶποσιωπὴσει
329 2215 358 2239 τὸ
386 2212 525 2250 δύσφημον
550 2217 701 2251 οἰκονομῶν.
730 2217 800 2241 Ἐπεὶ
824 2225 857 2241 τα
876 2226 897 2252 γι

961 2215 1049 2248 duas,
1069 2216 1122 2242 aut
1131 2221 1167 2241 ex
1178 2213 1299 2241 duabus
1314 2220 1407 2240 unam
1416 2213 1579 2241 effecerint.
1596 2214 1653 2241 Nec
1668 2214 1788 2249 praeter-

81 2256 141 2283 ιῦλα
164 2257 247 2289 πολὺς
277 2260 322 2294 μέν
349 2257 406 2284 iam
429 2260 458 2284 τὸ
474 2257 596 2294 ἀσφαλὲς,
611 2261 668 2290 ἶσος
684 2258 714 2286 δὲ
728 2262 757 2286 τὸ
781 2261 904 2297 καθαρὸν,

83 2299 194 2328 ἀλλὰκαὶ
219 2304 250 2328 τὸ
267 2301 438 2340 εὑκρινές·διὰ
465 2305 552 2340 μέντοι
576 2307 627 2330 τῶν
647 2302 695 2330 δύο
724 2304 795 2340 αὐτῳ
820 2303 906 2334 διήκει

83 2348 109 2371 τό
131 2346 310 2384 ἁπλούστερον
329 2357 373 2373 και
400 2347 613 2384 καθωμιλημένον
635 2353 685 2374 τῶν
708 2359 736 2375 τε
754 2349 843 2380 λέξεων
862 2359 907 2375 και

84 2394 128 2422 τῆς
147 2393 293 2425 συνθήκης,
309 2394 373 2428 πρὸς
389 2395 436 2422 τὴν
458 2397 509 2419 τῶν
522 2392 622 2419 πολλῶν
635 2392 716 2422 ἀκοὴν
732 2391 909 2430 δια-τυπούμε-

85 2437 122 2461 vi»
147 2445 175 2462 τε
202 2447 249 2463 και
275 2438 481 2473 ταπεινούμῖιον,
508 2447 552 2464 και
580 2440 661 2474 μόνης
685 2442 732 2470 τῆς
749 2443 798 2464 τῶν
811 2437 904 2475 ἀκροα-

87 2483 132 2505 τῶν
155 2484 290 2518 σωτηρίας
314 2484 589 2518 καταστοχαζόμενον.
620 2483 649 2508 '0
677 2483 722 2519 μὲν
749 2481 793 2509 οὖν
804 2488 904 2520 πρῶτος

87 2524 151 2560 αὐτῷ
162 2525 241 2561 λόγος
257 2524 430 2563 διεξέρχεται,
447 2529 488 2557 τίς
508 2527 523 2556 ἡ
540 2527 612 2553 αἰτὶα
631 2538 675 2553 και
690 2528 703 2553 ὁ
718 2526 839 2559 κίνδυνος
858 2532 904 2559 τῆς

87 2571 213 2602 τοσαύτης
240 2575 290 2596 τῶν
323 2571 481 2601 Ἐκκλησιῶν
518 2575 565 2598 τοῦ
605 2576 682 2607 Θεοῦ,
721 2583 765 2599 χαι
795 2572 905 2599 ἑκάστου

86 2617 146 2651 πρὸς
168 2618 214 2642 τὸν
241 2616 325 2652 ἕτερον
350 2615 492 2653 διαφωνιας
507 2626 536 2644 τι
561 2619 606 2644 καὶ
624 2616 800 2650 διαστάσεως.
817 2618 906 2645 Δεύτε-

121 2731 166 2768 (α)
183 2731 248 2769 Lib,
262 2741 282 2761 x
296 2732 374 2762 Hist.
387 2733 458 2769 Fr.,
474 2741 505 2769 p.
525 2735 588 2764 524.

121 2768 166 2808 (ο)
183 2768 262 2808 _Boll.
277 2769 298 2808 l_l
316 2771 394 2808 J_a_.n.,
409 2768 518 2808 p.693.

122 2804 164 2840 (c)
183 2805 262 2841 Lege
273 2804 526 2843 σοάίεεγηὶιεῃιιιη
540 2814 571 2844 p.
584 2806 629 2836 96.

961 2259 1063 2288 eunda
1077 2258 1193 2286 silentio
1202 2266 1270 2294 quae
1285 2258 1323 2285 de
1346 2257 1487 2286 familiari
1502 2265 1558 2286 suo
1584 2258 1691 2286 Basilio
1713 2258 1788 2286 scri—

961 2305 1022 2342 psit
1036 2303 1195 2339 Gregorius
1210 2302 1413 2331 Nasianzenus
1425 2303 1473 2339 (e).
1489 2302 1560 2338 Ejus
1576 2305 1678 2331 autem
1692 2303 1788 2332 verba

962 2349 1033 2376 sunt
1062 2347 1137 2380 haec,
1174 2346 1389 2382 παρθενοκομίαι,
1427 2346 1580 2381 νομοθεσίαι
1613 2350 1748 2382 μοναστῶν
1759 2347 1788 2382 ἔγ

962 2393 1057 2430 γραφοί
1077 2401 1104 2417 τε
1124 2392 1169 2417 καί
1183 2391 1304 2427 ἄγραφοι,
1321 2391 1470 2425 virginum
1486 2391 1695 2419 curandarum
1722 2393 1786 2418 stu-

959 2438 1052 2472 dium,
1075 2436 1310 2464 monasticarum
1326 2436 1425 2470 legum
1444 2436 1657 2469 institutiones,
1674 2436 1788 2470 partim

959 2482 1081 2517 scripto,
1094 2481 1205 2515 partim
1213 2488 1282 2508 voce
1296 2480 1431 2509 traditae.
1446 2480 1568 2508 Possent
1583 2483 1612 2508 et
1626 2480 1722 2508 multa
1730 2480 1789 2508 alia.

960 2526 1088 2555 aliorum
1104 2525 1285 2561 scriptorum
1300 2525 1499 2553 recentiorum
1525 2525 1696 2553 testimonia
1728 2525 1789 2552 huc

960 2570 1105 2606 congeri:
1136 2569 1200 2602 sed,
1222 2577 1260 2598 ne
1282 2568 1400 2605 longior
1427 2569 1539 2605 videar,
1570 2569 1787 2605 supersedebo.

961 2616 1070 2646 Credas
1085 2622 1159 2643 sane
1173 2616 1242 2651 post
1254 2616 1298 2643 tot
1312 2614 1494 2650 testimonia,
1520 2614 1696 2650 opinionem
1708 2622 1789 2645 eam.

1001 2733 1049 2807 (ἀ)
1071 2732 1144 2763 Cod.
1156 2741 1227 2771 CXCI,
1248 2740 1319 2772 pag.
1334 2732 1398 2763 493.

1014 2772 1040 2807 e)
1058 2771 1108 2806 Or,
1121 2770 1157 2798 20

1014 2770 1044 2807 ε)
1058 2771 1108 2806 Or,
1121 2770 1157 2798 20
