2020 3140
74 121 104 148 69
815 121 1007 150 PREFATIO.
1729 124 1765 149 70

72 181 444 218 quamlongiorum,unum
453 183 793 211 etenmdemauctorem
802 191 882 211 esse:
904 185 927 210 A
941 184 1006 219 Ego
1021 186 1099 214 enim
1124 187 1188 214 vidi
1210 187 1330 219 multos,
1352 185 1405 221 qui
1429 185 1509 213 vitiis
1533 184 1702 219 mancipati
1720 191 1765 212 re-

70 227 96 254 in
109 227 219 261 quinta,
236 229 378 263 utrasque
392 227 520 262 Regulus
536 229 564 255 et
575 228 807 256 Constitutiones
822 236 884 255 mo-

70 272 190 298 nasticas
201 271 253 299 uni
265 274 294 299 et
307 271 405 300 eidem
418 273 532 301 auctori
544 273 633 301 tribui
643 280 704 300 non
716 272 842 300 debere:
854 273 884 300 in

69 318 154 348 sexta,
166 324 237 343 sane
248 318 276 344 et
286 325 354 344 vere
362 317 509 352 judicare,
518 318 570 353 qui
582 317 721 346 Basilium
731 320 885 345 auctorem

68 361 172 388 faciunt
182 363 378 398 utrarumque
386 362 566 397 Regularum
576 372 581 390 :
590 362 764 398 inseptima,
773 363 887 390 Consti-

68 407 188 433 tutiones
195 406 380 434 monasticas
387 407 541 435 Eustathio
547 407 766 442 Sebastenoadj
773 406 887 434 udicari

67 458 167 486 posse:
191 450 221 478 in
238 453 356 485 octava,
377 452 516 487 Epitimia
535 452 565 479 in
583 452 693 488 spuriis
713 452 784 488 poni
797 459 887 488 opor-

66 497 138 522 tere:
163 495 193 523 in
208 503 301 529 nona,
319 496 396 524 duas
417 496 709 531 lucubratiunculas,
732 505 810 532 quas
832 504 887 531 pro

64 541 145 567 novis
165 540 365 568 Combeﬂsius
390 541 567 577 divulgavit,
592 541 703 577 dignas
725 549 787 569 non
809 548 886 574 esse,

65 592 126 619 quae
140 585 217 612 inter
232 585 333 613 Basilii
349 593 442 621 opera
457 588 663 614 numerentur.

65 640 76 672 §
93 640 132 666 XI.
153 639 232 667 Pars
256 641 368 674 prima,
387 640 424 668 de
441 641 565 675 praeviis
587 640 683 668 tribus
705 641 888 669 tractatibus

399 685 543 713 asceticis.

96 739 137 766 29.
157 737 264 766 Przevii
285 737 316 765 hi
330 739 389 766 tres
406 740 560 771 tractatus,
586 738 639 775 qui
659 739 736 766 inter
760 739 889 767 ascetica

65 785 264 817 recensentur,
281 783 312 811 in
325 783 466 811 omnibus
476 783 570 818 libris,
582 785 643 811 tam
656 783 784 819 vulgatis
794 792 888 819 quam

65 827 216 861 veteribus,
227 835 345 855 nomen
356 827 632 864 Basiliiprteferunt.
640 828 743 859 Iidem,
751 828 806 855 nisi
816 828 888 856 forte

67 872 222 900 Scultetum
239 873 386 909 excipias,
403 881 421 901 a
433 873 565 907 nemine,
579 873 663 909 quod
683 874 788 907 sciam,
802 881 887 901 revo-

66 920 163 944 cantur
177 917 208 944 in
229 917 371 945 dubium.
393 917 606 951 Combeﬁsius,
623 914 683 954 qui
707 918 889 954 creteroquin

66 962 204 997 optimam
218 962 427 990 Asceticorum
442 965 560 998 partem
576 970 632 998 pro
648 963 757 999 spuriis
773 962 889 996 habuit,

66 1008 159 1033 tamen
174 1009 202 1033 et
216 1007 287 1042 ipse
300 1014 422 1043 quoque
436 1008 617 1043 praeviarum
628 1007 739 1035 harum
752 1007 892 1034 lucubra—

66 1051 173 1079 tionum
191 1051 336 1080 Basiliam
352 1054 507 1080 auctorem
527 1052 625 1080 facere
645 1060 706 1080 non
730 1052 890 1080 dubitavit-

67 1096 174 1123 Primus
194 1099 301 1124 autem
326 1099 471 1125 tractatus
493 1097 536 1124 sic
562 1097 743 1124 inscribitur.
771 1098 892 1125 Prazvia.

66 1141 207 1170 institutio
219 1142 372 1170 aseetica:
394 1142 557 1177 secundus,
573 1143 677 1170 Sermo
692 1143 848 1176 asceticus,
865 1145 892 1171 et

67 1186 232 1214 exhortatio
246 1187 285 1214 de
299 1187 529 1215 renuntiatione
544 1187 659 1217 saeculi,
684 1190 710 1214 et
727 1188 763 1215 de
775 1188 892 1222 perfec-

67 1231 139 1259 tione
151 1232 331 1266 spirituati:
354 1232 468 1265 tertius,
485 1232 588 1259 Sermo
603 1232 640 1260 de
661 1233 789 1260 aseetica
807 1232 893 1259 disci-

65 1276 156 1309 plina,
164 1277 317 1312 quomodo
325 1277 507 1305 monachum
515 1278 775 1312 ornarioporteat.
788 1277 856 1311 Legi
866 1279 894 1305 et

67 1320 150 1355 relegi
158 1321 213 1349 has
222 1321 517 1355 lucubratiunculas,
529 1322 680 1358 inquibus
687 1321 761 1350 nihil
768 1322 893 1350 omnino

66 1364 167 1398 inveni,
181 1366 267 1401 quod
281 1366 441 1401 indignum
453 1368 640 1394 essetnOStro
655 1366 772 1394 Basilio.
785 1366 892 1394 Omnia

65 1410 129 1437 satis
142 1410 381 1438 accommodata
398 1413 468 1438 sunt
484 1410 523 1438 ad
535 1411 600 1446 ejus
620 1411 743 1447 stylum,
768 1411 806 1439 ad
827 1411 893 1446 ejus

64 1454 206 1482 scribendi
222 1455 386 1489 rationem,
402 1455 440 1483 ad
454 1456 520 1490 ejus
534 1455 679 1484 indolem.
696 1454 754 1483 Etsi
766 1455 846 1483 enim
862 1456 893 1483 hi

63 1497 145 1526 libelli
158 1499 338 1535 eloquentia
353 1499 509 1528 inferiores
525 1502 595 1527 sunt
610 1500 802 1536 panegyricis
816 1500 893 1527 Basi~

64 1543 91 1570 lii
101 1544 301 1580 orationibus,
314 1546 366 1572 aut
373 1545 508 1579 ejusdem
519 1544 637 1580 generis
647 1545 779 1580 scriptis:
789 1547 891 1572 tamen

66 1587 87 1614 si
102 1587 166 1623 quis
181 1596 234 1616 eos
251 1590 364 1616 attente
379 1589 470 1624 legat,
485 1589 597 1622 statim,
612 1589 730 1624 opinor,
742 1589 829 1625 periti
840 1589 894 1616 ali-

67 1632 146 1667 cujus
158 1633 299 1668 magistri
310 1641 436 1661 manum
449 1635 602 1668 agnoscet.
614 1635 689 1661 Nam
700 1634 775 1661 nihil
787 1634 817 1661 in
830 1642 896 1661 ver-

66 1675 119 1712 bis,
130 1678 200 1706 nihil
220 1678 252 1706 in
271 1678 436 1713 sententiis,
461 1678 535 1706 nihil
555 1678 585 1705 in
604 1678 800 1714 periodorum
822 1685 895 1706 con-

68 1722 221 1750 structione
229 1723 394 1756 invenitur,
401 1722 485 1759 quod
493 1723 647 1752 hominem
662 1723 812 1751 scribendi
823 1722 897 1759 peri-

68 1765 211 1795 tissimum
223 1768 382 1796 dedeceat.
392 1769 537 1796 Praeterea
547 1776 582 1796 ex
592 1768 702 1796 harum
713 1768 896 1796 lucubratio-

70 1817 139 1838 num
148 1811 280 1840 lectione
295 1814 423 1845 constat,
440 1814 597 1840 auctorem
609 1820 713 1840 sacras
728 1812 896 1848 Scripturas

71 1857 96 1882 et
117 1857 227 1892 optime
251 1857 408 1890 calluisse,
429 1859 457 1884 et
482 1857 637 1894 aptissime
661 1858 791 1885 citasse:
818 1866 896 1894 quas

69 1899 148 1929 dotes
164 1901 400 1938 quodammodo
417 1902 514 1929 Basilii
538 1902 678 1939 proprias
700 1910 764 1930 esse
789 1905 896 1930 notum

69 1948 120 1973 est.
140 1947 206 1974 Haec
221 1947 262 1975 de
279 1946 335 1974 illis
351 1946 447 1974 tribus
468 1947 627 1983 opusculis
652 1947 792 1975 universe
815 1947 897 1976 dicta

67 1989 122 2018 sint
135 1999 141 2018 :
158 1999 242 2019 nunc
258 1991 298 2018 de
312 1991 447 2019 secundo
461 1991 612 2028 peculiare
625 1992 776 2028 quiddam
791 1992 821 2020 in
835 2000 896 2020 me-

67 2035 147 2063 dium
157 2036 324 2072 proferam.
337 2036 544 2064 Animadverti
557 2037 648 2071 igitur
657 2037 784 2065 verbum
798 2037 896 2074 πληρο-

68 2081 199 2117 φορεῖσθαι
223 2081 274 2108 bis
287 2081 318 2108 in
337 2089 383 2115 eo,
399 2089 491 2117 quem
516 2081 609 2109 modo
631 2081 703 2115 dixi,
730 2081 832 2110 libello
855 2082 897 2110 ita.

66 2126 216 2161 usurpari,
228 2127 262 2153 ut
273 2126 502 2162 persuasionem
510 2126 678 2162 quamdam
686 2126 842 2162 signiﬁcet.
854 2128 898 2155 lta

69 2170 145 2198 enim
159 2178 223 2198 uno
236 2170 307 2198 loco
321 2170 467 2207 scriptum
483 2173 528 2198 est
550 2171 580 2207 (t.
601 2171 635 2204 ΙΙ⁷
656 2179 685 2208 p.
700 2172 774 2207 204),
806 2171 896 2198 Ἠνίκα

71 2212 97 2239 δε
109 2218 157 2240 τῶν
176 2217 331 2252 προς-ὀντων
352 2225 392 2241 σοι
416 2217 575 2253 πραγμάτων
600 2220 661 2253 ποιῇ
686 2218 733 2245 τὴν
761 2215 894 2249 ἀπόθεσιν,

70 2259 109 2284 ἔσο
122 2259 231 2296 ἀκαμπή
239 2270 261 2294 ς,
277 2261 438 2296 προπέμπειν
451 2261 518 2286 αὐτά
533 2260 568 2291 εἰς
584 2260 706 2297 οὐρανοὺς
719 2260 897 2298 πληροφορού-

70 2313 149 2339 pagg.
167 2305 226 2334 Ubi
239 2313 311 2333 vero
325 2313 372 2333 res
387 2313 454 2341 qute
467 2305 508 2334 ad
521 2309 548 2334 te
559 2306 713 2341 pertinent
730 2306 898 2342 derelique-

71 2349 118 2382 ris,
135 2353 195 2377 esto
207 2350 388 2385 inﬂexibilis
403 2353 430 2378 et
443 2353 593 2386 constans,
610 2354 749 2387 certoque
759 2352 836 2380 scias
850 2359 900 2379 eas

70 2395 254 2427 prazmittere
268 2398 297 2422 te
319 2395 350 2422 in
365 2396 485 2423 cwlum.
507 2396 539 2423 In
563 2395 657 2424 altero
681 2397 720 2432 (p.
743 2397 818 2432 207),
841 2396 899 2424 hoc

72 2440 169 2473 modo,
197 2440 264 2466 αὐτὸ
287 2444 363 2466 τοῦτο
387 2439 530 2467 ιηάνδαλον
555 2439 618 2467 εἶναι
647 2441 898 2479 πληροςαορούμενος,

74 2485 188 2512 omnino
204 2485 262 2512 tibi
279 2486 460 2519 persuadeas
479 2486 610 2520 idipsum
630 2486 808 2514 scandalum
828 2494 898 2514 esse.

72 2528 192 2556 Basilius
208 2532 313 2557 autem
327 2529 385 2558 hoc
401 2530 481 2558 idem
497 2531 624 2558 verbum
639 2531 698 2559 hoc
717 2531 783 2567 ipso
809 2538 901 2558 sensu

71 2579 147 2608 stepe
167 2576 300 2609 usurpat
315 2574 364 2609 (a).
387 2575 450 2603 lmo
476 2575 567 2603 etiam
593 2584 662 2603 cum
690 2576 754 2604 haec
776 2575 844 2610 lego
869 2575 900 2603 in

72 2618 176 2646 eodem
205 2618 261 2646 illo
287 2619 434 2654 opusculo
463 2622 504 2656 (p.
527 2622 603 2656 208).
630 2620 744 2652 Πολλοὺς
771 2622 820 2657 γὰρ
850 2619 899 2656 ἐγὼ

71 2663 163 2688 πάθεσι
191 2665 372 2700 κρατηθέντας
399 2663 469 2691 εἶδον
496 2665 521 2691 ἐν
556 2667 627 2702 ὑγεία
660 2668 819 2702 γενομένους,
858 2665 901 2692 ἕνα

74 2704 100 2732 (ἴε
122 2707 149 2733 ἐκ
170 2710 279 2734 πάντων
300 2709 470 2747 λαθροφάγον,
494 2710 508 2740 ἢ
533 2714 729 2748 γαστρίμαργον
749 2711 796 2738 οὐκ
819 2708 900 2739 εἶδον.

123 2781 148 2798 ³⁵
167 2782 259 2810 Prov.
274 2789 350 2817 xxxx,
366 2784 393 2812 6.

124 2843 167 2879 (a)
187 2844 260 2879 Leg.
276 2852 308 2874 n.
324 2847 368 2874 38.

940 229 1062 257 dierunt
1078 231 1119 258 ad
1134 231 1318 258 sanitatem:
1333 230 1384 258 sed
1399 237 1436 257 ea:
1450 229 1586 256 omnibus
1612 235 1649 256 ne
1671 235 1765 256 unum

941 275 1070 309 quidem,
1083 276 1135 310 qui
1148 276 1265 303 occulte
1280 274 1490 307 mandat-aret,
1506 276 1559 301 aut
1578 273 1701 308 gulosus
1724 280 1765 300 es-

940 322 992 353 set,
1007 320 1196 348 emendatum
1210 320 1281 352 vidi,
1300 318 1438 346 Basilium
1453 317 1557 345 audire
1567 317 1641 345 mihi
1652 317 1766 345 videor.

942 365 975 391 Et
988 372 1059 392 vero
1074 364 1126 400 qui
1144 364 1285 392 Basilium
1308 363 1356 390 vel
1371 362 1566 398 primoribus,
1591 364 1624 389 ut
1646 361 1765 395 dicitur,

940 407 1033 436 labris
1046 409 1214 443 attigerunt,
1230 407 1326 443 probe
1339 407 1447 439 sciunt,
1461 406 1493 434 id
1507 414 1543 434 ex
1559 406 1623 441 ejus
1639 414 1767 434 consue-

943 453 1044 481 tudine
1058 453 1173 480 dictum
1187 460 1265 480 esse:
1277 452 1365 487 cujus
1376 451 1419 479 rei
1429 450 1569 486 exempla
1580 450 1691 486 aliquot
1701 457 1768 485 pro-

943 498 1017 526 ferre
1030 497 1162 526 alienum
1173 505 1235 525 non
1245 496 1404 525 videbitur.
1418 495 1509 530 Igitur
1519 494 1671 530 psalmum
1683 503 1767 523 sexa-

943 542 1093 576 gesimum
1109 542 1241 577 primum
1257 541 1458 576 interpretans
1476 538 1611 573 Basilius,
1636 538 1678 566 sic
1697 538 1768 566 scri-

942 587 985 615 bit
1000 588 1030 622 (ί.
1047 589 1068 621 Ι,
1084 596 1114 623 p.
1131 587 1190 621 l96)
1204 595 1209 614 :
1227 585 1304 612 Εἶδον
1321 585 1422 622 ἰατροὺς
1437 584 1485 620 ἐγὼ
1497 587 1531 620 μὴ
1544 586 1667 620 πρότερον
1680 582 1768 610 διδόν.

943 643 988 663 τας
1004 634 1036 658 τὰ
1052 635 1168 668 σωτήρια
1184 632 1316 668 φάρμακα,
1333 632 1394 666 πρὶν
1419 629 1518 665 ἐμέτοις
1542 628 1704 654 ἀποκενῶσαι
1722 630 1768 657 τὴν

943 680 1078 704 νοσοποιὸν
1093 677 1167 712 ὕλην,
1184 677 1214 706 ἢν
1228 676 1255 702 ἐκ
1267 679 1380 712 πονηρὰς
1393 673 1496 705 διαίτης
1507 674 1608 705 ἑαυτοῖς
1620 675 1644 699 οἱ
1657 673 1769 700 ἀκόλασ-

943 733 983 749 τοι
999 723 1158 750 ἐναπέθεντο.
1180 722 1246 749 Vidi
1260 729 1313 755 ego
1328 721 1467 753 medicos,
1481 720 1534 755 qui
1548 727 1608 746 non
1624 719 1708 753 prius
1721 726 1768 747 sa-

945 769 1059 796 lutaria
1079 767 1296 795 medicamenta
1313 765 1483 798 tractabant,
1504 772 1594 800 quam
1612 764 1769 792 materiam

943 813 1110 841 morbidum
1123 819 1177 846 per
1192 811 1335 839 vomitum
1350 812 1555 842 evacuassent,
1565 816 1655 844 quam
1666 809 1771 836 intem-

909 871 929 898 Β
942 861 1082 892 parantes
1100 857 1150 884 illi
1169 864 1206 884 ex
1221 856 1300 884 malo
1316 855 1398 883 victu
1413 854 1470 881 sibi
1486 855 1678 888 pepererant.
1707 851 1770 880 Alio

944 903 1011 931 loco
1042 902 1084 930 sic
1109 901 1245 938 loquitur
1263 902 1295 935 (t.
1322 901 1356 931 ll,
1389 898 1421 926 in
1441 899 1505 926 Jul.
1532 898 1638 932 Mart.,
1663 905 1694 925 n.
1721 898 1768 931 4);

947 949 997 974 Καί
1015 956 1077 973 ποτε
1097 945 1165 973 εἶδον
1190 945 1239 982 ἐγὼ
1265 945 1328 982 βοῦν
1354 944 1397 970 ἐπὶ
1422 944 1519 979 φάτνης
1545 940 1701 978 δακρύοντα,
1725 944 1770 967 τοῦ

947 995 1074 1028 συννόμου
1090 991 1159 1026 αὐτ-ῳ
1174 992 1219 1016 καὶ
1238 990 1369 1025 ὁμοζύγου
1388 987 1600 1016 τελευτήσαντος.
1623 985 1771 1021 Equidem

946 1045 999 1073 ego
1010 1038 1072 1071 ipse
1087 1037 1149 1064 vidi
1164 1034 1331 1071 aliquando
1344 1033 1443 1060 bovem
1457 1033 1488 1059 in
1502 1031 1632 1066 prwsepi
1646 1031 1772 1064 illacry-

946 1085 1087 1113 montem,
1103 1084 1208 1115 pastus
1221 1079 1335 1114 acjugi
1343 1077 1421 1106 socio
1434 1079 1529 1104 morte
1543 1075 1601 1104 sibi
1605 1077 1770 1109 praerepto.

947 1129 1059 1155 Rursus
1074 1126 1103 1154 in
1117 1126 1174 1153 hac
1188 1125 1256 1160 ipsa
1274 1131 1367 1159 quam
1387 1129 1459 1149 mox
1471 1119 1559 1148 citavi
1579 1119 1715 1147 oratione
1730 1118 1773 1146 sic

948 1171 1065 1207 scripsit
1082 1169 1178 1204 (ibid.,
1193 1176 1223 1195 n.
1240 1168 1284 1202 9):
1309 1165 1377 1195 Ἤδη
1407 1164 1436 1192 δέ
1462 1174 1534 1195 τινας
1559 1162 1628 1190 εἶδον
1647 1167 1696 1189 τῶν
1717 1162 1773 1198 φιλ-

948 1215 1059 1248 ηδόνων,
1087 1213 1123 1240 δι’
1149 1212 1292 1250 ὑπερϐολὴν
1316 1210 1480 1240 ἡδυπαθείας
1505 1209 1548 1235 ἐπὶ
1576 1209 1705 1244 προφάσει
1726 1211 1773 1237 τῆς

947 1260 1030 1290 λύπης
1054 1261 1119 1296 πρὸς
1145 1256 1290 1294 κραιπάλην
1310 1258 1354 1281 καὶ
1384 1256 1463 1291 μέθην
1487 1254 1698 1290 ἐκτρεπομένους,
1728 1253 1773 1277 καὶ

947 1308 976 1332 τὸ
993 1305 1101 1334 ἀκρατὲς
1115 1303 1198 1328 αὐτῶν
1214 1301 1242 1327 ἐκ
1256 1305 1305 1327 τῶν
1319 1304 1365 1326 τοῦ
1379 1298 1539 1334 Σολομῶντος
1554 1297 1636 1333 λόγων
1650 1305 1774 1333 παραμυ-

949 1352 1050 1377 θεῖσθαι
1067 1350 1250 1385 πειρωμένους,
1274 1346 1401 1381 λέγοντος,
1427 1346 1488 1369 Δότε
1516 1343 1581 1369 οἶνον
1603 1345 1657 1373 τοῖς
1682 1351 1707 1367 εν
1731 1340 1775 1366 λυ-

947 1405 1019 1426 παις.
1042 1394 1109 1423 Νοη
1133 1393 1176 1420 ita
1198 1390 1310 1419 dudum
1328 1389 1391 1417 vidi
1411 1387 1556 1424 quosdam
1578 1385 1773 1421 voluptarios,

948 1441 1001 1476 qui
1013 1438 1169 1467 immodico
1185 1434 1353 1469 vuluptatis
1373 1440 1475 1461 amore
1492 1431 1624 1467 pellecti,
1641 1438 1698 1465 per
1711 1437 1774 1464 spe-

948 1486 1020 1514 ciem
1036 1481 1223 1518 ea‘pellendte
1239 1479 1372 1507 tristitiae
1387 1477 1428 1506 ad
1447 1477 1607 1511 crapulam
1626 1483 1688 1502 sese
1707 1481 1775 1502 con-

913 1533 932 1560 C
949 1531 1108 1561 verterent,
1121 1530 1148 1555 et
1161 1526 1201 1554 ad
1216 1525 1407 1558 ebrietatem;
1431 1529 1576 1557 suamque
1591 1521 1775 1548 conarentur

949 1581 1094 1604 excusare
1118 1569 1382 1604 intemperantiam
1405 1567 1503 1595 verbis
1523 1565 1706 1599 Salomonis,
1723 1564 1778 1599 qui

949 1621 1002 1654 ait,
1015 1630 1029 1643 α
1041 1619 1118 1646 Date
1128 1617 1230 1645 vinum
1241 1615 1276 1642 iis
1287 1614 1340 1650 qui
1349 1614 1380 1640 in
1390 1612 1514 1640 tristitia
1525 1613 1594 1638 sunt
1602 1611 1638 1637 ’5.
1646 1620 1659 1634 ››
1673 1611 1775 1637 Exem-

949 1665 1045 1701 plum,
1061 1661 1145 1699 quod
1163 1668 1232 1688 mox
1246 1658 1410 1695 proferam,
1438 1664 1456 1684 a
1481 1655 1689 1701 superioribus
1713 1661 1776 1701 non

950 1699 1079 1737 inultum
1110 1705 1237 1734 abludit.
1262 1705 1312 1732 Est
1334 1704 1436 1731 autem
1458 1699 1611 1736 ejusmodi
1636 1700 1718 1734 (tom.
1741 1700 1775 1734 Il,

950 1755 1032 1783 hom.
1047 1753 1079 1780 in
1088 1752 1160 1785 diV.,
1170 1759 1202 1786 p.
1214 1751 1274 1784 54):
1291 1745 1361 1774 Οἶδα
1371 1745 1480 1776 πολλοὺς
1493 1745 1675 1779 νηστεύοντας,
1695 1753 1777 1780 προσ-

951 1800 1118 1836 ευγομένους,
1135 1796 1316 1825 στενάζοντας,
1327 1795 1414 1818 πᾶσαν
1429 1792 1475 1819 τὴν
1491 1788 1623 1816 ἀδάπανον
1644 1787 1776 1814 εὐλάϐειαν

950 1829 1169 1879 ἐνέειικνυμένὲους,
1200 1838 1288 1865 ὀϐολὸν
1322 1835 1351 1864 δὲ
1386 1837 1429 1862 ἕνα
1463 1837 1499 1871 μὴ
1529 1835 1694 1871 προϊεμένους
1722 1836 1775 1863 τοῖς

952 1889 1119 1925 θλιϐομένοις.
1135 1885 1214 1914 Novi
1230 1891 1290 1912 non
1302 1888 1416 1917 paucos
1431 1880 1617 1925 jejunantes,
1643 1879 1775 1925 orantes,

950 1923 1184 1970 ingemiscentes.
1197 1929 1338 1964 pietatem
1361 1933 1486 1958 omnem,
1495 1931 1563 1960 qute
1572 1924 1636 1951 sine
1644 1923 1779 1970 impensa

950 1968 1086 2009 emerceri
1097 1978 1203 2012 potest,
1215 1973 1394 2006 excolentes,
1419 1973 1451 1999 at
1475 1977 1512 1997 ne
1539 1977 1632 1997 unum
1656 1968 1779 2004 quidem

951 2026 1069 2054 obolum
1088 2021 1187 2058 egenis
1207 2020 1375 2054 offerentes.
1391 2015 1506 2044 Possim
1521 2014 1552 2042 in
1566 2014 1702 2042 medium
1723 2013 1778 2041 ad<

952 2071 1062 2099 ducere
1077 2069 1106 2096 et
1116 2066 1176 2095 alia
1189 2065 1269 2096 loca,
1282 2062 1396 2099 quibus
1410 2060 1562 2088 constaret
1581 2066 1662 2092 eam,
1683 2065 1779 2094 quam

952 2115 1023 2150 dixi,
1039 2110 1185 2149 loquendi
1194 2107 1358 2138 formulam
1374 2105 1480 2150 Basilio
1492 2102 1780 2150 perquamlamilia:

952 2146 1022 2189 rem,
1035 2146 1138 2189 fuisse,
1153 2154 1217 2187 sed,
1233 2161 1271 2181 ne
1286 2151 1412 2180 taedium
1432 2149 1582 2182 aﬁ‘errem,
1602 2147 1696 2175 nolui.
1721 2146 1780 2174 Sed

953 2208 1066 2239 tamen,
1082 2202 1106 2229 si
1121 2200 1189 2237 quis
1205 2196 1356 2234 ejusmodi
1366 2193 1511 2230 exemplis
1526 2192 1780 2239 delectatum-mo-

952 2250 1032 2279 nebo
1046 2235 1153 2276 eodem
1168 2242 1290 2273 dicendi
1304 2247 1412 2276 genere
1438 2246 1530 2267 usum
1544 2245 1613 2265 esse
1638 2235 1781 2264 Basilium

952 2297 983 2324 in
995 2303 1032 2324 ea
1046 2292 1193 2323 oratione,
1208 2295 1303 2325 quam
1323 2283 1533 2314 sanctissimus
1548 2283 1633 2310 Pater
1651 2281 1683 2309 in
1706 2281 1781 2308 divi-

952 2343 997 2369 tes
1008 2338 1115 2367 habuit
1131 2337 1215 2372 (tom.
1231 2334 1264 2366 ll,
1279 2338 1349 2368 pag.
1367 2329 1411 2365 63)
1426 2337 1433 2356 :
1453 2328 1525 2356 item
1539 2327 1598 2362 legi
1623 2327 1723 2362 potest
1746 2333 1782 2372 ea

954 2385 1061 2418 oratio,
1075 2370 1144 2418 quae
1157 2377 1343 2412 inscribitur,
1367 2373 1502 2402 Humilia
1516 2372 1726 2418 exhortatoria
1741 2370 1782 2399 ad

953 2415 1095 2460 sanctum
1108 2425 1256 2460 baptisma
1269 2426 1353 2452 (tom.
1370 2421 1404 2453 ll,
1417 2425 1488 2455 pag.
1511 2417 1584 2452 t20).
1610 2415 1692 2443 Libet
1706 2423 1783 2451 quo‘

954 2459 1013 2513 que
1024 2459 1187 2508 aliquidde
1198 2467 1284 2513 tertia
1293 2461 1559 2513 lucubratiulncula
1567 2459 1720 2513 sigillatim
1731 2460 1784 2513 εξε-

954 2505 1033 2550 dere.
1043 2505 1083 2546 ln‘
1092 2524 1128 2544 ea
1142 2513 1233 2549 igitur
1245 2512 1287 2539 ita
1301 2509 1447 2544 scriptum
1461 2505 1632 2550 invenimus
1646 2506 1731 2550 (tom,
1746 2505 1782 2538 Il,

953 2549 984 2603 ᾖ.
999 2564 1082 2598 212);
1112 2561 1174 2596 Περὶ
1200 2557 1301 2592 Πατρός
1329 2555 1373 2580 καὶ
1400 2553 1462 2578 Υἱοῦ
1487 2552 1531 2576 καὶ
1563 2549 1636 2585 ἁγίου
1666 2549 1783 2603 unus?

955 2590 997 2641 ξος
1013 2590 1197 2646 μὴισυζητεῖν,
1221 2601 1287 2627 ἀλλὰ
1305 2599 1427 2625 ἀχτιστον
1450 2597 1494 2622 καὶ
1517 2594 1656 2630 ὁμοούσιον
1679 2590 1784 2628 Τριάδα

955 2639 1020 2693 μετὰ
1049 2651 1198 2689 παρρησίας
1220 2646 1301 2682 λέγειν
1325 2645 1370 2669 καὶ
1396 2643 1505 2678 φρονεῖν,
1536 2639 1580 2664 καὶ
1609 2640 1664 2668 τοῖς
1690 2639 1784 2672 ἐπερω-

1231 2690 1240 2693 ‘
1305 2691 1326 2693 "‘
1364 2688 1374 2693 ἰ
1443 2683 1455 2693 ᾗ
1469 2687 1479 2693 αι
1531 2684 1536 2689 σ
1596 2692 1622 2693 77
1637 2681 1671 2693 _7‘
1681 2681 1781 2693 V'p-‘V-H‘

955 2681 1021 2728 1i'rbc’t
1045 2681 1136 2734 λέσίείν,
1157 2695 1197 2720 ὅτι
1225 2688 1404 2728 βαπτίζεσθαι
1437 2683 1489 2721 δεῖ,
1524 2684 1558 2715 ὡς
1592 2681 1781 2720 παρελάϐομεν-
