2020 3140
248 130 281 156 71

1008 127 1201 157 ΡΒιΕῐίἊΤΙΟ.

1913 132 1942 158 '72

247 192 378 217 πιστεύειν
395 190 434 226 δὲ,
451 192 485 221 ὡς
502 190 711 227 βεϐαπτίσμεθα·
734 189 853 222 δοξάζειν
869 190 911 224 δὲ,
933 192 967 222 ὡς
986 201 1068 217 mina

1133 191 1263 219 editione
1275 190 1433 219 Parisiensi
1454 191 1590 218 mutatus
1604 190 1651 218 sit.
1671 189 1793 218 Photius
1805 191 1880 218 enim
1891 192 1942 219 tra-

247 237 381 272 τεύχαμεν-
397 237 441 264 De
453 237 547 264 Patre
561 239 589 263 et
603 236 683 264 Filio
705 239 732 264 et
747 237 867 270 Spiritu
886 239 990 264 sancto
1016 244 1077 264 non

248 283 365 315 oportet
380 281 558 314 disceptare,
578 281 629 308 sed
652 281 828 308 Trinitatem
857 282 1024 309 increatam
1049 283 1077 308 et

247 326 533 354 consubstantialem
549 326 641 353 libere
652 326 791 360 proﬁteri
807 329 833 353 et
844 327 965 359 sentire,
986 328 1078 361 atque

244 371 506 405 percontatoribus
519 370 634 398 dicere:
652 371 775 404 Oportet
789 379 842 398 nos
855 371 1008 406 baptizari
1020 372 1074 403 ita,

247 418 279 442 ut
291 416 437 443 traditum
448 415 632 449 accepimus;
648 415 768 443 credere
778 418 876 443 autem
887 416 965 443 sicut
980 415 1076 450 bapti-

245 460 307 487 zati
315 467 433 494 sumus;
443 459 617 494 gloriﬁcare
627 467 706 491 vero,
716 460 967 495 quemadmodum
979 461 1077 489 credi-

246 505 353 532 dimus.
367 505 504 536 Quaaram
513 503 626 539 jam,in
639 511 730 539 quem
741 504 806 532 haec
817 504 956 532 doctrina
966 504 1075 532 melius

246 549 415 582 conveniat,
427 557 521 584 quam
531 549 561 576 in
574 549 716 576 Basilium
727 550 879 583 Magnum,
891 549 944 584 qui
954 549 1075 577 Trinita-

246 595 306 621 tem
317 592 606 621 consubstantialem
617 600 682 620 esse
694 600 812 628 semper
819 593 1075 621 etcrediditetdo-

245 638 315 665 cuit.
328 639 532 672 Praetereaque
547 637 674 664 Basilius
686 637 788 664 statim
798 637 829 664 in
845 637 904 665 alio
914 637 1016 665 libello
1027 645 1075 666 as-

244 682 339 710 cetico
348 684 430 711 (tom.
443 682 476 716 ll,
490 689 561 717 pag.
571 683 635 716 228)
648 688 709 708 non
724 681 810 709 aliter
819 681 939 709 locutus
951 684 1005 715 est,
1018 681 1075 709 nisi

244 726 328 763 quod
338 726 585 762 compendiosius
596 725 724 761 scripsit,
735 726 792 753 hoc
806 726 910 757 modo,
927 727 995 752 οὓτω
1015 736 1075 763 φρο,

243 775 344 807 νοῦμεν,
357 773 401 796 καὶ
409 770 475 796 οὑτω
485 769 647 806 βαπτίζομω
653 769 797 807 εὶςΤριάδα
803 771 952 806 ὀμοούσιον,
962 772 1004 799 sic
1012 778 1074 799 sen-

245 817 345 849 timus,
359 816 459 851 sicque
476 815 662 849 baptizamus
673 815 704 842 in
716 815 865 843 Trinitate
882 815 1075 844 consubstan-

245 861 368 888 tiali.At
381 862 459 887 certe
474 867 509 887 ex
523 859 569 887 his
584 862 666 886 certo
686 859 784 893 colligi
808 862 917 895 potest,
939 867 1001 887 non
1022 868 1073 887 au-

244 905 393 932 diendum
405 912 469 931 esse
491 903 666 937 Scultetum,
681 904 734 939 qui
747 904 876 932 ascetica
892 904 997 932 omnia
1019 905 1074 932 Eu-

242 948 352 976 stathio
363 947 514 983 ascripsit.
526 949 599 975 Nam
606 947 747 974 credibile
753 955 814 974 non
823 949 867 975 est
875 948 1072 984 Eustathium,

243 993 296 1028 qui
305 991 587 1019 Macedonianorum
598 991 687 1027 quasi
699 991 916 1026 antesignanus
926 994 1000 1027 erat,
1008 992 1072 1020 bre-

242 1044 295 1064 ves
308 1036 384 1070 illas,
397 1044 476 1072 quas
498 1035 596 1070 retuli,
612 1035 683 1063 ﬁdei
698 1036 902 1071 professiones
917 1036 1068 1064 emisisse.

241 1082 358 1109 Etenim
367 1083 483 1109 tantum
493 1080 609 1113 aberat,
618 1082 651 1107 ut
659 1080 866 1108 Macedoniani
874 1081 1072 1109 consubstan-
1096 1091 1099 1094 ⁴

241 1126 342 1154 tialem
353 1125 485 1153 dicerent
497 1125 639 1160 Spiritum
651 1128 800 1160 sanctum,
814 1128 847 1152 ut
857 1126 948 1153 etiam
959 1125 990 1153 in
1001 1134 1071 1154 eum

240 1169 438 1205 verbaimpia
448 1171 632 1197 evomerent.
654 1169 703 1197 Hic
723 1172 824 1197 autem
845 1170 940 1205 quaeri
960 1172 1069 1205 potest,

240 1217 343 1242 utrum
354 1214 471 1250 scripta:
483 1213 593 1241 fuerint
604 1214 650 1241 hae
660 1213 941 1249 lucubratiunculas,
952 1222 991 1242 an
1002 1223 1070 1250 pro-

240 1259 396 1287 nuntiatce.
413 1260 487 1286 Nam
501 1258 657 1294 utriusque
671 1259 789 1293 generis
807 1259 942 1287 instituta
960 1267 1069 1287 mona-

240 1304 304 1332 chis
313 1303 474 1331 tradidisse
484 1303 639 1337 Basilium,
658 1303 796 1339 superius
811 1311 849 1331 ex
859 1304 1000 1338 Gregorio
1016 1305 1070 1332 Na-

237 1349 380 1377 zianzeno
393 1348 574 1376 audivimus.
584 1349 644 1382 Ego
655 1354 755 1375 autem
767 1349 907 1376 recitatas
917 1348 1013 1376 fuisse
1024 1356 1070 1376 ar-

238 1393 345 1426 bitror,
356 1401 411 1420 nec
422 1392 517 1427 aliter,
529 1392 588 1420 nisi
603 1392 690 1420 valde
702 1392 800 1426 fallor,
809 1392 1003 1427 judicabunt,
1017 1401 1069 1430 qui

238 1439 322 1474 ipsas
332 1437 424 1474 paulo
435 1437 576 1465 attentius
584 1436 720 1471 legerint.
733 1438 833 1472 Neque
844 1445 914 1465 vero
925 1438 1069 1465 monachi

239 1483 297 1511 soli
320 1483 367 1510 his
391 1481 652 1510 exhortationibus
678 1482 815 1515 aderant,
845 1481 899 1509 sed
928 1482 1069 1510 mulieres

238 1530 330 1557 etiam
346 1528 465 1564 aliquas
475 1527 1066 1563 interfuisseprobabilissimumvidetur.

238 1573 323 1606 Quod
338 1574 421 1601 enim
435 1572 562 1600 Basilius
574 1572 616 1600 ait
629 1572 660 1599 in
672 1572 772 1608 prima
790 1571 1066 1606 lucubratiuncula,

238 1619 403 1646 orationem
415 1626 473 1645 non
483 1617 523 1645 ad
532 1617 609 1645 solos
616 1618 695 1645 viros
702 1620 847 1651 spectare,
855 1625 921 1645 cum
928 1618 1067 1646 mulieres

238 1666 265 1691 et
275 1664 348 1697 ipsce
354 1669 470 1698 quoque
478 1662 560 1696 apud
567 1661 721 1690 Christum
728 1662 869 1695 militent,
877 1662 908 1689 id
916 1661 955 1689 ad
965 1662 1068 1690 mulie-

237 1715 285 1735 res
296 1707 456 1743 quasdam,
469 1714 536 1742 quae
553 1706 704 1740 adessent,
717 1706 818 1733 referri
833 1714 924 1742 pOsse
946 1714 1065 1734 censeo.

236 1753 299 1780 lmo
314 1751 446 1779 dubitari
454 1751 503 1778 vix
513 1753 621 1787 potest,
633 1750 706 1786 quin
713 1750 855 1778 adessent
862 1758 985 1786 quoque
992 1758 1068 1779 non-

235 1795 320 1828 nulli,
331 1796 385 1831 qui
395 1795 588 1824 matrimonio
597 1797 807 1831 jungerentur,
815 1803 884 1823 cum
892 1796 922 1823 in
932 1795 1066 1823 secundo

235 1841 384 1878 opusculo
400 1841 441 1870 ita
454 1841 599 1877 scriptum
619 1841 657 1868 sit
669 1840 711 1872 (n.
727 1842 754 1875 2,
771 1847 801 1876 p.
823 1842 899 1876 203):
921 1843 963 1869 Μὴ
980 1843 1065 1866 τοίνυν

235 1886 375 1922 ἀνατρέψῃς,
394 1885 413 1911 ὦ
426 1886 511 1919 οὗτος,
532 1886 544 1910 ὀ
563 1887 628 1922 πρὸς
652 1887 786 1911 κοινωνίαν
811 1887 932 1920 γυναικὸς
954 1895 1066 1922 προτρη-

235 1933 319 1967 μένος,
332 1932 366 1961 ὡς
386 1930 425 1956 ἐπ’
446 1930 566 1961 ἐξουσίας
588 1931 657 1965 ἔχων
677 1931 720 1955 τὸν
744 1933 843 1967 κόσμον
867 1930 1062 1967 περιϐαλέσθαν

233 1976 355 2002 πλειόνων
382 1977 428 2012 κάρ
454 1985 495 2001 σοι
514 1978 597 2002 πόνων
619 1977 663 2001 καὶ
687 1975 803 2011 φυλακῆς
823 1978 904 2012 χρεία
925 1977 989 2012 πρὸς
1015 1977 1063 2003 τὴν

233 2026 281 2052 τῆς
297 2023 428 2058 σωτηρίας
443 2020 596 2057 ἐπιτυχίαν.
615 2021 660 2049 Ne
679 2022 775 2056 igitur
787 2022 868 2050 deses
883 2022 1019 2055 exsistas,
1046 2028 1062 2048 ο

234 2070 266 2094 tu
281 2067 334 2102 qui
346 2067 462 2101 elegisti
477 2067 583 2094 uxoris
601 2066 779 2098 societatem,
801 2067 889 2102 quasi
915 2067 1061 2095 mundum

233 2112 376 2146 amplecti
401 2119 490 2146 penes
516 2115 544 2140 te
566 2112 621 2140 sit:
646 2119 717 2140 nam
742 2112 884 2146 pluribus
908 2112 1060 2140 laboribus

231 2160 260 2184 et
273 2157 409 2185 custodia
424 2164 541 2192 majore
556 2157 612 2185 tibi
625 2164 699 2192 opus
714 2159 758 2185 est
773 2157 813 2185 ad
829 2157 1060 2186 obtinenendam

233 2201 372 2229 salutem.

231 2247 245 2280 §
259 2247 302 2274 XI.
319 2247 395 2274 Pars
407 2246 551 2278 secunda,
565 2246 601 2274 de
616 2249 738 2274 auctore
751 2246 923 2275 libellorum
935 2248 974 2275 De
981 2247 1061 2282 judi-

267 2291 313 2318 cio
331 2290 381 2318 Dei
396 2293 423 2318 et
437 2292 477 2318 De
501 2290 572 2324 ﬁde,
597 2291 726 2326 itemque
748 2291 785 2318 de
808 2291 962 2319 Moralium
985 2293 1059 2320 scri-

263 2338 363 2369 ptore.

266 2381 309 2407 30.
327 2379 429 2407 Prtevii
443 2379 485 2407 illi
500 2381 657 2414 tractatus,
673 2379 711 2407 de
725 2379 838 2416 quibus
854 2388 935 2408 nunc
955 2380 1059 2417 dispu-

229 2423 373 2458 tavimus,
393 2424 514 2460 proprie
529 2424 568 2452 ad
582 2424 715 2452 Ascetica
736 2432 798 2452 non
813 2425 979 2460 pertinent:
1005 2425 1058 2453 sed

230 2469 307 2496 duos
328 2467 458 2501 libellos,
481 2476 614 2504 quorum
639 2469 670 2496 in
698 2476 760 2497 uno
788 2468 993 2497 disserebatur
1014 2471 1059 2498 De

224 2513 343 2548 judicio
358 2513 422 2547 Dei,
442 2513 472 2540 in
488 2512 581 2541 altero
603 2513 647 2540 De
664 2513 734 2547 ﬁde,
759 2513 799 2541 ad
822 2521 858 2541 ea
878 2514 1058 2549 pertinuisse

228 2557 575 2594 docetlocupletissimus
583 2559 688 2586 auctor
698 2558 879 2594 Pbotius(a).
890 2558 947 2586 Sed
958 2559 1058 2587 nescio

228 2601 384 2637 quomodo
398 2602 534 2637 contigit,
548 2603 581 2630 ut
591 2602 702 2630 horum
715 2605 900 2632 tractatuum
924 2604 1001 2632 ordo
1026 2603 1058 2632 in

282 2691 307 2709 ¹⁶
327 2691 412 2720 Rom.
428 2699 470 2728 v1,
487 2693 531 2721 16.

281 2781 323 2818 (a)
341 2781 413 2811 Cod.
426 2790 487 2818 nx,
503 2790 574 2819 pag.
589 2779 669 2814 403.⁸

1077 2177 1099 2204 D

1132 236 1250 264 diderat
1264 236 1342 263 duos
1358 235 1414 263 hos
1433 234 1551 263 libellos
1566 242 1623 262 sua
1636 236 1722 263 aetate
1740 234 1781 262 ita
1796 234 1943 271 dispositos

1132 280 1235 311 fuisse,
1257 282 1287 308 ut
1302 279 1419 308 libellus
1435 281 1478 307 De
1494 279 1614 314 judicio
1632 280 1689 307 Dei
1703 279 1890 315 praecederet,
1905 288 1943 308 se-

1131 328 1273 362 queretur
1286 333 1358 353 vero
1373 325 1492 353 libellus
1507 325 1550 353 De
1563 324 1618 359 ﬁde
1627 331 1640 360 ,'
1661 333 1730 352 cum
1750 327 1850 352 tamen
1862 324 1890 352 in
1903 333 1943 357 ea,

1131 378 1225 406 quam
1246 370 1318 405 dixi,
1335 370 1465 398 editione
1484 372 1628 398 tractatus
1647 370 1692 397 De
1717 369 1776 404 ﬁde
1796 370 1943 405 praecedat,

1131 417 1275 443 tractatus
1291 423 1360 443 vero
1377 415 1421 443 De
1434 415 1552 449 judicio
1573 415 1629 442 Dei
1648 414 1861 450 subsequatur.
1885 414 1944 450 Ejus

1130 462 1232 487 autem
1247 460 1288 487 rei
1302 467 1426 487 causam
1441 467 1503 487 non
1519 459 1611 487 aliam
1626 466 1694 486 esse
1706 461 1791 494 puto,
1806 459 1863 486 nisi
1873 459 1944 495 quod

1131 504 1315 540 typographi
1331 504 1414 531 aliud
1430 503 1608 538 cogitantes,
1624 511 1728 531 verum
1747 505 1776 531 et
1799 503 1943 539 antiquum

1130 548 1268 576 ordinem
1280 549 1398 576 incaute
1407 548 1616 584 permutarint.
1629 549 1703 576 Nam
1714 550 1745 575 ut
1756 548 1849 575 Photii
1860 550 1943 582 zetate,

1129 592 1171 620 ita.
1190 592 1342 628 hodieque
1355 595 1384 620 et
1398 593 1429 620 in
1447 594 1556 621 Veneta
1571 592 1702 620 editione
1716 595 1744 620 et
1759 592 1790 620 in
1806 592 1944 620 veteribus

1129 636 1212 664 libris
1224 637 1341 673 primus
1356 640 1400 665 est
1413 637 1530 665 libellus
1540 638 1584 665 De
1592 637 1711 672 judicio
1727 637 1791 670 Dei,
1804 637 1944 665 secundus

1129 690 1201 710 vero
1211 682 1330 710 libellus
1344 684 1388 711 De
1408 683 1478 717 ﬁde.
1495 683 1566 715 Quis
1581 685 1683 711 autem
1699 683 1809 710 horum
1827 690 1944 718 opuscu-

1128 726 1228 755 lorum
1239 729 1343 755 auctor
1356 728 1401 763 sit,
1414 727 1501 755 facile
1510 727 1669 763 judicabit,
1682 727 1736 763 qui
1749 735 1786 755 ea
1800 727 1945 762 diligenter

1128 770 1227 805 legere
1250 771 1339 799 volet.
1355 773 1473 803 Auctor,
1497 771 1669 807 quicunque
1689 771 1739 799 ille
1760 771 1825 805 fuit,
1847 771 1895 807 qui
1916 779 1945 799 ea

1129 815 1318 851 conscripsit,
1331 824 1434 844 sacras
1448 816 1560 844 litteras
1576 818 1639 844 tam
1653 816 1727 844 Novi
1741 823 1836 852 quam
1847 816 1945 843 Veteris

1093 867 1113 893 Β
1128 861 1308 888 Testamenti
1316 861 1429 897 optime
1436 862 1571 895 noverat,
1584 860 1839 896 eisqueindustrie
1849 861 1943 888 utitur:

1128 907 1192 932 erat
1205 905 1315 938 linguae
1332 906 1441 933 Graecae
1456 905 1673 941 peritissimus:
1693 905 1724 933 in
1740 905 1806 940 ejus
1822 905 1945 932 oratione

1127 949 1217 977 enitet
1232 950 1364 984 ubertas,
1377 950 1518 983 varietas,
1530 950 1634 986 copia:
1647 951 1677 977 in
1688 949 1828 978 doctrina
1837 957 1944 977 morum

1126 996 1190 1022 erat
1203 1002 1335 1027 severus,
1353 995 1405 1022 sed
1419 995 1461 1023 sic
1476 997 1589 1029 tamen,
1603 997 1636 1022 ut
1650 994 1799 1029 Evangelii
1817 994 1945 1022 severita-

1127 1041 1187 1066 tem
1201 1047 1263 1067 non
1283 1039 1453 1067 excederet:
1476 1039 1550 1067 nihil
1564 1039 1693 1076 denique
1708 1039 1786 1067 inest
1807 1047 1901 1075 neque
1919 1038 1945 1066 in

1125 1083 1235 1118 verbis,
1248 1091 1346 1119 neque
1357 1084 1386 1111 in
1399 1085 1565 1120 sententiis,
1577 1084 1663 1120 quod
1673 1083 1835 1119 indignum
1847 1083 1945 1111 sitviro

1125 1130 1154 1155 et
1165 1128 1254 1156 docto
1263 1131 1291 1156 et
1299 1129 1394 1164 probo
1405 1137 1411 1156 :
1426 1137 1494 1165 qua:
1506 1129 1611 1157 omnia
1621 1137 1677 1157 nos
1688 1129 1854 1162 adducunt,
1862 1130 1891 1156 ut
1901 1129 1945 1155 Ba.-

1125 1172 1225 1200 siliunt
1236 1173 1344 1200 horum
1357 1173 1529 1201 libellorum
1539 1181 1644 1201 verum
1655 1175 1813 1210 parentem
1822 1181 1884 1200 esse
1893 1180 1944 1200 cre-

1124 1217 1243 1244 damus.
1258 1217 1377 1245 Accedit
1389 1218 1490 1250 etiam,
1502 1218 1585 1254 quod
1599 1218 1629 1246 in
1642 1218 1689 1245 his
1704 1217 1860 1254 opusculis
1870 1217 1944 1244 inve~

1124 1261 1245 1289 niantur
1254 1261 1397 1298 quaedam
1411 1262 1530 1290 dicendi
1542 1262 1691 1297 formulae,
1702 1262 1813 1298 quibus
1828 1261 1944 1289 Basilius

1123 1305 1154 1333 in
1168 1306 1232 1333 aliis
1243 1305 1305 1333 suis
1315 1306 1592 1342 operibuslibenter
1604 1307 1704 1334 utitur.
1716 1306 1852 1342 Exempli
1862 1313 1944 1333 causa

1123 1349 1164 1378 ita
1173 1350 1281 1385 legitur
1291 1350 1321 1378 in
1331 1350 1431 1379 libello
1448 1352 1489 1379 De
1496 1351 1615 1385 judicio
1626 1352 1681 1379 Dei
1690 1354 1770 1387 (pag.
1787 1351 1851 1387 214)
1864 1359 1870 1378 :
1886 1350 1943 1385 Ἐγὼ

1125 1392 1153 1420 δὲ
1162 1393 1231 1420 εἶδόν
1244 1405 1306 1421 ποτε
1321 1397 1365 1421 καὶ
1381 1395 1510 1432 μελισσῶν
1523 1395 1622 1426 πλῆθος
1635 1398 1705 1431 νόμῳ
1722 1397 1822 1431 φύσεως
1838 1404 1942 1431 στρατη-

1122 1440 1255 1475 γούμενον,
1271 1442 1314 1465 καὶ
1328 1439 1535 1466 χατακολουθοῡν
1551 1440 1679 1471 εὐτάκτως
1695 1438 1754 1475 ἰδίῳ
1771 1438 1884 1476 βασιλεῖ’
1899 1441 1942 1465 Καὶ

1088 1501 1107 1528 C
1122 1483 1206 1509 πολλᾶ
1214 1486 1259 1520 μὲν
1274 1484 1323 1520 ἐγὼ
1340 1489 1449 1510 τοιαῦτα
1457 1483 1536 1517 εἶδον,
1552 1484 1633 1511 πολλὰ
1645 1483 1675 1510 δὲ
1690 1486 1801 1513 ἤκουσα.
1825 1484 1890 1511 Vidi
1897 1491 1943 1511 au-

1123 1531 1179 1556 tem
1195 1530 1362 1564 aliquando
1373 1538 1425 1565 ego
1433 1531 1495 1564 ipse
1505 1537 1596 1564 apum
1605 1532 1736 1557 turmam
1749 1530 1813 1564 lege
1821 1529 1942 1564 quadam

1122 1575 1263 1602 naturali
1274 1575 1464 1608 conductam,
1487 1582 1634 1610 suumque
1654 1582 1752 1609 regem
1772 1577 1890 1602 servato
1902 1581 1943 1601 or-

1122 1618 1191 1646 dine
1205 1622 1384 1654 sequentem.
1409 1619 1448 1646 Et
1464 1620 1563 1648 multa
1574 1619 1693 1654 quidem
1708 1619 1785 1647 talia
1805 1627 1858 1654 ego
1884 1625 1944 1646 con-

1121 1663 1216 1697 spexi,
1231 1664 1387 1699 multaque
1398 1664 1518 1692 audivi:
1529 1672 1590 1700 quo
1605 1663 1725 1691 dicendi
1736 1671 1845 1698 genere
1855 1663 1884 1690 in
1894 1662 1944 1698 pri-

1121 1707 1179 1734 mis
1199 1707 1379 1735 delectatum
1403 1708 1493 1736 fuisse
1512 1707 1655 1735 Basilium
1673 1707 1832 1736 manifeste
1851 1709 1943 1735 osten-

1121 1751 1196 1780 dunt
1209 1760 1244 1780 ea
1254 1760 1322 1788 quin
1334 1752 1490 1789 aliquanto
1500 1755 1570 1781 ante
1580 1753 1736 1780 retulimus
1747 1752 1887 1788 exempla
1897 1751 1942 1787 (b).

1121 1796 1176 1825 Ubi
1190 1798 1287 1826 notari
1297 1799 1404 1834 potest,
1422 1798 1597 1834 scriptorem
1612 1797 1784 1826 testimonia
1795 1797 1897 1833 aliqua
1907 1796 1943 1824 ita

1120 1850 1136 1869 e
1151 1842 1310 1878 Scripturis
1326 1842 1470 1878 proferre,
1483 1844 1518 1869 ut
1536 1842 1687 1870 interdum
1703 1841 1743 1870 ad
1762 1841 1942 1870 movendum

1118 1885 1260 1914 lectorem
1271 1886 1413 1915 adverbia
1422 1886 1564 1923 quaedam
1574 1886 1622 1922 adj
1628 1889 1729 1922 ungat.
1742 1886 1808 1918 Sed,
1817 1894 1877 1923 quo
1887 1892 1942 1913 me-

1118 1931 1176 1959 lius
1197 1932 1262 1959 haec
1276 1932 1488 1967 intelligantur,
1510 1931 1680 1960 audiendus
1693 1934 1737 1959 est
1751 1934 1857 1960 auctor
1871 1931 1940 1968 ipse.

1119 1976 1161 2004 lta
1176 1976 1264 2011 igitur
1277 1976 1411 2012 loquitur
1421 1976 1522 2004 libello
1533 1976 1694 2011 Dejudicio
1705 1977 1760 2004 Dei
1770 1976 1853 2012 (pag.
1867 1977 1940 2007 216):

1117 2020 1213 2050 Ἀπλῆς
1229 2019 1258 2046 δὲ
1275 2019 1391 2052 διανοίας
1414 2022 1480 2057 μετὰ
1504 2020 1655 2058 παῤῥησίας
1681 2021 1770 2054 εἰπεῖν,
1796 2022 1837 2047 ὅτι
1859 2021 1944 2058 κρατεῖ

1117 2065 1171 2091 ἐκεῖ
1183 2067 1227 2091 καὶ
1247 2064 1381 2102 gadiis-ist
1397 2067 1426 2091 τὸ
1451 2070 1498 2097 τῆς
1526 2068 1622 2102 σαρκὸς
1645 2068 1773 2102 φρόνημα,
1804 2067 1871 2092 κατά
1898 2067 1942 2094 τὴν

1115 2114 1162 2136 τοῦ
1189 2109 1350 2136 Ἀποστόλου
1379 2113 1473 2146 φωνὴν,
1508 2110 1624 2146 λέγοντος
1648 2111 1693 2146 μὲν
1732 2111 1880 2148 ὁρκιτικώς²
1905 2110 1941 2136 ὅτι

1115 2157 1149 2190 ᾬ.
1172 2156 1343 2191 παριστάνετε
1373 2155 1480 2186 ἑαυτοὺς
1508 2153 1618 2186 δούλους
1650 2155 1686 2186 εὶς
1719 2156 1850 2191 ὑπακοὴν)
1881 2154 1940 2181 δοῦ-

1114 2199 1155 2226 λοί
1184 2200 1242 2226 ἐστε
1271 2200 1291 2235 ᾧ
1315 2200 1468 2235 ὑπακούετε,
1500 2198 1643 2231 διεξιόντος
1673 2204 1761 2237 σαφῶς
1787 2204 1833 2227 τοῦ
1860 2200 1941 2226 τοιού-

1114 2255 1159 2271 του
1175 2248 1334 2282 φρονήματος
1359 2247 1392 2272 τὰ
1420 2244 1597 2281 ἰδιώματα....
1625 2244 1799 2277 ὃιδάοκιοντος
1830 2244 1860 2272 δὲ
1889 2245 1940 2281 ἅμα

1113 2289 1293 2326 ἀποφαντικὼς
1313 2292 1342 2316 τό
1358 2300 1385 2316 τε
1411 2290 1526 2326 χαλεπὸν
1550 2291 1634 2317 αὐτῶν
1653 2295 1700 2322 τῆς
1732 2290 1871 2324 ἐκϐάσεως,
1897 2292 1938 2316 καὶ

1113 2337 1141 2361 τὸ
1157 2335 1327 2365 ἀκοινώνητον
1353 2337 1417 2372 πρὸς
1439 2335 1594 2364 θεοσέϐειαν.
1619 2336 1679 2364 Sed
1700 2337 1826 2371 ingen'ui
1847 2334 1941 2364 animi

1111 2381 1206 2415 fuerit
1220 2381 1350 2415 ﬁdenter
1369 2381 1536 2416 afﬁrmare,
1564 2382 1629 2409 illic
1650 2382 1804 2410 dominari
1829 2389 1865 2409 ac
1897 2387 1937 2408 re-

1111 2433 1207 2461 gnare
1218 2426 1320 2453 carnis
1340 2425 1490 2461 aﬂectum,
1507 2427 1602 2460 juxta
1625 2426 1704 2454 hanc
1731 2426 1873 2460 Apostoli
1894 2432 1938 2453 vo-

1112 2477 1184 2504 cem,
1201 2470 1253 2505 qui
1265 2471 1307 2498 ait
1321 2470 1440 2505 quidem
1455 2471 1540 2498 modo
1555 2471 1730 2504 decretorio,
1758 2481 1772 2495 ‹‹
1789 2471 1849 2499 Cui
1859 2469 1938 2498 exhi-

1113 2515 1185 2543 betis
1200 2522 1249 2543 vos
1267 2523 1366 2543 servos
1382 2515 1422 2543 ad
1446 2515 1652 2549 obedientium,
1673 2516 1752 2543 servi
1771 2516 1838 2543 estis
1864 2516 1936 2549 ejus,

1112 2560 1160 2588 cui
1174 2559 1344 2596 obeditis”,
1358 2571 1371 2584 ››
1398 2561 1527 2588 recenset
1547 2567 1616 2588 vero
1632 2560 1792 2595 perspicue
1815 2560 1938 2594 hujusce

1111 2605 1237 2639 aﬂ’ectus
1248 2604 1498 2640 proprietates....
1515 2605 1661 2640 simulque
1674 2605 1782 2633 horum
1798 2604 1937 2632 vitiorum

1162 2783 1199 2825 (ὸ)
1221 2783 1298 2824 Lego
1311 2796 1343 2818 n.
1359 2784 1405 2818 29.
