2020 3140
74 144 103 170 73
811 138 1002 166 PREFATIO.
1722 145 1758 172 74

72 204 170 231 exitum
189 208 307 236 gravem
330 208 400 234 esse,
427 200 564 236 nihilque
587 200 658 235 ipsi:
677 207 744 227 cum
765 199 878 233 pietate
891 201 914 228 A
930 199 1135 229 Tillemontius
1148 201 1200 236 (ὁ),
1213 200 1339 230 ﬁdenter
1348 203 1561 239 pronuntiavit,
1573 203 1631 232 tale
1643 204 1759 241 aliquid

72 253 208 276 commune
219 253 277 274 esse
287 248 495 273 asseveranter
505 245 600 272 docet.
617 243 727 272 Eodem
738 244 876 287 pertinet,

70 291 140 328 quod
154 290 295 326 scripturn
310 289 459 317 invenitur
478 289 509 316 in
524 291 652 316 tractatu
667 289 709 316 De
722 288 781 323 ﬁde
796 288 876 324 (pag.

71 337 138 369 2‘24):
165 338 211 361 Καὶ
230 338 274 360 τοῦ
296 334 454 361 Ἀποστολου
474 334 500 359 ἐν
524 331 700 369 ὑποδείγματι
726 331 877 370 ἀνθρωπίνῳ

70 379 227 418 σφοδρότερον
241 379 445 417 ἀπαγορεύοντος
459 381 488 405 τὸ
499 380 661 416 προσθεῖναι,
676 379 690 407 ᾖ
708 378 805 414 ὑφελεῖν
818 388 844 404 τι
855 377 878 404 ἐν

70 429 118 456 ταῖς
132 426 304 455 Θεοπλεὺστοις
318 428 440 462 Γραφαῖς.
459 424 592 459 Cumque
607 424 779 458 Apostolus,
800 430 879 450 sum-

68 474 111 506 pto
123 478 157 498 er
175 470 343 498 hominibus
365 469 513 504 exempto,
536 469 694 504 quidpiam
712 468 744 496 in
768 468 880 496 divinis

68 515 221 550 Scripturis
235 514 356 550 addere,
370 517 423 542 aut
437 514 554 542 demere
569 513 771 541 vehementius
793 515 878 545 vetet,

68 562 162 588 Notata
179 568 302 596 quoque
320 559 445 594 dignam
466 566 574 587 censeo
589 558 671 586 illam
681 558 880 593 genitivorum

68 605 161 632 seriem
179 604 285 639 (ibid.),
309 604 426 639 λέγοντος
448 606 506 640 μὲν.
518 625 523 631 .
536 625 541 631 .
554 626 559 631 .
572 625 577 631 .
604 602 744 634 διεξιόντος
761 601 803 631 δὲ,
816 625 821 631 ,
834 625 839 631 ,
852 624 857 630 .
869 624 875 630 .

69 648 236 681 διδάσκοντος,
266 647 364 677 δὶα..
394 649 450 675 εἶτα
474 648 554 674 αὐτοῦ
574 652 619 674 τοῦ
642 651 794 684 μονογενοῦς
820 648 881 674 Υἰοῡ

68 699 106 721 τοῦ
118 699 179 721 Θεοῦ
205 698 251 720 τοῦ
275 697 372 732 Κυρίου
397 697 442 720 καὶ
462 698 528 720 Θεοῦ
550 695 622 730 ἡμῶν
652 694 738 723 Ἰησοῦ
763 697 880 731 Χριστοῦ

69 739 176 775 βοῶντος·
197 747 266 775 quae
286 739 396 767 idcirco
418 740 522 767 notata
538 738 628 773 volui,
649 737 732 774 quod
756 738 881 766 Basilius

67 784 101 812 ita
113 784 140 812 in
155 784 214 812 suis
230 783 372 812 Asceticis
386 783 469 820 loqui
482 783 584 811 soleat.
608 784 682 811 Nam
698 791 771 810 usus
788 785 815 811 et
827 782 880 810 ho-

67 837 124 856 rum
158 828 384 863 adverbiorum,
419 829 568 866 ὁριστικῶς,
600 827 789 864 ἀποφαντικῶς,
817 837 881 863 σφο-

67 871 185 911 δρότερον,
200 876 228 901 et
239 874 351 901 horum
363 873 575 908 gen‘itivorum,
586 872 713 908 λέγοντος,
729 870 880 906 διεξιόντος,

68 916 236 950 ὃιδάσκοντος,
255 917 381 954 βοῶντος,
397 918 438 945 ita
452 917 483 944 in
498 917 617 952 Regulis
631 917 771 953 frequens
784 919 836 952 est,
850 919 883 944 ut

67 962 122 997 ejus
135 963 173 991 rei
188 962 309 999 passim
325 961 464 998 exempla
478 963 647 989 occurrant.
664 961 881 997 Praetereaque,

67 1014 126 1034 cum
139 1008 263 1044 scriptor
278 1006 502 1042 integerrimam
523 1006 752 1042 persuasionem
769 1005 882 1040 signiﬁ-

66 1059 124 1079 care
133 1051 225 1083 vellet,
238 1052 339 1080 sexies
355 1051 385 1078 in
398 1051 444 1079 his
451 1050 557 1079 libellis
568 1050 694 1078 vocibus
710 1050 882 1088 πληροφορεῖ-

67 1096 121 1122 σθαι
131 1099 156 1124 et
170 1096 335 1133 πληροφορία
347 1103 418 1123 usus
432 1097 485 1128 est,
501 1095 548 1122 bis
563 1095 594 1122 in
607 1094 716 1131 primo,
733 1097 840 1130 quater
851 1094 882 1122 in

65 1140 161 1169 altero:
185 1149 253 1177 quae
275 1141 349 1176 ipsae
370 1147 460 1168 voces
476 1139 516 1168 ad
539 1140 619 1167 idem
647 1139 882 1174 significandum

65 1185 166 1220 passim
178 1186 208 1213 in
224 1185 346 1220 Regulis
361 1186 554 1221 usurpentur.
568 1183 880 1219 CumigiturBasilius,

65 1232 93 1258 ut
114 1239 181 1258 mox
200 1230 403 1267 probabimus
422 1230 471 1265 (a),
500 1231 604 1257 auctor
629 1229 665 1256 sit
689 1228 880 1264 Regularum,

65 1274 184 1303 dubitari
207 1275 318 1303 merito
337 1282 399 1302 non
421 1276 531 1310 potest,
554 1273 627 1310 quin
642 1281 678 1301 ea
693 1281 827 1310 quoque,
844 1273 881 1301 de

63 1320 162 1355 quibus
168 1318 502 1356 disputatur.opuscula
508 1317 546 1346 ad
554 1318 695 1346 eumdem
702 1318 880 1354 pertineant,

63 1366 153 1400 utpote
162 1364 191 1391 in
200 1364 317 1400 quibus
325 1363 418 1391 iidem
427 1362 571 1399 loquendi
578 1362 660 1390 modi
669 1362 880 1390 adhibeantur.

63 1409 177 1437 Fatebor
191 1408 319 1445 quidem
328 1407 435 1441 libens,
447 1409 637 1442 argumenta,
648 1415 716 1442 quae
728 1414 763 1434 ex
774 1406 881 1442 quavis

63 1453 123 1490 styli
138 1452 335 1481 similitudine
350 1454 502 1488 petuntur,
518 1451 632 1479 nullam
656 1451 701 1478 vir
714 1451 838 1484 habere,
856 1451 881 1479 si

62 1497 147 1533 stylus
160 1498 201 1525 ita
215 1498 247 1525 in
268 1496 423 1532 aliquibus
443 1495 609 1530 conveniat,
634 1498 666 1523 ut
690 1495 720 1523 iu
743 1495 880 1530 pluribus

61 1541 213 1578 discrepet:
238 1541 295 1569 sed
314 1549 382 1568 cum
405 1540 509 1568 omnia
524 1539 686 1576 quadrent,
709 1542 780 1568 tunc
800 1540 880 1575 ejus-

60 1587 135 1614 modi
148 1587 331 1621 argumcnta
345 1585 511 1622 plurimum
527 1585 624 1612 valere
643 1592 744 1618 nemo,
761 1584 880 1620 opinor,

59 1631 211 1666 negaverit.
228 1633 274 1659 lta
289 1632 390 1658 autem
406 1629 587 1664 Regularum
606 1629 701 1665 stylus
717 1637 786 1656 cum
802 1628 881 1665 stylo

59 1675 159 1704 horum
173 1674 396 1712 opusculorum
421 1673 578 1704 consentit.
599 1676 632 1701 ut
657 1673 730 1701 nihil
755 1674 881 1701 omnino

60 1720 216 1755 dissentiat,
232 1719 410 1755 idcircoque
426 1721 454 1746 et
468 1718 524 1746 has
539 1721 568 1746 et
582 1717 633 1745 illa
657 1717 766 1746 Basilio
794 1717 883 1752 tribui

60 1773 171 1801 equum
180 1768 236 1793 est.
250 1765 312 1793 Nec
322 1763 421 1791 solum
432 1762 544 1790 similes
556 1762 776 1798 suntloquendi
787 1762 881 1796 modi,

61 1809 110 1837 sed
124 1809 209 1838 etiam
225 1808 396 1840 sententiae,
413 1806 642 1835 sententiarum.
655 1806 769 1834 Etenim
779 1807 803 1834 si
815 1807 883 1843 quis

58 1853 135 1887 illud,
150 1854 233 1890 quod
248 1853 283 1881 in
299 1851 399 1880 libello
409 1851 573 1886 Dejudicio
585 1851 636 1880 Dei
647 1851 756 1886 legitur
765 1853 808 1887 (p.
819 1853 881 1886 217,

57 1906 134 1926 num.
146 1899 171 1933 4)
185 1907 191 1926 :
208 1897 339 1926 Retectis
352 1897 447 1931 igitur
457 1896 568 1924 divinis
577 1896 756 1930 Scripturis,
766 1896 883 1930 reperio

56 1943 84 1970 in
96 1943 189 1971 Veteri
194 1950 231 1970 ac
241 1942 327 1969 Novo
337 1941 636 1975 Testamento,neque
642 1941 673 1968 in
679 1940 882 1974 multitudine,

54 1995 142 2024 neque
151 1988 183 2015 in
197 1985 414 2022 magnitudine
426 1987 628 2020 peccatorum,
639 1985 691 2012 sed
700 1985 731 2012 in
740 1992 802 2013 una
817 1988 884 2013 tan-

55 2032 201 2060 tummodo
213 2033 423 2066 cujuscunque
436 2030 582 2064 prazcepli
592 2029 764 2079 violatione,
778 2032 881 2058 contu-
898 2053 920 2079 D

53 2078 175 2105 maciam
183 2077 332 2105 adversus
340 2075 434 2102 Deum
445 2074 679 2108 clarejudicari,
687 2081 882 2102 communem-

54 2130 104 2158 que
111 2122 292 2150 sententiam
299 2128 318 2148 a
325 2120 385 2147 Deo
388 2119 470 2154 ferri
474 2127 505 2146 ιη
511 2126 627 2147 omnem
633 2118 863 2147 inobedz’entiam
873 2127 879 2146 :

54 2167 74 2194 si
91 2168 157 2203 quis
171 2166 268 2201 igitur
281 2165 347 2193 haec
367 2163 585 2199 comparaverit
604 2171 673 2191 eum
698 2163 734 2190 iis
756 2171 824 2203 quae
850 2163 881 2191 in

54 2211 160 2246 Regula
169 2209 382 2239 ducentesima
397 2207 594 2243 nonagesima
606 2207 690 2235 tertia
696 2207 806 2244 scripta
813 2209 883 2235 sunt

54 2256 219 2284 doctrinam
234 2254 380 2289 doctrinae
393 2254 434 2281 ita
450 2252 578 2280 similem
595 2252 767 2288 comperiet,
782 2254 813 2280 ut
825 2254 882 2280 tra-

55 2299 111 2329 dita
124 2303 258 2337 utroque
277 2299 344 2326 loco
365 2298 547 2325 documenta
567 2296 606 2324 ab
631 2296 738 2324 eadem
762 2296 884 2325 ofﬁcina

54 2346 196 2380 prodiisse
203 2343 294 2373 facile
302 2342 493 2371 confessurus
500 2341 547 2369 sit.
555 2343 621 2369 Jam
631 2341 805 2369 monuimus
814 2349 885 2369 con-

56 2392 200 2419 troversos
210 2390 272 2417 hos
283 2388 360 2416 du05
371 2387 487 2415 libellos
501 2386 541 2414 ab
553 2386 697 2415 omnibus
713 2388 765 2414 aut
776 2386 884 2415 Basilio

55 2435 168 2468 ascribi,
182 2436 238 2463 aut
255 2432 410 2460 Eustathio
425 2440 431 2458 :
458 2431 511 2458 scd
531 2430 614 2467 ipsos
630 2431 773 2467 episcopo
791 2431 884 2459 Seba-

55 2481 134 2508 steno
146 2478 265 2508 ascribi
276 2485 336 2505 non
351 2484 440 2513 posse
458 2475 548 2512 plane
561 2477 688 2503 constat.
706 2475 748 2503 Ita
764 2475 844 2503 enim
855 2475 885 2503 in

53 2523 146 2552 libello
162 2525 208 2552 De
222 2523 286 2556 ﬁde
301 2521 409 2557 legitur
424 2521 505 2556 (pag.
528 2519 608 2555 228):
636 2519 711 2545 Οὕτω
733 2523 882 2556 φρονοῦμεν.

53 2572 92 2595 καὶ
113 2569 182 2595 οὔτω
203 2567 370 2604 βαπτίζομεν
386 2561 421 2595 εἷς
436 2562 538 2601 Τριάὸα
558 2564 705 2600 ὀμοούσιον.
727 2564 777 2591 Sic
793 2564 886 2592 senti-

52 2621 122 2646 mus,
137 2614 245 2648 sicque
263 2611 447 2645 baptizamus
467 2609 499 2636 in
521 2609 669 2636 Trinitate
692 2609 887 2636 consubstan-

53 2658 116 2686 tiali
122 2666 133 2686 .’
146 2664 249 2694 quem
263 2655 364 2683 locum
375 2662 446 2682 cum
452 2653 605 2681 retulisset
615 2652 837 2680 eruditissimus
843 2653 887 2681 vir

103 2721 143 2758 (ᾳ)
165 2721 248 2758 [:ege
257 2718 368 2758 p.38,”
411 2752 416 2758 _

101 2752 142 2793 (ὁ)
170 2752 224 2784 νίἑ
240 2753 281 2781 de
294 2753 327 2781 S.
343 2752 455 2785 Basile,
470 2759 502 2787 p.
521 2752 584 2779 638.

252 2817 378 2846 ΡΑτιιοι..
398 2815 450 2844 Gn.
469 2814 556 2843 XXXI.

932 245 996 272 sine
1011 245 1072 273 ulla
1086 246 1290 274 controversia
1309 254 1408 284 neque
1423 248 1462 276 ab
1477 249 1642 282 Eustathio,
1658 257 1758 286 neque

933 289 973 317 ab
989 289 1048 317 ullo
1063 290 1122 318 alio
1141 290 1357 320 Macedoniano
1376 293 1527 321 conscribi
1549 301 1685 330 unquam
1706 302 1759 330 po-

933 333 1034 362 tuisse.
1053 336 1084 362 Et
1097 342 1170 363 vero
1185 342 1254 363 cum
1273 335 1479 365 Macedoniam
1501 340 1603 374 aperte
1623 338 1761 367 divinita-

933 381 993 406 tem
1007 379 1131 415 Spiritus
1152 379 1248 408 sancti
1263 383 1418 415 negarent,
1433 381 1497 409 ﬁeri
1511 390 1572 410 non
1591 385 1710 418 poterat
1729 385 1762 411 ut

934 423 1110 452 Trinitatem
1125 424 1414 454 consubstantialem
1425 434 1490 454 esse
1505 427 1724 462 proﬁterentur.

970 470 1013 495 31.
1031 468 1117 500 Quod
1130 468 1272 504 diximus,
1292 469 1408 498 libellos
1422 471 1466 498 De
1476 471 1593 506 judicio
1611 473 1666 500 Dei
1678 475 1707 501 et
1719 473 1763 501 De

934 512 993 546 ﬁde
1002 515 1061 540 tam
1073 513 1103 540 in
1117 513 1196 549 stylo
1208 521 1301 550 quam
1311 514 1342 542 in
1353 515 1506 543 sententiis
1522 517 1682 544 convenire
1692 525 1763 544 cum

935 556 1069 592 utrisque
1084 557 1211 592 Regalis,
1229 558 1260 586 id
1276 558 1317 587 ita
1331 566 1397 587 esse
1412 567 1474 588 non
1488 559 1632 589 difﬁtetur
1649 562 1694 590 vir
1709 562 1764 590 do-

936 602 1086 630 ctissimus
1100 602 1298 631 Combefisius
1309 613 1316 632 :
1329 604 1382 632 sed
1394 606 1495 633 tamen
1505 613 1542 633 ex
1554 605 1601 634 his
1612 606 1766 643 principiis

936 645 1019 674 aliud
1034 654 1157 682 prorsus
1168 647 1329 676 concludit.
1343 649 1418 683 Ergo
1431 649 1474 677 ita
1482 649 1542 677 fere
1554 650 1765 679 ratiocinator:

937 691 1051 718 Horum
1062 685 1234 719 libellorum
1249 694 1277 720 et
1289 692 1445 728 utriusque
1456 694 1574 728 generis
1586 695 1767 730 Regularum

936 734 1017 762 idem
1033 737 1076 764 est
1088 735 1311 772 stylus,eaedem
1323 738 1598 772 sententiie,eadem
1610 739 1765 768 doctrina:

938 779 991 807 sed
1002 780 1100 808 Stoica
1112 780 1254 816 quaedam
1270 781 1410 809 severitas
1421 783 1608 811 Eustathium
1618 786 1768 812 utrarum-

902 824 922 851 B
938 832 996 860 que
1008 824 1188 859 Regularum
1198 828 1352 854 auctorem
1364 834 1428 854 esse
1436 829 1538 863 aperte
1548 828 1693 857 Ostendit:
1705 837 1768 858 non

938 868 1141 897 dubitandum
1157 869 1248 904 igitur
1264 870 1337 906 quin
1354 871 1436 899 idem
1458 872 1631 900 Eustathius
1658 873 1768 902 horum

938 921 1062 949 quoque
1070 914 1286 950 opusculorum
1295 915 1530 949 auctorsit.Quid
1537 919 1638 945 autem
1645 917 1682 945 de
1689 926 1770 946 vana

939 956 988 985 illa
997 958 1151 986 severitate
1158 959 1349 987 sentiendum
1356 960 1512 996 sit,p05tea
1520 961 1593 989 satis
1601 962 1668 990 fuse
1678 962 1771 990 disse-

938 1009 1004 1029 ram
1013 1003 1049 1038 (c)
1059 1011 1065 1030 :
1075 1011 1156 1030 nunc
1167 1004 1304 1032 universe
1313 1004 1461 1033 duntaxat
1471 1005 1581 1040 dicam,
1589 1014 1686 1043 neque
1693 1007 1770 1035 Ruﬁ-

938 1054 1024 1082 num,
1048 1055 1146 1083 neque
1168 1048 1360 1085 Cassianum,
1379 1057 1478 1086 neque
1502 1051 1650 1085 Photium,
1669 1059 1768 1088 neque

938 1091 1121 1119 Frontonem
1131 1093 1284 1127 Ducaeum,
1295 1101 1394 1129 neque
1406 1094 1541 1123 Natalem
1552 1095 1767 1132 Alexandrum,

939 1136 1110 1164 Combeﬁsii
1124 1137 1271 1172 sodalem,
1293 1146 1391 1174 neque
1413 1139 1646 1175 Tillemontium,
1669 1149 1769 1176 neque

939 1180 1102 1216 Dupinum,
1114 1189 1211 1217 neque
1223 1182 1388 1217 permultos
1398 1183 1473 1211 alios
1482 1184 1689 1221 cujuscunque
1700 1187 1769 1213 teta-

936 1224 972 1252 tis
983 1224 1200 1253 eruditissimos
1213 1226 1293 1254 viros
1309 1227 1457 1262 ejusmodi
1468 1229 1656 1257 severitatem
1665 1229 1696 1257 in
1714 1231 1768 1257 Re-

938 1269 1014 1304 gulis
1028 1270 1148 1298 vidisse.
1161 1270 1218 1298 Sed
1228 1271 1289 1299 duo
1304 1272 1411 1300 suntin
1422 1272 1467 1308 iis,
1476 1281 1554 1309 quos
1565 1273 1637 1310 dixi,
1648 1274 1767 1310 libellis,

936 1321 1004 1350 quae
1021 1314 1176 1350 speciatim
1192 1316 1385 1351 reprehendit
1398 1317 1435 1350 is,
1451 1325 1542 1354 quem
1557 1318 1651 1347 modo
1672 1319 1769 1347 nomi-

936 1360 1017 1393 navi,
1033 1360 1079 1387 vir
1093 1361 1290 1396 peritissimus
1305 1362 1503 1391 Combefisius
1518 1364 1571 1399 (ά),
1595 1364 1768 1393 inconstan-

936 1404 1007 1431 tiam
1018 1404 1098 1436 ﬂdei,
1111 1407 1138 1433 et
1149 1406 1279 1433 auctoris
1291 1406 1323 1434 in
1338 1406 1442 1443 aliqua
1454 1415 1527 1436 voce
1539 1409 1686 1437 catholica
1695 1410 1750 1438 reti

901 1448 920 1476 C
936 1449 1033 1477 cenda
1044 1449 1281 1484 malignitatem:
1297 1451 1336 1479 de
1348 1451 1458 1488 quibus
1468 1452 1526 1481 hoc
1536 1453 1603 1481 loco
1614 1453 1713 1482 dicere
1723 1454 1765 1482 in-

935 1493 1025 1521 stitui.
1035 1493 1121 1526 Quod
1128 1493 1218 1529 igitur
1226 1495 1276 1529 ait,
1286 1499 1437 1524 auctorem
1444 1497 1475 1524 in
1479 1498 1539 1532 ﬁde
1547 1498 1763 1527 inconstantem

932 1537 1037 1574 fuisse,
1052 1538 1080 1565 id
1093 1546 1147 1566 nec
1158 1547 1274 1573 verum,
1286 1548 1341 1568 nec
1351 1540 1473 1570 ﬁrmum
1487 1544 1542 1570 est.
1556 1544 1631 1570 Nam
1646 1542 1763 1571 dubita-

935 1583 1047 1611 tionem
1063 1583 1156 1615 illam,
1174 1592 1236 1619 qua
1252 1587 1356 1613 auctor
1367 1585 1524 1615 laborasse
1545 1595 1577 1615 se
1594 1588 1761 1620 conﬁtetur,

935 1635 997 1655 non
1005 1627 1034 1655 in
1042 1627 1145 1662 ﬁdem,
1154 1628 1244 1656 sedin
1251 1629 1368 1658 dissidii
1377 1631 1575 1660 Ecclesiarum
1584 1641 1708 1662 causam
1717 1641 1764 1662 ca-

936 1671 1016 1705 dere,
1030 1680 1066 1700 ex
1080 1673 1223 1701 orationis
1231 1674 1305 1702 serie
1314 1675 1508 1712 perspicuum
1523 1679 1576 1705 est.
1598 1679 1632 1706 Et
1650 1686 1720 1707 vero
1731 1679 1763 1706 in

935 1715 1036 1744 libello
1049 1718 1092 1745 De
1099 1718 1218 1752 judicio
1234 1719 1290 1747 Dei
1298 1719 1339 1747 ita
1352 1721 1479 1756 scriptor
1488 1721 1607 1751 locutus
1622 1725 1666 1751 est
1675 1731 1711 1751 eo
1724 1723 1762 1750 de

937 1769 998 1798 quo
1013 1763 1111 1798 agitur
1124 1762 1191 1791 loco
1206 1764 1287 1800 (pag.
1303 1766 1364 1800 214,
1382 1773 1413 1793 n.
1429 1765 1457 1800 2)
1470 1775 1476 1794 :
1497 1770 1586 1794 Ταῦτα
1600 1770 1644 1794 καὶ
1662 1770 1695 1794 τὰ
1705 1778 1762 1794 τοι-

938 1810 1004 1832 αῡτα
1024 1807 1098 1844 ὁρῶν,
1111 1807 1156 1833 καὶ
1167 1809 1233 1844 πρὸς
1247 1810 1350 1840 τούτοις
1364 1809 1510 1848 ἕπαπορῶν,
1527 1814 1577 1847 τίς,
1595 1814 1639 1838 καὶ
1654 1814 1731 1839 πόθεν
1745 1815 1759 1843 ἡ

938 1851 1011 1877 αἰτία
1024 1855 1070 1877 τοῦ
1086 1853 1212 1878 τοσούτου
1226 1858 1457 1882 κακοῦ......τοῦτο
1473 1854 1506 1885 δὴ
1523 1856 1701 1893 λογισάμενος,
1718 1861 1762 1884 καὶ

936 1897 1002 1933 πρὸς
1024 1898 1052 1922 τὸ
1069 1896 1225 1934 ὑπερϐάλλον
1240 1902 1287 1930 τῆς
1311 1898 1428 1931 ἀσεϐείας
1443 1900 1605 1938 ἐπτοημένος,
1621 1901 1662 1928 ἐπὶ
1676 1903 1762 1929 πλεῖόν

936 1950 964 1967 τε
985 1939 1099 1976 ἐρευνῶν,
1124 1940 1262 1978 ἐπειθόμην
1282 1942 1358 1970 οὐδὲν
1380 1945 1466 1979 ἧττον,
1492 1948 1537 1972 καὶ
1557 1945 1584 1972 ἐκ
1604 1951 1653 1973 τῶν
1677 1947 1701 1973 ἓν
1726 1958 1763 1984 τῳ

938 1983 990 2021 βίῳ
1010 1987 1169 2023 πραγμάτων
1194 1986 1275 2017 ἀληθῆ
1302 1987 1367 2015 εἶναι
1390 1992 1437 2019 τὴν
1458 1993 1645 2027 προειρημένην
1666 1992 1762 2020 αἰτίαν,

935 2028 1034 2067 Ἑώρων
1045 2031 1095 2066 γὰρ
1109 2034 1195 2057 πᾶσαν
1210 2032 1255 2068 μὲν
1270 2032 1385 2064 πλήθους
1405 2033 1521 2066 εὐταξίαν
1541 2045 1569 2062 τε
1588 2039 1632 2062 καὶ
1657 2046 1764 2073 συμφω-

936 2076 989 2100 νίαν
1014 2075 1081 2111 ἄχρι
1102 2078 1160 2101 τότε
1184 2077 1403 2114 κατορθουμένην,
1432 2079 1514 2115 ἄχρις
1537 2080 1567 2106 ἂν
1591 2082 1606 2110 ἡ
1631 2083 1697 2117 πρὸς
1720 2083 1764 2108 ἕνα

935 2120 994 2145 τινὰ
1007 2121 1050 2145 τὸν
1066 2120 1184 2156 ἄρχοντα
1205 2121 1325 2151 σώζηται
1348 2125 1418 2152 κοινὴ
1442 2129 1492 2149 τῶν
1517 2125 1597 2150 ἄλλων
1622 2126 1762 2152 εὐπείθεια·

936 2167 1023 2190 πᾶσαν
1039 2163 1069 2190 δὲ
1085 2163 1224 2200 διαφωνίαν
1246 2169 1290 2192 καὶ
1306 2165 1457 2201 διάστασιν,
1482 2170 1519 2195 ἔτι
1543 2179 1569 2195 τε
1590 2170 1762 2208 πολυαρχίαν,

937 2208 963 2241 ἐξ
977 2209 1107 2247 ἀναρχίας
1126 2209 1339 2248 ὁδοποιονμένην.
1357 2213 1432 2242 Ηίεο
1450 2218 1542 2250 atque
1566 2216 1697 2250 ejusdem
1719 2226 1766 2253 ge-

936 2256 1017 2284 neris
1033 2256 1097 2284 atia
1113 2264 1180 2284 cum
1205 2257 1350 2292 intuerer,
1370 2262 1580 2296 praetereaque
1595 2261 1764 2290 dubitarem

939 2308 1005 2337 qua?
1019 2302 1046 2328 et
1062 2301 1142 2329 unde
1154 2305 1226 2330 esset
1238 2303 1318 2330 tanti
1327 2304 1404 2332 mali
1411 2312 1502 2333 causa
1514 2305 1556 2340 [in
1566 2306 1764 2343 Eccleszis]....

940 2345 995 2373 hoc
1011 2345 1107 2380 igitur
1129 2353 1197 2374 cum
1221 2355 1336 2375 mecum
1362 2352 1556 2384 reputassem,
1579 2359 1705 2387 cumque
1730 2352 1765 2380 de

939 2389 1102 2424 impietatis
1115 2391 1322 2425 magnitudine
1335 2394 1491 2428 attonitus,
1506 2395 1764 2432 utteriusperves«

940 2435 1106 2469 stigassem,
1127 2434 1325 2464 nihilominus
1347 2437 1425 2466 mihi
1440 2439 1581 2473 persuasi
1600 2440 1647 2467 vet
1670 2447 1708 2468 ex
1729 2441 1767 2468 iis

940 2484 1007 2512 quw
1019 2476 1053 2504 in
1075 2477 1136 2504 vita
1148 2478 1225 2511 ﬁunt
1237 2478 1335 2511 rebus,
1346 2488 1420 2512 eam,
1436 2488 1526 2516 quam
1536 2482 1674 2516 superius
1688 2483 1765 2518 dixi,

940 2528 1063 2549 causam
1078 2529 1178 2549 veram
1191 2530 1252 2550 esse
1266 2527 1293 2551 et
1308 2531 1491 2558 germanam.
1525 2526 1664 2554 Videbam
1688 2529 1765 2556 enim

940 2572 1054 2594 omnem
1073 2566 1256 2600 populorum
1279 2568 1471 2603 disciplinam
1486 2573 1576 2606 atque
1602 2574 1767 2600 consensio-

940 2617 1007 2638 nem
1021 2611 1130 2638 tanttiu
1144 2618 1346 2647 perseverare,
1362 2613 1434 2642 dum
1450 2622 1550 2643 omnes
1569 2617 1706 2652 principi
1714 2618 1769 2645 uni

940 2655 973 2683 in
995 2656 1146 2683 communi
1169 2656 1396 2692 obtemperant:
1422 2666 1537 2689 omnem
1563 2668 1633 2690 vero
1657 2662 1771 2702 discor-_

993 2718 1033 2750 (c)
1054 2717 1130 2752 Lege
1144 2726 1174 2746 n.
1190 2719 1237 2747 41.

995 2752 1039 2788 (d)
1059 2754 1141 2783 Tom.
1159 2756 1192 2789 ll,
1208 2762 1239 2792 p.
1257 2755 1290 2783 97
1305 2757 1334 2785 et
1350 2757 1411 2796 129,
