2020 3140
56 147 85 172 77
801 140 992 168 PREFATIO.
1713 144 1747 171 78

54 207 121 234 ritus
133 206 163 233 in
176 212 231 233 sua
243 205 335 240 ipsius
348 205 548 240 proprietate.
565 204 678 233 Viderit
692 211 764 238 ergo
781 204 866 231 Com-

925 203 1016 240 εὐρεῖν,
1032 206 1115 229 ταῦτα
1128 205 1160 234 ὡς
1173 203 1231 234 ξένοι
1245 205 1289 230 καὶ
1305 203 1426 242 ἀλλότριοι
1438 208 1485 235 τῆς
1505 204 1625 236 εὐσεϐοῦς
1635 206 1746 237 πίστεως

52 250 170 285 beﬁsius,
184 250 339 286 quomodo
351 250 421 278 ﬁdei
437 250 593 286 professio,
606 257 674 285 quae
688 249 719 277 in
728 248 866 276 Trinitate

51 303 103 323 non
117 297 265 329 naturam,
277 295 331 322 sed
347 295 499 331 quasdam
513 294 724 323 tantummodo
735 292 866 330 proprie-

51 342 116 367 tates
137 339 303 374 distinguit,
330 339 418 367 tribui
446 339 542 375 possit
561 339 724 373 Eustathio,
749 338 802 374 qui
827 337 867 366 ad

49 386 214 412 caeterorum
227 383 511 412 Macedonianorum
530 384 728 412 imitationem
750 384 866 410 natura:

48 429 221 457 identitatem
236 429 267 457 in
282 428 419 457 Trinitate
431 431 564 464 negaret.
577 430 651 457 Cum
665 430 766 456 autem
781 429 866 455 Com—

46 474 161 502 befisius
173 473 264 502 semel
279 473 309 501 in
323 474 459 502 animum
469 473 636 502 induxisset
645 481 744 504 suum,
762 480 866 501 \‘ocem

48 519 174 554 apto-3m;
204 518 234 546 in
259 519 318 546 hoc
340 519 383 547 De
404 519 464 553 ﬁde
486 518 586 546 libello
608 518 713 546 deesse
734 517 815 553 (tom.
832 518 865 553 Il,

48 572 108 599 pag.
127 566 198 597 t29),
213 564 278 592 haec
294 563 409 592 addidit
426 573 431 590 :
449 564 503 598 Qui
517 564 575 599 ipsi
593 563 734 599 [mitiores
748 563 866 597 Ariani]

47 610 83 637 sic
95 617 128 637 est
138 610 220 646 putis
230 610 320 644 puris
328 609 495 644 Scriptura?
504 609 597 637 verbis
608 617 678 637 suas
689 609 766 636 alias
776 608 861 636 alias-

47 662 96 689 que
102 655 303 688 professiones
313 654 714 689 adornabant,Nirwnisque
723 653 867 681 Patribus

46 700 190 733 probatam
202 706 314 733 vocem,
324 707 384 734 qua
395 699 491 726 omnis
505 706 603 726 eorum
616 699 751 734 ὁμωνυμία
761 698 792 726 in
806 699 869 725 Tri.

47 744 139 772 uitatis
153 745 298 778 mysterio
314 743 496 777 elidebatur,
511 743 701 778 respuebant,
720 750 811 778 eoque
825 743 869 770 in-

48 791 122 817 rento
131 788 321 823 simplicibus
332 789 435 823 fucum
452 788 606 823 faciebant
620 796 631 816 .'
642 787 705 822 sed,
716 795 784 815 cum
796 795 868 815 con-

48 835 96 862 stet
109 841 211 862 vocem
227 834 370 869 ὀμοούσιος
385 833 415 860 in
430 833 488 860 hac
503 832 574 860 ﬁdei
584 832 770 868 professione
785 839 870 868 repe-

922 249 1074 274 παντάπασι
1086 249 1384 287 παραιτούμενοςλὶαπι
1395 250 1491 285 igitur
1500 251 1642 278 adversus
1654 250 1748 279 haere-

921 301 964 321 ses
977 294 1060 322 vario
1073 297 1201 330 tempore
1213 297 1333 322 ea‘ortas
1342 295 1543 330 pugnandum
1558 299 1641 328 esset,
1651 298 1748 331 majo-

920 345 988 366 rum
998 339 1136 374 exempta
1145 342 1457 375 secutus,consequens
1464 348 1524 369 esse
1532 341 1710 376 existimavi,
1716 344 1748 370 ut

921 383 984 417 ejus
995 391 1059 418 quzc
1075 391 1093 411 a
1106 383 1227 412 diabolo
1241 384 1354 412 seritur
1364 385 1525 419 impietatis
1541 385 1645 414 habita
1659 387 1751 414 ratio-

920 435 966 463 ne,
978 435 1027 456 eas
1037 436 1097 464 qua
1109 428 1298 457 inducuntur
1309 428 1507 463 blasphemias
1519 430 1672 458 vocabulis
1683 439 1750 459 con-

921 473 1022 500 trariis
1042 473 1215 508 cohiberem,
1239 477 1293 501 aut
1314 474 1404 502 etiam
1430 474 1592 503 everterent
1607 482 1618 503 .'
1632 477 1659 503 et
1679 476 1750 504 aliis

921 519 1011 552 atque
1022 518 1091 545 aliis
1104 518 1200 546 verbis
1213 521 1301 553 prout
1313 521 1519 554 aegrotantium
1535 520 1653 548 utilitas
1669 528 1750 556 coge-

923 561 984 595 bat,
1003 565 1124 598 uterer;
1145 571 1211 598 qua:
1229 564 1347 592 etiamsi
1367 572 1444 600 sa’pe
1468 573 1528 593 non
1542 565 1752 594 invenirentur

921 608 1045 642 scripta,
1061 611 1161 636 tamen
1177 616 1195 637 a
1209 609 1258 643 pio
1277 609 1444 644 Scriptura:
1458 617 1545 638 sensu
1565 619 1624 638 non
1644 611 1752 639 abhor-

921 652 1027 680 rebant
1039 661 1048 680 .·
1063 654 1143 688 quod
1152 654 1314 688 Apostolus
1328 662 1445 690 quoque
1456 663 1514 683 non
1526 663 1598 684 raro
1606 656 1690 691 fecit,
1701 656 1754 692 qui

924 696 1095 726 Graecorum
1109 698 1204 726 verbis
1217 702 1419 734 congruenter
1428 708 1478 728 suo
1489 701 1640 735 proposito
1651 708 1754 729 conve-

922 742 1096 777 nienterque
1108 743 1154 770 uti
1163 751 1220 770 non
1231 743 1393 778 fastidioit.
1408 744 1499 772 Nunc
1510 747 1609 773 autem
1625 753 1753 774 commu-

923 787 959 814 ni
971 795 1058 821 scopo
1068 790 1128 815 tam
1142 790 1245 815 nostro
1256 795 1345 824 quam
1358 791 1455 817 vestro
1467 790 1626 818 convenire
1632 791 1752 826 putavi,

923 832 949 860 si
961 833 991 860 in
1007 840 1089 860 same
1100 832 1172 867 ﬁdei
1184 833 1381 868 simplicitate
1394 842 1535 870 sequerer
1549 838 1653 864 vestrae
1668 836 1754 863 istius

47 879 98 912 riri,
108 880 200 906 totum
212 877 243 906 id
254 877 431 906 Combeﬁsii
446 879 658 913 argumentum
673 884 727 913 per
738 885 769 905 se
782 884 868 905 ruere
883 879 904 907 Β
923 877 955 904 in
972 877 1093 904 Christo
1107 877 1275 905 dilectionis
1295 879 1486 913 mandatum,
1501 887 1594 915 eaque
1612 880 1752 914 dicerem,

47 923 146 958 vident,
162 923 284 959 opinor,
301 930 418 951 omnes.
435 922 568 958 Denique
583 930 653 949 cum
670 921 867 950 Combeﬁsius

46 967 127 1004 paulo
145 970 212 1004 post
235 967 393 995 incidisset
415 967 446 995 in
466 967 527 995 alia
550 967 601 995 illa
618 966 755 1002 ejusdem
775 965 868 994 libelli

46 1012 127 1040 verba
143 1014 227 1047 (tom.
255 1013 279 1039 ll
302 1020 388 1040 novae
406 1011 466 1047 ed.,
482 1019 554 1047 pag,
570 1013 631 1047 228)
650 1020 656 1038 :
673 1013 763 1048 Διόπερ
779 1020 867 1048 παρα-

46 1057 106 1083 καλῶ
131 1060 174 1084 καὶ
198 1056 316 1093 δέομαι,
344 1059 527 1093 παυσαμένους
555 1061 602 1087 τῆς
625 1058 762 1093 περιέργου
790 1057 867 1087 ζητή-

47 1111 102 1132 σεως
113 1106 155 1128 καὶ
173 1102 311 1139 ἀπρεποῦς
324 1102 500 1138 λογομαχίας,
517 1101 654 1139 ἀρκεῖσθαι
674 1105 728 1132 τοῖς
747 1103 797 1128 ὑπὸ
817 1105 866 1127 τῶν

46 1146 115 1182 ἁγίων
138 1150 181 1173 καὶ
203 1149 288 1173 αὑτοῦ
309 1151 355 1173 τοι)
381 1149 476 1183 Κυρίου
502 1146 655 1183 εἰρημένοις,
677 1146 867 1181 Quapropter

45 1192 180 1220 adhortor
195 1199 246 1220 vos
261 1195 289 1220 et
300 1199 374 1225 rogo
385 1194 417 1219 ut
430 1192 518 1219 missa
530 1192 650 1219 curiosa
661 1192 865 1226 inquisitione,

46 1238 196 1273 relictaque
205 1237 363 1265 indecenti
375 1237 532 1265 verborum
544 1237 740 1270 contentione,
753 1237 788 1264 iis
802 1244 866 1271 quae

46 1289 61 1310 a
78 1284 183 1311 sanctis
203 1286 229 1311 et
246 1283 289 1311 ab
309 1283 372 1317 ipso
395 1283 524 1310 Domino
539 1282 621 1310 dicta
635 1285 717 1317 sunt,
733 1283 866 1310 contenti

45 1328 111 1362 sitis,
122 1327 161 1355 ita
175 1329 356 1364 persecutus
366 1329 412 1355 est
424 1336 431 1353 :
442 1327 610 1362 Scriptores
623 1327 781 1355 canonicos
795 1326 865 1354 velit

45 1375 72 1399 et
81 1373 234 1407 apostolos,
247 1372 292 1400 ad
302 1379 374 1408 quos
389 1379 463 1400 unos
474 1375 629 1406 provocat,
641 1372 720 1400 nihil
730 1372 806 1400 dans
821 1373 865 1401 vel

45 1416 183 1450 Ecclesiae,
198 1418 246 1446 vel
262 1417 402 1450 Patrum,
414 1417 466 1452 qui
475 1417 571 1445 secuti
582 1420 663 1449 sunt,
675 1418 863 1445 auctoritati.

45 1462 174 1497 Primum,
186 1470 261 1490 cum
278 1462 405 1498 scriptor
419 1462 483 1498 ipse
494 1470 567 1489 voce
577 1463 716 1498 ὁμοούσιος
727 1470 801 1489 usus
814 1462 861 1494 sit,

45 1507 222 1543 perspicuum
237 1509 286 1535 est
297 1514 366 1534 eum
378 1515 439 1534 non
453 1506 493 1534 ad
509 1514 584 1534 unos
601 1506 759 1543 scriptores
772 1515 862 1535 cano-

923 929 989 957 quw
1004 930 1022 950 a
1036 929 1120 951 sacra
1134 923 1292 958 Scriptura
1308 924 1494 958 accepissem,
1509 925 1562 952 sed
1573 926 1625 960 sic,
1640 928 1673 953 ut
1682 933 1753 960 par-

923 974 974 994 cus
987 967 1042 994 sim
1064 967 1095 995 in
1119 967 1177 995 illis
1195 968 1366 996 nominibus
1386 971 1415 996 et
1437 969 1534 997 verbis
1556 970 1752 1005 usurpandis,

922 1019 986 1047 qum
1003 1012 1073 1047 ipsis
1090 1012 1201 1040 litteris
1216 1016 1244 1041 et
1258 1013 1386 1048 syllabis
1406 1014 1438 1042 in
1463 1014 1569 1043 divina
1590 1016 1753 1051 Scriptura

920 1064 981 1084 non
992 1058 1147 1091 reperiunt
1151 1065 1197 1090 ur,
1206 1058 1325 1086 tametsi
1334 1066 1398 1086 eam
1405 1067 1495 1095 quam
1507 1060 1668 1095 Scriptura
1676 1068 1753 1095 prm-

920 1101 982 1135 fert
995 1103 1173 1130 sententiam
1189 1106 1311 1131 servant
1324 1111 1334 1131 .'
1349 1111 1416 1139 quae
1435 1111 1504 1132 vero
1515 1107 1630 1139 prwter
1644 1105 1752 1133 dictio-

921 1146 967 1173 nis
982 1147 1145 1175 novitatem
1156 1155 1265 1176 novum
1282 1149 1370 1176 etiam
1384 1151 1411 1176 et
1421 1150 1616 1185 peregrinum
1631 1158 1750 1179 sensum

920 1190 1003 1218 nobis
1014 1191 1162 1226 exhibent,
1179 1200 1303 1228 quasque
1315 1201 1376 1221 non
1391 1194 1587 1222 inveniuntur
1602 1199 1750 1231 usurpata

920 1242 939 1264 a
952 1237 1074 1272 sanctis,
1087 1244 1120 1265 ea
1131 1238 1177 1265 uti
1188 1238 1352 1273 peregrina
1366 1241 1393 1266 et
1407 1246 1426 1267 a
1438 1239 1491 1273 pia
1502 1239 1562 1274 fide
1575 1241 1676 1269 aliena
1691 1249 1750 1269 om~
1778 1258 1783 1262 -

919 1281 991 1309 nino
1005 1289 1135 1310 averser.
1148 1281 1272 1310 Basilius
1283 1282 1676 1320 igitur,quasipraevidisset
1686 1293 1749 1314 non

919 1325 1087 1360 defuturos,
1105 1327 1157 1362 qui
1180 1326 1295 1363 aliquot
1308 1335 1372 1355 suae
1393 1327 1589 1364 professionis
1611 1329 1704 1358 verba
1717 1330 1748 1358 in

919 1371 1031 1399 malam
1045 1374 1162 1407 partem
1177 1371 1454 1408 interpretarentur,
1463 1375 1526 1401 tam
1536 1373 1614 1402 clare
1626 1376 1747 1411 tamque

918 1416 1048 1444 dilucide
1064 1418 1196 1444 mentem
1210 1425 1298 1444 suam
1308 1417 1366 1445 hoc
1380 1417 1447 1446 loco
1459 1419 1586 1454 aperuit,
1598 1421 1631 1447 ut
1644 1420 1748 1448 omnia

917 1461 1068 1490 malorum
1096 1461 1293 1497 interpretum
1318 1464 1497 1497 argumenta
1521 1464 1746 1500 praeoccuparit.

916 1507 963 1534 Ait
983 1507 1075 1541 enim,
1097 1514 1138 1540 se,
1157 1514 1226 1534 cum
1243 1507 1456 1541 aegrotantium
1481 1508 1591 1537 utilitas
1616 1512 1745 1544 cogeret,

45 1551 117 1580 uicos
130 1551 458 1588 provocare.Alioquin
468 1551 549 1580 enim
561 1551 735 1588 secumipse
747 1559 862 1587 pugna-
877 1558 898 1586 ρ
918 1551 982 1580 aliis
998 1554 1087 1587 atque
1104 1551 1169 1579 aliis
1182 1551 1282 1579 verbis
1298 1560 1388 1580 usum
1412 1560 1490 1588 esse,
1506 1561 1567 1582 non
1582 1555 1684 1582 tamen
1699 1554 1745 1582 in-

44 1599 89 1631 ret,
107 1605 173 1625 cum
189 1605 267 1625 voce
291 1597 429 1632 ὁμῡούσιος
450 1599 571 1624 utatur:
593 1605 662 1632 quos
678 1605 738 1624 vox
761 1599 862 1624 tamen

44 1649 184 1678 nusquam
198 1643 230 1670 in
252 1642 413 1678 Scripturis
429 1642 568 1670 occurrit.
590 1642 712 1677 Deinde,
728 1642 812 1678 quod
823 1641 864 1670 ait

44 1694 89 1714 nos
103 1690 252 1716 contentos
270 1694 332 1715 esse
348 1686 453 1715 debere
468 1687 504 1714 iis
525 1695 592 1723 quae
614 1695 631 1716 a
651 1688 764 1715 sanctis
779 1689 806 1715 et
826 1687 863 1714 ab

43 1731 98 1766 ipso
106 1733 225 1761 Domino
233 1732 321 1760 dicta
332 1735 412 1765 sunt,
423 1731 454 1759 id
466 1732 508 1760 ita
518 1732 614 1768 accipi
622 1733 747 1768 oportet,
759 1734 791 1760 ut
801 1739 863 1759 non

44 1778 143 1804 temere
157 1777 186 1805 in
203 1776 389 1814 explicanda
404 1776 463 1805 fide
474 1776 643 1813 quidquam
657 1776 786 1805 addatur
800 1785 864 1804 ver-

44 1821 87 1849 bis
97 1825 144 1850 aut
153 1823 281 1855 Domini,
293 1824 345 1850 aut
355 1822 535 1858 scriptorum
547 1822 774 1851 canonicorum.
784 1823 817 1849 Et
826 1830 864 1851 ne

44 1867 106 1902 quis
117 1868 191 1896 hanc
206 1867 456 1904 explanationem
471 1867 620 1895 existimet
633 1875 695 1895 non
711 1867 863 1904 scriptoris

44 1919 111 1946 esse,
132 1912 183 1940 sed
197 1920 312 1947 meam,
329 1911 406 1940 illius
420 1911 514 1940 verba
529 1919 697 1948 apponam.
716 1912 762 1940 Sic
776 1911 866 1947 igitur

43 1955 165 1993 loquitur
174 1957 274 1992 (ibid.,
288 1965 318 1993 p.
333 1958 395 1987 224)
410 1966 415 1985 :
426 1956 491 1987 Ἕως
501 1958 545 1993 μὲν
556 1955 600 1983 οὖν
611 1957 786 1993 ἀγωνίζεσθαι
799 1959 864 1994 πρὸς

43 2002 82 2032 τὰς
96 2002 300 2039 ἐπανισταμένας
315 2003 382 2028 κατὰ
398 2004 488 2038 καιρὸν
508 2002 619 2039 αἱρέσεις
635 2003 728 2040 ἓχρῆν⁷
744 2004 864 2039 ἑπόμενος

43 2050 88 2077 τοῖς
111 2048 308 2084 προειληφόσιν,
332 2046 470 2073 ἀκόλουθον
496 2047 614 2083 ἡγούμην
639 2051 669 2083 τῇ
694 2046 795 2085 διαφρᾴ
818 2052 865 2079 τῆς

43 2090 248 2129 ἐπισπειρομένης
258 2093 311 2118 ὑπὸ
321 2095 367 2118 τοῦ
379 2090 502 2118 διαϐόλου
519 2091 647 2125 ἀσεϐείας,
655 2095 712 2122 ταῖς
723 2091 864 2123 ἀντιθέτοις

43 2139 128 2170 φαναῖς
138 2137 258 2171 κωλύειν,
268 2137 283 2166 ἦ
296 2139 341 2162 καὶ
357 2135 504 2172 ἀνατρέπειν
513 2137 559 2167 τὰς
571 2135 730 2172 ἐπαγομένας
746 2136 865 2173 βλασφη-

42 2183 105 2215 μίας,
112 2184 156 2208 καὶ
165 2181 257 2208 uilior:
268 2180 368 2216 ἄλλως,
379 2180 448 2211 ὡςᾶν
459 2182 474 2209 ἡ
486 2183 566 2217 χρεία
573 2185 623 2207 τῶν
631 2182 774 2207 νοσούντων
784 2191 865 2211 κατη-

917 1596 1148 1624 discriminatim
1171 1596 1324 1630 omnibus,
1347 1597 1401 1625 sed
1421 1597 1457 1625 iis
1482 1597 1643 1633 duntaxat,
1664 1607 1745 1635 quae,

918 1641 1035 1670 etiamsi
1059 1648 1138 1677 saepe
1161 1647 1223 1668 non
1247 1641 1454 1670 invenirentur
1472 1642 1594 1679 scripta,
1612 1645 1712 1672 tamen
1729 1652 1753 1673 ιι,

917 1686 967 1722 pio
983 1686 1142 1721 Scripturae
1154 1693 1247 1713 sensu
1258 1693 1320 1713 non
1330 1685 1536 1715 abhorrerent.
1554 1688 1685 1724 Scriptor
1694 1688 1747 1723 igi-

918 1733 966 1759 tur
980 1739 1042 1759 non
1056 1731 1081 1758 is
1096 1732 1169 1764 erat,
1185 1730 1248 1766 qui,
1263 1731 1296 1758 ut
1310 1730 1388 1759 falso
1407 1732 1524 1767 putavit
1538 1732 1745 1767 Combeﬁsius,

919 1784 992 1804 suae
1007 1775 1078 1804 ﬁdei
1099 1774 1304 1811 professiones
1323 1783 1360 1803 ex
1383 1776 1466 1811 puris
1487 1777 1567 1812 putis
1588 1777 1746 1813 Scripturoe

918 1821 1018 1849 verbis
1043 1820 1196 1848 mitiorum
1223 1820 1405 1848 Arianorum
1431 1820 1570 1857 exemplo
1596 1821 1747 1850 adornarc

919 1866 1018 1898 vellet,
1035 1873 1104 1893 cum
1119 1865 1184 1901 ipse
1197 1864 1385 1900 quibusdam
1398 1865 1509 1900 verbis,
1525 1873 1593 1901 quae
1615 1875 1694 1903 saepe
1716 1866 1747 1895 in

920 1911 1074 1947 Scriptura
1087 1917 1150 1938 non
1169 1909 1412 1944 inveniebantur,
1433 1909 1599 1947 aliquando
1623 1911 1666 1939 uti
1684 1920 1747 1940 non

918 1954 1108 1983 dubitaverit.
1118 1955 1241 1982 Constat
1250 1961 1373 1990 quoque
1382 1962 1417 1982 ex
1428 1954 1466 1982 iis
1476 1963 1544 1991 quae
1556 1955 1649 1983 modo
1659 1957 1748 1984 retuli

918 2000 1028 2036 verbis,
1036 2001 1190 2028 auctorem
1200 2006 1260 2026 non
1272 1999 1398 2027 omnino
1413 1999 1564 2036 respuisse
1580 2000 1671 2029 verba
1683 2001 1746 2035 illa,

918 2053 986 2082 quae
1001 2045 1032 2073 in
1048 2044 1207 2080 Scripturis
1221 2051 1283 2071 non
1298 2044 1480 2080 legerentur,
1490 2045 1544 2073 sed
1559 2045 1590 2073 in
1602 2046 1649 2074 his
1663 2046 1747 2074 adhi-

918 2089 1025 2118 bendis
1040 2097 1167 2125 parcum
1182 2088 1277 2116 fuisse
1292 2097 1298 2117 :
1313 2097 1350 2117 ex
1359 2097 1421 2125 quo
1435 2089 1477 2122 ﬁt,
1495 2092 1600 2118 utnon
1612 2091 1653 2119 ad
1667 2099 1746 2119 unos

919 2135 1079 2171 scriptores
1104 2133 1278 2167 canonicos,
1303 2133 1346 2161 uti
1369 2133 1445 2162 falso
1467 2134 1524 2162 sibi
1549 2135 1747 2163 Combeﬁsius

919 2181 1123 2217 persuaserat,
1134 2178 1313 2214 provocarit.
1331 2179 1390 2206 Nec
1404 2178 1513 2213 verius,
1527 2180 1612 2215 quod
1623 2179 1748 2208 Combe-

43 2226 155 2260 νάγκασε,
172 2229 218 2252 καὶ
229 2227 340 2256 ταύταις
351 2225 474 2256 πολλάκις
486 2225 613 2262 ἀγράφοις
628 2228 682 2262 μὲν,
700 2227 768 2262 ὅμως
784 2225 808 2252 δ’
821 2225 863 2252 οὖν

920 2225 1005 2253 ﬁsius
1029 2224 1113 2258 dixit,
1132 2223 1309 2259 scriptorem
1328 2222 1404 2251 nihil
1423 2223 1542 2252 dedisse
1567 2225 1747 2259 auctoritati,

44 2269 83 2295 οὐκ
94 2270 296 2307 ὰπεξενωμέναις
306 2274 335 2299 τῆ
342 2280 352 2300 ς
360 2271 427 2296 κατὰ
435 2272 482 2299 τὴν
492 2273 595 2308 Γραφὴν
603 2270 723 2302 εὐσεϐοῦς
735 2270 863 2302 διανοίας·

45 2313 246 2341 uolneri-610‘;
255 2314 364 2341 mum
369 2325 379 2344 ;
385 2317 428 2340 καὶ
435 2314 591 2345 Ἑλληνικοῖς
598 2315 631 2352 ῥή
635 2325 701 2351 μασι
709 2317 868 2353 χρήσασθαι

45 2362 73 2393 μὴ
82 2362 313 2398 παραιτησαμένου
324 2361 388 2396 πρὸς
400 2362 442 2385 τὸν
451 2358 519 2386 ἴδιον
532 2363 639 2388 σκοπόν.
647 2364 699 2386 Νῦν
711 2359 739 2387 δὲ
748 2363 813 2399 πρὸς
824 2363 868 2388 τὸν

46 2406 117 2430 κοινὴν
130 2405 202 2441 ἡμῶν
218 2415 246 2431 τε
262 2408 308 2431 καὶ
319 2406 388 2440 ὑμῶν
404 2406 500 2431 σκοπὸν
521 2404 634 2442 ἁρμόζον
655 2405 826 2442 ἐλογισάμην)
845 2406 868 2432 ἐν

46 2448 161 2478 ἁπλότητι
171 2455 202 2480 τῆ
210 2461 220 2481 ς
231 2451 405 2485 ὑγιαινούσης
416 2452 540 2484 πίστεως,
552 2451 581 2475 τὸ
599 2449 732 2486 ἐπίταγμα
744 2455 791 2482 τῆς
805 2452 870 2487 ὑμε-

46 2494 110 2529 τέρας
125 2493 147 2520 ἐν
163 2498 276 2531 Χριστῷ
294 2493 397 2529 ἀγάπης
421 2494 569 2532 trimodiam,
588 2495 664 2520 εἰπὼν
687 2495 705 2520 ἆ
719 2493 870 2531 ἐδιδάχθην

45 2540 106 2573 παρά
116 2543 161 2570 τῆς
173 2540 348 2566 θεοπνεύστου
359 2542 471 2576 Γραφῆς·
484 2537 633 2575 φειδόμενος
644 2541 691 2576 μὲν
699 2542 743 2566 καὶ
755 2544 804 2565 τῶν
818 2540 871 2567 ὀνο-

45 2584 122 2616 μάτὼν
130 2583 246 2617 ἐκείνων,
258 2583 368 2615 ἀλέξεο-ι
383 2586 426 2620 μὲν
441 2584 532 2614 αὐταῖς
547 2584 594 2609 οὐκ
611 2583 746 2621 ἐμφέρεται
759 2589 802 2621 τῇ,
816 2586 872 2622 θείᾳ

46 2629 135 2663 Γραφῇ,
151 2627 275 2654 διάνοιάν
288 2638 317 2663 γε
332 2631 382 2664 μὴν
396 2631 441 2657 τὴν
457 2630 555 2658 ἒχειν-ην
572 2630 720 2665 ἐγκειμένη
734 2633 764 2665 τῇ
783 2633 870 2667 Γραφῇ

46 2668 174 2703 δικσοιζειι
187 2674 240 2699 ὅσα
253 2671 284 2698 δὲ
295 2675 359 2710 πρὸς
368 2683 402 2708 τῳ
412 2673 472 2709 ξένῳ
482 2677 531 2704 τῆς
539 2673 629 2704 λέξεως
640 2675 677 2700 ἔτι
688 2677 732 2700 καὶ
738 2678 796 2700 νονν
805 2675 872 2706 ξένον

46 2720 98 2751 ημῖν
110 2717 305 2754 ἐπεισάγει,καὶ
316 2718 332 2743 ἀ
342 2717 388 2743 οὐκ
397 2719 465 2744 ἔστιν
471 2719 526 2744 ’ὑπὸ
536 2721 585 2743 τῶν
597 2718 675 2754 ἁγίων
687 2722 875 2756 κηρυσσόμενα

77 2781 115 2816 (a)
136 2781 188 2810 Vie
202 2781 241 2810 de
251 2781 284 2809 S.
297 2781 406 2818 Basile,
421 2789 452 2818 p.
469 2783 533 2810 635.

921 2277 1019 2306 neque
1034 2268 1182 2302 Ecclesiae,
1198 2276 1297 2304 neque
1312 2275 1416 2296 eorum
1433 2268 1487 2304 qui
1503 2269 1595 2297 secuti
1609 2272 1679 2298 sunt
1698 2271 1749 2298 Pa-

922 2318 1012 2344 trum.
1029 2314 1083 2347 Qui
1099 2313 1180 2342 enim
1194 2321 1230 2341 ea
1245 2312 1308 2341 sola
1326 2313 1430 2348 verba,
1445 2322 1512 2350 quas
1526 2315 1634 2350 praeter
1648 2314 1750 2343 dictio-

923 2360 970 2389 nis
985 2359 1147 2388 novitatem
1159 2366 1274 2386 novum
1285 2357 1375 2386 etiam
1384 2360 1413 2386 et
1423 2359 1615 2394 peregrinum
1626 2367 1750 2387 sensum

923 2404 1095 2442 praeferunt,
1111 2402 1258 2439 repudiat,
1272 2402 1297 2430 is
1312 2405 1390 2430 certe
1402 2405 1430 2431 et
1440 2403 1579 2431 Ecclesiae
1590 2407 1618 2432 et
1629 2406 1750 2432 Patrum

924 2449 1134 2478 auctoritatem
1158 2447 1246 2483 sequi
1269 2449 1392 2483 paratus
1412 2449 1466 2476 est.
1492 2449 1590 2476 Unum
1615 2449 1639 2476 si
1665 2448 1751 2477 addi-

924 2494 1008 2528 dero,
1033 2493 1073 2521 ad
1088 2494 1196 2520 caetera
1217 2499 1357 2527 pergam.
1385 2492 1506 2521 Dubitat
1527 2493 1570 2521 vir
1585 2493 1753 2521 eruditissi-

925 2547 993 2567 mus
1008 2536 1213 2566 Tillemontius
1233 2537 1286 2572 (a),
1307 2539 1408 2564 utrum
1429 2545 1474 2571 ea,
1497 2537 1534 2565 de
1554 2545 1616 2574 qua
1630 2539 1752 2566 contro-

925 2583 1026 2611 versia
1041 2584 1094 2616 est,
1109 2581 1179 2609 ﬁdei
1195 2581 1356 2617 professio,
1373 2581 1440 2613 ipsa
1462 2582 1508 2615 sit,
1522 2590 1616 2618 quam
1628 2582 1755 2611 Basilius

926 2627 1089 2664 scripserit,
1105 2634 1146 2654 an
1164 2626 1234 2660 alia,
1250 2634 1319 2662 quae
1338 2626 1369 2654 in
1391 2626 1456 2662 ejus
1479 2626 1582 2655 locum
1592 2627 1756 2656 substituta

927 2673 974 2701 sit.
999 2674 1099 2701 Causa
1122 2673 1234 2705 autem,
1256 2679 1310 2698 our
1329 2670 1370 2699 ita.
1393 2671 1586 2706 dubitaverit,
1609 2680 1673 2700 non
1697 2672 1757 2701 alia

927 2719 981 2753 est,
994 2717 1053 2746 nisi
1066 2716 1149 2755 quod
1158 2716 1223 2745 haec
1237 2715 1310 2745 ﬁdei
1323 2715 1479 2753 professio,
1493 2717 1592 2754 potius
1606 2717 1758 2754 peculiare
