2020 3140
251 162 286 190 79

1010 151 1190 181 PREFATIO
1195 171 1201 178 .

1929 157 1960 184 80

251 222 409 259 quoddam
425 228 513 257 opus,
533 226 626 256 quam
648 218 776 252 alicujus
799 217 898 254 operis
919 215 1067 250 continua.

1133 216 1197 250 μένα
1211 214 1226 244 ἦ
1245 213 1422 251 ἐγκεκριμένα,
1447 219 1540 249 ταῦτα,
1563 216 1630 241 κατὰ
1653 216 1681 241 τὸ
1705 213 1816 242 δυνατὸν
1833 217 1906 253 ἡμῖν,
1926 220 1959 249 εἰς

251 268 292 296 tio
308 276 343 295 ac
357 267 449 294 series
465 273 530 293 esse
547 264 691 292 videatur,
711 264 816 291 Fateor
831 270 886 297 ego
897 262 977 289 hanc
991 260 1080 288 Fidei

250 313 465 348 professionem
493 309 644 346 peculiare
673 316 751 344 opus
779 315 844 335 esse
875 316 881 334 :
913 306 966 334 sed
999 312 1077 353 nego

251 358 321 386 inde
336 355 474 385 concludi
495 362 583 391 posse
604 361 672 381 eam
691 352 731 380 ad
752 351 889 380 Ascetica
909 357 971 378 non
985 351 1077 385 perti-

250 410 329 430 nere.
360 403 434 429 Nam
459 399 664 427 Asceticorum
691 399 793 434 partes
820 395 984 433 peculiaria.
1012 401 1077 421 esse

251 455 352 484 opera,
375 453 444 482 qua:
463 443 586 472 diversis
601 441 788 478 temporibus
810 441 921 476 scripta
943 437 1077 484 ainbob-

249 483 371 520 scurum
397 498 459 517 non
484 490 540 517 est.
565 487 679 515 Etenim
703 495 772 514 cum
795 486 827 513 in
843 485 902 512 fine
927 483 1017 512 libelli
1034 483 1076 510 De

245 537 360 572 iudicio
387 535 442 563 Dei
466 533 617 562 retulisset
644 531 788 568 quaedam
812 529 947 566 Apostoli
969 527 1072 559 verba,

246 582 289 610 sic
302 580 421 612 scripsit
437 588 443 605 :
456 578 608 605 Ἀκόλουθον
620 577 683 613 ὁμοῦ
697 579 741 601 καὶ
753 575 891 611 ἀναγκαῖον
903 574 1071 609 ἐλογισάμην,

244 630 291 656 τὴν
307 628 474 663 ὑγιαίνουσαν
490 627 578 650 πίστιν
602 625 647 648 καὶ
672 621 763 650 εὐσεϐῆ
791 619 869 651 δόξαν
893 621 953 655 πεφί
973 628 1000 644 τε
1016 621 1070 644 Ilu-

242 674 303 703 τρὸς
318 674 362 697 καὶ
375 672 436 696 Υὶοῡ
449 672 493 695 καὶ
514 668 589 703 ἁγίου
612 668 760 702 Πνεύματος
786 665 952 702 παραθέσθαι
975 665 1070 699 πρότε-

241 700 295 755 ρον,
311 718 356 742 καὶ
368 716 448 745 οὕτως
464 712 624 748 strenui-{am
638 713 671 737 τὰ
681 711 971 746 ἠθικάησοηςρριιθηε
979 707 1070 736 simul

239 765 267 790 et
296 760 495 789 necessarimn
525 756 707 788 existimavi,
733 758 766 782 ut
790 762 897 783 sanam
923 754 1012 788 ﬁdem
1034 760 1070 780 ac

238 807 320 842 piam
341 805 376 833 de
398 805 492 832 Patre
511 805 536 830 et
552 801 631 829 Filio
651 803 679 828 et
693 800 809 834 Spiritu
829 801 933 827 sancto
953 800 1070 825 senten"

239 852 311 879 tiam
336 849 421 884 prius
449 853 636 882 exponerem,
666 848 692 873 et
724 845 767 872 ita
794 844 912 871 demum
939 842 1067 870 moralia

1134 261 1210 296 ᾆοους
1224 258 1410 295 κεφαλαιώδεις
1429 262 1494 297 πρὸς
1518 262 1547 286 τὸ
1572 260 1696 288 εὔληπτον
1720 264 1774 291 τοῖς
1794 260 1958 297 βουλομένοις

1134 302 1333 341 ἐσπουδάσαμεν
1356 309 1521 340 συναγαγεῖν,
1539 307 1593 332 etc.
1617 306 1691 332 Cum
1716 305 1752 333 de
1773 305 1818 333 his
1842 313 1909 341 qua’
1922 308 1959 335 ad

1132 356 1237 376 sanam
1251 349 1340 382 ﬁdem
1361 350 1523 384 pertinent,
1546 350 1619 377 satis
1639 357 1694 383 pro
1714 353 1845 384 tempore
1863 352 1896 378 in
1912 359 1958 378 su-

1128 392 1299 426 perioribus
1326 401 1344 421 a
1366 393 1450 421 nobis
1474 394 1588 421 dictum
1609 394 1704 428 fuisse
1723 397 1869 429 putemus,
1892 397 1957 429 jam

1130 437 1278 471 Moralia,
1309 445 1376 474 quae
1399 439 1609 472 promisimus,
1640 440 1671 466 in
1695 440 1814 467 nomine
1838 440 1960 468 Domini

1131 483 1229 509 nostri
1245 483 1315 510 Jesu
1332 483 1447 510 Christi
1469 483 1590 511 tradere
1605 491 1755 511 conemur.
1772 484 1958 519 Quaecunque

1129 527 1224 561 igitur
1242 527 1386 555 hactenus
1401 529 1531 563 sparsim
1545 529 1576 555 in
1595 529 1678 556 Novo
1700 522 1886 557 Testamento
1906 534 1957 558 aut

1128 572 1293 599 interdicta
1314 576 1366 600 aut
1386 573 1556 607 approbata
1571 573 1749 605 invenimus,
1770 581 1805 601 ea
1818 582 1876 608 pro
1892 583 1956 602 nos-

1129 619 1178 644 tra
1193 617 1279 644 virili
1290 620 1377 651 parte
1402 618 1434 645 in
1459 618 1578 653 regulas
1600 619 1745 653 quasdam
1766 619 1955 654 compendia-

1127 662 1200 696 rias,
1217 670 1273 697 quo
1286 663 1412 697 facilius
1433 670 1452 691 a
1472 664 1574 698 quovis
1596 664 1853 698 intelligerentur,
1875 665 1956 693 colli-

1125 714 1195 741 gere
1209 708 1392 742 curavimus,
1407 710 1463 735 etc.

1125 751 1274 786 §XLPars
1282 752 1425 784 tertia,an
1432 753 1565 780 Basilius
1575 753 1724 781 auctarsit
1737 753 1870 781 brevium
1882 754 1953 782 duo-

1150 803 1218 824 rum
1230 799 1428 830 tractatuum,
1441 797 1495 832 qui
1505 800 1572 831 post
1582 797 1715 825 Mor-alia
1728 798 1931 826 collocantur.

1142 846 1146 848 ‘
1159 842 1203 868 32.
1217 841 1323 868 Breves
1333 840 1364 868 hi
1379 843 1532 874 tractatus,
1547 849 1676 877 quorum
1688 842 1769 869 idem
1783 846 1828 870 est
1838 843 1952 877 titulus,

237 876 410 924 all-emerem.
429 893 462 920 Et
476 876 601 927 quidem
621 876 658 917 ex
681 888 728 916 his
745 887 845 916 verbis
870 886 1000 922 perspici
1015 894 1066 921 p0-

1122 887 1172 910 Τοῡ
1186 884 1265 910 αὑτοῦ
1281 884 1356 920 λόγος
1371 884 1524 917 ἀο-κητικός,
1537 885 1678 920 Ejusdem
1688 894 1783 913 sermo
1794 887 1952 921 asceticus,

237 942 304 973 test,
315 937 450 966 libellum
465 937 504 963 De
516 935 576 969 ﬁde
591 933 699 962 eodem
722 933 789 967 jure
809 931 868 959 dici
883 939 973 967 posse
989 938 1065 966 opus

235 984 397 1021 peculiare,
414 989 475 1017 quo
495 979 625 1012 Moralia,
646 986 715 1014 quae
730 979 759 1005 et
772 977 838 1013 ipsa
858 975 1019 1021 attexuisse
1034 983 1066 1002 se

235 1020 307 1058 dicit
324 1027 462 1057 Basilius.
487 1026 560 1053 Cum
576 1024 666 1058 igitur
682 1022 803 1051 Moralia
823 1029 900 1057 opus
915 1020 1065 1056 peculiare

235 1081 300 1102 csse
316 1073 355 1100 ab
371 1070 514 1099 omnibus
528 1068 680 1101 dicantur,
701 1075 762 1094 non
783 1065 871 1094 video
896 1073 948 1093 cur
961 1064 1009 1092 hic
1025 1066 1065 1092 De

235 1119 294 1154 ﬁde
308 1116 426 1145 libellus
434 1122 489 1151 pro
502 1121 592 1149 opere
606 1111 749 1148 peculiari
762 1111 867 1139 haberi
882 1117 943 1137 non
959 1108 1062 1145 possit.

237 1166 279 1192 Ex
291 1162 459 1196 eodemque
474 1159 524 1187 illo
543 1157 610 1185 loco
630 1159 722 1193 patet,
746 1155 900 1189 Basilium,
915 1162 984 1182 cum
999 1154 1063 1182 haec

237 1208 389 1239 scriberet,
409 1203 547 1233 nondum
569 1201 695 1237 Regulus
720 1199 937 1236 composuisse,
961 1201 1063 1234 utpote

237 1260 368 1290 quarum
384 1249 570 1278 mentionem
581 1254 644 1274 non
655 1246 752 1276 faciat.
764 1246 870 1278 Quare,
882 1246 915 1271 ut
929 1243 1000 1277 dixi,
1015 1245 1065 1270 As-

239 1298 402 1327 ceticorum
419 1297 519 1330 partes
535 1291 699 1328 peculiaria
714 1292 782 1317 sunt
801 1297 905 1325 opera,
921 1296 984 1316 non
1005 1294 1065 1315 uno

239 1347 374 1378 tempore
390 1337 570 1373 conscripta,
581 1335 635 1363 sed
647 1342 779 1371 quorum
795 1333 876 1361 aliud
890 1335 959 1378 post
971 1331 1064 1362 aliud,

239 1377 330 1426 prout
339 1384 458 1414 Occasio
471 1390 502 1410 se
512 1381 616 1414 dabat,
626 1380 797 1426 confectum
808 1378 857 1426 sit.
862 1377 906 1405 Ad
918 1378 1067 1426 haec‘cum

240 1422 392 1467 hodieque
406 1429 470 1456 haec
485 1426 569 1454 Fidei
581 1425 727 1460 professio
743 1426 771 1451 et
790 1423 820 1450 in
836 1424 947 1450 Veneta
960 1422 1066 1449 editio-

241 1486 279 1506 ne
293 1480 321 1505 et
340 1476 371 1503 in
386 1472 534 1502 veteribus
547 1469 630 1498 libris
648 1468 755 1496 eodem
771 1467 875 1496 ordine
891 1467 1066 1503 reperiatur,

243 1530 305 1559 quo
320 1528 388 1549 eam
401 1518 516 1546 viderat
532 1515 667 1547 Pbotius,
682 1521 743 1541 non
766 1512 884 1540 videtur
895 1520 994 1559 causa
1007 1511 1069 1559 ulla

244 1556 320 1600 esse,
335 1572 387 1593 cur
403 1564 469 1599 ipsa
488 1561 565 1588 inter
579 1558 712 1586 Ascetica
735 1556 924 1584 numeranda
944 1563 1006 1583 non
1022 1556 1067 1582 sit.

245 1615 319 1640 Cum
331 1609 410 1637 enim
426 1615 462 1634 ex
482 1605 528 1633 his
544 1603 693 1631 veteribus
708 1601 802 1635 libris,
818 1601 847 1628 in
863 1600 974 1636 quibus
990 1600 1069 1627 inve-

243 1657 335 1689 nitur,
348 1651 485 1682 nonnulli
501 1650 570 1684 sint,
586 1648 639 1684 qui
654 1647 678 1674 si
700 1646 876 1682 antiquitate
893 1653 952 1672 non
967 1644 1068 1672 omni—

243 1710 284 1730 no
305 1701 424 1728 aetatem
450 1694 543 1723 Photii
571 1693 730 1727 attingant,
751 1693 781 1718 at
809 1690 848 1717 ad
875 1697 943 1717 eam
967 1691 1068 1717 tamen

244 1745 390 1775 accedant
415 1740 562 1778 proxime,
587 1735 718 1765 dubitari
745 1734 850 1763 merito
872 1742 934 1762 non
959 1736 1067 1770 potest,

243 1791 317 1828 quin
333 1784 484 1824 ejusmodi
499 1783 584 1828 Fidei
597 1781 747 1828 professio.
765 1779 815 1807 illa
830 1779 897 1815 ipsa
912 1779 958 1828 sit,
975 1786 1068 1828 quam

243 1822 364 1864 l;hotius
379 1833 407 1859 et
426 1828 507 1862 vidit,
521 1830 549 1854 et
561 1826 635 1854 inter
651 1824 786 1852 Ascetica
798 1822 948 1851 recensuit
962 1832 968 1850 :
985 1822 1071 1858 quod

244 1882 345 1908 autem
361 1876 400 1904 ab
415 1874 530 1911 optimo
544 1871 654 1899 harum
666 1877 767 1896 rerum
780 1867 881 1903 judice
894 1867 998 1895 Photio
1014 1875 1069 1903 pro

243 1923 447 1952 Asceticorum
461 1919 545 1954 parte
558 1914 696 1943 habitum
711 1915 764 1945 est,
776 1912 807 1940 id
822 1911 911 1940 hodie
922 1911 952 1939 in
964 1911 1069 1939 alienis

242 1968 315 2006 poni
331 1965 416 1994 facile
432 1970 493 1991 non
508 1960 607 2006 debet.
628 1957 716 2006 Quod
731 1957 871 2006 ultimum
892 1958 939 2006 est
961 1955 993 2006 in
1012 1956 1069 2006 hac

243 2000 420 2049 quaestione,
432 2005 585 2036 Moralium
598 2002 774 2039 scriptorem
790 2003 918 2037 spectat:
929 2000 982 2027 sed
991 2002 1068 2028 certe

242 2045 343 2093 neque
365 2052 465 2082 multis
492 2048 604 2082 verbis,
620 2055 719 2083 neque
741 2053 854 2081 magno
872 2045 976 2094 labpre
991 2053 1068 2094 opus

243 2090 304 2136 est,-
313 2103 346 2128 ut
360 2105 465 2127 eorum
476 2103 563 2123 verus
575 2094 679 2122 auctor
691 2094 900 2127 cognOScatur.
918 2090 973 2123 Qui
986 2090 1067 2136 enim

241 2147 326 2176 novit
340 2146 494 2173 auctorem
509 2138 680 2168 libellorum
703 2137 746 2164 De
764 2136 882 2170 judicio
902 2135 957 2163 Dei
971 2142 1006 2162 ac
1024 2135 1068 2162 De

1121 928 1161 957 ad
1170 929 1304 956 Ascetica
1315 929 1398 957 nullo
1408 929 1500 957 modo
1511 930 1671 965 pertinent.
1680 932 1764 964 Nam,
1772 933 1805 958 ut
1814 934 1858 958 est
1868 931 1953 967 apud

1120 973 1260 1001 Photium
1275 974 1328 1008 (α),
1343 973 1434 1001 libelli
1449 974 1492 1001 De
1501 975 1620 1009 judicio
1635 976 1691 1003 Dei
1702 983 1737 1003 ac
1752 976 1796 1003 De
1808 976 1879 1010 ﬁde,
1895 978 1953 1004 Mo-

1119 1017 1204 1051 ralia,
1221 1017 1341 1052 Regulae
1357 1021 1419 1046 tam
1433 1018 1585 1053 longiores
1600 1027 1694 1054 quam
1710 1020 1863 1048 breviores
1883 1029 1952 1056 pro-

1119 1062 1182 1098 prie
1194 1062 1330 1090 Ascetica
1340 1062 1574 1090 constituebant.
1585 1064 1766 1100 Quanquam
1778 1067 1882 1093 autem
1890 1065 1951 1093 duo

1119 1106 1149 1134 hi
1170 1115 1326 1134 sermones
1348 1107 1388 1134 ad
1411 1106 1564 1141 ἀσκητικὸν,
1581 1108 1664 1144 quod
1688 1111 1823 1142 vocatur,
1847 1109 1951 1137 referri

1119 1159 1181 1179 non
1203 1151 1330 1187 possint,
1359 1159 1421 1179 non
1443 1154 1604 1188 propterea
1630 1155 1730 1180 tamen
1756 1161 1808 1181 eos
1830 1154 1949 1182 silentio

1119 1195 1344 1232 praetermittere
1366 1196 1443 1224 licet.
1462 1196 1625 1224 Videamus
1648 1197 1738 1232 igitur
1762 1198 1859 1226 Basilii
1875 1199 1947 1234 sint,

1119 1247 1226 1268 necne.
1243 1242 1326 1268 Certe
1342 1241 1365 1268 si
1386 1240 1535 1268 habeatur
1553 1241 1629 1269 ratio
1644 1244 1696 1269 aut
1710 1245 1842 1270 veterum
1856 1243 1950 1271 libro-

1120 1293 1200 1319 rum,
1221 1287 1272 1312 aut
1292 1293 1458 1313 consensus
1473 1285 1630 1314 hominum
1643 1286 1841 1320 eruditorum,
1857 1296 1950 1316 nemo

1121 1329 1351 1365 dubitabitquin
1358 1329 1404 1357 hae
1411 1330 1606 1358 oratiunculae
1613 1331 1652 1358 ad
1660 1331 1799 1359 Basilium
1807 1333 1951 1368 Magnum

1123 1375 1302 1410 pertineant.
1317 1375 1392 1402 Nam
1406 1374 1476 1402 etin
1492 1375 1623 1411 antiquis
1638 1376 1781 1403 omnibus
1795 1376 1880 1404 libris
1895 1386 1952 1406 no-

1122 1427 1193 1447 men
1207 1418 1305 1446 Basilii
1319 1418 1491 1454 praeferunt,
1506 1422 1534 1447 et
1553 1419 1592 1448 ab
1614 1420 1736 1448 eruditis
1755 1421 1912 1456 omnibus,
1927 1424 1953 1451 si

1123 1464 1198 1491 forte
1219 1463 1365 1491 Scultetns
1385 1463 1564 1500 excipiatur,
1580 1472 1634 1500 pro
1655 1464 1715 1492 fetu
1738 1466 1878 1500 ejusdem
1901 1475 1952 1502 ge-

1122 1508 1214 1536 nuino
1227 1508 1390 1536 habentur.
1416 1509 1533 1536 Monere
1559 1512 1659 1537 tamen
1677 1510 1775 1545 juvat,
1790 1511 1869 1539 inter
1887 1521 1953 1540 eru-

1120 1553 1201 1580 ditos
1216 1552 1282 1579 illos
1296 1553 1447 1586 homines,
1465 1561 1543 1589 quos
1563 1553 1636 1588 dixi,
1657 1555 1817 1591 antiquum
1833 1556 1953 1585 nullum

1122 1597 1299 1633 scriptorem
1321 1597 1459 1631 inveniri,
1484 1598 1536 1634 qui
1561 1598 1623 1626 duo
1644 1599 1710 1626 haec
1731 1601 1881 1636 opuscula
1900 1605 1954 1629 aut

1122 1649 1258 1678 unquam
1280 1641 1459 1675 laudaverit,
1476 1645 1528 1670 aut
1544 1650 1579 1670 ex
1602 1643 1644 1671 eis
1663 1643 1831 1680 quidquam
1852 1653 1951 1674 excer-

1121 1687 1213 1723 pserit
1225 1695 1231 1713 :
1241 1686 1325 1722 quod
1340 1687 1455 1721 notavi,
1467 1695 1527 1714 non
1540 1691 1571 1715 ut
1585 1688 1733 1716 elevarem
1748 1691 1951 1718 recentiorum

1122 1730 1340 1764 auctoritatem,
1352 1730 1406 1758 sed
1416 1739 1454 1758 ne
1465 1732 1534 1767 quis
1544 1732 1620 1760 falso
1636 1733 1833 1762 arbitraretur
1844 1735 1902 1762 hos
1912 1735 1952 1764 de

1121 1775 1232 1812 quibus
1247 1776 1367 1810 agimus
1380 1775 1496 1804 libellos
1512 1777 1550 1804 ab
1565 1777 1718 1813 aliquibus
1732 1779 1822 1806 etiam
1839 1781 1952 1808 veteri-

1121 1821 1180 1848 bus
1197 1820 1302 1849 Basilio
1318 1820 1417 1848 tribui.
1433 1821 1537 1848 Mirum
1553 1824 1653 1849 autem
1667 1823 1781 1851 nemini
1791 1824 1887 1852 videri
1899 1825 1950 1853 de-

1121 1865 1182 1898 bet,
1199 1866 1223 1892 si
1238 1865 1285 1892 his
1301 1865 1488 1901 temporibus
1503 1865 1670 1894 doctissimi
1685 1867 1798 1904 quique
1812 1868 1869 1897 has
1885 1878 1953 1898 ora»

1121 1909 1271 1938 tiunculas
1296 1909 1500 1944 adjudicarint
1526 1911 1644 1939 Basilio.
1672 1913 1757 1946 Nam,
1784 1916 1816 1940 ut
1843 1922 1953 1942 verum

1122 1954 1227 1988 fatear,
1245 1962 1314 1981 cum
1337 1953 1470 1989 primum
1491 1954 1642 1991 leguntur,
1664 1964 1763 1992 neque
1786 1957 1817 1985 in
1839 1959 1953 1995 verbis,

1122 2006 1221 2034 neque
1236 1998 1267 2025 in
1289 1998 1444 2026 sententiis
1464 1999 1633 2036 quidquam
1649 2003 1784 2036 apparet,
1805 2003 1888 2030 unde
1903 2012 1955 2031 su-

1121 2043 1215 2079 spicio
1228 2042 1332 2078 aliqua
1342 2042 1456 2070 oriatur
1468 2052 1474 2070 :
1487 2043 1541 2071 sed
1551 2044 1576 2071 si
1587 2044 1680 2072 semel
1694 2048 1722 2073 et
1734 2046 1840 2074 iterum
1855 2048 1953 2075 oculis

1120 2087 1296 2119 lustrantur,
1308 2086 1345 2114 de
1355 2087 1412 2121 his,
1424 2087 1542 2124 opinor,
1554 2088 1639 2117 aliter
1647 2089 1844 2124 judicabitur.
1853 2093 1883 2119 ln
1894 2092 1954 2120 illis

1120 2132 1201 2159 enim
1216 2131 1406 2167 reperiuntur
1417 2140 1504 2160 voces
1517 2132 1669 2168 quaedam,
1679 2142 1755 2170 quas
1768 2135 1798 2162 in
1809 2137 1952 2170 genuinis

239 2193 309 2228 ﬁde,
319 2188 474 2218 Moralium
483 2184 657 2220 scriptorem
671 2181 761 2209 simul
771 2180 861 2208 novit.
875 2179 986 2207 Etenim
998 2187 1065 2215 quae
1083 2187 1106 2214 Β
1121 2176 1218 2225 Basilii
1236 2176 1380 2226 .Asceticis
1399 2184 1553 2228 nusquam
1567 2176 1708 2228 legimus.
1722 2182 1833 2208 Auctor
1847 2181 1949 2217 igitur,

238 2223 270 2266 in
284 2223 343 2264 fine
367 2232 459 2261 libelli
478 2232 521 2257 De
530 2228 649 2264 judicio
666 2227 719 2253 Dei
741 2225 892 2260 leguntur,
909 2223 1067 2251 manifeste

239 2279 404 2310 ostendunt
417 2277 528 2304 horum
539 2273 630 2300 trium
645 2271 826 2306 scriptorum
839 2277 933 2296 unum
946 2271 974 2295 et
985 2276 1067 2296 eum-

238 2327 308 2354 dem
325 2325 479 2351 auctorem
493 2326 557 2347 esse
574 2327 580 2344 :
599 2324 666 2352 quae
682 2314 776 2342 verba
795 2321 864 2341 cum
889 2313 981 2348 paulo
997 2316 1066 2342 ante

235 2368 400 2401 retulerim,
416 2374 451 2393 ea
465 2370 571 2391 rursus
586 2362 644 2389 hoc
657 2359 725 2387 loco
740 2358 848 2385 referre
860 2357 933 2385 nihil
944 2366 1065 2386 necesse

235 2418 291 2444 est.
307 2414 451 2442 Praeterea
463 2408 515 2444 qui
530 2405 665 2434 libellum
680 2404 722 2432 De
734 2403 794 2437 ﬁde
809 2402 997 2438 conscripsit,
1009 2404 1064 2430 Mo-

234 2460 345 2490 ralium
361 2464 393 2484 se
408 2462 472 2483 esse
488 2454 641 2480 auctorem
655 2451 756 2485 aperte
768 2447 910 2475 declarat.
924 2447 967 2475 Ita.
982 2447 1062 2475 enim

234 2506 291 2534 sub
307 2504 401 2532 ﬁnem
419 2498 553 2534 loquitur
570 2498 664 2531 (num.
688 2497 714 2527 6,
741 2502 770 2529 p.
788 2494 851 2543 229?
869 2494 929 2543 ira
943 2495 1062 2529 περὶτῆς

232 2550 404 2587 ὑγιαινούσης
418 2547 530 2573 πίστεως
544 2541 566 2567 ἐν
576 2545 629 2571 τοῖς
645 2541 694 2577 πρὸ
710 2541 805 2565 τούτων
819 2539 955 2574 αὐτάρκως
968 2542 1060 2575 sip-5,7-

233 2584 276 2623 o'm
290 2596 354 2624 ποὸς
373 2594 402 2618 τὸ
427 2590 508 2626 παρὸν
534 2586 712 2622 λογιζόμενοι,
738 2584 850 2609 ἐντεῦθεν
870 2585 916 2611 τὴν
936 2585 1059 2619 περὶτῶν

229 2621 326 2671 ἡθικᾱ;ν
347 2635 500 2672 ἐπαγγελίαν
521 2632 545 2658 ἐν
569 2631 676 2666 ὀνόματι
698 2632 743 2655 τοῦ
760 2631 857 2665 Κυρίου
880 2628 952 2664 ἡμων
971 2626 1057 2655 Ἰησοῦ

227 2688 345 2715 χριστηῡ
361 2682 500 2718 πληρῶσαι
520 2674 722 2711 orandae-must.
741 2674 811 2699 Ὅσα
828 2675 913 2699 τοίνυν
929 2673 1055 2708 supina—

253 2712 258 2724 Δ
669 2721 675 2724 .
690 2723 693 2724 ν
837 2715 862 2724 ,ει
915 2717 921 2721 -

225 2715 270 2770 μέν
286 2731 354 2757 κατὰ
369 2730 414 2756 τὴν
432 2726 528 2754 Καινὴν
541 2732 604 2753 τεως
617 2721 744 2749 Διαοήχην
757 2715 894 2756 σποράδην
911 2717 1055 2755 (inv/9953-

255 2795 294 2828 ta)
309 2792 382 2823 Cod.
398 2798 471 2826 exet,
487 2798 518 2828 p.
535 2787 597 2819 493.

1118 2220 1259 2257 qui-squis
1274 2223 1327 2254 est,
1339 2229 1409 2248 cum
1421 2221 1591 2256 signiﬁcare
1603 2223 1666 2251 vult
1677 2223 1802 2252 fratrum
1814 2234 1949 2254 conven-

1119 2268 1194 2298 tum,
1216 2265 1307 2294 utitur
1325 2265 1405 2293 hisce
1431 2266 1567 2299 vocibus,
1585 2266 1703 2302 συνοδία,
1719 2273 1860 2304 συσχηνία,
1877 2271 1947 2300 πλή-

1119 2321 1195 2348 ρωμα
1209 2320 1215 2338 :
1232 2310 1345 2347 quibus
1361 2313 1462 2338 tamen
1483 2312 1620 2348 Basilius,
1636 2321 1706 2341 cum
1726 2315 1867 2344 eamdem
1882 2325 1946 2344 rem

1118 2355 1311 2391 signiﬁcaret,
1327 2363 1492 2391 nusquam,
1508 2357 1591 2392 quod
1606 2358 1712 2393 sciam,
1725 2367 1801 2387 usus
1815 2364 1870 2388 est.
1888 2363 1946 2390 Nec

1117 2400 1289 2436 putandum
1300 2402 1344 2428 est
1354 2399 1503 2435 ejusmodi
1513 2401 1664 2430 vocabula
1674 2403 1703 2430 in
1716 2403 1838 2432 duabus
1846 2405 1893 2433 his
1903 2406 1947 2434 lu-

1118 2444 1355 2473 cubratiunculis
1370 2452 1441 2473 raro
1456 2445 1604 2482 adhiberi,
1616 2447 1647 2474 in
1659 2447 1756 2484 iisque
1771 2449 1845 2485 poni
1857 2451 1944 2486 quasi

1115 2490 1212 2518 obiter
1228 2499 1234 2517 :
1252 2489 1306 2517 sed
1325 2489 1425 2525 potius
1448 2490 1575 2526 scriptor
1595 2492 1722 2520 vocibus
1737 2493 1794 2521 illis
1808 2495 1851 2523 ita
1866 2495 1945 2524 dele-

1114 2535 1262 2570 ctabatur,
1275 2537 1307 2563 ut
1316 2534 1400 2571 ipsas
1416 2535 1527 2571 saepius
1538 2538 1702 2573 usurparit.
1710 2540 1784 2567 Nam
1797 2542 1829 2568 ut
1838 2540 1944 2570 sileam

1113 2580 1151 2608 de
1165 2579 1321 2608 vocabulis
1337 2582 1469 2608 συσκηνία
1488 2583 1517 2608 et
1535 2581 1673 2618 πλήρωμα,
1693 2590 1761 2618 qua:
1784 2584 1944 2621 aliquoties

1111 2625 1143 2653 in
1160 2628 1219 2653 tam
1235 2623 1379 2653 brevibus
1389 2625 1543 2660 opusculis
1554 2626 1703 2658 adhibuit.
1714 2636 1821 2657 vocem
1832 2629 1944 2657 συνοὸία

1111 2671 1212 2699 decies
1228 2669 1342 2706 repetit.
1367 2670 1408 2696 Ex
1427 2669 1539 2705 quibus
1561 2671 1756 2707 perspicuum
1777 2677 1821 2702 est
1834 2683 1940 2704 vocem

1108 2716 1189 2746 hanc
1215 2712 1326 2742 ouwciia
1346 2721 1407 2749 prae
1431 2715 1546 2742 caeteris
1566 2717 1783 2752 opusculorum
1803 2720 1940 2756 scriptori
