2020 3140
72 133 99 160 81
812 130 878 158 PRA

933 130 993 158 .TlO
999 150 1005 156 .
1730 127 1765 154 82

69 192 239 221 familiarem
249 192 883 228 fuisse.QuomodoergoBasilius,sihorum
901 193 925 220 Α
939 191 1046 220 eodem
1067 192 1192 220 obtentu
1214 191 1299 220 brevi
1322 190 1506 227 rejiciantur.
1531 191 1609 218 Inest
1629 189 1710 218 enim
1733 189 1765 218 in

67 237 228 266 libellomm
242 239 347 266 auctor
355 240 445 270 esset,
459 245 617 274 nunquam
629 246 664 266 ea
678 246 753 265 usus
767 237 882 270 fuisset,

68 282 225 318 praesertim
251 289 321 309 cum
343 281 381 309 de
401 281 493 309 rebus
517 281 654 309 asceticis
678 284 740 310 tam
763 281 884 318 copiose

68 326 233 362 scripserit?
247 327 305 354 Nec
327 326 398 354 satis
421 328 467 354 est
488 326 610 362 dixisse,
629 326 783 362 scripsisse
807 326 885 355 Basi-

66 371 134 398 lium
148 371 359 406 copiosissime
374 371 411 398 de
426 371 562 399 asceticis
575 371 675 406 rebus,
685 371 738 399 sed
749 371 820 399 addi
832 371 885 398 de-

66 416 112 444 bet
123 423 277 443 summum
288 415 373 443 illum
384 416 481 443 virum
493 416 603 443 centies
613 416 740 444 fratrum
755 423 885 444 conven-

67 463 123 488 tum
131 460 261 497 propriis
270 459 455 496 quibusdam
466 460 643 488 nominibus
654 461 851 496 signiﬁcasse,
858 462 885 488 et

65 507 159 532 tamen
170 513 207 532 ne
219 505 314 532 semel
329 505 453 540 quidem
469 512 542 533 voce
559 503 669 531 συνοὸία
682 513 771 533 usum
783 506 884 538 fuisse,

65 557 120 577 non
141 550 181 577 ita
204 550 352 582 facturus,
370 549 394 576 si
417 549 526 577 horum
549 550 767 586 opusculorum
783 552 886 578 auctor

65 594 227 622 exstitisset.
241 595 336 622 Voces
351 594 441 628 enim,
456 602 524 630 qum
539 594 631 622 semel
646 594 736 622 alicui
749 595 886 631 scriptori

65 638 246 674 placuerunt,
271 647 360 674 saepe,
379 641 412 666 ut
436 639 621 675 experientia
641 639 738 672 docet,
759 639 789 667 in
807 639 886 667 illius

64 683 140 711 libris
153 686 327 717 occurrunt,
338 683 469 711 maxime
484 683 508 711 si
522 691 625 711 earum
641 684 885 712 adhibendarum

65 728 176 756 occasio
191 728 310 764 passim
324 727 478 756 offeratur.
494 728 615 756 Accedit
629 728 719 756 etiam
735 729 819 765 quod
834 729 887 756 ubi

64 773 91 800 in
104 772 147 800 liis
161 772 319 808 opusculis
335 781 432 800 sermo
445 773 609 800 instituitur
624 773 661 800 de
672 773 798 801 fratrum
812 781 887 809 prae-

65 818 163 853 posito,
179 817 221 845 ibi
243 826 335 845 voces
358 817 436 850 illas,
457 819 661 854 καθηγούμενος,
682 812 885 855 προηγούμενος,

66 863 312 898 προκαθηγούμευος,
330 862 496 897 saepissime
517 864 680 897 usurpatas
703 862 886 897 invenimus,

65 907 101 933 sic
112 908 142 934 ut
153 906 260 934 novies
275 909 327 934 aut
341 906 441 934 decies
457 906 597 940 legantur
612 914 617 933 :
635 906 722 941 cujus
736 907 775 934 rei
791 915 886 934 unum

65 954 110 979 aut
119 951 244 979 alterum
255 952 431 988 exemplum
441 952 572 988 proferre
581 951 662 978 libet.
672 953 712 979 ita
721 952 810 987 igitur
818 951 887 986 legi-

65 999 106 1024 tur
117 997 145 1024 in
165 997 317 1032 opusculo
342 997 440 1033 primo
456 998 487 1032 (t.
503 999 534 1031 ll,
552 1004 582 1032 p.
604 997 687 1031 323i):
703 997 732 1023 '1—1
747 996 775 1023 δὲ
791 997 887 1028 ἀληθὴς

64 1044 103 1066 καὶ
123 1041 202 1067 τελεία
221 1043 326 1070 ὑπακοὴ
352 1046 400 1067 τῶν
425 1043 579 1078 ὑπο-γειρίων
605 1043 670 1078 πρὸς
693 1044 736 1068 τὸν
756 1043 888 1078 καθηγού-

63 1095 138 1120 gmw,
147 1089 203 1114 etc.
220 1087 300 1114 Vera
311 1090 409 1114 autem
422 1089 448 1114 et
464 1089 600 1121 perfecta
613 1087 799 1115 subditorum
815 1094 888 1122 erga

61 1131 227 1165 pra/cetum
258 1131 445 1166 obedientia,
475 1135 530 1159 etc.
561 1133 594 1159 In
623 1132 757 1160 secundo
785 1134 886 1159 autem

63 1176 99 1211 (p.
114 1177 174 1211 322)
190 1177 254 1204 sic:
274 1176 341 1202 Ἀλλ’
356 1176 379 1201 ἐν
402 1181 432 1212 τῇ
458 1176 562 1213 ἐξουσίᾳ
586 1181 631 1203 τοι)
651 1178 847 1212 καθηγουμένου
871 1177 884 1205 ὴ

62 1224 153 1256 χρῆσις
177 1222 253 1253 ἔστω,
285 1220 313 1246 ἐκ
340 1224 389 1246 τῶν
414 1226 505 1247 κοινῶν
531 1223 559 1247 τὸ
588 1221 745 1250 κατάλληλον
775 1221 885 1247 ἑκάστου

63 1268 236 1301 χρησιμεύειν,
253 1267 324 1291 κατά
338 1269 382 1294 τὴν
398 1270 443 1292 τοῦ
457 1269 653 1303 προηγουμένου
669 1267 811 1302 ὑφήγησιν,
826 1265 886 1293 Sed

62 1316 125 1337 usus
137 1311 174 1338 sit
187 1318 279 1344 penes
290 1311 478 1346 prazfectmn,
494 1311 537 1339 ita
552 1314 584 1338 ut
604 1311 684 1346 quod
697 1311 802 1346 cuique
817 1318 884 1338 con-

60 1355 141 1388 venit,
162 1355 193 1382 id
209 1362 247 1383 ea:
271 1355 478 1383 communibus
494 1356 650 1384 tribuatur
669 1357 765 1390 juxta
788 1354 885 1382 mode-

57 1400 155 1427 ratoris
187 1403 387 1434 praeceptum.
417 1401 448 1426 In
479 1400 621 1434 genuinis
649 1402 749 1428 autem
785 1399 883 1427 Basilii

58 1443 196 1477 Asceticis,
214 1444 273 1472 etsi
298 1444 329 1471 in
353 1444 428 1479 ipsis
450 1444 561 1472 centies
585 1452 684 1472 sermo
699 1445 829 1472 habetur
844 1443 882 1470 de

56 1488 304 1515 monasteriorum
317 1488 474 1523 praefectis,
492 1496 646 1524 nusquam
660 1491 760 1516 tamen
776 1489 815 1516 ad
828 1497 880 1517 eos

938 236 1071 272 utrisque
1081 236 1199 272 Regulis
1207 237 1269 264 tam
1279 235 1468 263 brevioribus
1476 243 1570 271 quam
1577 233 1765 269 longioribus

939 281 1045 310 eadem
1070 281 1199 315 indoles,
1219 281 1300 309 idem
1325 280 1491 315 ingenium,
1512 280 1619 308 eadem
1644 287 1764 307 morum

939 329 1097 363 praecepta,
1109 327 1190 354 idem
1212 335 1290 354 verae
1305 326 1424 362 pietatis
1444 334 1541 361 amor,
1554 325 1635 353 idem
1659 325 1722 353 vitii
1738 326 1767 352 et

939 371 1054 407 peccati
1068 371 1189 399 odium:
1211 379 1272 399 uno
1286 371 1389 404 verbo,
1409 370 1486 398 inest
1500 371 1531 398 in
1547 370 1682 406 utrisque
1703 377 1766 397 non

939 415 1064 452 quidem
1077 417 1175 451 major
1187 416 1339 448 severitas,
1351 424 1421 443 cum
1443 415 1597 443 severitate
1613 414 1766 449 Evangelii

940 461 1039 496 major
1048 469 1108 488 non
1122 461 1168 495 sit,
1181 460 1233 488 sed
1248 460 1373 495 majoris
1383 459 1548 488 severitatis
1558 459 1646 496 quasi
1658 459 1766 487 umbra

939 505 1091 541 quaedam.
1101 506 1209 533 Etvero
1216 504 1414 533 Combeﬁsius
1422 512 1482 532 non
1492 504 1582 532 aliam
1589 504 1628 532 ob
1639 511 1766 532 causam

941 549 1068 585 Regulas
1084 550 1210 578 fusiores
1227 550 1317 578 simul
1337 551 1365 577 et
1388 549 1519 577 minores
1535 549 1658 585 respuit,
1673 556 1765 584 quam

940 595 1020 631 quod
1033 597 1167 631 utraeque
1177 595 1287 631 pariter
1293 594 1425 622 Stoicum
1434 593 1582 630 quiddam
1596 593 1766 629 praeferant;

940 639 971 667 in
987 647 1083 676 eoque
1106 647 1162 674 ego
1182 648 1251 668 eum
1266 639 1367 667 minus
1381 638 1668 675 reprehendendum
1683 639 1766 673 puto,

941 692 1010 712 cum
1022 692 1053 712 re
1068 684 1134 720 ipsa
1145 686 1279 720 utrmque
1291 691 1327 711 ex
1341 691 1428 719 {equo
1444 691 1554 711 severae
1567 691 1631 711 esse
1647 682 1769 710 videan-

941 731 998 757 tur.
1016 730 1099 757 Certe
1119 729 1142 756 si
1164 729 1231 765 quis
1255 728 1344 756 hodie
1360 728 1401 756 ita
1423 728 1555 762 sentiret,
1571 730 1605 755 ut
1624 727 1769 754 Basilium

941 774 1065 807 quidem
1078 782 1255 809 magnarum
1264 773 1445 808 Regularum
1457 775 1610 801 auctorem
1622 780 1689 800 esse
1700 771 1771 800 fate-

941 821 1033 851 retur,
1050 818 1239 847 Eustathium
1254 826 1326 846 vero
1341 826 1504 853 parvarum
1525 819 1681 854 parentem
1704 824 1769 844 esse

907 868 927 895 B
942 863 1145 898 contenderet,
1168 863 1193 890 is
1212 862 1299 890 valde
1322 862 1482 890 miraretur
1505 861 1604 890 Stoica
1627 861 1769 898 quaedam

942 907 1087 942 dogmata
1099 907 1128 935 in
1143 907 1263 943 magnis
1277 906 1396 942 Regulis
1408 914 1426 934 a
1440 906 1622 935 Combeﬁsio
1632 905 1769 940 inveniri,

943 960 1011 980 cum
1032 952 1096 988 ipse
1112 952 1141 980 in
1157 952 1198 980 eis
1221 952 1295 980 nihil
1309 952 1366 979 tale
1381 952 1480 979 inesse
1503 952 1644 979 cerneret.
1667 952 1699 978 Et
1714 958 1770 978 nos

943 1005 1065 1034 quoque
1077 998 1136 1025 hoc
1151 997 1232 1025 idem
1247 997 1347 1025 dicere
1365 997 1527 1031 habemus,
1540 996 1576 1029 ei,
1590 996 1643 1032 qui
1656 996 1698 1024 ita
1720 998 1773 1023 Re-

943 1041 1030 1076 gulas
1042 1041 1192 1077 longiores
1211 1042 1367 1078 probaret,
1379 1043 1412 1069 ut
1431 1041 1562 1069 minores
1575 1040 1614 1068 ob
1625 1040 1771 1068 austerio-

941 1094 1004 1114 rem
1026 1086 1196 1114 doctrinam
1216 1086 1401 1122 reprobaret,
1418 1086 1557 1113 videlicet
1570 1093 1627 1113 nos
1647 1093 1772 1121 magno-

942 1139 1012 1167 pere
1023 1131 1136 1163 mirari,
1149 1131 1188 1158 ab
1198 1131 1265 1167 ipso
1276 1131 1307 1158 in
1320 1130 1439 1166 Regulis
1452 1130 1638 1158 brevioribus
1649 1129 1771 1166 reperiri

941 1176 1073 1203 Stoicum
1085 1175 1243 1212 quiddam,
1252 1183 1322 1203 cum
1332 1184 1383 1203 eas
1401 1184 1418 1203 a
1430 1175 1597 1203 Stoicorum
1616 1174 1772 1202 severitate

939 1220 1029 1255 longe
1041 1220 1147 1248 abesse
1162 1220 1329 1248 videamus.
1347 1221 1387 1247 Ex
1399 1220 1446 1247 his
1462 1223 1574 1254 autem,
1586 1228 1653 1256 quae
1667 1220 1770 1247 hactc-

939 1273 998 1293 nus
1019 1265 1161 1298 diximus,
1177 1264 1200 1292 si
1225 1264 1299 1292 nihil
1324 1264 1429 1299 aliud,,
1444 1264 1518 1292 illud
1542 1263 1666 1300 quidem
1690 1265 1769 1292 certe

939 1309 1119 1340 ostenditur.
1133 1308 1258 1336 unicum
1273 1311 1496 1343 argumentum,
1509 1308 1591 1344 quod
1603 1307 1641 1336 ad
1657 1308 1768 1343 impro-

937 1353 1057 1381 bandas
1081 1353 1233 1381 breviores
1253 1353 1382 1387 Regulae
1404 1352 1527 1389 proprie
1549 1352 1648 1380 afferri
1662 1354 1767 1388 potest,

937 1398 1019 1426 futile
1035 1406 1099 1425 esse
1116 1400 1143 1425 et
1161 1406 1291 1425 vanum:
1316 1397 1379 1431 sed,
1404 1399 1437 1425 ut
1455 1405 1558 1425 verum
1577 1397 1681 1431 fatear,
1703 1404 1766 1424 non

936 1443 1108 1471 necessario
1120 1442 1265 1479 sequitur,
1280 1442 1303 1470 si
1314 1445 1450 1478 utraeque
1463 1442 1582 1476 Regulae
1593 1444 1621 1470 et
1633 1441 1765 1477 majores

936 1491 964 1516 et
978 1488 1112 1515 minores
1128 1496 1162 1515 ex
1176 1495 1265 1524 zequo
1281 1495 1391 1515 severa;
1405 1489 1485 1520 sunt,
1502 1487 1584 1523 ipsas
1606 1486 1644 1514 al)
1659 1494 1721 1514 uno
1736 1488 1764 1514 ct

56 1531 266 1565 signiticandos
280 1540 322 1559 ea:
338 1540 417 1568 quas
437 1533 499 1560 dixi
519 1541 609 1561 voces
626 1536 811 1569 usurpantur
826 1534 878 1569 (α).
895 1544 918 1571 D
935 1533 1042 1561 eodem
1054 1533 1198 1569 scriptore
1209 1532 1304 1560 editas
1315 1532 1415 1559 fuisse.
1428 1533 1525 1564 Quare
1537 1531 1561 1559 si
1572 1531 1762 1568 propositum

55 1576 110 1604 Non
125 1577 197 1604 nihil
212 1580 258 1605 est
270 1585 405 1613 quoque,
417 1577 501 1614 quod
515 1578 643 1614 scriptor
657 1578 879 1607 monachorum

54 1621 163 1649 vivendi
175 1622 326 1649 rationem
338 1625 425 1650 vocat
437 1622 530 1650 vitam
540 1622 792 1658 philosophicam.
804 1625 879 1651 Nam

54 1665 112 1700 ipso
133 1666 214 1694 initio
238 1666 369 1694 secundi
394 1667 544 1694 sermonis
563 1668 645 1703 (pag.
661 1668 724 1703 323)
744 1667 785 1695 ita
808 1669 879 1696 scri—

54 1712 129 1744 ptum
143 1713 203 1738 est:
221 1712 301 1737 Οὖτω
319 1714 363 1737 καὶ
378 1714 438 1742 τοὺς
453 1716 482 1748 τῇ
502 1711 631 1748 ἀσκητικῇ
651 1715 879 1749 προσερχομένους

55 1754 112 1790 ζωῇ,
128 1757 213 1787 πάσης
228 1756 295 1786 ὕλης
312 1755 440 1791 βιωτικῆς
454 1758 643 1793 γυμνωθέντας,
661 1757 730 1788 ἐντος
750 1762 795 1783 τοῦ
811 1760 878 1784 κατά

55 1799 193 1835 φιλοσοφίαν
208 1801 334 1836 γενέσθαι
350 1800 422 1836 βίον.
438 1801 485 1829 Ita
501 1802 590 1829 etiam
603 1802 656 1837 qui
667 1802 707 1829 ad
717 1803 876 1830 asceticum

54 1843 116 1871 vita!
134 1853 224 1879 genus
240 1846 403 1878 accedunt,
419 1846 502 1873 omni
515 1854 547 1874 re
561 1847 663 1874 swcutz
676 1846 766 1881 hujus
781 1848 874 1880 exuti,

53 1887 135 1916 vitam
156 1889 399 1924 philosophiam/1
423 1890 648 1925 ingrediantur.
675 1891 800 1918 Basilius
823 1900 874 1919 au-

51 1933 113 1965 tem,
125 1934 177 1961 etsi
193 1934 300 1961 multis
310 1933 478 1962 admodum
491 1934 566 1962 locis
582 1935 620 1962 de
633 1935 801 1964 monastica
812 1935 874 1964 vita

49 1975 182 2012 loquitur,
204 1986 368 2014 nunquam
399 1982 513 2012 tamen,
543 1982 576 2007 ut
604 1979 677 2007 alibi
704 1980 795 2008 etiam
821 1989 873 2008 no-

48 2020 112 2048 tabo
133 2022 181 2056 (b),
199 2031 235 2050 ea
261 2022 381 2050 dicendi
401 2023 532 2051 formula
557 2032 632 2051 usus
660 2026 713 2051 est.
737 2025 874 2053 Arbitror

47 2064 130 2099 igitur
154 2067 210 2094 has
240 2067 526 2096 lucubratiunculas
554 2069 673 2105 spurias
697 2077 763 2097 esse
783 2073 873 2106 atque

48 2109 237 2142 adulterinas.
260 2120 316 2140 nec
341 2112 380 2139 ob
405 2112 495 2140 aliam
519 2121 647 2141 causam
672 2113 747 2142 inter
775 2115 873 2143 Basilii

49 2155 180 2183 Ascetica
192 2165 210 2184 a
225 2156 357 2184 librariis
373 2157 487 2192 positas
504 2157 606 2193 fuisse,
624 2166 717 2194 quam
735 2159 819 2195 quod
833 2159 872 2187 ad

48 2198 118 2227 idem
134 2203 351 2235 argumentum
369 2201 562 2237 pertinerent.

48 2248 104 2280 §Xl.
114 2249 190 2287 Pars
199 2253 324 2284 quarta.
332 2250 383 2277 ubi
391 2251 561 2278 ostenditur
569 2252 751 2286 Regularum
761 2253 872 2287 longio-

59 2291 119 2312 rum
129 2288 155 2312 et
165 2285 338 2313 breviorum
347 2293 440 2313 unum
450 2289 475 2314 et
485 2285 617 2314 eumdem
628 2290 779 2315 auctorem
789 2285 859 2316 esse.

78 2335 120 2360 33.
140 2334 234 2362 Fuere
266 2334 318 2370 qui
346 2335 535 2362 tradiderunt
566 2336 691 2371 [tegulas
717 2337 869 2372 longiores

49 2374 139 2405 Basilii
159 2378 291 2414 quidem
313 2387 389 2412 esse,
415 2379 469 2406 sed
494 2379 645 2408 breviores
667 2380 751 2408 alteri
778 2381 869 2409 tribui

47 2425 188 2455 oportere;
208 2423 235 2450 si
249 2431 312 2450 non
323 2423 473 2454 dixerunt,
489 2427 519 2452 at
533 2427 655 2460 putasse
671 2427 772 2453 tamen
787 2426 868 2454 credi

48 2470 172 2498 possunt.
187 2467 342 2503 Praecipua
353 2470 454 2496 autem
468 2476 570 2504 causa,
579 2477 632 2496 cur
645 2469 699 2497 bas
709 2473 866 2505 suspectas

46 2507 208 2545 habuerint,
224 2512 290 2539 haec
314 2515 368 2544 est.
383 2513 467 2549 quod
488 2513 560 2549 ipsis
575 2514 647 2542 visae
665 2514 724 2541 sint
738 2515 866 2543 severio-

46 2560 97 2587 res,
106 2557 268 2592 magisque
280 2564 297 2584 a
307 2557 516 2586 moderatione
528 2558 641 2586 alicnre.
655 2559 723 2593 Sed,
738 2560 762 2587 si
773 2560 865 2587 semel

43 2597 218 2628 damnentur
243 2601 361 2636 Regulae
379 2602 532 2630 breviores
550 2604 715 2631 severitatis
740 2605 863 2640 majoris

45 2643 166 2680 nomine,
182 2653 379 2681 consequens
399 2648 454 2676 erit
475 2650 506 2675 ut
523 2651 550 2676 et
569 2647 720 2683 longiores
741 2657 863 2686 quoque

73 2732 111 2768 (α)
131 2734 208 2768 Lege
222 2741 308 2761 num.
323 2736 369 2763 37.

74 2767 112 2804 (ὁ)
131 2770 162 2797 ln
177 2767 264 2805 praef.
281 2777 311 2797 n.
329 2772 372 2798 37.

934 1577 1057 1613 assequi
1071 1577 1209 1611 velimus,
1221 1577 1286 1604 aliis
1302 1577 1485 1611 argumentis
1501 1579 1625 1604 utamur
1638 1584 1762 1604 necesse

934 1625 987 1651 est.
1004 1623 1137 1650 Primum
1148 1622 1238 1658 igitur
1248 1622 1272 1649 si
1287 1630 1349 1658 qua
1360 1622 1436 1649 ratio
1447 1622 1589 1649 habenda
1605 1624 1649 1649 est
1664 1621 1760 1648 homi-

934 1675 1008 1696 num
1021 1667 1158 1695 omnium
1173 1667 1444 1702 consensus,cujus
1455 1666 1545 1694 debet
1554 1665 1658 1693 haberi
1668 1666 1761 1693 maxi-

933 1721 994 1747 ma,
1006 1713 1096 1749 plane
1112 1712 1263 1740 constabit
1278 1712 1460 1747 Regularum
1475 1711 1611 1739 omnium
1625 1719 1720 1738 unum
1732 1713 1760 1737 ct

933 1758 1073 1786 eumdem
1086 1760 1239 1785 auctorem
1254 1765 1330 1784 esse.
1343 1758 1417 1784 Nam
1428 1759 1496 1783 ante
1505 1758 1610 1784 nostra
1620 1758 1759 1792 tempora

930 1802 1064 1839 reperias
1087 1802 1252 1836 neminem,
1277 1801 1329 1837 qui
1352 1801 1504 1835 longiores
1528 1808 1546 1828 θ.
1567 1800 1757 1828 brevioribus

931 1847 1050 1882 [tegulis
1064 1854 1199 1882 unquam
1212 1845 1390 1873 distinxerit.
1400 1846 1510 1873 Omnes
1522 1844 1611 1872 totius
1621 1844 1757 1878 Ascctici,

929 1891 1013 1928 quod
1028 1891 1065 1918 de
1087 1890 1182 1918 Photii
1197 1889 1345 1918 sententia
1359 1891 1505 1926 utrasque
1520 1888 1649 1923 Regulus
1673 1896 1755 1916 com-

928 1936 1077 1973 plectitur,
1088 1943 1184 1963 unum
1195 1936 1223 1962 et
1233 1934 1375 1962 eumdem
1387 1937 1541 1962 auctorem
1552 1941 1670 1970 semper
1678 1933 1756 1961 fece-

927 1983 1007 2009 runt.
1015 1980 1123 2013 Quales
1134 1982 1203 2008 sunt
1213 1979 1425 2016 Hieronymus,
1438 1979 1574 2014 Ruﬁnus,
1583 1977 1753 2011 Cassianus,

929 2026 1123 2059 Sozomenus,
1133 2025 1328 2058 Justinianus,
1338 2024 1469 2057 Photius,
1481 2024 1599 2056 Suidas,
1610 2023 1755 2060 Nicepho-

926 2078 987 2105 rus,
1002 2071 1107 2097 auctor
1120 2068 1358 2097 Combeﬁsianus
1369 2069 1416 2103 (c),
1429 2068 1480 2104 qui
1493 2070 1524 2095 ut
1537 2067 1700 2102 longiores,
1712 2067 1755 2094 ita

926 2113 1080 2142 breviores
1092 2113 1219 2148 Regulas
1231 2113 1287 2141 sibi
1296 2113 1439 2140 vindicat.
1450 2114 1509 2140 Hoc
1521 2112 1602 2140 idem
1612 2114 1641 2140 et
1649 2119 1752 2138 recen-

926 2159 1015 2186 tiores
1031 2166 1153 2194 quoque
1176 2157 1349 2193 praestitere.
1371 2157 1428 2185 Etsi
1448 2157 1528 2184 enim
1547 2156 1578 2184 in
1599 2156 1752 2183 sententiis

890 2217 912 2245 ρ
927 2202 1073 2231 dissident
1084 2204 1160 2230 inter
1171 2210 1213 2236 se,
1227 2204 1328 2230 tamen
1339 2202 1370 2229 in
1381 2209 1416 2229 eo
1427 2201 1618 2229 consentiunt
1632 2209 1750 2236 omnes,

927 2248 1009 2284 quod
1025 2250 1167 2283 utrasque
1182 2247 1309 2282 Regulas
1322 2246 1375 2274 uni
1389 2248 1418 2275 et
1427 2245 1525 2274 eidem
1536 2245 1649 2274 auctori
1662 2246 1750 2274 ascri-

924 2293 1009 2321 bant.
1027 2294 1068 2326 Et,
1086 2295 1118 2320 ut
1140 2292 1259 2319 interim
1284 2291 1395 2320 multos
1416 2291 1564 2324 omittam,
1583 2291 1749 2319 nominabo

925 2337 1100 2370 Scultetum,
1124 2337 1350 2371 Combeﬁsium,
1375 2336 1508 2364 Natalem
1532 2336 1748 2370 Alexandrum,

922 2382 1155 2417 Tillemontium,
1171 2381 1356 2409 Ludovicum
1378 2380 1540 2417 Dupinum.
1558 2381 1643 2414 Quod
1660 2381 1684 2409 si
1706 2383 1749 2409 tot

922 2427 1082 2455 hominum
1091 2426 1262 2454 testimonia.
1272 2425 1408 2453 sufﬁcere
1418 2433 1479 2453 non
1490 2425 1657 2460 videantur,
1668 2426 1747 2461 ejus-

922 2472 990 2499 dem
1005 2471 1047 2499 rei
1058 2473 1162 2499 testem
1175 2470 1328 2498 adhibebo
1340 2470 1440 2506 ipsum
1453 2470 1633 2505 Regularum
1645 2472 1746 2498 aucto-

920 2524 994 2543 rem.
1013 2515 1154 2552 lncipiam
1170 2515 1209 2543 ab
1224 2523 1260 2543 ea
1275 2515 1391 2550 regula,
1408 2523 1475 2551 quae
1499 2515 1575 2542 inter
1594 2515 1746 2543 breviores

921 2560 1055 2588 secunda
1079 2563 1132 2594 est,
1155 2560 1208 2588 ubi
1232 2559 1274 2588 sic
1299 2559 1424 2595 legitur:
1455 2561 1556 2586 Τούτων
1582 2558 1611 2585 o“:
1636 2559 1744 2585 ἕκαστον

919 2606 974 2631 οἵαν
995 2607 1051 2641 ἔχει
1072 2603 1182 2642 δύναμιν
1203 2606 1304 2642 εἴρηται
1321 2605 1344 2631 ἐν
1360 2614 1396 2640 τῳ
1414 2608 1473 2641 περὶ
1489 2604 1567 2630 αὐτοῦ
1586 2603 1743 2641 ἐρωτήματι.

919 2651 1043 2685 Qualem
1066 2653 1165 2679 autem
1181 2651 1240 2678 vim
1257 2650 1365 2679 habeat
1379 2649 1485 2678 horum
1501 2649 1743 2685 unumquodque,

952 2739 991 2775 (ε)
1011 2740 1086 2776 Lege
1099 2741 1197 2770 Basil.
1212 2741 1360 2776 recensit.,
1377 2740 1397 2767 t.
1415 2740 1448 2775 ll,
1462 2746 1491 2776 p.
1509 2741 1568 2767 101.
