2020 3140
258 129 290 156 83
1016 127 1082 154 ΡΒΛ

1140 126 1208 154 ΤΙΟ.
1937 128 1969 154 84

257 190 372 218 dictum
387 191 428 218 cst
443 189 475 218 in
497 196 542 225 ea,
556 196 620 224 quae
635 189 676 217 ad
690 189 745 217 hoc
758 189 901 224 pertinet,
915 190 1083 224 interroga-
1103 192 1126 218 Α
1141 189 1266 226 passivo
1279 189 1402 226 ponitur
1413 190 1464 224 (ὁ),
1477 191 1505 217 et
1518 191 1618 218 tamen
1629 189 1881 225 signiﬁcationem
1899 188 1968 216 acti-

258 236 346 264 tione.
364 235 532 263 Obscurum
552 236 654 262 autem
678 241 740 262 non
757 236 811 267 est,
829 236 861 262 ut
881 235 945 269 jam
966 234 1084 270 pridem

255 280 460 308 Tillemontius
482 279 609 313 notavit,
630 279 689 307 hoc
710 279 777 307 loco
801 279 927 307 indicari
951 278 1084 314 regulam

255 326 332 354 inter
346 332 475 360 magnas
498 327 649 359 octavam,
666 332 736 352 cum
753 324 784 352 in
800 332 836 352 ea
851 323 992 352 secundae
1007 323 1085 351 illius

256 369 400 398 brevioris
414 369 526 404 regulae
548 371 762 404 argumentum
783 369 907 404 copiose
929 370 1083 396 tractetur.

254 416 337 442 Nunc
361 414 515 451 proferam
536 413 611 442 alios
636 416 695 442 tres
718 413 802 442 locos
825 414 948 442 minime
962 413 1083 447 dubios,

253 467 386 495 quorum
396 458 529 495 primum
540 459 605 494 jam
616 458 742 494 protulit
755 458 791 493 is,
800 467 893 494 quem
907 458 1000 486 modo
1011 458 1082 494 dixi,

252 505 298 532 vir
310 503 531 532 eruditissimus
544 503 758 532 Tillemontius.
770 504 798 531 Is
815 506 917 532 autem
930 503 1014 532 locus
1027 504 1085 540 pri-

252 557 321 578 mus
334 549 486 577 invenitur
496 548 526 576 in
541 548 623 576 brevi
637 548 743 584 regula
761 551 949 585 septuagena
964 551 1084 584 quarta,

252 594 305 622 ubi
317 594 359 622 ita.
373 593 517 630 scriptum
533 593 685 621 invenitur
699 602 705 620 :
722 593 898 631 Πληρέστερον
915 592 944 620 δὲ
960 596 1019 630 περὶ
1034 598 1083 620 τῶν

252 641 376 665 τοιούτων
391 637 416 664 ἐν
436 642 491 669 τοῖς
513 639 582 664 κατὰ
598 638 693 669 πλάτος
714 638 857 674 εἰρημένοις
879 638 1082 675 ἀπεκρινάμεθα.

259 684 366 712 Verum
382 683 419 711 de
431 683 478 716 iis,
487 683 538 718 qui
549 682 725 717 hujusmodi
733 685 815 716 sunt,
827 683 858 710 in
872 683 1083 718 quaestionibus

251 728 320 763 fuse
330 728 492 763 explicatis
505 727 626 755 uberius
639 727 847 761 respondimus
861 735 872 755 .'
886 735 948 763 quo
971 727 1001 755 in
1017 727 1083 756 loco

253 780 399 808 magnam
411 772 542 808 aliquam
552 771 691 806 regulam
702 771 787 800 citari
797 772 899 800 vident
909 771 1083 808 quicunque

253 817 324 846 caeci
338 825 400 845 non
416 819 496 845 sunt.
513 817 620 851 Magna
642 818 745 844 autem
759 816 864 852 regula
878 817 930 844 illa
952 825 1020 853 qum
1036 817 1084 845 hic

1141 242 1211 262 vam
1225 235 1342 263 retinet.
1359 235 1495 270 Ejusdem
1510 234 1627 269 generis
1639 237 1709 262 sunt
1718 237 1746 262 et
1757 235 1814 262 alia
1824 234 1970 271 quaedam

1140 279 1302 311 vocabula,
1315 287 1383 316 quae
1399 280 1507 316 cuique
1521 279 1579 307 alio
1591 279 1658 307 loco
1673 279 1770 314 legere
1785 279 1853 307 licet
1868 280 1916 315 (c),

1140 335 1153 369 §
1177 334 1219 362 ΧῙ.
1246 335 1325 362 Pars
1349 335 1466 370 quinta,
1491 335 1523 361 in
1548 342 1608 370 qua
1633 334 1802 362 ostenditur
1826 336 1969 369 utrasque

1175 371 1307 405 Regutas
1331 373 1357 398 ct
1385 370 1620 398 Constitutioncs
1649 371 1830 398 monasticas
1858 370 1916 397 uni
1943 373 1968 398 et

1176 407 1268 434 cidem
1285 407 1405 434 auctori
1419 406 1513 434 tribui
1528 414 1586 434 non
1603 406 1716 434 debere.

1175 461 1219 487 34.
1241 459 1437 487 Doctissimus
1460 459 1505 487 vir
1520 459 1731 493 Combeﬁsius,
1747 467 1817 487 cum
1841 459 1969 486 dixisset

1139 506 1283 540 utrasque
1296 504 1425 539 Regulas
1437 506 1463 531 et
1477 504 1709 532 Constitutiones
1719 504 1907 532 monastittas
1917 503 1968 530 uni

1139 551 1167 577 et
1182 549 1282 577 eidem
1298 549 1435 586 scriptori
1451 549 1561 577 ascribi
1576 557 1639 577 non
1660 552 1809 586 oportere,
1822 549 1911 576 visus
1927 551 1969 577 est

1138 594 1241 623 multis
1265 595 1353 630 quasi
1378 594 1565 630 paradoxum
1586 594 1743 630 quoddam
1767 594 1923 630 proferre:
1940 594 1968 622 in

1138 647 1200 676 quo
1216 647 1272 675 ego
1287 647 1355 667 eum
1368 639 1477 676 partim
1489 639 1596 676 probo,
1609 640 1717 676 partim
1732 639 1885 676 improbo.
1903 639 1968 668 Mihi

1137 684 1218 712 enim
1231 685 1361 717 videtur,
1377 684 1459 722 quod
1479 684 1630 720 ejusmodi
1654 685 1765 721 scripta
1783 692 1846 712 non
1868 684 1924 712 uni
1942 686 1968 712 ei

1139 729 1237 757 eidem
1257 729 1372 757 homini
1391 729 1582 758 attribuenda
1604 737 1669 757 esse
1694 729 1819 762 censuit,
1835 731 1918 757 recte
1934 737 1967 757 ac

1138 782 1208 802 vere
1219 774 1373 810 judicasse
1386 784 1392 802 :
1410 774 1463 802 sed
1476 775 1505 802 in
1517 782 1553 802 eo
1568 782 1721 811 peccasse,
1734 774 1819 810 quod
1831 775 1967 802 neutrius

1139 819 1239 855 operis
1249 826 1356 846 verum
1368 821 1523 847 auctorem
1535 818 1706 854 assignarit.
1720 818 1778 847 Sed
1790 818 1827 846 de
1841 818 1890 846 his
1901 826 1966 854 pos-

254 862 409 896 citatur,in
420 861 541 896 magnis
551 861 652 889 locum
663 861 826 897 septimum
838 863 927 893 tenet,
942 862 971 889 in
988 870 1084 898 caque
1104 868 1124 895 B
1139 866 1197 893 tea.
1212 865 1280 892 Jam
1295 864 1438 893 adnotavi
1454 872 1536 896 eum,
1552 872 1644 900 quem
1664 864 1756 892 modo
1779 863 1851 897 dixi,
1869 864 1964 892 erudi-

253 908 321 936 fuse
336 907 504 944 explicatur
524 905 609 942 quod
622 906 652 934 in
667 906 798 934 breviori
820 906 927 942 paucis
942 907 1085 942 perstrin-

255 953 344 988 gitur.
356 952 421 980 Alia
435 951 498 980 duo
509 951 650 987 exempla
664 951 892 980 evidentissima
902 959 1083 988 proponam.

256 1000 355 1026 Unum
378 1004 501 1025 sumam
521 1004 536 1024 e
557 996 664 1031 regula
685 997 852 1024 centesima
871 997 956 1025 tertia
975 997 1005 1024 in
1025 1005 1087 1033 qua

256 1042 419 1080 propositae
440 1041 498 1070 sibi
519 1041 696 1078 qumstionis
718 1041 759 1069 ita
774 1043 881 1069 auctor
901 1042 1083 1078 respondet:

258 1090 320 1125 Περὶ
335 1089 431 1113 τούτων
448 1088 549 1124 εἴρηται
570 1090 656 1122 σαφῶς
677 1086 702 1112 ἓν
721 1090 753 1122 τῇ
774 1086 920 1123 πλατυτέρᾳ
939 1088 1084 1124 ἀποκρίσει,

257 1134 300 1161 De
311 1133 357 1161 his
367 1132 522 1160 enucleate
533 1131 647 1159 dictum
662 1134 703 1159 est
719 1131 751 1159 in
764 1132 871 1160 latiore
886 1133 1086 1166 responsione.

259 1180 325 1206 Haec
340 1179 443 1205 autem
466 1176 554 1204 latior
571 1177 730 1212 responsio
749 1176 854 1211 regula
878 1179 923 1205 est
942 1177 1087 1207 vicesima

260 1222 389 1259 septima
401 1222 477 1250 inter
492 1221 632 1257 majores.
647 1221 780 1249 Alterum
794 1221 966 1258 exemplum
978 1230 1087 1260 suppe-

258 1267 366 1296 ditabit
378 1266 499 1295 brevior
512 1266 618 1302 regula
633 1266 841 1295 ducentesima
852 1267 1007 1299 vicesima,
1018 1276 1086 1305 quae

259 1313 301 1341 sic
315 1312 439 1348 incipit:
458 1313 519 1348 Περὶ
538 1312 634 1337 τούτων
656 1313 757 1348 εἰρηται
777 1311 801 1337 ἐν
823 1315 878 1342 τοῖς
893 1313 960 1338 κατὰ
978 1313 1084 1345 πλάτος.

258 1359 302 1386 De
321 1357 367 1384 his
380 1357 494 1384 dictum
508 1358 551 1384 est
567 1356 599 1383 in
614 1356 827 1392 quaestionibus
840 1357 940 1391 fusius
955 1358 1086 1392 explica-

259 1403 307 1430 tis.
320 1401 440 1437 Legenti
455 1402 556 1428 autem
569 1400 721 1435 longiores
736 1400 865 1435 Regulas
880 1404 1016 1430 occurret
1034 1403 1085 1430 tri-

259 1447 373 1475 cesima
382 1445 516 1480 tertia,in
526 1453 588 1482 qua
599 1445 700 1473 multis
710 1445 811 1474 verbis
821 1445 992 1475 declaratur
1002 1447 1086 1483 quod

259 1492 289 1520 in
299 1491 357 1520 hac
369 1490 499 1519 breviori
508 1489 639 1518 breviter
647 1490 761 1518 dictum
772 1492 824 1519 est.
835 1491 904 1519 Post
915 1491 1086 1521 tcstimonia

1139 909 1289 937 tissimum
1300 909 1397 937 virum
1414 917 1501 937 suam
1517 909 1692 945 opinionem
1705 909 1747 937 ita
1759 908 1922 936 defendere
1936 910 1965 936 ut

1140 957 1321 989 argumenta
1337 962 1391 982 sua
1411 954 1471 982 fere
1493 954 1596 982 omnia
1617 962 1654 982 ex
1675 954 1772 982 nimia
1789 953 1964 988 regularum

1141 999 1297 1027 severitate
1313 1001 1413 1035 petat:
1436 999 1490 1027 sed
1510 1007 1545 1027 ea
1568 999 1693 1027 fortasse
1709 998 1735 1026 ei
1750 998 1804 1026 soli
1818 998 1965 1027 ﬁrmitatis

1142 1043 1255 1079 aliquid
1267 1043 1379 1071 habere
1390 1043 1581 1072 videbuntur.
1592 1045 1624 1072 Et
1634 1051 1705 1071 vero
1716 1043 1892 1080 quicunque
1908 1043 1964 1072 ani-

1141 1097 1192 1117 mo
1207 1097 1294 1126 atquo
1308 1089 1436 1124 Regulas
1448 1091 1508 1117 tam
1524 1089 1677 1124 longiores
1696 1096 1792 1124 quam
1812 1088 1965 1116 breviores

1140 1133 1276 1168 legerint,
1284 1134 1303 1162 ii
1312 1137 1390 1162 certe
1401 1142 1462 1170 quo
1473 1137 1560 1161 erunt
1570 1133 1814 1170 perspicaciores,
1822 1141 1858 1161 eo
1868 1133 1967 1161 minus

1142 1179 1299 1207 Stoicailla
1310 1179 1455 1213 dogmata
1465 1178 1619 1213 videbunt,
1637 1186 1705 1214 qum
1722 1178 1752 1206 in
1767 1178 1906 1214 utrisque
1921 1178 1966 1206 de-

1140 1223 1339 1260 prehendisse
1349 1231 1380 1251 se
1392 1223 1467 1250 falso
1478 1222 1968 1251 existimavitCombefisius.Plura

1141 1277 1195 1296 suo
1205 1268 1272 1296 loco
1283 1268 1320 1296 de
1332 1268 1489 1296 severitate
1502 1267 1552 1295 illa
1564 1267 1661 1296 Stoica
1670 1267 1718 1296 vel
1733 1268 1833 1304 potius
1845 1267 1967 1296 Combe»

1140 1313 1250 1342 ﬁsiana
1266 1323 1272 1341 :
1289 1321 1371 1341 nunc
1386 1313 1423 1340 de
1439 1312 1498 1340 alio
1513 1312 1567 1340 viri
1580 1312 1773 1340 eruditissimi
1788 1315 1966 1347 argumento

1139 1358 1233 1386 verba
1247 1358 1407 1386 faciamus.
1424 1359 1466 1384 Ita
1488 1357 1577 1392 igitur
1590 1356 1723 1393 loquitur
1736 1357 1767 1384 in
1782 1364 1837 1385 suo
1853 1357 1967 1385 Basilio

1139 1403 1282 1431 recensita
1294 1404 1323 1438 (t.
1336 1404 1369 1436 ll,
1381 1411 1410 1438 p.
1422 1403 1505 1435 234):
1521 1402 1589 1436 Ipso
1603 1402 1704 1430 statim
1720 1402 1808 1430 titulo
1828 1404 1856 1429 et
1876 1409 1965 1437 argu-

1139 1450 1238 1475 mento
1263 1447 1519 1474 Constitutionum
1542 1446 1794 1479 monasticarum,
1819 1446 1914 1474 alium
1938 1454 1966 1473 se

1140 1495 1248 1521 auctor
1265 1492 1369 1527 prodit
1393 1491 1430 1519 ab
1451 1499 1494 1525 eo,
1520 1492 1606 1526 cujus
1630 1491 1788 1526 superiora
1811 1491 1912 1519 omnia
1933 1491 1967 1525 (si

258 1539 321 1565 tam
336 1537 418 1564 certa
430 1537 554 1571 tamque
569 1534 751 1569 indubitata,
761 1535 937 1571 opinionem
950 1539 1086 1564 nostram
1106 1545 1126 1574 ο
1138 1538 1221 1573 forte
1229 1537 1439 1572 praefationem
1454 1536 1608 1571 antiquam
1624 1535 1817 1571 libellumque
1830 1536 1870 1564 ad
1880 1536 1966 1564 οἷο-κπ-

257 1580 356 1615 magis
371 1579 546 1608 conﬁrmari
558 1578 633 1607 nihil
645 1578 767 1615 quidem
781 1587 905 1608 necesse
917 1581 997 1609 duco
1012 1589 1018 1608 :
1033 1582 1087 1609 sed

258 1627 360 1653 tamen
372 1631 435 1652 non
449 1623 610 1659 indignum
625 1626 710 1660 puto,
726 1624 810 1660 quod
824 1627 952 1659 notetur,
964 1625 1086 1654 easdem

258 1669 380 1698 dicendi
394 1668 550 1701 formulas,
562 1676 631 1704 quae
646 1668 678 1696 in
690 1669 858 1704 majoribus
874 1670 993 1704 Regulis
1006 1670 1086 1698 inve-

257 1715 392 1748 niuntur,
406 1713 437 1742 in
452 1713 620 1742 minoribus
633 1721 756 1750 quoque
777 1715 910 1750 reperiri.
926 1715 1028 1748 Qualis
1044 1717 1088 1744 est

257 1753 318 1795 illa,
333 1767 395 1795 qua
410 1758 538 1794 scriptor
550 1758 592 1786 ita
606 1758 793 1794 Scripturam
804 1759 874 1788 citat
886 1760 924 1795 (a)
937 1762 968 1787 ut
979 1760 1086 1788 adver-

256 1805 308 1834 bia.
322 1804 465 1841 quaedam
479 1805 655 1840 praeponat:
667 1807 719 1830 Τοῦ
736 1806 833 1842 Κυρίου
848 1805 988 1842 ὁριστικῶς
1004 1805 1087 1832 εἰπόν-

256 1859 309 1882 τος,
327 1850 395 1885 etc.,
420 1856 487 1876 cum
511 1848 657 1876 Dominus
681 1849 777 1877 verbis
801 1849 977 1877 decretoriis
1000 1850 1085 1879 dixe-

255 1894 309 1927 rit,
320 1895 375 1922 etc.
392 1894 507 1921 Rursus
522 1891 694 1928 cujusmodi
709 1895 754 1921 est
766 1893 826 1927 illa,
841 1901 909 1930 quae
923 1893 954 1921 in
969 1902 1027 1922 usu
1040 1896 1086 1924 est

255 1938 340 1976 apud
353 1938 542 1975 scriptorem,
558 1945 629 1965 cum
651 1937 775 1974 aliquod
790 1945 885 1973 genus
899 1938 1084 1974 praefecturae

255 1983 432 2020 exprimitur
444 1991 451 2011 :
464 1986 544 2009 ’Ὥστε
555 1983 597 2008 τὸν
612 1983 657 2018 μέν
670 1992 728 2008 τινα
742 1982 874 2019 ὀφθαλμοῦ
891 1982 994 2019 ἐπέχειν
1006 1982 1083 2011 δύνα-

253 2039 307 2065 μιν,
335 2031 378 2058 τὴν
403 2027 548 2064 ἐπιμέλειαν
572 2029 616 2056 τὴν
637 2029 722 2056 κοινὴν
744 2029 954 2064 πεπιστευμένοψ
980 2029 1024 2057 ita
1049 2033 1083 2057 ut

253 2074 333 2102 alius
348 2073 467 2110 quidem
481 2072 564 2100 oculi
584 2072 643 2100 vim
657 2072 800 2105 obtineat,
817 2073 867 2100 cui
882 2073 995 2101 scilicet
1015 2081 1083 2102 con-

252 2118 369 2147 credita
384 2120 426 2146 est
442 2116 607 2145 communis
622 2123 723 2144 rerum
745 2124 840 2145 cura:
859 2117 911 2145 ubi
933 2125 994 2145 non
1011 2118 1081 2146 sim-

251 2162 368 2199 pliciter
392 2161 511 2195 dicitur,
528 2163 571 2188 τὸν
595 2165 756 2198 προεστῶτα,
772 2162 933 2196 ῃνεεΐεοιαε
957 2163 1080 2198 scilicet,

253 2207 307 2236 sed
331 2214 386 2243 per
408 2205 621 2243 periphrasim,
638 2207 681 2234 τὴν
706 2205 849 2242 impartam
871 2209 917 2236 τὴν
937 2210 1024 2236 κοινήν
1040 2218 1080 2234 πε-

251 2253 430 2288 πιστευμένον,
444 2249 645 2278 Annumerari
656 2251 754 2286 potest
767 2258 836 2278 cum
849 2251 896 2278 his
909 2253 937 2279 ct
946 2251 996 2279 illa
1007 2260 1080 2288 quo-

249 2304 321 2333 que,
335 2304 397 2333 qua
413 2303 501 2324 voces
513 2295 685 2333 πὶηροφορεῖν
698 2296 726 2323 et
744 2295 906 2333 πληροφορία
921 2296 952 2324 in
968 2296 1079 2332 signiﬁ-

249 2341 369 2370 catione
392 2340 601 2377 persuasionis
616 2342 803 2376 usurpentur
818 2342 861 2366 τὸν
885 2342 929 2377 μὲν
951 2341 1078 2378 πληροφο-

248 2389 279 2422 ρὴ
286 2395 344 2421 σας,
361 2386 400 2412 ὅτι
414 2386 438 2419 ὁ,
455 2388 523 2418 etc.,
538 2385 581 2413 sic
594 2387 627 2412 ut
647 2385 740 2413 alteri
753 2385 870 2420 quidem
881 2388 1076 2420 persuaserit,

247 2434 279 2458 ut
298 2431 334 2465 si,
355 2432 410 2458 etc.
432 2431 466 2458 Et
488 2429 558 2457 illuc
580 2428 652 2458 addi
674 2431 784 2465 potest,
812 2429 964 2465 quasdam
988 2439 1078 2459 voces

247 2477 327 2504 certo
351 2474 488 2511 quodam
503 2474 596 2502 modo
620 2475 772 2510 acceptas,
788 2481 856 2510 quae
877 2482 1030 2511 nusquam
1046 2476 1076 2503 in

246 2519 366 2556 Regulis
381 2518 573 2554 longioribus
593 2520 760 2555 ponuntur,
775 2526 928 2555 nusquam
954 2527 1076 2556 quoquc

244 2565 275 2592 in
297 2563 490 2593 brevioribus
506 2563 655 2592 adhiberi.
670 2563 717 2591 Ad
738 2563 822 2600 quod
838 2571 934 2599 genus
954 2566 1011 2592 tres
1028 2565 1075 2592 hie

243 2617 332 2637 voces
347 2608 527 2643 referuntur,
542 2608 697 2644 φιλοσοφεῖν,
710 2607 857 2644 φιλοσοφία,
871 2608 1018 2644 φιλοσοφος.
1030 2609 1074 2636 Ad

242 2653 323 2682 idem
347 2653 476 2689 pertinet
494 2652 623 2681 verbum
638 2653 780 2686 ποιεῖσθαι,
795 2661 863 2680 cum
889 2652 919 2680 in
938 2655 1073 2689 tempore

275 2743 318 2779 (α)
337 2744 406 2778 Leg.
418 2750 448 2770 n.
463 2743 508 2770 38.

274 2780 313 2815 (ὁ)
334 2780 409 2815 Lege
422 2785 452 2806 n.
470 2779 515 2807 37.

1143 1593 1183 1609 σιν
1212 1582 1404 1616 sanctiusque
1431 1581 1601 1609 institutum
1631 1581 1724 1609 levius
1750 1580 1966 1615 informantem

1141 1626 1312 1661 exceperis),
1330 1632 1489 1661 verumque
1503 1626 1663 1658 Basiliam,
1678 1625 1731 1661 qui
1742 1627 1768 1652 et
1778 1632 1825 1653 eos
1835 1624 1967 1659 erudiat,

1141 1673 1193 1708 qui
1203 1672 1233 1699 in.
1243 1671 1383 1699 societate
1394 1678 1461 1698 cum
1477 1670 1613 1706 reliquis,
1625 1673 1651 1698 et
1662 1670 1715 1705 qui
1727 1670 1900 1697 solitariam
1910 1670 1969 1704 ipsi

1141 1724 1273 1744 seorsum
1284 1716 1375 1744 vitam
1388 1717 1481 1750 agant
1488 1724 1498 1745 ;
1508 1717 1540 1742 ut
1555 1717 1597 1742 est
1607 1718 1737 1750 utraque
1746 1714 1855 1742 militia
1863 1714 1967 1742 Eccle-

1140 1762 1192 1789 siae
1212 1761 1353 1796 probata,
1368 1760 1516 1795 ducesque
1537 1759 1641 1787 habuit
1664 1762 1691 1787 et
1714 1759 1863 1787 antistites
1878 1761 1968 1794 atque

1140 1807 1270 1835 cultores
1280 1806 1360 1834 viros
1368 1805 1460 1840 plane
1470 1805 1596 1839 inclytus
1605 1813 1616 1836 ;
1626 1811 1693 1832 cum
1701 1803 1788 1838 prior
1798 1803 1851 1832 ille
1860 1806 1967 1832 auctor

1138 1853 1181 1880 sic
1194 1851 1346 1879 solitarios
1358 1853 1503 1884 perpetuo
1518 1849 1660 1877 insectari
1674 1849 1823 1882 videatur,
1840 1849 1967 1883 unisque

1139 1903 1322 1924 communem
1342 1895 1433 1923 vitam
1458 1893 1626 1928 agentibus,
1643 1893 1789 1929 quidquid
1812 1896 1853 1920 est
1877 1892 1966 1921 Chri-

1138 1942 1229 1969 tiana:
1238 1939 1358 1976 pietatis
1369 1939 1529 1967 ascribere.
1543 1939 1657 1973 Fateor,
1671 1937 1755 1974 quod
1770 1937 1818 1965 hic
1829 1937 1870 1965 ait
1880 1939 1965 1965 Com-

1136 1985 1270 2017 beﬁsius,
1288 1983 1467 2019 Regularum
1484 1985 1639 2011 auctorem
1659 1982 1851 2010 anachoretis
1869 1981 1966 2010 infen-

1137 2030 1292 2058 sissimum
1317 2036 1393 2063 csse,
1419 2028 1596 2064 scriptorem
1620 2035 1688 2055 vero
1711 2026 1965 2055 Constitutionum

1136 2074 1376 2103 monasticarum
1407 2074 1450 2100 e's
1479 2073 1588 2106 favere,
1616 2072 1813 2108 ipsorumque
1842 2071 1965 2100 vivendi

1137 2119 1284 2148 rationem
1294 2118 1436 2154 probare,
1447 2117 1477 2144 id
1489 2117 1562 2145 mihi
1576 2117 1668 2144 videri
1681 2118 1710 2145 et
1722 2116 1838 2144 firmius
1854 2118 1882 2144 et
1897 2124 1964 2151 gra-

1135 2164 1210 2197 vius,
1222 2171 1315 2200 quam
1332 2165 1375 2190 est
1390 2164 1450 2190 tota
1466 2161 1516 2190 illa
1531 2163 1593 2189 tam
1609 2169 1688 2197 saepe
1704 2161 1742 2189 ab
1756 2160 1863 2193 eodem
1878 2162 1963 2190 Com—

1135 2209 1241 2236 beﬁsio
1271 2208 1430 2236 decantata
1460 2206 1627 2234 Stoicorum
1659 2206 1812 2234 severitas.
1847 2207 1964 2234 Etenim

1135 2253 1318 2288 Regularum
1343 2253 1448 2279 auctor
1471 2253 1532 2278 tam
1556 2250 1750 2278 vehementer
1766 2250 1918 2278 invehitur
1932 2251 1962 2278 in

1135 2298 1335 2326 anachoretas
1350 2296 1401 2332 id),
1419 2298 1449 2323 ut
1465 2303 1534 2323 cum
1551 2295 1624 2332 ipsis
1637 2303 1775 2331 unquam
1789 2294 1901 2323 favisse
1914 2295 1963 2323 vix

1133 2343 1239 2371 credas
1254 2351 1260 2370 :
1277 2342 1329 2369 sed
1347 2345 1447 2369 tamen
1463 2349 1501 2369 ne
1522 2341 1580 2368 hoc
1594 2340 1718 2376 quidem
1744 2343 1962 2375 argumentum

1133 2387 1263 2415 arbitror
1287 2386 1326 2414 ad
1348 2385 1596 2422 persuadendum
1616 2385 1745 2413 multum
1760 2385 1869 2413 valere.
1886 2386 1962 2414 Nam

1131 2440 1235 2460 rarum
1249 2439 1310 2460 non
1322 2433 1376 2465 est,
1388 2434 1420 2458 ut
1430 2430 1497 2467 quis
1511 2430 1638 2458 diversis
1653 2429 1841 2466 temporibus
1852 2430 1960 2458 eadem

1131 2479 1159 2505 et
1172 2476 1280 2513 probet
1289 2478 1317 2504 et
1326 2475 1487 2511 improbet.
1501 2474 1573 2502 Fieri
1589 2482 1659 2509 ergo
1669 2474 1777 2510 potuit,
1789 2476 1821 2502 ut
1832 2474 1960 2509 Regula-

1130 2529 1198 2549 rum
1209 2521 1345 2557 scriptor,
1357 2520 1495 2556 quisquis
1507 2522 1561 2552 est,
1574 2518 1828 2547 anachoretarum
1840 2518 1960 2547 vivendi

1130 2565 1276 2594 rationem
1303 2565 1388 2592 valde
1412 2563 1600 2600 vituperarit,
1625 2571 1718 2599 quam
1744 2565 1832 2592 antea
1856 2566 1958 2591 tamen

1128 2610 1259 2638 multum
1269 2609 1433 2637 laudasset.
1447 2608 1597 2641 Quoniam
1608 2611 1709 2636 tamen
1721 2608 1779 2636 hoc
1793 2608 1860 2644 ipso
1871 2609 1903 2636 in
1914 2616 1958 2636 ar-

1128 2656 1272 2690 gumento
1283 2653 1341 2681 vim
1353 2652 1519 2680 maximam
1530 2652 1629 2679 inesse
1640 2652 1786 2686 existimo,
1799 2652 1824 2680 si
1835 2652 1957 2681 aliunde

1163 2742 1202 2777 (ε)
1222 2741 1299 2770 Ibid.

1161 2778 1201 2813 (εἰ)
1223 2779 1298 2812 Lege
1314 2785 1375 2812 reg.
1390 2779 1404 2804 7
1422 2777 1495 2812 maj.
