2020 3140
88 96 119 124 ss
831 89 1026 119 PBEFATIO.
1764 97 1798 125 86

87 156 301 187 consideretur.
314 156 354 184 ab
364 164 400 184 eo
415 163 478 184 non
491 158 553 184 tam
567 155 625 184 cito
635 155 801 185 discedam.
814 155 917 183 Scien-
932 158 956 186 Α
975 155 1089 188 auctor,
1104 154 1136 183 in
1158 155 1279 190 Regulis
1297 155 1488 184 brevioribus
1514 157 1612 192 magis
1638 157 1800 194 indulgens

86 202 156 230 dum
180 209 256 236 ergo
279 201 535 230 Constitutionum
559 200 798 228 monasticarum
815 203 917 229 aucto-

85 255 145 275 rem
158 247 416 274 anachoretarum
440 247 550 274 statum
572 253 633 273 non
654 246 750 273 obiter
762 253 917 274 commen-

85 292 186 324 dasse,
198 291 254 318 sed
265 291 302 318 de
311 299 346 319 eo
360 291 482 327 copiose
490 293 518 318 et
528 290 720 318 abundanter
728 290 916 319 disseruisse.

84 338 146 364 Non
162 336 247 364 enim
274 336 306 363 id
330 335 449 363 vivendi
473 343 568 370 genus
592 343 653 362 uno
677 338 730 363 aut
743 335 836 363 altero
850 336 917 364 loco

83 381 202 418 probat,
217 381 273 408 sed
290 383 381 409 totam
394 380 528 408 mediam
544 380 589 408 sui
600 380 698 416 operis
709 381 868 416 partemin
882 389 917 409 eo

82 426 279 454 informando
293 425 490 462 insumpsisse
503 433 534 453 se
550 425 672 453 tradidit
686 426 760 462 ipse.
777 427 820 454 Ita
835 426 917 454 enim

81 471 164 499 initio
184 471 296 506 capitis
322 472 353 498 18
376 470 511 506 loquitur
532 476 613 506 (pag.
630 471 712 506 360):

83 520 126 542 τοῦ
138 517 306 543 καθέκαστον
321 515 439 544 unum}
454 519 498 542 xui.
511 520 557 542 τοῦ
573 518 615 542 τὸν
631 519 730 553 μονήρη
753 515 811 552 βίην
827 517 916 542 εὶς-πα-

737 473 799 508 Περὶ
813 473 858 507 μὲν
873 470 916 497 οὖν

85 564 193 598 σαμνου
210 564 234 588 ἐι
252 565 308 592 τοῖς
322 562 476 598 ἔμπροσθεν,
492 562 527 592 ὡς
544 561 610 595 ἐνῆν,
629 560 812 599 δεδηλώκαμεν
825 570 830 576 ·
849 562 917 593 ὅπως

83 610 126 635 τήν
149 616 176 632 τε
199 606 299 642 ψυχὴν
321 609 386 643 πρὸς
412 608 440 632 τὸ
467 606 544 632 καλὸν
571 606 695 640 tiaram-1,
721 609 766 633 καὶ
786 608 815 632 τὸ
842 612 918 643 σῶμα

84 653 145 688 πρὸς
168 653 198 677 τὸ
227 649 289 677 δέον
315 651 464 687 οἰκονομῶν,
491 649 590 677 δύναιτ’
613 650 643 677 ἂν
670 652 732 688 ἡμῖν
756 654 798 678 τὸν
819 651 914 689 ἀκριϐῆ

84 698 287 732 χαρακτηρίσαι
314 695 495 732 φιλὸτομοφον.
527 696 596 723 Ἐπεὶ
624 694 653 722 δὲ
682 698 706 722 οἱ
730 696 847 723 πλεῖστοι
867 701 916 722 τῶν

84 740 200 769 ἀσκητῶν
235 742 307 766 κατά
332 743 492 777 συστήματα
517 741 704 774 πολιτεύονται,
737 741 856 772 ἀλλήλοις
884 743 917 767 τὰ

85 788 234 822 φρονήματα
261 787 329 822 πρὸς
352 785 445 822 ἀρετὴν
461 787 666 822 παραθήγθντες,
681 788 725 812 καὶ
749 787 780 823 τῇ
801 790 850 812 τῶν
866 796 915 812 κα-

85 831 255 867 τῡρθωμσὶτων
274 830 476 866 ἀντιπαραθέσει
492 835 675 868 παραρμώντες
689 830 795 862 inutili;
815 831 856 857 ἐπὶ
868 834 916 860 τήν

85 879 125 901 τοὺ
146 874 226 901 uului
251 878 397 911 προκῡπὴν,
412 874 514 901 δίκαιον
535 877 665 912 ᾠήθημεν,
682 876 726 901 καὶ
748 878 850 907 τούτηις
869 878 915 904 τὴν

85 918 128 945 διὰ
139 925 186 946 τῶν
201 920 289 956 λάιγων
304 920 467 957 παράκλησιν
482 920 688 957 εἰσενέγκασθαι.
705 923 748 949 Ac
763 922 799 949 de
815 924 915 949 asceta

85 965 208 1000 quidem,
234 965 292 1000 qui
312 973 444 993 seorsum
469 966 542 1000 agit,
569 966 720 1001 vitamque
747 967 915 995 solitariam

85 1011 236 1045 amplexus
248 1013 304 1045 est,
322 1011 465 1045 dilucide,
481 1014 626 1046 quantum
638 1012 669 1038 in
684 1011 769 1039 nobis
780 1017 854 1042 erat,
866 1020 915 1039 su-

84 1055 178 1089 perius
193 1056 402 1088 disseruimus,
419 1057 563 1091 quomodo
578 1059 605 1084 el
626 1057 759 1084 animum
775 1064 915 1085 exercens

85 1099 122 1126 ad
133 1099 250 1131 bonum,
268 1103 297 1127 et
312 1108 419 1135 corpus
429 1103 499 1135 apte
512 1103 538 1128 et
550 1103 607 1129 rite
622 1109 806 1136 componens,
818 1102 915 1136 philo-

85 1143 205 1178 sophum
218 1146 389 1180 perfectum
406 1146 489 1173 nobis
505 1147 668 1180 exprimere
680 1147 784 1181 possit.
794 1147 832 1174 At
846 1155 915 1182 quo-

85 1190 162 1217 niam
184 1193 353 1218 versantur
376 1191 467 1218 simul
492 1192 523 1218 in
552 1193 762 1219 communitate
785 1193 916 1226 plurimi

85 1238 261 1268 ascetarum,
270 1243 310 1262 an
316 1236 406 1263 imum
416 1244 444 1263 m
450 1239 478 1263 ut
484 1244 521 1264 uo
528 1240 705 1264 exacuenlcs
715 1237 755 1264 ad
763 1237 901 1265 virtutem
907 1259 913 1271 ,

86 1281 110 1306 et
120 1283 195 1307 recte
207 1280 274 1314 fact
279 1287 365 1308 orum
374 1282 597 1314 comparatione
607 1282 716 1315 seipsos
728 1281 768 1309 ad
776 1289 914 1316 progres-

86 1331 144 1351 sum
158 1325 188 1351 in
213 1325 291 1352 bona
305 1325 482 1358 faciendum
506 1326 698 1358 comitantes,
713 1333 830 1362 aequum
853 1334 914 1354 esse

85 1369 261 1405 putavimus,
272 1370 326 1397 hos
334 1370 423 1398 etiam
430 1371 614 1398 sermonibus
625 1372 733 1399 nostris
742 1371 912 1399 adhortari.

85 1414 122 1441 Ex
135 1414 243 1449 quibus
260 1415 394 1451 perspici
407 1418 513 1451 potest,
525 1418 679 1444 auctorem
689 1416 729 1444 ita
737 1424 826 1444 suum
836 1424 913 1452 opus

83 1458 265 1494 divisisse,ut
280 1459 358 1487 illius
375 1462 436 1488 tota
451 1460 552 1488 media
567 1469 638 1497 pars
649 1461 688 1489 ad
701 1461 910 1496 anachoretas,

84 1502 168 1531 altera
193 1504 232 1532 ad
261 1505 431 1534 ccenobitas
458 1508 617 1542 spectaret.
638 1507 675 1534 At
697 1514 769 1534 vero
793 1509 911 1535 tantum
927 1508 946 1536 C

83 1546 172 1581 abest,
184 1550 216 1576 ut
231 1549 419 1584 [tegularum
437 1552 542 1579 auctor
556 1551 680 1579 unicum
693 1551 820 1580 verbum
829 1551 911 1580 dixe-

82 1591 115 1619 rit
128 1593 163 1620 de
177 1593 271 1622 laude
286 1594 376 1630 hujus
392 1598 498 1630 status,
511 1598 543 1624 ut
554 1604 623 1624 eum
635 1597 726 1625 etiam
737 1597 837 1625 modis
848 1605 911 1625 om-

82 1637 164 1665 nibus
177 1639 322 1675 exagitet.
338 1640 405 1675 Legi
420 1641 528 1677 poterit
539 1641 702 1678 septimum
712 1645 804 1679 caput
816 1644 910 1679 Regu-

81 1681 171 1711 larum
187 1684 344 1720 majorum
359 1687 466 1719 totum,
482 1686 512 1714 in
523 1694 584 1722 quo
600 1686 675 1714 nihil
689 1687 841 1716 omissum
865 1690 910 1717 est

82 1734 188 1763 eorum,
204 1729 322 1765 quibus
337 1729 429 1765 huius
445 1730 572 1759 instituti
587 1732 721 1767 pericula
738 1732 908 1762 incommo-

84 1771 175 1808 daque
189 1775 310 1802 ostendi
321 1775 448 1811 possint.
459 1776 509 1804 llic
523 1776 625 1804 locum
640 1785 744 1811 unum,
753 1778 805 1814 qui
814 1778 909 1807 instar

86 1817 212 1847 omnium
237 1827 305 1847 esse
329 1821 435 1856 possit,
456 1821 637 1850 exseribam.
653 1822 729 1849 Cum
753 1822 844 1857 igitur
865 1823 908 1851 in-

84 1863 236 1892 commoda
251 1863 368 1900 aliqua,
384 1873 452 1901 quia
466 1865 546 1894 hanc
559 1866 682 1894 vivendi
697 1866 844 1895 rationem
861 1875 909 1895 co-

83 1906 229 1949 mitantur,
253 1909 416 1943 retulisset,
441 1910 482 1938 ita
509 1911 702 1947 persequitur
725 1912 808 1948 (pag.
823 1913 906 1949 345):

83 1947 149 1974 Ἀνευ
165 1948 193 1976 δὲ
207 1952 313 1984 τούτου,
330 1954 375 1977 καὶ
391 1954 403 1978 ὸ
422 1962 470 1982 της
490 1952 594 1988 ἀγάπης
616 1957 661 1980 τοῦ
683 1958 808 1991 Χρτστοῶ
833 1954 908 1991 λόγος

80 1993 122 2018 οὐκ
144 1994 273 2032 ἐπιτρέπει
296 1998 325 2022 τὸ
347 1994 418 2023 ἴδιον
435 2002 539 2024 σκοπεῖν
553 1999 672 2025 ἓκαστην.
685 1999 713 2025 Ἠ
740 1998 828 2035 ἀγάπη
845 2001 906 2037 γὰρ,

79 2040 161 2072 φησὶν,
173 2039 201 2064 οὐ
225 2040 303 2069 ζητεῖ
314 2041 346 2066 τὰ
374 2040 478 2072 ἑαυτῆς.
495 2041 524 2068 Ὀ
541 2040 570 2068 δὲ
591 2041 778 2078 ἀφιὸιαστιχός
793 2043 849 2080 βίος
865 2045 908 2070 ἕνα

82 2092 163 2109 nover
197 2086 266 2120 ἔχει,
305 2087 350 2113 τὴν
382 2085 477 2112 οἰκείαν
512 2087 622 2113 ἑκάστου
660 2092 710 2113 τῶν
741 2093 837 2125 χρειῶν
870 2090 907 2115 θε-

81 2136 190 2162 ραπείαν.
206 2133 290 2156 Τοῦτο
319 2127 349 2156 δὲ
374 2129 512 2168 προδήλως
540 2134 690 2168 μαχόμενὸν
715 2132 772 2159 ἐστι
800 2133 835 2168 τῷ
859 2138 907 2165 τῆς

973 199 1064 227 fuisse
1080 200 1111 227 in
1127 201 1326 228 anaeboretas
1341 201 1495 237 putandus
1512 203 1565 236 est,
1582 210 1651 230 cum
1675 203 1706 230 in
1724 203 1799 239 ipsis

971 243 1110 278 regulam
1127 245 1287 281 septimam
1298 246 1456 281 majorem,
1466 254 1560 282 quam
1571 247 1702 283 quisque
1715 248 1801 284 sequi

971 288 1090 322 debeat,
1107 290 1175 317 citet
1191 291 1241 325 (α).
1256 292 1321 318 lam
1336 299 1440 327 quaero
1461 291 1513 327 qui
1533 291 1596 319 ﬁeri
1611 292 1751 328 potuerit,
1767 294 1800 320 ut

972 341 1050 360 unus
1067 337 1094 361 et
1109 334 1190 362 idem
1205 335 1298 363 homo
1310 335 1340 363 in
1356 344 1418 363 uno
1432 343 1523 372 opere
1537 336 1673 365 refutarit
1686 345 1754 374 quas
1770 337 1801 365 in

972 377 1065 405 altero
1078 379 1255 414 scripsisset.
1268 380 1325 407 Sed
1341 379 1468 408 fortasse
1483 381 1613 416 cuipiam
1626 381 1655 409 in
1668 384 1801 411 mentem

971 422 1069 450 veniet
1082 423 1165 459 quod
1177 424 1333 460 aliquanto
1349 427 1418 452 ante
1434 425 1576 461 diximus,
1591 426 1729 455 videlicet
1740 435 1802 455 non

970 474 1040 494 raro
1060 468 1245 503 contingere,
1261 472 1293 497 ut
1321 469 1390 505 quis
1414 469 1500 497 aliter
1522 470 1587 498 aliis
1611 472 1801 508 temporibus

972 513 1091 540 sentiat.
1110 513 1185 541 Nihil
1212 521 1283 549 ergo
1299 514 1435 550 impedit,
1453 515 1571 551 inquiet
1592 515 1712 552 aliquis,
1727 525 1803 553 quo-

971 557 1071 584 minus
1087 561 1192 586 auctor
1206 559 1339 594 primum
1363 559 1597 588 Constitutiones
1617 562 1803 590 monastieas

971 601 1110 636 vulgasse
1122 603 1271 638 credatur,
1283 603 1393 632 deinde
1403 612 1475 632 vero
1486 604 1624 639 Regulas,
1634 605 1664 633 in
1678 606 1802 642 quibus,

971 654 1040 674 cum
1054 647 1234 683 experientia
1249 647 1364 676 doctior
1380 649 1505 676 effectus
1521 649 1637 683 fuisset,
1654 653 1803 680 mutasset

972 692 1163 720 sententiam.
1180 694 1239 728 Ego
1257 693 1382 729 quidem
1407 693 1525 722 fatebor
1543 694 1585 723 ita
1607 695 1681 723 mihi
1704 696 1802 732 primo

972 739 1099 774 aspectu
1114 738 1213 766 visum
1228 738 1319 767 fuisse
1332 747 1338 766 :
1354 739 1418 774 sed,
1433 747 1465 767 re
1478 739 1652 775 diligentius
1668 741 1803 770 conside-

971 785 1046 817 rata,
1063 783 1148 812 aliter
1169 784 1314 819 judicavi.
1335 784 1402 812 Mihi
1423 784 1504 812 enim
1527 786 1712 821 persuadere
1740 795 1803 815 non

930 827 951 854 Β
970 828 1065 864 potui,
1083 830 1237 856 auctorem
1250 831 1313 857 tam
1328 829 1479 857 contraria
1502 830 1634 858 scribere
1656 831 1800 868 potuisse,

970 880 1026 900 nee
1040 875 1141 901 tamen
1152 873 1189 901 de
1199 873 1353 901 sententiae
1369 874 1535 903 mutatione
1548 875 1697 903 rationem
1710 875 1805 904 ullam

970 917 1151 946 reddidisse.
1169 919 1263 952 Certe,
1285 919 1310 946 si
1331 919 1401 955 quis
1425 919 1516 947 hodie
1542 919 1580 947 de
1604 920 1804 949 informandis

971 963 1226 991 anachorelarum
1250 963 1387 991 moribus
1410 963 1522 992 librum
1547 965 1679 1001 aliquem
1693 965 1804 1003 ederet,

970 1015 1130 1043 nunquam
1156 1007 1187 1035 in
1210 1007 1269 1036 alio
1285 1007 1362 1036 libro
1384 1007 1520 1036 funditus
1541 1011 1684 1037 everteret
1700 1017 1805 1038 eorum

970 1053 1150 1087 institutum,
1162 1053 1219 1080 nisi
1230 1053 1315 1089 prius
1332 1053 1499 1081 monuisset
1514 1062 1546 1082 se
1562 1054 1601 1082 ob
1617 1062 1723 1090 graves
1736 1063 1806 1083 cau~

972 1106 1023 1125 sas
1037 1097 1073 1125 de
1087 1099 1235 1126 sententia
1243 1097 1412 1126 decessisse
1425 1107 1430 1126 :
1443 1099 1527 1134 quod
1541 1107 1609 1126 eum
1619 1099 1732 1127 factum
1743 1107 1805 1127 non

970 1142 1007 1169 sit
1027 1143 1057 1170 in
1084 1143 1130 1177 iis,
1146 1143 1183 1170 de
1208 1143 1319 1179 quibus
1345 1143 1474 1179 agimus,
1492 1144 1619 1180 scriptis,
1635 1145 1706 1173 inde
1727 1143 1804 1172 efﬁci

970 1187 1089 1215 videtur
1113 1188 1263 1222 ejusmodi
1287 1188 1398 1224 scripta
1425 1197 1488 1216 non
1515 1189 1577 1224 uni,
1606 1190 1656 1217 sed
1683 1189 1804 1217 duobus

971 1232 1166 1268 scriptoribus
1195 1232 1287 1260 tribui
1317 1235 1465 1269 oportere.
1483 1233 1527 1261 Ab
1552 1241 1597 1269 eo,
1621 1234 1705 1270 quod
1728 1242 1801 1262 mox

969 1278 1127 1313 proposui,
1144 1280 1324 1312 argumento
1340 1285 1401 1306 non
1423 1278 1554 1306 multum
1577 1278 1693 1307 abludit
1714 1279 1799 1313 illud,

969 1323 1053 1358 quod
1078 1330 1148 1349 mox
1174 1323 1339 1358 proteram.
1357 1324 1475 1351 Monere
1500 1331 1571 1358 ergo
1592 1324 1689 1359 juvat,
1704 1324 1801 1352 multa

968 1367 1145 1395 communia
1156 1375 1220 1395 esse
1236 1367 1356 1402 Regalis
1372 1375 1442 1396 cum
1457 1368 1633 1396 monasticis
1650 1369 1800 1397 Constitu—

968 1412 1110 1440 tionibus.
1129 1413 1222 1445 Quale
1247 1413 1388 1448 estquod
1404 1412 1512 1440 dicitur
1536 1415 1599 1441 tam
1623 1414 1654 1441 in
1679 1412 1799 1450 Regillis

967 1465 1062 1493 quam
1084 1457 1114 1484 in
1140 1457 1409 1485 Constitutionibus
1430 1457 1467 1485 de
1483 1457 1633 1494 colloquio
1649 1466 1719 1486 cum
1735 1467 1798 1487 mu-

966 1501 1105 1535 lieribus;
1121 1502 1158 1530 de
1174 1502 1319 1537 eligendis
1340 1502 1375 1530 iis
1389 1503 1531 1538 operibus
1545 1511 1612 1539 quae
1625 1504 1718 1532 statui
1733 1512 1797 1532 mo-

966 1547 1135 1574 nachorum
1158 1547 1355 1581 conveniant;
1379 1547 1416 1575 de
1431 1547 1614 1580 obedientia,
1630 1548 1667 1576 de
1681 1557 1798 1585 priapo-

966 1591 1013 1620 siti
1036 1591 1150 1625 officio;
1175 1591 1212 1619 de
1228 1591 1424 1626 vestimentis,
1441 1592 1541 1629 deque
1564 1592 1630 1621 aliis
1657 1594 1797 1629 ejusdem

965 1636 1083 1672 generis
1095 1636 1242 1672 plurimis.
1260 1638 1348 1672 Ergo,
1365 1637 1389 1664 si
1413 1637 1595 1672 Regnlarum
1616 1640 1707 1675 atque
1720 1641 1796 1668 Con-

964 1681 1154 1709 stitutionum
1175 1681 1256 1709 idem
1285 1683 1391 1709 auctor
1420 1683 1509 1715 esset,
1540 1684 1592 1710 aut
1616 1683 1647 1710 in
1675 1684 1795 1719 Regulis

964 1726 1217 1754 Constitutionum
1232 1726 1430 1760 meminisset,
1448 1729 1499 1755 aut
1523 1727 1553 1755 in
1575 1728 1797 1759 Constitutioni-

963 1771 1021 1799 bus
1037 1771 1221 1799 mentionem
1230 1771 1349 1799 fecisset
1360 1771 1552 1806 Regularum.
1569 1774 1670 1809 quue
1686 1775 1794 1811 magis,

963 1816 1046 1853 quod
1060 1819 1175 1850 metor,
1192 1816 1229 1843 de
1247 1824 1309 1853 quo
1325 1816 1454 1852 agimus,
1469 1817 1643 1854 quicunque
1666 1818 1715 1846 ille
1729 1819 1794 1855 fuit,

963 1860 1005 1889 ita
1030 1860 1126 1889 facere
1150 1863 1355 1894 consueverat,
1371 1862 1405 1889 ut
1423 1862 1525 1890 videre
1547 1864 1592 1890 est
1617 1863 1648 1891 in
1674 1864 1794 1898 Regulis

962 1905 1162 1938 brevioribus,
1178 1905 1209 1933 in
1237 1905 1348 1942 quibus
1369 1906 1435 1943 ipse
1461 1914 1524 1935 non
1535 1915 1604 1935 raro
1629 1904 1700 1936 citat
1725 1916 1793 1945 quae

963 1950 1034 1979 alibi
1047 1951 1084 1978 de
1092 1950 1199 1978 eodem
1208 1953 1388 1986 argumento
1402 1952 1572 1988 scripserat.
1584 1953 1655 1988 Ejus
1665 1954 1708 1982 rei
1723 1962 1793 1982 cum

963 1995 1101 2031 superius
1114 1996 1254 2032 exempla
1268 1996 1384 2033 aliquot
1398 1997 1603 2033 retulerimus,
1618 1998 1649 2026 in
1668 1998 1704 2026 iis
1730 2007 1791 2026 am-

961 2039 1041 2076 plius
1056 2040 1335 2069 immemorandum
1347 2049 1410 2070 non
1427 2042 1612 2078 putavimus.

999 2087 1042 2113 35.
1064 2085 1247 2121 Quanquam
1268 2085 1358 2121 longe
1375 2085 1520 2114 dissentio
1537 2087 1575 2115 ab
1591 2087 1638 2119 iis,
1651 2088 1704 2124 qui
1719 2089 1791 2116 Stoi-

962 2138 1031 2158 cum
1039 2130 1069 2158 in
1076 2130 1328 2165 Regulisinveniri
1337 2133 1453 2167 putant,
1462 2140 1567 2159 earum
1577 2134 1676 2160 tamen
1686 2135 1791 2161 auctor

83 2171 178 2207 ἀγάπης
188 2176 268 2210 venit,
281 2174 308 2200 ὁν
323 2175 335 2201 ὁ
348 2175 504 2207 Ἀπσοτο).ος
516 2176 639 2214 ἐπλήρου,
652 2180 687 2213 μὴ
706 2178 791 2208 ζητῶν
805 2181 834 2205 τὸ
848 2179 907 2205 ἐαυ-

967 2174 1035 2202 mihi
1048 2175 1270 2202 sevcriorvisus
1285 2176 1337 2207 est,
1351 2183 1445 2210 quam
1456 2178 1488 2203 ut
1498 2175 1577 2202 idem
1592 2176 1638 2209 sit,
1650 2177 1702 2212 qui
1713 2176 1789 2204 Con-

84 2220 124 2241 τοῡ
148 2221 286 2255 σνμφέρην,
304 2218 367 2245 ἀλλά
385 2222 412 2246 τό
433 2224 481 2246 τῶν
503 2220 611 2247 πολλώνε
638 2222 679 2247 ἵνα
704 2223 833 2258 σωθῶσιν,
850 2225 905 2252 etc.

83 2259 136 2287 Sed
157 2265 305 2295 praeterea
332 2263 485 2299 diligendi
500 2264 613 2293 Christi
636 2266 712 2294 ratio
739 2269 766 2294 et
790 2267 904 2303 modus,

85 2311 314 2342 unumquemque
325 2309 405 2343 quod
418 2309 476 2336 sibi
485 2311 642 2344 proprium
655 2311 758 2346 fuerit,
771 2315 906 2346 spectare

84 2356 137 2376 non
161 2351 242 2379 sinit.
269 2361 285 2378 ‹
311 2353 454 2381 Charitas
477 2355 565 2390 enim,
583 2355 689 2390 inquit,
710 2363 770 2383 non
795 2357 905 2392 quierit

84 2400 142 2427 qua
155 2402 209 2423 sua
220 2399 291 2424 sunt
301 2397 335 2424 ³⁸.
348 2408 361 2422 »
379 2398 444 2425 Vita
459 2402 558 2427 autem
574 2400 712 2428 solitaria
727 2403 754 2429 et
769 2409 904 2430 seorsum

84 2444 99 2464 a
121 2441 231 2468 caeteris
258 2442 393 2470 omnibus
420 2446 488 2471 acta
508 2452 629 2479 s:opum
654 2446 777 2473 unicum
805 2446 903 2481 habet,

84 2485 112 2509 ut
135 2484 196 2512 suis
225 2487 350 2522 quisque
371 2488 553 2516 utilitatibus
580 2490 736 2519 inserviat.
762 2492 820 2519 Hoc
853 2499 905 2520 au-

84 2529 132 2554 tem
151 2533 253 2563 aperte
275 2531 456 2560 adversatur
478 2533 634 2562 charitatis
658 2535 727 2570 legi,
740 2543 829 2571 quam
855 2537 906 2564 im-

79 2570 173 2604 plebat
187 2574 358 2608 Apostolus,
372 2577 422 2611 qui
433 2584 493 2604 non
509 2585 573 2611 sua,
586 2578 638 2606 sed
651 2570 814 2609 multarum
829 2589 906 2610 com-

83 2615 162 2644 moda
175 2621 333 2652 quareret,
348 2623 381 2647 ut
404 2621 484 2649 salvi
496 2622 613 2657 ﬁerent,
631 2625 687 2652 etc.
703 2625 804 2661 Neque
829 2634 901 2655 vero

115 2682 136 2699 ²⁸
155 2684 165 2710 l
179 2685 244 2712 Cor.
261 2693 322 2719 xui,
336 2688 362 2714 5.

119 2731 148 2766 (a
171 2734 242 2769 Reg.
259 2734 343 2764 brev.
357 2737 400 2764 74.

962 2219 1129 2247 stitutiones
1141 2219 1357 2256 scripserit.Hic
1364 2220 1488 2255 majoris
1498 2220 1687 2256 perfectionis
1697 2229 1790 2250 causa

961 2264 1151 2292 severitatem
1172 2264 1285 2300 ubique
1298 2263 1461 2300 przedicat:
1487 2264 1535 2292 ille
1550 2265 1706 2301 quoddam
1722 2266 1789 2294 vita:

960 2316 1056 2344 genus
1068 2311 1096 2337 et
1104 2309 1203 2337 militis
1217 2310 1245 2337 et
1255 2308 1445 2337 commodius
1454 2310 1662 2346 proponit.llic
1674 2313 1787 2339 arctam

959 2355 1041 2383 illam
1053 2354 1145 2386 viam,
1158 2362 1227 2390 qum
1239 2353 1277 2382 ad
1293 2362 1397 2381 veram
1413 2354 1506 2382 vitam
1520 2354 1612 2389 ducit,
1625 2355 1671 2383 vel
1682 2356 1789 2391 paulu-

958 2401 1022 2429 lum
1035 2400 1160 2428 dilatare
1176 2406 1295 2435 semper
1307 2400 1444 2427 veretur:
1461 2399 1509 2427 ille
1524 2407 1555 2427 se
1570 2403 1691 2436 praestat
1706 2402 1789 2429 beni-

960 2446 1097 2480 gniorem
1125 2444 1350 2480 Scripturarum
1373 2443 1575 2481 interpretem,
1602 2448 1640 2479 et,
1662 2446 1684 2473 si
1707 2446 1787 2474 hanc

959 2491 1041 2518 viam
1056 2497 1118 2517 non
1131 2489 1245 2522 dilatet,
1258 2490 1288 2516 at
1297 2488 1397 2524 ipsam
1409 2491 1509 2517 tamen
1521 2489 1683 2531 faciliorem
1695 2494 1786 2527 atque

959 2535 1129 2572 planiorem
1142 2534 1253 2562 reddit.
1269 2535 1344 2562 Cum
1354 2534 1450 2562 multa
1458 2534 1524 2562 loco
1534 2535 1640 2563 atlerre
1649 2543 1782 2573 possem,

962 2580 1073 2617 quibus
1082 2579 1202 2616 probari
1213 2581 1316 2615 posset
1325 2579 1409 2616 quod
1420 2579 1512 2607 modo
1524 2579 1596 2613 dixi,
1607 2579 1639 2608 in
1650 2581 1785 2611 medium

956 2629 1059 2655 tamen
1067 2623 1627 2662 paucaduntaxatndducendacensui:
1634 2633 1669 2654 eo
1676 2627 1784 2662 magis,
