2020 3140
203 86 236 113 87
959 86 1045 114 PRZE
1049 86 1150 115 FATlO
1155 107 1161 113 .
1877 91 1912 118 88

202 147 286 183 quod
301 147 327 176 si
337 148 406 184 quis
414 148 503 185 plura.
515 148 628 185 cupiat,
638 148 666 176 ei
678 148 905 186 quamplurima
915 149 945 178 in
953 149 1026 185 ipsis
1041 151 1064 176 Α
1081 149 1160 184 freno
1175 150 1297 184 conﬁsus
1312 150 1380 178 velit
1389 150 1575 186 frequentius
1591 158 1622 177 ac
1635 151 1764 179 crebrius
1776 151 1811 179 ad
1822 152 1916 186 ediﬁ-

203 192 335 220 fontibus
357 192 490 221 invenire
505 193 591 221 facile
607 193 652 221 sit.
670 194 712 222 Ita
731 193 820 229 igitur
834 194 864 222 in
884 194 1028 222 Constitu-

203 237 293 265 mbus
318 237 426 273 legitur
451 238 533 274 (pag.
548 240 611 271 553,
634 247 660 267 c.
688 241 714 273 '7,
739 246 769 266 n.
785 239 831 275 2):
861 241 917 276 Χρὴ
943 241 1028 265 τοίνυν

202 282 294 318 ἡσυχῆ
311 284 393 318 μένειν
408 283 440 308 τά
454 283 544 315 πολλὰ,
561 285 606 309 καὶ
621 288 752 320 καρτερεῖν
767 284 875 310 ἕκαστον
897 286 944 313 τὴν
961 282 1030 310 ἰδίαν

202 329 368 362 καταγωγὴν,
385 326 426 353 ἳνα
448 328 496 363 ἔχῃ
520 331 596 353 τοῦτο
620 331 668 358 τῆς
683 328 834 359 εὐσταθείας
857 333 906 354 τῶν
930 331 1030 366 τρόπων

202 373 343 408 μαρτύριον
361 382 366 387 ·
395 374 430 408 μὴ
456 373 539 401 πάντη
567 374 612 408 μὲν
645 374 814 409 καθεῖρχθαι,
843 373 907 399 ἀλλά
935 375 981 404 τάς
1005 384 1032 400 τε

203 415 346 451 ἀναγκαίας
369 414 500 452 προόδους
522 416 766 454 εὐπαλόιὸησιάστους
792 419 934 452 ποιεῖσθαι,
949 418 972 444 ἐν
991 419 1032 449 αἷς

203 459 278 487 οὐδὲν
300 463 329 486 τὸ
354 459 473 491 συνειδὸς
489 460 655 495 ἐπισκήπτει,
676 465 720 488 καὶ
745 464 805 494 τοὺς
830 463 985 500 βελτιστους
1005 473 1032 490 τε

202 507 247 531 καὶ
263 505 476 541 ὠφελιμωτάτους
492 504 538 532 διὰ
553 506 680 537 πολιτείος
695 506 828 544 ἀκρίϐειαν
844 512 893 533 τῶν
916 507 1031 544 ἀδελφῶν

203 547 417 583 ἐπισκέπτεσθαι,
441 548 646 587 παραδείγματα
667 550 763 588 ἀρετῶν
786 551 812 578 ἐκ
836 556 883 583 τῆς
905 553 1032 589 ὠφελίμου

203 596 350 630 συντυχίας
369 594 543 631 λαμϐάνοντα,
561 595 711 633 ἐμμέτρους,
729 598 763 627 ὡς
787 597 890 633 ἓφῃμεν,
907 600 952 624 καὶ
974 597 1032 624 ἀνε-

201 639 347 670 πιλήπτους
371 641 418 670 τὰς
441 638 573 677 προόὃονς
593 643 755 678 ποιούμενον.
771 643 897 674 Πολλάκις
912 645 971 680 γὰρ,
989 647 1033 670 καὶ

202 682 315 712 ἀκηδίαν
343 683 508 721 ἐγγενομένην
593 686 670 722 ψυχῇ
697 688 711 715 ἡ
738 685 852 724 πρόοδος
872 685 1031 722 διαλύσασα,

202 728 278 755 πάλιν
290 729 341 755 οἷον
353 728 496 767 ἐπιρρῶσαι
511 732 556 756 καὶ
568 730 727 757 ἀναπνεῦσαι
737 733 830 768 μικρὸν
841 736 1032 771 παρασχοῦσα,

203 773 344 809 προθύμως
355 775 490 810 προσιέναι
505 778 560 805 τοῖς
575 775 638 812 ὑπὲρ
660 779 708 805 τῆς
723 775 853 807 εὐσεϐείας
866 776 1035 814 ἀγωνίσμασι

1083 194 1189 221 candos
1203 195 1418 231 visitamlosque
1429 196 1540 230 fratres
1552 196 1647 231 egredi
1657 202 1667 230 ;
1682 203 1758 228 eum,
1774 197 1827 232 qui
1840 198 1917 232 ejus-

1083 239 1165 267 modi
1179 242 1231 272 est,
1248 241 1327 268 ratio
1340 241 1380 268 ad
1392 240 1557 268 exeundum
1570 241 1669 276 potius
1680 241 1813 274 inducet,
1824 244 1858 268 ut
1868 250 1916 277 po-

1082 284 1139 311 sita
1149 284 1420 318 supercandelabro
1432 285 1565 320 lucerna,
1573 285 1718 313 doctrinae
1725 285 1806 313 bona
1818 286 1917 314 lumen

1085 328 1231 364 impertiat
1244 330 1396 357 omnibus:
1419 330 1444 357 si
1458 330 1541 357 modo
1565 330 1695 364 conﬁdat
1706 338 1793 364 posse
1805 333 1832 358 et
1848 338 1916 359 eser-

1085 380 1168 401 mone
1183 376 1210 401 et
1225 381 1313 408 opere
1326 381 1454 409 seipsum
1476 375 1510 401 iis
1526 374 1702 410 quibuscum
1714 376 1916 410 congreditur,

1086 425 1138 445 ceu
1162 419 1324 453 quamdam
1350 419 1494 446 uirtutum
1522 419 1656 447 scholam
1680 419 1830 454 exhibere,
1860 422 1916 448 etc.

1088 461 1221 497 Scriptor
1231 462 1387 499 aliquanto
1401 465 1481 497 ante,
1492 471 1561 491 cum
1574 463 1732 491 monachis
1743 464 1918 498 egrediendi

1087 506 1262 535 facultatem
1283 508 1405 536 levandi
1427 508 1505 536 taedii
1521 516 1614 536 causa
1633 508 1729 542 daret,
1743 509 1917 537 facilitatem

1087 558 1149 579 non
1175 552 1358 580 mediocrem
1380 553 1530 581 ostendit:
1557 552 1605 581 hic
1629 553 1668 581 ita
1688 552 1783 581 facilis
1810 557 1865 589 est,
1887 557 1918 582 ut

1088 596 1214 624 modum
1226 605 1349 625 omnem
1366 597 1491 626 transire
1506 597 1650 625 videatur.
1664 599 1739 626 Nam
1748 599 1919 626 monachus

1088 641 1195 676 quivis,
1212 642 1263 678 qui
1278 642 1445 678 perfectum
1469 651 1500 670 se
1511 642 1577 678 jam
1593 650 1658 670 esse
1672 642 1703 670 iu
1718 642 1857 671 animum
1873 651 1918 670 se-

1089 685 1149 713 mel
1173 686 1334 717 induxerit,
1350 687 1387 714 de
1415 687 1546 715 auctoris
1562 687 1709 714 sententia
1723 695 1785 715 non
1811 687 1919 723 poterit

1090 730 1193 765 modo,
1210 731 1235 758 si
1248 730 1329 765 velit,
1342 731 1528 767 frequentius
1544 739 1579 759 ac
1604 731 1739 759 crebrius
1763 731 1803 759 ad
1828 732 1920 760 aediﬁ-

1090 775 1204 803 candos
1227 775 1453 811 visitandosque
1469 775 1576 803 fratres
1593 783 1717 811 peregre
1736 775 1838 804 abire:
1868 777 1921 804 sed

205 815 328 844 δίδωσιν.
345 818 407 846 Par
421 821 463 847 est
478 819 574 854 igitur
588 820 620 847 in
635 821 731 856 quiete
747 823 779 849 ut
793 822 958 856 plurimum
975 830 1036 851 ma-
1051 830 1070 857 Β
1089 820 1222 856 postulat
1235 820 1325 848 etiam
1339 821 1426 854 ratio,
1443 822 1476 848 ut
1490 820 1544 847 iter
1560 820 1715 856 suscipiat.
1732 820 1803 856 Ejus
1818 823 1920 849 autem

205 870 285 897 nere,
299 865 327 891 et
341 863 500 898 quemlibet
524 864 555 892 in
574 865 704 899 propria
726 866 793 894 sede
816 866 985 902 persistere,
1003 871 1035 896 ut

206 907 261 935 hoc
276 909 451 936 constantia
464 916 581 937 morum
604 911 805 938 testimonium
823 911 951 939 habeat:
975 920 1035 940 non

207 954 307 980 tamen
319 959 444 986 prorsus
468 953 500 981 in
520 955 597 982 cella
617 962 671 982 sua
684 955 836 983 inclusum
852 963 920 989 esse,
937 957 989 984 sed
1003 957 1037 984 li-

209 995 285 1027 bere,
301 997 328 1024 si
336 1000 496 1032 propterea
520 999 598 1026 nihil
614 999 795 1028 conscientia
811 1001 967 1035 exprobat,
986 1009 1038 1030 ne-

209 1042 344 1069 cessitate
354 1044 476 1077 cogente
487 1043 596 1078 egredi,
606 1043 779 1080 fratresque
788 1044 856 1072 vitae
866 1046 1039 1081 integritate

210 1087 238 1113 et
251 1086 378 1120 optimos
401 1089 429 1114 et
444 1087 618 1116 utilissimos
638 1088 775 1122 invisere,
788 1089 840 1116 sed
862 1090 902 1117 ita
928 1092 1037 1124 tamen,

211 1131 246 1156 ut
258 1136 296 1157 ex
307 1130 378 1158 utili
397 1137 558 1166 congressu
586 1132 734 1160 virtutum
758 1133 859 1166 capiat
884 1134 1036 1169 exempla:

212 1174 293 1209 quod
316 1178 522 1210 consequetur,
538 1176 574 1209 si,
588 1179 622 1203 ut
645 1176 787 1210 diximus,
813 1178 843 1204 in
862 1178 1039 1212 prodeuntia

212 1218 318 1246 modus
331 1221 479 1254 teneatur,
494 1220 630 1256 nihilque
649 1221 702 1255 ﬁat
718 1222 798 1258 quod
812 1223 955 1257 reprendi
974 1231 1041 1258 pos-

212 1263 261 1291 sit.
288 1264 370 1299 Saepe
391 1265 468 1293 enim
504 1265 628 1293 insitum
663 1267 752 1294 etiam
785 1268 886 1295 animo
919 1268 1040 1296 tmdium

213 1309 349 1336 exeundo
359 1309 526 1344 dissipatur
535 1317 546 1345 ,'
559 1310 648 1346 idque
662 1311 694 1338 in
705 1318 796 1339 causa
810 1315 851 1340 est
868 1320 923 1340 cur
932 1313 1041 1341 iterum

213 1354 308 1382 veluti
333 1355 585 1389 convalescamus,
606 1362 642 1384 ac
658 1357 820 1390 paululum
851 1358 1040 1393 respiremus,

215 1399 419 1434 alacriterque
441 1399 482 1427 ad
502 1400 669 1428 certamina
691 1409 747 1435 pro
761 1402 873 1436 pietate
886 1403 1042 1432 subeunda

215 1444 379 1472 veniamus.
401 1444 486 1476 Quod
506 1444 591 1472 initio
614 1445 733 1478 dicitur,
758 1446 860 1481 libere,
889 1448 913 1476 si
940 1456 1042 1476 neces-

215 1487 288 1516 sitas
317 1490 414 1523 cogat,
443 1488 544 1523 egredi
565 1491 714 1525 oportere,
740 1490 772 1518 id
800 1490 927 1519 fortasse
951 1500 1042 1521 nemo

213 1532 419 1567 intellexisset,
435 1533 493 1561 nisi
514 1533 727 1570 interpretatus
751 1538 831 1563 esset
845 1539 950 1564 auctor
965 1537 1040 1572 ipse.

214 1578 288 1605 Nam
302 1578 490 1605 necessitatis
511 1578 635 1606 nomine
655 1578 746 1614 vulgo
769 1579 979 1616 signiﬁcantur
995 1590 1043 1610 ur-

213 1624 317 1657 gentes
331 1622 457 1658 quidam
471 1630 570 1657 casus,
586 1623 638 1659 qui
660 1624 701 1651 ita
714 1627 864 1661 premunt,
881 1628 914 1654 ut
927 1626 975 1654 vix
990 1627 1041 1655 ali-

213 1669 258 1695 ter
272 1667 369 1695 facere
390 1667 511 1703 possis:
531 1669 561 1695 et
576 1670 678 1695 tamen
699 1669 755 1697 hoc
769 1669 836 1697 loco
851 1670 968 1707 aliquid
983 1671 1040 1700 tale

211 1711 375 1747 intelligere
390 1712 464 1740 nihil
475 1720 598 1740 necesse
609 1715 663 1740 est.
680 1714 753 1741 Cum
767 1715 848 1743 enim
863 1715 1041 1752 scriptorita

211 1756 330 1785 locutus
349 1759 411 1785 est:
434 1758 518 1792 bzpe
530 1757 606 1786 enim
619 1759 741 1786 insitum
765 1759 854 1788 etiam
867 1761 966 1788 animo
992 1763 1040 1788 tas-

212 1802 295 1830 dium
312 1803 446 1831 emeundo
468 1803 652 1838 dissipatur;
674 1811 736 1831 non
750 1804 879 1833 obscure
897 1805 1040 1834 indicavit

212 1847 363 1876 monacho
388 1847 489 1883 egredi
512 1847 610 1880 licere,
628 1847 653 1875 si
675 1848 800 1876 tmdium
820 1849 968 1886 dissipare
984 1851 1040 1879 sibi

210 1894 381 1929 proponat:
397 1892 428 1920 iu
441 1900 502 1929 quo
517 1892 651 1920 maxima
661 1892 814 1929 scriptoris
825 1893 932 1922 lenitas
939 1897 1040 1931 aperte

211 1937 378 1965 ostenditur
389 1946 395 1971 ;
409 1936 560 1973 simulque
569 1937 718 1971 ejusmodi
729 1937 903 1972 egrediendi
913 1939 1040 1967 facultas

210 1982 309 2015 datur,
326 1989 387 2018 qua
413 1981 497 2009 abuti
521 1981 606 2009 multi
631 1984 766 2018 possent.
792 1984 892 2018 Longe
919 1984 1039 2018 gravius

211 2028 255 2055 est
268 2027 352 2063 quod
368 2025 521 2062 sequitur:
547 2026 576 2052 El
592 2024 621 2052 δέ
635 2036 676 2057 τις
690 2028 719 2053 τὸ
740 2027 817 2053 καλὸν
841 2031 872 2063 τῇ
884 2027 974 2064 ,ψυχῇ
991 2028 1038 2064 βε-

210 2071 290 2102 ϐαίως
303 2069 513 2108 ἐνιδρυσάμενος,
528 2073 573 2097 καὶ
588 2075 619 2107 τῇ
631 2081 728 2107 χρονιᾳ
739 2071 852 2101 ἀσκήσει
866 2077 914 2103 τῆς
927 2071 977 2098 τῶν
990 2083 1038 2098 πα-

211 2117 260 2143 θῶν
273 2115 452 2153 κυϐερνήσεως
466 2117 512 2144 τὴν
527 2115 659 2152 ἐμπειρίαν
675 2115 769 2150 λαϐὼν,
786 2118 830 2142 καὶ
845 2114 978 2153 δαμάσας,
993 2119 1037 2153 μὲν

208 2163 255 2192 τὰς
284 2162 436 2198 σωματικὰς
462 2159 600 2197 ἀκρασιας,
615 2160 767 2196 χαλινώσας
792 2159 821 2187 δὲ
846 2163 894 2192 τάς
917 2161 1038 2198 ψυχικὰς

208 2206 326 2239 ἀταξίας,
351 2206 449 2244 θαρρῶν
475 2204 505 2232 δὲ
530 2209 566 2232 τῶ
594 2210 640 2231 τοῦ
663 2206 792 2242 λογισμοῦ
813 2206 914 2242 χαλινῶ
936 2217 1038 2242 συχνο-

207 2253 282 2287 τέρας
310 2250 377 2277 θελοι
400 2250 533 2276 ποιεῖσθαι
558 2251 605 2279 τὰς
626 2248 757 2286 προόδους
777 2249 812 2280 εἰς
835 2249 977 2286 οἰκοδομὴν
994 2253 1038 2276 καὶ

208 2294 344 2330 ἐπίσκεψιν
369 2293 496 2330 ἀδελφῶν,
510 2296 554 2320 τὸν
569 2297 686 2319 τοιοῦτον
701 2296 747 2319 καὶ
763 2297 883 2330 παρορμή
890 2304 928 2320 σει
944 2295 1038 2331 μᾶλλον

207 2340 220 2366 ό
234 2339 310 2375 λόγος
323 2338 365 2365 ἐπὶ
381 2341 427 2368 τήν
442 2337 565 2375 πρόοδον,
583 2338 625 2364 ἳνα
639 2340 682 2364 τὸν
697 2338 793 2374 λύχνον
809 2337 850 2364 ἐπὶ
866 2341 913 2367 τὴν
928 2339 1038 2376 λυχνίαν

205 2385 295 2417 τιθεις,
312 2387 380 2410 πᾶσι
405 2385 434 2410 τὸ
462 2387 515 2419 φῶς
538 2387 585 2413 τῆς
609 2387 659 2408 τῶν
683 2382 767 2408 καλῶν
789 2384 961 2419 καθηγήσεως
984 2395 1037 2420 χο-

204 2432 310 2466 ρηγήσῃ
330 2439 336 2446 ·
353 2431 428 2465 μόνον
454 2430 475 2455 εἰ
495 2438 525 2465 γε
553 2428 671 2466 θαρροίη,
689 2429 722 2458 ὡς
744 2430 789 2454 καὶ
812 2427 879 2465 λόγῳ
901 2431 946 2455 καὶ
971 2431 1037 2467 ἔργῳ

205 2472 390 2500 διδασκαλεῖον
413 2473 508 2510 ἀρετῶν
533 2473 622 2499 ἑαυτὸν
639 2471 781 2502 δυνήσεται
805 2473 859 2503 τοῖς
887 2476 1038 2510 συντυγχά,

203 2529 278 2546 νουσι
290 2521 425 2556 παρέχειν,
440 2520 495 2546 etc.
520 2518 551 2546 Si
576 2518 641 2554 quis
661 2525 739 2551 vero,
768 2521 963 2554 posteaquam
991 2520 1036 2548 bo-

202 2572 275 2593 num
288 2565 319 2592 in
333 2564 432 2592 animo
441 2563 564 2599 fortiter
574 2563 821 2596 constabiliverit,
830 2563 1036 2600 diuturnaque

202 2609 416 2638 exercitatione
424 2608 691 2644 gubernandorum
707 2608 869 2643 affectuum
882 2610 1035 2643 experien-

201 2655 274 2683 tiam
284 2654 410 2689 adeptus
418 2654 524 2688 fuerit,
539 2657 566 2682 et
577 2653 696 2682 domitis
711 2654 845 2688 corporis
857 2653 1033 2681 libidinibus

200 2698 365 2727 coercuerit
374 2699 523 2727 tumultus
534 2699 692 2734 animales,
701 2702 764 2726 tum
775 2698 892 2726 demum
903 2698 1031 2726 rationis

237 2753 276 2788 (a)
291 2753 362 2788 Reg.
379 2753 414 2780 44-
430 2752 504 2788 maj.

1090 864 1132 892 rei
1148 864 1226 892 hanc
1247 863 1430 900 pulchellam
1454 864 1602 892 rationem
1625 864 1741 892 reddit:
1763 867 1796 892 ut
1817 866 1920 900 posita

1089 916 1180 944 super
1192 909 1376 936 candelabro
1393 909 1528 941 lacerna,
1545 909 1691 937 doctrina,-
1716 909 1798 937 bona’
1819 910 1920 939 lumen

1091 953 1239 989 impertiat
1260 954 1415 981 omnibus:
1439 953 1523 989 quod
1550 955 1652 982 tamen
1679 953 1744 981 ﬁeri
1768 953 1857 982 debet
1886 961 1922 981 ea

1092 998 1274 1033 conditione,
1291 998 1450 1026 dummodo
1464 999 1595 1033 conﬁdat
1614 1005 1701 1033 posse
1724 1001 1753 1026 et
1777 999 1870 1027 verbis
1894 1002 1921 1027 et

1091 1044 1182 1079 factis
1208 1043 1336 1078 seipsum
1364 1044 1399 1071 iis
1426 1043 1600 1078 quibuscum
1635 1043 1841 1078 congreditur,
1870 1051 1922 1071 cca

1092 1088 1252 1123 quamdam
1277 1089 1421 1115 virtutum
1442 1087 1574 1115 scholam
1599 1087 1747 1115 exhibere.
1765 1089 1848 1115 Certe
1864 1087 1922 1116 hoc

1092 1140 1155 1161 non
1169 1132 1356 1168 indulgentia
1370 1135 1423 1166 est,
1440 1133 1492 1170 sed
1507 1132 1597 1160 bonae
1618 1132 1784 1168 disciplinae
1805 1133 1923 1168 integra

1094 1178 1219 1206 eversio.
1236 1178 1369 1206 Primum
1386 1177 1504 1205 frenum
1519 1177 1653 1213 rationis,
1669 1185 1730 1213 quo
1750 1177 1815 1206 solo
1830 1178 1923 1214 scrip-

1095 1225 1141 1250 tor
1155 1224 1312 1250 contentus
1335 1224 1389 1257 est,
1405 1230 1498 1258 quam
1519 1222 1617 1250 debile
1642 1222 1678 1250 sit
1702 1225 1731 1250 et
1753 1222 1924 1256 inﬁrmum,

1094 1269 1206 1296 norunt
1230 1275 1345 1295 omnes.
1363 1266 1485 1301 Deinde,
1501 1266 1526 1294 si
1551 1266 1703 1294 monacho
1730 1266 1851 1294 cuilibet
1876 1275 1922 1294 se-

1096 1312 1155 1340 mel
1177 1312 1253 1346 licet,
1267 1320 1336 1340 cum
1348 1311 1460 1347 libebit,
1477 1311 1664 1347 frequentius
1680 1319 1714 1339 ac
1734 1311 1870 1338 crebrius
1884 1310 1925 1338 ad

1095 1356 1290 1385 aediﬁcandas
1299 1356 1525 1392 visitandosque
1537 1355 1643 1384 fratres
1657 1355 1809 1392 progredi,
1819 1358 1925 1383 auctor

1095 1409 1157 1430 non
1172 1402 1385 1430 anachoretam
1402 1401 1538 1433 instituit,
1553 1409 1645 1437 quem
1661 1400 1925 1429 tameninstituen-

1096 1447 1169 1475 dum
1180 1446 1236 1475 sibi
1249 1449 1460 1483 proposuerat,
1470 1446 1524 1474 sed
1535 1446 1626 1473 veluti
1636 1446 1780 1474 viatorem
1791 1445 1924 1481 aliquem

1097 1499 1216 1528 semper
1231 1491 1290 1519 huc
1313 1491 1383 1519 illuc
1410 1493 1570 1524 errantem,
1587 1498 1746 1527 nunquam
1769 1490 1926 1526 quiescen-

1095 1538 1166 1569 tem,
1180 1537 1321 1572 quamvis
1336 1535 1435 1572 potius
1447 1535 1538 1563 vitam
1552 1537 1704 1570 agentem,
1718 1543 1812 1571 quam
1827 1535 1926 1563 solita-

1095 1579 1181 1614 riam,
1197 1586 1290 1615 quam
1313 1581 1413 1606 tamen
1437 1577 1588 1613 agendam
1606 1579 1792 1614 susceperat.
1810 1579 1925 1605 Postre-

1095 1632 1156 1658 mo,
1172 1623 1255 1660 quod
1271 1623 1402 1658 additur,
1420 1631 1486 1651 eum
1498 1623 1577 1651 ratio
1591 1623 1631 1650 ad
1646 1623 1814 1651 exeundum
1823 1623 1926 1657 potius

1094 1670 1225 1700 inducet,
1242 1671 1274 1696 ut
1293 1669 1393 1703 posita
1416 1676 1506 1703 super
1520 1667 1702 1696 candelabro
1718 1668 1843 1695 lucerna
1858 1668 1926 1695 doc-

1095 1715 1183 1742 trina:
1207 1714 1290 1742 bonw
1313 1714 1409 1741 lumen
1436 1713 1589 1747 impertiat
1604 1712 1750 1744 omnibus,
1765 1712 1926 1740 dummodo

1095 1759 1225 1793 conﬁdat
1239 1766 1325 1793 posse
1348 1761 1374 1786 et
1400 1757 1495 1786 verbis
1519 1760 1546 1785 et
1560 1758 1651 1792 factis
1666 1757 1794 1791 seipsum
1807 1757 1844 1784 iis
1859 1757 1926 1792 qui-

1095 1805 1214 1832 buscum
1246 1803 1451 1838 congreditur,
1485 1810 1538 1831 ceu
1576 1802 1739 1838 quamdam
1778 1802 1927 1829 virtutum

1093 1849 1226 1877 scholam
1241 1848 1388 1881 exhibere,
1403 1847 1505 1875 locum
1528 1845 1749 1882 amplissimum
1765 1845 1927 1882 praestigiis

1093 1893 1210 1921 videtur
1235 1892 1318 1926 dare,
1347 1900 1415 1919 cum
1456 1891 1542 1919 facile
1569 1890 1632 1918 ﬁeri
1665 1890 1772 1926 possit,
1799 1892 1832 1918 ut
1866 1889 1927 1918 sibi

1093 1938 1222 1974 quisque
1246 1937 1331 1964 brevi
1359 1935 1551 1972 persuadeat,
1576 1935 1667 1963 talem
1692 1943 1757 1963 esse
1781 1943 1823 1966 se,
1849 1943 1926 1971 qua-

1091 1982 1151 2011 lem
1173 1983 1301 2018 oportet,
1317 1983 1349 2008 ut
1364 1981 1461 2008 facem
1487 1980 1626 2016 praeferat
1651 1980 1796 2007 omnibus
1812 1979 1852 2007 ad
1867 1980 1927 2008 bo-

1092 2035 1165 2055 nam
1189 2026 1369 2057 doctrinum,
1387 2025 1426 2053 ob
1453 2025 1545 2061 idque
1569 2024 1703 2052 conﬁdat
1728 2024 1876 2058 futurum,
1893 2027 1927 2052 ut

1091 2071 1235 2100 virtutum
1262 2071 1400 2098 omnium
1427 2069 1565 2105 exempla
1587 2077 1690 2097 secum
1716 2069 1926 2104 congressuris

1093 2116 1237 2153 praebeat.
1254 2116 1295 2142 Ex
1311 2115 1422 2151 quibus
1436 2114 1525 2151 plane
1541 2116 1659 2142 constat
1669 2113 1926 2142 Constitutionum

1094 2164 1246 2190 auctorem
1263 2161 1304 2188 ita
1319 2159 1527 2194 indulgentem
1541 2158 1642 2190 fuisse,
1655 2160 1687 2186 ut
1701 2158 1791 2186 etiam
1800 2158 1926 2186 rationis

1093 2206 1169 2234 ﬁnes
1196 2208 1404 2241 transgressus
1430 2204 1476 2231 sit.
1494 2204 1579 2231 Nunc
1603 2203 1770 2231 referamus
1795 2211 1864 2239 quae
1893 2203 1926 2231 in

1094 2250 1212 2286 Regulis
1236 2249 1385 2285 leguntur.
1412 2249 1479 2275 Haec
1504 2250 1604 2276 autem
1630 2250 1699 2275 sunt
1723 2247 1780 2283 (a):
1803 2250 1856 2276 Τὴν
1878 2249 1925 2284 μὲν

1094 2294 1244 2332 ἀποδημίαν
1258 2295 1413 2331 ἐπιτρεπέτω
1429 2304 1464 2319 τω
1484 2291 1618 2329 δυναμένῳ
1633 2292 1752 2322 ἀϐλαϐῶς
1773 2297 1803 2329 τῇ
1829 2292 1924 2318 ἑαυτοῦ

1092 2341 1181 2377 ψυχῇ,
1198 2343 1242 2366 καὶ
1265 2340 1396 2376 ὠφελίμως
1422 2343 1476 2368 τοῖς
1499 2339 1726 2373 συντυγχάνουσιν
1751 2337 1833 2366 αὐτὴν
1855 2336 1924 2363 ἐκτε-

1092 2385 1152 2413 λεῖν.
1168 2385 1212 2416 Ὠς
1234 2385 1275 2411 ἐὰν
1300 2387 1334 2421 μὴ
1359 2387 1428 2420 παρῇ
1453 2384 1465 2408 ὁ
1491 2381 1648 2415 ἐπιτήδειος,
1665 2381 1765 2418 βέλτιον
1790 2381 1813 2407 ἐν
1837 2380 1925 2418 ἐνδείᾳ

1092 2434 1142 2456 τῶν
1168 2430 1315 2466 ἀναγκαίων
1338 2432 1424 2454 πᾶσαν
1450 2427 1536 2463 ολῐψιν
1567 2429 1612 2452 καὶ
1645 2428 1820 2462 στενοχωρίαν
1840 2428 1924 2463 μέχρι

1091 2477 1137 2500 καί
1172 2475 1281 2500 Θανάτου
1319 2474 1474 2508 ὑπενεγκεῖν,
1506 2474 1520 2500 ἦ
1548 2471 1717 2508 παραμυθίας
1754 2471 1833 2496 ἕνεκεν
1868 2480 1923 2496 σω-

1091 2524 1214 2556 ματικῆς,
1242 2517 1341 2555 βλάϐην
1366 2517 1460 2552 ψυχῆς
1483 2516 1689 2552 ὁμολογουμένην
1714 2517 1846 2552 περιορᾴν.
1867 2516 1924 2544 Pe-

1091 2563 1270 2599 regrinandi
1280 2563 1368 2590 detur
1380 2562 1514 2596 facultas
1529 2562 1564 2593 ei,
1579 2561 1632 2596 qui
1644 2561 1722 2587 citra
1736 2560 1845 2587 anima:
1860 2567 1923 2587 sum

1090 2609 1312 2638 detrimentum,
1328 2609 1355 2634 et
1380 2614 1446 2634 cum
1470 2606 1602 2633 utilitate
1617 2612 1728 2638 eorum,
1745 2604 1922 2639 quibuscum

1088 2653 1241 2690 graditur,
1249 2652 1455 2687 iterperﬁcere
1462 2651 1564 2685 possit.
1571 2650 1661 2683 Nam,
1669 2650 1695 2676 si
1703 2656 1786 2676 nemo
1796 2648 1922 2676 idoneus

1088 2698 1221 2733 a/I'uerit,
1234 2699 1360 2732 prwstat
1374 2696 1405 2723 in
1420 2703 1520 2723 rerum
1535 2693 1773 2723 necessariarum
1787 2694 1920 2728 penuria
