2020 3140
73 135 102 162 89
805 129 996 158 ΡΒΕῈΔΤΙΟ.
1726 133 1761 161 90

72 195 248 231 afﬂictionem
259 202 375 223 omnem
386 197 475 230 atque
489 194 661 230 angustiam
677 194 724 222 vel
738 193 780 221 ad
799 200 879 220 mor-
898 194 922 220 Α
935 200 1002 220 rum
1020 194 1196 223 testimoniis
1210 195 1343 223 referciri
1354 195 1384 223 in
1398 195 1455 223 illis
1466 194 1618 230 ejusmodi
1631 195 1763 223 testimo-

71 245 119 270 tem
130 248 215 276 usque
226 241 355 275 perpeti.
368 248 458 275 quam
473 240 606 274 corporis
622 239 778 267 levamenti
790 246 881 266 causa

71 285 251 313 certissimum
263 292 302 312 an
307 285 372 312 [mw
382 284 592 313 detrimentum
602 284 760 319 negligere.
773 283 804 310 ln
816 283 883 319 qui-

70 329 120 357 bus
128 329 248 364 dignum
258 330 370 365 estquo
381 331 511 363 notetur,
522 336 628 357 omnes
634 328 672 356 de
678 328 808 356 auctoris
820 334 886 354 sen-

70 375 151 403 tentia
161 373 367 410 potiusrerum
377 374 607 410 penuriaperire
618 373 738 407 debere,
750 381 842 408 quam
855 376 886 401 ut

69 427 139 447 unus
155 418 194 446 ob
213 421 385 454 susceptam
410 418 684 454 peregrinationem
704 419 819 445 certum
836 416 886 444 ali-

69 464 143 501 quod
156 463 367 491 detrimentum
377 463 407 491 in
419 463 522 491 anima
533 463 677 499 patiatur;
690 470 757 498 quae
769 465 886 490 senten-

70 510 103 537 tia
111 509 195 544 justas
205 508 371 536 severitatis
379 508 470 543 plena
478 510 535 542 est,
544 510 571 535 et
580 507 764 535 alienissima
774 506 812 534 ab
820 506 885 541 ejus

69 553 206 587 moribus,
221 553 276 589 qui
290 553 544 581 Constitutionum
559 552 671 580 librum
686 551 789 580 edidit.
806 552 884 584 Quo-

69 597 152 625 modo
176 597 256 625 enim
269 597 369 625 dicere
385 597 581 633 potuisset,(si
597 604 688 624 nemo
699 596 827 623 idoneus
839 595 884 622 in-

70 642 203 677 veniatur,
215 650 323 670 omnes
333 643 434 678 potius
444 642 649 670 fameinterire
659 641 778 675 debere,
791 647 885 676 quam

69 689 97 715 ut
110 695 182 714 unus
194 687 305 714 animae
316 694 378 715 suae
393 687 552 723 dispendio
565 694 689 722 peregre
701 686 800 719 abeat,
816 692 884 712 cum

69 733 124 768 ipse
136 732 271 760 docuerit
284 732 410 760 idoneos
422 732 460 760 ad
470 731 727 768 peregrinandum
737 738 802 758 esse
822 738 884 765 eos,

70 777 115 813 qui
125 777 280 805 conﬁdunt
288 776 405 804 futuros
414 785 446 804 se
458 776 596 812 exemplo
607 777 638 804 in
647 776 761 809 itinere,
774 775 809 803 iis
819 775 885 811 qui-

69 822 185 850 buscum
196 821 431 856 congrediemur
441 822 454 849 ?
467 821 582 849 Etenim
596 821 620 848 si
631 823 715 848 tanta
722 829 820 848 rerum
833 827 885 856 pe-

936 237 988 266 nia
1002 245 1100 274 pauca
1115 239 1280 267 admodum
1300 239 1449 269 invenias.
1472 239 1638 276 Scriptores
1663 242 1762 268 autem

937 283 979 311 ita
993 284 1039 311 sui
1051 284 1212 312 dissimiles
1228 292 1292 312 esse
1307 293 1368 312 non
1383 285 1490 318 solent,
1508 289 1540 312 ut
1555 293 1624 313 cum
1640 285 1762 313 easdem

939 336 986 356 res
997 331 1135 363 tractant,
1151 329 1277 356 diversis
1293 329 1441 357 scribendi
1458 330 1617 364 generibus
1631 332 1765 358 utantur.

940 374 1014 402 Cum
1030 374 1118 408 igitur
1130 376 1247 402 constet
1257 374 1365 402 iisdem
1380 374 1417 402 de
1431 374 1523 402 rebus
1538 374 1569 402 in
1585 374 1704 409 Regulis
1724 376 1766 403 at-

940 426 999 454 que
1011 418 1042 446 in
1053 418 1322 446 Constitutionibus
1339 421 1509 446 sermonem
1529 419 1655 452 institui,
1671 420 1701 446 in
1716 419 1766 446 iis-

939 471 999 499 que
1009 463 1159 491 diversam
1171 471 1234 491 esse
1247 463 1437 491 citandarum
1449 464 1663 500 scripturarum
1674 464 1765 492 ratio-

938 516 1019 541 nem,
1035 516 1104 536 cum
1119 515 1224 536 earum
1238 508 1408 536 testimonia
1422 516 1502 545 saepe
1517 509 1546 536 in
1558 508 1686 543 Regulis,
1697 516 1765 536 raro

939 553 969 581 in
996 553 1265 581 Constitutionibus
1284 553 1485 589 proferantur,
1507 561 1627 581 necesse
1652 553 1768 581 videtur

938 598 1016 626 duos
1022 597 1164 633 distingui
1171 600 1319 632 auctores,
1326 605 1456 634 quorum
1463 606 1541 625 unus
1550 605 1609 625 uno
1615 619 1620 630 ,
1626 597 1662 624 ali
1668 606 1701 625 us
1709 597 1766 625 alio

939 642 1032 670 modo
1045 643 1207 678 scripserit.
1221 644 1254 670 Et
1265 643 1412 678 quoniam
1424 645 1636 677 argumentum
1647 650 1662 669 e
1674 642 1766 670 varie-

939 689 997 715 tate
1011 687 1137 715 citandae
1151 687 1309 723 Scriptura:
1320 690 1420 723 petere
1427 687 1519 714 semel
1529 687 1617 723 coepi,
1630 694 1765 723 pergam.

939 733 1015 767 Ergo
1029 739 1151 759 monere
1171 740 1271 768 operae
1285 732 1413 768 pretium
1426 734 1479 766 est,
1490 731 1563 759 illud
1578 733 1673 765 Lucus,
1685 732 1767 759 Mar-

940 777 1001 810 tha,
1026 777 1157 804 sollicita
1180 785 1219 810 es,
1240 779 1266 805 et
1279 776 1410 804 turbaris
1425 783 1497 811 erga
1509 777 1644 811 plurima
1655 784 1665 804 .·
1674 783 1767 811 porro

939 829 1031 849 unum
1043 824 1086 849 est
1100 822 1299 850 necessarium
1312 822 1347 854 ³³,
1360 823 1389 848 et
1403 821 1433 848 in
1448 821 1567 855 Regulis
1591 821 1715 858 reperiri
1740 822 1768 848 et

69 866 146 894 nuria
157 869 244 897 esset,
262 869 296 894 ut
309 866 414 894 fratres
423 874 528 894 omnes
539 867 570 893 in
582 866 645 894 vitae
659 865 823 893 discrimen
835 873 885 892 ve-
901 869 921 895 Β
940 866 970 894 in
986 866 1258 894 Constitutionibus
1272 875 1278 894 :
1292 866 1346 894 sed
1357 869 1418 894 tam
1430 866 1557 900 diverse,
1568 869 1600 894 ut
1611 866 1695 894 aliter
1704 865 1768 893 ﬁeri

69 911 164 946 nirent,
184 911 316 939 dubium
326 919 387 938 non
404 913 449 938 est
458 911 532 947 quin
544 910 575 938 in
588 910 723 946 quolibet
734 912 886 938 conventu

70 963 177 992 semper
186 955 298 992 aliquis
319 955 488 983 monachus
509 955 702 989 inveniretur,
725 955 777 991 qui
799 962 829 981 se
856 954 885 981 in

69 998 161 1026 itinere
169 998 310 1026 faciendo
326 998 466 1025 virtutum
482 997 618 1024 omnium
631 997 770 1033 exempla
789 996 886 1024 omni-

71 1044 120 1072 bus
133 1044 274 1071 daturum
286 1042 449 1070 conﬁderet
462 1051 468 1075 ;
480 1042 609 1078 ideoque
622 1050 715 1069 causa
729 1049 791 1069 non
812 1043 886 1075 erat,

72 1097 118 1116 cur
128 1089 251 1124 scriptor
260 1087 439 1124 praeclarum
450 1087 525 1115 illud
541 1087 715 1114 decantaret
724 1087 751 1114 si
764 1087 887 1114 idoneus

72 1141 123 1161 non
132 1134 311 1168 reperiatur,
322 1136 446 1160 mortem
449 1132 551 1167 potius
558 1131 792 1159 toleraridebere
801 1138 888 1166 quam

71 1181 174 1206 certum
188 1177 313 1213 aliquod
323 1177 431 1205 animae
441 1177 583 1205 damnum
595 1177 750 1212 negligere,
764 1184 845 1209 cum,
858 1178 889 1203 ut

71 1223 205 1255 vidimus,
217 1223 351 1250 idoneus
366 1229 525 1258 nunquam
541 1221 670 1250 deesset.
686 1221 803 1249 Addere
817 1220 890 1248 libet

72 1271 96 1295 et
110 1267 196 1296 alium
209 1267 326 1295 locum.
349 1268 423 1295 Cum
436 1274 508 1301 ergo
526 1268 632 1294 auctor
654 1266 891 1300 interrogaretur

71 1314 159 1340 utrum
173 1311 410 1340 auscultandum
420 1311 457 1338 sit
475 1311 522 1342 iis,
536 1310 654 1347 quinos
667 1310 706 1339 ad
719 1310 890 1346 propriare-

71 1357 170 1385 ducere
189 1357 314 1391 vellent,
332 1356 373 1384 ita
395 1355 560 1392 respondet
576 1358 618 1389 (a)
631 1364 637 1383 :
649 1355 680 1382 Εἰ
693 1357 737 1391 μὲν
752 1353 798 1381 διὰ
823 1354 890 1380 οἰκο-

71 1400 145 1438 δομὴν
159 1407 203 1433 τῆς
214 1402 359 1433 πίστεως,ὀ
371 1399 513 1437 δυνάμενος
527 1402 608 1430 οὕτως
616 1399 759 1431 άπεαλθεῖν,
768 1400 832 1436 μετά
846 1397 890 1425 δο-

70 1450 182 1483 κιμασίας
197 1447 352 1483 πεμπέσθω.
364 1446 399 1474 Si
410 1446 440 1473 id
449 1445 504 1479 ﬁat
515 1445 551 1473 0b
564 1445 636 1479 ﬁdei
651 1445 888 1478 avdiﬁcalionem,

70 1492 115 1527 qui
124 1492 204 1520 abire
218 1492 278 1519 hoc
287 1491 373 1518 modo
387 1493 488 1526 potest,
502 1490 527 1517 is
537 1490 694 1524 praemissa
703 1489 813 1523 pra'vio
823 1495 890 1516 ema-

940 918 1002 938 non
1017 919 1109 947 posse
1122 911 1269 944 videatur,
1281 911 1354 947 quin
1367 911 1476 939 horum
1490 919 1617 946 operum
1629 910 1689 938 duo
1700 918 1768 937 auc-

941 959 1019 984 tores
1029 958 1246 990 agnoscantur.
1257 957 1333 983 Loca
1342 956 1410 992 ipsa
1420 955 1450 983 in
1463 955 1595 983 uiedium
1608 963 1676 983 meo
1686 963 1769 983 more

942 1000 1095 1028 adducam
1111 1008 1117 1026 :
1134 1008 1230 1036 eoque
1246 1000 1398 1033 libentius,
1413 999 1497 1036 quod
1522 1000 1553 1027 in
1578 1000 1620 1027 eis
1641 999 1768 1034 dignum

942 1044 1089 1080 quiddam
1105 1044 1277 1072 curiositate
1294 1045 1498 1072 studiosorum
1509 1044 1608 1072 inesse
1620 1044 1768 1072 videatur.

942 1089 986 1116 Ita
1000 1089 1090 1122 igitur
1104 1089 1134 1116 in
1150 1089 1270 1123 Regulis
1297 1088 1443 1124 scriptum
1462 1089 1614 1116 invenitur
1634 1089 1672 1123 (ὁ)
1691 1096 1696 1115 :
1715 1088 1769 1114 Οὐκ

943 1136 1049 1169 ἐπῄνεσε
1069 1137 1115 1162 τὴν
1131 1135 1239 1170 Μάρθαν
1255 1136 1290 1164 είς
1305 1134 1400 1162 πολλὴν
1416 1133 1551 1160 διακονίαν
1573 1137 1768 1170 περισπωμένην

944 1179 956 1204 ὁ
974 1180 1076 1214 Κύριος,
1092 1178 1164 1210 ἀλλὰ,
1177 1176 1308 1214 Μεριμνᾷς
1321 1181 1365 1204 καὶ
1379 1178 1508 1215 τυρϐάζῃ,
1522 1181 1596 1214 φησὶ,
1608 1181 1667 1215 περί
1677 1178 1768 1204 πολλά.

944 1222 1034 1258 ὀλίγων
1048 1221 1077 1248 δέ
1092 1225 1148 1248 ἐστι
1170 1225 1259 1259 χρεία,
1275 1223 1289 1252 ἡ
1309 1223 1371 1253 ἑνός·
1390 1223 1481 1258 ὀλίγων
1494 1225 1548 1259 μὲν,
1578 1221 1698 1251 δηλονότι
1720 1226 1769 1248 τῶν

942 1269 1006 1303 πρὸς
1023 1269 1188 1303 παρασκευήν
1205 1275 1211 1281 ·
1224 1267 1277 1298 ἐνὸς
1290 1265 1328 1300 δὲ,
1343 1271 1389 1293 τοῦ
1406 1271 1515 1301 σκοποῦ,
1531 1268 1598 1293 ὥστε
1616 1269 1663 1296 τὴν
1678 1269 1768 1303 χρείαν

943 1310 1151 1347 ἐκπληρωοῆναι.
1168 1312 1362 1347 Nequaquam
1379 1312 1519 1339 Dominus
1535 1311 1671 1339 laudavit
1687 1311 1770 1338 Mar-

944 1356 1026 1384 tham
1041 1358 1073 1383 in
1085 1356 1246 1390 multiplex
1261 1357 1459 1384 ministerium
1475 1357 1651 1384 distractam
1679 1364 1684 1382 :
1707 1356 1768 1388 sed.

945 1412 958 1425 ιι
968 1401 1110 1429 Sollicita
1121 1409 1159 1434 es,
1170 1401 1264 1436 inquit
1276 1404 1303 1428 et
1322 1401 1455 1429 turbaris
1466 1403 1547 1428 circa
1557 1401 1664 1428 multa.
1677 1400 1772 1436 Atqui

941 1445 1056 1480 paucis,
1073 1445 1119 1473 vel
1130 1453 1188 1472 uno
1203 1453 1278 1479 opus
1292 1448 1333 1473 est
1346 1454 1352 1473 :
1366 1455 1380 1470 »
1396 1446 1502 1480 paucis
1517 1445 1646 1481 quidem,
1673 1452 1769 1480 quam

944 1492 1007 1517 tum
1021 1490 1133 1516 scilicet
1149 1489 1190 1517 ad
1202 1493 1397 1524 apparatum,
1410 1497 1468 1517 uno
1483 1497 1562 1524 vero,
1587 1497 1691 1523 nempe
1711 1489 1771 1523 ﬁne

70 1538 137 1565 mine
150 1538 340 1565 dimittatur:
356 1536 406 1564 ubi
418 1536 569 1564 monacho
584 1543 645 1563 non
657 1534 834 1570 permititur,
846 1535 887 1568 ut,
905 1544 925 1571 ο
943 1534 1017 1568 ipso,
1038 1536 1070 1560 ut
1086 1533 1222 1561 videlicet
1236 1535 1407 1562 necessitati
1421 1534 1474 1567 ﬁat
1489 1534 1572 1561 satis.
1586 1533 1654 1561 [deo
1670 1536 1770 1561 autem

69 1581 91 1608 si
107 1581 179 1617 velit,
199 1581 375 1616 egrediatur
391 1589 397 1608 :
413 1580 464 1608 sed
478 1580 563 1616 prius
590 1579 805 1615 pertentandus
835 1580 889 1613 est,

69 1628 160 1654 utrum
170 1626 302 1654 idoneus
314 1625 361 1653 sit.
377 1626 439 1653 Uno
449 1625 553 1659 verbo,
564 1623 647 1660 quod
658 1624 688 1651 in
701 1623 888 1652 Constitutio-

69 1670 149 1699 nibus
160 1671 216 1707 legi
232 1671 459 1704 adnotavimus,
473 1669 604 1703 cuilibet,
620 1669 644 1696 si
654 1668 730 1701 velit,
746 1667 846 1703 egredi
857 1668 889 1696 li-

68 1724 126 1744 cere
146 1725 229 1745 vanaa
242 1715 407 1752 cujusdam
433 1714 623 1742 confidentius
638 1715 773 1745 obtentu,
789 1713 819 1740 id
839 1715 890 1741 aut

68 1761 224 1798 quidquam
242 1761 345 1789 simile
359 1760 389 1788 in
400 1760 519 1795 Regulis
529 1759 581 1796 qui
591 1761 748 1796 quaereret,
764 1766 889 1794 operam

68 1805 180 1834 luderet.
197 1808 301 1839 Quare
321 1806 345 1833 si
361 1804 543 1840 {tegularum
559 1804 686 1840 scriptor
700 1811 835 1839 unquam
846 1803 877 1830 in

69 1849 192 1879 duxisset
218 1851 360 1880 animum
384 1850 583 1878 anachoretas
604 1849 771 1880 instituere,
797 1847 889 1875 modo

69 1903 161 1924 secum
168 1896 233 1932 ipse
241 1895 415 1924 consentire
422 1894 575 1927 voluisset,
585 1901 646 1922 non
655 1893 697 1921 eis
707 1892 890 1929 permisisset

69 1942 98 1968 ut
118 1944 300 1975 vagarentur
318 1940 377 1968 huc
393 1939 463 1967 illuc
483 1939 602 1976 quoties
629 1939 671 1966 ita
684 1937 811 1965 liberet:
836 1936 889 1964 sed

65 1985 194 2020 jussisset
205 1986 291 2021 ipsos
303 1984 342 2012 ab
354 1984 478 2012 homine
502 1983 636 2020 sapiente
658 1982 819 2010 consilium
839 1989 888 2009 ca-

66 2038 140 2065 pere,
149 2030 186 2058 ab
194 2037 294 2066 eoque
305 2036 448 2065 qurerere,
460 2031 558 2056 utrum
567 2028 668 2063 egredi
677 2028 719 2055 eis
726 2027 888 2063 expediret,

66 2081 163 2102 necne.
176 2074 280 2102 Videre
289 2076 346 2108 est,
354 2073 481 2108 igiturin
492 2072 610 2107 Regulis
619 2072 817 2105 severitatem,
828 2079 889 2098 non

67 2117 141 2146 illam
151 2119 277 2155 quidem
295 2118 437 2152 Stoicam,
462 2117 517 2145 sed
535 2125 604 2153 quas
624 2117 754 2152 peritum
777 2116 889 2150 magis-

68 2164 139 2190 trum
154 2163 271 2197 deceat,
290 2162 501 2198 consultatque
517 2161 630 2198 optime
642 2164 723 2189 recto
734 2160 833 2189 ordini
846 2160 888 2188 :iu

68 2207 333 2236 Constitutionibus
346 2215 429 2241 vero,
443 2206 610 2234 molliorem
622 2205 789 2242 quamdam
801 2205 889 2233 disci-
906 2225 928 2251 Β

68 2251 186 2286 plinam,
215 2260 287 2288 quae
317 2251 341 2279 si
365 2251 467 2279 locum
490 2251 626 2286 haberet,
639 2253 737 2279 rectus
753 2251 827 2278 ordo
839 2250 890 2278 diu

68 2299 139 2324 stare
156 2305 218 2325 non
233 2299 349 2333 posset.

99 2343 139 2370 36.
162 2343 355 2378 Subjungam
370 2344 584 2377 argumentum
602 2340 694 2375 aliud,
706 2340 788 2376 quod
804 2342 833 2367 et
846 2340 891 2376 ip-

69 2394 128 2415 sum
138 2396 263 2424 quoque
275 2387 382 2424 probat
392 2387 514 2423 quidem
526 2394 588 2414 non
595 2386 736 2414 eumdem
746 2393 811 2413 esse
822 2393 892 2413 auc-

69 2434 155 2460 torem
166 2432 363 2468 Regularum,
374 2432 427 2466 qui
438 2431 691 2460 Constitutiouum
704 2439 710 2464 ;
723 2431 777 2458 sed
788 2433 892 2467 praste-

68 2483 113 2504 rea
127 2478 182 2505 hoc
193 2477 350 2505 commodi
362 2477 464 2510 habet,
482 2479 514 2504 ut
527 2476 610 2504 nullo
621 2476 783 2504 verborum
798 2483 891 2511 appa-

68 2524 137 2554 ratu,
158 2525 188 2549 at
200 2521 267 2549 solo
282 2521 440 2549 oculorum
453 2521 564 2549 auxilio
576 2520 721 2555 indigeat.
733 2520 825 2548 Velim
838 2520 890 2555 igi—

68 2567 110 2592 tur
133 2566 228 2594 oculis
261 2566 426 2594 lustrantur
454 2566 573 2601 Regulae
596 2569 624 2593 et
647 2566 890 2599 Constitutiones,

68 2614 338 2647 comparenturque
353 2611 430 2639 inter
444 2618 519 2638 sese.
536 2612 594 2638 Has
611 2610 713 2638 videas
729 2610 891 2646 Scriptura-

99 2702 121 2718 ”
138 2703 206 2730 Luc.
221 2709 254 2735 Χ,
270 2702 316 2737 41,
331 2702 376 2729 42.
397 2703 420 2720 ³ο
437 2701 510 2730 lbid.
528 2703 620 2729 40-42.

100 2805 135 2833 (at
147 2805 220 2840 Reg.
233 2803 318 2832 brev.
333 2806 365 2833 89

943 1576 1008 1604 haec
1027 1575 1117 1611 paulo
1131 1575 1226 1603 fusius
1240 1576 1337 1610 retuli,
1366 1578 1398 1604 ut
1412 1576 1580 1610 intelligant
1601 1575 1653 1612 qui
1671 1576 1772 1610 legent

943 1628 1050 1648 vocem
1069 1622 1123 1650 ἐνὸς
1138 1620 1186 1647 hic
1201 1628 1262 1647 non
1278 1621 1375 1657 accipi
1390 1620 1507 1656 vulgari
1522 1628 1623 1654 sensu,
1647 1620 1700 1647 sed
1716 1627 1771 1656 pro

943 1673 1005 1693 uno
1028 1665 1151 1692 ferculo.
1178 1667 1208 1692 In
1224 1665 1486 1693 constitutionibus
1503 1673 1574 1693 vero
1587 1667 1664 1700 (cap.
1689 1667 1711 1696 l)
1729 1664 1771 1692 sic

942 1710 1052 1745 legitur
1075 1719 1081 1737 :
1099 1710 1169 1743 Εἰπὲ,
1190 1713 1278 1746 φησὶν,
1294 1713 1371 1747 αὐτῇ,
1387 1713 1429 1736 ἵνα
1443 1711 1473 1736 ἀν
1482 1710 1586 1736 αστᾶσα
1611 1709 1769 1745 συνδιακονῇ

943 1765 999 1792 μοι.
1015 1755 1043 1781 Ὀ
1058 1753 1087 1781 δὲ
1104 1757 1199 1792 Κύριος
1214 1757 1279 1792 πρὸς
1292 1755 1381 1784 αὐτὴν.
1396 1757 1500 1792 Μάρθα,
1516 1756 1620 1792 Μάρθα,
1647 1758 1771 1791 μεριμνᾷς

943 1810 988 1826 και
999 1799 1117 1837 τυρϐάζῃ
1133 1809 1193 1836 περι
1207 1800 1297 1833 πολλὰ,
1312 1801 1365 1830 ἐνὸς
1382 1798 1410 1826 δέ
1425 1802 1481 1826 ἐστι
1496 1803 1584 1837 χρεία.
1602 1802 1689 1836 Μαρία
1707 1800 1769 1836 γάρ,

944 1848 999 1873 etc.
1017 1856 1030 1869 ‹‹
1047 1846 1102 1873 Dic
1120 1846 1178 1878 illi,
1200 1845 1309 1880 inquit,
1335 1847 1366 1872 ut
1389 1853 1517 1880 surgens
1540 1845 1690 1872 ministret
1711 1851 1771 1871 me-

944 1898 1021 1918 cum.
1043 1901 1055 1915 η
1075 1890 1133 1917 Cui
1151 1890 1322 1918 Dominus:
1338 1901 1351 1914 «
1375 1890 1510 1924 Martha,
1535 1889 1670 1925 Martha,
1685 1890 1770 1917 solli-

943 1935 1004 1963 cita
1017 1938 1094 1967 es,et
1109 1934 1242 1962 turbaris
1264 1935 1342 1962 circa
1357 1935 1464 1962 multa.
1490 1935 1587 1961 Porro
1612 1941 1705 1961 unum
1729 1936 1771 1962 est

943 1980 1153 2008 necessarium.
1167 1980 1266 2007 Maria
1285 1979 1363 2007 enim
1374 1979 1409 2013 ⁸ο,
1427 1988 1441 2005 ›
1457 1981 1511 2006 etc.
1529 1978 1586 2006 Nec
1607 1978 1771 2015 quisquam

943 2024 1050 2052 dixerit
1064 2026 1239 2060 corruptum
1253 2032 1318 2052 esse
1345 2023 1526 2059 Regularum
1547 2023 1648 2051 locum
1666 2031 1672 2050 :
1688 2022 1773 2058 quod

942 2069 1059 2104 vitium,
1075 2071 1105 2096 ut
1118 2068 1178 2096 alia
1190 2068 1327 2103 ejusdem
1341 2068 1459 2103 generis
1472 2068 1612 2104 plurima,
1625 2067 1772 2096 autlibra—

943 2114 1056 2142 riorum
1072 2113 1241 2146 oscitantia,
1258 2115 1309 2141 aut
1322 2113 1380 2141 alio
1405 2113 1507 2148 aliquo
1523 2121 1593 2139 casu
1610 2112 1770 2148 irrepserit.

944 2159 1068 2194 Etenim,
1085 2159 1109 2186 si
1124 2159 1213 2186 unico
1228 2159 1286 2186 hoc
1308 2159 1374 2186 loco
1397 2158 1438 2185 ita
1464 2157 1622 2191 legeretur,
1647 2156 1773 2184 fortasse

944 2204 1016 2232 talia
1037 2203 1095 2230 dici
1112 2205 1235 2239 possent
1249 2211 1255 2230 :
1274 2202 1326 2230 sed
1340 2210 1410 2229 cum
1425 2203 1453 2229 et
1468 2201 1539 2228 alibi
1557 2200 1665 2228 eodem
1681 2200 1773 2228 modo

945 2249 1090 2285 scriptum
1114 2248 1296 2280 inveniatur,
1317 2246 1450 2275 dubitari
1471 2246 1577 2274 merito
1587 2253 1648 2273 non
1664 2247 1773 2281 potest,

945 2294 1018 2330 quin
1034 2296 1136 2321 auctor
1148 2293 1213 2329 ipse
1229 2293 1269 2320 ita
1282 2291 1444 2328 scripserit.
1461 2291 1533 2319 Volo
1554 2293 1655 2318 autem
1668 2290 1772 2318 merui-

945 2339 1027 2367 nisse
1042 2346 1160 2371 omnes,
1173 2337 1203 2365 in
1228 2337 1285 2364 hoc
1300 2336 1433 2364 eruditos
1456 2336 1532 2363 inter
1547 2344 1577 2363 se
1593 2335 1772 2366 consentire,

946 2382 1029 2418 quod
1046 2389 1106 2409 uno
1122 2389 1272 2409 consensu
1287 2381 1406 2409 Moralia
1421 2383 1449 2408 et
1461 2379 1590 2415 Regulas
1600 2380 1652 2407 uni
1664 2379 1774 2407 eidem—

946 2435 1004 2464 que
1024 2426 1159 2462 scriptori
1178 2426 1321 2453 tribuant.
1338 2425 1499 2452 Videamus
1515 2432 1596 2459 crgo,
1617 2424 1774 2460 quomodo

947 2472 1106 2499 Moralium
1121 2473 1236 2504 auctor,
1253 2470 1307 2505 qui
1321 2470 1400 2497 idem
1417 2471 1461 2497 est
1474 2472 1564 2506 atque
1580 2469 1772 2504 Regularum,

946 2517 1031 2551 illud,
1047 2515 1130 2552 quod
1148 2515 1220 2548 dixi,
1238 2516 1323 2542 Lucae
1339 2514 1545 2542 testimonium
1562 2513 1704 2542 retulerit.
1728 2513 1774 2541 Sic

947 2565 1048 2590 autem
1073 2561 1207 2597 loquitur
1231 2560 1261 2587 in
1290 2559 1396 2595 regula
1420 2561 1454 2588 38
1479 2563 1566 2596 (page
1591 2559 1653 2586 263)
1677 2567 1684 2584 :
1713 2559 1774 2584 Εἰπὲ

946 2611 989 2634 οῠν
1012 2605 1090 2643 αὐτῇ,
1116 2608 1158 2632 ἵνα
1177 2615 1221 2640 μοι
1246 2604 1474 2634 συναντιλάϐηται·
1501 2605 1664 2641 ’Λποκριθεὶς
1689 2601 1718 2630 δὲ
1735 2602 1772 2631 εῖ-

974 2803 990 2831 b
1005 2804 1076 2838 Reg.
1093 2804 1128 2830 20
1139 2802 1196 2830 fus.
