2020 3140
228 121 259 148 91
980 119 1172 149 ΡΒᾸΞΡΑΤΙΟ.
1897 121 1932 149 92

228 191 271 208 πεν
285 182 350 218 αὐτῇ
365 182 377 207 ὁ
393 181 503 213 Ἰησοῦς
520 183 624 220 Μάρθα,
640 185 744 221 Μάρθα,
770 181 895 221 μεριμνᾷς
921 185 965 209 καὶ
989 193 1050 219 τνρ-

1108 182 1164 210 tria
1183 182 1332 219 exempla.
1346 185 1378 210 tn
1391 190 1426 211 eo
1439 182 1528 218 igitur
1542 182 1583 210 ita
1598 182 1705 217 legitur
1718 188 1797 219 (pag.
1811 184 1891 215 550):
1905 186 1933 210 Et

228 226 294 263 ϐάζῃ
312 229 370 264 περὶ
382 227 472 253 πολλά·
489 227 578 262 ὀλίγων
591 226 620 254 δέ
633 227 689 254 ἐστι
708 231 795 266 χρεία,
808 229 821 258 ἡ
838 228 901 258 ἐνὸς.
917 228 967 256 Dic
980 235 1050 262 ergo

226 271 286 305 illi,
301 274 332 298 ut
348 279 393 299 me
405 272 538 306 adjuvet.
554 273 745 307 Responrlens
760 276 859 301 autem
872 273 958 300 Jesus
973 273 1051 299 dixit

227 316 255 343 ei
282 324 288 343 :
314 315 448 348 Martha,
476 317 611 350 Martha,
638 318 771 346 sollicita
797 325 837 351 es,
862 320 889 345 et
918 317 1052 344 turbaris

226 362 308 389 circa
328 362 473 395 plurima,
499 365 599 390 tamen
611 363 720 397 paucis
735 370 807 397 opus
823 365 875 394 est,
899 365 951 391 aut
968 369 1026 389 uno
1044 369 1049 388 :

227 406 279 434 ubi
296 414 359 433 non
384 406 469 434 aliter
492 406 600 442 legitur
618 415 706 443 quam
727 408 757 435 in
773 407 843 442 ipsis
859 406 977 441 Regulis
993 415 999 440 ;
1016 413 1054 433 ex

225 459 286 487 quo
302 451 344 484 ﬁt,
362 453 393 478 ut
406 459 475 479 eum
491 454 664 480 constanter
678 452 799 480 duobus
814 452 843 480 in
858 452 932 479 locis
945 451 1053 479 eodem

225 495 318 523 modo
332 495 459 530 legatur,
476 499 581 524 auctor
595 497 670 533 ipse,
692 497 830 533 quisquis
847 499 903 531 est,
929 496 968 524 ita
984 496 1053 524 scri-

224 541 320 577 psisse
340 541 494 576 putandus
518 541 566 569 sit.
588 543 746 575 Praeterea,
774 542 892 578 opinor,
906 541 970 569 haec
985 541 1053 568 scri-

225 588 325 621 ptura,
335 586 440 620 paucis
451 594 525 621 opus
536 590 589 621 est,
602 590 655 615 aut
667 595 736 619 uno,
749 589 810 615 tam
822 595 902 614 nova
915 588 961 614 est
973 588 1001 614 et
1010 586 1053 613 in-

224 631 323 663 solita,
335 631 516 666 utlibrariis,
534 631 591 659 nisi
608 632 708 667 ipsam
721 632 751 659 in
766 631 802 659 iis
817 639 884 667 quae
900 630 1055 658 habebant

224 675 449 711 exemplaribus
464 676 660 710 invenissent,
676 683 714 703 ne
727 675 757 703 in
773 678 907 703 mentem
930 675 1054 711 quidem

223 720 356 747 venisset
377 729 382 754 ;
404 720 443 748 ob
467 720 557 756 idque
581 721 680 755 magis
703 720 888 756 intelligitur,
914 720 1053 748 librarios

225 765 301 800 ejus,
317 773 411 801 quam
422 765 515 800 retuli,
528 765 681 793 varietatis
695 767 834 793 auctores
846 765 904 793 dici
913 766 979 800 jure
991 772 1053 792 non

223 817 325 845 posse.
338 811 377 837 Ex
387 810 499 846 quibus
510 810 652 838 omnibus
663 811 803 838 concludi
815 810 915 844 debet,
929 810 1053 845 Regula'

223 861 289 882 rum
307 854 483 890 scriptorem
504 855 596 882 alium
610 863 675 882 esse
691 855 730 882 ab
745 863 780 882 eo
796 854 848 891 qui
864 854 1053 882 Constitutio-

223 906 276 926 nes
290 899 319 926 in
335 899 433 927 lucem
449 899 553 933 edidit,
570 908 639 927 cum
655 901 739 927 Lucae
753 899 845 927 verba
860 899 905 927 bis
915 899 999 927 aliter
1015 899 1052 926 ci-

221 943 299 970 tarit.
310 944 395 976 Quod
404 944 579 979 autemdixi,
589 952 692 972 vocem
703 945 754 975 ἐνὸς
764 944 846 980 apud
855 945 965 971 Lucam
973 951 1051 971 sum-

223 989 307 1023 ptam
323 996 387 1016 esse
401 988 439 1016 ab
452 990 574 1016 auctore
585 996 646 1016 non
663 989 790 1024 mystico
806 996 909 1020 sensu,
923 988 976 1016 sed
985 996 1053 1024 pro«

222 1032 288 1068 prio
305 1034 332 1060 et
346 1033 486 1068 naturali,
498 1041 606 1070 nempe
619 1041 670 1069 pro
685 1033 806 1069 ferculo,
822 1033 852 1061 id
861 1042 894 1061 ex
905 1041 950 1065 eo,
960 1041 1052 1069 quem

221 1077 315 1105 modo
330 1078 426 1112 citavi,
440 1078 595 1106 Moralium
610 1078 676 1107 loco
702 1079 826 1106 miriﬁce
841 1078 1049 1106 confirmatur.

222 1123 296 1150 Cum
307 1122 389 1150 enim
402 1131 438 1150 ea
449 1123 604 1151 Moralium
617 1123 734 1159 regula,
753 1123 780 1151 in
797 1131 858 1159 qua
871 1123 934 1151 haec
949 1123 1052 1157 legun-

222 1169 280 1202 tur,
295 1167 384 1203 ὀλίγων
445 1167 502 1194 ἐστι
517 1170 604 1205 χρεία,
622 1169 636 1196 ἢ
650 1168 714 1199 ἑνός,
733 1171 831 1196 tamen
845 1169 951 1203 paucis
976 1175 1051 1202 opus

223 1215 274 1246 est,
291 1216 343 1240 aut
363 1220 432 1245 uno,
453 1213 566 1248 scripta
580 1212 615 1240 sit
638 1212 674 1240 de
686 1212 865 1247 frugalitate,
884 1214 961 1240 certe
976 1211 1050 1239 illud

222 1256 310 1284 Luete
324 1257 541 1292 testimonium,
553 1257 612 1284 nisi
627 1265 685 1284 vox
697 1257 749 1287 ἐνὸς
765 1257 806 1284 ibi
821 1265 877 1292 pro
893 1256 961 1284 cibo
973 1256 1050 1284 acci-

221 1303 352 1338 peretur,
366 1301 440 1329 nihil
455 1301 580 1329 omnino
596 1301 635 1329 ad
655 1309 719 1329 rem
735 1301 856 1329 faceret.

257 1348 300 1373 37.
313 1348 499 1380 Argumenta
509 1354 577 1382 quae
592 1347 740 1373 hactenus
750 1346 906 1382 proposui,
923 1346 1051 1374 fortasse

221 1389 317 1418 videri
335 1392 477 1426 poterunt
491 1390 645 1426 aliquibus
662 1390 753 1426 paulo
769 1390 932 1418 remotiora
946 1399 952 1416 :
969 1398 1050 1418 nunc

222 1442 393 1471 proponam
410 1435 479 1469 alia,
495 1443 563 1471 quae
579 1443 615 1463 ex
628 1435 696 1471 ipsa
712 1435 781 1471 styli
803 1435 920 1463 ratione
934 1437 1048 1470 petam.

223 1480 297 1507 Cum
310 1487 382 1514 ergo
393 1479 520 1514 Regulus
534 1482 624 1516 atque
644 1480 878 1508 Constitutioues
891 1479 1052 1514 diligenter

221 1523 359 1559 legerem,
371 1532 484 1560 easque
495 1524 571 1552 inter
583 1533 615 1552 se
626 1532 847 1561 compararem,
857 1524 958 1552 videre
969 1524 1051 1552 visus

222 1576 291 1596 sum
301 1569 378 1596 duos
387 1571 534 1602 auctores,
542 1577 673 1606 quorum
684 1577 763 1597 unus
773 1569 927 1602 uno,alius
941 1569 998 1596 alio
1009 1568 1051 1596 lo-

223 1613 337 1649 quendi
349 1621 457 1648 genere
468 1614 555 1642 valde
564 1614 771 1642 delectaretur.
783 1615 816 1642 Et
824 1614 971 1650 quoniam
982 1621 1050 1649 quia

222 1657 298 1693 ipsis
310 1658 405 1686 oculis
419 1658 632 1694 subjiciuntur,
654 1659 758 1686 nescio
771 1659 926 1694 quomodo
952 1658 1051 1693 magis

223 1705 356 1736 movent,
374 1703 536 1739 cujuslibet
548 1703 590 1731 rei
603 1704 719 1740 aliquot
733 1703 871 1739 exempla
887 1703 1049 1739 proferam.

222 1747 353 1775 Atribus
372 1747 500 1775 vocibus
515 1747 635 1776 initium
659 1748 781 1784 ducam,
806 1747 952 1784 φιλοσοφία,
980 1747 1049 1783 ψιλὸν

224 1801 301 1827 σοφος
322 1794 351 1819 et
375 1791 531 1828 φιλοσοφεῖν
558 1800 627 1829 qum
640 1801 709 1820 cum
727 1800 756 1820 in
778 1792 1050 1820 Constitutionibus

222 1844 301 1872 saepe
320 1837 534 1873 adhibeantur,
562 1845 615 1865 eas
638 1839 740 1865 tamen
771 1837 904 1865 invenire
925 1845 986 1865 non
1006 1839 1051 1865 est

221 1889 353 1917 usquam
368 1882 399 1910 in
420 1881 548 1916 Regalis.
565 1881 611 1910 Sic
634 1881 723 1917 igitur
746 1881 881 1918 loquitur
901 1881 1050 1909 Constitu-

221 1925 338 1953 tionum
362 1928 467 1954 auctor
478 1927 545 1963 ipso
570 1926 709 1962 procemii
730 1926 778 1953 sui
792 1925 876 1954 initio
893 1929 967 1954 τ’Τήν
982 1927 1049 1951 κατὰ

221 1972 337 2006 Χριστὸν
364 1970 513 2007 φιλοσοφίαν
548 1971 737 2006 ἐπανελόμενος,
766 1972 811 1996 καί
841 1975 890 1996 τῶν
918 1970 1050 2006 βιωτικῶν

221 2015 364 2051 ἐπιθυμιῶν
387 2025 414 2041 τε
426 2018 469 2041 καὶ
484 2014 584 2045 ἡδονῶν
606 2018 651 2041 καὶ
667 2013 808 2051 φροντίδων
834 2014 956 2052 ἀνώτερον
984 2016 1048 2052 ἄρας

221 2061 251 2086 τὸ
272 2062 399 2097 φρόνημα,
427 2064 482 2088 etc.
505 2061 555 2088 Ex
569 2068 627 2096 quo
646 2059 759 2088 Christi
778 2061 934 2095 amplexus
947 2068 975 2088 es
982 2059 1051 2094 phi-

223 2104 398 2139 losophiam,
415 2109 442 2133 et
457 2113 551 2140 supra
562 2105 747 2140 cupiditates
762 2105 934 2132 mundanas
961 2108 1050 2140 atque

221 2150 391 2184 voluptates
404 2158 439 2179 ac
459 2158 548 2178 curas
570 2151 704 2178 animum
725 2150 870 2183 extulisti,
895 2152 950 2178 etc.
967 2150 1049 2185 Ejus-

220 2194 291 2222 dem
307 2195 371 2222 btec
387 2198 458 2223 sunt
473 2195 565 2223 verba
576 2195 635 2222 alio
650 2195 716 2222 loco
736 2200 814 2230 (cap.
827 2196 854 2227 4,
872 2203 957 2222 num.
976 2197 1001 2229 3,
1017 2203 1048 2231 p.

221 2241 299 2269 546):
314 2241 345 2265 Τί
367 2241 417 2276 γὰρ
444 2239 555 2276 βέλτιον,
570 2240 625 2265 εἰπέ
637 2249 691 2275 μοι,
710 2239 859 2275 ιμιμεῖσθαι
874 2243 923 2265 τῶν
937 2237 1051 2277 δένδρων

221 2285 254 2310 τὰ
279 2285 430 2321 εὔκαρποι...
458 2284 485 2315 ἐξ
506 2285 628 2320 ἡμισείας
651 2282 680 2309 δὲ
706 2286 752 2312 τὴν
774 2283 925 2319 φιλοσοφίαν
948 2284 1052 2320 ἐργάζε-

222 2327 293 2359 σθαι,
310 2326 386 2362 ψυχῇ
403 2329 478 2362 μόνῃ,
496 2326 549 2352 ἀλλ’
566 2326 630 2361 ουχὶ
655 2328 700 2351 καὶ
723 2326 759 2360 τῷ
785 2328 889 2361 σώματι
905 2334 910 2359 ;
932 2327 1050 2360 Utrum,

221 2379 330 2406 quaso,
346 2371 548 2406 prwstabilius
560 2374 612 2403 est,
626 2370 789 2398 arboresne
804 2371 972 2405 tragiferas
989 2372 1052 2399 imi-

223 2416 317 2444 tari...
326 2418 458 2451 atqueecr
468 2415 719 2443 dimidiatantum
730 2418 828 2449 parte,
840 2416 902 2443 solo
914 2415 1051 2444 videlicet

221 2460 322 2489 animo
336 2468 372 2488 ac
391 2468 461 2494 non,
473 2461 562 2488 etiam
578 2467 703 2494 corpore
715 2459 916 2494 philosophia:
929 2468 1050 2495 operam

221 2502 322 2533 dare?
337 2505 448 2532 Eodem
465 2504 516 2531 illo
530 2504 560 2532 in
577 2504 674 2539 capite
690 2505 729 2535 (Π.
747 2505 773 2539 4)
789 2503 831 2531 sic
848 2504 950 2532 seribit
961 2514 966 2533 :
979 2507 1049 2531 Ταὺ-

221 2560 268 2580 της
294 2551 343 2586 γὰρ
370 2554 417 2580 τῆς
448 2547 590 2579 διαθέσεως
616 2548 639 2574 ἐν
668 2548 744 2585 ψυχῇ
772 2552 919 2585 γενομένης,
951 2550 1009 2576 otii-.9
1037 2551 1050 2576 ὁ

221 2596 338 2631 μετέχων
362 2598 409 2624 τῆς
431 2598 536 2629 τροφῆς,
563 2597 608 2620 τοῦ
632 2595 667 2630 μὴ
693 2595 850 2630 μετέχοντος
875 2593 995 2631 δεύτερος
1015 2597 1050 2625 εἰς

222 2638 374 2675 φιλοσοφίαν
390 2642 515 2674 φανεῖται.
544 2638 682 2674 Quisquis
698 2639 785 2671 enim,
813 2639 912 2666 animo
934 2641 976 2667 sic
1005 2640 1049 2675 af-

221 2684 311 2718 fecto,
321 2683 416 2710 cibum
432 2683 531 2717 sumit,
541 2684 572 2711 in
580 2683 676 2711 nihilo
691 2683 842 2711 videbitur
851 2684 980 2717 inferior
990 2692 1050 2712 non

222 2728 360 2761 sumenti,
378 2730 525 2763 quantum
537 2728 645 2756 attinet
656 2727 697 2755 ad
705 2727 940 2762 philosophiam.
954 2729 1051 2764 Caput

222 2771 373 2810 quintum,
390 2770 446 2800 etsi
459 2771 683 2806 brevissimum,
707 2770 773 2807 ejus
787 2771 830 2798 rei
846 2771 1050 2808 suppeditabit

1108 225 1137 253 δέ
1166 237 1190 253 τι
1216 226 1271 253 δέοι
1301 226 1347 254 διὰ
1376 231 1420 256 τὴν
1450 227 1593 263 ἀναγκαίαν
1621 230 1713 264 χρείαν
1736 231 1782 254 καὶ
1809 229 1935 265 ὑπαιθρον

1108 274 1180 309 ἔργον
1205 271 1336 307 ἐπιτελεῖν,
1366 271 1427 298 cur)“:
1449 276 1526 298 τοῦτο
1541 273 1588 301 τὴν
1602 273 1754 309 φιλοσοφίαν
1769 273 1892 302 κωλύσει,
1905 273 1934 299 Ὀ

1106 319 1154 354 γὰρ
1177 317 1286 354 ἀκριϐὴς
1312 317 1460 353 ᾳιλότοφος.
1484 321 1679 354 ῳροντιστὴριον
1708 319 1774 353 ἔχων
1801 320 1830 343 τὸ
1847 323 1933 354 σῶμα,

1106 364 1150 387 καὶ
1172 364 1325 397 καταγωγήν
1347 367 1394 392 τῆς
1422 362 1515 398 ψυχῆς
1544 362 1656 398 ἀσφαλῆ,
1671 362 1718 387 7.7m
1732 363 1771 388 ἐπ’
1787 362 1886 400 ἀγορὴ
1902 364 1935 388 ὧν

1106 408 1189 443 τύχῃ,
1213 407 1259 432 κᾶν
1289 407 1313 432 ἐν
1336 409 1491 444 πανηγύρει,
1507 407 1553 433 κᾶν
1569 407 1593 433 ἐν
1607 408 1669 444 ὄρει,
1686 407 1733 433 κᾶν
1749 407 1773 433 ἐν
1790 407 1873 444 (Iv/prb,
1888 407 1935 433 κᾶν

1109 451 1202 482 μεταξὺ
1233 451 1345 482 πλήθους
1380 452 1486 486 πολλοῦ,
1516 452 1540 477 ἑν
1573 457 1609 478 τῶ
1636 451 1737 488 φυσικῷ
1766 455 1936 489 μοναστηρίῳ

1106 495 1276 534 καθίδρυται,
1305 495 1376 522 ἔνδον
1404 498 1522 532 συνάγων
1546 498 1588 522 τὸν
1613 501 1670 523 νοῦν
1685 500 1730 523 καὶ
1746 497 1892 533 φιλοσοφῶν
1905 499 1936 522 τὰ

1108 542 1178 577 «ora
1191 544 1330 578 πρέποντα.
1349 542 1433 575 Quod
1447 543 1473 570 si
1487 543 1651 576 opm-tuerit
1675 542 1711 569 ob
1730 542 1935 570 inevitabilem

1107 586 1270 622 quamdam
1301 587 1503 614 necessitatem
1531 594 1604 622 opus
1626 587 1751 622 aliquod
1778 587 1868 615 etiam
1882 587 1936 614 sub

1107 631 1156 658 dio
1170 632 1285 666 perﬁci,
1305 639 1343 659 ne
1355 632 1410 659 hoc
1425 632 1544 667 quidem
1567 631 1766 666 philosophia:
1793 634 1935 666 futurum

1107 679 1149 704 est
1164 676 1381 711 impedimento.
1399 677 1456 710 Qui
1466 677 1545 704 enim
1556 684 1623 704 vere
1633 677 1832 711 philosophus
1844 679 1898 711 est,
1912 677 1938 705 ei

1108 729 1174 749 cum
1190 728 1298 756 corpus
1308 722 1347 749 sit
1365 722 1429 749 loco
1444 722 1550 749 schola:
1564 724 1591 750 et
1606 722 1767 756 gymnasii,
1783 723 1882 757 sitque
1896 722 1935 750 ei-

1107 766 1173 794 dem
1185 766 1280 794 animi
1291 766 1372 794 sedes
1383 767 1554 801 ﬁrmissima
1566 775 1573 793 z
1585 767 1702 794 etiamsi
1711 766 1742 794 in
1751 766 1820 801 foro
1828 767 1936 801 fuerit,

1107 811 1168 838 sive
1178 813 1335 844 conventu,
1352 813 1412 838 sive
1423 811 1454 838 in
1469 814 1577 843 monte,
1595 811 1655 839 sive
1667 811 1698 838 in
1719 811 1817 838 media
1836 812 1936 839 multi-

1108 855 1221 883 tudinis
1243 855 1425 891 frequentia,
1450 863 1503 883 ceu
1531 856 1564 883 in
1589 856 1730 883 naturali
1753 857 1937 884 monasterio

1107 903 1311 928 commoratur
1331 909 1337 927 :
1354 901 1465 935 quippe
1477 901 1531 935 qui
1542 901 1622 928 intus
1637 901 1668 928 in
1684 908 1714 928 se
1729 900 1854 935 colligat
1871 902 1937 928 ani-

1106 953 1198 979 mum,
1209 948 1235 973 et
1245 946 1281 973 de
1295 945 1466 980 rebus,quze
1475 945 1531 973 sibi
1544 945 1733 980 conveniant,
1745 945 1938 980 philosophe-

1107 992 1166 1017 tur.
1183 989 1327 1017 Ultimum
1350 990 1452 1017 locum
1473 997 1627 1017 accersam
1641 997 1656 1017 e
1671 997 1738 1025 cap.
1763 991 1805 1023 18,
1821 989 1874 1017 ubi
1895 990 1936 1018 sic

1106 1034 1214 1069 legitur
1234 1036 1313 1070 (pag.
1340 1036 1401 1066 560)
1416 1044 1422 1060 :
1439 1032 1624 1070 Δεδηλώκαμεν
1649 1034 1751 1065 ὃπως...
1777 1032 1881 1060 duravi“
1907 1034 1937 1060 ἂν

1106 1080 1168 1116 ἡμῖν
1182 1082 1225 1105 τὸν
1247 1079 1339 1116 ἀκριϐῆ
1355 1082 1557 1116 χαρακτηρίται
1572 1079 1723 1115 pitvita-byw,
1743 1080 1938 1114 exposuimus

1106 1124 1284 1159 quomodo...
1294 1124 1505 1158 philosophum
1516 1124 1683 1158 perfectum
1696 1123 1780 1151 nobis
1791 1124 1939 1158 exprime-

1105 1176 1138 1197 re
1152 1169 1254 1203 possit.
1270 1170 1310 1196 Ex
1324 1168 1437 1204 quibus
1448 1168 1580 1204 perspici
1591 1170 1699 1204 potest,
1711 1176 1773 1203 eas,
1784 1176 1863 1204 quas
1875 1169 1938 1196 dixi

1105 1221 1195 1241 voces
1210 1213 1467 1241 Constitutionum
1484 1213 1598 1241 auctori
1611 1221 1672 1241 non
1685 1221 1793 1249 parum
1809 1213 1937 1241 familia-

1105 1266 1152 1286 res
1171 1258 1263 1285 fuisse
1281 1267 1286 1285 :
1305 1266 1373 1294 quae
1393 1261 1494 1285 tamen
1514 1258 1696 1292 Regularum
1718 1258 1867 1294 scriptori,
1887 1266 1937 1286 res

1105 1302 1229 1331 easdem
1241 1305 1268 1330 et
1279 1302 1389 1330 dicenti
1399 1305 1427 1330 et
1440 1303 1612 1338 exponenti,
1624 1305 1674 1330 aut
1686 1303 1716 1330 in
1727 1305 1859 1330 mentem
1874 1311 1937 1331 non

1104 1350 1252 1375 venerunt
1263 1350 1324 1382 aut,
1338 1348 1362 1374 si
1373 1347 1509 1375 venerint
1517 1347 1589 1383 ipsis
1597 1349 1698 1375 tamen
1707 1347 1751 1375 uti
1761 1347 1868 1376 noluit.
1877 1349 1938 1376 Hoc

1104 1392 1197 1426 idem,
1209 1392 1291 1428 quod
1303 1392 1391 1420 nobis
1407 1392 1637 1428 proposuimus,
1654 1392 1714 1420 alia
1742 1392 1789 1420 via
1811 1393 1938 1429 exsequi

1106 1445 1259 1465 conemur.
1272 1436 1347 1464 Illud
1358 1436 1448 1472 igitur
1460 1437 1642 1469 notandum,
1654 1436 1783 1465 verbum
1800 1438 1937 1464 ποιεῖσθαι

1105 1481 1146 1510 ita
1155 1481 1186 1509 in
1198 1482 1469 1510 Constitutionibus
1486 1481 1638 1518 usurpari,
1650 1484 1683 1509 ut
1697 1481 1773 1518 ipsis
1785 1482 1876 1509 etiam
1894 1482 1936 1510 lo—

1106 1527 1158 1558 cis,
1175 1526 1226 1554 ubi
1239 1527 1375 1562 ttempore
1387 1525 1510 1562 passivo
1520 1527 1654 1562 ponitur,
1665 1528 1768 1554 tamen
1784 1526 1937 1561 signiﬁca-

1105 1571 1217 1598 tionem
1229 1571 1358 1598 activam
1369 1571 1505 1599 retineat.
1523 1572 1579 1598 Res
1598 1571 1707 1599 clarior
1724 1571 1759 1598 ﬁt
1777 1571 1935 1607 exemplis.

1106 1615 1149 1643 Ita
1164 1623 1236 1650 ergo
1250 1615 1358 1650 legitur
1370 1615 1400 1642 in
1415 1615 1485 1650 ipso
1496 1615 1751 1643 Constitutionum
1764 1615 1915 1651 prooemio
1928 1623 1935 1642 :

1106 1659 1232 1690 Πολλάκις
1246 1661 1290 1696 μὲν
1302 1661 1367 1696 πρὸς
1380 1658 1449 1696 ῇμᾶς
1464 1659 1572 1691 πολλοὺς
1587 1662 1731 1689 πεποίησαι
1753 1660 1856 1695 λόγους,
1873 1670 1934 1686 πυν-

1106 1705 1241 1740 θανόμενος
1256 1706 1313 1730 τίνα
1326 1706 1421 1741 τρόπον
1438 1701 1493 1730 δέοι
1507 1707 1554 1732 τὴν
1570 1708 1615 1730 τοῦ
1631 1706 1730 1740 ἀγῶνος
1749 1706 1872 1730 ἔνστασιν
1895 1714 1937 1730 τε-

1104 1749 1221 1775 λειῶσαι.
1233 1748 1300 1776 Νοη
1314 1755 1386 1776 raro
1397 1748 1550 1776 nobiscum
1560 1748 1693 1776 habuisti
1702 1756 1877 1782 sermonem,
1898 1756 1936 1777 ac

1102 1796 1298 1828 percontatus
1313 1800 1352 1827 es,
1369 1793 1516 1828 quomodo
1530 1795 1696 1827 susceptum
1714 1795 1867 1821 certamen
1883 1793 1936 1821 ab-

1104 1838 1180 1866 solvi
1192 1841 1338 1872 oporteat.
1362 1837 1525 1873 Aliquanto
1549 1839 1619 1873 post
1642 1840 1747 1865 auctor
1764 1837 1807 1865 ita
1830 1837 1936 1865 scribit

1104 1882 1183 1918 (cap.
1199 1885 1224 1916 4,
1241 1890 1311 1918 pag.
1329 1884 1389 1912 548)
1402 1890 1408 1909 ε
1424 1881 1470 1912 "Ag
1492 1883 1556 1919 πρὸς
1571 1883 1615 1908 τὸν
1630 1884 1729 1919 πατέρα
1744 1886 1790 1913 τῆς
1803 1882 1936 1919 ἁμαρτίας

1105 1929 1148 1953 τον
1162 1926 1282 1953 διάϐολον
1296 1927 1467 1963 πεποιήμεθα,
1476 1934 1550 1962 quas
1564 1926 1782 1963 [obligationes]
1793 1935 1936 1962 cumpec‘

1104 1972 1166 2000 cati
1184 1974 1313 2005 parente
1333 1971 1454 1999 diabolo
1469 1971 1684 1999 contraximus.
1702 1971 1815 1999 Eodem
1838 1971 1890 1999 illo
1904 1971 1936 1999 in

1105 2017 1202 2052 capite
1217 2015 1258 2043 ita
1270 2016 1415 2052 scriptum
1431 2015 1585 2043 invenitur
1599 2017 1681 2052 (pag.
1699 2017 1763 2048 549)
1780 2025 1786 2048 ;
1801 2015 1878 2042 οὑτω
1889 2018 1937 2047 τὰς

1105 2059 1197 2097 ἀρετὰς
1213 2065 1259 2091 τῆς
1274 2060 1367 2096 ψυχῆς
1382 2064 1413 2097 τῇ
1431 2062 1555 2097 συνεργίᾳ
1578 2064 1624 2086 τοῦ
1650 2063 1769 2096 σώματος
1784 2059 1935 2098 ἀπελάμπρ-

1103 2115 1174 2138 υναν,
1200 2107 1242 2131 τὸν
1271 2107 1413 2142 πρακτικὸν
1430 2105 1488 2141 βίον
1515 2103 1650 2141 σφραγῖδα
1664 2107 1709 2131 καὶ
1732 2104 1864 2131 τελείωσιν
1888 2109 1936 2136 τῆς

1104 2154 1279 2185 πνευματικῆς
1293 2149 1424 2180 πολιτείας
1438 2151 1615 2186 πεποιημένοι.
1629 2149 1677 2177 Sic
1697 2149 1791 2177 animi
1808 2150 1936 2178 virtutes

1106 2195 1239 2229 corporis
1246 2202 1299 2229 ope
1307 2195 1515 2227 illustrarunt,
1527 2197 1680 2222 actuosam
1689 2195 1781 2222 vitam
1790 2202 1844 2222 ceu
1852 2195 1935 2230 sigil~

1108 2239 1167 2266 tum
1180 2242 1270 2274 atque
1274 2239 1485 2274 perfectionem
1494 2239 1664 2273 spiritualis
1672 2240 1738 2267 vita.v
1742 2242 1932 2273 praestantes.

1107 2285 1219 2311 Horum
1230 2283 1338 2311 similia
1349 2286 1495 2319 suntquae
1506 2283 1646 2318 leguntur
1657 2291 1724 2319 cap.
1734 2285 1768 2311 20
1779 2286 1875 2312 (num.
1887 2284 1932 2319 2):

1106 2331 1165 2358 Τοῖς
1190 2329 1234 2364 μεν
1259 2326 1302 2353 οὖν
1329 2330 1479 2363 συγγενέσιν
1505 2328 1645 2364 εὐχώμεθα
1671 2329 1704 2354 τα
1724 2327 1864 2363 βέλτιστα,
1895 2326 1932 2354 δι-

1106 2373 1256 2403 καιοσύνην,
1270 2375 1346 2408 φημὶ,
1363 2374 1407 2398 καὶ
1423 2371 1564 2405 εὐσέϐειαν,
1584 2374 1629 2397 καὶ
1652 2375 1745 2404 ταῦτα,
1765 2371 1829 2408 οἷπερ
1858 2374 1932 2407 ἡμεῖς

1105 2419 1181 2452 τίμια
1195 2418 1370 2453 πεποιὴμεθα.
1391 2417 1550 2445 Precemur
1565 2417 1667 2452 itaque
1687 2418 1801 2451 optima
1824 2424 1932 2451 cogna-

1105 2461 1142 2488 tis
1157 2462 1277 2494 nostris,
1289 2462 1453 2495 justitiam,
1467 2462 1603 2496 inquam,
1619 2465 1644 2489 et
1654 2461 1805 2495 pietatem,
1819 2463 1847 2488 et
1869 2468 1933 2496 qua

1105 2513 1157 2533 nos
1171 2507 1276 2541 magni
1287 2506 1423 2540 fecimus.
1436 2507 1492 2533 Nec
1503 2505 1705 2541 diversa,quw
1716 2513 1788 2533 mox
1799 2513 1932 2541 sequun-

1105 2553 1152 2578 tur
1167 2551 1243 2586 (cap.
1261 2553 1305 2583 2i,
1322 2559 1351 2578 Π.
1365 2553 1410 2585 2):
1429 2551 1466 2576 Οὔ
1489 2551 1538 2586 γὰρ
1564 2549 1607 2576 ἐπι
1630 2553 1709 2586 κακίᾳ
1730 2553 1774 2578 τὴν
1798 2559 1931 2576 κοινωνίαν

1104 2597 1268 2631 πεποίηνται,
1283 2595 1436 2631 λείᾳιιίοίθιη
1459 2603 1520 2623 non
1545 2595 1626 2623 malo
1651 2594 1773 2622 consilio
1795 2595 1932 2629 pepigere

1104 2641 1283 2668 Societatem.
1314 2640 1412 2668 Notavi
1440 2641 1538 2675 potest
1571 2642 1600 2666 et
1626 2638 1701 2666 illud
1730 2640 1807 2674 (cap.
1825 2641 1871 2672 2'2,
1900 2647 1929 2674 p.

1106 2686 1166 2717 571)
1200 2693 1206 2711 :
1236 2684 1273 2710 Οὐ
1304 2686 1354 2720 γὰρ
1390 2684 1489 2710 οἴκοθεν
1522 2684 1656 2719 ὀρμηθεις,
1692 2682 1746 2708 αλλ’
1774 2681 1818 2709 ἀπ’
1846 2685 1930 2709 αὐτῶν

1105 2733 1154 2754 τῶν
1185 2730 1257 2754 θείων
1285 2732 1409 2764 Γραφῶην
1443 2727 1521 2754 ταῦτν
1550 2730 1594 2756 τὴν
1622 2726 1738 2753 εἶκασίαν
1767 2730 1930 2763 πεποίημαι.

1105 2773 1172 2801 Non
1191 2773 1268 2802 enim
1282 2774 1407 2808 proprio
1420 2776 1526 2807 marte,
1552 2772 1604 2801 sed
1630 2773 1702 2807 ipsis
1718 2772 1828 2800 divinis
1846 2772 1928 2801 Scri-
