2020 3140
105 130 134 157 93
217 104 227 107 —
856 127 925 154 PR1!

982 127 1050 155 TlO.
1775 123 1809 150 94

99 190 193 227 pluris
229 189 370 218 inductus
401 190 478 218 hanc
508 190 634 218 adhibui
666 186 929 225 comparationem.
949 192 968 217 Α
987 192 1098 218 terram
1114 189 1235 225 publica
1250 191 1408 218 conventu.
1423 187 1510 216 Plura
1529 186 1668 222 ejusdem
1691 183 1810 219 generis

99 235 179 263 Hanc
195 237 298 263 autem
313 234 459 270 loquendi
470 235 619 262 rationem
636 243 697 271 qua
717 235 840 262 verbum
858 239 927 261 ποεῖ-

99 281 159 306 σθαι
172 281 311 315 tempore
336 280 457 314 passivo
470 280 603 315 positum
628 280 757 307 activam
780 280 930 314 signiﬁca-

97 324 209 352 tionem
222 323 326 358 habet,
336 324 430 360 quiin
440 325 559 359 Regalis
570 328 769 361 qumrct.cum
781 333 846 358 ego,
859 332 928 351 cum

96 369 134 397 ab
145 377 253 397 earum
264 369 393 397 lectione
406 377 509 397 recens
523 369 590 403 sim,
605 369 714 396 frustra
727 369 928 404 qumsiturum

96 413 249 442 afﬁrmare
258 421 348 450 posse
359 413 474 441 videor.
488 415 520 441 Et
531 414 627 441 sicubi
644 422 702 441 vox
716 416 886 449 πεποιημένος
899 413 929 440 in

97 458 216 493 Regalis
227 458 418 491 occurrit,uti
432 458 531 494 reipsa
543 459 572 486 in
586 459 692 493 regula
706 461 755 486 t28
768 458 929 489 invenitur,

94 504 165 531 tunc
177 503 432 538 signiﬁcationem
445 504 598 539 passivam
607 503 736 540 praefert.
748 506 779 531 In
790 511 825 531 eo
837 503 928 535 enim,

96 556 187 584 quem
200 549 308 576 notavi
317 548 395 583 loco,
416 548 458 576 ita
473 549 619 584 scriptum
632 551 674 576 est
691 558 697 576 :
714 550 748 574 Τὸ
765 548 884 585 ἐρώτημα
899 548 929 574 οὗ

94 595 187 629 κυρίως
214 595 336 629 φαίνεταί
359 603 404 629 μοι
432 596 612 629 πεποιημένον.
636 594 753 627 Questio
782 593 845 621 ha'c
869 601 928 620 non

98 638 171 665 mihi
191 638 252 665 rite
274 638 432 672 proposita
452 638 580 665 videtur.
598 638 785 666 Conﬁrmare
804 645 928 673 pergam

90 682 171 718 quod
186 682 263 710 mihi
278 682 440 718 proposui,
454 682 512 710 hoc
532 684 733 717 argumento:
749 682 800 718 qui
817 681 928 710 Consti-

92 727 239 755 tutionum
251 729 359 755 auctor
368 729 424 761 est,
433 735 501 754 cum
512 727 688 755 monasterii
697 727 874 764 praefectum
885 727 927 754 in-

91 771 189 800 dicare
206 771 286 806 vult,
300 771 416 808 passim
439 771 485 799 his
504 771 633 800 vocibus
652 771 757 805 utitur,
772 773 926 808 ἡγούμενος,

95 816 280 853 ἀφηγούμενος,
299 817 504 853 καθηγούμενος,
516 817 707 854 ὑφηγούμενος*
719 817 806 852 cujus
820 817 861 844 rei
877 816 927 844 ali-

94 863 164 898 quot
177 861 322 898 exempla
337 869 405 889 meo
417 869 500 890 more
514 861 685 897 subjiciam.
699 863 740 889 Ita
753 861 844 897 igitur
854 862 926 890 Scri—

96 906 135 934 bit
144 914 211 942 cap.
222 908 260 934 22
284 907 381 941 (num.
394 908 420 939 2,
443 914 473 942 p.
495 906 559 941 570)
576 915 582 934 :
599 909 649 932 Καὶ
663 905 758 942 μηδεὶς
778 906 871 932 οἰέσθω
885 916 925 943 με,

98 952 227 988 κρατύνειν
252 950 372 977 Mileum
383 953 431 980 τὴν
446 953 505 988 περὶ
521 953 580 982 τοὺς
594 952 753 987 ἡγουμένους
775 951 925 984 εὐπείθειαν,

99 996 225 1031 ὑπέρογκα
239 996 412 1032 παράγειν-τὰ
427 993 620 1031 ὑποδειγματα.
634 996 734 1032 Neque
747 1003 816 1024 vero
830 997 927 1024 existi

100 1043 153 1068 met
170 1041 344 1076 quisquam,
359 1047 413 1073 me,
428 1040 626 1068 obedientiam
639 1041 787 1076 pra'fectis
798 1041 926 1069 debitam

99 1085 231 1113 stabilire
252 1085 411 1117 volentem,
427 1086 562 1120 exempla
584 1085 760 1113 sublimiora
779 1086 927 1121 proferre.

98 1129 180 1158 Haud
195 1129 290 1164 longe
305 1129 347 1157 ita
362 1137 469 1157 rursus
492 1129 626 1166 loquitur
641 1130 738 1165 (num.
756 1132 782 1165 4,
797 1139 827 1166 p.
843 1130 904 1166 573)
921 1139 927 1158 :

97 1175 195 1203 Ταύτην
216 1177 263 1203 τὴν
280 1174 422 1201 εὐπείθειαν
436 1174 586 1201 ἀπαιτεῖται
602 1175 614 1200 ὀ
638 1176 704 1201 κατά
727 1177 790 1202 Θεὸν
810 1174 928 1207 ἀσκητὴς

97 1229 130 1255 τῳ
144 1221 281 1256 ἡγουμένῳ
293 1219 469 1256 εἰσφέρεσθαι.
483 1220 630 1255 Ezigitur
647 1221 686 1248 ab
699 1228 742 1255 eo,
756 1221 810 1256 qui
823 1228 928 1248 secun-

98 1265 164 1292 dum
178 1266 274 1292 Deum
291 1267 393 1292 asceta
407 1268 460 1298 est,
476 1267 509 1292 ut
524 1273 577 1292 suo
592 1265 734 1300 praefecto
749 1265 829 1293 hanc
837 1273 929 1301 prors-

101 1312 137 1338 tet
152 1310 365 1338 obedientiam.
392 1311 424 1337 in
448 1309 546 1346 capite
560 1310 705 1338 vicesimo
719 1310 818 1346 primo
833 1314 926 1342 (num.

99 1357 125 1384 4.
145 1362 214 1391 pag.
229 1357 296 1384 569)
312 1355 353 1383 ita
366 1355 511 1391 scriptum
524 1357 567 1383 est
581 1363 588 1383 :
605 1355 665 1381 “On
681 1353 711 1381 δε
726 1356 738 1381 ὁ
753 1354 928 1392 ἀφηγούμενος

102 1400 144 1426 οὐχ
167 1399 196 1426 ἆν
217 1400 304 1426 ﬂat-:0
333 1401 376 1426 τὸν
400 1399 469 1435 αὑτῳ
489 1401 696 1436 μαθητενὸμενον
719 1402 784 1437 πρὸς
805 1402 928 1438 πονηρίαν

102 1444 290 1480 traque/civ...”
305 1445 397 1477 οὕτως,
410 1447 431 1470 εἰ
442 1443 523 1477 domi,
543 1444 709 1481 σκεψώμεθα.
727 1445 812 1478 Quod
831 1448 929 1473 autem

100 1493 260 1525 praeceptor
278 1490 463 1524 discipulum
479 1497 565 1517 suum
586 1490 627 1518 ad
643 1490 825 1524 pravitatem
842 1490 929 1517 indu-

104 1542 163 1562 cere
173 1542 231 1562 non
243 1534 363 1563 velit...
378 1533 431 1562 hoc
441 1534 539 1569 modo,
551 1535 577 1562 si
588 1535 689 1569 placet
701 1535 927 1563 consideremus.

104 1578 163 1606 Alio
192 1579 258 1607 loco
289 1579 331 1607 ita.
356 1579 502 1615 scriptum
529 1579 703 1607 invenimus
727 1584 809 1615 (cap.
836 1581 880 1614 22,
897 1587 928 1615 p.

105 1625 162 1651 573)
175 1632 182 1650 :
196 1622 261 1650 Οἵδε
279 1624 330 1660 γὰρ
346 1624 359 1649 ὃ
377 1633 407 1659 γε
434 1627 545 1654 συνετῶς
560 1623 738 1660 ἀφηγούμενος
753 1624 863 1650 ἑκάστου
884 1626 928 1649 καὶ

103 1668 159 1699 ἤθη,
174 1671 217 1694 καὶ
239 1668 326 1702 πάθη,
349 1670 394 1693 καὶ
414 1667 535 1703 ψυχικὰς
556 1669 636 1705 ὁρμὰς
662 1667 774 1706 ἀκριϐῶς
791 1668 927 1699 ἐξετάζειν.

103 1712 184 1741 Novit
196 1714 278 1741 enim
298 1713 351 1748 qui
362 1713 530 1747 prudenter
544 1715 666 1748 praeest,
682 1713 771 1740 unius
785 1713 930 1748 cujusque

104 1761 128 1786 et
142 1765 242 1789 mores,
259 1760 289 1785 et
306 1758 431 1792 affectus
446 1761 473 1785 et
489 1758 585 1785 animi
596 1760 694 1786 motus
709 1758 872 1793 diligenter
882 1765 929 1786 ea;-

106 1802 224 1837 quirere.
240 1804 340 1838 Atque
361 1802 453 1830 etiam
466 1810 573 1830 vocem
589 1803 783 1839 καθηγούμενος
799 1803 829 1830 in
846 1811 928 1830 eam-

105 1846 168 1874 dem
183 1846 366 1875 sententiam
382 1846 520 1875 adhiberi
536 1849 655 1875 constat
671 1855 706 1874 ex
721 1847 768 1874 his
778 1855 846 1883 quae
856 1855 929 1874 mox

105 1891 286 1927 subjungam
301 1890 403 1918 verbis
419 1891 498 1927 (cap.
518 1893 559 1926 t9,
574 1899 604 1928 p.
622 1893 682 1926 563)
701 1900 707 1919 :
726 1891 813 1918 Πολλῶ
833 1891 927 1928 μᾶλλον

103 1936 125 1961 οἱ
145 1938 205 1971 πρὸς
220 1938 263 1964 τὴν
290 1936 406 1972 μάθησιν
432 1939 478 1966 τῆς
509 1935 638 1967 εὐσεϐείας
651 1938 695 1962 καὶ
718 1940 765 1967 τῆς
790 1935 926 1966 ὁσιότητος

103 1979 284 2017 ἀφικνουμενοι,
303 1980 373 2011 ἅπαξ
393 1983 544 2011 πεπεικότες
569 1981 686 2014 ἑαυτοὺς,
705 1981 746 2006 ὃτι
766 1979 927 2009 δυνήσονται

102 2025 167 2062 παρὰ
182 2029 227 2051 τοῦ
248 2026 448 2061 καθηγουμένου
463 2027 510 2054 τὴν
528 2027 653 2054 τοιαύτην
670 2024 814 2061 ἐπιστήμην
829 2025 924 2059 λαϐεῖν,

102 2071 153 2097 etc.
169 2068 264 2098 Multo
284 2070 383 2104 magis
396 2070 449 2105 qui
462 2070 503 2097 ad
517 2069 691 2097 discentium
705 2070 826 2104 pietatis
841 2078 926 2098 sanc-

103 2114 249 2150 titatisque
274 2114 470 2149 disciplinam
491 2114 649 2148 accedunt,
675 2114 728 2142 ubi
749 2115 837 2143 semet
861 2122 926 2150 per-

100 2160 245 2187 suaserint
259 2159 328 2192 sibi,
349 2167 379 2187 se
398 2159 545 2194 ejusmodi
563 2159 719 2188 scientiam
741 2167 758 2188 a
780 2160 925 2194 praafecto

101 2203 226 2232 ediscere
238 2211 334 2239 posse,
351 2206 406 2232 ctc.
425 2203 566 2240 Sequitur
579 2206 656 2240 (cap.
672 2206 717 2238 20,
728 2212 758 2232 n.
778 2207 800 2234 t)
814 2213 819 2232 :
835 2207 924 2240 Πατὴρ
943 2218 964 2245 D

100 2248 145 2283 γάρ
157 2246 225 2274 ἐστιν
236 2247 424 2281 ἀληθέστατος,
437 2252 540 2285 πρῶτος
549 2250 594 2284 μιν
606 2249 618 2274 ὁ
631 2252 680 2275 τῶν
692 2248 810 2275 ἁπάντων
823 2251 923 2285 Πατήρ·

101 2291 112 2316 ὁ
125 2289 239 2329 δεύτερος
255 2291 285 2319 δὲ
300 2292 355 2329 μετ’
367 2292 469 2326 ἐκεῖνον,
483 2293 495 2319 ὁ
511 2297 558 2324 τῆς
570 2298 749 2330 πνευματικῆς
758 2295 921 2330 καθηγούμε-

101 2345 138 2366 νος
155 2337 293 2368 πολιτείας.
324 2338 419 2366 Pater
442 2341 484 2366 est
503 2338 582 2366 enim
608 2338 786 2372 verissimus,
808 2339 925 2373 primus

100 2381 211 2415 quidem
234 2382 445 2410 universorum
467 2382 582 2411 Pater:
606 2383 752 2411 secundus
772 2391 841 2412 vero
858 2386 925 2418 post

101 2424 190 2460 illum,
205 2427 230 2454 is
253 2427 306 2463 qui
323 2427 413 2462 prm‘t
433 2428 465 2455 in
488 2427 659 2462 spiritualis
684 2428 751 2456 vitae
774 2428 923 2456 instituto.

100 2470 229 2499 Auctoris
244 2471 310 2499 haec
326 2474 397 2500 sunt
412 2471 505 2500 verba
520 2472 580 2500 alio
595 2472 662 2500 loco
679 2474 756 2509 (cap.
771 2473 817 2506 21,
830 2481 861 2500 n.
878 2474 902 2508 5)
915 2482 922 2500 :

101 2516 145 2540 Καὶ
157 2516 236 2551 ἕτερον
252 2514 282 2542 δὲ
296 2520 440 2552 σκοπῶμεν,
453 2518 486 2547 ὡς
500 2516 521 2542 εἰ
542 2516 635 2552 φαῦλος
657 2517 669 2542 ὁ
682 2518 804 2553 μαθητὴς
817 2520 918 2553 γένοιτο

100 2561 164 2594 παρά
187 2562 232 2588 τήν
256 2560 336 2586 αὑτοῦ
359 2560 474 2597 ἀγωγὴν,
496 2562 628 2597 αἰσχύνην
649 2561 850 2598 ἀπαρηγόρητον
873 2562 922 2593 ἔξει

100 2601 136 2628 ἐπὶ
150 2608 194 2634 τῆς
209 2605 391 2642 οἱκουμενικῆς
401 2607 470 2632 κατά
485 2607 528 2632 τὸν
544 2611 591 2637 τῆς
606 2609 717 2642 κρίσεως
732 2608 822 2643 καιρὸν
836 2617 921 2635 πανη-

99 2648 189 2684 γύρεως
210 2650 222 2674 ό
242 2650 427 2686 ὑφηγούμενος.
447 2650 508 2679 Sed
521 2653 549 2679 et
569 2651 656 2679 aliud
675 2653 822 2685 praeterea
846 2659 919 2679 con-

99 2691 264 2728 sideremus,
282 2695 362 2730 quod
381 2696 407 2722 si
425 2696 525 2724 malus
544 2696 674 2724 evaserit
695 2696 861 2731 discipulus
884 2696 919 2723 ob

100 2734 186 2769 ipsius
208 2738 436 2774 institutionem,
469 2741 621 2768 inurenda
640 2741 786 2776 magistro
817 2741 854 2768 sit
868 2741 920 2775 ju-

100 2779 166 2809 dic-ii
179 2784 308 2818 tempore
328 2784 495 2813 indelebilis
518 2785 687 2820 ignominia
714 2793 814 2814 coram
839 2785 918 2813 orbis

987 235 1056 264 alia.
1078 236 1100 262 si
1129 235 1245 265 vellem.
1276 235 1442 269 adjungerc
1472 240 1595 269 possem
1619 240 1625 259 :
1655 230 1708 258 sed
1739 237 1809 257 cum

985 283 1092 307 czetera
1109 280 1139 307 in
1155 281 1222 316 ipso
1239 280 1319 307 fonte
1340 279 1439 306 Virlerc
1464 278 1573 313 cuique
1596 276 1693 307 liceat,
1708 275 1738 303 in
1762 273 1809 302 his

984 325 1096 352 diutius
1112 325 1268 353 immorari
1285 324 1367 352 nolui
1384 333 1390 351 ε
1411 332 1446 350 eo
1460 323 1569 357 magis,
1586 321 1670 358 quod
1691 328 1727 348 ca
1741 327 1810 355 quae

983 378 1003 397 rt
1018 370 1082 405 tuli,
1114 371 1186 397 satis
1215 377 1364 406 superque
1394 368 1522 404 probent
1554 365 1810 395 Constitutionum

985 418 1138 443 auctorem
1151 417 1196 445 iis,
1205 424 1282 451 quas
1293 415 1365 449 dixi,
1378 414 1503 442 vocibus
1513 412 1708 440 libentissime
1720 418 1810 438 usum

984 459 1090 495 fuisse,
1110 461 1221 496 quibus
1245 463 1345 487 tamen
1374 458 1557 493 [tegularum
1581 457 1715 492 scriptor,
1739 462 1809 482 cum

984 505 1161 532 monasterii
1185 504 1359 541 prmfcctum
1386 503 1529 531 denotare
1556 501 1629 534 vult,
1649 507 1809 536 nunquam

984 550 1086 577 utitur.
1104 550 1150 577 Ab
1161 550 1207 577 his
1223 557 1283 577 non
1300 549 1341 577 ita
1353 548 1480 577 multum
1495 547 1670 582 discrepant
1681 553 1749 582 quae
1762 552 1810 572 as-

984 594 1110 623 cribam.
1125 596 1198 622 Cum
1213 602 1285 628 ergo
1300 593 1553 622 Constitutionum
1574 591 1685 618 librum
1700 591 1810 618 attente

983 638 1124 674 legerem,
1139 639 1168 667 in
1180 639 1226 667 his
1237 638 1438 666 animadverti
1450 645 1555 665 vocem
1570 637 1694 672 σύστημα
1707 634 1810 670 saepis-

984 683 1059 711 sime
1075 684 1216 719 usurpari
1231 683 1269 711 ad
1289 682 1521 718 signiﬁcandam
1544 681 1670 709 fratrum
1685 679 1814 708 societa-

983 730 1066 757 tem:
1091 729 1174 765 quod
1198 736 1263 756 esse
1286 729 1337 761 ita,
1355 730 1387 755 ut
1409 727 1481 762 dixi,
1498 726 1657 754 ostendent
1681 732 1716 752 ea.
1741 732 1810 760 quae

983 773 1137 809 proferam
1150 773 1299 809 exempla.
1317 773 1422 801 Statim
1437 771 1567 800 occurrit
1577 770 1660 803 illud,
1672 769 1757 805 quod
1770 768 1810 796 lc-

983 818 1063 852 gitur
1088 817 1173 845 initio
1199 817 1307 853 capitis
1339 819 1391 844 ‘8:
1424 817 1493 842 Ἐπεὶ
1514 814 1542 841 δὲ
1567 816 1591 841 οἱ
1617 814 1733 841 πλιῖστοι
1759 817 1808 838 τῶν

947 865 967 892 Β
983 862 1104 892 ἀσκητῶν
1120 864 1187 888 κατὰ
1213 865 1372 899 συστήματα
1393 861 1580 894 πολιτεύονται,
1604 861 1658 887 etc.
1675 859 1715 886 At
1739 865 1810 894 quo-

981 909 1063 936 niam
1080 911 1241 936 versantur
1255 907 1345 936 simul
1360 908 1392 935 in
1403 906 1614 935 communitate
1624 904 1753 940 plurimi
1765 910 1810 931 as-

982 955 1125 987 cetarum,
1142 955 1198 980 etc.
1213 952 1274 980 Sub
1284 951 1377 979 ﬁnem
1391 951 1495 987 capitis
1511 953 1541 977 2t
1555 950 1595 978 ita
1605 949 1714 984 legitur
1725 949 1808 984 (pag.

983 1000 1042 1028 570)
1061 1007 1067 1025 Σ
1092 998 1199 1024 *Απασα
1216 1000 1300 1023 τοίνυν
1324 999 1454 1034 πρόφασις
1479 995 1581 1031 ιῦλογος
1600 993 1636 1030 τῷ
1661 992 1808 1029 βουλομένῳ

983 1043 1147 1080 χωρίζεσθαι
1171 1045 1346 1078 πνευματικοῦ
1372 1043 1540 1076 συστήματος
1561 1041 1728 1076 περιὴρηται,
1752 1038 1807 1065 etc.

983 1088 1090 1124 Itaque
1102 1095 1205 1123 (equus
1220 1087 1315 1115 omnis
1323 1088 1491 1121 pra'terctus
1502 1085 1639 1113 sublatus
1649 1086 1691 1111 est
1705 1083 1741 1115 ei,
1758 1082 1812 1117 qui

983 1133 1049 1161 vult
1062 1139 1080 1161 a
1093 1132 1249 1167 spirituali
1260 1132 1401 1160 societate
1414 1129 1563 1165 separari,
1577 1130 1632 1156 etc.
1645 1127 1691 1155 Sic
1706 1128 1808 1154 autem

983 1177 1088 1213 incipit
1100 1179 1190 1213 caput
1204 1179 1258 1204 22:
1283 1176 1372 1206 Ὅπως
1386 1177 1430 1212 μὲν
1455 1173 1499 1201 οὖν
1523 1177 1650 1211 προσήκει
1673 1174 1716 1198 τὸν
1738 1171 1808 1202 ᾶπαξ

983 1223 1107 1248 ὶνωθέντα
1129 1231 1294 1258 πνευματιχῳ
1315 1223 1476 1256 συστήματι,
1499 1218 1633 1255 φυλάττειν
1656 1219 1703 1246 τὴν
1718 1218 1807 1242 ἕνωσιν

985 1265 1134 1299 ἀδιάλυτον,
1148 1268 1214 1292 κατὰ
1226 1268 1255 1292 τὸ
1272 1265 1324 1291 ἐνὸν
1338 1265 1491 1301 ὑπεθέμεθα.
1518 1262 1668 1297 Quomodo
1691 1261 1808 1297 quidem

984 1311 1201 1339 indissolubilis
1223 1310 1393 1346 conjunctio
1408 1310 1446 1338 ab
1465 1316 1507 1343 eo,
1527 1309 1581 1344 qui
1593 1307 1749 1342 spirituali
1765 1313 1810 1334 so-

983 1357 1082 1384 cietati
1093 1356 1184 1384 semel
1193 1355 1380 1390 adjunxerit,
1388 1354 1537 1383 servanda
1546 1353 1593 1387 sit,
1603 1351 1701 1387 quoad
1712 1350 1810 1386 potui-

984 1409 1060 1434 mus,
1075 1401 1266 1429 ostena’nnus.
1280 1399 1392 1428 Eodem
1403 1399 1453 1427 illo
1467 1399 1497 1426 in
1513 1398 1610 1434 capite
1622 1397 1719 1433 (num.
1736 1398 1762 1430 5,
1777 1403 1808 1432 p.

985 1445 1046 1479 573)
1062 1452 1166 1472 rursus
1181 1444 1222 1472 ita
1238 1444 1385 1480 scriptum
1401 1445 1445 1471 est
1463 1451 1469 1470 :
1492 1444 1596 1473 Ταύτης
1610 1443 1660 1478 γὰρ
1676 1445 1724 1470 τῆς
1744 1450 1810 1476 συμ-

985 1492 1079 1526 φωνίας
1092 1489 1116 1515 ἐν
1128 1489 1262 1519 ἀσκητικῶ
1279 1491 1430 1524 συστήματι
1445 1488 1598 1514 καθεστώσῃ
1605 1496 1624 1519 ς,
1639 1483 1739 1522 pudici;
1753 1486 1768 1513 ἤ
1783 1493 1809 1510 τε

949 1544 968 1572 C
985 1534 1072 1571 εἰρήνη
1090 1533 1113 1559 ἐν
1128 1534 1217 1564 αὐτοῖς
1232 1533 1421 1565 πολιτεύσεται,
1439 1535 1494 1560 etc.
1511 1532 1613 1560 Stante
1626 1530 1703 1559 enim
1719 1529 1750 1557 in
1765 1536 1810 1557 as-

985 1582 1118 1608 cetarum
1143 1581 1291 1607 conventu
1318 1578 1376 1607 hac
1398 1578 1587 1606 voluntatum
1608 1574 1808 1607 consensione,

983 1625 1070 1652 nullo
1083 1624 1199 1659 negotio
1215 1627 1241 1652 et
1253 1631 1315 1658 pax
1331 1624 1410 1651 inter
1424 1623 1501 1657 ipsos
1520 1621 1732 1654 diversabitur,
1752 1621 1808 1647 etc.

984 1670 1042 1696 Nec
1053 1669 1096 1697 ita
1110 1668 1205 1696 multo
1220 1668 1297 1696 intra
1312 1669 1354 1696 sic
1367 1667 1475 1703 legitur
1487 1670 1568 1703 (cap.
1584 1669 1630 1699 25,
1647 1673 1677 1693 n.
1692 1665 1734 1701 t).
1759 1666 1809 1690 Καὶ

984 1718 1029 1739 τοῦ
1057 1715 1112 1739 οναὶ
1132 1713 1289 1750 κληρονόμος
1310 1715 1410 1749 γίνεται
1437 1714 1449 1739 ὁ
1469 1712 1493 1738 ἐν
1510 1715 1659 1748 συστήματι
1673 1709 1809 1744 ἀσκητιχῳ

983 1759 1105 1788 τοιαύτας
1130 1757 1216 1788 αἰτίας
1240 1762 1361 1794 ταραχῆς
1376 1755 1506 1789 ἐνδιδούς,
1521 1759 1548 1784 et
1568 1755 1646 1785 vocis
1665 1755 1749 1782 illius
1763 1761 1809 1781 va:

984 1802 1078 1830 hwres
1094 1802 1192 1830 evadit
1207 1802 1240 1834 is,
1252 1802 1304 1838 qui
1313 1802 1345 1830 in
1361 1802 1487 1830 ascetica
1502 1801 1642 1829 societate
1657 1800 1731 1828 tales
1748 1801 1810 1825 tur-

984 1846 1089 1874 barum
1102 1853 1209 1874 causas
1221 1847 1303 1874 serit.
1318 1847 1413 1874 Locus
1427 1854 1507 1874 unus
1528 1846 1589 1874 duo
1608 1844 1746 1881 ejusdem
1766 1843 1810 1871 rei

982 1890 1121 1927 exempla
1135 1891 1259 1927 praebet.
1286 1891 1329 1919 lta
1348 1891 1440 1926 igitur
1455 1892 1560 1918 auctor
1583 1889 1717 1926 loquitur
1740 1895 1807 1924 cap.

982 1937 1016 1963 26
1029 1935 1108 1971 (pag.
1121 1937 1202 1967 576):
1220 1938 1351 1972 Προσήχει
1365 1938 1449 1961 τοίνυν
1460 1938 1505 1961 καὶ
1520 1937 1563 1961 τὸν
1577 1934 1807 1971 ἐγκαταλεγὸμενον

981 1990 1146 2017 πνευματικῳ
1172 1982 1323 2016 συστήματι
1356 1983 1391 2016 μὴ
1426 1979 1537 2010 ἐκείνους
1564 1981 1628 2017 πρὸς
1650 1981 1693 2005 τὸν
1716 1977 1807 2005 ἑαυτοῦ

981 2027 1075 2061 τρόπον
1094 2025 1267 2061 μεθαρμόζειν
1287 2024 1387 2057 ἐθέλειν,
1401 2023 1463 2051 ἀλλὰ
1476 2027 1519 2051 τὸν
1539 2024 1631 2050 οἰκεῖον
1647 2026 1740 2060 τρόπον
1754 2026 1807 2054 τοῖς

981 2069 1005 2095 ἐν
1019 2080 1053 2106 τῳ
1070 2072 1222 2106 συστήματι
1238 2070 1307 2095 ἔθεσι
1320 2079 1346 2095 τε
1359 2072 1404 2095 καὶ
1420 2071 1511 2100 τύποις
1527 2069 1668 2106 ἐξομοιοῦν.
1678 2069 1743 2096 Par
1754 2069 1808 2103 igi-

980 2119 1031 2141 tur
1047 2114 1154 2149 fuerit,
1172 2121 1237 2142 eum
1254 2115 1353 2147 etiam,
1368 2115 1421 2149 qui
1438 2115 1470 2141 in
1485 2114 1674 2148 spiritualem
1687 2113 1808 2141 societa-

980 2161 1037 2187 tem
1050 2159 1177 2186 allectus
1192 2161 1306 2188 cst,non
1321 2158 1391 2186 illos
1406 2158 1446 2186 ad
1454 2166 1522 2186 suos
1533 2165 1628 2186 mores
1644 2165 1808 2186 accommo.

980 2203 1055 2231 dare
1067 2203 1152 2234 velle,
1168 2203 1219 2231 sed
1232 2210 1300 2230 suos
1314 2210 1410 2231 mores
1430 2203 1580 2231 societatis
1595 2202 1726 2230 moribus
1748 2202 1808 2230 ins-

981 2248 1137 2283 titutisque
1156 2247 1355 2282 con/armare.
1378 2248 1475 2284 Caput
1492 2247 1670 2275 vicesimum
1691 2254 1808 2275 nonum

979 2291 1079 2327 legere
1108 2292 1159 2328 qui
1184 2291 1273 2326 volet,
1296 2291 1327 2320 in
1355 2299 1391 2320 eo
1417 2300 1540 2329 quoque
1568 2292 1658 2325 hanc,
1684 2291 1722 2319 de
1746 2299 1809 2328 qua

982 2337 1090 2373 agitur,
1110 2345 1213 2365 vocem
1229 2340 1337 2374 quater
1346 2337 1515 2365 adhibitam
1528 2337 1670 2365 inveniet.
1684 2336 1809 2372 incipia-

980 2390 1050 2410 mus
1073 2382 1112 2410 ab
1139 2382 1207 2418 ipso
1235 2382 1329 2416 iitulo,
1345 2382 1396 2410 ubi
1421 2382 1464 2410 sic
1486 2382 1612 2417 legitur:
1636 2381 1738 2408 Ὅτιοὺ
1754 2383 1807 2418 χρὴ

980 2427 1094 2464 ἑταιρίας
1110 2425 1158 2453 δύο
1173 2427 1188 2456 ἢ
1210 2431 1288 2462 τριῶν
1311 2425 1428 2463 ἀδελφῶν
1450 2427 1474 2453 ἐν
1498 2430 1648 2464 συστήματι
1672 2427 1807 2456 ἀσκητικῶ

979 2473 1109 2508 γενέσθαι.
1126 2471 1210 2505 Quod
1223 2479 1283 2499 non
1309 2471 1389 2500 decet
1405 2472 1437 2500 in
1462 2473 1588 2501 ascetico
1602 2473 1738 2500 instituto
1755 2479 1806 2506 pe-

981 2517 1128 2545 culiarem
1145 2517 1310 2552 quamdam
1325 2517 1489 2546 amicitiam
1503 2525 1563 2545 esse
1578 2518 1657 2546 inter
1673 2517 1748 2545 duos
1758 2521 1811 2546 aut

978 2565 1039 2589 tres
1054 2562 1178 2596 fratres.
1194 2561 1334 2597 Sequitur
1349 2570 1355 2589 :
1377 2561 1406 2587 Εἰ
1421 2560 1451 2588 δὲ
1473 2561 1644 2598 ἀποτεμόντες
1658 2564 1702 2588 καὶ
1719 2560 1807 2600 διορί-

978 2616 1069 2637 σαντες
1084 2606 1204 2638 ἑαυτοὺς,
1225 2607 1349 2642 σύστημα
1365 2606 1387 2632 ἐν
1402 2609 1554 2642 συστήματι
1565 2609 1691 2642 γίνονται,
1708 2609 1809 2643 πονηρὰ
1827 2606 1829 2609 ’

975 2652 990 2680 ἡ
1014 2655 1062 2681 τῆς
1084 2652 1208 2681 τοιαύτης
1230 2650 1316 2686 φιλίας
1342 2653 1539 2686 συναγρ-ιγὴ.....
1566 2654 1698 2688 Προσήχει
1722 2655 1807 2678 τοίνυν

974 2699 1040 2732 μήτε
1053 2697 1099 2726 τας
1115 2697 1238 2726 τοιαύτας
1252 2694 1367 2732 ἑταιρίας
1396 2696 1597 2732 συγχωρεῖσθαι
1618 2696 1641 2722 ἐν
1663 2697 1718 2727 τοῖς
1744 2704 1808 2722 συσ·

973 2743 1085 2777 τήμασι,
1115 2743 1190 2776 μήτε,
1208 2742 1264 2768 etc.
1291 2739 1325 2768 Si
1347 2747 1416 2768 vero
1443 2743 1575 2768 secantes
1605 2748 1641 2768 ac
1666 2747 1808 2775 separan-

979 2788 1021 2814 tes
1049 2785 1168 2821 seipsos,
1196 2785 1301 2820 aliqua
1316 2785 1514 2813 communitas
1536 2785 1568 2812 in
1596 2785 1810 2813 communitate
