2020 3140
200 100 233 127 95

953 100 1144 128 PBEFATIO.

1869 105 1905 132 96

198 163 284 197 ﬁant,
302 163 407 191 vitiosa
420 165 461 191 est
475 162 621 198 ejusmodi
634 163 774 191 amicitiae
795 163 1023 198 conjunctio.....
1045 165 1067 190 A
1081 162 1160 190 volo.
1178 162 1320 196 Primum,
1333 163 1570 192 Contitutionum
1584 167 1738 193 auctorem
1749 165 1839 193 variis
1853 173 1907 194 no-

200 209 299 242 Quare
310 211 424 242 oportet
438 216 531 243 neque
555 209 704 242 ejusmodi
728 209 872 237 sodalitia
892 212 1027 244 permitti

199 253 231 280 in
247 253 449 287 conventibus,
465 260 567 288 neque,
590 256 643 281 etc.
662 254 694 280 Et
708 253 832 289 quando
855 257 914 282 tam
931 256 1026 284 multa

199 305 361 332 congerere
381 297 474 325 semel
489 298 578 333 coepi,
594 298 654 325 alia
671 298 762 326 etiam
779 298 863 326 exiis
887 307 956 335 quae
981 309 1026 328 se-

198 345 333 378 quuntur
348 342 497 378 capitibus
513 342 637 371 addam.
652 343 726 377 Ergo
740 343 849 370 horum
864 343 894 371 in
911 352 972 372 uno
986 345 1027 373 ita

199 386 344 422 scriptum
369 387 520 414 invenitur
535 390 614 423 (cap.
632 389 676 419 32,
694 395 723 423 p.
740 390 802 423 579)
819 397 824 416 :
852 390 955 419 Ταύτης
979 393 1026 419 τῆς

199 431 294 462 τάξεως
320 431 343 457 ἐν
370 436 534 468 πνευματικίῦ
567 435 718 468 συστήματι
747 433 954 469 φυλασσομένης,
986 436 1025 460 ὅτι

199 475 277 505 ὅντως
291 475 364 511 ἐσμὲν
381 480 457 512 σῶμα
473 480 599 513 Χριστοῦ,
613 479 668 504 etc.
682 477 754 505 IIwe
777 478 939 512 disczplina
954 478 980 505 si
994 479 1024 506 in

196 520 353 554 spirituali
365 524 510 549 conventu
526 525 671 557 servetur,
687 522 876 557 perspicuum
897 523 952 550 erit
973 531 1025 550 nos

199 572 266 592 vere
277 573 383 599 corpus
393 565 507 593 Christi
516 567 646 599 esse,'etc.
663 567 749 594 Aliud
763 575 831 594 vero
845 568 921 603 (cap.
934 568 979 601 33,
993 575 1024 603 p.

200 611 260 638 579)
275 609 316 636 sic
329 609 433 645 incipit
449 619 455 637 ε
473 613 528 647 Χρὴ
543 613 630 646 μέντοι
645 614 690 637 καὶ
706 613 765 642 τοὺς
781 616 830 638 τῶν
845 617 1024 648 πνευματικῶν

200 655 375 690 συστημάτων
397 654 593 691 ἀφηγουμένους
612 659 659 685 τὴν
682 658 747 693 πρὸς
771 655 895 687 ἀλλήλους
915 656 1025 682 ἀσκθῦν-

199 708 245 728 τας
267 698 410 726 εὔνυιαν....
427 702 462 736 μὴ
486 700 620 726 καταλύειν
641 703 672 726 τὰ
687 700 800 730 ἀλλήλων
819 699 1023 737 σπουδάσματα.

200 744 322 778 Oportet
337 747 435 772 autem
451 748 479 772 et
492 746 699 779 spiritualium
713 748 840 774 ctetuum
857 747 1023 780 pi'azfectos,

199 791 334 816 mutuam
349 792 518 817 exercentes
534 790 826 818 benevolentiam.....
841 791 971 818 alterum
983 792 1026 819 at-

1080 207 1214 235 minibus
1225 209 1268 236 uti
1279 209 1316 236 ad
1328 208 1562 243 signiﬁcandam
1572 209 1698 237 fratrum
1711 210 1884 238 societatem
1899 220 1906 238 ξ

1080 251 1218 285 alterum,
1241 253 1288 280 his
1306 253 1481 281 nominibus
1501 261 1563 281 non
1586 254 1760 290 simpliciter
1784 256 1836 289 uti,
1853 255 1908 283 sed

1080 297 1133 331 sic,
1159 301 1190 324 ut
1216 306 1322 325 vocem
1348 301 1520 334 πνευματικὸς
1548 299 1624 334 ipsis
1648 299 1808 334 adjuugat.
1830 301 1910 328 Loca

1079 342 1233 377 quaedam,
1250 342 1362 378 quibus
1376 342 1407 370 id
1422 343 1517 371 oculis
1534 343 1722 379 subjiciatur,
1737 345 1904 373 addixeam.

1081 385 1131 413 Hic
1148 389 1192 414 est
1207 387 1312 423 capitis
1325 389 1354 414 2i
1371 388 1473 415 titulus
1491 397 1497 416 :
1510 388 1570 414 Ὀτι
1580 389 1610 414 οὐ
1622 387 1664 414 δεῖ
1673 393 1718 420 τῆς
1729 395 1908 426 πνευματικῆς

1079 428 1254 466 ἀδελφὸτητος
1270 431 1474 460 ἀποκόπτεσθαι.
1493 433 1577 466 Quod
1590 441 1649 461 non
1663 437 1777 468 oportet
1791 442 1809 462 α
1820 435 1910 469 spiri-

1080 476 1159 503 tuati
1170 477 1369 511 fraternitate
1379 478 1519 506 resecari.
1534 478 1673 514 Sequitur
1683 478 1783 506 statim
1795 482 1864 515 post
1877 479 1912 507 ti-

1080 520 1176 548 tulum
1193 530 1200 554 ;
1223 524 1277 558 Χρὴ
1292 524 1379 558 μέντοι
1401 525 1448 548 καὶ
1470 527 1546 548 τούτο
1570 524 1709 549 πεπεῖσθαι
1725 528 1823 560 σαφῶς,
1840 526 1880 550 ὅτι
1897 526 1910 550 ὁ

1080 564 1150 595 ἅπαξ
1165 565 1200 595 εἰς
1226 564 1371 601 σύνδεσμον
1393 569 1438 592 καὶ
1468 568 1606 602 συνάφειαν
1631 567 1708 593 ἐλθὼν
1731 573 1911 604 πνευματικῆς

1081 607 1266 645 ἀδελφότητος,
1283 613 1337 638 etc.
1354 612 1424 639 Jam
1449 612 1531 639 illud
1544 620 1660 647 quoque
1672 620 1728 647 pro
1752 616 1831 641 certo
1856 614 1912 642 ha-

1082 653 1207 682 bendum
1223 658 1275 689 est,
1292 663 1367 688 eum,
1382 657 1435 691 qui
1445 657 1535 684 semel
1542 657 1738 691 fraternitati
1755 658 1914 692 spirituali

1080 696 1225 731 alligatus
1240 701 1282 724 est
1298 700 1326 725 et
1339 698 1514 733 adjunctus,
1527 702 1581 726 etc.
1599 699 1690 726 Paulo
1704 701 1772 735 post
1786 699 1826 728 ita
1840 700 1913 735 legi-

1080 742 1143 768 tur:
1157 741 1243 777 Πολλῳ
1254 741 1348 777 μᾶλλον
1360 743 1372 767 ὁ
1382 743 1417 773 εἰς
1429 742 1560 778 σύμϐασιν
1569 742 1646 768 ἐλθὼν
1656 749 1833 779 πνευματικῆς
1845 755 1913 781 συμ-

1080 784 1204 816 ϐιώσεως,
1221 789 1278 814 etc.
1292 788 1393 821 Longe
1406 788 1501 822 magis
1516 788 1568 823 qui
1588 788 1688 822 ftedus
1706 789 1809 817 inierit
1822 790 1914 824 spiri-

199 833 291 860 ten‘us
305 834 407 862 studia
420 843 481 862 ηοη
491 835 653 863 destruere,
672 835 804 871 Ειρίιυιο
815 838 884 871 post
898 836 940 863 ηδ,
951 836 1023 870 legi.
1044 839 1065 866 Β
1081 830 1173 858 tuatis
1189 831 1272 858 illius
1288 832 1488 865 contubernii,
1505 834 1560 859 etc.
1578 833 1638 860 Hoc
1652 832 1720 868 ipso
1739 833 1770 860 in
1788 833 1856 861 loco
1872 833 1914 861 ita

199 878 247 904 tur
261 886 267 911 ;
285 881 328 904 Ἂν
340 881 424 904 τοίνυν
438 879 451 904 ἀ
464 880 639 916 ῥᾳθυμότερος
652 878 697 915 to“?
710 879 763 910 ἐξὸν
775 880 845 915 αὐτ-ῳ
857 881 920 916 μετά
933 879 1024 911 ἁδείας

200 920 352 958 ἀπορρεὺγειν
366 925 425 953 τοὺς
442 923 465 948 ἐν
481 933 516 958 τῳ
531 923 601 954 ἅπαξ
617 925 741 960 αιρεοέντι
758 927 905 960 σνστήματι
921 927 1023 956 πόνους,

199 969 254 994 etc.
272 967 305 994 Si
319 968 410 1003 igitur
423 969 476 1003 qui
492 969 693 1004 negligentior
708 970 756 1002 sit,
777 970 866 997 licere
888 970 944 997 sibi
962 971 1027 998 ani-

199 1012 406 1046 mat/verterit,
434 1014 554 1047 impune
569 1014 684 1042 labores
700 1015 823 1042 detecta:
833 1015 921 1042 semel
942 1015 1027 1042 socie-

199 1057 270 1083 tatis
293 1057 432 1092 effugere,
457 1060 513 1086 etc.
528 1058 657 1085 Titulum
679 1058 773 1086 ultimi
793 1059 899 1094 capitis
918 1059 969 1094 qui
988 1058 1027 1086 le-

199 1103 260 1134 get,
274 1100 304 1128 in
319 1109 355 1128 eo
370 1102 411 1129 ita
430 1102 574 1138 scriptum
595 1103 738 1136 inveniet,
754 1103 813 1129 Ὅτι
829 1103 858 1129 οὐ
873 1106 928 1140 χρὴ
946 1106 989 1129 τὸν
1002 1103 1026 1129 ἐν

200 1147 351 1181 συστήματι
375 1146 569 1183 πολιτευόμενην
590 1147 719 1176 ἀσκητὴν.
738 1147 823 1181 Quod
836 1156 895 1176 non
912 1150 1026 1182 oportet

198 1192 328 1217 ascetam
351 1190 382 1217 in
405 1191 507 1226 aliquo
523 1194 670 1219 conventu
686 1192 852 1226 degentem,
870 1195 925 1219 etc.
941 1191 1026 1219 Haud

197 1234 304 1269 procul
319 1242 336 1261 a
351 1234 437 1262 titulo
452 1235 678 1269 occurritillud,
691 1235 770 1262 Ὅταν
784 1237 835 1273 γὰρ
860 1237 871 1262 ὀ
884 1238 928 1272 μὲν
943 1239 1026 1262 κανὼν

198 1282 244 1304 τοι)
271 1278 331 1314 βίον
357 1281 419 1316 ἔχῃ,
449 1278 518 1316 μηδὲ
544 1281 710 1317 χωρίζεσθαι
733 1285 779 1307 τοῦ
809 1284 978 1317 συστήματος

200 1324 375 1359 συνήφοημει,
389 1322 468 1359 μηδέ,
485 1327 540 1352 etc.
567 1325 641 1353 Cum
657 1326 736 1352 enim
753 1326 822 1353 vita:
837 1329 947 1353 nostra?
965 1327 1026 1353 ins-

199 1367 321 1395 titutum
338 1369 386 1401 sit,
407 1376 503 1404 neque
524 1370 664 1403 separari
678 1370 716 1398 ab
729 1370 782 1397 itto
807 1373 884 1398 metu
896 1370 946 1397 cui
966 1370 1027 1401 fui-

198 1419 264 1440 mus
279 1413 428 1447 adjuncti,
441 1422 543 1449 neque,
560 1416 615 1442 etc.
634 1415 710 1442 Sane
734 1415 758 1442 si
773 1415 1027 1442 Constitutionum

199 1458 290 1492 atque
303 1457 486 1492 Hegularum
501 1458 582 1486 idem
599 1459 727 1495 scriptor
744 1467 808 1486 esse
832 1459 924 1486 semel
948 1459 1028 1486 dica-

199 1503 257 1534 tur,
275 1501 377 1530 mirari
393 1503 505 1530 subibit
516 1503 598 1531 vocis
615 1505 739 1540 σύστημα
754 1512 822 1540 quae
840 1503 1029 1532 Constitutio-

197 1553 273 1575 cum
287 1547 402 1574 auctori
417 1548 526 1583 quavis
542 1548 600 1576 alia
620 1548 800 1576 familiarior
815 1551 888 1583 erat,
905 1556 942 1575 ne
964 1556 1029 1576 ves-

199 1589 303 1625 tigium
315 1591 438 1626 quidem
451 1592 481 1620 in
493 1592 610 1627 Regulis
623 1596 752 1621 exstare.
761 1595 833 1620 Nam
846 1593 1029 1629 experientia

198 1634 296 1666 docet,
312 1638 459 1670 auctores,
475 1637 527 1673 qui
541 1645 588 1665 res
609 1637 733 1665 easdem
747 1638 778 1665 in
797 1637 918 1665 duobus
933 1638 1029 1674 operi-

197 1679 256 1707 bus
271 1683 324 1708 aut
338 1682 468 1709 tractant
481 1684 533 1709 aut
545 1682 791 1718 interpretantur,
805 1683 828 1710 si
842 1683 872 1710 in
884 1691 944 1710 uno
966 1691 1027 1710 una

198 1732 272 1752 voce
295 1724 334 1752 ad
350 1733 414 1752 rem
438 1725 573 1762 aliquam
601 1726 836 1761 significandam
862 1727 1028 1763 saepissime

199 1769 245 1796 usi
259 1769 329 1803 sint,
344 1770 451 1797 eadem
465 1770 506 1798 uti
519 1771 623 1799 solitos
638 1774 666 1799 et
680 1771 710 1799 in
728 1772 820 1800 altero
845 1780 946 1808 opere,
963 1780 1028 1800 ma-

197 1813 277 1840 xime
289 1814 313 1841 si
325 1813 405 1841 hanc
420 1814 519 1850 ipsam
535 1823 599 1842 rem
616 1815 730 1851 passim
745 1816 873 1852 exprimi
889 1825 966 1853 opus
980 1817 1027 1844 sit.

198 1858 381 1892 Regularum
393 1863 495 1886 autem
505 1861 619 1893 auctor,
629 1860 766 1896 quisquis
778 1863 831 1895 est,
840 1861 951 1888 centies
961 1860 1028 1897 qui-

197 1901 268 1929 dem
283 1902 350 1930 aliis
366 1903 542 1931 nominibus
556 1903 683 1932 fratrum
708 1907 893 1933 conventum
910 1914 1029 1942 expres-

198 1945 236 1973 sit
251 1954 257 1973 :
276 1947 329 1974 sed
347 1950 448 1975 tamen
463 1956 532 1975 eum
545 1957 665 1985 semper
682 1957 698 1977 a
714 1957 788 1977 voce
804 1951 928 1986 σύστημα
939 1950 1028 1978 absti-

197 1990 310 2025 nuisse,
320 1999 356 2019 ex
372 1992 471 2028 operis
481 1992 607 2021 lectione
621 1993 710 2030 plane
725 1997 852 2022 constat.
869 1995 1027 2027 Quomodo

197 2043 269 2070 ergo
296 2036 477 2071 Regularum
500 2040 591 2073 atque
617 2039 871 2067 Constitutionum
897 2047 977 2066 unus
999 2042 1027 2067 et

196 2080 277 2108 idem
304 2084 409 2109 auctor
436 2090 500 2109 esse
525 2085 633 2118 potest,
650 2092 719 2111 cum
743 2084 773 2110 in
788 2083 835 2111 his
857 2083 895 2111 ad
915 2087 1027 2112 certam

196 2125 364 2160 quamdam
389 2134 451 2153 rem
480 2127 709 2163 exprimendam
738 2136 844 2155 vocem
860 2136 952 2156 unam
971 2128 1027 2155 fre-

196 2170 396 2205 quentissime
408 2171 548 2207 usurpari
559 2172 729 2204 videamus,
740 2180 807 2208 quas
817 2175 918 2200 tamen
930 2181 986 2201 vox
995 2173 1026 2201 in

196 2213 254 2241 illis
281 2214 321 2242 ad
350 2215 490 2243 eamdem
519 2223 583 2243 rem
613 2216 847 2250 significandam
871 2226 1024 2254 nusquam

197 2260 384 2294 usurpatur?
398 2261 459 2295 Ego
473 2260 501 2287 in
518 2260 663 2296 exemplis
676 2269 740 2288 esse
756 2269 816 2288 non
837 2264 921 2297 puto,
933 2263 1024 2298 scrip—

197 2305 290 2331 torem
311 2304 352 2332 ita
368 2313 504 2341 unquam
526 2306 572 2332 sui
588 2305 766 2333 dissimilem
786 2305 890 2339 fuisse,
908 2309 939 2334 ut
954 2315 1024 2335 cum

197 2356 259 2376 rem
278 2349 415 2385 aliquam
430 2350 460 2378 in
477 2358 538 2377 uno
554 2358 644 2386 opere
657 2353 737 2378 certo
750 2351 885 2386 quodam
901 2351 1023 2380 nomine

196 2392 362 2429 smpissime
383 2393 589 2430 expressisset,
608 2394 639 2421 in
671 2394 764 2422 altero
783 2394 860 2422 libro
882 2396 1023 2424 eamdem

195 2444 258 2465 rem
287 2438 395 2465 eodem
424 2438 474 2466 illo
502 2438 625 2466 nomine
649 2447 801 2475 nusquam
833 2442 1022 2476 expresserit,

195 2483 375 2518 praesertim,
393 2486 424 2511 ut
447 2483 625 2517 diximus,si
648 2484 691 2511 rei
715 2484 794 2512 illius
818 2486 1022 2522 exprimenda:

195 2528 316 2555 occasio
337 2535 402 2555 sese
420 2528 535 2563 passim
560 2528 688 2556 offerret.
716 2531 756 2557 Ex
781 2530 891 2566 quibus
916 2539 1020 2559 conse-

194 2580 291 2608 quens
306 2580 370 2600 esse
391 2572 531 2608 arbitror,
547 2575 579 2601 ut
598 2574 660 2601 duo
675 2577 813 2603 auctores
835 2575 1022 2612 distinguan-

195 2618 253 2649 tur,
271 2625 403 2652 quorum
427 2625 506 2645 unus
531 2618 671 2653 Regulas,
692 2619 764 2647 alter
788 2619 1021 2648 Constitutiones

195 2661 415 2697 conscripserit.
439 2662 506 2689 Haec
529 2665 609 2690 certa
629 2671 694 2691 esse
709 2664 847 2692 existimo
873 2665 1018 2701 quidem:

195 2705 258 2739 sed,
272 2713 309 2733 ne
324 2706 371 2733 cui
385 2706 453 2742 quis
465 2707 625 2744 scrupulus
637 2709 778 2744 supersit,
788 2709 846 2737 hoc
860 2709 942 2737 idem
959 2718 1010 2737 ma

195 2750 241 2789 gis
255 2751 434 2782 conﬁrmare
448 2752 548 2781 statui.
565 2754 627 2782 Duo
640 2756 709 2781 sunt
721 2753 820 2790 igitur,
835 2762 903 2790 quae
919 2756 1021 2783 notata

1048 1517 1068 1544 C

1081 874 1226 910 scriptum
1242 878 1286 903 est
1303 885 1309 903 :
1326 878 1403 911 Πόσῳ
1418 876 1511 912 μᾶλλον
1526 876 1538 901 ὁ
1554 881 1713 913 πνευματικῇ
1730 880 1851 913 κοινωνίᾳ
1867 888 1914 904 συ-

1081 921 1245 955 ναρμοσοείς,
1262 922 1317 948 etc.
1336 921 1454 954 Quanto
1471 922 1568 956 magis
1588 922 1642 957 qui
1654 922 1812 956 spirituati
1825 923 1916 951 socie-

1083 965 1141 992 tati
1152 966 1264 992 aseitus
1277 969 1328 998 est,
1346 967 1380 996 is.
1392 968 1448 993 etc.
1466 966 1551 993 Haud
1560 966 1656 994 multo
1668 969 1737 1003 post
1751 967 1794 995 sic
1804 967 1916 1002 legitur

1081 1009 1213 1045 (cap.2t,
1231 1018 1261 1038 n.
1279 1012 1304 1044 ‘2)
1320 1019 1326 1038 :
1353 1011 1443 1041 Οὕτως
1460 1010 1472 1036 ὁ
1488 1011 1582 1046 λέγων,
1599 1012 1639 1037 ὅτι
1665 1010 1710 1038 διὰ
1726 1014 1785 1043 τοὺς
1798 1012 1914 1048 φαύλους

1080 1054 1246 1091 χωρίζεσθαι
1255 1059 1301 1086 τῆς
1316 1060 1490 1091 πνευματικῆς
1500 1055 1681 1092 ἀναγκάζομαι
1692 1066 1841 1092 συναφειας,
1856 1060 1913 1085 etc.

1081 1099 1129 1126 Sic
1140 1099 1193 1134 qui
1206 1100 1246 1126 ait
1263 1108 1269 1126 :
1286 1100 1381 1134 Cogor
1394 1103 1520 1134 propter
1534 1101 1628 1128 malos
1639 1108 1657 1128 a
1667 1102 1826 1135 spirituati
1835 1109 1914 1130 com-

1081 1145 1230 1172 munitate
1245 1146 1394 1178 separari,
1411 1147 1467 1173 etc.
1484 1145 1571 1181 Operi
1587 1153 1643 1172 suo
1656 1145 1748 1173 tinem
1761 1146 1847 1173 brevi
1860 1146 1916 1174 im~

1083 1188 1236 1224 positurus
1251 1189 1411 1222 uuctor,sic
1424 1188 1557 1224 loquitur
1573 1189 1819 1226 (cap.33,p.580):
1837 1190 1870 1216 Ἦ
1889 1191 1910 1216 εὶ

1082 1234 1171 1258 ἐκεῖνοι
1187 1232 1315 1268 ἐμμένοιεν
1331 1237 1361 1269 τῇ
1377 1234 1497 1262 ἀθετήσει
1513 1238 1560 1264 τῆς
1575 1239 1752 1270 πνευματικῆς
1765 1244 1913 1268 κοινωνιας,

1082 1279 1138 1304 etc.
1154 1278 1209 1304 Aut
1222 1278 1247 1305 si
1267 1277 1354 1305 iidem
1371 1278 1421 1305 itti
1433 1278 1624 1312 spirituatem
1640 1278 1828 1307 sodalitatem
1843 1287 1915 1314 per-

1081 1325 1155 1356 gant
1165 1322 1336 1357 aspernari,
1346 1325 1400 1349 etc.
1411 1323 1477 1349 Jam
1487 1322 1618 1349 vidimus
1627 1330 1731 1350 vocem
1740 1327 1916 1359 πνευματικός

1082 1366 1149 1394 voci
1166 1368 1291 1402 σύστημα
1304 1367 1464 1403 quinquies
1475 1370 1528 1394 aut
1539 1367 1635 1395 sexies
1647 1368 1806 1403 conjungi;
1820 1368 1861 1396 ob
1872 1369 1917 1397 id-

1083 1419 1141 1447 que
1156 1419 1191 1439 ea
1211 1411 1278 1439 loca
1293 1411 1341 1439 hic
1357 1419 1462 1439 rursus
1476 1412 1627 1439 exeribere
1641 1420 1765 1440 necesse
1780 1420 1842 1440 non
1858 1416 1916 1441 est.

1082 1457 1141 1484 Etsi
1151 1459 1252 1484 autem
1265 1456 1447 1491 Regularum
1457 1457 1585 1492 scriptor
1593 1457 1694 1485 multis
1702 1457 1855 1493 variisque
1865 1466 1918 1486 no-

1083 1501 1216 1528 minibus
1246 1501 1337 1529 utitur
1366 1501 1404 1529 ad
1433 1501 1668 1536 signiﬁcandum
1692 1502 1915 1531 monachorum

1083 1546 1325 1579 contubernium,
1337 1548 1438 1574 tamen
1448 1545 1495 1573 his
1506 1545 1683 1574 nominibus
1697 1555 1735 1575 ne
1744 1547 1837 1575 semel
1848 1548 1914 1583 qui-

1082 1591 1152 1618 dem
1169 1599 1273 1618 vocem
1300 1593 1472 1627 πνευματικός
1497 1591 1645 1626 adjungit.
1669 1593 1724 1620 Par
1748 1595 1793 1620 est
1820 1592 1915 1627 igitur

1081 1635 1159 1663 duos
1174 1638 1312 1663 auctores
1323 1635 1477 1671 distingui,
1489 1644 1632 1672 quorum,
1646 1639 1679 1664 ut
1695 1636 1780 1672 solet,
1793 1637 1914 1666 diversa

1082 1682 1146 1707 erat
1161 1680 1314 1707 scribendi
1329 1681 1415 1708 ratio.

1118 1726 1161 1752 38.
1179 1724 1330 1752 Hactenus
1342 1732 1440 1752 sermo
1450 1724 1603 1752 institutus
1613 1725 1706 1753 estde
1722 1725 1913 1761 quibusdam

1081 1768 1218 1802 vocibus,
1227 1777 1294 1805 quae
1311 1769 1451 1804 cum‘sint
1462 1769 1704 1797 familiarissimas
1716 1771 1912 1798 Constitutio-

1081 1822 1154 1841 num
1166 1814 1292 1848 auctori,
1305 1822 1459 1850 nusquam
1470 1816 1573 1841 tamen
1584 1814 1614 1841 in
1629 1814 1747 1849 Regulis
1765 1814 1914 1842 adhiben~

1081 1861 1142 1886 tur:
1160 1867 1239 1886 nunc
1252 1859 1417 1895 loquamur
1431 1859 1469 1886 de
1485 1858 1552 1886 aliis
1569 1862 1621 1887 aut
1631 1859 1757 1887 vocibus
1772 1862 1825 1887 aut
1839 1860 1913 1887 scri-

1081 1903 1174 1931 bendi
1187 1903 1368 1935 rationibus,
1382 1912 1460 1940 quze,
1472 1912 1541 1931 cum
1554 1911 1616 1931 non
1632 1904 1732 1931 minus
1746 1904 1912 1932 familiares

1082 1948 1140 1976 sint
1159 1948 1341 1983 [tegularum
1362 1948 1508 1984 scriptori,
1526 1956 1577 1976 eas
1595 1951 1697 1976 tamen
1710 1956 1870 1985 nunquam
1881 1949 1912 1976 in

1082 1992 1351 2020 Constitutionibus
1366 1997 1529 2029 usurpatas
1543 1993 1691 2021 invenias.
1705 1993 1751 2021 Ad
1765 1994 1850 2029 quod
1863 2002 1911 2029 ge-

1080 2044 1138 2064 nus
1151 2037 1298 2072 pertinent
1308 2038 1370 2065 duo
1381 2038 1442 2072 illa,
1455 2038 1625 2075 πληρὸφορεῖν
1636 2038 1908 2074 εἱπληροφορεῐσῡαιε

1080 2088 1148 2115 quae
1163 2089 1252 2109 voces
1267 2090 1337 2110 cum
1353 2082 1383 2109 in
1394 2083 1514 2117 Regulis
1531 2082 1589 2110 sint
1601 2083 1866 2118 frequentissimae,
1879 2084 1910 2111 in

1080 2127 1351 2156 Constitutionibus
1371 2130 1471 2155 tamen
1489 2135 1644 2163 nusquam
1666 2127 1817 2163 leguntur.
1841 2128 1909 2156 Jam

1080 2173 1185 2199 nostro
1196 2179 1280 2198 more
1293 2171 1406 2207 aliquot
1417 2171 1482 2206 ejus
1490 2171 1532 2198 rei
1544 2171 1683 2207 exempla
1690 2172 1729 2199 ob
1739 2172 1842 2200 oculos
1854 2180 1909 2208 po-

1079 2223 1200 2243 namus.
1211 2215 1350 2250 ltaigitur
1361 2215 1506 2251 scriptum
1519 2216 1600 2243 estin
1612 2216 1729 2251 Regulis
1740 2216 1908 2251 majoribus

1079 2263 1152 2295 (reg.
1163 2263 1172 2288 1
1182 2261 1219 2295 1);
1232 2263 1280 2287 Τὸν
1289 2263 1333 2296 μὲν
1344 2261 1555 2297 nimbos/0,0737%,
1565 2262 1604 2287 ὅτι
1617 2262 1639 2294 6,
1647 2265 1714 2294 etc.,
1725 2261 1767 2288 sic
1776 2264 1809 2289 ut
1818 2262 1910 2293 alteri

1078 2306 1195 2342 quidem
1205 2306 1398 2340 persuaserit,
1406 2308 1437 2333 ut
1447 2306 1481 2339 si,
1489 2308 1544 2333 etc.
1556 2305 1634 2333 Alibi
1643 2306 1673 2333 in
1681 2305 1780 2334 isdem
1790 2306 1848 2333 illis
1861 2308 1910 2334 Re-

1079 2350 1156 2386 gulis
1165 2352 1237 2385 (reg.
1248 2353 1279 2378 ‘37
1290 2351 1421 2386 maj.)ita
1429 2350 1547 2385 legitur:
1557 2350 1799 2387 Πληροφᾱρηθέντες
1808 2349 1908 2382 diu”);

1079 2398 1244 2432 φανερὼτεως
1262 2399 1311 2420 τῶν
1327 2396 1355 2420 οὐ
1367 2394 1420 2430 μετ’
1432 2393 1554 2425 ἀληθείας
1573 2395 1793 2427 ὑποπτευθέντων,
1810 2399 1858 2425 τῆς
1869 2394 1906 2420 ἐπ’

1078 2440 1147 2475 αὐτῳ
1157 2438 1314 2476 διακρίσεως
1324 2438 1545 2465 ἀπαλλάσσονται.
1553 2439 1625 2474 Ipsi,
1634 2440 1679 2470 iis,
1689 2439 1842 2473 quoe/also
1850 2447 1909 2467 sus-

1076 2487 1159 2519 pecta
1173 2485 1309 2519 fuerant,
1320 2485 1457 2519 cognitis,
1473 2484 1517 2512 ita
1531 2484 1649 2511 demum
1663 2485 1803 2512 certiores
1815 2485 1908 2518 facti,

1077 2530 1115 2558 ab
1124 2537 1169 2563 ea,
1176 2537 1265 2565 quam
1273 2530 1308 2558 de
1316 2530 1378 2564 ipso
1386 2532 1593 2563 conceperant,
1602 2529 1769 2563 suspicione
1777 2529 1909 2557 liberan-

1077 2578 1138 2602 tur.
1150 2576 1207 2602 Nec
1223 2574 1310 2602 aliter
1319 2573 1452 2610 loquitur
1468 2577 1572 2601 auctor
1586 2573 1616 2600 in
1630 2573 1748 2608 Regulis
1762 2573 1907 2601 breviori-

1076 2619 1143 2654 bus,
1153 2619 1204 2646 ubi
1216 2619 1280 2646 haec
1292 2618 1384 2646 verba
1395 2618 1662 2654 reperiuntur(reg.
1674 2618 1702 2644 11
1712 2617 1771 2652 br.)
1780 2626 1785 2644 :
1794 2617 1852 2644 Ἐὰν
1862 2616 1906 2644 οὖν

1076 2674 1115 2694 τις
1130 2664 1314 2700 πληροφορηθῇ
1332 2663 1398 2688 (iam
1413 2673 1459 2688 και
1469 2662 1563 2691 ἡλίκων
1576 2666 1661 2688 κακῶν
1674 2664 1772 2697 γίνεται
1786 2664 1858 2688 αἴτια
1873 2664 1906 2688 τὰ

1077 2709 1263 2746 ἁμαρτήματα,
1272 2710 1324 2736 etc.
1337 2708 1371 2736 Si
1382 2709 1430 2736 cui
1442 2708 1536 2743 igitur
1544 2715 1720 2742 persuasum
1731 2708 1780 2742 sit,
1791 2708 1872 2742 quod
1877 2711 1903 2735 et

1075 2756 1256 2790 quantorum
1271 2753 1419 2781 malorum
1439 2760 1530 2781 causa
1537 2755 1664 2788 peccata
1679 2752 1749 2785 sint,
1766 2754 1824 2780 etc.
1837 2751 1903 2788 Alia
