2020 3140
90 137 118 164 97
813 133 1004 163 ΡΒιΕἰῗΑΤῙΟ.
1745 141 1779 167 98

87 197 180 232 regula
202 196 274 231 (reg.
297 197 330 224 37
351 195 447 232 brev.)
473 196 516 224 sic
537 196 641 233 incipit
661 205 668 225 :
690 196 900 234 Πληροφορηθεὶς

955 197 1047 226 verbo
1071 198 1291 236 πληροφορεῖσθαι
1312 200 1342 228 in
1368 201 1414 234 iis,
1436 208 1505 237 quae
1532 201 1605 232 dixi,
1636 201 1781 229 Constitu-

85 245 126 271 τὴν
145 243 287 278 παρουσίαν
309 245 354 267 τοῦ
374 244 504 267 Δεσπότου
532 245 597 268 Θεοῦ
622 245 666 267 τοῦ
692 243 723 267 τὰ
740 243 824 267 πάντα
840 240 900 276 ἐφο-

84 292 180 324 ρῶντος.
189 287 223 314 Si
227 286 255 314 ei
264 293 440 320 persuasum
451 287 489 314 sit
500 287 536 314 de
544 287 707 321 praesentia
717 287 841 314 Domini
848 286 903 314 Dei

84 332 175 360 omnia
188 331 383 366 inspicientis.
395 332 460 359 Mox
473 331 513 359 ita
528 331 636 366 legitur
650 332 722 367 (reg.
738 334 771 358 38
783 331 878 365 brev.)
892 339 898 358 :

84 376 290 413 Ηληροφορείσθω
316 373 354 408 δὲ,
371 377 410 401 ὅτι
430 378 476 402 οὐκ
501 375 627 412 ἀνθρώπῳ
643 375 777 411 ἀντιλέγει,
794 377 808 404 ἤ
830 376 899 401 ὑπα-

82 422 154 451 κούει,
170 417 222 448 ἢδη
240 417 269 445 δὲ
283 422 328 444 καί
344 419 413 455 αὗτῳ
430 430 466 455 τῳ
492 422 587 456 Κυρίῳ.
612 420 644 447 Si
662 423 760 448 autem
774 427 899 454 persua-

80 465 220 492 sissimum
245 464 280 496 et,
312 471 342 492 se
368 472 427 492 non
457 465 571 493 homini
599 465 816 499 contradicere,
847 467 900 492 aut

81 510 200 543 obedire,
222 509 423 537 sed‘Domino
443 510 510 544 ipsi.
537 510 677 546 Sequitur
698 510 771 545 (reg.
796 511 840 540 81,
868 517 897 545 p.

81 555 135 588 444)
152 561 158 580 :
174 556 276 590 Μέχρις
297 554 327 578 οἷν
347 553 577 590 πληροφορηοῆναι
593 552 705 590 δυνηθῇ,
723 555 737 583 ἦ
754 554 820 580 ὄτιὸ
836 555 900 584 Θεὸς

80 601 164 634 κριτής
191 596 310 631 δίκαιος,
332 601 388 626 etc.
415 598 520 631 Quoad
547 599 574 626 ei
593 599 774 633 persuaderi
795 598 898 633 possit,

80 646 126 671 aut
149 644 239 670 Deum
263 649 325 670 esse
345 643 464 677 justum
486 643 628 678 iudicem,
650 645 705 671 etc.
734 643 898 678 Interjectis

80 687 182 719 multis,
198 687 328 722 scriptor
340 686 474 722 loquitur
495 687 568 723 (reg.
592 688 676 722 127):
698 690 774 723 Ηόσῳ
794 687 897 723 μᾶλλον,

81 731 116 757 ἐὰν
135 731 320 767 πληροφορηθῇ
345 741 395 763 τις,
419 733 483 757 Θεὸν
512 733 582 767 ἔχειν
612 731 724 761 indm-nu
746 737 795 758 τῶν
826 730 899 758 ἰδίων

80 778 233 812 κινημάτων;
257 776 376 809 Quanto
401 777 497 811 magis
519 777 597 805 idem
620 777 764 805 vitabitur
787 777 813 804 si
833 777 899 812 quis

79 821 129 849 sibi
139 822 231 855 plane
248 821 449 855 persuaserit,
466 828 496 849 se
510 824 644 849 motuum
667 829 789 850 suorum
804 822 899 849 Deum

78 866 266 900 inspectorem
283 865 415 893 habere?
433 865 522 893 Plura
537 866 589 901 qui
604 866 717 900 volent,
730 866 829 900 legere
844 874 898 902 po-

80 913 169 938 teruut
184 910 309 946 regulas
326 912 386 944 132,
412 912 472 946 174,
496 913 557 945 199,
579 913 642 945 219,
666 913 727 945 233,
750 913 813 942 261,
836 914 898 944 272,

78 957 125 982 296
147 958 173 984 et
197 957 259 984 306.
288 956 355 983 Jam
378 955 469 983 velim
496 963 600 983 secum
630 958 770 992 reputent
792 954 902 984 eruditi

79 999 217 1034 homines,
233 1008 312 1028 num
328 1000 488 1028 verisimile
504 1000 542 1027 sit
554 1003 708 1028 auctorem
723 1001 902 1036 quempiam

80 1052 133 1072 uno
151 1045 242 1073 verbo
267 1045 309 1073 ad
334 1044 451 1081 aliquid
475 1044 711 1079 signiﬁcandum
735 1045 848 1081 passim
870 1045 900 1072 in

79 1089 171 1125 aliquo
192 1098 286 1126 opere
315 1089 367 1123 uti,
393 1089 446 1125 qui
475 1091 577 1116 tamen
603 1091 711 1117 eodem
734 1089 785 1117 illo
809 1089 901 1118 verbo

79 1141 229 1169 nunquam
241 1135 348 1162 utatur
358 1134 388 1161 in
404 1133 463 1161 alio
478 1133 556 1161 libro
571 1133 610 1161 ad
624 1134 764 1161 eamdem
775 1142 838 1162 rem
853 1143 901 1162 ex-

78 1178 267 1214 primendum,
286 1178 419 1206 maxime
435 1178 459 1205 si
474 1186 538 1205 rem
551 1177 633 1205 illam
647 1178 757 1214 saepius
773 1179 901 1214 exprimi

78 1224 243 1259 oportuerit.
253 1225 286 1250 ln
299 1222 572 1251 Constitutionibus
582 1224 683 1250 autem
695 1223 823 1251 verbum
834 1223 900 1253 πλη-

80 1269 190 1304 ροφορεὶν
212 1276 371 1304 nusquam
387 1267 505 1302 legitur,
520 1275 589 1295 cum
606 1270 707 1296 tamen
730 1275 835 1295 earum
851 1276 902 1296 au-

78 1315 135 1340 ctor
148 1312 185 1340 ad
196 1312 341 1340 eamdem
352 1320 416 1340 rem
428 1311 665 1347 signiﬁcandam
675 1311 734 1340 alio
744 1312 838 1340 verbo
849 1320 902 1340 sse-

78 1357 139 1392 pius
155 1365 226 1384 usus
243 1359 293 1384 sit.
310 1358 343 1384 Et
363 1364 400 1384 ne
415 1357 484 1392 quis
498 1356 529 1383 id
552 1358 661 1384 temere
677 1356 791 1384 dictum
811 1355 901 1383 fuisse

77 1401 224 1436 existimet,
239 1401 311 1430 loca
324 1401 466 1437 quaedam
477 1401 641 1433 adducam,
656 1401 770 1437 quibus
785 1400 901 1428 dubita-

78 1446 114 1481 tio
127 1447 222 1474 omnis
244 1446 378 1474 tollatur.
400 1448 504 1482 Itaque
522 1445 776 1474 Constitutionu'm
797 1447 903 1473 auctor

76 1491 113 1519 sic
134 1491 269 1527 loquitur
291 1493 370 1527 (cap.
385 1492 412 1526 9)
436 1499 442 1518 :
469 1493 571 1521 Γνόντες
596 1488 625 1516 οὗ
649 1493 696 1519 τὴν
721 1490 829 1526 ζημίαν,
851 1492 900 1526 φύ-

954 242 1071 270 tionum
1086 243 1160 271 locis
1176 252 1300 272 usurum
1316 245 1408 273 fuisse
1423 248 1506 281 puto,
1520 245 1603 281 quod
1618 246 1711 273 verbo
1726 247 1781 272 πεί-

956 287 1047 313 θεσθαι
1062 288 1104 315 uti
1120 296 1183 316 nou
1199 289 1294 317 soleat
1310 298 1364 325 pro
1380 298 1427 322 eo,
1443 290 1526 326 quod
1543 293 1597 323 est,
1615 293 1695 318 certo
1714 298 1779 318 cre-

955 332 1034 362 dere.
1052 334 1297 367 autpersuaderz'.
1314 333 1458 361 Videntur
1470 334 1561 369 igitur
1575 334 1781 369 distinguendi

955 385 1020 404 esse
1034 377 1096 404 duo
1112 381 1258 414 auctores,
1276 386 1406 414 quorum
1431 387 1510 406 unus
1534 380 1628 407 verbo
1647 379 1780 417 πληροφο-

954 422 1057 458 ρεῖσθαι
1070 423 1158 450 unice
1180 423 1345 452 delectatus
1369 424 1406 451 sit
1418 424 1458 451 ad
1472 425 1639 460 quamdam
1655 433 1780 461 persua-

954 466 1070 494 sionem
1087 467 1329 502 signiﬁcandam,
1344 468 1418 496 alter
1431 477 1502 496 vero
1513 469 1552 496 ad
1565 469 1705 497 eamdem
1715 478 1780 497 rem

954 512 1184 547 exprimendam
1199 513 1299 548 potius
1314 513 1372 541 alio
1392 513 1500 549 quovis
1516 513 1609 542 verbo
1633 523 1706 542 usus
1732 515 1779 542 sit.

956 556 1011 583 Ubi
1034 558 1061 584 et
1077 556 1152 584 illud
1175 558 1273 585 notari
1298 560 1406 594 potest,
1423 566 1530 586 vocem
1551 558 1714 596 πληροφορὶα
1728 567 1780 587 sse-

954 600 1079 636 pissime
1093 609 1216 638 quoque
1231 602 1260 629 in
1277 602 1396 637 Regulis
1409 605 1469 630 tam
1487 603 1673 636 longioribus
1687 612 1780 639 quam

954 645 1143 673 brevioribus
1165 645 1223 681 legi
1248 655 1254 674 :
1279 655 1347 683 quos
1371 649 1473 674 tamen
1499 647 1592 675 semel
1608 650 1725 676 tantum
1749 649 1780 676 in

955 689 1224 717 Constitutionibus
1240 690 1400 726 reperitur;
1417 699 1454 719 ex
1468 699 1529 727 quo
1544 691 1587 725 ﬁt,
1604 694 1636 719 ut
1650 692 1711 720 duo
1726 700 1781 720 au-

954 735 1050 760 ctores
1066 733 1210 768 distingui
1226 734 1368 768 debeant,
1384 743 1516 770 quorum
1533 736 1583 762 uni
1606 744 1666 763 vox
1681 735 1780 772 πληρο-

955 779 1032 814 φορία
1051 777 1092 805 ita
1114 777 1270 814 placuerit,
1296 781 1326 807 ut
1351 786 1387 806 ea
1410 779 1525 815 passim
1548 783 1691 815 uteretur,
1707 780 1782 808 alter

955 830 1026 849 vero
1042 821 1148 850 eadem
1166 823 1259 850 semel
1277 823 1425 851 duntaxat
1448 824 1537 860 quasi
1562 824 1684 853 fortuito
1706 834 1780 853 usus

956 867 1002 894 sit.
1019 866 1109 894 Multa
1124 867 1230 895 omitto
1246 867 1361 901 sciens;
1378 876 1434 895 nec
1454 868 1533 896 enim
1546 870 1644 897 notari
1659 871 1783 905 possent

956 911 1067 944 omnia,
1083 911 1157 947 quin
1168 912 1291 940 taedium
1308 915 1397 948 atque
1409 913 1531 941 satietas
1544 913 1709 942 efferretur.
1724 914 1781 942 Sed

954 958 1058 983 tamen
1073 955 1147 983 illud
1160 956 1277 985 silentio
1293 957 1444 992 praeterire
1458 965 1521 985 non
1534 966 1622 994 queo,
1637 958 1782 986 adverbia

955 1000 1097 1036 quaedam
1107 1001 1139 1028 in
1152 1001 1271 1036 Regalis
1284 1009 1345 1029 non
1356 1010 1425 1030 raro
1440 1003 1544 1038 praeire
1561 1003 1782 1038 Scripturarum

955 1045 1133 1073 testimoniis
1151 1055 1157 1073 :
1174 1046 1227 1082 qui
1242 1046 1456 1074 adverbiorum
1476 1055 1548 1074 usus
1567 1047 1667 1075 nullus
1689 1050 1734 1075 est
1751 1048 1782 1075 in

957 1090 1241 1118 Constitutionibus.
1262 1091 1353 1126 Magis
1369 1099 1417 1118 res
1431 1091 1624 1126 intelligetur,
1639 1092 1662 1119 si
1683 1099 1783 1120 exem-

955 1133 1005 1168 pla
1021 1133 1124 1169 aliqua
1140 1137 1360 1170 proponantur.
1377 1135 1510 1163 Primum
1530 1138 1632 1163 autem
1653 1136 1783 1164 occurrit

955 1177 1028 1205 illud
1042 1178 1070 1205 in
1083 1178 1201 1212 Regalis
1211 1179 1378 1214 majoribus
1394 1182 1465 1214 (reg.
1479 1182 1504 1213 5,
1517 1187 1547 1207 n.
1562 1181 1587 1216 2)
1601 1189 1606 1207 :
1618 1184 1669 1206 Τοῡ
1684 1182 1782 1217 Κυρίου

956 1223 1094 1259 ὁριστικῶς
1111 1223 1236 1255 εἰπόντος,
1259 1224 1299 1249 ὅτι
1324 1223 1399 1249 Οὕτω
1414 1227 1465 1255 πᾶς
1487 1224 1513 1255 ἐξ
1537 1225 1617 1260 ὑμῶν,
1634 1227 1690 1252 etc.
1707 1225 1781 1253 Cum

956 1268 1100 1295 Dominus
1125 1269 1219 1296 verbis
1240 1269 1415 1296 decretoriis
1436 1269 1560 1304 dixerit,
1583 1280 1597 1294 ‹‹
1614 1270 1664 1297 Sic
1688 1270 1783 1297 omnis

956 1319 994 1340 ea:
1009 1310 1101 1346 vobis,
1116 1323 1130 1337 »
1154 1314 1209 1340 etc.
1232 1314 1291 1340 Hoc
1311 1313 1379 1349 ipso
1401 1313 1431 1341 iu
1450 1313 1517 1341 loco
1529 1314 1571 1341 ita
1586 1313 1715 1349 legitur:
1734 1317 1783 1340 Καὶ

957 1358 994 1382 ἔτι
1026 1355 1297 1393 ὃντωπητικώτερον,
1330 1359 1421 1388 Καθὼς
1455 1357 1503 1394 ἐγὼ
1530 1360 1575 1390 τὰς
1607 1358 1708 1390 ἐντολὰς
1736 1364 1782 1386 τοῦ

957 1404 1058 1438 Πατρός
1087 1413 1137 1438 μου
1166 1405 1316 1439 τετήρηκα,
1346 1406 1401 1431 etc.
1428 1403 1486 1438 Ει,
1521 1404 1602 1439 quod
1629 1405 1782 1439 efﬁcacius

957 1448 1046 1475 etiam
1059 1448 1153 1482 possit
1167 1455 1359 1482 commovere,
1377 1459 1391 1473 ‹‹
1405 1449 1489 1476 Sicut
1504 1452 1530 1477 et
1545 1456 1597 1484 ego
1609 1450 1713 1477 Patris
1727 1450 1785 1478 met

953 1495 1109 1527 praecepta
1133 1493 1262 1524 servavi,
1289 1503 1302 1518 υ
1320 1495 1376 1521 etc.
1399 1493 1553 1521 Consentit
1576 1502 1646 1521 cum
1665 1494 1699 1521 iis
1714 1502 1782 1530 quae

76 1545 151 1572 γωμεν
166 1541 210 1566 τῆς
227 1537 370 1571 ἐπιθυμίας
381 1537 410 1561 τὸ
425 1536 532 1562 ἄτοπον.
549 1535 677 1570 Cognito
692 1535 794 1570 itaque
809 1535 899 1563 detri-

956 1536 1100 1569 diximus,
1125 1537 1199 1564 illud
1220 1538 1295 1572 (reg.
1315 1539 1359 1571 37,
1375 1545 1405 1564 n.
1423 1538 1459 1572 2),
1476 1542 1520 1563 τοῦ
1533 1537 1691 1564 Ἀποστόλου
1704 1549 1782 1574 φανε-

76 1584 176 1615 mento,
191 1581 275 1609 hanc
289 1580 454 1609 absurdam
473 1580 645 1614 cupidinem
658 1580 826 1614 fugiamus.
842 1581 900 1607 Nec

76 1625 113 1653 ita
132 1625 224 1653 multo
248 1625 333 1653 infra
348 1625 390 1653 sic
410 1624 515 1652 scribit
536 1625 616 1660 (cap.
634 1624 678 1657 16)
700 1632 706 1651 :
727 1623 816 1653 Μηδὲν
837 1625 900 1655 ἅλως

77 1671 210 1706 κατορθοῦν
226 1670 252 1701 ἐξ
278 1670 374 1700 οἰκείας
397 1669 551 1706 λογιζομένη
578 1667 722 1705 δυνάμεως,
740 1670 819 1697 nihil
842 1677 901 1698 om-

78 1715 142 1742 nino
166 1716 226 1743 suis
255 1722 290 1743 se
318 1715 431 1743 viribus
458 1716 538 1742 recte
560 1714 663 1748 facere
691 1716 786 1742 ratus.
814 1714 902 1742 Paria

78 1761 141 1786 sunt
153 1767 220 1795 quae
240 1758 339 1796 paulo
360 1761 430 1794 post
452 1758 594 1793 leguntur
610 1759 687 1794 (cap.
709 1760 750 1794 17,
767 1765 797 1794 p.
812 1761 874 1791 560)
892 1767 898 1786 :

78 1803 149 1829 Ἀλλὰ
161 1805 320 1841 λογισαμένη
337 1808 368 1840 τῇ
393 1802 513 1840 ἀναιδείᾳ
531 1807 576 1829 τοῦ
597 1807 643 1834 τῆς
658 1805 784 1839 πονηρίας
799 1805 901 1840 εὑρετοῦ

80 1850 122 1876 τήν
136 1853 181 1874 τῶν
208 1849 313 1875 ἀτόπων
335 1848 434 1874 ἐννοιῶν
459 1851 603 1884 φαντασίαν
626 1848 757 1882 γενέσθαι,
772 1851 828 1875 etc.
844 1848 903 1875 Sed

79 1892 152 1920 illud
164 1901 264 1922 secum
277 1895 425 1929 cogitans,
446 1894 483 1921 ab
503 1893 676 1927 impudente
689 1893 743 1920 illo
762 1893 901 1928 nequitia:

77 1938 224 1967 inventore
248 1939 454 1967 absurdarum
475 1938 691 1973 cogitationum
710 1938 834 1971 spectem
849 1938 902 1966 tm.

76 1985 178 2019 primi,
207 1987 265 2012 etc.
295 1983 424 2012 Maxime
453 1982 623 2011 notandum
650 1981 733 2018 quod
768 1983 902 2018 sequitur

76 2028 150 2064 (cap.
172 2031 214 2063 19,
230 2037 263 2065 p.
279 2029 345 2063 563)
363 2037 369 2055 :
388 2027 475 2063 Πολλῳ
490 2027 584 2063 μᾶλλον
602 2028 626 2052 οἱ
645 2028 709 2062 πρὸς
724 2029 771 2055 τὴν
786 2027 902 2062 μάθησιν

76 2077 119 2103 τῆς
133 2073 266 2104 εὐσεϐείας
282 2076 328 2099 καὶ
341 2077 387 2103 τῆς
403 2073 540 2102 ὁσιότητος
564 2070 754 2107 ἀφικνούμενοι,
771 2071 841 2102 ἅπαξ
854 2081 902 2097 πε-

76 2121 184 2149 πεικοτες
199 2118 308 2148 ἑαυτοὺς
323 2119 362 2144 ὅτι
376 2115 546 2150 δυνήσονται,
559 2118 615 2144 etc.
630 2116 727 2143 Multo
742 2116 838 2151 magis
852 2117 905 2152 qui

77 2162 113 2190 ad
130 2163 306 2191 discendam
318 2163 440 2197 pictatis
464 2161 692 2196 sanctitatisque
714 2160 903 2196 disciplinam

956 1586 1006 1618 ρὼς
1022 1581 1252 1618 παραγγέλλοντος,
1274 1583 1316 1607 τὸν
1338 1585 1373 1618 μὴ
1400 1581 1578 1618 ἐργαζόμενον,
1592 1581 1661 1619 μηδὲ
1677 1583 1781 1617 ἐσθίειν,

956 1634 1023 1654 cum
1044 1627 1206 1661 Apostolus
1228 1629 1332 1661 aperte
1355 1627 1525 1662 praecipiat,
1540 1630 1574 1655 ut
1593 1628 1647 1664 qui
1664 1636 1724 1656 non
1740 1629 1782 1657 la-

956 1670 1051 1705 borat,
1067 1679 1161 1707 neque
1176 1671 1265 1699 etiam
1285 1671 1456 1699 manducet.
1473 1672 1617 1700 Eamdem
1631 1673 1783 1701 scribendi

955 1715 1104 1742 rationem
1120 1717 1241 1744 secutus
1256 1718 1362 1743 auctor
1381 1715 1412 1743 in
1435 1717 1556 1752 Regulis
1581 1716 1782 1751 brevioribus,

955 1759 998 1787 ita
1020 1759 1138 1795 scripsit
1161 1763 1234 1794 (reg.
1252 1762 1296 1794 47)
1315 1769 1321 1787 :
1337 1759 1438 1786 Ἦλίκον
1464 1759 1493 1786 δέ
1517 1761 1573 1787 ἐστι
1588 1764 1617 1788 τὸ
1641 1764 1723 1798 κρίμα
1736 1766 1782 1788 τοῦ

957 1803 1140 1840 ἁμαρτήματος
1171 1805 1285 1837 τούτου,
1314 1804 1398 1835 ἔξεστι
1429 1809 1525 1840 γνῶναι
1553 1810 1654 1843 πρῶτον
1680 1808 1724 1843 μὲν
1757 1806 1783 1838 ἐξ

957 1847 1109 1884 ἀποφάσεως
1136 1853 1181 1875 τοῦ
1210 1851 1307 1886 Κυρίου
1334 1849 1478 1881 καθολικῶς
1504 1851 1630 1884 εἰπόντος,
1651 1851 1680 1877 Ὀ
1707 1851 1782 1878 ἀπει-

958 1894 1008 1919 θῶν
1029 1903 1065 1929 τῳ
1089 1895 1148 1929 Υίῳ,
1165 1896 1221 1921 etc.
1246 1894 1347 1922 Porro
1371 1902 1461 1930 quam
1482 1903 1575 1930 grave
1598 1896 1637 1923 sit
1658 1896 1784 1931 hujusce

952 1938 1071 1972 peccati
1079 1938 1242 1972 judicium,
1254 1939 1386 1974 intelligi
1394 1942 1492 1973 potest
1502 1940 1600 1974 primo
1614 1941 1732 1976 quidem
1745 1949 1783 1969 ex

955 1983 1104 2010 sententia
1117 1983 1249 2016 Domini,
1262 1983 1315 2019 qui
1323 1984 1355 2011 in
1366 1984 1538 2012 universum
1554 1985 1632 2013 dixit
1647 1993 1657 2013 :
1671 1996 1685 2010 «
1701 1986 1783 2019 Quis-

956 2027 1022 2063 quis
1047 2035 1108 2055 non
1131 2027 1228 2055 obedit
1242 2028 1334 2063 Filio,
1351 2039 1364 2053 ›ι
1381 2031 1436 2056 etc.
1455 2029 1560 2057 Statim
1574 2029 1615 2058 ita
1638 2030 1783 2066 scriptum

955 2070 1106 2099 invenitur
1127 2074 1200 2107 (reg.
1218 2072 1262 2107 48)
1277 2081 1283 2097 :
1301 2072 1347 2102 Οἷς
1372 2071 1484 2108 ἐπιφέροι
1498 2072 1711 2110 καθολικώτερον,
1728 2075 1782 2100 ()5-

956 2125 1006 2146 τως
1022 2117 1034 2141 ὁ
1049 2116 1217 2153 θησαυρίζων
1244 2116 1336 2152 ἑαυτῳ,
1361 2118 1416 2144 etc.
1444 2117 1555 2150 Quibus
1577 2119 1672 2153 magis
1694 2126 1783 2153 gene~

957 2161 1048 2188 ratim
1064 2160 1206 2195 adjungit
1221 2169 1230 2186 :
1245 2172 1259 2186 κ
1275 2161 1326 2189 Sic
1339 2161 1391 2196 qui
1404 2161 1460 2188 sibi
1479 2162 1675 2195 thesaurizat,
1692 2172 1705 2187 ι
1726 2165 1782 2191 etc.

77 2208 230 2243 accedunt,
258 2208 312 2235 ubi
338 2208 427 2235 semet
451 2207 657 2241 persuaserint
684 2206 752 2240 sibi,
778 2213 817 2240 se,
846 2208 902 2233 etc.
919 2214 940 2240 ι)
957 2205 1120 2240 Interjcctis
1146 2212 1209 2232 non
1242 2205 1349 2240 paucis
1384 2205 1425 2232 sic
1457 2205 1575 2234 locutus
1604 2210 1649 2234 est
1680 2210 1785 2235 auctor

77 2252 173 2282 Prima
196 2254 308 2290 capitis
332 2255 363 2280 21
388 2253 483 2280 verba
499 2252 563 2280 haec
579 2253 649 2279 sunt
665 2260 671 2279 :
688 2253 745 2287 Χρῄ
760 2253 846 2287 μέντοι
858 2254 903 2277 καὶ

78 2301 148 2323 τοῦτο
161 2299 306 2324 πεπεῖσθαι
327 2302 424 2334 σαφῶς,
446 2298 496 2332 ὅτι,
514 2298 569 2324 etc.
594 2296 663 2324 Jam
687 2295 768 2323 illud
787 2303 904 2332 quoque

75 2349 128 2375 pro
139 2346 219 2371 certo
231 2342 404 2371 habendum
415 2344 468 2376 est,
480 2344 535 2369 etc.
548 2341 692 2376 Ejusdem
704 2341 823 2375 generis
834 2343 905 2368 sunt

78 2393 140 2421 quae
155 2387 312 2415 ascribam
323 2395 338 2415 e
351 2395 417 2422 cap.
433 2387 518 2422 22(p.
532 2388 593 2419 573)
612 2393 618 2412 :
635 2386 681 2411 Διά
696 2395 736 2411 τοι
746 2388 822 2410 τοῦτο
836 2395 902 2422 προ-

80 2433 148 2460 σήκει
158 2431 293 2468 μηδαμῶς
304 2431 482 2458 ἐναντιοῦσθαι
501 2434 557 2462 ταῖς
574 2431 649 2456 αὐτον
666 2428 827 2463 διατάξεων,
841 2429 904 2456 ἀλλὰ.

79 2478 221 2509 πεπεῖσθαι,
237 2479 296 2505 etc.
320 2476 465 2510 Quorcz‘ca
486 2476 573 2504 nullo
596 2475 682 2503 modo
702 2475 766 2509 ejus
782 2475 903 2502 statutis

78 2521 299 2550 aduersandum
325 2524 377 2553 est,
399 2522 449 2550 sed
471 2529 528 2556 pro
548 2523 628 2549 certo
652 2519 832 2553 habendum,
846 2521 900 2546 etc.

78 2565 155 2594 Certe
172 2567 198 2594 si
220 2566 277 2602 qui
297 2566 423 2601 Regulus
442 2565 572 2602 scripsit,
590 2564 758 2601 scripsisset
778 2566 806 2591 et
829 2565 903 2591 Con-

78 2610 255 2644 stitutiones,
271 2611 434 2647 aliquando
449 2611 480 2638 in
491 2611 536 2643 iis,
554 2618 622 2646 quae
633 2617 704 2637 mox
718 2608 817 2644 citavi,
829 2607 903 2636 locis

78 2655 166 2683 verbo
190 2656 423 2692 πληροφορεῐσθαι,
445 2663 506 2683 uno
532 2655 670 2683 omnium
697 2653 754 2681 sibi
777 2652 903 2680 familia-

78 2699 207 2735 rissimo,
224 2708 302 2728 usus
317 2703 394 2728 esset
409 2709 415 2728 :
437 2700 521 2736 quod
540 2707 611 2728 cum
626 2706 688 2726 non
703 2697 815 2731 fecerit,
835 2697 903 2732 jure

79 2745 231 2779 putandus
242 2746 291 2773 est
305 2744 381 2772 alius
392 2753 459 2773 esse
469 2745 509 2773 ab
522 2753 566 2780 eo,
582 2743 634 2780 qui
649 2742 904 2772 Constitutionum

79 2787 185 2817 librum
199 2789 313 2818 emisit.
331 2791 431 2826 quue
444 2789 543 2826 magis
556 2788 733 2825 Regularum
749 2789 904 2816 auctorem

957 2251 1032 2284 (reg.
1058 2250 1118 2278 115)
1136 2257 1142 2276 2
1160 2249 1206 2280 Οἷς
1231 2249 1344 2286 ἐπιφέρει
1369 2247 1630 2288 δυσωπητικωτερον,
1651 2250 1749 2288 Ὠσπερ
1771 2253 1783 2278 ό

957 2296 1016 2325 Υἱὸς
1031 2298 1077 2320 τοῦ
1094 2293 1240 2330 ἀνθρώπου,
1264 2296 1320 2321 etc.
1345 2294 1456 2327 Quibus
1481 2295 1543 2323 haec
1565 2296 1737 2330 efﬁcaciora
1757 2300 1784 2325 et

958 2339 998 2367 ad
1010 2338 1256 2374 persuadendum
1272 2339 1393 2373 aptiora
1416 2339 1557 2375 adjungit
1572 2348 1583 2368 .’
1600 2352 1613 2365 u
1637 2341 1784 2374 Quemad-

957 2383 1076 2411 modum
1098 2383 1196 2411 Fz’tz'us
1220 2383 1361 2415 hominis,
1378 2394 1392 2408 n
1408 2386 1464 2412 etc.
1487 2386 1597 2412 Harum
1618 2393 1717 2414 rerum
1732 2386 1785 2422 qui

957 2428 1068 2456 curiosi
1085 2430 1165 2461 sunt,
1183 2427 1292 2455 similia
1314 2427 1452 2463 exempla
1475 2429 1578 2457 videre
1598 2432 1740 2466 poterunt
1753 2430 1784 2458 in

957 2472 1068 2507 regulis
1086 2474 1145 2505 125,
1165 2474 1224 2505 131,
1251 2474 1310 2506 138,
1334 2475 1397 2506 212,
1422 2475 1471 2501 221
1499 2476 1528 2501 et
1549 2476 1612 2503 269.
1629 2475 1785 2510 Ejusmodi

957 2519 1058 2545 autem
1071 2516 1227 2551 adverbia,
1236 2525 1367 2552 quorum
1382 2525 1454 2545 usus
1466 2518 1497 2545 in
1512 2519 1632 2553 Regulis
1641 2519 1785 2555 frequens

956 2563 1171 2597 est,nusquam
1184 2561 1213 2588 in
1231 2561 1501 2590 Constitutionibus
1516 2565 1688 2591 occurrunt.
1697 2564 1784 2596 Quod

957 2605 1063 2634 ultimo
1076 2605 1142 2633 loco
1154 2613 1324 2642 proponere
1337 2605 1463 2640 decrevi,
1476 2606 1507 2634 id
1517 2607 1617 2635 nescio
1628 2609 1784 2644 quomodo

958 2659 1006 2679 me
1022 2651 1120 2685 magis
1130 2652 1249 2678 movet:
1263 2651 1367 2679 merito
1379 2659 1418 2678 an
1431 2651 1592 2686 immerito,
1601 2652 1785 2688 judicabuut

958 2695 1018 2724 alii.
1034 2694 1231 2723 Probavimus
1243 2695 1419 2723 monasterii
1433 2696 1609 2731 prtefectum
1628 2697 1659 2725 in
1673 2696 1784 2725 Consti-

958 2739 1125 2768 tutionibus
1140 2739 1266 2767 iudicari
1280 2739 1371 2768 variis
1381 2740 1565 2774 nominibus,
1578 2749 1646 2777 qum
1661 2749 1679 2769 a
1689 2743 1784 2776 Regu-

957 2785 995 2814 lis
1010 2786 1122 2814 absunt
1137 2793 1144 2813 :
1161 2792 1243 2813 nunc
1261 2785 1404 2814 eumdem
1424 2785 1484 2814 alia
1501 2785 1637 2822 quadam
1655 2786 1782 2822 ratione,
