2020 3140
74 141 115 168 101
815 130 892 158 PRIE

948 129 1006 157 [‘lO.

1715 129 1765 157 102

69 202 175 234 datum,
186 207 246 228 non
256 201 297 228 est
310 196 479 233 cujuslibet,
491 195 542 224 sed
551 195 625 230 ejus,
635 193 684 222 cui
692 194 759 228 post
766 192 885 227 factum
901 194 924 221 A
939 190 1050 226 quibus
1062 190 1159 219 Basilii
1171 190 1421 219 Constitutionum
1434 189 1546 218 mentio
1565 189 1607 223 ﬁt,
1627 189 1701 218 nihil
1716 190 1766 225 ju-

65 246 226 282 periculum
237 244 369 272 delatum
378 244 419 271 est
433 240 757 276 dispensandimu-nus.
775 239 886 264 Rursus

67 280 131 326 ireg.
148 291 223 319 iOO):
252 292 273 314 Ο
289 291 335 318 τὴν
349 285 490 323 μετάδοσιν
506 285 713 320 ἐπιτεταγμένος,
728 284 792 319 μετὰ
809 280 885 307 δοκι-

66 338 157 372 μασίας
171 332 248 361 τοῦτο
258 335 373 359 ποιείτω.
401 332 458 359 Cui
478 338 587 359 munus
601 327 800 357 distribuendi
825 326 886 361 fuit

66 381 255 415 assignatum,
271 380 303 405 in
318 379 455 406 examine
466 375 621 410 prmuisso
647 373 727 401 illud
750 372 884 406 impleat.

65 427 117 453 Nec
132 432 219 452 secus
241 423 384 458 scriptum
399 422 443 449 est
457 420 612 456 aliquanto
625 420 694 454 pOSt
713 418 786 453 (reg.
804 416 884 450 Ml):

67 470 190 506 Παρεχτὸς
214 471 260 494 τθῦ
279 467 482 501 πεπιστευμένου
504 467 550 494 τὴν
576 462 712 497 ἐπίσκεψιν
736 465 786 487 τῶν
807 459 886 496 ἐργα-

66 515 180 550 ζομένων,
198 513 213 542 ἡ
234 515 281 541 τὴν
291 512 440 547 οἰκονομίαν
455 514 504 536 τῶν
526 511 614 546 ἔργων,
632 508 669 541 ὃς,
690 509 746 534 etc.
770 506 814 533 ΕΟ
839 511 887 532 ex-

65 561 142 593 cepto
153 558 206 594 qui
219 556 366 592 operariis
377 554 539 584 invisendis
554 556 582 582 et
597 550 804 587 dispensandis
822 556 887 583 ope-

65 603 140 631 ribus
153 602 315 637 pra/“cetus
322 601 394 635 fuit,
408 599 553 635 quisquis,
565 600 619 625 etc.
633 596 745 624 Similia
756 595 822 622 loca
837 593 888 621 ad—

63 648 146 684 jicere
158 646 232 675 mihi
249 646 369 674 liceret:
400 644 453 672 sed
468 651 505 672 ea
523 642 656 670 indicare
671 640 742 668 satis
757 637 887 667 habebo.

64 692 148 719 Velim
163 691 255 725 igitur
269 690 408 724 legantur
421 687 534 723 regulae
558 688 617 726 148,
634 687 694 717 152,
713 685 761 712 187
778 685 806 711 et
824 684 887 709 288.

65 735 238 764 adnotanda
253 737 317 763 tam
337 733 432 762 multa
446 731 622 764 existimavi,
639 733 670 758 ut
695 728 792 763 magis
807 726 889 755 intel-

66 781 195 816 ligeretur
217 779 403 815 [tegularum
428 779 519 814 atque
547 775 800 805 Constitutionum
827 779 890 800 non

939 235 1003 263 vari
1017 235 1191 271 opinionem
1206 244 1320 268 eorum,
1338 235 1390 272 qui
1412 235 1642 263 Constitutioncs
1663 243 1767 263 mona-

940 277 1039 311 sticas,
1051 286 1129 314 quas
1146 280 1264 311 vocant,
1277 278 1381 305 Basilio
1395 277 1540 310 tribuunt,
1557 286 1636 311 cum,
1649 279 1681 305 ut
1695 277 1766 310 dixi,

940 322 1187 351 constitutionum
1202 330 1313 351 nomen
1327 330 1381 358 per
1393 330 1424 350 se
1439 330 1550 358 anceps
1566 322 1603 349 sit
1625 324 1653 349 et
1672 321 1768 350 ambi-

941 375 1043 402 guum.
1066 368 1171 395 Fateor
1195 367 1318 402 quidem
1336 366 1520 395 monasticas
1537 367 1769 395 Constitutiones

941 415 1008 448 apte
1025 414 1052 441 et
1071 413 1190 449 proprie
1206 412 1451 441 constitutionum
1466 412 1589 440 nomine
1603 411 1768 447 signiﬁcari

940 464 1043 493 posse;
1055 457 1107 485 sed
1114 457 1341 485 easnecessario
1350 456 1408 485 hoc
1417 456 1670 484 nomineindicari
1678 464 1767 491 nego,

941 510 1010 530 cum
1022 505 1050 530 et
1064 502 1146 538 ipsas
1160 501 1287 537 Regulus
1300 502 1340 530 ita
1359 509 1481 537 quoquc
1500 500 1652 537 appellare
1670 501 1766 529 liceat.

941 548 1015 575 Cum
1031 547 1108 575 enim
1121 547 1233 582 regulae
1249 546 1323 575 nihil
1338 546 1420 574 aliud
1435 546 1502 579 sint,
1519 553 1613 582 quam
1629 546 1771 574 constitu-

942 591 1036 620 tiones
1049 591 1190 627 qumdam
1204 591 1388 624 monasticae,
1401 591 1464 618 sine
1474 590 1568 618 dubio
1578 589 1651 626 ipsis
1660 589 1771 624 regulis

942 636 1188 664 constitutionum
1203 644 1315 664 nomen
1329 635 1396 663 dari
1416 634 1490 662 nihil
1510 636 1599 662 vetat.
1623 635 1720 666 Quare
1734 642 1771 662 ex

943 680 1091 715 ejusmodi
1116 680 1301 712 testimoniis,
1332 680 1363 707 in
1387 679 1498 716 quibus
1521 681 1635 706 veteres
1658 678 1774 714 aliquot

943 724 1102 760 scriptores
1114 724 1210 752 Basilii
1221 723 1472 751 Constitutionum
1484 723 1695 756 meminerunt,
1710 722 1772 750 etii-

944 769 1019 797 citur
1035 769 1143 801 solum,
1158 768 1297 796 Basilium
1309 768 1422 804 scripta.
1436 767 1548 803 aliqua,
1572 775 1640 804 quae
1665 767 1704 795 ad
1725 775 1773 795 res

66 834 152 854 unum
168 827 197 853 et
215 824 360 853 eumdem
383 825 538 851 auctorem
557 829 634 856 esse,
663 827 730 847 cum
754 816 890 846 naturale
909 825 929 852 Β
944 813 1130 842 monasticas
1144 813 1334 849 pertinerent,
1352 812 1511 847 vulgasse:
1533 814 1562 839 at
1576 819 1613 839 ex
1631 811 1678 839 his
1699 811 1776 839 nihil

66 879 119 899 non
134 871 178 903 sit,
194 873 227 898 ut
244 877 325 897 unus
349 870 377 897 et
402 867 483 896 idem
510 866 637 903 scriptor
655 866 717 893 tum
732 863 848 892 diverse
863 862 892 889 et

67 915 165 944 sentiat
179 917 208 943 et
223 914 348 942 scribat.

66 990 125 1023 §Xl.
148 988 226 1016 Pars
242 989 343 1022 sexta,
355 985 407 1013 ubi
425 984 529 1013 multis
544 981 730 1018 argumentis
742 979 892 1015 probatur

162 1033 314 1062 Basiliam
335 1031 522 1067 Regularum
546 1030 698 1057 auctorem
715 1033 782 1054 esse.

98 1098 138 1125 39.
154 1096 290 1125 Vidimus
305 1102 367 1123 non
377 1101 473 1122 unam
484 1091 621 1121 omnium
635 1088 814 1118 sententiam
826 1095 892 1115 esse

66 1141 99 1169 de
113 1140 261 1169 Asceticis.
278 1137 476 1167 Combeﬁsius
487 1135 630 1165 Basilium
640 1133 893 1162 Constitutionum

67 1185 299 1214 monasticarum
314 1185 467 1212 auctorem
482 1181 571 1210 facit:
593 1179 646 1208 sed
657 1177 786 1213 Regulus
796 1176 892 1213 ipsius

66 1239 123 1259 esse
136 1233 235 1265 negat.
252 1227 470 1261 Tillemontius,
483 1225 630 1262 Dupinus,
646 1222 755 1252 Natalis
765 1222 893 1250 Alexan-

67 1276 114 1304 der
127 1278 154 1303 et
166 1275 215 1303 alii
230 1275 294 1303 fere
309 1280 416 1302 omnes
430 1274 463 1300 ut
478 1270 618 1306 Regulas,
638 1269 680 1297 ita
693 1269 722 1296 et
744 1266 894 1296 Constitu-

68 1320 154 1348 tiones
164 1318 351 1348 monasticas
366 1316 476 1345 Basilio
485 1315 630 1344 tribuunt.
646 1315 680 1342 Ut
689 1315 722 1341 ut
731 1312 796 1340 haec
810 1313 891 1344 sunt,

67 1365 188 1394 dubitari
202 1364 313 1393 merito
328 1371 390 1391 non
405 1363 506 1399 potest
519 1361 594 1397 quin
609 1358 737 1386 Basilius
752 1356 892 1385 volumen

68 1410 182 1446 aliquod
195 1410 234 1438 de
249 1409 346 1437 rebus
360 1406 535 1436 monasticis
551 1403 720 1433 confecerit.
745 1404 821 1430 Nam
845 1409 892 1434 ea,

944 858 1075 895 amplius
1095 857 1195 892 colligi
1218 859 1325 894 potest.
1346 857 1420 884 Cum
1445 864 1516 891 ergo
1539 856 1580 884 ita
1603 864 1650 884 res
1671 856 1708 884 sit
1723 856 1772 891 (c),

943 910 1026 931 nunc
1040 902 1205 931 videndum
1219 910 1287 938 quae
1303 903 1361 929 sint
1373 901 1481 937 scripta
1491 900 1543 928 illa
1554 900 1692 933 ascetiea,
1705 908 1773 936 quae

945 947 1151 984 composuisse
1175 946 1319 974 Basilium
1340 948 1383 974 tot
1404 947 1496 974 testes
1519 947 1548 973 et
1573 943 1774 980 antiquissimi

945 993 1144 1021 tradiderunt.
1162 993 1223 1027 Ego
1238 993 1339 1020 autem
1352 999 1422 1019 cum
1437 990 1575 1027 superius
1590 989 1716 1017 dixerim
1731 989 1774 1024 (d)

945 1037 1073 1072 Regulus
1088 1037 1178 1065 simul
1196 1039 1224 1064 et
1239 1036 1471 1065 Constitutiones
1487 1034 1670 1063 monasticas
1681 1034 1733 1062 uni
1748 1035 1777 1062 et

946 1081 1043 1110 eidem
1059 1082 1195 1118 scriptori
1209 1081 1319 1109 ascribi
1333 1089 1395 1109 non
1415 1080 1535 1113 debere,
1561 1087 1618 1114 ego
1632 1079 1721 1114 igitur
1744 1080 1777 1106 ut

945 1126 1153 1155 liberalissime
1168 1134 1238 1154 cum
1253 1125 1359 1153 Basilio
1373 1133 1473 1160 agam,
1497 1123 1572 1152 nihil
1587 1123 1718 1159 amplius
1734 1123 1776 1151 fa-

947 1179 1013 1199 cere
1028 1179 1116 1208 queo,
1133 1179 1226 1207 quam
1244 1173 1276 1198 ut
1290 1170 1399 1198 horum
1419 1177 1546 1205 operum
1560 1168 1736 1196 alterutrum
1749 1167 1776 1195 ci

946 1217 1086 1244 tribuam.
1104 1218 1215 1244 Rursus
1231 1223 1300 1243 cum
1314 1222 1385 1242 mox
1401 1213 1574 1242 atlirmarim
1596 1212 1678 1241 nulla
1698 1214 1776 1241 vete-

946 1270 1015 1289 rum
1030 1261 1209 1297 scriptorum
1224 1259 1396 1288 testimonia
1410 1258 1537 1295 proferri
1551 1265 1650 1294 posse,
1666 1265 1701 1285 ex
1712 1257 1776 1293 qui-

947 1308 1004 1335 bus
1017 1309 1098 1334 certo
1113 1307 1230 1334 constet
1245 1304 1475 1333 Censtitutiones
1497 1303 1683 1331 monasticas
1704 1302 1777 1330 olim

947 1351 1056 1379 Basilio
1070 1350 1197 1378 tributas
1212 1349 1312 1382 fuiSse,
1330 1349 1378 1376 vix
1392 1347 1534 1376 ferendus
1556 1354 1665 1380 essem,
1683 1346 1707 1373 si
1723 1353 1776 1374 eas

948 1403 1068 1424 summo
1087 1395 1129 1423 illi
1150 1395 1212 1423 viro
1233 1393 1451 1429 adjudicarem.
1481 1393 1578 1425 Quare
1600 1390 1729 1427 Regulus
1751 1391 1778 1418 ci

69 1436 157 1446 __1_c
167 1436 182 1438 _
199 1436 231 1438 η
249 1436 262 1437 γ

67 1463 127 1492 quis
136 1455 294 1483 retulimus
306 1454 497 1489 (a),veterum
505 1448 677 1479 testimonia
687 1450 787 1484 aperte
796 1449 894 1474 osten-
912 1452 932 1480 ρ
948 1440 1142 1469 ἂεοῖἱὸειλάἃε
1155 1447 1219 1467 esse
1235 1437 1337 1466 08115111
1349 1446 1355 1465 ε
1372 1445 1407 1465 οο
1418 1436 1526 1471 magis!
1539 1436 1622 1472 ίΙιιοά
1637 1438 1665 1464 εἴ
1678 1437 1779 1463 διιοῑο-

785 1491 790 1492 γ
964 1485 980 1492 ί.
1065 1487 1070 1492 ι
1124 1485 1140 1492 .v
1208 1486 1213 1492 ι
1234 1484 1238 1488 ¹
1304 1491 1327 1492 W,
1357 1491 1361 1492 ν
1376 1482 1420 1492 ΑηΞΙ
1439 1481 1502 1492 μέλε
1532 1489 1623 1492 ..--..-
1648 1480 1684 1492 ΣΙ..-
1713 1488 1764 1492 ρ...-

67 1499 135 1528 dunt
145 1499 288 1528 Basilium
297 1506 361 1527 non
371 1498 459 1526 breve
469 1495 638 1532 quoddam,
648 1493 703 1521 sed
711 1491 847 1528 amplum
858 1499 893 1519 ac

67 1544 244 1581 praecipuum
262 1551 342 1580 opus
356 1542 394 1571 de
416 1540 637 1570 monachorum
658 1536 801 1565 institutis
821 1543 892 1563 con-

67 1580 223 1626 scripsisse.
240 1590 342 1622 Quare
365 1588 417 1615 aut
430 1585 560 1621 regulas,
578 1586 629 1612 aut
648 1585 725 1611 certe
747 1580 893 1609 monasti-

67 1641 113 1662 cas
131 1633 363 1663 Constitutiones
383 1631 409 1660 ei
429 1629 599 1666 adiudicari
613 1635 735 1656 necesse
759 1627 813 1654 est.
839 1626 893 1653 No-

67 1679 183 1708 tandum
198 1682 245 1708 est
263 1680 376 1711 autem,
392 1676 511 1705 nullum
523 1675 670 1703 hactenus
679 1674 814 1700 veterum
825 1669 894 1698 seri-

67 1726 179 1761 ptorum
193 1723 404 1753 testimonium
415 1721 540 1750 allatum
555 1727 621 1748 esse
631 1725 730 1754 neque
743 1725 761 1745 a
770 1715 894 1761 Combe-

67 1760 138 1803 ﬁsio,
151 1776 249 1806 neque
267 1776 285 1797 θ.
299 1767 407 1804 quovis
422 1766 492 1799 alio,
508 1772 570 1801 quo
585 1764 735 1792 constaret
758 1761 830 1789 olim
855 1760 894 1788 ab

70 1813 162 1850 aliquo
172 1814 320 1850 scriptore
333 1812 456 1848 antiquo
467 1808 700 1838 Constitutiones
712 1806 895 1834 monasticas

71 1859 169 1888 Basilio
183 1858 334 1895 ascriptus
349 1857 453 1885 fuisse.
465 1857 498 1883 Et
519 1856 607 1888 certe,
628 1855 661 1881 ut
678 1851 753 1880 mihi
770 1850 895 1887 quidem

70 1903 188 1939 videtur,
210 1902 366 1940 ejusmodi
382 1900 555 1930 testimonia
576 1900 656 1927 certa
679 1899 708 1925 et
726 1895 896 1924 indubitata

70 1949 193 1984 proferre
209 1939 389 1986 promptum
403 1953 466 1974 non
484 1947 558 1979 erat,
575 1951 646 1971 cum
661 1942 686 1970 si
700 1949 762 1978 qua
774 1948 838 1969 esse
851 1939 896 1968 vi-

70 1997 200 2032 deantur,
215 2005 253 2026 ea
266 1998 300 2025 in
315 1995 496 2025 contrariam
512 1992 695 2022 sententiam
708 1988 898 2026 interpretari

68 2042 157 2071 liceat.
169 2045 243 2072 Nam
254 2041 340 2079 quod
352 2041 518 2069 litterarum
529 2036 736 2066 monumentis
744 2034 899 2071 proditum

69 2090 117 2123 est,
133 2088 288 2124 piissimos
307 2086 398 2120 viros,
420 2083 633 2117 Theodosium,
652 2080 847 2110 Philibertum
864 2080 900 2124 et.

70 2123 220 2160 Platonem
229 2129 467 2159 Consﬁtutiones
480 2127 578 2156 Basilii
588 2125 722 2155 studiose
733 2124 843 2160 legisse
850 2123 898 2158 (b),

71 2184 103 2204 ex
116 2184 150 2205 eo
163 2176 237 2204 nihil
252 2177 371 2203 certum
385 2172 526 2201 concludi
549 2172 657 2208 potest.
679 2171 713 2198 Et
731 2176 802 2197 vero
824 2167 900 2196 Con-

72 2222 252 2250 stitutionum
266 2227 391 2255 nomen,
404 2222 438 2246 ut
449 2217 509 2246 alia
526 2217 681 2253 pleraque,
702 2214 744 2243 ita
757 2216 787 2242 et
800 2213 900 2249 ipsum

73 2273 187 2302 quoque
197 2265 382 2300 ambiguum
397 2265 458 2297 est;
478 2270 534 2290 nec
545 2269 598 2298 per
609 2268 640 2288 se
650 2259 750 2296 potius
761 2266 813 2286 eas
825 2259 902 2286 Con-

74 2301 234 2338 stitutiones
250 2308 444 2342 monasticas,
467 2314 535 2342 qua:
554 2305 585 2333 in
601 2303 701 2332 Basilii
720 2301 902 2331 editionibus

75 2354 274 2387 inveniuntur,
298 2352 455 2388 signiﬁcat,
486 2357 578 2387 quam
604 2348 741 2384 ejusdem
761 2346 901 2382 Regulae.

77 2399 177 2427 Omnia
195 2399 279 2427 enim
292 2397 418 2426 nomina
430 2397 504 2429 haec,
518 2395 604 2428 liber,
620 2394 771 2426 instituta,
785 2392 902 2427 regula,

78 2445 307 2476 constitutiones,
325 2444 353 2470 et
368 2441 503 2477 ejusdem
517 2438 635 2474 generis
647 2438 715 2470 alia,
726 2437 838 2473 quibus
849 2443 904 2464 an-

78 2488 144 2525 tiqui
157 2489 320 2524 scriptores
335 2486 374 2515 ad
390 2485 523 2514 Ascetica
536 2483 635 2512 Basilii
646 2480 848 2517 signiﬁcanda
857 2480 905 2509 usi

79 2536 151 2567 sunt,
171 2542 207 2561 ex
229 2541 261 2561 se
286 2531 411 2560 omnino
433 2530 514 2558 idem
533 2528 643 2561 valent,
664 2526 799 2562 nihilque
822 2525 905 2554 aliud

78 2580 179 2606 natura
190 2586 248 2606 sua
264 2576 443 2612 signiﬁcant,
456 2582 550 2610 quam
564 2572 707 2609 quaedam
718 2578 819 2607 opera,
836 2577 903 2606 quas

78 2622 111 2650 de
123 2623 213 2651 rebus
231 2621 406 2650 monasticis
421 2619 543 2648 Basilius
559 2617 661 2646 edidit.
674 2618 740 2644 Haec
752 2617 854 2643 autem
868 2622 903 2642 eo

76 2668 181 2701 notavi,
196 2672 230 2696 ut
241 2666 430 2695 ostenderem
454 2672 491 2692 ex
505 2661 656 2699 ejusmodi
671 2660 859 2694 testimoniis,
873 2660 904 2688 in

128 2732 169 2766 (a)
188 2730 267 2765 Lege
287 2736 320 2757 n.
344 2731 388 2756 27.

128 2767 167 2802 (b)
188 2767 266 2801 Lege
285 2773 318 2793 n.
342 2767 388 2792 27.

130 2803 168 2838 (c)
189 2803 268 2837 Lege
286 2808 319 2828 n.
343 2802 391 2829 27.

947 1485 1028 1519 ritas,
1045 1487 1074 1513 et
1087 1485 1171 1518 ratio,
1188 1486 1217 1512 et
1231 1484 1333 1520 ipsum
1354 1481 1505 1510 scribendi
1530 1489 1624 1516 genus
1647 1480 1689 1509 ita
1712 1488 1779 1508 sua-

948 1531 1047 1559 deant.
1063 1531 1096 1558 Et
1106 1528 1234 1565 quidem
1249 1527 1460 1564 composuisse
1474 1526 1615 1554 Basilium
1632 1527 1683 1553 aut
1692 1527 1779 1552 Asce-

948 1575 1040 1603 ticum
1062 1574 1244 1610 simpliciter,
1265 1575 1317 1601 aut
1338 1571 1459 1600 Librum
1476 1571 1647 1603 asceticum,
1660 1572 1711 1598 aut
1727 1571 1779 1597 Re-

948 1619 1062 1655 gulam,
1070 1621 1122 1647 aut
1128 1617 1371 1650 Constitutiones,
1379 1619 1430 1644 aut
1437 1615 1604 1652 quidquam
1611 1614 1717 1647 simile,
1725 1616 1780 1642 tes-

947 1667 992 1693 tes
999 1666 1070 1692 sunt
1077 1664 1286 1699 Hieronymus,
1295 1660 1412 1695 Suidas,
1423 1660 1581 1695 Gregorius
1587 1658 1779 1692 Turonensis,

949 1709 1136 1740 Benedictus,
1146 1707 1342 1740 Theodosius,
1356 1706 1451 1739 Plato,
1466 1704 1655 1738 Philibertus,
1666 1705 1781 1738 Eugen-

949 1754 1006 1783 dus
1021 1756 1050 1782 et
1065 1753 1222 1789 Gregorius
1238 1752 1442 1780 Nazianzenus
1457 1751 1504 1786 (ρ).
1519 1749 1666 1783 Quoniam
1680 1751 1781 1777 autem

948 1800 1074 1827 nomina
1082 1799 1159 1831 bsec,
1171 1797 1282 1834 quibus
1291 1796 1323 1824 hi
1333 1795 1493 1832 scriptores
1507 1794 1554 1822 usi
1566 1796 1636 1822 sunt
1647 1793 1687 1821 ad
1701 1801 1783 1821 asce-

949 1844 1022 1873 ticas
1037 1843 1136 1872 Basilii
1145 1841 1370 1871 lucubrationes
1380 1839 1571 1872 indicandas,
1583 1847 1620 1866 ex
1636 1846 1666 1866 se
1681 1838 1781 1866 ambi—

950 1898 1011 1926 gua
1021 1890 1099 1923 sunt,
1111 1895 1166 1916 nec
1177 1895 1231 1924 per
1242 1894 1273 1914 se
1282 1885 1402 1921 regulas
1413 1884 1523 1920 magis,
1536 1891 1630 1920 quam
1640 1882 1782 1910 constitu-

950 1934 1047 1963 tiones
1060 1932 1245 1961 monasticas
1256 1930 1437 1966 signiﬁcant,
1450 1929 1528 1956 bene
1539 1936 1574 1956 ac
1584 1927 1707 1955 feliciter
1717 1935 1783 1963 pro-

951 1979 1050 2008 visum
1061 1981 1115 2012 est,
1127 1979 1160 2006 ut
1169 1985 1205 2005 ca
1215 1976 1254 2004 ab
1264 1976 1330 2004 aliis
1341 1974 1514 2003 auctoribus
1527 1975 1556 2001 et
1567 1971 1784 2008 antiquissimis

953 2025 981 2052 et
1000 2021 1245 2060 locupletissimis
1262 2020 1351 2057 plane
1373 2021 1402 2048 et
1425 2020 1527 2055 aperte
1553 2017 1781 2054 explicarentur.

916 2078 939 2105 ι)
953 2070 1068 2097 Prseeat
1082 2066 1285 2096 testimonium
1303 2064 1405 2092 Ruﬁni
1419 2063 1472 2100 qui
1486 2063 1518 2091 in
1531 2071 1586 2091 sua
1609 2061 1784 2090 Praefatione

954 2113 986 2142 in
998 2112 1143 2149 Regulam
1157 2111 1253 2139 sancti
1266 2109 1364 2137 Basilii
1380 2108 1419 2136 ad
1434 2108 1568 2136 Urseium
1581 2106 1724 2135 abbatem
1742 2105 1785 2133 sic

955 2158 1088 2194 loquitur
1100 2156 1153 2193 (l’):
1168 2156 1216 2183 Ad
1227 2155 1288 2183 haec
1299 2161 1363 2189 ego,
1374 2161 1412 2181 ne
1422 2152 1495 2188 quid
1505 2152 1561 2180 tibi
1569 2152 1666 2180 minus
1683 2151 1783 2185 digne,

956 2211 1016 2231 non
1032 2202 1098 2230 dico
1109 2208 1198 2237 quam
1209 2199 1337 2235 geritur,
1354 2197 1405 2226 sed
1419 2205 1510 2233 quam
1530 2196 1598 2232 geri
1616 2195 1712 2229 debet,
1734 2201 1785 2222 ex-

954 2255 1105 2284 ponerem,
1117 2246 1146 2274 S.
1162 2245 1272 2274 Basilii
1292 2243 1491 2278 Cappadocia:
1502 2241 1641 2277 episcopi,
1657 2241 1716 2268 viri
1726 2239 1786 2274 ﬁde

958 2297 985 2323 et
1000 2293 1138 2329 operibus
1152 2294 1180 2320 et
1199 2290 1282 2318 omni
1289 2289 1448 2318 sanctitate
1457 2289 1530 2316 satis
1542 2287 1629 2320 clari,
1642 2286 1786 2314 Instituta

957 2339 1184 2369 monachorum,
1206 2343 1273 2371 qua:
1294 2332 1551 2369 interrogantibus
1574 2339 1606 2360 se
1632 2330 1787 2360 monachis

958 2385 1039 2414 velut
1054 2382 1153 2412 sancti
1165 2380 1323 2416 cujusdam
1333 2379 1415 2414 juris
1430 2384 1574 2412 responsa
1589 2376 1705 2411 statuit,
1715 2382 1786 2410 pro-

960 2430 1026 2458 tuli.
1043 2430 1118 2463 Ergo
1132 2427 1169 2454 de
1185 2424 1280 2454 Ruﬁni
1295 2423 1443 2452 sententia
1462 2423 1606 2450 Instituta
1628 2420 1788 2449 monacho—

959 2481 1027 2502 rum
1042 2471 1116 2501 nihil
1132 2470 1213 2500 aliud
1229 2471 1307 2503 sunt,
1319 2476 1412 2505 quam
1422 2474 1571 2504 responsa
1581 2466 1641 2498 illa,
1655 2473 1722 2502 quae
1734 2465 1788 2493 Ba~

960 2519 1044 2548 silius
1049 2517 1131 2546 dedit
1136 2515 1304 2548 monachis,
1314 2514 1366 2550 qui
1374 2513 1474 2550 ipsum
1487 2512 1717 2546 interrogarent:
1729 2510 1787 2538 hoc

959 2566 1013 2599 est,
1030 2563 1103 2600 ipsae
1119 2563 1188 2589 sunt
1203 2559 1332 2594 Regulae,
1357 2558 1389 2586 in
1407 2557 1520 2595 quibus
1536 2555 1662 2584 Basilius
1678 2555 1789 2583 multas

959 2620 995 2641 ac
1009 2610 1107 2639 varias
1120 2606 1341 2636 monachorum
1360 2604 1539 2640 qumstiones
1556 2601 1642 2630 docte
1659 2609 1695 2630 ac
1710 2601 1788 2628 dilu-

960 2656 1026 2686 cide
1040 2654 1138 2683 solvit.
1153 2654 1240 2687 Ergo,
1258 2650 1365 2679 eodem
1386 2650 1470 2682 teste,
1491 2647 1673 2684 Regulurum
1692 2645 1789 2681 legiti-

1018 2719 1059 2756 (d)
1078 2719 1156 2756 Lege
1175 2723 1206 2743 ιι.
1220 2714 1261 2756 _3_-’i
1281 2714 1309 2742 et
1328 2720 1391 2749 seq.

1027 2753 1055 2785 el.
1074 2755 1149 2789 Lege
1169 2759 1199 2789 n.-

1027 2758 1051 2785 ε)
1074 2757 1149 2789 Lege
1169 2759 1199 2779 n.
1220 2757 1265 2778 zz.

1016 2757 1054 2828 if)
1074 2791 1150 2825 Lege
1171 2786 1308 2816 Codicem
1327 2784 1446 2820 ReguL,
1466 2791 1498 2813 n.
1514 2783 1558 2812 97.
