2020 3140
206 115 256 143 103

958 114 1149 142 PREFATIO.

1851 112 1906 140 104

206 186 274 206 mus
290 185 400 214 parens
414 177 541 205 Basilius
558 178 610 204 est.
629 176 683 205 Ubi
697 176 794 205 obiter
809 175 988 209 notandum,
1000 184 1035 203 ex
1051 178 1075 203 A
1091 175 1212 203 nemine
1227 176 1253 203 ei
1268 177 1348 204 certo
1363 175 1545 203 tribuantur.
1569 175 1677 208 Quare,
1694 174 1718 201 si
1733 173 1918 202 auctoritatis

205 222 252 250 his
267 222 379 258 optime
395 221 519 257 intelligi
534 229 640 249 verum
658 229 722 249 esse
738 220 822 257 quod
839 220 911 254 dixi,
936 220 1038 248 videli-

205 266 393 301 cet,nomina
407 266 916 300 hmc,constituliones,instituta,et
927 264 1037 292 horum

205 310 313 339 similia
325 311 442 338 diverse
457 310 600 346 explicari
612 318 712 346 posse,
722 312 750 338 et
763 310 838 337 talia
850 317 927 344 esse,
939 312 971 336 ut
982 315 1038 336 sua

205 358 313 384 natura
325 363 384 383 non
394 355 493 391 potius
503 355 729 383 constitutiones
737 354 935 388 monasticas,
943 361 1036 390 quam

205 400 325 435 regulas
340 399 521 435 signiﬁcent.
538 401 571 426 Et
593 407 664 427 vero
684 399 741 426 nisi
757 398 883 426 Ruﬁnus
906 398 970 434 ipse
984 397 1037 425 do-

205 445 315 472 cuisset
334 444 406 480 quid
423 443 618 471 intellexisset
640 451 693 479 per
714 444 855 471 instituta
879 442 1039 470 monacho-

205 497 284 522 rum,
296 489 569 518 Constitutionesne
585 496 624 516 an
648 488 768 522 Regulae
781 488 839 516 hoc
855 487 978 515 nomine
998 487 1037 514 si-

206 534 430 570 gnificarentur,
443 533 666 567 ignoraremus:
682 533 735 560 sed
747 540 816 560 cum
828 532 894 560 haec
909 531 1036 566 addidit,

206 586 271 614 qua.v
282 578 540 612 interrogantibus
555 585 586 605 se
598 578 756 606 monachis
768 578 849 605 velut
869 577 968 605 sancti
985 584 1036 604 cu-

200 624 407 658 jusdamjuris
416 631 558 657 responsa
565 624 671 651 statuit
678 622 1036 657 ,protuli,dubitationem

205 676 331 704 prorsus
344 667 462 695 exemit.
484 669 542 695 Nec
563 667 648 695 aliter
661 670 712 695 aut
728 667 830 700 sensit,
851 670 903 694 aut
921 666 1039 703 scripsit

207 715 378 748 Cassianus,
394 713 479 747 cujus
492 713 584 740 verba
594 712 726 740 hocloco
738 720 843 740 rursus
856 712 965 740 referre
974 719 1038 739 non

206 758 330 794 pigebit.
346 759 420 786 Sunt
434 759 536 786 autem
551 757 703 793 ejusmodi
731 758 789 792 (a):
815 757 884 785 Huc
911 756 1037 791 accedit,

208 803 287 839 quod
297 810 387 837 super
403 803 459 830 hac
471 809 503 830 re
517 803 576 830 viri
591 805 618 830 et
642 804 703 830 vita
719 803 842 835 nobiles,
861 805 887 830 et
903 809 1038 830 sermone

207 848 391 883 scientiaque
403 848 559 881 pra’clari,
575 847 743 882 multaiam
755 847 902 881 opuscula
913 847 1038 874 desuda-

207 895 289 925 rant,
307 892 337 919 S.
355 892 503 920 Basiliam
523 894 550 919 et
571 892 788 926 Hieronymum
805 891 880 926 dico,
903 892 1037 927 aliosque

207 937 380 969 nonnullos,
389 944 515 970 quorum
522 935 883 963 anteriorsciscitantibus
888 935 1039 971 fratribus

208 987 298 1015 super
307 981 429 1008 diversis
441 981 586 1008 institutis
595 980 642 1007 vel
650 980 861 1016 quaestionibus
872 987 931 1007 non
943 980 1040 1007 solum

207 1025 354 1060 facundo,
375 1033 477 1053 verum
502 1025 591 1052 etiam
616 1024 791 1052 divinarum
810 1025 1040 1059 Scripturarum

209 1070 384 1098 testimoniis
395 1070 511 1104 copioso
522 1076 656 1097 sermone
666 1069 830 1104 respondit.
846 1069 961 1101 Quibus
978 1077 1041 1096 ver-

208 1114 255 1142 bis
271 1114 397 1149 Regulus
410 1114 535 1142 indicari
550 1122 641 1141 nemo
652 1121 714 1141 non
729 1114 820 1149 videt,
833 1122 902 1141 cum
918 1114 949 1141 in
965 1113 1040 1149 ipsis

208 1159 390 1195 quaestiones
398 1158 521 1186 fratrum
530 1161 620 1194 atque
631 1158 883 1193 interrogationes
893 1161 924 1186 ut
932 1158 1040 1186 facun-

209 1204 247 1232 de
256 1205 284 1231 et
293 1203 470 1239 copiose,ita
478 1205 678 1237 congruenter
689 1203 847 1238 Scripturae
859 1203 1040 1230 convenien-

207 1251 312 1284 terque
331 1247 507 1275 enodentur.
528 1249 587 1275 Hoc
607 1247 689 1274 idem
704 1247 829 1275 miriﬁce
850 1247 1041 1275 conﬁrmavit

208 1293 373 1329 imperator
386 1293 660 1327 Justinianus,cum
675 1292 856 1328 Regularum
868 1293 1039 1320 breviorum

209 1345 303 1365 unam
317 1337 503 1371 citavit(reg.
519 1338 594 1371 267).
611 1337 668 1364 hoc
679 1336 791 1364 modo:
805 1337 942 1363 Βασιλείαν
965 1336 1039 1363 ἐπισ-

209 1385 290 1408 κόπου
312 1383 470 1417 Καισαρείας
487 1379 688 1413 Καππαδοκίας,
709 1381 736 1406 ἑκ
747 1385 791 1407 τοῦ
811 1385 946 1407 κανονικοὺ
960 1381 1040 1407 αὐτοῦ

211 1426 324 1463 βιϐλίου·
339 1425 490 1461 Ἐρώτησις,
505 1425 535 1451 Εἰ
550 1426 613 1451 ὅπου
628 1427 673 1461 μὲν
688 1425 764 1462 λέγει,
781 1429 928 1463 Δαρὴσεται
942 1426 1005 1453 πολλ
1015 1428 1039 1455 ἓξ

210 1472 274 1497 ὅπου
288 1469 327 1504 δὲ,
343 1469 441 1505 Ὀλίγα,
458 1474 512 1500 πῶς
526 1470 633 1505 λέγουσί
648 1480 713 1501 τινες
729 1473 764 1506 μὴ
782 1469 845 1497 εἶναι
865 1471 935 1502 τέλος
950 1476 980 1500 τῆ
997 1479 1039 1496 κο-

209 1515 307 1545 λάσεως
320 1518 375 1545 τοῖς
389 1514 571 1550 κολαζομένοις
586 1524 592 1546 ;
614 1513 776 1552 Ἀπόκρισις.
796 1517 833 1541 Τὰ
848 1514 979 1552 ἀμφιϐολα
993 1518 1038 1541 καὶ

210 1559 450 1594 ἐπικεχαλυμμένως
462 1559 582 1594 εἰρῆσθαι
608 1557 735 1585 δοκοῦντα
757 1561 781 1585 ἓν
805 1570 861 1585 τισι
883 1563 974 1591 τόποις
992 1565 1040 1591 τῆς

211 1604 382 1629 θεοπνεύστου
398 1606 484 1639 Γραφή
492 1613 512 1636 ς,
529 1603 578 1629 ὑπὸ
599 1607 647 1628 τῶν
663 1603 743 1629 (AZ)va
759 1603 782 1629 ἐν
796 1604 882 1635 ἄλλοις
896 1604 1040 1640 ὁμολογου-

210 1650 290 1684 μένων
302 1648 480 1683 σαφηνίζεται,
489 1650 544 1675 etc.
554 1648 663 1676 Basilii
670 1649 801 1683 episcopi
811 1649 954 1677 Clesarez
964 1650 1041 1684 Cap-

206 1693 352 1728 padocia’,
370 1700 407 1720 ea:
421 1693 485 1728 ejus
501 1692 578 1720 libro
599 1694 797 1728 Regutarum.
822 1695 1034 1730 Interrogatio.

209 1737 243 1765 Si
252 1740 315 1765 tum
328 1737 411 1769 dicit,
427 1748 440 1761 «
460 1737 619 1772 Vapulabit
634 1739 736 1766 multis
747 1739 783 1772 3',
799 1742 872 1774 tum,
884 1740 1011 1774 paucis:
1024 1751 1037 1764 η

209 1790 267 1818 quo
284 1785 374 1816 pacto
389 1781 512 1817 quidam
528 1782 633 1810 dicunt
652 1783 772 1811 nullum
789 1784 878 1818 ﬁnem
898 1784 1042 1819 supplicii

207 1827 276 1862 fore
285 1827 320 1854 iis
330 1827 382 1862 qui
392 1834 481 1861 plena
493 1827 692 1862 afﬁciuntur?
705 1828 876 1862 Responsio.
890 1829 960 1862 Qua:
974 1837 1036 1857 am-

211 1872 302 1906 bigua
317 1874 397 1904 sunt,
411 1878 447 1899 ac
462 1871 604 1899 videntur
619 1871 741 1900 obscure
756 1880 814 1901 esse
825 1873 907 1901 dicta
921 1874 953 1901 in
972 1874 1038 1909 qui-

211 1916 336 1944 busdam
354 1916 424 1943 locis
438 1915 582 1943 divinitus
598 1915 754 1950 inspirata;
771 1917 949 1951 Scriptura,
965 1918 1040 1946 alibi

209 1960 247 1988 ab
260 1960 329 1988 aliis
344 1967 409 1995 quia
419 1960 555 1994 confessa
570 1962 597 1987 et
612 1963 719 1994 aperta
732 1964 813 1993 sunt,
827 1962 1036 1997 declarantur,

210 2006 266 2032 etc.
282 2003 465 2038 Regularum
487 2003 578 2038 igitur
591 2003 666 2032 liber
691 2005 853 2033 Justiniani
879 2009 964 2034 astate
987 2008 1038 2035 Ba-

210 2048 274 2076 silio
294 2047 493 2076 tribuebatur.
521 2049 603 2075 Hanc
629 2049 802 2084 opinionem
828 2058 845 2078 a
871 2051 1037 2086 majoribus

209 2095 366 2129 acceptam
382 2092 421 2120 ad
436 2094 573 2129 posteros
591 2094 757 2122 transmisit
778 2095 899 2123 Photius
914 2096 964 2132 (b),
991 2097 1038 2124 his

208 2137 309 2165 verbis
330 2145 336 2164 :

210 2181 332 2219 ἐρωτήσει
355 2185 399 2208 καὶ
423 2181 558 2218 ἀποκρίσει
586 2186 806 2220 προηγουμένους,
837 2185 966 2212 ἐκτίθεται
994 2189 1036 2212 τὸν

209 2227 319 2264 ἀριθμὸν
343 2230 498 2256 πεντήκοντα
522 2227 626 2262 [Triste].
662 2231 711 2254 Καὶ
742 2229 818 2255 πῶυ
844 2235 1037 2268 συντομώτερον

210 2272 311 2308 ἑτέρους
322 2271 417 2307 ’Ὅρους
429 2271 488 2306 τιν’.
504 2272 620 2300 Deinde
631 2273 719 2307 quasi
738 2274 878 2310 Regulas_
891 2277 1036 2311 quasdam

209 2317 362 2350 asceticas,
378 2316 594 2350 interrogando
607 2324 643 2344 ac
653 2318 859 2351 respondendo
869 2322 1037 2354 propositas

208 2360 341 2395 exponit,
355 2368 480 2388 numero
494 2361 722 2395 quinquaginta
737 2363 868 2398 quinque
884 2372 890 2391 :
914 2365 1037 2394 iterum-

210 2412 266 2440 que
288 2405 434 2432 breviores
461 2405 539 2432 alias
573 2407 722 2433 trecentas
750 2407 899 2436 tredecim.
928 2410 956 2437 Si
982 2410 1036 2445 igi-

208 2453 258 2478 tur
273 2457 377 2477 verum
392 2451 438 2477 est
452 2449 581 2484 Regulas
598 2449 688 2478 simul
698 2453 727 2478 et
742 2452 972 2482 Constitutiones
983 2455 1038 2484 Ba-

209 2495 275 2522 silio
291 2495 398 2529 Magno
423 2493 511 2521 tribui
537 2502 599 2521 non
622 2502 724 2530 posse.
750 2495 838 2532 longe
864 2498 970 2527 melius
994 2502 1039 2528 est

209 2542 299 2576 atque
315 2538 515 2576 prmstabilius
529 2546 684 2567 summum
698 2539 780 2569 hunc
798 2541 898 2570 virum
914 2545 1037 2579 Regula-

209 2592 276 2612 rum
290 2586 444 2611 auctorem
458 2583 564 2615 facere,
581 2591 673 2619 quam
688 2586 950 2622 Constitutionum,
967 2598 1036 2618 cum

208 2627 310 2663 ipsum
321 2627 448 2661 Regulus
457 2627 666 2663 composuisse
677 2628 826 2658 afﬁrment
834 2632 1036 2669 antiquissimi

209 2674 238 2700 et
253 2671 423 2707 gravissimi
445 2671 616 2707 scriptores,
640 2673 872 2703 Constitutiones
896 2680 997 2707 autem
1019 2690 1037 2710 ει

263 2735 285 2752 εί
308 2735 380 2762 Luc.
400 2741 446 2766 xtl,
463 2734 508 2767 47,
525 2735 569 2761 48.

263 2796 304 2834 (α)
324 2796 406 2824 Cass.
420 2795 480 2829 111.,
496 2794 528 2823 in
543 2795 625 2824 Praef.

376 2135 438 2163 Εἶτα
465 2138 518 2163 οἷον
542 2136 638 2175 Ὅρους
662 2139 734 2169 τινὰς
763 2138 932 2173 damn-400;,
956 2142 990 2172 ὡς
1013 2140 1037 2167 ἐν

1090 220 1232 248 habenda
1239 221 1315 248 ratio
1325 221 1371 254 sit,
1387 228 1457 256 quae
1471 219 1606 247 maxima
1618 220 1649 246 in
1659 219 1694 246 iis
1708 218 1799 246 rebus
1813 217 1919 246 haberi

1090 265 1190 298 debet,
1198 267 1315 301 oportet
1323 272 1385 292 non
1396 264 1637 297 Constitutiones,
1646 271 1778 300 quarum
1787 271 1826 290 ne
1836 270 1920 290 men-

1090 310 1130 337 tio
1143 310 1266 346 quidem
1282 309 1439 345 perspicue
1451 309 1531 337 facta.
1543 311 1588 336 est
1602 308 1685 344 apud
1698 308 1849 344 antiquos,
1866 306 1920 334 sed

1091 353 1218 388 Regulas
1235 353 1341 381 Basilio
1352 353 1452 388 tribui,
1466 355 1569 390 utpote
1581 360 1712 389 quarum
1723 352 1852 380 Basilius
1866 359 1919 379 au-

1091 401 1155 427 ctor
1168 399 1260 427 fuisse
1275 399 1347 427 olim
1363 408 1381 427 a
1393 399 1502 435 priscis
1526 398 1723 434 scriptoribus
1747 398 1846 425 dictus
1871 397 1918 430 sit,

1090 444 1142 480 qui
1156 444 1220 479 ejus
1236 447 1288 472 aut
1302 444 1446 480 mquales,
1463 445 1515 472 aut
1529 443 1589 471 fere
1604 442 1737 479 aequales
1753 442 1846 470 fuere.

1127 490 1170 516 40.
1186 489 1259 516 Cum
1273 488 1348 516 illud
1360 488 1449 524 quasi
1463 488 1646 525 principium
1660 489 1775 515 certum
1784 486 1920 522 posueri-

1091 541 1168 564 mus,
1186 533 1366 568 Regularum
1378 535 1468 569 atque
1477 532 1733 561 Constitutionum
1748 538 1811 559 non
1824 538 1918 558 unum

1091 580 1120 606 et
1133 578 1275 606 eumdem
1291 581 1444 606 auctorem
1456 586 1524 605 esse
1539 586 1546 612 ;
1561 584 1754 613 consequens
1766 577 1820 609 est,
1836 575 1862 603 si
1875 583 1920 603 ra-

1091 623 1200 651 tionem
1218 623 1304 659 sequi
1317 623 1468 658 volumus,
1484 625 1515 650 ut
1541 622 1680 650 Basilium
1696 626 1758 649 non
1774 620 1922 649 Constitu-

1092 668 1265 701 tiones,sed
1276 667 1404 702 Regulus
1418 667 1573 704 scripsisse
1588 666 1739 694 dicamus.
1759 665 1887 696 Etenim,
1897 664 1920 692 si

1091 713 1160 749 quis
1176 712 1359 740 monasticas
1374 712 1608 739 Constitutiones
1621 719 1693 738 cum
1707 709 1828 745 Regulis
1840 717 1922 737 com-

1091 757 1254 793 paraverit,
1272 757 1372 785 statim
1386 756 1605 784 animadrertet
1615 757 1732 784 tantum
1742 755 1798 782 has
1813 753 1854 782 ab
1864 753 1921 781 illis

1058 815 1078 841 Β
1092 802 1222 836 diﬂ‘erre,
1230 804 1379 838 quantum
1390 809 1468 837 opus
1477 801 1761 837 praestantissimum
1769 799 1808 827 ab
1819 807 1920 835 opere,

1093 847 1117 874 si
1129 854 1191 875 non
1208 847 1334 880 malo,at
1350 847 1427 874 inter
1442 846 1608 874 mediocria
1625 848 1727 873 tamen
1745 844 1852 872 ultimo
1866 843 1922 871 dif-

1093 892 1158 920 fert.
1180 893 1213 920 Et
1228 899 1296 919 vero
1312 891 1425 919 referta
1439 893 1509 919 sunt
1532 890 1651 926 Regula
1669 889 1829 926 praeceptis
1844 888 1923 916 salu-

1092 936 1231 964 berrimis
1246 938 1336 971 atque
1352 935 1526 968 utilissimis,
1542 935 1653 971 quibus
1677 942 1739 961 non
1754 933 1922 961 monacho-

1092 989 1160 1009 rum
1171 981 1274 1013 modo,
1289 980 1344 1008 sed
1358 980 1449 1008 etiam
1461 980 1699 1008 Christianorum
1709 979 1770 1007 vita
1784 980 1812 1006 et
1822 985 1922 1005 mores

1093 1026 1282 1054 sanctissime
1296 1025 1437 1061 componi
1450 1025 1576 1062 possint.
1589 1026 1621 1052 tn
1631 1025 1677 1052 his
1690 1023 1784 1052 multa
1796 1031 1832 1051 ac
1847 1022 1922 1050 difﬁ-

1094 1071 1161 1098 cilia
1181 1070 1342 1106 Scriptura:
1357 1070 1424 1098 loca
1444 1070 1619 1098 doctissime
1643 1076 1678 1097 ac
1702 1067 1923 1096 dilucidissime

1094 1116 1304 1152 explanantur.
1320 1115 1427 1143 Videas
1439 1115 1594 1143 hominem
1606 1114 1645 1142 ad
1657 1113 1790 1142 inﬁnitas
1802 1120 1924 1147 graves-

1094 1161 1366 1196 quecujuscunque
1372 1157 1842 1196 generisquaastionessolvendas
1848 1164 1924 1184 sem-

1093 1213 1148 1241 per
1159 1208 1310 1241 paratum,
1323 1208 1351 1232 et
1359 1205 1398 1233 ita
1411 1207 1480 1240 apte
1492 1204 1532 1232 ad
1543 1203 1663 1238 singula
1673 1202 1922 1238 respondentem,

1094 1249 1318 1277 utnihilmelius
1325 1252 1377 1277 aut
1385 1249 1613 1277 convenientius
1623 1247 1721 1276 aﬂerri
1728 1246 1833 1283 possit.
1841 1247 1924 1274 Gerte

1095 1301 1172 1330 opus
1186 1297 1249 1322 tam
1272 1294 1448 1322 absolutum
1462 1301 1523 1322 non
1538 1294 1568 1321 in
1583 1292 1749 1329 quemlibet
1772 1290 1923 1325 convenit,

1095 1339 1147 1366 sed
1162 1339 1191 1367 in
1205 1340 1313 1373 virum,
1329 1339 1382 1375 qui
1396 1342 1428 1367 ut
1440 1339 1501 1367 acri
1514 1338 1641 1374 judicio,
1669 1337 1710 1365 ita
1732 1336 1816 1364 omni
1831 1334 1924 1364 eccle-

1095 1384 1221 1412 siasticae
1234 1384 1364 1412 scientiae
1374 1383 1557 1420 supellectile
1567 1383 1730 1410 instructus
1741 1384 1828 1409 esset.
1841 1381 1925 1416 Ejus-

1096 1429 1180 1456 modi
1191 1429 1283 1463 igitur
1297 1436 1375 1465 opus
1397 1429 1496 1465 potius
1521 1427 1611 1457 tribui
1633 1426 1722 1455 debet
1747 1426 1924 1454 doctissimo

1096 1474 1335 1510 gravissimoque
1344 1474 1481 1510 scriptori
1493 1473 1609 1504 Basilio,
1625 1480 1725 1508 quam.
1734 1470 1925 1499 Constitutio-

1095 1527 1169 1547 num
1183 1519 1268 1553 liber,
1280 1519 1310 1547 in
1321 1526 1383 1554 quo
1396 1518 1470 1546 nihil
1480 1518 1521 1546 ita
1532 1525 1689 1553 magnum,
1705 1516 1780 1545 nihil
1789 1516 1830 1544 ita
1842 1514 1922 1548 utile,

1095 1564 1168 1592 nihil
1183 1564 1223 1592 ita
1236 1564 1380 1591 eximium
1396 1563 1576 1591 continetur.
1591 1564 1679 1596 Nam,
1694 1564 1728 1589 ut
1741 1561 1836 1595 aiunt,
1861 1568 1924 1588 ma-

1095 1616 1189 1644 gnum
1205 1616 1318 1644 magna
1328 1609 1445 1643 decent,
1457 1615 1588 1644 parvum
1598 1614 1703 1643 parva.
1718 1605 1923 1639 Quamobrem

1095 1661 1157 1682 non
1171 1656 1341 1681 erraturum
1355 1656 1441 1689 puto,
1456 1653 1509 1689 qui
1523 1652 1653 1688 Regulas
1668 1653 1814 1687 tanquam
1829 1657 1923 1686 praes-

1095 1698 1281 1726 tantissimas
1299 1698 1546 1735 praestantissimo
1561 1696 1700 1733 scriptori
1714 1695 1832 1728 Basilio,
1848 1696 1924 1723 Con-

1095 1743 1263 1771 stitutiones
1280 1751 1351 1771 vero
1373 1743 1558 1771 monasticas
1586 1745 1733 1778 tanquam
1753 1739 1925 1768 mediocres

1094 1788 1239 1816 mediocri
1254 1788 1347 1816 cuivis
1359 1788 1473 1816 auctori
1488 1787 1608 1815 tribuet.
1631 1789 1672 1815 Ac
1683 1794 1721 1814 ne
1735 1785 1804 1822 quis
1819 1784 1923 1813 existi-

1093 1835 1155 1860 met
1165 1832 1293 1868 Regulus
1310 1833 1386 1860 falso
1396 1832 1456 1860 dici
1468 1832 1603 1867 eximias,
1624 1839 1681 1859 nec
1693 1831 1793 1859 verius
1812 1837 1922 1857 mona-

1093 1877 1185 1905 sticas
1210 1878 1444 1906 Constitutiones
1466 1877 1526 1905 dici
1550 1876 1727 1910 mediocres,
1747 1874 1923 1903 meminisse

1093 1931 1193 1959 operae
1205 1923 1335 1959 pretium
1345 1924 1399 1956 est,
1413 1922 1596 1950 monasticas
1609 1920 1843 1950 Constitutiones
1853 1927 1924 1946 nus-

1092 1975 1186 2004 quam
1202 1967 1285 2003 apud
1298 1967 1439 2003 antiquos
1454 1968 1535 1995 certo
1550 1968 1579 1994 et
1600 1965 1806 1994 indubitanter
1826 1963 1923 1992 citari.

1095 2013 1171 2040 Sane
1186 2012 1310 2039 Ruﬁnus
1324 2014 1352 2039 et
1365 2011 1537 2045 Cassianus,
1553 2011 1604 2046 qui
1618 2010 1746 2045 [tegulas
1762 2010 1923 2046 perspicue

1092 2056 1266 2089 laudarunt,
1278 2064 1402 2092 prorsus
1416 2058 1517 2084 tamen
1542 2055 1579 2083 de
1600 2053 1870 2083 Constitutionibus
1884 2053 1923 2080 si-

1091 2100 1186 2129 luere.
1199 2103 1232 2129 Et
1244 2101 1328 2137 quod
1340 2100 1438 2136 magis
1450 2099 1609 2133 mirabere,
1625 2100 1756 2133 Photius,
1770 2098 1823 2135 qui
1835 2100 1924 2126 caete-

1092 2147 1203 2182 roquin
1216 2149 1277 2174 tam
1288 2146 1410 2181 copiose
1420 2146 1457 2173 de
1470 2145 1609 2173 Asceticis
1621 2144 1741 2172 locutus
1753 2146 1807 2177 est,
1819 2146 1924 2171 tamen

1092 2199 1131 2219 ne
1145 2199 1241 2219 unum
1253 2191 1379 2227 quidem
1389 2190 1514 2218 verbum
1525 2190 1562 2217 de
1577 2189 1830 2217 Constitutionum
1845 2187 1923 2216 libro

1094 2235 1221 2270 addidit,
1237 2235 1279 2264 sic
1294 2238 1327 2263 ut
1339 2235 1370 2263 id
1382 2243 1460 2271 opus
1481 2236 1534 2262 aut
1547 2241 1609 2262 non
1623 2234 1756 2266 novisse,
1772 2236 1823 2261 aut
1838 2232 1923 2260 nullo

1093 2280 1159 2309 loco
1184 2281 1326 2309 habuisse
1352 2280 1500 2308 videatur.
1524 2281 1626 2315 Neque
1642 2287 1713 2306 vero
1738 2277 1924 2306 monasticas

1094 2326 1325 2354 Constitutiones
1354 2325 1451 2360 magis
1467 2324 1551 2361 apud
1577 2324 1759 2352 recentiores
1780 2322 1924 2351 laudatas

1093 2370 1226 2403 invenio,
1243 2378 1310 2398 eum
1327 2370 1445 2404 Regulae
1465 2372 1567 2397 tamen
1591 2376 1670 2405 saepe
1691 2369 1829 2396 citentur.
1854 2369 1923 2396 Pro-

1093 2415 1180 2447 fecto,
1205 2415 1231 2442 si
1251 2414 1392 2449 theologi,
1417 2415 1442 2442 si
1465 2414 1516 2442 alii
1543 2414 1704 2449 scriptores
1729 2412 1923 2441 ecclesiastici

1093 2460 1208 2496 aliquid
1223 2460 1253 2488 in
1269 2459 1536 2488 Constitutionibus
1547 2459 1741 2491 invenissent,
1767 2457 1852 2493 quod
1865 2456 1923 2484 sibi

1093 2504 1182 2533 alicui
1198 2504 1266 2532 usui
1289 2512 1356 2532 esse
1369 2504 1526 2541 potuisset,
1549 2511 1601 2532 eas
1626 2503 1732 2531 crebro
1756 2502 1922 2530 citassent:

1092 2549 1177 2585 quod
1188 2557 1325 2577 cumnon
1335 2549 1468 2584 fecerint,
1480 2548 1551 2576 satis
1562 2547 1755 2576 declararunt
1764 2545 1924 2581 nihilejus-

1092 2594 1176 2622 modi
1196 2594 1225 2621 in
1239 2594 1311 2630 ipsis
1323 2594 1482 2622 invenisse.
1505 2594 1612 2626 Quare,
1629 2595 1661 2620 ut
1675 2591 1746 2625 dixi,
1761 2593 1923 2619 consenta-

1091 2647 1183 2666 neum
1195 2639 1368 2672 estrationi,
1382 2638 1510 2674 Regulas
1523 2637 1565 2665 uti
1584 2637 1719 2672 egregias
1734 2635 1843 2664 ascribi
1854 2643 1923 2663 eru-

1092 2683 1240 2712 ditissimo
1268 2683 1404 2719 scriptori
1431 2682 1549 2716 Basilio,
1587 2681 1820 2710 Constitutiones
1850 2688 1923 2708 vero

1142 2807 1184 2844 (b)
1203 2808 1275 2837 Cod.
1292 2816 1364 2843 εχει,
1379 2815 1411 2846 p.
1426 2810 1490 2839 493.
