2020 3140
69 121 108 148 105

786 101 982 132 PREFATIO.

1688 103 1740 131 108

69 182 101 209 uti
111 180 187 213 longe
199 174 350 204 inferiores
363 171 480 200 homini
494 170 583 204 longe
598 165 862 213 inferiorissortis.
879 182 884 192 ι

947 174 979 201 ιρ,
996 164 1036 190 ὃτι
1049 165 1061 190 ὁ
1074 165 1215 202 πολύτιμος
1229 167 1394 202 μαργαρίτης
1414 167 1480 202 πρὸς
1494 167 1541 194 τὴν
1557 165 1680 201 ὁμοίωσιν
1695 169 1744 196 τῆς

67 224 140 259 Magis
152 211 245 250 autem
261 227 296 246 ac
312 217 410 251 magis
430 215 459 242 in
474 215 531 242 hac
547 221 615 241 mea
630 211 778 259 sententia
791 217 865 259 con—

66 255 161 300 ﬁrmor,
175 265 288 301 quoties
302 261 433 297 Regulas
447 260 668 295 Scripturarum
685 255 866 301 testimoniis

65 311 175 342 referciri
186 299 296 343 cogito,
322 314 392 334 cum
406 308 507 333 tamen
523 302 674 339 ejusmodi
693 299 868 329 testimonia

65 365 122 386 raro
135 356 162 383 in
177 352 349 382 monasticis
364 348 636 377 Constitutionibus
654 346 867 374 adhibeantur.

67 404 134 437 Opus
148 399 222 427 enim
236 397 266 424 in
278 403 340 432 quo
353 394 470 431 passim
486 393 646 428 Scriptum
661 391 803 424 citantur,
812 397 870 437 au-

65 433 162 474 ctorein
175 443 256 470 decet
270 440 493 476 Scripturarum
508 436 737 473 peritissimum,
748 433 871 470 qualem

68 489 189 518 Basilium
203 486 304 518 fuisse,
314 485 336 512 si
352 491 415 511 non
425 491 461 510 ex
472 481 669 517 antiquorum
683 477 872 512 testimoniis,

65 537 90 563 at
103 535 175 561 certo
189 534 288 560 tamen
300 537 335 557 ex
346 528 442 564 ipsius
454 526 555 554 Basilii
565 524 744 553 indubitatis
754 522 874 558 scriptis

67 583 285 613 cognoceremus
308 585 314 601 :
338 571 589 601 Constitutionum
619 577 690 597 vero
722 570 876 596 auctorem

66 623 114 650 dici
128 629 179 658 par
193 623 236 648 est
250 618 406 647 hominem
417 616 481 652 qui,
495 617 644 652 quantum
656 622 692 641 ex
704 613 772 658 ejus
785 619 878 658 opere

67 657 161 701 conjici
175 667 285 701 potest,
309 663 477 698 Scripturas
504 667 565 688 non
581 659 623 687 ita
649 657 777 686 multum
792 657 879 684 calle-

66 714 112 739 ret.
127 710 247 738 Maxime
263 714 386 744 quoque
408 705 447 733 ad
461 712 525 732 rem
540 704 610 731 facit
625 702 706 739 quod
728 701 834 737 legitur
849 701 880 728 in

68 755 152 783 Basilii
167 752 293 790 epistola
307 754 358 780 295
376 760 383 778 :
406 751 504 776 Τούτου
520 750 600 785 χάριν
616 747 756 773 ἀπέστειλα
774 748 817 772 τὸν
831 755 881 771 πο-

67 802 196 826 θεινότατον
218 799 293 834 ἡμῶν
309 794 428 831 ἀδελφὸν,
446 795 488 820 ἵνα
502 796 546 819 καὶ
560 795 589 819 τὸ
605 793 738 829 πρόθυμον
753 792 881 827 γνωρίσῃ,

67 847 104 870 καὶ
118 846 144 869 τὰ
158 844 255 879 νωθρὸν
271 839 399 877 dir/sign,
417 849 462 865 και
485 840 514 864 τὸ
538 837 677 863 ἀντιτεῖνον
702 837 807 872 φανερὸν
821 837 883 871 ἡμῖν

66 890 221 923 καταστήσῃ.
238 885 324 914 Πολλὴ
337 886 387 920 γὰρ
399 885 413 912 ἡ
432 882 557 919 ἐπιθυμία
567 884 612 907 καὶ
626 879 688 907 ἰδεῖν
704 881 772 916 ὑμᾶς
789 889 884 914 συνηγ-

67 935 156 968 μένους,
172 933 215 957 καὶ
232 930 349 956 ἀκοῦσαι
363 930 422 965 περὶ
444 928 514 963 ὑμῶν
538 926 578 952 ὁτι
593 925 657 961 οὐχὶ
672 927 715 950 τὸν
737 923 885 960 ἀμάρτυρον

67 977 172 1012 ἀγαπᾶτε
194 975 265 1012 βίον,
293 973 356 999 ἀλλὰ
382 971 476 1008 μᾶλλον
504 968 686 1005 καταδέχεσθε
708 970 810 1001 πάντες,
840 968 886 992 καὶ

68 1021 165 1057 φύλακες
179 1025 226 1050 τῆς
241 1018 358 1047 αλλήλων
374 1016 507 1053 ἀκριϐείας
529 1013 602 1047 εἶναι,
626 1016 670 1040 καὶ
687 1015 816 1050 μάρτυρες
838 1015 887 1037 τῶν

66 1066 280 1102 κατορθουμένων.
307 1061 382 1087 Οὓτω
410 1062 461 1096 γὰρ
488 1060 597 1089 ἕκαστος
620 1060 665 1083 καὶ
694 1059 737 1083 τὴν
767 1055 888 1092 ἐφ’ἐαυτῳ

66 1098 151 1145 μισθὸν
176 1108 273 1134 τέλειον
293 1105 465 1140 ἀπολήψεται,
482 1105 527 1129 καὶ
550 1105 592 1129 τὸν
609 1102 650 1128 ἐπὶ
672 1106 703 1137 τῇ
716 1105 761 1127 τοῦ
778 1098 889 1135 ἀδελφοῦ

65 1157 186 1190 προκοπῇ,
203 1154 230 1178 ὃν
246 1154 295 1177 καὶ
307 1150 375 1186 λόγῳ
389 1159 434 1175 και
458 1150 524 1186 ἔργῳ
543 1147 709 1184 παρέχεσθαι
724 1147 793 1182 ἡμᾶς
809 1144 889 1173 ἀλλή-

66 1198 113 1228 λοις
130 1200 271 1234 προσήκει,
289 1198 316 1221 ἐκ
340 1199 388 1225 τῆς
412 1197 540 1229 συνεχοῦς
564 1191 666 1228 ὁμιλίας
690 1201 734 1216 και
757 1188 891 1226 παρακλή-

67 1253 133 1274 σεως.
149 1243 239 1270 Hanc
264 1241 302 1268 ob
317 1247 440 1268 causam
455 1237 743 1266 desideratissimam
758 1235 891 1270 fratrem

66 1291 192 1316 nostrum
215 1287 296 1319 misi,
321 1288 353 1312 ut
378 1287 405 1312 et
430 1284 543 1312 alacres
569 1283 724 1317 agnoscat,
741 1283 766 1308 et
790 1279 892 1307 tardos

65 1332 241 1365 exstimulat,
256 1334 286 1358 et
303 1330 387 1357 nobis
410 1328 520 1356 indicet
547 1327 739 1355 reluctantes.
755 1325 834 1353 Nam
849 1332 893 1352 ve-

65 1377 212 1405 hementer
241 1375 334 1409 cupio
358 1377 421 1401 tum
435 1373 536 1400 videre
552 1379 601 1399 vos
617 1371 813 1403 coadunatos,
830 1372 891 1396 tum

66 1422 115 1449 hoc
129 1422 164 1449 de
184 1421 270 1448 vobis
285 1419 403 1452 audire,
419 1417 499 1453 quod
520 1417 614 1444 vitam
630 1424 647 1443 a
666 1415 783 1443 testium
809 1421 893 1441 cons-

64 1469 145 1500 pectu
159 1468 310 1494 remotam
324 1471 384 1491 non
399 1463 517 1495 amatis,
530 1461 582 1489 sed
591 1461 689 1495 potius
704 1459 819 1494 sznguli
829 1458 894 1486 vul-

66 1511 98 1537 tis
112 1514 137 1538 et
151 1513 266 1538 mutua:
277 1511 386 1537 vestras
400 1507 566 1542 diligentia:
580 1508 607 1533 et
629 1512 730 1533 rerum
744 1503 895 1538 praeclare
910 1521 930 1548 ο

63 1558 208 1590 gestarum
221 1557 314 1582 testes
326 1552 403 1587 ﬁeri.
416 1552 464 1579 Ita
477 1551 554 1578 enim
570 1550 772 1585 unusquisque
784 1551 811 1576 et
826 1555 895 1582 pro-

61 1600 157 1633 priam
179 1598 351 1627 mercedem
374 1597 525 1631 integram
547 1595 751 1630 consequetur,
769 1595 797 1620 et
818 1599 894 1626 eam,

62 1652 124 1679 quae
133 1651 170 1672 ex
181 1644 298 1678 fratris
307 1648 472 1677 progressu
482 1639 617 1667 accedit:
628 1646 717 1674 quam
731 1638 810 1666 alter
822 1638 896 1666 alte—

63 1689 89 1715 ri
103 1691 163 1716 tam
176 1688 279 1716 verbis
295 1693 388 1722 quam
399 1685 491 1720 factis
505 1691 542 1712 ea:
550 1684 622 1718 jugi
633 1690 789 1718 congressu
807 1685 897 1717 atque

62 1733 267 1761 consolatione
282 1731 424 1759 debemus
437 1729 611 1757 conciliare.
624 1727 676 1755 Hic
691 1728 780 1763 igitur
799 1727 897 1754 Basilii

62 1775 144 1803 locus
158 1776 197 1804 ad
207 1784 276 1804 rem
291 1774 382 1803 valde
395 1773 534 1809 pertinet.
544 1774 669 1801 Constat
679 1772 759 1799 enim
768 1771 898 1806 Regulas

62 1821 346 1849 etConstitutiones
357 1819 388 1847 in
403 1826 439 1846 eo
456 1817 588 1846 maxime
600 1818 674 1845 inter
686 1825 718 1844 se
728 1816 896 1851 dissentire,

62 1865 144 1901 quod
158 1866 190 1893 in
202 1866 251 1893 his
263 1864 524 1893 anachoretarum
541 1864 637 1890 status
648 1861 791 1897 probetur
800 1861 831 1888 in
841 1860 899 1888 illis

62 1918 128 1938 vero
144 1919 257 1938 eorum
272 1908 399 1938 vivendi
415 1915 512 1943 genus
525 1907 632 1935 acriter
650 1905 898 1942 reprehendatur.

63 1955 158 1987 Quare
175 1963 251 1983 cum
268 1963 311 1982 ex
327 1961 373 1987 ea,
389 1960 482 1988 quam
505 1951 596 1979 modo
613 1951 712 1986 citavi,
729 1950 856 1986 epistola
870 1950 901 1977 li-

60 2003 152 2035 queat
165 2008 232 2028 non
247 1998 421 2035 probatum
431 1996 523 2024 fuisse
532 1995 641 2024 Basilio
651 1995 902 2023 anachoretarum

60 2044 182 2072 vivendi
197 2053 318 2079 genus,
333 2042 410 2070 ratio
424 2041 543 2075 suadet,
554 2043 587 2068 ut
601 2040 732 2075 Regulae,
747 2040 778 2067 in
793 2040 904 2076 quibus

59 2089 88 2117 id
103 2089 234 2117 vivendi
249 2096 354 2124 genus
369 2095 431 2115 non
444 2085 601 2122 probatur,
611 2084 637 2112 ei
651 2085 832 2119 tribuantur,
843 2092 905 2112 non

59 2136 161 2162 autem
175 2132 435 2167 Constitutiones,
452 2132 482 2158 in
496 2130 608 2166 quibus
619 2129 694 2157 illud
708 2130 773 2157 vitae
786 2129 906 2157 institu-

920 209 1073 246 ἐπουρανίου
1097 209 1233 246 βασιλείας
1256 209 1441 247 παρείληπται,
1468 210 1497 239 ἣν
1527 208 1654 236 ἀδύνατον
1681 210 1743 246 ἡμῖν

921 254 1111 291 προσγενέσθαι
1127 255 1139 280 ὁ
1154 258 1199 280 τοῦ
1223 257 1321 291 Κυρίου
1347 253 1465 280 δεικνυσι
1488 254 1573 290 λόγος,
1600 257 1635 291 μὴ
1662 255 1748 281 πάντα

923 299 987 336 ὁμοῦ
1009 301 1042 325 τα
1056 302 1187 336 προσόντα
1201 301 1273 336 ἡμῖν,
1290 299 1409 334 πλοῦτον,
1430 302 1475 325 καὶ
1496 298 1584 333 δόξαν,
1605 310 1650 325 και
1665 301 1747 336 γένος,

923 346 968 369 καὶ
985 345 1006 370 εἴ
1018 354 1044 370 τι
1056 344 1116 370 ἄλλο
1129 349 1178 370 τῶν
1192 344 1294 375 πολλοῖς
1307 343 1542 381 περισπουδάστων
1557 346 1623 381 πρὸς
1642 346 1688 373 τὴν
1708 343 1751 369 ἀν-

924 387 1054 424 mna-My
1066 389 1129 418 αὐτῆ
1137 400 1147 419 ς
1157 391 1314 426 προεμένοις.
1326 389 1459 417 Planum
1472 391 1515 416 est
1526 390 1615 423 enim,
1626 396 1753 424 regnum

926 434 1041 462 ca'leste
1062 441 1118 468 per
1139 437 1301 468 pretiosam
1324 435 1524 469 margaritam
1545 433 1722 462 adumbrari
1746 440 1753 466 ;

929 479 1008 514 quod
1018 486 1070 506 nos
1081 479 1199 513 assequi
1207 487 1267 506 non
1275 486 1361 514 posse
1379 478 1537 506 declarant
1557 479 1678 506 Domini
1696 485 1756 506 ver-

930 522 976 556 ba,
989 524 1049 551 nisi
1066 524 1168 551 omnia
1179 524 1270 551 simul
1291 531 1359 559 qute
1373 523 1524 557 habemus,
1537 526 1563 551 et
1582 523 1714 556 divitias,
1731 525 1758 550 et

930 568 1070 603 gloriam,
1083 571 1109 595 et
1120 575 1224 603 genus,
1236 571 1263 596 et
1275 568 1301 596 si
1310 567 1384 604 quid
1397 568 1483 596 aliud
1497 571 1550 601 est,
1563 569 1649 603 cujus
1660 567 1759 595 studio

932 612 1137 648 desiderioque
1154 613 1292 648 plerique
1316 614 1488 648 teneantur,
1510 620 1566 648 pro
1585 620 1617 640 eo
1639 619 1761 646 compa-

933 657 1031 685 rando
1050 657 1231 685 deseramus.
1247 657 1316 685 Haec
1336 657 1397 685 nisi
1421 657 1619 693 explicentur,
1635 659 1668 684 ut
1686 656 1765 684 falsa.

936 703 1017 736 sunt,
1034 701 1075 730 ita
1088 702 1214 729 nimiam
1228 701 1419 730 severitatem
1434 710 1497 738 pra;
1514 710 1545 729 se
1566 702 1676 735 ferunt,
1694 709 1764 729 cum

936 745 1027 773 vendi
1045 746 1150 774 omnia
1169 746 1208 773 ad
1220 746 1350 774 salutem
1362 746 1603 782 comparandam
1620 745 1695 773 nihil
1714 753 1766 773 nc-

938 798 1021 819 ccsse
1037 791 1083 818 sit.
1096 792 1154 818 Nec
1174 791 1276 818 minus
1288 799 1395 827 aspere
1404 791 1537 827 loquitur
1550 793 1656 819 auctor
1668 791 1700 819 in
1712 792 1767 818 He-

901 837 921 863 B
939 836 1018 872 gulis
1029 836 1230 871 brevioribus,
1242 844 1372 872 quarum
1388 837 1554 865 centesima
1567 836 1660 873 prima
1674 837 1715 864 sic
1726 836 1769 865 in-

940 881 1012 917 cipit
1025 890 1030 908 :
1042 883 1087 915 Τὸ,
1105 883 1187 907 Παντὶ
1203 890 1239 916 τῳ
1262 881 1378 907 αἰτοῦντί
1393 891 1422 907 σε
1448 879 1516 915 ideo,
1541 884 1586 907 καὶ
1602 883 1645 907 τὸν
1666 881 1771 908 θέλοντα

941 925 991 952 ἀπὸ
1009 930 1055 952 σοῦ
1072 924 1246 952 δανείσασθαι
1261 928 1296 962 μὴ
1314 925 1497 963 ἀποστραφῃς,
1514 927 1600 963 ὥσπερ
1621 929 1770 963 πειρασμοῦ

941 973 1004 1007 ἤχει
1023 973 1111 1004 τόπον,
1128 973 1163 1001 ὡς
1178 972 1191 999 ἡ
1208 970 1351 997 ἀκολουθία
1371 975 1421 997 τῶν
1449 973 1616 1008 συνημμένων
1640 969 1770 998 δείκνυσι.

944 1018 995 1042 Καὶ
1018 1017 1053 1047 εἰς
1076 1017 1205 1052 πονηρούς
1220 1015 1277 1041 ἐστι
1296 1017 1325 1042 τὸ
1341 1018 1577 1052 προστεταγμένον,
1594 1018 1650 1043 etc.
1677 1015 1770 1049 Illud,

944 1072 957 1085 ‹‹
973 1061 1062 1088 Omni
1074 1061 1188 1095 petenti
1201 1063 1229 1088 te
1242 1061 1350 1095 tribue,
1364 1064 1391 1088 et
1402 1062 1548 1089 volentem
1561 1069 1579 1089 a
1595 1063 1623 1089 te
1636 1063 1773 1089 mutuum

944 1106 1081 1140 accipere
1093 1112 1130 1133 ne
1145 1105 1290 1132 averseris
1302 1105 1336 1139 ³³,
1354 1116 1368 1130 ››
1392 1108 1435 1133 est
1451 1106 1514 1133 loco
1530 1106 1620 1141 quasi
1633 1106 1773 1133 tentatio-

944 1150 1001 1182 nis,
1016 1149 1265 1185 quemadmodum
1285 1157 1398 1185 eorum,
1417 1158 1483 1186 quav
1496 1151 1635 1184 proxime
1648 1158 1775 1185 sequun-

946 1197 1007 1229 tur,
1023 1195 1110 1222 series
1127 1194 1274 1222 declarat.
1300 1194 1398 1230 Atque
1410 1198 1595 1229 praeceptum
1620 1195 1701 1222 illud
1723 1196 1775 1223 da-

947 1243 1009 1268 tum
1023 1241 1065 1267 est
1085 1239 1116 1266 in
1129 1239 1290 1273 improbos,
1305 1241 1362 1267 etc.
1379 1240 1412 1267 Et
1433 1239 1498 1267 haec
1521 1247 1644 1275 quoque
1659 1240 1776 1275 exposi-

946 1283 1027 1312 tione
1043 1283 1189 1318 indigent.
1207 1283 1347 1320 Alioquin
1367 1283 1448 1311 enim
1472 1287 1647 1321 sequeretur
1661 1284 1775 1320 impro-

946 1328 1003 1356 bos
1025 1336 1091 1356 esse
1113 1336 1165 1356 eos
1188 1336 1306 1362 omnes,
1322 1327 1374 1364 qui
1391 1336 1448 1356 sua
1461 1328 1544 1357 bona
1556 1336 1619 1356 non
1634 1329 1776 1357 vendide-

946 1376 1026 1408 runt,
1038 1373 1289 1409 quandoquidem
1304 1373 1515 1409 improborum
1535 1374 1659 1402 nomine
1673 1374 1722 1402 hic
1732 1374 1776 1402 in-

947 1418 1120 1453 telliguntur
1130 1417 1284 1453 ejusmodi
1293 1417 1502 1454 homines,qui
1510 1418 1703 1447 facultatibus
1714 1419 1776 1447 suis

947 1471 1009 1491 non
1019 1462 1240 1490 renuntiarunt.
1251 1461 1349 1489 Verba
1359 1463 1460 1490 Graeca
1469 1462 1713 1498 interrogationis
1723 1465 1775 1491 233

949 1509 1020 1534 sunt
1034 1507 1098 1534 haec
1113 1515 1120 1534 :
1136 1509 1170 1532 Ex
1183 1507 1285 1532 πάντων
1300 1510 1350 1532 τῶν
1366 1508 1584 1543 κατορθωμάτων,
1600 1507 1641 1533 ἐὰν
1656 1507 1681 1533 ἑν
1700 1507 1773 1544 λείπῃ

948 1554 1011 1585 τινὶ,
1028 1551 1049 1577 εἰ
1065 1549 1112 1577 διὰ
1123 1555 1199 1576 τοῦτο
1215 1550 1245 1576 οὐ
1260 1551 1390 1585 σώζεται;
1405 1552 1455 1579 Ex
1469 1552 1605 1580 omnibus
1621 1555 1699 1580 recte
1713 1553 1778 1587 fac-

950 1597 986 1624 tis
1000 1597 1027 1624 si
1042 1597 1088 1624 vel
1100 1603 1193 1623 unum
1209 1596 1285 1623 desit
1297 1596 1402 1630 alicui,
1431 1604 1504 1624 num
1517 1600 1679 1631 propterea
1692 1598 1777 1626 salu-

950 1644 1008 1669 tem
1035 1648 1095 1668 non
1117 1641 1317 1675 consequitur.
1335 1641 1389 1668 Cui
1403 1641 1563 1677 quaestioni
1586 1641 1780 1678 respondens

950 1688 1065 1718 auctor,
1082 1685 1123 1712 sic
1139 1685 1275 1720 scripsit:
1288 1684 1344 1711 Ἵνα
1357 1684 1380 1711 ἒν
1396 1685 1431 1711 ἐνὶ
1444 1687 1514 1722 μόνῳ
1531 1683 1594 1722 δόξῃ
1610 1687 1777 1724 παρακούειν,

950 1732 995 1755 καὶ
1010 1733 1086 1755 τοῦτο
1101 1731 1160 1754 οὔτε
1175 1727 1222 1754 διὰ
1236 1730 1318 1762 ὄκνον,
1344 1730 1403 1755 οὔτε
1426 1727 1472 1755 διὰ
1495 1732 1698 1766 καταφρόνησιν,
1715 1729 1780 1756 ἀλλὰ

952 1773 987 1800 δι’
1007 1773 1138 1800 εὐλάϐειαν
1153 1776 1198 1799 καὶ
1220 1776 1295 1810 τιμὴν
1308 1776 1355 1803 τήν
1370 1776 1429 1811 περὶ
1452 1776 1497 1800 τὸν
1513 1775 1619 1812 Κύριον¹
1635 1775 1677 1801 ἐπὶ
1695 1777 1779 1811 τούτῳ

952 1822 1021 1857 μόνω
1036 1818 1133 1851 ἀκούει,
1149 1818 1206 1845 Ἐὰν
1220 1821 1255 1855 μὴ
1270 1818 1337 1854 νίψω
1353 1828 1391 1851 σε,
1409 1819 1456 1845 οὐκ
1470 1820 1542 1856 ἓχιις
1554 1822 1630 1857 μέρος
1643 1830 1690 1857 μετ
1705 1820 1779 1856 ἐμοῦ·

953 1865 1005 1893 ubi
1018 1865 1144 1895 (Petrus)
1168 1864 1199 1891 in
1221 1871 1280 1891 uno
1302 1864 1453 1892 duntaxat
1469 1865 1550 1892 visus
1570 1869 1613 1893 est
1637 1873 1697 1893 non
1717 1865 1782 1893 obe-

954 1911 1029 1945 dire,
1056 1912 1146 1945 atque
1175 1909 1230 1936 hoc
1255 1916 1351 1944 neque
1376 1910 1412 1937 ob
1435 1911 1600 1945 segnitiem,
1624 1919 1719 1946 neque
1745 1911 1782 1939 ob

956 1957 1168 1988 contemptum,
1197 1953 1248 1981 sed
1267 1957 1392 1989 propter
1413 1956 1612 1983 reverentiam
1641 1959 1669 1983 e.‘
1693 1956 1784 1984 hono-

956 2008 1019 2028 rem
1033 1998 1163 2032 Domini,
1179 1998 1215 2026 ob
1228 1998 1260 2025 id
1272 1999 1368 2026 solum
1379 1999 1476 2033 audit,
1489 2011 1503 2024 α
1518 2000 1549 2027 Si
1564 2008 1624 2028 non
1639 2001 1731 2029 lavem
1745 2005 1782 2034 te,

957 2053 1017 2072 non
1034 2043 1123 2072 habes
1145 2046 1262 2078 partem
1288 2050 1402 2071 mecum
1416 2044 1450 2071 ³⁸.
1466 2054 1480 2067 ››
1495 2044 1581 2076 Quod
1597 2045 1643 2072 hic
1665 2045 1784 2079 dicitur,

958 2090 1032 2123 fore,
1058 2091 1090 2116 ut
1113 2087 1183 2124 quis
1204 2087 1332 2115 salutem
1358 2095 1421 2115 non
1445 2091 1657 2124 consequatur.
1687 2089 1710 2117 si
1739 2089 1787 2117 vel

959 2142 1056 2162 unum
1071 2134 1150 2160 recte
1166 2131 1279 2159 factum
1296 2131 1441 2163 omiserit,
1451 2131 1493 2165 id,
1504 2133 1562 2160 nisi
1581 2132 1786 2169 interpretere,

60 2181 122 2207 tum
139 2187 279 2216 prorsus
297 2177 424 2214 probari
439 2175 582 2205 vidimus.
597 2176 640 2202 Ita
653 2174 733 2223 enim
744 2178 773 2223 et
783 2174 907 2223 Basilius
922 2195 945 2221 D
960 2178 1028 2215 plus
1037 2179 1123 2212 justo
1138 2184 1277 2204 severum
1297 2178 1351 2211 est,
1373 2179 1534 2213 potestque
1547 2177 1588 2205 ad
1603 2177 1787 2214 desperatio-

62 2223 116 2252 sibi
129 2224 198 2261 ipse
223 2221 399 2256 constabit,
413 2224 441 2249 et
462 2220 583 2255 Regulae
602 2227 673 2247 cum
687 2219 825 2254 ejusdem
847 2219 908 2255 epi-

61 2269 142 2296 stolis
163 2270 197 2297 in
224 2276 265 2296 eo
293 2266 496 2301 consentient,
513 2264 599 2301 quod
613 2263 644 2291 in
667 2263 715 2291 his
728 2272 814 2299 aeque
830 2271 866 2292 ac
879 2264 910 2292 in

62 2312 117 2341 illis
134 2314 412 2342 anachoretarum
427 2310 550 2338 vivendi
565 2309 640 2337 ratio
656 2309 855 2345 improbetur.

961 2230 1031 2251 nem
1044 2221 1202 2250 adducere.
1221 2222 1354 2255 Rogatus
1378 2221 1514 2257 scriptor,
1537 2223 1694 2258 quomodo
1718 2231 1789 2251 cum

963 2267 999 2295 iis
1015 2265 1169 2301 agendum
1184 2265 1231 2300 sit,
1254 2264 1307 2301 qui
1330 2265 1463 2293 devitant
1490 2266 1631 2300 graviora
1653 2269 1788 2303 peccata,

964 2313 1087 2349 patrant
1101 2318 1173 2338 vero
1188 2310 1302 2337 leviora
1315 2309 1589 2346 indiscriminatim,
1603 2311 1645 2339 ita
1665 2320 1791 2348 respon-

96 2359 140 2386 41.
163 2359 248 2387 Satis
275 2356 408 2393 quidem
430 2363 468 2382 ex
489 2354 574 2382 dictis
589 2356 708 2382 constat
728 2353 911 2388 Regularum
966 2357 1028 2388 det,
1043 2358 1076 2383 ut
1091 2355 1194 2382 omnia
1209 2357 1332 2390 peccata
1346 2355 1476 2390 aequalia
1491 2355 1608 2384 efﬁcere
1631 2357 1767 2386 videatur
1783 2367 1790 2386 :

64 2407 223 2432 auctorem
242 2408 481 2436 nonnunquam
489 2399 584 2427 videri
597 2398 689 2435 paulo
706 2399 888 2426 severiorem
904 2407 911 2426 :

65 2449 118 2476 sed
133 2451 260 2482 tamen,
278 2445 434 2483 quoniam
449 2446 491 2473 ita
505 2444 640 2480 expedit,
656 2444 722 2479 ejus
735 2444 778 2471 rei
800 2443 915 2480 aliquot

64 2494 207 2530 exempla
224 2499 346 2521 rursus
360 2491 417 2518 hoc
430 2490 497 2517 loco
508 2489 672 2525 proferam.
688 2490 761 2516 Cum
776 2489 867 2523 igitur
885 2489 915 2516 in

65 2539 242 2574 majoribus
253 2536 384 2571 Regalis
392 2535 567 2571 protulisset
575 2533 649 2561 illud
657 2533 802 2561 Mattliaei:
813 2534 918 2562 Simile

65 2587 105 2612 est
119 2592 260 2619 regnum
274 2581 424 2610 cartorum
440 2579 555 2608 homini
567 2579 756 2614 negotiatori,
773 2580 920 2614 quaerenti

67 2628 158 2656 bonas
173 2626 392 2662 margaritas,
407 2625 531 2652 inventa
546 2626 644 2652 autem
657 2627 792 2658 pretiosa
806 2631 920 2658 marga-

67 2675 126 2702 rita
140 2674 222 2702 abiit
236 2673 276 2707 ³³,
294 2673 357 2705 etc,
369 2670 411 2697 sic
421 2668 611 2705 persequitur
621 2671 693 2703 (reg.
705 2670 731 2703 8,
743 2676 773 2696 n.
786 2671 811 2695 2)
822 2676 828 2696 :
841 2668 920 2698 Δῆλον

103 2738 127 2755 ⁸³
149 2736 264 2766 Matth.
284 2742 353 2767 xui,
364 2734 398 2761 45
413 2740 499 2768 seqq.
538 2732 562 2749 ³³
582 2731 657 2760 Luc.
673 2739 713 2766 vn,
728 2732 773 2766 30,
789 2733 835 2760 29.

240 2773 382 2799 PATROL.
402 2770 455 2796 Gn.
476 2769 564 2795 XXXI.

967 2400 1051 2438 quod
1060 2402 1092 2428 ut
1102 2399 1268 2432 falsum,ita
1278 2407 1420 2435 asperum
1431 2407 1498 2428 esse
1508 2408 1599 2429 nemo
1606 2401 1792 2430 difﬁtebitur.

969 2446 1040 2481 Ejus
1060 2446 1163 2472 autem
1187 2443 1252 2471 haec
1274 2445 1343 2471 sunt
1366 2444 1460 2472 verba
1485 2450 1557 2480 (reg.
1582 2447 1665 2482 263):
1689 2450 1794 2483 Πρῶτον

971 2492 1015 2528 μὲν
1032 2488 1127 2516 εἰδέναι
1141 2491 1208 2526 χρὴ,
1234 2487 1274 2514 ὃτι
1296 2487 1319 2514 ἐν
1344 2493 1375 2525 τῇ
1403 2492 1482 2519 Καινῆ
1501 2492 1616 2527 Διαθήκῃ
1637 2493 1734 2521 ταύτην
1749 2494 1796 2521 τὴν

973 2533 1100 2570 διαφορὰν
1115 2533 1163 2558 οὐκ
1172 2533 1228 2558 ἔστι
1238 2533 1338 2568 μαθεῖν.
1351 2535 1406 2559 Μία
1413 2535 1464 2570 γὰρ
1476 2533 1607 2571 ἀπόφασις
1619 2545 1687 2562 κατα
1696 2537 1798 2563 πάντων

974 2579 1167 2616 ἁμαρτημάτων
1185 2581 1277 2611 χεῖται,
1295 2581 1341 2603 τοῦ
1358 2580 1455 2614 Κυρίου
1471 2579 1595 2613 εἰπόντος,
1616 2580 1657 2606 ὃτι
1672 2581 1702 2607 Ὀ
1720 2586 1801 2608 ποιῶν

974 2627 1021 2653 τὴν
1035 2624 1175 2660 ἁμαρτίαν,
1193 2620 1286 2652 δοῦλός
1296 2622 1353 2648 ἐστι
1367 2627 1415 2653 τῆς
1430 2623 1569 2661 ἁμαρτίας.
1585 2626 1722 2654 Primum
1739 2627 1803 2662 qui-

977 2669 1043 2697 dem
1057 2675 1141 2696 nosse
1155 2670 1270 2702 oportet
1282 2667 1361 2695 hanc
1370 2667 1574 2703 differentiam
1589 2671 1804 2706 (peccatorum)

874 2732 898 2749 ⁸⁴
918 2732 1004 2760 Joan.
1016 2739 1078 2765 xm,
1094 2732 1120 2758 8.

1649 2769 1666 2794 4
