2020 3140
242 135 299 163 107

1000 131 1200 160 PREFATIO.

1903 136 1959 164 l08

247 197 280 224 in
291 196 320 223 Ν
321 203 373 224 ovo
387 196 570 223 Testamento
580 201 640 223 non
803 196 867 224 Una
878 201 1006 230 namque
1020 194 1055 222 ha

1111 217 1113 220 ,
1126 193 1234 229 legitur
1246 204 1252 223 :
1264 195 1307 227 Ὠς
1319 206 1354 232 τῳ
1365 198 1410 233 μὲν
1421 198 1551 228 ἀκουσίως
1565 201 1611 224 τοῦ
1622 200 1801 234 προσήκοντος
1813 197 1959 235 ἁμαρτόντι

249 241 334 269 betur
352 241 499 269 sententia
522 240 665 268 adversus
684 240 823 276 quaelibet
844 243 979 275 peccata,
1005 247 1072 267 cum

245 287 390 314 Dominus
410 285 501 318 dicat,
514 296 527 310 «
543 284 601 318 Qui
621 285 699 319 facit
717 288 885 320 peccatum,
907 292 1011 313 servus
1029 287 1071 312 est

245 331 360 365 peccati
368 330 402 356 ³⁵.
412 341 425 354 ››
437 330 469 357 Et
482 329 566 365 quod
577 329 733 357 molestius
744 329 905 363 videbitur,
917 330 1021 357 auctor
1031 328 1072 356 ita

244 375 452 412 imprudenter
463 374 602 410 scripisse
616 374 696 402 credi
711 375 759 402 vix
771 377 963 410 potest,£cum
978 373 1008 401 in
1024 381 1071 401 re-

243 421 314 456 gula
325 422 432 456 quarta
441 427 502 447 non
515 419 676 447 dissimilia
687 419 751 455 jam
762 419 896 447 dixisset.
909 420 950 446 Ex
959 418 1070 454 quibus

240 465 384 494 omnibus
405 464 504 500 colligi
518 466 620 500 potest
634 467 799 498 auctorem,
819 464 877 491 nisi
892 463 957 499 ejus
977 462 1070 491 verba

239 513 318 538 recte
328 509 543 543 intelligantur,
554 508 735 536 severiorem
747 508 956 536 viderimerito
965 515 1067 544 posse.

238 555 336 587 Quare
347 554 371 581 si
382 552 516 580 difﬁcilia
525 552 667 588 quaedam
678 552 861 587 Regularum
870 552 938 580 loca
947 552 1068 580 incaute

234 599 353 634 legeris,
363 597 449 626 facile
459 597 756 630 credas,Combeﬁsii
767 597 916 633 exemplo,
928 596 1066 633 quemvis

234 643 328 672 alium
351 643 454 679 potius
470 650 576 670 earum
602 645 758 670 auctorem
773 650 853 677 esse,
871 649 965 678 quam
985 640 1066 668 Basi-

233 689 307 716 lium
325 688 398 715 :sed
419 688 442 715 si
461 687 616 723 quispiam
632 686 784 722 ejusmodi
798 686 935 714 locorum
947 688 1064 713 senten-

231 734 305 761 tiam
316 734 370 760 rite
379 734 407 760 et
416 734 565 760 scrutatus
575 732 663 759 fuerit
674 734 702 759 et
712 734 877 765 assecutus,
890 731 964 759 nihil
976 738 1063 766 aspe-

230 778 292 806 rius
304 780 356 806 aut
365 777 472 805 durius
484 777 514 804 in
525 777 598 813 ipsis
609 776 751 810 inveniet,
763 776 880 812 sibique
891 776 981 812 plane
992 783 1061 812 per-

230 822 370 850 suadebit
380 823 571 850 severitatem
591 821 674 849 illam
685 821 717 849 in
727 821 845 848 nullum
856 820 950 848 alium
961 820 1060 855 magis

229 867 402 901 convenire,
413 875 507 903 quam
518 867 548 894 in
560 866 711 899 Basilium,
723 866 775 902 qui
791 873 827 894 eo
843 865 964 900 ingenio
984 866 1057 896 erat,
1073 871 1095 898 Β

228 915 261 940 ut
271 920 341 940 cum
352 912 466 946 dogma
476 911 603 947 aliquod
623 911 786 947 explanare
806 910 864 938 sibi
874 918 936 938 non
948 918 1058 946 propo-

228 955 522 992 suisset,aliquando
532 955 656 983 liberius
668 955 863 991 severiusque
874 955 1056 991 loqueretur.

227 1003 303 1030 Nam
322 1001 352 1028 in
372 1001 463 1028 rebus
483 1001 523 1028 ad
543 1008 643 1028 mores
662 1000 896 1036 pertinentibus,
918 1007 1058 1027 nonnun-

228 1054 321 1082 quam
342 1045 452 1077 minus,
466 1048 499 1073 ut
517 1046 558 1073 ita
577 1045 688 1080 dicam,
710 1044 886 1072 attendebat
905 1044 945 1072 ad
964 1043 1058 1072 verba

227 1091 340 1127 quibus
352 1092 495 1124 uteretur,
507 1097 601 1126 quam
613 1089 652 1117 ad
664 1089 853 1117 audientium
866 1088 1006 1122 salutem,
1018 1088 1057 1116 ad

227 1144 322 1172 quam
333 1143 497 1171 quemque,
507 1143 691 1171 quacunque
702 1135 818 1162 ratione
828 1136 941 1170 posset,
949 1133 1058 1170 perdu-

227 1188 294 1208 cere
304 1180 482 1208 conabatur.
491 1181 575 1207 Nunc
583 1188 599 1208 e
611 1179 709 1207 Basilii
719 1178 907 1207 orationibus
918 1178 1058 1214 exempla

228 1224 331 1260 aliqua
342 1224 483 1260 subdam,
498 1226 528 1252 ut
539 1232 609 1252 cum
624 1224 672 1258 iis,
684 1231 752 1259 quae
762 1223 859 1254 retuli,
872 1223 1056 1258 Regularum

226 1268 301 1297 locis
319 1269 438 1305 possint
456 1269 638 1305 comparari.
652 1268 779 1296 Basilius
795 1267 886 1303 igitur
897 1275 966 1294 cum
982 1266 1057 1294 illud

228 1315 324 1347 Lucae,
336 1315 494 1342 Destruam
512 1314 618 1341 horrea
629 1321 706 1347 mea,
717 1315 746 1340 et
756 1314 875 1347 majora
890 1312 1055 1346 aediﬁcabo,

227 1358 413 1394 explanaret,
424 1358 466 1386 ita.
475 1358 594 1386 loeutus
609 1360 654 1385 est
664 1358 750 1392 (tom.
763 1357 796 1388 ll,
809 1365 838 1393 p.
852 1358 895 1392 50)
908 1366 913 1384 :
926 1360 972 1386 Τις
987 1355 1055 1382 ἐστιν

228 1404 241 1429 ὁ
251 1403 404 1433 πλεονέκτης
415 1411 422 1436 ;
434 1402 464 1428 Ὠ
473 1405 509 1439 μὴ
521 1404 634 1439 ἐμμένων
645 1406 676 1438 τῇ
691 1402 842 1438 αὐταρκείᾳ.
856 1402 925 1431 Quis
944 1409 1055 1429 avarus

228 1451 289 1479 est?
301 1452 358 1486 Qui
367 1452 454 1480 rebus
473 1459 539 1487 quae
557 1452 631 1480 satis
649 1454 731 1483 sunt,
752 1453 909 1479 contentus
929 1457 988 1478 non
1001 1453 1053 1478 est.

229 1496 314 1528 Quod
333 1497 373 1524 ita
390 1496 520 1524 breviter
529 1504 564 1524 ac
575 1495 750 1532 simpliciter
768 1495 881 1523 dictum
901 1496 1054 1530 perterret.

1127 249 1172 264 και
1184 244 1327 277 συγγνώμη
1340 251 1380 272 τις
1391 244 1456 272 ἴσως
1466 244 1536 279 παρὰ
1546 246 1591 268 τοῦ
1612 246 1678 269 Θεοῦ
1693 244 1801 278 γένοιτο·
1814 247 1849 268 τῶ
1862 242 1891 269 δὲ
1902 243 1957 274 ἑξε-

1126 282 1236 316 πίτηὸες
1251 286 1283 311 τὰ
1297 288 1380 322 χείρω
1396 287 1555 323 προελομένω
1571 285 1681 323 οὐδεμία
1691 290 1854 324 παραίτησις
1872 290 1901 313 τὸ
1917 290 1955 324 μή

1126 327 1190 364 οὐχὶ
1201 329 1386 356 πολλαπλασίω
1396 333 1443 359 τὴν
1459 331 1565 357 κόλασιν
1581 334 1719 367 ὑποσχεῖν.
1730 332 1891 360 Enimvero
1902 333 1958 368 qui

1125 381 1144 401 a
1164 377 1244 402 recto
1264 375 1431 411 decoroque
1441 384 1501 404 non
1513 377 1686 405 voluntarie
1695 377 1858 411 aberrarit,
1872 377 1958 412 forte

1125 419 1238 446 veniam
1264 420 1398 455 aliquam
1419 421 1562 449 obtinebit
1577 422 1686 449 aDeo:
1706 422 1758 458 qui
1777 429 1846 449 vero
1857 422 1957 456 fuerit

1124 464 1260 492 consulto
1275 465 1357 493 mala
1368 466 1537 500 amplexus,
1549 463 1786 501 implacabilxter
1799 467 1957 501 supplicia

1124 508 1211 543 longe
1221 510 1340 543 majora
1349 510 1492 545 perferet.
1505 510 1571 538 Haec
1581 510 1634 546 qui
1648 510 1759 545 legent,
1771 510 1820 544 iis,
1835 511 1891 538 nisi
1903 519 1955 539 ca-

1121 555 1221 584 veant,
1238 553 1324 582 facile
1343 554 1373 582 in
1393 557 1527 582 mentem
1537 555 1646 589 veniet,
1662 555 1772 583 horum
1787 555 1954 584 verborum

1120 597 1200 626 hanc
1210 605 1274 626 esse
1285 599 1467 627 sententiam
1478 600 1530 636 qui
1541 607 1602 627 non
1608 599 1774 628 voluntarie
1783 601 1956 636 peccaverit

1119 649 1190 670 eum
1209 642 1338 671 fortasse
1356 644 1478 671 veniam
1498 646 1745 678 consecuturum;
1765 645 1819 680 qui
1847 648 1952 672 autem

1119 686 1258 715 consulto
1277 690 1307 716 et
1324 687 1503 721 voluntarie,
1515 688 1588 716 nihil
1608 689 1634 716 ei
1655 689 1719 725 spei
1738 689 1880 726 relinqui,
1895 689 1952 717 sed

1117 739 1241 759 omnem
1260 732 1443 767 paenitentiae
1462 733 1565 761 locum
1585 741 1709 770 prorsus
1732 733 1846 762 adimi:
1860 733 1951 770 quod

1116 783 1179 803 non
1189 775 1282 803 modo
1292 776 1360 812 plus
1371 785 1460 813 aequo
1471 785 1608 805 severum
1620 780 1673 810 est,
1690 778 1745 805 sed
1755 777 1877 813 falsum,
1893 781 1923 806 et
1932 786 1950 806 a

1117 819 1217 848 Basilii
1236 822 1336 848 mente
1347 821 1598 850 remotissimum.
1610 821 1723 850 Eodem
1734 822 1785 850 illo
1795 830 1831 850 ex
1846 822 1948 851 libello

1115 873 1220 893 rursus
1239 874 1341 902 pauca
1361 866 1530 902 subjiciam.
1553 868 1628 895 Sunt
1648 869 1750 896 autem
1769 867 1949 903 hujusmodi

1115 909 1210 945 (ibid.)
1219 919 1225 938 :
1233 910 1313 936 Ὠστε
1323 910 1506 940 καλλωπιστήν
1517 910 1581 937 εἴναι
1592 921 1636 937 και
1647 911 1831 948 ὀνομάζεσθαι,
1849 913 1949 948 ὁμοίως

1114 955 1228 991 αἰσχρὸν
1240 955 1362 990 ἡγεῖσθαι
1372 965 1438 992 φημι
1450 953 1504 982 δεῖν
1517 958 1577 987 τοὺς
1587 958 1729 990 τοιούτους,
1739 958 1772 987 ὡς
1782 958 1811 983 τὸ
1823 956 1946 993 ἑταιρεῖν,

1113 1000 1128 1028 ἤ
1143 998 1289 1036 ἠλλοτρίοις
1301 1001 1396 1035 γάμοις
1411 999 1593 1028 ἐπιϐουλεύειν.
1617 1001 1717 1032 Quare
1736 1002 1946 1029 cincinnatum

1113 1051 1173 1072 esse
1187 1047 1214 1071 et
1230 1045 1393 1079 appellari,
1408 1052 1490 1080 mque
1514 1048 1602 1080 turpe
1617 1046 1795 1074 censendum
1810 1047 1878 1074 dico
1903 1049 1947 1074 at-

1112 1096 1169 1124 que
1182 1090 1322 1122 scortari,
1338 1092 1392 1117 aut
1413 1090 1521 1117 alienis
1542 1091 1656 1125 nuptiis
1681 1091 1831 1119 insidiari.
1849 1093 1943 1124 Certe,

1112 1141 1181 1161 cum
1197 1133 1238 1161 ita
1253 1133 1371 1161 locutus
1385 1137 1430 1162 est
1445 1135 1583 1168 Basilius,
1598 1143 1661 1163 rem
1673 1143 1873 1170 exaggerasse
1884 1136 1945 1164 dici

1112 1178 1217 1206 merito
1232 1180 1341 1214 potest.
1363 1180 1437 1207 Nam
1453 1179 1535 1207 aliud
1551 1179 1646 1207 multo
1662 1183 1715 1212 est,
1732 1181 1942 1208 cincinnatum

1111 1230 1177 1250 esse
1201 1222 1420 1259 appellarique,
1447 1226 1474 1251 et
1497 1223 1580 1251 aliud
1604 1224 1739 1260 scortari,
1760 1226 1813 1252 aut
1837 1224 1943 1252 alienis

1111 1267 1226 1303 nuptiis
1240 1266 1387 1295 insidiari.
1404 1269 1444 1294 Ex
1459 1268 1572 1303 quibus
1590 1268 1685 1304 liquet
1700 1269 1855 1304 Basilium,
1872 1277 1942 1297 cum

1111 1312 1284 1339 animarum
1308 1311 1390 1339 salus
1411 1315 1562 1347 ageretur.
1586 1313 1716 1341 naturali
1736 1313 1872 1349 quodam
1888 1314 1943 1341 im-

1111 1358 1181 1392 petu
1196 1356 1284 1392 quasi
1300 1356 1471 1392 abreptum,
1488 1365 1557 1385 raro
1573 1357 1706 1393 quidem,
1732 1357 1787 1386 sed
1802 1365 1943 1386 nonnun-

1111 1408 1205 1436 quam
1217 1403 1318 1428 tamen
1332 1400 1435 1437 aliqua
1445 1400 1568 1435 dixisse,
1582 1409 1660 1438 qure,
1673 1402 1729 1430 nisi
1740 1402 1941 1439 explicantur,

1112 1445 1263 1473 severiora
1287 1447 1340 1473 aut
1363 1448 1442 1480 sunt,
1467 1449 1520 1473 aut
1540 1446 1634 1474 videri
1666 1450 1803 1483 possunt.
1836 1449 1941 1484 itaque

1109 1490 1248 1526 quisquis
1262 1490 1410 1518 rationem
1430 1491 1516 1526 sequi
1532 1491 1669 1526 voluerit,
1690 1492 1819 1527 Regulas
1839 1494 1941 1528 potius

228 1542 314 1574 Nam,
326 1541 351 1568 si
369 1541 412 1569 ita
431 1541 588 1577 est,pauci
607 1542 707 1575 erunt,
726 1539 779 1576 qui
798 1540 881 1567 avari
901 1547 962 1567 non
985 1539 1053 1567 sint,
1071 1547 1091 1575 ρ
1111 1535 1219 1563 Basilio
1233 1535 1352 1570 tribuet,
1368 1543 1499 1572 quarum
1522 1535 1552 1563 in
1574 1536 1730 1565 nonnullis
1745 1537 1845 1572 major
1854 1546 1939 1574 quae-

228 1587 328 1621 Longe
339 1585 461 1621 gravius
473 1588 518 1613 est
527 1585 611 1621 quod
621 1585 770 1621 sequitur.
782 1585 856 1612 Cum
875 1584 955 1611 enim
971 1583 1053 1611 Basi-

226 1630 286 1658 lius
304 1630 334 1658 in
345 1630 634 1666 quadam'oratione
646 1636 818 1657 sermonem
829 1628 1008 1656 instituisset
1017 1629 1055 1656 de

227 1682 264 1703 eo
274 1675 477 1707 adolescente,
490 1675 548 1709 cui,
561 1677 594 1702 ut
613 1676 658 1702 est
669 1673 752 1710 apud
763 1673 942 1708 Mattbtnum,
955 1673 1053 1700 Domi-

226 1727 284 1748 nus
295 1720 425 1748 dixerat:
439 1719 536 1748 Vende
545 1727 612 1755 qua’
623 1719 758 1750 habes,et
766 1718 805 1746 da
816 1718 1000 1753 pauperibus
1007 1717 1053 1752 Ψ,

226 1766 291 1792 tum
302 1765 427 1793 demum
446 1764 546 1801 ipsum
566 1764 608 1792 ita
628 1763 793 1800 alloquitur
803 1763 933 1799 (tom.ll',
945 1770 975 1799 p.
988 1764 1052 1798 Si):

225 1810 256 1836 Εἰ
273 1811 322 1847 γὰρ
343 1809 389 1836 οὐκ
409 1809 557 1846 ἐφὸνενσας,
579 1811 612 1840 ὡς
629 1811 661 1835 σὺ
675 1811 734 1845 φὴς,
749 1809 808 1834 οὔτε
824 1807 980 1844 ἐμοίχευσας
996 1807 1054 1834 οὒτε

225 1855 344 1890 ἔκλεψας,
366 1854 424 1881 οὗτε
442 1855 678 1891 κατεμαρτύρησάς
701 1863 771 1884 τινος
790 1855 935 1889 μαρτυρίαν
954 1851 1052 1887 ψευδῆ,

225 1898 345 1928 ἀνόνητον
358 1909 458 1925 σεαυτω
468 1902 551 1929 ποιεῖς
560 1901 607 1927 τὴν
618 1900 676 1934 περὶ
688 1902 771 1924 ταῦτα
783 1895 912 1930 σπουδὴν,
925 1899 960 1933 μὴ
973 1906 1054 1933 προσ-

222 1945 305 1975 τιθεὶς
315 1946 343 1970 τὸ
354 1942 488 1978 λεῖπον,δι’
499 1943 529 1969 οὖ
539 1945 617 1980 μόνον
629 1941 694 1971 δυνή
700 1952 730 1979 σῃ
743 1941 862 1968 εἰσελθεῖν
874 1941 909 1972 εἰς
919 1943 965 1970 τὴν
978 1941 1054 1977 βασι-

223 1988 292 2014 λείαν
308 1992 353 2014 τοῦ
365 1992 442 2016 Θεοῦ.
455 1988 585 2021 Etenim,
606 1988 633 2015 si
651 1995 711 2015 non
731 1986 874 2018 occidisti,
887 1989 920 2013 ut
932 1987 986 2019 ais,
1003 1993 1052 2014 ne-

222 2041 280 2069 que
289 2033 476 2061 adulterium
486 2032 660 2061 commisisti
670 2039 763 2067 neque
773 2031 896 2066 furatus
907 2039 946 2065 es,
959 2038 1053 2066 neque

223 2082 330 2106 contra
342 2078 511 2114 quempiam
521 2078 637 2113 falsum
659 2077 858 2105 testimonium
870 2076 995 2104 dixisti:
1007 2076 1052 2103 ni-

222 2124 384 2152 hilominus
395 2127 494 2151 tamen
504 2122 669 2151 adhibitam
681 2122 713 2149 in
733 2121 779 2149 his
789 2121 914 2156 agendis
924 2120 1050 2155 diligen-

220 2170 294 2197 tiam
308 2169 364 2196 tibi
380 2169 601 2203 infructuosam
614 2167 718 2202 efﬁcis,
731 2167 783 2202 qui
801 2166 882 2202 quod
900 2167 1049 2202 reliquum

1109 1580 1181 1608 dam
1195 1580 1339 1608 severitas
1354 1582 1492 1616 apparet,
1506 1588 1601 1616 quam
1621 1582 1806 1610 monasticas
1823 1581 1940 1610 Consti-

1108 1625 1249 1659 tutiones,
1266 1625 1296 1652 in
1310 1625 1425 1661 quibus
1440 1625 1591 1660 ejusmodi
1604 1626 1769 1654 severitatis
1790 1634 1828 1654 ne
1849 1627 1939 1655 vesti-

1108 1670 1191 1704 gium
1216 1669 1339 1705 quidem
1364 1669 1459 1698 ullum
1478 1673 1587 1698 exstat.
1616 1673 1659 1699 Ita
1681 1671 1763 1700 enim
1788 1672 1941 1701 constabit

1108 1714 1263 1749 Basilium,
1288 1722 1358 1742 cum
1381 1714 1419 1742 de
1443 1714 1580 1742 moribus
1604 1723 1776 1744 sermonem
1800 1716 1938 1751 haberet,

1108 1767 1228 1795 semper
1254 1758 1302 1786 sui
1317 1758 1445 1787 similem
1471 1759 1564 1787 fuisse
1585 1767 1592 1787 :
1621 1760 1673 1796 qui
1692 1761 1804 1789 scilicet
1822 1761 1938 1798 ubique

1108 1805 1169 1832 tam
1183 1804 1213 1831 in
1226 1803 1345 1838 Regulis
1360 1811 1453 1840 quem
1464 1804 1494 1832 in
1505 1804 1571 1832 aliis
1586 1805 1650 1832 suis
1664 1805 1782 1842 scriptis
1794 1813 1937 1835 nonnun-

1108 1856 1201 1885 quam
1225 1856 1257 1875 se
1271 1847 1362 1884 paulo
1379 1848 1559 1876 severiorem
1582 1849 1757 1878 Ostenderit.
1774 1851 1875 1886 Neque
1896 1854 1938 1880 ta-

1108 1901 1177 1921 men
1185 1895 1345 1929 propterea
1355 1893 1457 1920 statim
1467 1893 1736 1929 reprehendendns
1746 1897 1790 1924 est
1799 1896 1843 1923 vir
1854 1905 1937 1925 sum-

1107 1946 1186 1970 mus,
1207 1945 1276 1965 cum
1287 1938 1352 1973 ejus
1362 1937 1455 1966 verba
1468 1938 1594 1974 quilibet
1613 1939 1835 1975 paulummodo
1851 1949 1936 1978 pers-

1107 1982 1238 2018 picacior
1248 1981 1278 2009 in
1290 1981 1404 2010 bonam
1412 1985 1529 2018 partem
1540 1983 1729 2020 interpretari
1735 1984 1821 2013 facile
1827 1986 1934 2022 possit.

1142 2028 1184 2054 42.
1208 2026 1295 2059 Quod
1312 2026 1377 2062 jam
1397 2026 1502 2055 attinet
1515 2027 1554 2055 ad
1564 2027 1665 2064 ipsam
1676 2028 1828 2057 scribendi
1844 2031 1937 2059 ratio-

1105 2079 1187 2104 nem,
1203 2071 1335 2106 ingenue
1354 2071 1472 2099 fatebor
1482 2072 1622 2107 Regulas,
1636 2073 1661 2100 si
1675 2073 1848 2109 eloquentia
1866 2083 1937 2111 spe-

1104 2117 1211 2148 ctetur,
1220 2124 1239 2144 a
1249 2116 1363 2143 caeteris
1375 2116 1474 2144 Basilii
1485 2116 1630 2152 operibus
1640 2118 1777 2146 nonnihil
1787 2118 1910 2148 differre
1926 2129 1932 2148 :

1104 2159 1156 2187 sed
1167 2160 1230 2188 11th
1241 2159 1409 2195 diversitas,
1418 2167 1488 2187 cum
1499 2160 1541 2188 rei
1552 2164 1765 2196 argumentum
1775 2163 1818 2190 ita
1827 2166 1934 2199 postu-

220 2214 334 2240 estnon
345 2211 485 2246 adjicias,
499 2218 557 2246 quo
575 2210 637 2238 solo
647 2210 743 2244 possis
753 2209 784 2236 in
804 2209 857 2237 Dei
865 2216 991 2243 regnum
1003 2209 1048 2236 in-
1063 2223 1085 2250 υ
1100 2204 1186 2238 Ιᾶΐεῖ,
1197 2204 1347 2250 Πὲῑῐξίῐιθιῑι
1359 2211 1480 2250 Ψονθΐθ
1490 2204 1589 2233 debet
1598 2206 1663 2233 Non
1673 2206 1753 2234 enim
1763 2207 1894 2236 decebat
1901 2209 1934 2237 in

218 2256 314 2292 gredi.
337 2257 369 2283 Et
381 2263 452 2282 vero
465 2255 604 2291 quisquis
626 2254 710 2282 audit
729 2253 802 2281 illud
819 2262 825 2281 :
841 2253 1048 2281 Nihilominus

219 2303 318 2329 tamen
329 2300 496 2328 adhibitam
507 2300 538 2327 in
557 2300 603 2327 his
614 2299 801 2334 diligentiam
813 2298 867 2325 tibi
876 2298 1046 2332 infructuo-

218 2353 281 2374 sam
297 2345 402 2380 efﬁcis,
413 2345 466 2380 qui
476 2344 556 2380 quod
566 2344 716 2379 reliquum
731 2346 758 2370 et
770 2350 829 2370 non
841 2342 1045 2378 adjicias,quo

217 2390 281 2418 solo
289 2391 385 2424 possis
405 2398 436 2417 in
451 2390 507 2417 Dei
526 2396 648 2424 regnum
660 2387 791 2422 ingredi,
804 2387 916 2422 statim,
929 2386 989 2414 nisi
1003 2389 1044 2415 at-

217 2434 326 2463 tentior
337 2435 384 2466 sit,
396 2434 452 2461 sibi
462 2433 493 2461 in
504 2433 640 2461 animum
651 2432 767 2459 inducit
778 2431 922 2459 Basilium
933 2431 990 2459 hoc
1001 2431 1045 2459 di-

216 2487 282 2508 cere
294 2479 436 2514 voluisse,
448 2478 512 2505 ﬁeri
527 2485 588 2505 non
609 2484 709 2512 posse,
722 2479 753 2504 ut
774 2476 842 2512 quis
862 2476 892 2504 in
914 2484 1043 2511 regnum

215 2524 360 2552 cmlorum
372 2522 566 2558 ingrediatur,
575 2521 632 2549 nisi
641 2521 743 2549 fecerit
753 2520 836 2557 quod
846 2521 916 2548 huic
926 2521 1042 2549 adolesr

214 2568 293 2596 centi
306 2567 420 2601 deerat,
440 2567 497 2594 hoc
518 2567 574 2599 est,
594 2565 652 2593 nisi
665 2565 769 2592 omnia
789 2572 845 2592 sua
864 2564 1040 2597 vendiderit,

212 2612 387 2648 dederitque
398 2610 585 2647 pauperibus
597 2619 603 2637 :
616 2609 699 2646 quod
710 2609 800 2637 nimis
810 2611 964 2637 austerum
975 2617 1040 2636 esse

210 2657 314 2685 vident
323 2664 443 2684 omnes.
455 2655 573 2683 Addam
585 2654 686 2682 locum
697 2653 863 2690 quemdam
874 2662 889 2682 e
901 2661 1038 2681 sermone

210 2703 254 2730 De
265 2702 396 2737 tegendis
408 2700 493 2728 libris
503 2701 662 2735 gentilium
672 2700 755 2735 (tom.
767 2701 799 2734 ll,
809 2707 839 2735 p.
850 2699 924 2735 181),
935 2698 988 2727 ubi
997 2699 1038 2727 ita

244 2779 268 2796 ³⁵
287 2778 373 2806 Joan.
391 2785 452 2813 Vill,
468 2778 512 2805 3i.
552 2776 586 2794 ⁸⁵·
606 2776 705 2805 Matth.
721 2783 782 2810 xux,
796 2777 840 2803 21.

1101 2249 1278 2277 monasticis
1289 2248 1408 2284 Regulis
1418 2249 1645 2278 conscribendis
1656 2250 1698 2278 uti
1707 2251 1862 2286 grandiori
1873 2255 1933 2289 sty-

1100 2293 1139 2329 lo,
1153 2293 1204 2321 sed
1217 2293 1410 2329 simpliciore,
1422 2293 1537 2330 quique
1557 2294 1597 2322 ad
1616 2302 1676 2330 res,
1687 2303 1755 2331 quae
1767 2297 1932 2325 tractaren-

1100 2341 1157 2372 tur,
1170 2337 1268 2374 aptior
1278 2340 1358 2365 esset
1373 2340 1463 2374 atque
1483 2339 1752 2368 accommodatior.
1764 2341 1825 2376 Ego
1839 2341 1932 2377 igitur

1100 2383 1241 2418 Regulus,
1254 2383 1277 2410 si
1288 2390 1357 2410 cum
1367 2382 1492 2418 reliquis
1502 2383 1605 2411 Basilii
1618 2384 1735 2421 scriptis
1745 2393 1929 2421 comparen-

1099 2430 1156 2459 tur,
1169 2428 1269 2455 minus
1279 2426 1432 2462 elegantes
1453 2435 1518 2455 esse
1537 2435 1598 2456 non
1618 2436 1697 2464 nego
1716 2429 1842 2465 quidem
1856 2440 1863 2458 :
1876 2431 1929 2459 sed

1098 2475 1199 2501 tamen
1211 2471 1362 2500 contendo
1373 2471 1455 2508 ipsas
1466 2479 1527 2500 non
1537 2471 1680 2508 indignas
1692 2481 1767 2505 esse,
1781 2482 1851 2511 qua;
1871 2475 1929 2504 elo-

1097 2516 1297 2554 quentissimo
1308 2515 1446 2552 scriptori
1457 2524 1493 2544 ac
1504 2516 1724 2546 facundissimo
1743 2518 1926 2549 tribuantur.

1096 2564 1130 2590 Et
1144 2570 1216 2590 vero
1226 2561 1300 2598 quid
1310 2561 1342 2588 in
1352 2560 1537 2596 Regularum
1548 2562 1626 2598 style
1645 2563 1691 2590 vel
1711 2564 1842 2592 morosis
1862 2565 1926 2593 dis-

1094 2607 1203 2644 plicere
1213 2606 1319 2643 possit,
1330 2613 1392 2633 non
1402 2605 1499 2633 video.
1517 2605 1592 2634 Fluit
1604 2607 1715 2644 ubique
1725 2609 1822 2637 oratio
1832 2609 1926 2638 libere

1094 2660 1129 2681 ac
1153 2651 1293 2680 suaviter.
1311 2651 1345 2678 Ut
1358 2649 1522 2678 verborum
1541 2650 1731 2681 abundantia
1745 2653 1925 2690 scriptorem

1094 2696 1342 2734 copiosissimum
1357 2694 1451 2723 fuisse
1473 2697 1576 2732 aperte
1591 2697 1732 2732 ostendit,
1749 2697 1791 2727 ita
1803 2706 1922 2734 eorum,
