2020 3140
84 172 126 199 109
827 169 885 197 ΡΒ]

939 168 1020 197 ἱΤΙΟ.

1719 173 1771 201 110

80 233 196 261 delectus
219 232 461 269 constructioque
484 232 622 260 dubitare
642 239 705 260 non
720 231 789 260 sinit
811 231 886 267 quin
899 234 923 258 Α
942 241 955 256 ‹‹
971 231 1010 258 Ei
1034 231 1086 267 qui
1109 231 1174 259 vult
1196 233 1291 260 tecum
1306 231 1340 260 in
1351 231 1468 267 judicio
1483 233 1671 266 contendere,
1683 243 1698 259 »
1714 236 1769 264 etc.

79 277 148 305 idem
161 277 371 307 disertissimus
384 276 483 305 fuerit.
495 277 571 310 Quid
584 277 671 313 plura
681 277 695 304 ?
707 278 730 304 A
745 275 834 304 nobis
845 275 886 304 fa-

78 322 110 349 cit
122 329 217 349 earum
230 329 331 349 rerum
346 321 477 357 optimus
489 321 584 356 judex
599 321 729 349 Photius.
743 321 796 349 Ubi
806 320 886 348 enim

77 366 108 394 de
120 366 251 394 Asceticis
266 367 365 395 Basilii
378 366 521 402 loquitur,
538 366 579 394 ita
599 366 701 394 scribit
712 367 754 400 (a)
767 375 773 393 :
789 366 827 393 In
841 365 887 393 his

75 414 163 439 tamen
177 411 289 439 duobus
306 412 390 439 libris
402 419 462 440 non
481 419 596 446 semper
608 412 648 440 ad
661 411 826 446 emphasim
842 417 887 437 re-

75 457 171 484 currit.
185 457 291 484 Statim
307 458 384 484 enim
397 457 513 491 primus
530 456 606 484 liber
619 456 698 484 nihil
710 464 773 491 pra
787 463 817 483 se
825 455 887 490 fert

74 501 136 535 tale,
143 501 198 528 nisi
208 501 287 536 quod
296 501 384 529 semel
395 501 508 529 alicubi
515 501 762 535 perreticentiam
772 499 888 528 malum

73 552 147 572 omen
161 548 285 573 avertat.
302 546 380 574 Nam
393 545 433 573 ad
454 548 561 574 caetera
577 545 656 581 quod
668 545 786 578 attinet,
800 543 888 572 valde

72 589 108 617 ibi
118 593 155 618 est
163 591 277 624 ﬁrmus,
291 593 318 618 et
331 597 412 626 aque
421 599 518 625 purus
542 592 630 626 atque
645 590 808 623 dilucidus,
821 596 888 623 per-

72 641 121 669 que
133 634 203 662 duos
221 635 306 663 hosce
321 635 412 662 libros
437 635 572 663 decurrit
585 635 752 669 simplicior
764 634 887 670 quidam

72 682 95 706 et
106 679 319 714 perfamiliaris
331 687 427 708 sermo
437 687 473 708 ac
483 680 666 714 compositio,
683 680 724 707 ad
738 679 824 714 vulgi
833 686 887 706 au-

71 731 112 751 res
121 727 292 759 comparata
307 727 396 760 atque
408 724 545 758 demissa,
560 727 586 752 el
600 724 640 752 ad
653 725 749 752 solam
769 724 888 751 demum

72 768 229 796 auditorum
243 769 375 797 salutem
396 769 521 797 intenta.
540 771 640 797 Graeca
656 769 757 796 videre
769 767 823 804 qui
837 776 889 795 cu—

72 813 133 848 piet,
147 821 180 841 ea
190 813 333 849 superius
344 813 443 848 legere
458 814 567 850 poterit
581 814 676 849 (num.
692 814 748 845 27).
758 812 815 841 Sed
825 812 890 840 haec

71 858 224 892 generatim
240 858 324 886 dicta
336 860 424 885 sunt:
447 866 529 886 nunc
548 858 585 886 de
599 858 687 886 certis
702 857 889 894 quibusdam

942 276 1019 303 Loca
1034 275 1176 311 quaedam
1193 276 1353 312 Scriptura:
1368 277 1485 305 diverse
1500 277 1540 306 ab
1554 277 1771 315 interpretibus

940 328 1029 348 versa
1053 321 1145 348 fuisse
1170 329 1232 349 non
1255 329 1325 350 raro
1347 324 1450 350 monet
1472 322 1608 351 Basilius.
1637 320 1772 361 Exempli

942 365 1096 401 causa,sic
1112 365 1143 393 in
1158 374 1247 402 opere
1262 367 1321 395 Sex
1334 367 1451 395 dierum
1462 367 1609 404 scriptum
1621 368 1773 399 invenitur

942 409 1036 444 (hom.
1053 411 1070 437 4
1083 411 1114 438 in
1127 411 1219 445 Hoc,
1235 419 1265 439 n.
1284 411 1310 446 5)
1324 420 1331 439 z
1348 414 1506 448 Πρόσκειται
1522 411 1552 439 δέ
1565 412 1590 439 ἐν
1604 413 1707 446 πολλοῖς
1721 419 1772 441 τῶν

943 452 1115 491 ἀντιγράγων,
1145 458 1194 481 Καὶ
1226 457 1348 492 συνήχθη
1371 457 1400 482 τὸ
1427 455 1498 494 ὕδωρ
1525 459 1554 483 τὸ
1576 457 1697 484 ὑποκάτω
1725 461 1772 485 τοῦ

943 498 1053 535 οὐρανοῦ
1089 500 1124 530 εἰς
1158 501 1206 531 τὰς
1244 501 1399 537 συναγωγὰς
1431 501 1526 536 αὐτῶν,
1564 504 1610 528 καὶ
1645 503 1718 539 ὤφθη
1753 503 1770 532 ἠ

943 542 1010 581 ξηροί
1025 552 1030 558 ”
1049 544 1113 581 οἱπερ
1138 545 1196 571 οὒτε
1218 546 1284 576 τινὲς
1299 550 1350 576 τῶς
1373 545 1468 572 λοιπῶν
1493 545 1671 574 ἔκδεδώκασιν
1694 557 1773 585 ερμη-

942 592 1047 618 νέων,,,,
1065 591 1097 615 τὰ
1122 592 1207 616 τοίνυν
1234 589 1328 627 ἀκριϐῆ
1354 595 1403 617 τῶν
1432 591 1596 630 ἀντιγράφων
1620 592 1769 621 ὠϐέλισται.

944 635 1088 662 Additum
1104 637 1146 662 est
1162 637 1261 664 tamen
1284 636 1317 663 in
1338 637 1442 664 multis
1457 637 1692 672 exemplaribus,
1707 639 1772 666 «Et

943 682 1125 715 congregata
1137 683 1179 708 est
1198 687 1289 716 aqua,
1303 689 1367 717 qua
1385 681 1440 709 sub
1457 683 1531 710 celo
1553 685 1628 717 erat,
1644 683 1677 711 in
1698 691 1771 712 con-

941 724 1130 760 gregationes
1151 732 1231 760 suas,
1245 728 1272 753 et
1296 726 1439 760 apparuit
1460 727 1585 755 arida.»
1607 727 1677 761 0am
1699 735 1773 757 sane

943 768 1034 797 verba
1048 769 1129 796 nulli
1154 776 1192 797 ex
1205 770 1330 805 reliquis
1345 770 1560 806 interpretibus
1582 772 1770 801 tradidere...

943 814 1054 841 Notata
1068 817 1138 842 sunt
1151 815 1246 849 igitur
1259 815 1343 842 obelo
1364 816 1553 850 exemplaria
1567 818 1770 846 accuratiora.

944 857 1084 893 Basilius,
1099 866 1170 886 cum
1185 859 1342 894 psalmum
1357 859 1536 889 vicesimum
1561 863 1703 890 octavum
1723 870 1772 891 co-

71 901 292 938 notis,equibus
308 902 450 930 Basilium
467 902 650 937 Regularum
666 904 815 930 auctorem
824 908 890 929 esse
905 907 925 934 Β
943 911 1010 931 ram
1033 903 1149 939 populo
1176 903 1352 940 explanaret
1375 905 1408 940 (t.
1433 907 1455 939 1,
1479 913 1550 942 pag.
1573 907 1644 942 114),
1663 907 1772 936 eodem

71 947 200 981 cognosci
212 947 320 983 possit,
335 947 533 976 disseramus.
550 949 631 975 Hanc
647 947 766 975 dicendi
782 946 890 974 formu-

69 992 132 1025 lam,
146 999 196 1026 ego
210 992 286 1025 vidi,
298 994 350 1019 aut
361 999 414 1027 ego
430 992 511 1027 novi,
529 992 637 1020 Basilio
653 991 889 1028 perfamiliarem

71 1035 147 1063 fuisse
155 1037 217 1071 jam
228 1036 336 1064 monui
347 1037 396 1072 (ὁ).
410 1037 562 1064 Invenitur
572 1040 674 1065 autem
684 1039 712 1064 et
723 1036 753 1064 in
768 1035 889 1070 [tegulis

69 1088 177 1117 quoque
187 1089 222 1109 ea
232 1081 302 1117 ipso.
317 1081 468 1109 scribendi
479 1082 574 1115 ratio;
597 1082 634 1109 ob
651 1081 743 1117 idque
765 1080 889 1109 Basilius

70 1133 160 1153 earum
176 1125 330 1160 legitimus
353 1134 464 1162 parens
493 1134 558 1154 esse
578 1126 646 1161 jure
660 1126 816 1162 putandus
831 1127 886 1153 est.

70 1172 106 1198 Ita
135 1171 221 1206 igitur
248 1171 282 1199 in
310 1171 416 1207 regula
448 1173 502 1200 254
534 1172 680 1208 scriptum
713 1171 885 1199 invenitur:

68 1215 76 1220 ”
85 1219 164 1254 Ωσπερ
177 1215 220 1243 οὖν
230 1219 262 1243 τὸ
277 1217 400 1254 ἀργύριον
416 1216 570 1243 ἀκολουθίαν
586 1219 641 1252 ἔχει
652 1220 705 1248 τοῖς
716 1216 886 1253 τραπεζίταις

70 1258 182 1288 δίδοσθαι
200 1263 234 1293 εἰς
258 1264 398 1298 πορισμὸν,
422 1262 473 1289 εἰσὶ
487 1263 549 1299 γὰρ,
566 1263 599 1293 ὡς
616 1261 640 1288 ἐν
655 1260 836 1298 Ἀλεξανδρείᾳ
859 1261 885 1286 ἕ-

67 1315 132 1340 γνων,
148 1309 171 1332 οἱ
185 1305 380 1343 ὑποδεχόμενοι
404 1310 449 1333 καὶ
472 1311 549 1333 τοῦτο
561 1311 703 1340 ποιοῦντες,
720 1307 810 1339 οὕτως,
827 1309 884 1335 etc.

69 1349 312 1383 Quemadmodum
332 1353 426 1386 igitur
436 1352 565 1386 pecunia
580 1353 652 1380 solet
671 1351 884 1379 nummulariis

66 1395 101 1422 ad
111 1399 248 1430 quastum
268 1397 337 1424 dari
359 1397 438 1432 (sunt
450 1397 539 1431 enim,
555 1399 589 1424 ut
610 1404 662 1431 ego
686 1396 883 1425 Alexandriae

66 1441 136 1474 novi,
149 1441 199 1476 qui
207 1441 372 1475 recipiant,
384 1444 411 1469 et
425 1441 555 1476 idipsum
568 1442 740 1477 peragant),
754 1442 808 1476 sic,
825 1444 881 1470 etc.

67 1485 94 1512 Et
104 1483 169 1512 alibi
183 1493 252 1513 cum
271 1485 310 1513 de
321 1485 504 1522 quibusdam
515 1486 617 1520 rebus,
627 1494 695 1522 quie
711 1488 818 1522 sponte
829 1494 882 1514 na-

66 1530 129 1556 tura
141 1530 222 1565 ﬁunt,
239 1529 336 1558 verba
350 1530 477 1566 fecisset,
496 1534 672 1567 persecutus
688 1531 803 1558 esthoc
819 1539 884 1559 mo-

944 948 1036 976 modo
1050 948 1170 977 locutus
1185 951 1230 978 est
1243 958 1249 977 ξ
1273 949 1311 976 Ἐν
1326 949 1430 981 πολλοῖς
1442 953 1529 987 μέντοι
1542 955 1593 977 τῶν
1609 951 1771 989 ἀντιγράφων

943 996 1127 1030 προσκείμενον
1142 993 1247 1030 εὕρομεν
1261 996 1300 1028 τό,
1317 997 1373 1023 etc.
1391 995 1428 1023 In
1442 996 1547 1024 multis
1560 999 1659 1025 autem
1674 1004 1772 1026 exem-

941 1039 1082 1073 plaribus
1111 1039 1247 1067 additum
1272 1040 1434 1075 reperimus
1453 1041 1546 1076 illud,
1568 1043 1624 1069 etc.
1652 1042 1772 1077 Insigne

944 1083 1027 1111 aliud
1050 1083 1224 1120 exemplum
1248 1084 1402 1120 proferam
1423 1093 1439 1113 e
1464 1085 1599 1114 secundo
1623 1087 1655 1114 in
1669 1087 1772 1116 Euno-

942 1129 1034 1156 mium
1047 1128 1124 1156 libro
1139 1129 1235 1163 (num.
1251 1131 1309 1163 20),
1325 1129 1378 1157 ubi
1392 1129 1435 1158 ita
1449 1129 1577 1164 legitur:
1593 1132 1661 1162 Tir»;
1676 1141 1706 1167 γι
1720 1134 1771 1168 μὴν

942 1171 1011 1208 μηδὲ
1035 1172 1114 1199 ἐκεῖνο
1134 1172 1354 1210 ἀπαρασήμαντον
1368 1174 1560 1211 καταλίπωμεν,
1574 1176 1614 1202 ὅτι
1636 1176 1708 1202 ἄλλοι
1721 1180 1772 1203 τῶν

942 1217 1078 1254 ἑρμηνέων,
1095 1218 1119 1244 οἱ
1143 1221 1310 1255 καιριώτιρον
1331 1222 1380 1250 τῆς
1404 1222 1537 1255 σημασίας
1553 1224 1614 1253 τῶν,
1630 1220 1772 1258 Ἑϐραϊκῶν

940 1263 1116 1298 καθικόμενοι,
1145 1261 1288 1292 Ἐκτὴσατό
1312 1273 1355 1299 με,
1380 1262 1438 1289 ἀντὶ
1466 1268 1523 1299 τοῦ,
1547 1264 1678 1300 "Exi-tan,
1701 1263 1773 1292 ἐκδι-

942 1305 1069 1334 δῶκασιν.
1087 1307 1211 1335 Interim
1227 1310 1327 1336 tamen
1351 1315 1446 1344 neque
1460 1309 1542 1337 illud
1554 1309 1674 1338 silentio
1694 1317 1770 1345 pra-

940 1353 1097 1386 tereamus,
1131 1352 1308 1386 interpretes
1342 1353 1428 1387 alios,
1457 1354 1511 1389 qui
1546 1355 1769 1383 conuenientius

937 1396 1158 1424 Hebraicarum
1187 1403 1291 1424 vocum
1320 1397 1500 1425 sententiam
1527 1399 1656 1426 assecuti
1686 1402 1767 1434 sunt,

933 1448 991 1475 pro
1021 1441 1195 1474 «creavit,»
1222 1441 1347 1470 edidisse
1370 1443 1526 1476 «possedit
1559 1451 1643 1472 me.»
1669 1445 1703 1472 Et
1729 1452 1768 1472 ne

935 1484 1046 1519 longus
1070 1485 1139 1520 sim,
1158 1485 1265 1513 omitto
1286 1485 1398 1521 sciens,
1413 1494 1482 1522 quae
1506 1487 1649 1522 leguntur
1663 1488 1694 1516 in
1712 1488 1768 1517 ho-

934 1530 1017 1557 milia
1030 1529 1127 1565 prima
1141 1531 1174 1558 in
1187 1530 1331 1559 Hexaem.
1340 1539 1426 1559 num.
1442 1534 1457 1559 6
1471 1541 1477 1566 ;
1494 1531 1566 1561 item
1576 1541 1646 1569 qua;
1657 1533 1768 1570 scripta

65 1572 98 1600 do
122 1574 189 1610 (reg.
215 1575 300 1610 309):
325 1574 385 1611 Ἐγὺ
407 1574 436 1602 δὲ
460 1576 547 1611 ἔγνων,
562 1575 602 1601 ὁτι
626 1579 709 1602 ταῦτα
720 1577 880 1612 κατωρθὼοη

939 1575 1005 1601 sunt
1031 1573 1062 1601 in
1096 1573 1222 1602 homilia
1252 1574 1284 1602 in
1318 1575 1470 1615 psalmum
1502 1576 1766 1612 quadragesimum

66 1622 182 1655 Χρισοτοῦ
191 1622 289 1657 χάριτι
312 1622 357 1645 καὶ
377 1619 401 1646 ἐν
423 1618 536 1656 ἀνδράσι
557 1623 602 1646 καὶ
618 1619 642 1646 ἐν
663 1620 778 1656 γυναιξὶ,
795 1622 882 1647 πίστει

101 1664 132 1695 εἰς
145 1667 186 1690 τον
199 1666 296 1701 Κύριον
308 1674 416 1700 γνησιᾳ.
433 1665 497 1700 Ego
511 1668 609 1693 autem
620 1666 690 1693 novi
700 1665 763 1694 haec
774 1666 885 1694 Christi

63 1708 152 1740 gratia
162 1708 309 1744 completa
318 1708 412 1742 fuisse
422 1711 485 1735 tum
501 1708 532 1735 in
545 1708 617 1736 viris
630 1711 693 1736 tum
709 1709 739 1736 in
748 1709 881 1743 feminis,

61 1753 276 1787 pergenuinam
289 1753 321 1780 in
337 1753 496 1780 Dominum
509 1753 598 1788 fidem
616 1755 660 1784 (ε).
674 1754 746 1781 Cum
758 1753 790 1780 in
800 1756 882 1781 tomo

64 1796 150 1830 primo
173 1797 210 1825 de
234 1797 352 1825 ultimis
378 1797 500 1825 duobus
527 1798 558 1825 in
586 1798 771 1825 Eunomium
798 1797 882 1825 libris

63 1839 291 1876 disputaremus,
307 1842 518 1870 adnotavimus
535 1842 687 1877 Basilium,
703 1842 729 1870 si
742 1842 816 1878 quid
831 1844 884 1870 aut

64 1886 216 1921 probasset,
242 1889 299 1915 aut
322 1887 519 1921 confutasset,
541 1889 593 1915 aut
616 1887 819 1923 explanasset,
843 1886 884 1915 ita

62 1931 216 1960 orationem
235 1931 418 1960 concludere
440 1931 573 1964 solitum,
587 1933 633 1957 καὶ
656 1935 739 1957 ταῦτα
763 1933 808 1968 μὲν
830 1931 884 1958 ἐπὶ·

62 1979 184 2010 τοσοῦτον,
201 1975 233 2002 τὰ
255 1978 303 2013 μὲν
327 1974 371 2002 οὖν
395 1978 502 2012 περὶ...,
530 1975 573 2002 ἐπὶ
599 1979 733 2009 τοσοῦτον,
750 1977 802 2003 aut.
825 1975 884 2003 alio

62 2019 142 2048 simili
155 2021 258 2049 modo.
277 2020 363 2048 Paria
387 2023 489 2048 autem
510 2020 542 2048 in
564 2020 684 2055 Regulis
699 2020 882 2054 invenimus,

61 2063 86 2090 in
106 2065 213 2100 quibus
238 2066 281 2093 sic
302 2064 410 2100 legitur
434 2066 506 2101 (reg.
523 2067 539 2092 2
555 2065 624 2099 fus.,
640 2073 671 2092 n.
685 2066 710 2100 4)
725 2073 731 2092 :
757 2067 807 2091 Καὶ
823 2067 882 2101 περὶ

60 2110 98 2143 μὲν
118 2114 163 2140 τῆς
186 2110 223 2140 εἰς
244 2111 312 2137 Θεὸν
335 2110 439 2145 αγάπης
454 2113 580 2136 τοσαῦτα.
596 2109 656 2137 Sed
678 2109 822 2138 hactenus
848 2109 884 2137 de

61 2153 207 2183 dilectione
232 2155 299 2183 Dei.
327 2154 455 2187 Quando
479 2156 580 2182 autem
607 2154 702 2182 semel
728 2154 827 2182 Basilii
850 2155 882 2182 in

60 2198 231 2227 Eunomium
257 2199 344 2227 libris
367 2207 440 2227 usus
466 2207 544 2233 sum,
559 2207 595 2226 ex
619 2199 666 2226 his
687 2198 770 2227 aliud
791 2206 882 2233 argu-

61 2246 186 2272 mentum
201 2246 317 2280 petam.
334 2244 434 2279 Igitur,
449 2251 520 2271 cum
534 2243 619 2271 initio
626 2243 695 2271 libri
708 2243 784 2271 tertii
793 2243 881 2279 signi-
897 2260 919 2288 Ι)

61 2287 141 2316 ἣρω-θ
154 2288 245 2317 vellet
261 2289 448 2325 Scripturam
473 2295 605 2321 sacram,
621 2288 662 2316 ita
680 2288 799 2316 locutus
819 2291 880 2317 est:

62 2333 191 2370 Ἀξιὼματι
212 2336 259 2371 μὶν
284 2336 335 2370 γὰρ
361 2332 517 2370 δευτερεύειν
540 2337 587 2360 τοῦ
611 2334 672 2360 Υὶοῦ
696 2331 883 2370 παραδίδωσιν

61 2378 116 2409 ἴσως
138 2380 151 2405 ὀ
171 2384 220 2410 τῆς
247 2378 380 2409 ιύσιϐείας
400 2378 486 2415 λόγος.
503 2379 657 2414 Dignitate
669 2379 787 2414 quidem
803 2379 883 2414 [Spi-

60 2423 153 2459 ritum]
167 2424 335 2452 secundum
343 2431 404 2452 esse
415 2431 434 2451 a
448 2424 526 2452 Filio
540 2423 633 2451 tradit
645 2424 777 2458 fortasse
790 2424 883 2458 pieta~

62 2467 93 2494 tis
102 2475 202 2496 sermo.
211 2470 307 2497 Secus
322 2471 424 2496 autem
437 2468 468 2496 in
483 2468 588 2503 regula
599 2476 681 2496 nona
697 2468 811 2504 majore
823 2475 885 2496 non

60 2510 166 2548 legitur,
182 2514 236 2542 ubi
250 2514 294 2542 ita
310 2514 457 2550 scriptum
473 2516 518 2542 est
532 2515 613 2549 (pag.
630 2514 693 2549 35l)
707 2523 713 2541 :
728 2513 885 2547 Δικάξεσοαι

61 2554 86 2582 δὲ
109 2561 164 2594 περὶ
200 2559 289 2584 αὐτῶν
327 2557 369 2584 int
402 2556 582 2595 δικαστηρίων
619 2557 746 2590 ἐξωτικῶν
783 2558 886 2594 ἁπηγὸι

60 2610 140 2636 ρεπεν
154 2604 167 2629 ὁ
192 2607 241 2633 τῆς
258 2603 286 2629 οε
296 2602 411 2634 οσεϐείας
425 2603 511 2639 λόγος,
536 2601 564 2630 δι
577 2602 610 2628 ὧν
634 2613 710 2639 φησι·
726 2606 767 2638 Τῷ
788 2603 887 2630 Θέλοντί

62 2654 98 2672 σοι
122 2649 256 2684 κριθῆναι,
296 2650 352 2676 etc.
382 2649 438 2676 Sed
468 2656 535 2676 cum
561 2649 633 2683 ipsis
668 2656 723 2683 pro
751 2648 888 2676 tribunal

59 2694 173 2720 externo
199 2693 324 2727 litigare
344 2695 422 2721 vetat
434 2693 557 2728 pietatis
578 2700 684 2726 sermo,
701 2692 747 2720 his
765 2693 878 2721 verbis:

91 2745 112 2762 ³⁸
128 2746 196 2774 Luc.
210 2754 287 2778 xxu,
300 2748 347 2774 36.

93 2790 130 2823 (ιι)
146 2790 219 2818 Cod.
238 2799 313 2823 CXCI,
330 2798 360 2826 p.
377 2792 437 2818 493.

95 2826 128 2860 (b)
146 2827 212 2860 Leg.
230 2834 262 2857 ιι,
279 2829 324 2854 '29.

934 1621 1089 1654 quartum,
1104 1620 1232 1652 numﬁé.
1253 1619 1296 1647 Fit
1314 1622 1418 1648 autem
1440 1628 1565 1657 quoque
1590 1622 1621 1650 in
1645 1622 1766 1657 Reguli:

934 1663 1047 1691 mentio
1062 1662 1142 1690 illius
1166 1663 1198 1691 in
1213 1663 1436 1700 Scripturarum
1450 1665 1699 1702 interpretatione
1714 1674 1766 1695 va-

934 1706 1059 1735 rietatis.
1075 1707 1108 1734 In
1131 1706 1191 1739 his“,
1204 1707 1284 1735 enim
1305 1708 1347 1736 ita
1371 1708 1515 1745 scriptum
1532 1710 1578 1738 est
1591 1712 1666 1747 (reg.
1682 1712 1763 1747 251):

934 1754 977 1781 Ὠς
995 1752 1030 1786 μὴ
1056 1749 1121 1776 εἶναι
1141 1752 1310 1787 πρόσταγμα,
1327 1750 1404 1778 Ἀλλὰ
1417 1756 1462 1778 νῦν
1481 1753 1495 1779 ὁ
1521 1754 1589 1790 ἒχων
1614 1753 1764 1791 βαλάντιον,

935 1793 1033 1831 ἀράτω,
1063 1796 1122 1824 ἦτοι
1150 1794 1208 1831 ἀρεῖ
1234 1794 1314 1828 (οὓτω
1339 1797 1390 1832 γὰρ
1418 1798 1464 1822 καὶ
1487 1798 1521 1824 τὰ
1543 1797 1624 1828 πολλὰ
1649 1802 1700 1825 τῶν
1723 1799 1767 1825 ἁν-

936 1838 1067 1874 τιγρᾶφων
1091 1839 1170 1874 ἕχει),
1187 1838 1251 1864 eam
1276 1841 1434 1876 προφητιίαν
1448 1840 1618 1878 προλέγοντος
1643 1846 1690 1869 τοῦ
1715 1846 1766 1870 Κυ-

935 1886 1004 1921 ρίου,
1020 1886 1074 1912 etc.
1090 1884 1139 1912 Ila
1154 1886 1185 1912 ut
1200 1884 1290 1920 illud,
1308 1885 1393 1913 «Sed
1406 1893 1488 1914 nuuc
1515 1887 1568 1923 qui
1590 1887 1680 1916 habet
1701 1896 1766 1918 sac-

937 1929 1049 1964 culum,
1062 1929 1162 1964 tollat,
1169 1940 1184 1954 »
1194 1937 1245 1957 seu
1256 1940 1270 1954 «
1283 1930 1408 1966 tollet“,
1417 1931 1468 1967 (sic
1479 1932 1557 1960 enim
1569 1933 1658 1962 etiam
1669 1935 1765 1962 multa

937 1974 1124 2008 exemplaria
1139 1974 1271 2009 habent),
1285 1982 1346 2002 non
1359 1975 1397 2003 sit
1412 1976 1558 2012 quoddam
1568 1982 1765 2014 praeceptum,

937 2019 988 2046 sed
994 2019 1170 2046 vaticinium
1177 2019 1309 2052 Domini,
1316 2020 1369 2055 qui
1376 2022 1605 2055 pramantiabat
1611 2023 1766 2058 futurum,

937 2066 992 2091 etc.
1008 2064 1066 2091 Has
1087 2063 1208 2091 dicendi
1228 2063 1388 2100 formulas,
1401 2066 1445 2091 τὸν
1461 2065 1603 2103 ἐπιμίλειαν
1618 2070 1665 2097 τὴν
1678 2070 1766 2097 κοινὴν

937 2109 1146 2143 πεπιστευμένον,
1177 2109 1202 2133 οἱ
1225 2110 1271 2136 τὴν
1293 2107 1405 2144 ὁδηγίαν
1429 2114 1478 2135 τῶν
1502 2111 1600 2137 πολλῶν
1624 2121 1767 2138 πεπιστευ-

937 2153 1017 2188 μένοι,
1030 2155 1059 2180 et
1071 2152 1146 2180 alias
1156 2152 1187 2179 id
1199 2159 1293 2187 genus
1309 2153 1340 2180 in
1353 2153 1474 2188 Regulis
1487 2155 1598 2191 saepius
1610 2164 1767 2184 occurrere

937 2197 1092 2232 aliquanto
1105 2198 1173 2224 ante
1187 2196 1376 2224 ostendimus
1392 2198 1444 2232 (ά).
1467 2198 1648 2235 Principium
1665 2203 1766 2229 autem

938 2241 1168 2270 Proverbiorum
1182 2249 1338 2278 exponens
1353 2243 1479 2271 Basilius
1499 2244 1608 2272 eodem
1621 2245 1768 2282 loquendi

937 2294 1045 2323 genere
1055 2295 1128 2314 usus
1142 2289 1197 2321 est,
1214 2287 1272 2315 hoc
1287 2287 1379 2316 modo
1390 2292 1473 2324 (pag.
1488 2291 1568 2323 {06):
1583 2293 1646 2316 οῖον
1660 2293 1767 2329 πορνεία

936 2334 983 2358 καὶ
998 2331 1152 2368 σωφροσύνη
1168 2333 1240 2368 παρὰ
1256 2333 1297 2358 σοὶ
1307 2334 1431 2369 κρίνεται,
1442 2335 1488 2360 καὶ
1501 2333 1601 2369 ὑψηλὸς
1611 2336 1768 2372 προκαθίξε-

937 2378 982 2403 ταί
997 2386 1043 2403 σου
1056 2377 1068 2402 ὁ
1083 2380 1141 2408 νοῦς
1155 2378 1356 2412 πεπιστευμένος
1369 2379 1398 2404 τὸ
1423 2375 1605 2416 δικαστήριον.
1626 2381 1770 2416 Exempli

939 2422 1188 2455 causa,scortatio
1201 2424 1229 2450 et
1243 2422 1392 2456 pudicitia
1407 2424 1491 2458 apud
1505 2427 1533 2452 te
1540 2425 1731 2462 iudicantur,
1739 2429 1767 2454 et

938 2467 1056 2494 excelsa
1079 2469 1131 2494 tua
1146 2473 1228 2494 mens
1247 2467 1395 2501 ejusmodi
1403 2468 1521 2502 judicio
1543 2469 1601 2497 sibi
1614 2471 1767 2498 commisso

935 2511 1087 2547 praesidet.
1115 2511 1203 2538 Decet
1232 2510 1323 2546 igitur
1345 2519 1407 2540 non
1439 2513 1687 2550 Constitutiones,
1713 2515 1768 2544 sed

938 2555 1068 2591 Regulas
1092 2555 1199 2583 Basilio
1225 2556 1331 2591 Magno
1357 2557 1459 2592 tribui,
1475 2565 1544 2586 cum
1564 2558 1595 2586 in
1619 2559 1666 2587 bis
1682 2559 1768 2588 Basi-

939 2601 1012 2630 liani
1028 2601 1097 2637 styli
1117 2600 1212 2628 multa
1232 2602 1421 2630 monimenta
1435 2605 1562 2637 exstent,
1579 2603 1610 2632 in
1636 2604 1695 2633 illis
1716 2613 1768 2634 au-

940 2649 1001 2675 tem
1016 2645 1091 2674 nihil
1106 2645 1164 2673 tale
1172 2653 1303 2681 usquam
1315 2650 1498 2683 compareat.
1511 2650 1614 2685 Neque
1625 2649 1684 2678 hoc
1693 2650 1768 2678 mihi

936 2691 1017 2720 credi
1031 2689 1163 2726 postulo,
1180 2689 1233 2718 sed
1253 2691 1506 2721 Constitutionum
1523 2690 1635 2722 librum
1656 2696 1768 2724 attente

977 2792 1016 2825 (ι’)
1028 2789 1111 2817 Prret'.
1125 2796 1156 2816 n.
1170 2791 1215 2816 72.

980 2826 1020 2861 (ιι)
1038 2826 1105 2860 Leg.
1119 2832 1150 2852 n.
1163 2826 1207 2852 38.
