2020 3140
254 173 303 200 Ml

1001 167 1184 195 PREFATIO
1192 188 1198 194 .

1888 169 1932 196 ΗΞ

253 242 289 262 ac
304 233 461 267 diligenter
480 230 538 266 legi
556 230 663 259 velim:
686 230 771 267 quod
789 230 841 266 qui
854 230 966 266 fecerit,
980 231 1030 264 ita,
1044 232 1071 258 ut

1136 230 1260 266 ὁμοίωσιν
1287 234 1336 260 τῆς
1370 230 1521 267 ἐπουρανίου
1548 229 1686 266 βασιλείας
1712 229 1887 267 παρείληπται,
1914 231 1938 260 ἢν

251 279 324 311 dixi,
337 286 399 305 rem
414 284 491 311 esse,
506 276 569 303 suis
580 275 674 303 oculis
692 277 803 303 cernet.

286 325 334 350 43.
352 322 417 350 Scio
434 321 516 349 aliter
533 320 641 348 sentire
657 319 865 347 doctissimum
883 320 980 348 virum
995 321 1080 348 Com-

249 368 391 396 beﬁsium
406 376 412 394 :
430 366 482 394 sed
499 365 582 401 quod
603 373 658 401 pro
677 365 766 393 ﬁrmo
780 367 958 400 argumento
971 364 1078 398 attulit,

250 411 379 447 Regulas
407 409 573 446 aliquando
604 409 767 436 severiores
792 409 894 444 videri,
913 409 941 436 id
968 411 1076 436 nostrae

249 456 386 492 opinioni
407 456 506 489 magis
539 453 639 482 favere
663 462 756 489 quam
784 453 902 482 ofﬁcere
931 454 1072 481 arbitror.

249 501 374 529 Basilius
388 500 478 533 enim,
489 501 520 526 ut
535 507 571 526 ex
583 499 668 526 dictis
681 500 723 534 (a)
737 501 864 532 constat,
879 498 909 526 in
923 498 988 526 aliis
1002 506 1075 534 quo-

247 554 306 582 que
321 545 438 580 scriptis
453 544 514 571 suis
534 552 564 571 se
590 543 724 579 praestitit
739 551 819 577 eum,
833 543 885 579 qui
910 543 1075 579 aliquando

246 590 377 618 severior
392 589 483 617 fuisse
499 588 580 616 credi
594 589 689 624 possit
703 597 708 616 :
737 588 790 616 sed
810 590 852 616 ita
867 590 977 623 tamen,
995 590 1035 623 ut,
1050 588 1074 615 si

244 635 406 663 verborum
437 634 502 668 ejus
527 641 598 661 vera
614 633 762 661 sententia
785 633 976 668 intelligatur,
1000 632 1074 660 nihil

243 680 369 707 omnino
394 686 492 714 neque
516 679 547 706 in
572 678 704 712 Regulis,
719 686 817 714 neque
842 678 873 706 in
888 677 954 706 aliis
977 677 1072 713 ipsius

241 723 502 752 lucubrationibus
513 724 566 750 aut
576 723 753 758 praedurum
761 724 813 750 aut
827 723 959 750 Stoicum
974 722 1071 749 inesse

240 768 434 804 perspicuum
442 767 489 794 sit.
498 768 602 794 Fateor
611 767 702 802 igitur
713 775 774 794 non
785 766 816 793 in
831 766 953 801 Regulis
967 766 1069 799 modo,

240 813 292 840 sed
309 813 339 840 in
356 812 421 840 aliis
436 811 524 839 etiam
540 810 726 847 quibusdam
744 811 842 839 Basilii
858 811 976 846 scriptis
991 810 1070 838 difﬁ-

238 858 305 886 cilia
329 857 472 894 qutedam
495 857 562 884 loca
584 856 727 892 reperiri:
755 855 809 884 sed
833 864 895 883 non
910 858 1070 892 propterea.

235 903 322 931 facile
345 902 492 935 adducar,
515 903 546 928 ut
570 909 621 929 eas
648 900 834 928 adulterinas
857 909 923 928 esse
947 904 1064 936 putem.
1083 913 1103 938 Β

236 947 294 974 Cur
308 947 400 979 enim,
416 953 531 982 quasso,
547 945 578 973 in
602 945 712 981 spuriis
738 948 924 981 ponerentur
946 945 1067 979 Regulae

235 991 359 1019 nomine
383 990 549 1018 severitatis
569 989 733 1025 cujusdam
753 990 896 1025 «majoris,
914 989 973 1018 alia
996 997 1067 1017 vero

233 1035 284 1064 illa
307 1035 405 1063 Basilii
421 1035 542 1071 scripta,
559 1035 590 1062 in
613 1034 726 1071 quibus
750 1043 813 1062 non
837 1035 968 1062 minores
993 1033 1068 1062 diffi-

233 1081 358 1108 cultates
385 1081 556 1114 occurrunt,
582 1087 637 1115 pro
665 1079 744 1107 veris
770 1079 980 1107 haberentur?
1009 1081 1067 1106 Cur

232 1133 336 1154 rursus
352 1127 500 1160 suspectw
516 1127 604 1152 erunt
619 1124 718 1152 Basilii
740 1124 859 1159 Regulae
876 1124 915 1152 ob
930 1123 1066 1152 difﬁciles

231 1169 383 1206 quosdam
398 1169 492 1202 locos,
508 1169 640 1197 aliorum
655 1177 726 1197 vero
750 1172 926 1197 sanctorum
943 1169 1065 1197 Patrum

230 1215 309 1249 libri,
338 1214 370 1241 in
395 1213 507 1250 quibus
533 1213 592 1241 loci
625 1216 678 1242 aut
712 1221 798 1249 aeque
831 1213 977 1247 difﬁciles,
1013 1222 1066 1248 aut

230 1260 322 1288 etiam
336 1258 519 1286 difﬁciliores
534 1258 738 1291 inveniuntur,
753 1258 900 1286 carebunt
915 1258 1064 1294 suspicio-

230 1304 296 1332 ne?
320 1305 352 1331 Et
377 1303 490 1339 alioqui
511 1303 590 1330 levia
613 1305 691 1333 sunt,
714 1311 782 1338 quae
805 1303 848 1330 vir
867 1302 1063 1330 doctissimus

230 1348 431 1377 Combeﬁsius
458 1348 595 1383 opponit,
614 1350 643 1375 et
667 1347 749 1380 talia,
776 1347 879 1383 qualia
901 1347 931 1374 in
954 1347 1064 1375 scholis

229 1392 359 1429 publicis
374 1391 508 1428 quotidie
521 1391 651 1428 proponi
666 1391 773 1424 solent,
790 1399 919 1427 quinque
933 1399 995 1427 qua
1019 1392 1064 1419 fa—

230 1437 340 1465 cilitate
354 1436 550 1472 objiciuntur,
566 1436 673 1464 eadem
693 1435 741 1463 vel
756 1436 795 1464 ab
822 1436 1064 1464 adolescentibus

230 1482 399 1510 solvuntur.
416 1482 514 1513 Quare
528 1488 598 1508 cum
613 1480 836 1508 eruditissimus
852 1481 895 1508 vir
905 1480 1064 1508 Tillemon-

230 1527 289 1555 tius
316 1527 354 1563 (b)
385 1526 558 1554 Combeﬁsii
584 1528 766 1560 argumenta
791 1525 922 1560 legisset,
946 1534 1063 1553 eorum—

231 1580 291 1608 que
304 1571 412 1620 cuique
427 1570 612 1606 respondere
624 1570 786 1603 statuisset,
797 1570 839 1598 ita
855 1571 1021 1606 respondit,
1034 1573 1066 1598 ut
1080 1592 1100 1620 Ο

232 1615 334 1644 mirari
349 1623 380 1643 se
395 1623 457 1642 non
471 1623 540 1643 raro
553 1615 775 1650 signiﬁcaverit,
789 1617 850 1642 tam
866 1614 944 1643 levia
959 1615 998 1642 ab
1013 1615 1065 1642 ho-

234 1660 316 1688 mine
338 1660 428 1688 docto
454 1659 530 1687 serio
553 1659 685 1695 proponi
710 1659 853 1695 potuisse.
880 1659 941 1687 Etsi
964 1666 1066 1688 autem

235 1705 414 1733 Tillemontii
439 1703 508 1732 libri
531 1704 591 1731 rari
611 1712 672 1731 non
693 1706 774 1737 sunt,
790 1704 938 1739 quoniam
966 1705 1066 1732 tamen

236 1750 365 1778 fortasse
384 1749 424 1777 ad
443 1756 572 1776 manum
595 1756 658 1776 non
680 1748 823 1776 omnibus
839 1751 936 1782 erunt,
951 1749 1065 1785 specio-

239 1794 370 1822 sioribus
390 1793 561 1822 Combeﬁsii
576 1793 762 1828 argumentis
785 1793 914 1821 breviter
929 1793 986 1821 hoc
999 1793 1066 1821 loco

238 1839 424 1875 respondere
438 1838 513 1866 mihi
529 1837 628 1865 visum
643 1840 687 1865 est
700 1846 706 1865 :
722 1837 806 1874 quod
818 1845 854 1865 eo
868 1837 1011 1866 libentius
1027 1838 1067 1866 fa-

241 1884 330 1917 ciam,
346 1884 419 1920 quia.
433 1883 464 1910 in
479 1883 569 1911 variis
591 1882 844 1918 responsionibus
867 1883 939 1910 novi
953 1883 1068 1919 aliquid

241 1929 368 1956 inveniri
394 1927 478 1956 solet.
509 1927 566 1956 Sed
587 1929 752 1963 antequam
776 1927 854 1955 ultra
880 1927 1069 1962 progrediar,

244 1975 388 2000 annotare
402 1971 475 1999 libet
490 1971 715 2005 Combeﬁsium,
732 1980 803 1998 cum
816 1971 1007 1999 Eustathium
1024 1974 1071 2000 Se—

245 2018 409 2046 bastenum
429 2016 609 2051 Regularum
634 2018 788 2044 auctorem
810 2024 877 2044 esse
902 2015 959 2043 sibi
980 2017 1072 2044 semel

246 2061 323 2090 falso
340 2061 552 2097 persuasisset,
579 2060 636 2088 sibi
658 2061 847 2096 persuasisse
871 2068 934 2088 non
960 2061 1070 2098 verius,

248 2106 389 2135 eumdem
410 2105 493 2133 illum
516 2105 701 2133 Eustathium
716 2105 756 2133 ob
771 2113 876 2134 earum
892 2105 1072 2140 Regularum

246 2159 423 2189 perversam
433 2151 603 2179 doctrinam
625 2150 657 2178 in
681 2150 808 2179 concilio
825 2151 991 2186 Gangrensi
1006 2159 1075 2179 con-

249 2197 426 2225 demnatum
441 2195 551 2223 fuisse:
576 2195 630 2223 sed
644 2195 727 2231 quod
742 2203 798 2231 pro
813 2198 893 2223 certo
908 2196 953 2223 vir
968 2195 1076 2224 doctis-

1135 273 1261 301 ἀδύνατον
1299 277 1360 311 ἡμῖν
1388 277 1578 312 προσγςλέσθαι
1607 277 1619 301 ὸ
1649 279 1694 301 τοῦ
1731 278 1810 312 Κυρίο
1837 273 1939 301 δείκνυσι

1132 319 1217 355 λόγος,
1235 323 1270 356 μὴ
1295 321 1379 346 πάντα
1403 321 1466 356 ὁμοῦ
1492 321 1524 345 τά
1543 322 1675 357 προσόντα
1689 321 1761 356 ἡμῖν,
1778 322 1821 345 καὶ
1834 319 1938 351 πλοῦτον,

1132 367 1186 398 καὶ,
1205 363 1293 397 δόξωλν
1310 367 1354 390 καὶ
1368 367 1450 400 γένος,
1466 368 1511 391 καὶ
1527 366 1548 390 εἴ
1562 375 1588 390 τι
1603 364 1663 390 ἄλλο
1686 369 1735 390 τῶν
1759 364 1858 394 πολλοῖς
1877 374 1939 401 περι-

1131 407 1287 435 mariue-raw
1302 412 1367 446 πρὸς
1382 412 1427 438 τὴν
1442 409 1601 445 uratum/iv
1615 410 1696 439 αὐτῆς
1710 411 1863 446 προεμένοις.
1878 410 1939 437 Ρια-

1130 462 1201 482 num
1222 457 1263 482 est
1276 455 1353 482 enim
1369 462 1491 489 regnum
1510 455 1626 482 caeleste
1639 462 1693 489 per
1706 455 1862 488 pretiosam
1875 461 1940 482 mar-

1128 499 1261 533 garitam
1275 499 1456 526 adumbrari
1467 507 1473 526 :
1499 499 1577 534 quod
1592 507 1645 526 nos
1669 500 1788 534 assequi
1800 506 1856 525 non
1870 506 1940 532 posse

1129 543 1289 571 declarant
1309 544 1432 571 Domini
1456 544 1556 576 verba,
1574 544 1634 571 nisi
1658 544 1759 571 omnia
1780 543 1868 571 simul
1886 550 1939 577 quae

1129 587 1279 623 habemus,
1298 591 1324 616 et
1347 588 1478 623 divitias,
1495 592 1520 616 et
1543 589 1683 622 gloriam,
1707 590 1735 616 et
1757 595 1856 623 genus.
1875 591 1898 615 et
1920 589 1940 615 si

1127 633 1202 668 quid
1215 633 1302 660 aliud
1319 635 1373 667 est,
1388 633 1473 667 cujus
1488 633 1584 660 studio
1600 633 1805 668 desiderioque
1818 633 1939 667 plerique

1127 680 1298 712 teneantur,
1306 686 1362 712 pro
1377 685 1409 705 eo
1423 678 1624 712 comparando
1636 678 1819 706 deseramus.
1831 677 1940 705 Combe-

1125 722 1210 749 tisius
1224 730 1295 750 vero
1310 722 1369 750 hoc
1384 723 1476 750 modo
1490 723 1528 758 (ρ)
1541 731 1546 750 ;
1571 723 1693 750 Videtur
1704 723 1767 750 istis
1782 723 1854 750 satis
1867 729 1938 756 aper-

1125 770 1153 795 te
1163 770 1270 795 auctor
1282 775 1297 795 e
1311 775 1403 802 regno
1427 768 1571 795 ctetorum
1584 767 1755 801 excludere,
1770 766 1824 802 qui
1836 774 1888 794 non
1901 774 1940 793 re-

1124 812 1263 839 nuntient
1287 812 1433 846 omnibus,
1450 819 1504 840 nec
1518 814 1728 846 paupertatem
1753 811 1938 846 evangelicam

1123 858 1346 892 amplectentur,
1377 857 1456 892 quod
1489 857 1597 885 Patres
1632 857 1822 892 Gangrenses
1848 857 1938 883 merito

1122 902 1318 930 damnarunt.
1335 902 1390 930 Est
1405 910 1476 937 ergo
1490 903 1542 930 ille
1554 903 1701 936 pretiosus
1716 902 1795 936 lapis
1819 900 1938 928 omnibus

1121 946 1307 980 coemendus,
1320 947 1466 980 perfectio
1483 947 1539 973 illa
1563 946 1617 974 sub
1643 946 1767 973 consilio
1792 953 1811 973 a
1833 945 1938 972 Christo

1118 992 1284 1026 proposita,
1298 994 1330 1018 ut
1341 995 1368 1018 et
1385 991 1545 1026 virginitas
1558 1000 1564 1024 ;
1585 999 1645 1018 non
1659 993 1724 1025 ipsa
1740 990 1874 1018 absolute
1887 990 1938 1017 vita

1121 1039 1233 1064 (eterna
1257 1039 1310 1064 aut
1332 1037 1428 1070 pietas
1456 1036 1641 1063 Christiana.
1660 1036 1699 1063 Co
1713 1035 1876 1062 Lbetisium
1897 1041 1938 1061 au-

1120 1083 1181 1109 tem
1197 1081 1222 1108 si
1236 1081 1423 1108 meminisset
1438 1088 1543 1108 eorum
1557 1089 1625 1116 quae
1639 1081 1721 1116 prius
1734 1078 1939 1109 dixisset,tatia

1121 1133 1181 1153 non
1200 1125 1381 1161 scripturum
1394 1125 1487 1152 fuisse
1503 1128 1586 1161 puto.
1605 1127 1678 1153 Cum
1694 1125 1774 1152 enim
1791 1124 1823 1152 in
1835 1131 1869 1151 ea
1882 1130 1936 1150 ora-

1121 1170 1210 1203 tione,
1236 1177 1330 1205 quam
1356 1169 1481 1197 Basilius
1509 1171 1539 1197 in
1563 1169 1668 1197 divites
1694 1169 1811 1201 habuit,
1836 1165 1936 1203 aliquid

1120 1215 1215 1242 simile
1238 1214 1370 1249 legisset,
1391 1215 1432 1242 ita
1455 1214 1622 1250 respondit,
1643 1217 1676 1241 ut
1703 1214 1767 1249 ejus
1795 1211 1938 1248 responsio

1119 1259 1254 1287 adhunc
1268 1259 1448 1293 Hegularum
1468 1259 1569 1286 locum
1593 1259 1705 1294 optimc
1725 1253 1939 1286 accommodari

1120 1305 1225 1341 possit.
1259 1304 1357 1332 Basilii
1390 1307 1492 1332 autem
1525 1304 1627 1337 verba,
1662 1312 1729 1339 quae
1761 1303 1825 1339 jam
1863 1305 1940 1329 antea

1119 1349 1213 1384 retuli,
1241 1349 1289 1376 hic
1314 1357 1419 1376 rursus
1449 1348 1568 1376 edenda
1601 1348 1745 1383 judicavi.
1779 1347 1834 1375 LTbi
1861 1345 1939 1380 igitur

1118 1396 1273 1421 oratorum
1288 1393 1420 1428 optimus
1436 1392 1563 1420 Basilius
1576 1392 1668 1420 verba
1683 1392 1753 1419 facit
1768 1391 1807 1419 de
1824 1400 1858 1419 eo
1873 1390 1936 1419 ado-

1118 1438 1259 1471 lescente,
1275 1437 1324 1465 cui
1340 1445 1358 1465 a
1371 1437 1498 1465 Domino
1513 1437 1627 1465 dictum
1650 1437 1758 1472 fuerat,
1774 1437 1871 1465 Vende
1883 1443 1938 1471 qua:

1119 1483 1220 1513 habes,
1245 1485 1273 1510 et
1297 1483 1337 1510 da
1358 1481 1543 1517 pauperibus
1557 1482 1591 1515 ³⁷,
1615 1481 1657 1508 sic
1681 1481 1784 1509 scribit
1810 1484 1891 1515 (tom.
1910 1480 1937 1512 ll,

1119 1534 1189 1562 pag.
1213 1527 1277 1561 51):
1306 1527 1335 1552 Εἰ
1363 1527 1411 1563 γάρ
1439 1525 1485 1551 οὐκ
1509 1525 1657 1561 ἐφόνευσαςΥ
1683 1526 1718 1556 ὡς
1746 1527 1778 1551 σὺ
1808 1528 1866 1562 φής,
1891 1526 1939 1550 οὔτε

1120 1570 1286 1607 ἐμοίσευσας,
1311 1572 1370 1596 οὔτε
1396 1570 1515 1605 ἔκλεψας,
1536 1571 1595 1595 οὔτε
1623 1571 1860 1607 χατεμαρτύρησάς
1882 1577 1939 1597 τινος

1120 1625 1264 1652 μαρτυριαν
1280 1613 1377 1650 ψευδῆ,
1401 1614 1522 1643 ἀνόνητον
1535 1619 1635 1650 σεαυτῷ
1650 1619 1733 1644 ποιεῖς
1746 1617 1854 1651 τήνπερὶ
1868 1617 1941 1639 ταῦτα

1122 1659 1251 1694 σπουδὴν,
1267 1663 1301 1696 μὴ
1326 1660 1476 1697 προστιθεὶς
1491 1662 1519 1685 τὸ
1535 1659 1620 1685 λεῖπον
1637 1657 1680 1685 δι’
1695 1659 1725 1685 οὗ
1751 1661 1832 1695 μόνον
1849 1658 1939 1694 δυνήσῃ

1121 1705 1242 1732 εἰσελθεῖν
1265 1705 1301 1735 εἰς
1324 1707 1370 1733 τὴν
1392 1703 1528 1740 βασιλείαν
1548 1708 1593 1730 τοι)
1614 1708 1691 1732 Θεοῦ.
1707 1704 1827 1732 Etenim
1843 1705 1868 1732 Si
1890 1710 1941 1730 non

1121 1751 1265 1784 occidisti,
1277 1753 1310 1776 ut
1331 1750 1374 1777 ais
1394 1751 1437 1782 tu,
1452 1757 1546 1784 neque
1567 1749 1753 1777 adulterium
1769 1748 1942 1782 commisisti,

1122 1804 1216 1831 neque
1223 1796 1347 1830 furatus
1363 1802 1401 1830 es,
1419 1802 1512 1829 neque
1533 1798 1637 1823 contra
1650 1795 1822 1830 quempiam
1836 1794 1943 1829 falsum

1123 1841 1324 1869 testimonium
1349 1840 1463 1873 dixisti,
1493 1840 1690 1867 nihilominus
1717 1843 1818 1867 tamen
1842 1838 1943 1866 adhibi-

1124 1889 1184 1914 tam
1199 1886 1232 1912 in
1247 1886 1293 1913 his
1308 1884 1430 1920 agendis
1451 1884 1641 1919 diligentiam
1664 1884 1719 1912 tibi
1732 1884 1945 1918 infructuosam

1123 1931 1228 1966 efﬁcis,
1242 1929 1295 1964 qui
1317 1929 1397 1964 quod
1418 1929 1569 1964 reliquum
1590 1932 1632 1957 est
1653 1937 1714 1956 non
1739 1929 1880 1964 adficias,
1896 1933 1945 1962 quo

1122 1976 1184 2003 solo
1209 1975 1302 2009 possis
1327 1974 1359 2001 in
1380 1974 1436 2001 Dei
1454 1981 1581 2008 regnum
1595 1973 1723 2008 ingredi.
1739 1975 1772 2000 In
1793 1980 1886 2009 quem
1909 1971 1947 1998 lo-

1124 2028 1194 2048 cum
1215 2018 1409 2047 doctissimus
1432 2018 1478 2045 vir
1501 2017 1697 2045 Combeﬁsius
1715 2018 1747 2053 (t.
1768 2019 1789 2051 ι,
1806 2025 1878 2054 pag.
1895 2014 1948 2049 “5)

1124 2065 1189 2092 haec
1204 2063 1319 2091 notavit
1333 2071 1339 2090 :
1355 2064 1477 2098 Durior,
1494 2062 1601 2098 inquit,
1617 2063 1792 2097 prapositio,
1809 2064 1835 2090 si
1846 2060 1948 2090 intelli-

1125 2117 1178 2145 gas
1192 2109 1228 2136 de
1245 2112 1358 2136 aeterna
1376 2108 1485 2141 salute,
1497 2114 1551 2135 nec
1565 2114 1695 2142 exponas
1709 2108 1740 2135 in
1757 2106 1950 2142 praeparatio-

1126 2162 1164 2182 ne
1175 2154 1278 2181 animi.
1287 2154 1348 2188 Ego
1362 2153 1453 2188 igitur
1466 2152 1534 2180 dico
1544 2160 1667 2188 quoque
1678 2151 1801 2180 duriora
1812 2160 1877 2180 esse
1889 2157 1950 2187 quae

1129 2198 1254 2226 Basilius
1275 2198 1306 2225 in
1327 2197 1432 2232 regula
1451 2199 1559 2225 octava
1581 2197 1696 2232 majore
1717 2196 1849 2233 scripsit,
1865 2197 1892 2224 si
1910 2203 1950 2222 m-

251 2242 347 2269 simus
368 2240 484 2271 habuit,
499 2241 530 2268 in
544 2239 633 2268 valde
655 2240 802 2268 incertum
826 2242 880 2267 est.
899 2241 972 2268 Sunt
995 2241 1076 2268 enim
1092 2263 1114 2290 D
1130 2243 1249 2278 [ettigas
1269 2243 1305 2270 de
1316 2245 1432 2270 wterna
1451 2242 1558 2273 salute,
1574 2249 1627 2269 nec
1640 2249 1774 2276 exponas
1789 2241 1821 2268 in
1843 2247 1951 2276 praepa-

251 2286 303 2322 qui
331 2285 434 2313 dicant
460 2287 632 2312 sermonem
658 2284 690 2312 in
718 2284 846 2312 concilio
859 2285 1027 2319 Gangrensi
1039 2285 1077 2313 de

251 2331 310 2360 alio
336 2329 490 2357 Eustathio
514 2329 628 2363 haberi,
646 2337 778 2365 quorum
800 2330 990 2365 antesignani
1007 2333 1078 2359 sunt

253 2375 446 2404 eruditissimi
474 2374 530 2402 viri
552 2375 709 2406 Baronius,
735 2374 904 2402 Blandellus
930 2378 959 2402 et
985 2376 1078 2412 Uupi-

252 2428 324 2449 nus.
343 2420 399 2448 Sed
424 2427 494 2447 cum
521 2419 585 2446 haec
610 2419 737 2453 quaestio
755 2419 845 2454 hujus
863 2419 922 2447 loci
946 2428 1008 2448 non
1030 2421 1076 2456 sit,

255 2465 328 2494 mihi
351 2464 424 2492 satis
449 2471 515 2492 eSse
532 2463 708 2497 existimavi,
726 2463 750 2491 si
775 2472 811 2492 ea
832 2464 869 2491 de
889 2472 921 2492 re
943 2466 1079 2494 monuis-

256 2518 330 2538 sem.
346 2511 411 2537 tam
435 2516 506 2543 ergo
528 2509 567 2536 ad
586 2508 775 2544 propositum
797 2517 845 2537 me
862 2509 974 2544 refero;
999 2511 1080 2546 ipsa-

256 2563 316 2591 que
339 2553 511 2583 Combetisii
525 2553 629 2586 verba,
646 2553 757 2589 quibus
780 2554 917 2588 regulam
939 2558 1078 2584 octavam

257 2599 403 2634 majorem
415 2600 581 2634 oppugnat,
596 2598 653 2625 hoc
664 2597 731 2626 loco
744 2598 912 2626 exscribere
928 2608 990 2627 non
1001 2602 1082 2637 pige-

257 2644 311 2672 bit.
321 2643 451 2671 Primum
463 2646 563 2671 autem
578 2643 685 2679 Basilii,
694 2643 803 2671 deinde
812 2644 984 2673 Combeﬁsii
992 2647 1083 2674 verba.

259 2688 428 2724 subjiciam.
446 2688 570 2716 Basilius
585 2688 674 2723 igitur
688 2689 731 2716 ita
752 2688 884 2724 loquitur
896 2690 981 2726 (pag.
1002 2693 1081 2722 330):

259 2732 339 2762 Δῆλον
371 2733 432 2768 γὰρ,
463 2733 502 2758 ὅτι
530 2733 542 2758 ὀ
575 2732 716 2768 nolitque;
749 2735 914 2770 μαργαρίτης
948 2737 1012 2771 πρὸς
1044 2738 1089 2764 τὴν

297 2778 318 2795 ³τ
336 2779 440 2806 Matth.
457 2785 517 2812 xtx,
534 2780 580 2806 21.

298 2823 338 2857 (α)
355 2824 422 2859 Leg.
439 2831 469 2851 n.
482 2825 525 2850 41.

298 2859 336 2894 (ὁ)
359 2860 407 2887 Vie
418 2860 455 2888 de
465 2861 547 2888 saint
561 2859 675 2892 Basile,
687 2866 717 2894 p.
735 2859 799 2885 638.

1131 2288 1248 2316 ratione
1258 2287 1362 2318 animi,
1372 2286 1425 2313 sed
1436 2285 1461 2313 si
1475 2286 1541 2321 ejus
1555 2285 1646 2314 verba
1657 2293 1791 2320 exponas
1803 2287 1835 2313 in
1844 2291 1952 2321 praepa-

1130 2334 1247 2361 ratione
1263 2332 1367 2364 animi,
1378 2338 1414 2359 ea
1426 2330 1545 2358 afﬁrmo
1558 2330 1680 2358 duriora
1690 2338 1752 2358 non
1762 2338 1838 2358 esse.
1856 2332 1953 2366 Repre-

1131 2378 1306 2406 henduntur
1327 2383 1450 2412 quoque
1469 2382 1488 2403 a
1502 2375 1692 2409 Uombeﬁsio,
1707 2383 1775 2411 quae
1800 2375 1833 2403 in
1856 2373 1954 2409 regula

1133 2422 1283 2451 tricesima
1296 2419 1429 2448 secunda
1437 2420 1474 2447 de
1480 2419 1656 2456 parentibus
1665 2428 1699 2448 ac
1710 2420 1848 2455 cognatis
1860 2420 1954 2454 legun-

1133 2469 1191 2496 tur.
1208 2467 1251 2494 lbi
1266 2468 1368 2493 autem
1390 2465 1433 2492 ita
1457 2464 1604 2500 scriptum
1624 2467 1669 2492 est
1685 2464 1765 2501 (pag.
1783 2465 1847 2500 375)
1864 2472 1870 2492 :
1889 2463 1917 2490 Ei
1929 2461 1954 2488 δὲ

1135 2511 1334 2548 ἐμπεπλεγμένοι
1345 2510 1396 2535 εἰσὶ
1410 2519 1446 2535 τω
1461 2514 1538 2544 κοινῷ
1554 2509 1614 2545 βίῳ·
1632 2507 1719 2539 οὐδεὶς
1730 2511 1791 2545 ἡμῖν
1802 2511 1888 2539 κοινὸς
1897 2509 1956 2545 πρὸς

1137 2557 1231 2586 αὐτοὺς
1245 2555 1392 2591 λόγος,τοῖς
1406 2556 1435 2580 τὸ
1451 2556 1587 2590 εὔσχημον
1598 2557 1642 2580 καὶ
1658 2553 1815 2590 εὐπάρεδρον
1827 2558 1864 2589 τῷ
1876 2555 1956 2589 Κυρίῳ

1138 2600 1340 2637 ἀπερισπάστως
1354 2600 1496 2636 κατορθοῦν
1512 2597 1702 2625 ἐσπουδακόσι.
1720 2598 1805 2632 Quod
1819 2599 1847 2626 si
1864 2597 1956 2633 impli-

1138 2647 1199 2675 cati
1210 2648 1279 2673 sunt
1296 2645 1357 2672 vita
1376 2645 1535 2678 communi,
1551 2644 1639 2672 nulla
1660 2651 1706 2672 res
1730 2652 1795 2671 cum
1815 2644 1857 2671 eis
1881 2641 1958 2670 nobis

1138 2690 1302 2719 communis
1316 2692 1368 2724 est,
1385 2690 1439 2724 qui
1450 2689 1605 2717 honestum
1620 2689 1820 2724 decorumque
1835 2693 1957 2720 servare,

1146 2738 1173 2763 ct
1196 2734 1314 2762 assidue
1335 2735 1396 2762 Deo
1423 2734 1571 2762 cohaerere
1585 2734 1747 2768 studemus,
1770 2733 1849 2761 citra
1868 2733 1958 2760 ultam

1178 2824 1214 2859 (c)
1226 2823 1322 2852 Basil.
1339 2830 1451 2852 recens.
1467 2825 1539 2851 tom.
1557 2823 1590 2857 tl,
1606 2831 1636 2859 p.
1653 2824 1713 2851 165.
