2020 3140
100 136 143 162 113
839 131 1030 160 ΡΗΕΓΑΤΙΟ.

1736 135 1787 162 114-

96 195 192 224 mentis
200 195 505 231 aberrationemrqute
514 194 606 223 verba
614 194 703 223 valde
711 193 906 229 improbatis,
924 193 949 220 A
963 192 1104 221 Basilium
1123 193 1295 227 audiamus,
1306 194 1358 230 qui
1370 193 1412 222 sic
1423 194 1554 230 loquitur
1565 198 1639 231 (reg.
1654 199 1685 224 12
1695 196 1785 228 fus.):

94 247 176 275 quem
184 239 291 275 saepius
299 239 372 273 dixi,
379 240 422 267 vir
430 239 648 267 eruditissimus
654 238 852 267 Combeﬁsius
859 237 906 271 (α).

92 285 192 315 Porro,
206 283 310 320 inquit,
327 285 408 312 istud
417 285 454 313 de
461 285 639 319 parentibus
649 284 701 320 qui
715 283 841 318 implexi
849 283 908 310 sint

92 333 124 364 τῷ
133 333 207 363 κοινῷ
220 328 319 365 erant
330 332 382 362 est,
390 330 588 365 quisa’culari
592 329 700 357 militia
708 327 910 363 vivant,quod

91 380 140 401 nec
151 373 272 407 visendi,
284 381 339 402 nec
348 374 520 408 recipiendi.
533 382 586 402 nec
597 374 739 408 juvandi,
749 373 836 409 quasi
840 374 907 408 jam

92 417 188 445 liberis
198 418 229 445 in
240 418 372 446 cwnobio
392 419 533 447 monachi
545 419 638 446 vitam
654 418 810 454 agentibus
829 417 910 445 nihil

91 462 136 489 illi
148 463 306 497 attineant,
321 471 414 491 unum
430 464 549 492 videtur
558 466 586 491 et
595 464 759 491 maximum
775 470 812 490 ex
823 462 908 490 dam-

88 507 162 534 natis
186 508 217 534 in
241 508 367 536 concilio
393 508 570 543 Gangrensi.
591 507 774 536 Honorandi
794 514 909 541 semper

87 555 230 586 parentes,
247 559 283 580 ac
307 560 374 580 cum
390 556 506 588 egeant,
520 553 627 589 quibus
652 553 751 587 liceat,
765 553 908 587 fovendi;

87 597 144 624 sive
151 597 182 624 in
194 597 255 625 vita
266 599 333 623 κατὰ
344 600 417 631 Θεὸν,
426 606 515 634 quam
527 599 569 626 sic
579 598 792 626 monachorum
802 600 909 625 auctor

88 644 176 674 vacat,
191 643 253 669 sive
268 643 300 669 in
314 643 464 670 communi
478 645 505 671 et
520 643 625 671 Μαιιὶ
639 643 712 675 vita,
727 650 763 670 ac
778 643 826 670 vel
845 643 908 677 ipsa

87 693 140 714 non
149 694 275 720 prorsus
287 687 438 715 laudabili
447 694 458 721 ,'
468 691 612 723 quantum
627 689 726 715 tamen
736 690 834 715 status
846 688 909 722 ipse

85 732 204 765 patitur.
218 731 288 766 Legi
299 739 419 768 quoque
434 734 533 768 potest
548 731 719 760 Combeﬁsii
731 734 804 760 nota
817 731 847 759 in
864 739 908 759 re-

85 775 179 809 gulam
198 778 259 810 190,
273 776 325 804 ubi
337 776 381 804 vir
396 776 503 804 doctus
516 777 547 804 in
559 776 739 811 [tegularum
754 778 907 804 auctorem

85 819 171 847 multo
187 820 394 849 vehementius
405 821 566 848 invehitur.
579 822 665 848 Recte
681 823 782 848 autem
798 823 826 848 et
838 827 908 848 vere

84 864 232 892 adnotavit
243 865 466 893 eruditissimus
476 865 520 893 vir
528 865 740 897 Tillemnntius,
749 868 799 893 aut
808 873 908 901 aequa-

83 908 128 943 lia,
136 912 185 937 aut
195 909 288 936 etiam
297 910 446 938 severiora
456 910 486 937 in
497 910 594 946 capite
604 909 750 937 vicesimo
762 910 908 938 Constitu-

84 952 192 980 tionum
207 953 353 981 inveniri:
365 954 448 990 quod
461 962 498 982 ne
509 955 609 990 ipsum
625 954 748 990 quidem
763 953 909 981 Combeﬁ-

85 997 153 1024 slum
168 997 265 1025 latuit.
278 1000 352 1026 Cum
368 999 448 1026 enim
463 998 502 1026 ad
513 999 543 1026 id
556 1001 647 1034 caput
661 999 800 1033 venisset,
814 998 906 1026 vidis-

84 1044 179 1078 setque
194 1042 313 1070 nullam
327 1043 367 1070 ibi
381 1051 478 1079 neque
494 1046 665 1079 parentum,
682 1051 780 1079 neque
796 1051 908 1078 cogna-

85 1089 175 1114 torum
184 1088 336 1115 rationem
350 1087 464 1121 haberi,
472 1088 512 1115 ita
526 1088 658 1123 scripsit:
670 1089 774 1116 Nescio
785 1096 824 1116 an
835 1089 909 1116 satis

82 1131 241 1167 Evangelia
253 1136 395 1160 consonet
406 1136 491 1161 tanta
503 1133 565 1161 haec
574 1136 735 1167 parentum
745 1133 906 1166 abdicatio,

82 1178 183 1212 siquid
193 1181 329 1206 extreme
340 1178 549 1206 laborantibus
560 1178 725 1206 monachus
740 1179 804 1213 opis
817 1186 907 1213 prais-

83 1225 142 1255 tare
149 1223 250 1255 possit.
263 1223 345 1250 Nunc
356 1230 427 1256 ergo
437 1231 454 1250 ει
462 1222 652 1255 Combetisio,
661 1223 684 1250 si
694 1222 804 1250 viveret
815 1222 908 1250 liben-

82 1269 121 1293 ter
130 1275 309 1302 qnaererem,
319 1275 372 1294 cur
383 1267 430 1294 ille
444 1270 603 1303 parentum
614 1267 702 1303 quasi
715 1269 907 1303 contemptus

81 1310 241 1347 impedierit
253 1311 330 1347 quin
347 1311 528 1346 Regularum
543 1311 682 1340 Basilium
701 1314 854 1339 auctorem
865 1311 907 1339 fa-

83 1358 163 1390 ceret,
180 1363 242 1383 non
260 1358 361 1383 autem
377 1355 548 1392 impedierit
563 1356 635 1392 quin
651 1356 749 1384 eidem
765 1356 907 1384 tribueret

83 1399 330 1427 Constitutionum
345 1400 465 1435 librum,
480 1409 549 1428 cum
564 1401 595 1428 in
613 1403 740 1436 utroque
751 1408 840 1436 opere
850 1409 904 1436 pa-

82 1447 192 1472 rentum
214 1445 286 1479 jura
301 1445 413 1480 pariter
434 1445 540 1472 violari
554 1445 722 1473 videantur.
740 1446 771 1472 l-It
793 1445 905 1481 alioqui

82 1495 136 1516 non
146 1492 188 1516 est
198 1489 419 1523 timendum,ne
431 1497 565 1525 unquam
579 1489 608 1517 in
620 1489 784 1517 liberorum
794 1489 904 1517 animis

82 1533 193 1568 penitus
209 1533 421 1568 exstinguatur
431 1541 518 1561 amor
527 1537 698 1570 parentum,
709 1542 776 1562 cum
793 1543 828 1562 ex
840 1542 903 1562 sese

81 1576 220 1612 phtenicis
235 1577 266 1605 in
288 1578 415 1605 modum
431 1586 550 1614 semper
573 1581 755 1606 renascatur.
772 1579 856 1612 Quod
871 1579 902 1606 in

81 1622 178 1656 regula
206 1622 374 1650 centesima
402 1623 500 1658 prima
528 1623 720 1659 vituperatur,
744 1623 901 1659 improbos

81 1667 174 1694 vocari
188 1675 250 1700 eos,
262 1668 317 1703 qui
332 1675 393 1695 non
408 1667 511 1695 omnia
526 1667 608 1696 bona
621 1676 677 1696 sua
690 1668 899 1702 vendiderunt,

80 1710 106 1737 id
119 1711 181 1739 leve
200 1714 254 1744 est,
273 1715 304 1740 et
318 1711 429 1739 nullius
444 1712 600 1740 momenti.
619 1712 748 1748 [mprobi
763 1713 843 1740 enim
859 1712 900 1740 di-

80 1758 179 1783 cuntur
200 1764 262 1784 non
288 1756 418 1792 proprie,
434 1756 485 1784 sed
508 1756 591 1792 quod
613 1757 713 1784 minus
726 1757 813 1793 probi
829 1757 899 1791 sint,

82 1799 232 1836 minusque
259 1800 396 1836 perfecti.
419 1800 521 1835 Omisi,
541 1801 624 1836 quod
646 1801 768 1829 minime
790 1801 899 1836 decuit,

80 1843 153 1871 aliud
169 1844 343 1873 Combeﬁsii
358 1848 580 1879 argumentum.
598 1846 794 1881 Conqueritur
812 1846 901 1881 igitur

79 1887 118 1915 vir
129 1888 244 1922 doctus,
262 1889 429 1916 sanctiores
440 1889 622 1917 matrimonii
637 1889 719 1924 leges
734 1897 856 1926 prorsus
869 1891 899 1918 in

77 1934 175 1967 regula
188 1934 372 1962 duodecima
387 1934 546 1970 prolixiora
561 1934 712 1969 abrogari.
729 1935 824 1971 lpsius
836 1936 901 1963 haec

78 1981 143 2006 sunt
152 1979 243 2007 verba
255 1989 261 2007 :
276 1979 345 2007 Non
353 1982 450 2014 potest
461 1980 523 2007 dici
532 1980 646 2008 clarius
661 1980 780 2015 aliquid
791 1981 831 2008 ad
843 1981 899 2008 vim

77 2023 156 2051 illam
172 2032 263 2060 quam
278 2024 477 2052 Eustathiani
490 2024 672 2052 adhibebant
692 2025 852 2059 conjugiis.
867 2028 900 2053 ut

74 2071 255 2102 pugnantem
271 2069 403 2096 alterum
425 2069 592 2103 conjugem.
610 2070 640 2096 vi
660 2069 741 2096 omni
755 2069 795 2097 ad
810 2070 902 2098 alteri

76 2112 182 2140 volenti
210 2113 392 2141 renuntiare
419 2113 641 2141 assentiendum
670 2117 817 2148 cogerent,
846 2117 898 2142 aut

75 2157 159 2185 etiam
179 2158 233 2186 illo
258 2158 354 2185 invito
369 2158 592 2186 renuntiantem
614 2159 800 2194 reciperent;
820 2159 899 2194 quod

964 240 1015 264 Καί
1029 239 1089 268 τοὺς
1104 238 1127 264 ἐν
1144 238 1260 274 συζυγίᾳ
1283 237 1311 265 δὲ
1325 241 1411 275 γάμου
1433 241 1541 276 τοιούτῳ
1566 240 1617 277 βιῳ
1640 251 1787 278 119075973-

962 284 1055 318 μένους
1069 282 1252 319 ἀνακρίνεσοαι
1268 281 1318 316 δεῖ,
1336 284 1357 309 εἰ
1372 283 1399 309 ἐκ
1420 287 1557 320 συμφώνου
1582 289 1658 311 τοῦτο
1681 296 1788 312 ποιουσι

962 328 1030 353 κατὰ
1044 330 1088 356 τὴν
1104 325 1234 364 diutor/nu
1247 332 1292 354 τοῦ
1303 327 1471 355 Ἀποστόλου.
1483 333 1533 355 Τοῦ
1546 331 1596 366 γὰρ
1614 328 1683 356 ἰδίου
1701 334 1789 367 σώμα-

962 381 1015 404 τος,
1033 375 1123 408 φησὶν,
1140 372 1186 398 οὐκ
1206 372 1362 403 ἐξουσιάζει,
1375 376 1420 399 καὶ
1435 374 1518 405 οὕτως
1532 373 1574 400 ἐπὶ
1590 375 1710 401 πλειόνων
1723 386 1788 412 μικρ-

962 417 1045 453 τύρων
1057 415 1185 452 δέχεσθαι
1200 419 1243 442 τὸν
1256 419 1475 454 προσερχόμενον.
1489 418 1588 453 Atque
1598 419 1621 446 ii
1633 420 1721 447 etiam
1737 420 1790 454 qui

962 461 1154 489 matrimonio
1170 460 1334 496 conjuncti,
1353 462 1394 489 ad
1412 461 1585 496 hujusmodi
1608 463 1673 490 vitm
1695 471 1789 499 genus

963 505 1120 538 accedunt,
1137 506 1349 541 interrogandi
1363 509 1444 539 sunt,
1461 514 1501 534 an
1521 510 1624 535 mutuo
1644 516 1788 536 consensu

962 549 991 577 id
1003 550 1147 584 efﬁciant,
1163 550 1347 584 eIApostoli
1357 554 1507 586 prmeepto
1519 561 1529 578 .-
1546 562 1559 576 α
1576 552 1664 586 Nam,
1678 552 1786 587 inquit,

962 595 1010 622 sui
1022 595 1156 629 corporis
1167 598 1345 629 potestatem
1361 603 1420 623 non
1436 596 1523 624 habet
1534 597 1581 630 δῖ’,
1594 608 1608 621 ››
1624 597 1722 632 sicque
1738 598 1790 632 qui

963 640 1088 672 accedit,
1105 647 1205 668 coram
1226 640 1365 674 pluribus
1379 641 1501 669 testibus
1515 641 1702 676 recipiendus
1725 645 1789 670 est:

962 692 1030 720 quae
1045 684 1138 712 verba
1158 684 1324 719 retulimus,
1341 693 1402 712 non
1417 685 1501 721 quod
1523 685 1559 714 de
1574 686 1621 714 his
1643 686 1704 714 ulla
1716 694 1788 714 con-

963 728 1107 756 troversia
1122 728 1169 759 sit,
1181 729 1236 756 sed
1246 729 1330 764 quod
1343 729 1382 757 ad
1396 730 1642 765 respondendum
1654 738 1791 758 necessa-

961 773 1006 801 ria
1021 781 1086 801 esse
1105 773 1272 801 videantur.
1289 774 1396 802 Gravia
1425 777 1494 802 sunt
1517 776 1545 802 et
1568 775 1700 803 difﬁcilia
1721 783 1789 811 quae

964 820 1142 854 sequuntur.
1159 820 1200 846 tta
1210 818 1299 853 igitur
1313 818 1438 846 Basilius
1452 819 1569 855 reliqua
1581 821 1769 856 persequitur
1781 829 1787 848 :

930 869 949 895 Β
964 864 994 890 Εἰ
1018 862 1047 890 δὲ
1072 862 1262 894 ὃιαστασιάζοι
1286 866 1314 889 τὸ
1339 864 1422 900 ἕτερον
1447 867 1532 901 μέρος,
1549 868 1594 890 καὶ
1615 863 1787 902 ὃιαμάχοιτθ,

963 907 1067 933 ἔλαττον
1081 909 1215 944 φροντίζον
1237 912 1285 938 τῆς
1305 910 1371 945 πρὸς
1386 911 1450 935 Θεὸν
1467 909 1669 946 εὐαρεστήσεως,
1686 919 1789 945 μνημο-

962 953 1074 978 νιυέσθω
1090 953 1102 977 ὁ
1115 951 1271 983 Ἀπόστολος
1283 952 1373 988 λέγων,
1387 952 1425 979 Ἐν
1442 951 1471 979 δὲ
1485 953 1571 989 εἰρήνῃ
1586 953 1707 982 κέκληκεν
1721 955 1791 989 ἡμᾶς

963 997 976 1021 ό
992 999 1056 1027 Θεὸς
1073 1007 1079 1013 ι
1093 999 1138 1022 καὶ
1151 997 1309 1032 πληρούσοω
1319 999 1348 1023 τὸ
1361 999 1522 1034 πρόσταγμα
1533 1001 1578 1023 τοῦ
1594 1000 1689 1035 Κυρίου
1704 998 1790 1024 εἰπόν-

962 1051 1006 1072 τος
1023 1050 1029 1056 ·
1046 1043 1076 1068 Εἰ
1091 1052 1131 1072 τις
1154 1043 1261 1078 ἔρχεται
1275 1043 1340 1078 πρὸς
1355 1044 1395 1078 μὲ,
1412 1044 1457 1068 καὶ
1481 1042 1510 1068 οὐ
1534 1046 1608 1078 μισεῖ
1630 1045 1673 1068 τὸν
1693 1045 1792 1080 πατέρα

963 1087 1052 1117 αὑτοῦ,
1065 1088 1110 1111 καὶ
1121 1087 1167 1114 τὴν
1179 1087 1288 1122 μητέρα,
1300 1088 1345 1111 καὶ
1356 1088 1403 1114 τὴν
1414 1089 1536 1121 γυναῖκα,
1548 1089 1592 1112 καὶ
1606 1088 1638 1112 τὰ
1648 1088 1732 1119 τέκνα,
1745 1089 1790 1113 καὶ

962 1133 996 1157 τὰ
1009 1131 1096 1163 λοιπὰ,
1112 1131 1141 1156 οὗ
1158 1129 1268 1156 δύναταί
1280 1141 1330 1167 μην
1345 1129 1408 1156 εἶναι
1421 1132 1525 1166 μαθητὴ
1533 1142 1552 1161 ς.
1571 1131 1655 1164 Quod
1681 1132 1706 1158 si
1730 1132 1790 1159 dis-

962 1177 1058 1204 sentia
1069 1176 1168 1204 altera
1180 1183 1263 1210 pars,
1275 1178 1491 1211 repugnetque,
1501 1176 1581 1211 quod
1595 1177 1694 1204 minus
1708 1177 1791 1204 solli-

962 1221 1022 1248 cita
1047 1221 1085 1248 sit
1105 1220 1250 1255 quomodo
1269 1221 1391 1254 placeat
1404 1221 1475 1252 Deo,
1491 1221 1522 1248 in
1546 1224 1672 1249 mentem
1688 1222 1790 1250 veniat

960 1265 1108 1300 Apostoli,
1125 1266 1178 1300 qui
1199 1265 1291 1292 dicit:
1307 1276 1320 1289 ‹‹
1336 1265 1371 1292 In
1383 1272 1460 1299 pace
1482 1268 1580 1293 autem
1605 1266 1720 1294 vocavit
1735 1274 1789 1294 nos

959 1311 1038 1338 Deus
1050 1310 1089 1345 38;
1102 1320 1116 1334 »
1127 1313 1217 1345 atque
1227 1310 1392 1344 impleatur
1404 1313 1587 1344 praeceptum
1598 1311 1727 1343 Domini,
1737 1311 1792 1346 qui

959 1355 1057 1383 ducit.-
1071 1365 1085 1379 α
1099 1355 1130 1382 Si
1144 1354 1210 1390 quis
1227 1355 1306 1382 venit
1327 1354 1368 1382 ad
1384 1361 1441 1389 me,
1457 1357 1485 1382 et
1507 1362 1567 1382 non
1585 1355 1647 1382 odit
1669 1358 1788 1389 patrem

958 1407 1056 1433 suum,
1073 1403 1100 1428 et
1120 1402 1257 1433 matrem,
1276 1402 1305 1427 et
1328 1407 1464 1433 uxorem,
1482 1402 1510 1427 et
1532 1400 1620 1434 ﬁlios,
1643 1402 1711 1433 etc.,
1727 1408 1787 1428 non

957 1448 1052 1479 potest
1064 1452 1146 1472 meus
1159 1451 1219 1472 esse
1231 1445 1398 1479 discipulus
1407 1445 1442 1472 39.
1454 1455 1467 1469 »
1481 1445 1521 1472 Ex
1536 1444 1646 1480 quibus
1659 1445 1788 1480 perspici

957 1491 1056 1525 potest
1070 1496 1176 1516 omnes
1189 1489 1312 1524 quidem
1325 1488 1418 1524 recipi
1432 1489 1542 1516 debere
1557 1489 1587 1516 in
1602 1489 1786 1518 monasterio

923 1544 942 1571 ρ
957 1533 994 1561 de
1010 1533 1110 1560 Basilii
1134 1532 1290 1567 sententia,
1308 1535 1371 1561 tam
1387 1541 1439 1561 eos
1455 1533 1507 1570 qui
1530 1533 1785 1561 consentientibus

956 1577 1100 1605 uxoribus
1115 1578 1270 1612 accedunt,
1285 1585 1379 1614 quam
1394 1585 1457 1613 eos,
1473 1586 1602 1614 quorum
1618 1587 1726 1606 uxores
1740 1587 1784 1607 re-

956 1624 1111 1658 pugnant:
1129 1622 1181 1650 sed
1193 1618 1253 1650 non
1265 1623 1372 1650 eodem
1386 1622 1490 1650 modo.
1504 1622 1546 1650 llli
1562 1623 1642 1650 enim
1657 1623 1699 1650 ita
1712 1623 1784 1651 reci-

954 1667 1126 1703 piebantur,
1135 1669 1167 1694 ut
1178 1666 1301 1695 Basilius
1312 1669 1400 1695 testes
1411 1667 1549 1695 adhiberi
1560 1667 1660 1695 vellet:
1671 1668 1701 1695 hi
1713 1675 1782 1696 vcro

955 1720 1024 1740 cum
1038 1711 1252 1747 reciperentur,
1268 1714 1359 1740 testes
1372 1711 1478 1740 adesse
1492 1719 1616 1740 necesse
1631 1720 1692 1740 non
1708 1715 1781 1747 erat,
1822 1718 1825 1724 ί

953 1758 1057 1792 utpote
1065 1764 1195 1792 quorum
1204 1756 1326 1784 Basilius
1335 1756 1518 1784 mentionem
1525 1764 1585 1784 non
1593 1757 1689 1784 faciat.
1699 1757 1782 1785 Unde

955 1803 1057 1829 autem
1075 1801 1157 1828 hoc?
1179 1800 1237 1828 nisi
1259 1800 1333 1836 quia
1356 1800 1471 1836 priores
1495 1801 1536 1828 ad
1559 1801 1781 1837 professionem

955 1844 1202 1879 admittebantur,
1216 1844 1258 1872 sic
1281 1852 1343 1872 non
1359 1844 1401 1872 eis
1421 1844 1552 1881 amplius
1567 1853 1582 1873 e
1597 1845 1780 1873 monasterio

955 1889 1057 1925 egredi
1079 1889 1197 1921 liceret;
1224 1889 1263 1916 ob
1287 1888 1378 1924 idque
1401 1889 1566 1917 intererant
1589 1892 1686 1924 testes,
1699 1891 1732 1917 ut
1757 1889 1781 1917 si

955 1934 1080 1970 quando
1091 1936 1161 1961 vota
1172 1934 1317 1962 suairrita
1326 1934 1425 1962 facere
1434 1933 1716 1968 vellent,hominum
1728 1934 1780 1971 qui

955 1979 1124 2007 adfuissent
1135 1978 1307 2006 testimonio
1319 1979 1515 2006 retinerentur
1530 1987 1537 2006 τ
1553 1978 1628 2006 alios
1643 1987 1714 2007 vero
1729 1987 1779 2007 co—

954 2031 1020 2051 ram
1032 2022 1159 2051 testibus
1168 2022 1394 2058 recipiBasilius
1404 2031 1465 2051 non
1476 2023 1704 2059 jubebat,quod
1718 2032 1779 2052 non

955 2067 995 2096 ad
1005 2067 1224 2104 professionem
1236 2067 1473 2102 admitterentur,
1481 2068 1533 2095 sed
1544 2067 1583 2096 ad
1594 2069 1780 2096 exercitatio-

953 2120 1034 2140 nem.
1046 2112 1134 2139 Aliud
1147 2115 1247 2140 autem
1264 2112 1357 2139 multo
1370 2114 1423 2146 est,
1435 2112 1552 2140 admitti
1567 2113 1605 2140 ad
1619 2114 1778 2149 professio-

952 2164 1033 2191 nem,
1042 2159 1070 2184 et
1083 2156 1220 2190 aliud,ad
1237 2156 1491 2184 exercitationem.
1500 2157 1614 2184 Etenim
1626 2157 1717 2184 semel
1728 2158 1780 2193 qui

76 2201 149 2229 nihil
159 2202 346 2237 subjecttone
355 2202 396 2230 ad
406 2203 499 2230 Deum
513 2202 590 2230 nihil
601 2202 767 2231 obedientia
775 2207 899 2237 prasta-
917 2218 937 2245 ι)
952 2201 1108 2238 professus
1120 2203 1173 2234 est,
1185 2209 1247 2229 non
1262 2203 1306 2229 est
1320 2201 1450 2237 amplius
1468 2201 1513 2228 sui
1526 2201 1601 2236 juris
1615 2211 1620 2229 :
1637 2201 1688 2237 qui
1709 2210 1780 2230 vero

77 2246 180 2280 bilius;
194 2248 363 2282 meritoque
383 2247 570 2274 damnarunt
589 2248 696 2275 Patres
723 2248 897 2283 Gangreses.

75 2291 149 2319 Sane
156 2292 255 2319 virum
267 2291 306 2319 ab
318 2299 412 2319 uxore
419 2299 479 2319 non
488 2291 647 2326 discedere,
655 2293 710 2320 Dei
715 2296 899 2326 praeceptum

76 2338 129 2370 est;
145 2337 316 2364 castitatem
330 2336 479 2370 praeferre
493 2337 588 2364 altera
613 2337 774 2371 conjugum
795 2338 899 2370 invito,

76 2385 130 2405 non
142 2378 303 2415 Deijussis
314 2385 424 2412 parere
437 2381 491 2410 est,
506 2379 593 2414 eique
604 2379 721 2413 subjici,
737 2379 788 2407 sed
796 2380 901 2414 palam

76 2429 208 2456 pugnare
218 2431 224 2453 ς
237 2423 299 2450 nisi
308 2430 375 2450 cum
385 2425 487 2450 ratum
499 2423 651 2450 duntaxat
663 2424 836 2458 nonjugium
847 2427 900 2458 est,

77 2474 125 2494 nec
135 2475 167 2494 ca
177 2467 269 2501 plene
276 2468 438 2502 conjugum
448 2470 553 2495 mutua
561 2469 688 2496 servitus
695 2469 795 2496 cozvit:
801 2477 861 2504 qua
867 2469 904 2497 de

77 2518 105 2538 rc
112 2512 189 2539 nihil
197 2514 307 2540 auclor-
316 2513 474 2546 cogituvit;
481 2512 532 2539 sed
538 2513 595 2539 vim
604 2512 737 2540 absolute
744 2514 902 2548 conjugiis,

76 2558 159 2589 quasi
182 2557 246 2584 Deo
264 2556 391 2591 jubente
406 2556 571 2584 divortium
588 2556 726 2587 ἀσκήσεως
743 2562 904 2593 praetextu,

74 2599 245 2632 faciendam
256 2600 905 2631 admittit.AudivimusCombetisium:nunc

401 2689 424 2706 ³⁸
438 2689 513 2719 ibid.
529 2692 572 2719 t5.

109 2688 143 2706 ’τ’
159 2691 169 2717 l
183 2691 252 2718 Cor.
267 2697 318 2723 vu,
335 2691 361 2717 4.
401 2689 424 2706 ³⁸
438 2689 513 2719 ibid.
529 2692 572 2719 15.
611 2691 634 2708 ³⁸
650 2691 719 2719 Luc.
735 2699 796 2726 xxv,
814 2694 859 2720 26.

112 2779 153 2813 (a)
174 2777 284 2806 Comb.
298 2777 328 2807 in
344 2778 438 2806 Basil.
458 2786 570 2808 recens.
587 2781 660 2808 tom.
676 2781 709 2815 ll,
725 2788 755 2817 p.
771 2783 816 2809 77.

955 2245 1174 2274 exercitationis
1187 2254 1282 2274 causa
1291 2246 1322 2274 in
1333 2246 1555 2274 monasterium
1570 2246 1779 2275 introivit.non

954 2293 1114 2327 propterea
1129 2290 1173 2317 sui
1186 2290 1262 2325 juris
1285 2298 1350 2318 esse
1365 2290 1483 2324 desinit,
1500 2290 1562 2323 sed,
1580 2290 1604 2318 si
1625 2290 1668 2319 ita
1686 2291 1779 2323 lubet,

955 2335 1170 2371 egredipotest.
1179 2336 1260 2362 Hanc
1270 2338 1371 2363 autem
1379 2335 1477 2363 Basilii
1488 2336 1667 2364 sententiam
1679 2336 1781 2371 fuisse,

954 2388 1056 2413 nemo,
1065 2380 1182 2415 opinor,
1190 2379 1294 2414 homo,
1302 2379 1354 2415 qui
1364 2380 1428 2415 ejus
1438 2379 1532 2408 verba
1543 2383 1652 2408 attente
1666 2380 1781 2415 legerit,

956 2424 1090 2458 negabit.
1102 2426 1159 2452 Cur
1168 2424 1258 2459 enim,
1266 2432 1382 2460 quaeso,
1395 2424 1496 2460 rogari
1508 2424 1706 2459 voluisset,an
1718 2433 1781 2452 mu-

958 2473 1009 2497 tuo
1020 2477 1166 2497 consensu
1182 2470 1212 2496 id
1226 2469 1376 2504 efﬁciant,
1388 2470 1411 2496 si
1423 2477 1528 2497 omnes
1544 2477 1579 2497 ex
1593 2477 1681 2506 {equo
1693 2469 1785 2505 recipi

958 2513 1068 2542 debere
1084 2513 1284 2541 credidisset?
1299 2513 1566 2549 Interrogabantur
1581 2517 1681 2542 autem
1705 2516 1746 2546 ut,
1761 2513 1786 2541 si

959 2566 1067 2586 uxores
1096 2558 1265 2586 consentire
1290 2561 1455 2592 constaret,
1480 2558 1713 2594 proﬁterentur;
1741 2558 1786 2586 sin

960 2602 1074 2637 minus,
1089 2602 1318 2632 admitterentur
1331 2603 1455 2640 quidem
1478 2602 1520 2633 ad
1545 2603 1788 2632 exercitationem
