2020 3140
221 130 271 156 115

981 127 1171 156 PREFATIO.

1877 131 1925 158 116

218 197 273 227 per
287 189 412 226 aliquod
427 191 556 225 tempus,
571 195 730 225 nunquam
752 190 854 217 autem
869 189 907 217 ad
930 189 1047 225 profes—
1061 191 1085 218 Α
1102 189 1184 224 dicit,
1195 191 1224 218 et
1240 198 1258 218 a
1278 190 1470 226 Combeﬁsio,
1488 190 1540 226 qui
1555 190 1585 218 in
1600 190 1666 226 ipsa
1686 190 1815 219 Stoicum
1840 190 1926 227 quid-

219 235 348 270 sionem,
357 235 415 263 nisi
426 241 556 262 uxorum
567 241 736 262 consensus
747 233 870 261 tandem
880 234 1046 262 accederet.

218 280 251 308 ld
265 281 307 308 ita
321 288 389 308 esse
403 281 505 316 aperte
518 278 692 312 ostendunt,
703 287 771 315 quae
784 281 960 315 sequuntur.
973 280 1047 307 Sunt

217 327 318 354 autem
340 324 518 360 hujusmodi
532 324 614 360 (pag.
631 323 694 358 354)
707 331 713 351 :
728 323 816 359 Ἡμεῖς
838 322 868 350 δὲ
889 325 997 360 ἔγνωμεν
1022 323 1046 350 ἐν

217 371 321 402 πολλοῖς
335 370 459 400 πολλάκις
473 371 518 396 καὶ
534 368 580 395 διὰ
604 371 727 395 συντόνου
753 374 907 406 προσευχῆς
928 372 972 395 καὶ
996 380 1045 398 νη-

219 418 307 447 στείας
318 413 519 448 ἁνενδότου,τόν
532 415 628 440 σκοπόν
641 418 689 444 τῆς
699 413 723 439 ἐν
735 413 824 450 ἁγνείᾳ
837 414 889 444 ζωῆ
897 425 908 444 ς
917 417 1046 451 περιγενό-

215 470 300 497 μενον,
317 464 363 486 τοῦ
380 461 478 496 Κυρίου
502 460 563 490 τοὺς
581 461 663 495 μέχρι
684 461 781 489 παντὸς
805 458 984 492 ἀπειθοῦντας,
1000 462 1045 485 καὶ

217 503 252 532 δι’
275 505 392 541 ἀνάγκης
415 503 539 534 πολλάκις
564 508 717 540 σωματικῆς
738 507 769 539 τῇ
792 505 983 539 συγκαταθέσει
997 509 1045 535 τῆς

216 550 297 587 ὀρθῆς
321 551 432 586 κρίσεως
455 549 610 584 ὑπάγοντος.
627 549 776 577 Caeterum
792 556 845 576 nos
867 551 957 577 castae
977 549 1044 577 vitae

214 595 338 630 agenda
349 594 508 622 consilium
519 601 580 622 non
591 601 662 621 raro
674 595 737 620 tum
751 593 967 622 vehementiam
976 601 1044 628 pre-

214 647 293 674 cum,
306 642 368 667 tum
379 639 496 667 assidui
505 639 620 674 jejunii
628 645 684 673 ope
693 639 725 666 in
735 639 838 666 multis
851 638 1045 674 prazvaluisse

213 685 360 718 novimus,
372 684 499 712 Domino
512 682 570 717 eos,
584 683 638 718 qui
649 690 774 717 prorsus
785 683 930 711 obstinati
944 686 1042 717 erant,

211 736 289 763 saepe
298 729 388 756 etiam
398 735 454 763 per
464 728 651 762 corporalem
661 727 866 755 necessitatem
879 727 920 755 ad
928 730 1042 756 rectum

207 773 363 809 judicium
388 772 645 807 comprobandum
673 772 841 800 inducente.
871 773 971 800 Causa
990 772 1043 807 igi-

211 819 270 851 tur,
286 826 340 846 cur
353 817 478 846 Basilius
493 817 647 852 quosdam
662 817 764 845 invitis
776 816 921 845 uxoribus
933 817 964 844 in
979 825 1043 845 mo-

1101 234 1173 263 dam
1184 235 1303 271 reperit,
1314 235 1404 270 longe
1417 235 1571 263 dissentio.
1585 237 1686 271 Neque
1698 235 1778 263 enim
1789 236 1820 263 in
1831 235 1926 263 Basilii

1101 280 1200 308 verbis
1214 280 1384 316 quidquam
1400 280 1612 316 excipiendum
1628 280 1766 314 arbitror,
1782 288 1883 316 neque
1897 280 1928 308 in

1099 324 1208 353 iisdem
1229 325 1322 353 ullum
1337 326 1451 360 dogma
1466 325 1596 353 Stoicum
1617 325 1749 354 invenio.
1767 325 1861 353 Velim
1877 325 1927 360 igi-

1100 371 1147 397 tur
1161 378 1289 406 scopum
1313 370 1496 398 sanctissimi
1510 370 1603 398 Patris
1623 372 1713 406 atque
1734 370 1927 406 propositum

1100 415 1238 450 spectari.
1262 417 1464 450 interrogatus
1487 414 1584 443 fuerat
1610 414 1744 450 Basilius,
1769 414 1928 450 quomodo

1100 466 1170 487 cum
1185 459 1220 486 iis
1233 459 1388 494 agendum
1399 459 1503 496 sit,qui
1515 459 1655 494 graviora
1665 459 1788 495 quidem
1801 462 1928 495 peccata

1099 503 1244 538 devitant,
1255 504 1308 532 sed
1319 504 1430 532 leviora
1441 504 1703 533 indiscriminatim
1719 504 1926 532 committunt:

1099 549 1146 576 cui
1160 548 1388 584 interrogationi
1402 549 1443 577 ita
1457 549 1644 585 respondere
1657 549 1770 582 debuit,
1783 551 1816 577 ut
1825 548 1858 577 id
1871 548 1928 576 sibi

1099 595 1168 621 ante
1179 594 1282 622 omnia
1293 597 1485 630 proponeret,
1497 596 1529 622 ut
1542 594 1607 622 illos
1618 594 1786 622 monachos
1797 602 1817 622 a
1831 601 1929 630 prava

1098 638 1149 666 illa
1163 639 1383 667 consuetudine
1398 639 1568 667 deterreret.
1584 639 1660 667 Nihil
1675 647 1747 674 ergo
1758 638 1797 667 ab
1811 646 1849 666 eo
1864 646 1928 666 me-

1097 682 1155 710 lius
1175 682 1234 711 dici
1258 683 1363 720 potuit,
1377 691 1446 711 cum
1469 683 1520 712 illa
1542 683 1661 712 Domini
1682 683 1842 717 sententia,
1858 690 1928 718 qua:

1097 727 1214 755 nullum
1229 727 1260 755 in
1275 728 1406 764 peccatis
1420 728 1581 756 discrimen
1601 728 1698 764 ponit,
1711 736 1773 756 una
1786 727 1927 756 omnium

1097 772 1256 808 aptissima
1271 773 1307 800 sit
1319 775 1409 808 atque
1419 772 1738 801 accommodatissima
1753 771 1792 799 ad
1806 771 1927 799 animos

1096 817 1316 853 perterrendos.
1333 819 1409 853 Ergo
1431 817 1456 845 si
1470 817 1538 845 ﬁnis
1559 819 1636 853 ejus,
1652 825 1744 853 quem
1766 816 1822 845 sibi
1843 815 1927 844 Basi-

210 862 343 891 nasteria
366 862 407 891 ad
430 861 675 891 exercitationem
696 861 846 889 introduci
864 861 963 895 vellet,
976 861 1041 890 haec
1057 867 1077 894 Β
1096 861 1153 889 lius
1178 862 1348 898 proposuit,
1372 862 1448 891 ratio
1470 862 1630 896 habeatur,
1647 862 1722 890 nihil
1743 864 1786 889 est
1810 862 1842 889 in
1867 861 1927 888 hac

210 909 283 942 erat,
293 906 378 943 quod
391 905 543 943 ejusmodi
553 907 645 934 castra
659 905 726 934 vita:
741 905 868 941 agendae
882 905 1041 934 consilium

209 951 351 988 precibus
377 953 406 979 et
427 950 551 987 jejuniis
575 958 656 986 saepe
678 950 709 978 in
725 950 828 978 multis
848 951 1041 986 prmvaluisse

209 998 323 1024 nosset.
339 995 426 1029 Quod
449 995 534 1023 addit
557 994 767 1028 Combetisius,
780 995 923 1023 traditam
937 996 968 1023 in
983 996 1041 1024 hac

207 1041 313 1076 regula
322 1040 492 1069 doctrinam
504 1048 522 1068 ο.
532 1039 669 1068 Patribus
680 1040 906 1075 Gangrensibus
916 1040 1042 1068 damna-

208 1087 272 1114 tam
294 1085 399 1118 fuisse,
415 1084 446 1113 id
469 1084 508 1113 ad
523 1092 587 1113 rem
603 1092 666 1112 non
681 1084 830 1121 pertinere
842 1085 907 1120 jam
922 1085 1040 1121 pridem

210 1130 330 1158 monuit
349 1129 534 1158 clarissimus
556 1129 603 1157 vir
621 1128 836 1157 Tillemontius.
852 1131 884 1157 In
904 1137 940 1157 eo
960 1129 1040 1157 enim

209 1174 336 1203 concilio
348 1174 386 1210 (a)
397 1174 444 1202 hae
455 1173 595 1202 mulieres
606 1173 801 1207 damnantur,
814 1181 883 1209 quae
898 1173 966 1202 ideo
977 1182 1040 1202 ma-

208 1219 282 1248 ritos
291 1218 514 1256 relinquebant,
525 1218 609 1255 quod
619 1218 847 1246 matrimonium
862 1218 1019 1246 horrerent
1031 1228 1037 1247 :

209 1271 301 1300 quem
320 1263 454 1300 coniugii
467 1264 626 1292 horrorem
641 1265 760 1291 tantum
771 1263 857 1291 abest
871 1266 904 1292 ut
916 1263 1040 1298 Regula-

209 1316 277 1337 rum
288 1311 393 1337 auctor
406 1308 546 1343 suaserit,
557 1310 590 1336 ut
600 1308 691 1336 etiam
702 1308 824 1344 nuptias
837 1310 865 1336 et
875 1308 1040 1343 permissas

210 1356 239 1382 et
261 1354 337 1389 [Dei]
360 1353 572 1381 benedictione
593 1353 761 1381 honoratas
786 1352 875 1380 fuisse
900 1360 1040 1388 expresse

209 1396 292 1425 dicat
306 1398 380 1433 (reg.
393 1398 412 1426 5
431 1397 513 1432 tus.).
531 1397 614 1430 Quod
636 1397 743 1425 ultimo
758 1397 826 1425 loco
841 1397 1040 1425 Combeﬁsuis

211 1441 323 1477 objicit,
349 1441 381 1470 id
403 1441 589 1470 Tillemontio
613 1441 656 1470 ita
682 1449 772 1477 grave
802 1442 903 1470 visum
929 1444 982 1476 est,
1008 1444 1041 1470 ut

212 1486 355 1515 Basilium
377 1486 518 1515 deserere
540 1494 604 1514 non
634 1486 789 1514 dubitarit.
809 1488 873 1519 Qua
897 1487 935 1514 de
954 1494 986 1514 re
1009 1488 1042 1514 ut

1096 906 1211 940 regula,
1222 907 1306 942 quod
1316 909 1367 934 aut
1377 915 1395 935 a
1408 907 1589 935 Combeﬁsio
1603 907 1670 942 jure
1683 907 1814 943 potuerit
1826 913 1928 942 repre-

1096 950 1198 985 hendi,
1215 953 1266 978 aut
1280 959 1298 979 a
1313 951 1501 979 Tillemontio
1516 951 1686 979 necessario
1700 951 1796 987 excipi
1812 951 1926 980 debue-

1096 995 1143 1022 rit.
1157 995 1284 1023 Basilius
1301 998 1412 1027 autem,
1429 996 1516 1032 quasi
1531 996 1718 1031 prmvidisset
1732 1004 1793 1024 non
1809 996 1926 1031 defore,

1096 1039 1147 1074 qui
1172 1039 1268 1075 ipsius
1292 1040 1385 1068 verba
1408 1040 1439 1068 in
1464 1040 1576 1068 malam
1600 1043 1717 1076 partem
1741 1040 1925 1076 acciperent,

1096 1084 1276 1112 sententiam
1287 1093 1374 1112 suam
1384 1085 1421 1112 de
1435 1084 1608 1113 discrimine
1623 1087 1816 1120 peccatorum
1831 1085 1927 1113 diser-

1097 1128 1210 1156 tissime
1235 1129 1406 1164 explicavit,
1422 1138 1492 1158 cum
1514 1130 1579 1158 haec
1603 1129 1719 1158 addidit
1738 1131 1822 1165 (pag.
1838 1133 1925 1164 518):

1095 1172 1178 1204 ”Ολως
1195 1171 1223 1199 δὲ
1240 1174 1260 1199 εὶ
1276 1173 1463 1211 ἐπι-τρεπόμεθα
1477 1174 1558 1210 λέγειν
1577 1176 1669 1211 μικρὸν
1691 1177 1736 1200 καὶ
1751 1177 1820 1210 μέγα
1835 1173 1925 1211 ἀμάρ-

1095 1226 1176 1253 τημα,
1190 1216 1373 1255 ἀναντίρῥητον
1388 1220 1443 1254 ἔχει
1455 1221 1501 1248 τὴν
1514 1217 1654 1251 ἀτοὸειξιν,
1667 1219 1768 1254 ἑκάστῳ
1778 1221 1846 1254 μέγα
1860 1218 1925 1245 εἶναι

1094 1263 1124 1287 τὸ
1138 1261 1248 1288 ἑκάστου
1264 1267 1386 1298 κρατοῦν,
1402 1266 1447 1289 καὶ
1470 1265 1562 1300 μικρὸν
1578 1267 1664 1295 τοῦτο,
1681 1263 1710 1289 οὗ
1731 1264 1840 1293 ἕκαστος
1855 1273 1924 1300 χρα-

1095 1309 1178 1333 τεῖ....
1195 1310 1236 1333 Δεῖ
1251 1305 1294 1332 οὖν
1308 1307 1350 1333 ἐπὶ
1363 1310 1458 1338 παντὸς
1469 1308 1660 1344 ἁμαρτάνοντος
1673 1306 1826 1336 οἱονδὴποτι
1840 1306 1925 1344 ἀμοίρ-

1095 1360 1177 1386 τημα,
1203 1351 1340 1387 φνλάσσειν
1353 1354 1382 1378 τὸ
1398 1356 1479 1388 χρῖμα
1498 1356 1543 1378 τοῦ
1561 1355 1657 1389 Κυρίου
1682 1352 1806 1385 εἰπόντος,
1823 1353 1865 1378 ὅτι
1876 1352 1925 1379 Ἀν

1096 1395 1200 1433 ἁμάρτῃ
1217 1406 1253 1426 εις
1269 1398 1296 1422 σὲ
1312 1398 1324 1422 ό
1340 1395 1450 1433 ἀδελφός
1467 1407 1524 1430 ο·ουν
1539 1398 1631 1433 ὕπαγε,
1648 1397 1748 1432 ἔλεγξον
1773 1397 1852 1423 αὐτὸν
1876 1407 1925 1434 με·

1097 1441 1160 1472 ταξὺ
1177 1446 1224 1467 σοῦ
1239 1444 1283 1468 καὶ
1299 1442 1378 1468 αὐῖοῦ
1393 1445 1482 1478 μόνου,
1495 1445 1552 1470 etc.
1572 1443 1635 1471 Uno
1646 1443 1743 1475 verbo,
1754 1443 1781 1470 si
1793 1450 1928 1477 parvum

1097 1490 1124 1514 et
1149 1494 1292 1522 magnum
1321 1491 1475 1522 peccatum
1501 1488 1602 1516 dicere
1623 1488 1707 1516 nobis
1736 1488 1837 1522 liceat,
1864 1489 1930 1516 sine

213 1531 310 1560 cuivis
332 1531 441 1560 melius
461 1531 633 1560 existimare
651 1531 749 1565 liceat,
760 1531 860 1559 Basilii
879 1534 907 1560 et
919 1532 1043 1560 Combe-
1057 1546 1077 1573 ρ
1097 1533 1303 1560 controversia
1313 1534 1422 1568 negari
1431 1541 1491 1560 non
1500 1536 1607 1567 potest,
1620 1533 1734 1568 hocque
1744 1533 1852 1568 cuique
1862 1540 1928 1560 ma-

212 1575 272 1604 ﬁsii
283 1576 377 1604 verba
390 1576 533 1605 referam.
548 1575 680 1604 Basilius
694 1579 770 1611 (reg.
780 1577 848 1617 .293)
861 1586 867 1604 :
881 1580 984 1613 Πρῶτον
997 1579 1041 1614 μὲν

214 1619 311 1648 εἰδέναι
324 1622 391 1658 χρὴ,
404 1621 444 1647 ὅτι
459 1620 484 1647 ἂν
498 1624 530 1657 τῇ
548 1624 629 1657 Καινῇ
647 1622 762 1658 Διαθήχῃ
779 1622 876 1650 ταύτην
891 1624 937 1650 τὴν
951 1620 1043 1658 διαφο-

214 1667 261 1702 ρὰν
285 1665 333 1692 οὐκ
357 1667 413 1692 ἔστι
437 1666 538 1702 μαθεῖν.
561 1667 617 1692 Μία
639 1667 690 1703 γὰρ
706 1665 838 1702 ἀπόφασις
858 1668 925 1692 χατά
941 1668 1041 1693 πάντων

214 1710 409 1748 ἁμαρτημάτων
427 1713 521 1744 κεῖται,
538 1714 585 1737 τοῦ
599 1713 696 1748 Κυρίου
713 1711 828 1742 εἰπόντος
844 1721 850 1728 ·
868 1712 907 1737 ὅτι
919 1711 948 1737 Ὀ
962 1716 1041 1738 ποιῶν

214 1757 262 1785 τὴν
275 1755 405 1793 ἁμαρτιαν
421 1753 513 1786 δοῦλός
526 1754 583 1782 ἔστι
595 1760 644 1786 τῆς
658 1755 831 1792 ἁμαρτίας....
848 1758 893 1782 καὶ
908 1760 953 1782 τοῦ
967 1758 1043 1783 Ιωάν-

214 1810 258 1827 νου
275 1799 399 1837 βοῶντος·
415 1799 445 1826 Ὁ
460 1799 571 1827 ἀπειθῶν
583 1805 620 1836 τῷ
635 1800 759 1836 Υἱῷ,ὀῦχ
775 1800 866 1836 biberat
889 1803 936 1830 τὴν
962 1801 1041 1834 ζωὴν,

215 1845 268 1872 ἀλλ’
280 1847 295 1875 ἠ
310 1845 374 1884 ὀργὴ
388 1849 434 1872 τοῦ
450 1849 524 1876 Θεοῦ
531 1848 601 1882 μενεῖ
621 1844 659 1871 ἐπ’
673 1845 762 1879 αὑτὸν,
778 1850 826 1876 τῆς
850 1844 981 1876 ἀπειθείας
996 1845 1043 1872 οὐκ

215 1890 240 1916 ἓν
254 1894 285 1927 τῇ
301 1888 415 1928 διαφορᾷ
429 1894 479 1916 τῶν
492 1890 696 1927 ἁμαρτημάτων,
712 1889 764 1916 ἀλλ’
779 1889 803 1916 ἐν
817 1894 848 1926 τῇ
860 1895 979 1927 παρακοῇ
996 1893 1042 1920 τὴν

215 1933 322 1964 ἀπειλὴν
333 1934 459 1971 ἐχούσης.
466 1935 604 1963 Primum
614 1935 734 1970 quidem
745 1942 830 1963 nosse
838 1938 953 1970 oportet
964 1936 1043 1964 hanc

213 1979 429 2015 (peccatorum)
437 1979 640 2014 differentiam
650 1980 682 2007 in
690 1979 772 2007 Novo
786 1979 973 2008 Testamento
983 1988 1043 2008 non

215 2024 355 2059 reperiri.
380 2024 447 2052 Una
469 2031 600 2059 namque
620 2023 749 2052 habetur
769 2024 917 2052 sententia
935 2025 1043 2052 adver-

215 2076 266 2097 sus
279 2068 420 2105 quaelibet
436 2071 575 2103 peccata,
591 2076 658 2097 cum
673 2069 816 2097 Dominus
831 2068 913 2097 dicat
928 2076 939 2097 .'
954 2079 968 2094 ‹‹
987 2069 1045 2102 Qui

214 2114 292 2150 facit
301 2116 470 2149 peccatum,
484 2121 588 2142 servus
602 2116 644 2142 est
655 2114 773 2148 peccati
781 2114 850 2141 ⁴ο....
862 2123 876 2138 ››
891 2114 960 2142 item
976 2121 1042 2141 cum

214 2159 348 2188 Joannes
362 2159 472 2187 clamet
482 2166 492 2187 :
502 2169 516 2185 ι(
530 2159 588 2193 Qui
596 2167 657 2186 non
671 2159 769 2187 obedit
785 2159 872 2193 Filio,
886 2166 946 2186 non
961 2158 1042 2187 vide-

217 2203 259 2232 bit
281 2203 386 2238 vitam,
405 2203 458 2232 sed
475 2204 523 2232 ira
542 2203 598 2232 Dei
614 2203 747 2231 manebit
766 2210 857 2238 super
872 2203 967 2238 ipsum
978 2203 1012 2235 ιι,
1027 2213 1042 2228 ››

215 2249 407 2277 contumacia
420 2256 482 2276 non
497 2248 532 2276 ob
547 2251 740 2283 peccatorum
761 2248 933 2282 discrimen,
944 2248 996 2275 sed
1007 2248 1042 2276 ob

215 2293 479 2328 trangressionem,
505 2293 602 2321 locum
627 2293 855 2320 comminatiani
877 2292 1040 2327 prcebcnte.

216 2337 414 2366 Combeﬁsius
429 2337 468 2374 (ὁ)
480 2345 492 2366 ,·
505 2337 607 2366 Stoica
628 2339 830 2372 peccatorum,
850 2338 970 2365 auctori
992 2345 1041 2366 as—

215 2385 305 2417 serta,
328 2382 500 2418 aequalitas,
521 2382 699 2417 cautiusque
721 2384 748 2409 et
778 2382 841 2409 alia
864 2389 949 2415 vena,
970 2390 1042 2418 quos

215 2427 414 2455 Hennantius
429 2427 516 2463 quasi
526 2427 705 2462 afﬁnes,aut
718 2427 807 2455 etiam
821 2427 978 2462 rigidiores
988 2435 1042 2456 suo

216 2471 266 2500 hic
279 2472 410 2508 Basilio,
426 2472 552 2500 adducit
563 2472 684 2500 Patres.
698 2473 758 2506 Ego
774 2479 809 2499 ea
820 2471 851 2499 in
865 2480 897 2499 re
912 2475 940 2500 et
960 2481 978 2500 a
992 2473 1042 2501 Til-

214 2516 359 2545 lemontio
370 2517 481 2553 (c),qui
494 2518 590 2545 totam
600 2516 680 2544 hanc
692 2516 838 2552 regulam,
847 2517 977 2553 exceptis
991 2517 1041 2545 tri-

214 2560 272 2590 bus
287 2561 391 2598 primis
403 2561 550 2596 versibus,
559 2569 663 2590 veram
674 2564 872 2598 sanctamque
887 2569 922 2590 ac
932 2561 1041 2590 miram

1096 1584 1189 1611 gnum
1202 1584 1273 1610 esse,
1284 1578 1369 1612 cujus
1384 1578 1507 1613 quisque
1517 1578 1679 1612 subjicitur
1688 1577 1835 1605 dominio:
1847 1577 1929 1605 illud

1098 1628 1167 1649 vero
1189 1629 1330 1656 parvum,
1356 1623 1408 1650 cui
1432 1623 1556 1658 quisque
1580 1623 1814 1651 dominatur.....
1843 1622 1928 1655 Qua—

1092 1669 1221 1700 propter
1244 1674 1317 1702 erga
1339 1675 1545 1703 quemcunque
1572 1668 1780 1702 cujuscunque
1806 1667 1928 1702 generis

1094 1714 1252 1745 peccatum
1266 1712 1470 1740 admittentem
1486 1712 1667 1740 servandum
1683 1715 1725 1740 est
1738 1715 1927 1746 praeceptum

1097 1756 1228 1788 Domini,
1251 1757 1305 1791 qui
1325 1757 1424 1784 dixit:
1445 1768 1458 1781 υ
1478 1756 1512 1784 Si
1528 1757 1695 1792 peccaverit
1716 1757 1748 1784 in
1773 1758 1801 1784 te
1822 1756 1928 1790 frater

1098 1802 1178 1833 tuus,
1202 1801 1287 1836 vade,
1313 1801 1433 1836 corripe
1453 1808 1519 1829 eum
1543 1802 1623 1829 inter
1650 1804 1678 1829 te
1705 1804 1732 1829 et
1758 1801 1855 1835 ipsum
1879 1808 1927 1828 so-

1099 1845 1161 1872 lum
1172 1846 1207 1879 ⁴²,
1225 1856 1239 1870 »
1259 1848 1317 1874 etc.
1337 1846 1469 1874 Primum
1483 1846 1608 1882 quidem
1623 1848 1769 1882 tanquam
1791 1845 1816 1873 si
1839 1845 1930 1873 dubi-

1098 1891 1198 1926 tasset,
1210 1890 1252 1918 ita
1263 1889 1382 1918 locutus
1397 1893 1451 1925 est,
1462 1891 1489 1918 si
1499 1891 1584 1918 nobis
1598 1891 1666 1918 licet
1674 1898 1806 1925 parvum
1821 1892 1849 1918 et
1864 1897 1929 1918 ma-

1097 1942 1191 1970 gnum
1206 1935 1326 1962 dicere:
1337 1935 1390 1962 sed
1406 1935 1506 1963 statim
1521 1943 1616 1971 parva
1631 1937 1659 1963 et
1672 1942 1784 1969 magna
1799 1937 1929 1971 peccata

1098 1987 1130 2007 re
1144 1979 1212 2015 ipsa
1225 1979 1354 2007 discerni
1370 1982 1508 2016 oportere
1523 1982 1624 2016 aperte
1639 1979 1782 2012 ostendit,
1799 1987 1869 2007 cum
1884 1979 1929 2007 ita

1098 2023 1235 2059 scripsit:
1250 2024 1323 2051 Sine
1338 2025 1543 2052 controversia
1555 2024 1665 2059 negari
1677 2032 1738 2052 non
1749 2026 1858 2058 potest,
1871 2024 1930 2051 hoc

1099 2068 1206 2103 cuique
1215 2075 1358 2103 magnum
1374 2076 1435 2096 esse
1449 2069 1536 2103 cujus
1555 2069 1680 2104 quisque
1693 2069 1857 2103 subjicitur
1870 2069 1928 2096 do-

1098 2113 1189 2140 minio
1200 2122 1210 2140 .’
1225 2113 1305 2141 illud
1316 2121 1383 2141 vero
1392 2121 1533 2148 parvum,
1546 2114 1596 2141 cui
1604 2115 1729 2149 quisque
1738 2113 1927 2141 dominatur.

1099 2159 1172 2186 Ecce
1187 2158 1268 2185 enim
1289 2157 1342 2185 tibi
1358 2157 1419 2185 duo
1438 2161 1630 2193 peccatorum
1646 2165 1757 2192 genera
1768 2157 1928 2193 perspicue

1098 2203 1251 2231 distincta.
1266 2203 1332 2230 Alia
1356 2200 1411 2230 suo
1427 2211 1482 2230 nos
1503 2202 1638 2231 dominio
1653 2202 1818 2238 subjiciunt
1834 2210 1841 2229 :
1859 2202 1927 2230 aliis

1098 2255 1154 2276 nos
1178 2247 1390 2280 dominamur;
1406 2247 1464 2274 hoc
1487 2250 1541 2279 est,
1563 2247 1621 2275 alia
1638 2255 1751 2281 magna
1769 2249 1849 2281 sunt,
1865 2246 1927 2275 alia

1097 2300 1202 2328 parva.
1216 2294 1279 2320 Imo
1298 2291 1460 2320 dilucidius
1475 2292 1564 2319 etiam
1578 2292 1642 2319 haac
1655 2294 1851 2327 peccatorum
1867 2291 1927 2319 dis-

1098 2337 1199 2365 tinctio
1213 2340 1340 2373 apparet
1353 2345 1388 2364 ex
1400 2337 1446 2364 his
1460 2345 1528 2372 quin
1543 2339 1712 2372 sequuntur
1721 2335 1831 2364 verbis.
1845 2336 1926 2369 Qua—

1094 2385 1222 2418 propter
1249 2390 1322 2417 erqa
1349 2389 1554 2418 quemcunque
1583 2383 1796 2416 cujuscunque
1808 2382 1927 2416 generis

1095 2430 1251 2462 peccatum
1261 2426 1467 2454 admittentem
1483 2426 1665 2454 servandum
1681 2428 1725 2454 est
1735 2428 1922 2460 praeceptum

1097 2472 1227 2505 Domini,
1239 2472 1301 2507 qui,
1312 2474 1365 2499 etc.
1379 2473 1452 2498 Nam
1464 2471 1521 2498 hoc
1532 2471 1624 2499 modo
1634 2470 1687 2506 qui
1700 2470 1844 2506 loquitur,
1856 2478 1924 2506 pec-

1098 2519 1166 2544 cata.
1190 2516 1293 2544 omnia
1315 2516 1405 2543 unius
1428 2518 1456 2543 et
1479 2515 1615 2551 ejusdem
1635 2515 1753 2549 generis
1772 2523 1839 2542 esse
1861 2523 1924 2542 non

1097 2563 1193 2598 putat,
1205 2561 1258 2589 sed
1271 2560 1443 2597 multiplicis
1455 2569 1461 2588 :
1477 2569 1547 2588 cum
1558 2568 1617 2588 vox
1632 2560 1831 2596 quodcunque
1843 2567 1880 2588 ex
1893 2567 1925 2587 se

251 2653 276 2672 ⁸ο
292 2654 380 2683 Joan.
393 2661 456 2690 vm,
470 2654 517 2684 34.
554 2655 577 2674 ⁴¹
597 2656 683 2684 Joan.
700 2663 739 2691 in,
754 2657 800 2684 36.
838 2656 862 2674 ⁴²
882 2656 982 2685 Matth.
996 2663 1074 2690 xvm,
1091 2658 1133 2684 15.

249 2747 290 2820 Eg)
309 2747 382 2777 Can.
397 2748 534 2789 ti‘Conc.
547 2750 619 2778 tom.
637 2750 671 2777 II.

280 2785 290 2820 )
310 2784 417 2814 Comb.
432 2792 463 2813 1n
477 2785 551 2815 Bas.
565 2787 641 2814 tom.
656 2786 671 2814 I.

280 2785 290 2820 )
310 2784 417 2814 Comb.
432 2784 463 2813 in
477 2785 551 2815 Bas.
565 2787 641 2814 tom.
656 2786 690 2820 II,
705 2792 777 2821 pag.
791 2787 854 2819 223,

1129 2749 1163 2785 (c)
1190 2750 1239 2778 Vie
1253 2749 1289 2778 de
1303 2750 1337 2778 S.
1350 2749 1462 2783 Basite,
1477 2755 1506 2784 p.
1521 2749 1584 2776 642.
