2020 3140
89 124 137 150 ΗἹ

839 115 1021 144 ΡΒᾸΕῩΑΤΙΟ
1026 134 1032 142 .

1743 116 1794 143 118

85 181 234 220 multiplex
249 181 397 218 quiddam
412 183 441 224 et
454 181 572 209 varium
586 179 745 215 signiﬁcet.
761 179 909 207 Prteterea
924 178 948 206 Α
965 177 1188 224 mentaetcerta
1199 176 1407 206 etindubitata
1417 176 1574 224 inRegulis
1586 177 1795 212 exstare(c),ut

83 236 149 256 cum
172 227 303 255 Basilius
320 226 361 255 ita
381 226 500 254 locutus
519 228 573 261 est,
606 234 631 254 ει
649 232 779 260 parvum
795 227 824 253 et
849 230 910 251 ma-

82 280 170 308 gnum
182 272 284 300 dicere
294 271 377 299 nobis
389 272 487 304 liceat,
499 278 561 299 non
571 270 695 307 proprie
706 268 854 298 dubitavit
868 275 909 296 an

81 318 137 346 alia
146 320 275 354 peccata
287 324 400 351 magna
409 318 519 350 essent,
529 315 588 344 alia
598 323 707 352 parva:
720 314 773 342 sed
783 312 910 342 credidit

81 362 182 391 omnia
198 364 326 398 peccata
336 368 451 395 magna
461 361 521 389 dici
540 368 638 397 posse,
656 360 681 387 si
692 361 842 396 spectetur
856 359 910 395 qui

82 406 243 435 offenditur
252 406 346 434 Deus:
357 405 441 442 quod
451 413 513 433 non
523 404 650 441 impedit
659 404 734 440 quin
743 403 840 432 multa
850 403 909 431 sint

80 459 182 488 parva,
199 450 224 478 si
240 458 312 479 cum
327 450 518 485 gravioribus
537 451 761 486 comparentur.
774 448 908 484 Denique

79 495 179 524 omnia
200 495 294 523 simul
304 494 487 523 ‘Combefisii
498 496 689 529 argumenta,
701 501 769 529 quae
781 492 821 521 ad
840 500 908 520 sen-

79 539 361 576 tentias,pertinent,
373 538 504 567 arbitror
516 538 602 566 facile
614 537 688 566 solvi
703 545 795 574 posse
806 536 845 565 ab
860 544 906 570 eo,

77 585 127 621 qui
138 585 279 612 universe
289 584 367 612 dicet
377 583 461 612 aliter
472 583 645 611 locuturum
656 582 749 610 fuisse
761 581 908 609 Basilium

77 629 101 657 si
115 630 165 657 aut
176 628 217 656 ad
232 628 407 664 episcopos,
417 630 468 656 aut
479 627 519 656 ad
529 627 603 655 alios
614 627 737 664 quosvis
752 626 907 662 perspica-

77 673 167 701 ciores
185 672 270 700 viros
291 673 479 709 scripsisset;
501 680 557 700 nec
575 671 688 700 mirum
704 679 780 705 esse,
796 670 820 698 si
836 679 906 698 cum

78 717 131 746 sibi
141 725 242 745 sermo
256 720 338 745 esset
357 725 427 745 cum
445 717 615 750 monachis,
626 716 684 744 hoc
699 718 755 751 est,
771 724 841 744 cum
860 716 906 744 in-

77 762 176 798 genuis
187 769 224 789 ac
235 761 427 798 simplicibus
437 761 626 794 hominibus;
638 761 739 789 minus
751 761 787 788 de
798 760 906 788 verbo-

77 815 138 835 rum
157 806 278 835 delectu
289 807 410 841 curarit,
423 807 517 835 modo
530 814 582 834 eos
597 806 637 834 ad
652 805 781 834 salutem
797 805 905 842 perdu-

964 221 1005 249 ob
1015 222 1156 257 exiguam
1166 222 1198 250 in
1208 229 1269 250 una
1279 230 1310 249 re
1321 221 1599 250 dissimilitudinem
1611 230 1662 250 eas
1673 229 1794 258 suspec-

965 269 1010 295 tas
1029 267 1135 295 haberi
1149 275 1272 303 mquum
1287 274 1349 294 non
1364 267 1410 298 sit,
1433 275 1503 294 cum
1522 266 1598 295 ratio
1608 266 1749 302 postulet,
1761 268 1794 294 ut

963 311 1097 348 plurium
1119 311 1283 340 similitudo
1309 311 1397 339 unius
1422 311 1679 345 dissimilitudine,
1696 319 1792 348 eaque

961 356 1125 392 levissima,
1136 356 1235 393 potior
1252 356 1414 392 judicetur.
1437 356 1581 391 Alterum,
1594 357 1660 391 ejus
1672 356 1791 391 generis

963 401 1108 430 adverbia
1122 409 1183 430 non
1194 402 1236 430 ita
1245 401 1415 437 frequentia
1428 409 1503 434 esse,
1513 404 1546 429 ut
1556 404 1717 438 propterea
1727 409 1791 429 sus-

961 446 1040 483 picio
1056 446 1159 483 aliqua
1178 446 1308 474 suboriri
1321 446 1427 474 merito
1443 445 1547 481 possit.
1564 448 1639 473 Cum
1659 446 1740 473 enim
1759 446 1790 473 in

960 492 1098 527 utrisque
1116 491 1236 526 Regulis
1250 499 1313 520 non
1324 491 1466 527 amplius,
1483 490 1600 527 opinor,
1612 490 1789 527 quindecies

960 536 1174 570 adhibeantur,
1183 544 1274 564 nemo
1285 536 1349 569 erit,
1363 536 1425 572 qui,
1438 535 1462 563 si
1477 535 1577 571 operis
1588 535 1789 571 prolixitatem

960 581 1139 615 consideret,
1153 589 1254 617 pauca
1268 588 1304 609 ea
1314 589 1379 609 esse
1388 588 1451 608 non
1461 582 1593 608 censeat.
1602 580 1790 616 Complectar

960 625 1064 654 omnia
1076 633 1138 654 uno
1149 625 1250 653 verbo.
1258 625 1329 660 Etsi,
1340 626 1372 653 ut
1382 633 1454 653 mox
1463 624 1605 660 vidimus,
1616 624 1685 660 styli
1695 624 1787 652 solius

959 671 1036 699 ratio
1045 671 1324 704 haberetur,tamen
1333 670 1463 705 Regulas
1475 670 1567 698 tribui
1581 669 1690 697 Basilio
1702 677 1788 706 opor-

959 715 1042 748 teret,
1052 721 1122 741 cum
1133 721 1230 749 parva
1240 713 1343 749 aliqua
1352 713 1384 740 in
1396 720 1458 740 una
1468 720 1500 740 re
1510 712 1715 748 discrepantia
1725 720 1788 740 ma-

959 766 1026 793 gna:
1036 758 1067 786 in
1077 758 1191 786 cmteris
1202 756 1510 786 concensionicedere
1520 757 1726 785 debeat.Nunc
1736 765 1788 784 au-

958 806 1019 832 tem
1031 811 1100 832 cum
1111 806 1218 839 praeter
1226 810 1373 838 magnam
1383 802 1466 831 illam
1476 802 1546 838 styli
1554 803 1586 830 in
1596 802 1710 830 cmteris
1718 810 1787 830 con-

78 853 157 880 ceret.
180 851 225 880 Ad
242 853 353 880 caetera
371 859 510 887 pergam,
531 851 554 878 si
570 850 656 887 prius
672 858 820 878 monuero
845 850 904 878 alia
919 853 943 882 Β
959 848 1130 876 sensionem
1148 850 1312 884 suppetant
1327 847 1422 876 multa
1437 847 1496 876 alia
1511 849 1700 882 argumenta.
1721 854 1788 883 par-

77 896 211 932 quiedam
222 895 304 927 loca,
312 903 381 932 qua:
392 895 504 930 negotii
511 895 624 931 aliquid
632 894 815 923 Combeﬁsio
824 894 904 922 exhi-

78 939 208 973 buerant,
219 940 251 967 in
267 939 345 967 notis
355 939 508 969 illustrari.
521 940 703 975 Quanquam
716 939 807 974 igitur
818 940 905 967 Com-

77 983 191 1012 beﬁsius
203 992 330 1012 omnem
340 992 429 1012 suam
438 991 564 1020 operam
574 984 604 1011 in
613 991 648 1011 eo
657 983 807 1020 posuit,ut
817 983 904 1010 doce-

78 1032 117 1057 ret
130 1028 314 1064 Regularum
327 1028 496 1057 doctrinam
511 1028 600 1056 talem
617 1036 694 1062 esse,
706 1036 775 1064 quae
790 1028 820 1055 in
834 1035 903 1056 san-

78 1073 236 1102 ctissimum
253 1073 353 1102 virum
366 1073 510 1101 Basilium
522 1073 684 1101 convenire
699 1080 760 1100 non
776 1074 877 1108 posset
894 1083 900 1100 :

77 1120 168 1146 tamen
183 1118 344 1146 adnotavit
354 1118 443 1154 quasi
454 1117 640 1154 praeteriens,
650 1117 831 1152 Regularum
843 1120 901 1153 sty-

76 1162 133 1191 lum
143 1170 159 1190 a
169 1162 269 1191 Basilii
281 1162 362 1198 stylo
372 1166 474 1198 aperte
485 1162 614 1190 differre.
629 1162 719 1197 Cujus
730 1162 901 1197 argumenti

78 1207 118 1234 vis
132 1209 162 1235 ut
179 1207 278 1242 magis
293 1206 488 1242 intelligatur,
501 1206 590 1234 altius
600 1206 765 1242 repetenda
780 1215 828 1234 res
843 1208 897 1234 est.

78 1251 234 1279 Meminisse
244 1259 320 1287 ergo
329 1252 427 1287 juvat,
440 1252 514 1279 satis
525 1259 605 1288 szepe
615 1251 657 1279 ita
672 1251 857 1287 Scripturam
868 1251 898 1279 in

76 1296 184 1331 Regulis
194 1297 293 1332 citari,
303 1300 333 1324 ut
343 1296 487 1332 quaedam
498 1296 643 1324 adverbia
653 1297 784 1332 praeant;
795 1295 898 1332 qualia

75 1344 139 1369 sunt
156 1342 308 1378 ὁριστικῶς,
322 1339 584 1378 ὃνσωπητικώτερον,
605 1341 759 1374 καθολικῶς,
771 1343 799 1369 et
815 1341 839 1376 ej
846 1349 897 1368 us-

74 1386 147 1414 modi
156 1386 223 1420 alia,
234 1394 308 1423 quae
329 1386 356 1413 in
369 1386 576 1422 superioribus
588 1387 626 1418 (α)
641 1386 741 1414 videre
759 1385 895 1414 cuivisli-

74 1432 121 1457 cet.
129 1432 184 1458 Hoc
193 1430 287 1465 igitur
294 1439 363 1458 cum
370 1430 892 1461 animadvertissetCombeﬁsius(b).

72 1473 109 1502 ita
118 1474 230 1511 scripsit
242 1485 249 1503 :
261 1475 426 1509 A/I‘ectatio
448 1475 618 1503 istiusmodi
632 1475 826 1510 adjectorum'
839 1482 893 1503 au-

957 894 1010 922 tim
1021 901 1037 922 e
1048 893 1176 928 ratione,
1188 892 1299 929 partim
1310 900 1325 920 e
1336 894 1471 920 veterum
1487 892 1668 928 scriptorum
1683 894 1785 920 aucto-

957 939 1044 967 ritate
1054 938 1156 975 petita,
1165 945 1181 966 e
1191 937 1304 974 quibus
1315 945 1377 966 non
1386 937 1515 966 obscure
1525 937 1693 965 ostenditur
1704 936 1786 965 Basi-

956 984 1031 1013 lium
1041 984 1223 1019 [tegularum
1235 991 1338 1011 verum
1348 985 1506 1019 parentem
1516 981 1714 1015 esse,nemini
1724 981 1787 1010 ulla

956 1038 1051 1059 causa
1064 1037 1129 1057 esse
1147 1030 1257 1066 potest,
1275 1036 1329 1057 cur
1340 1028 1373 1056 id
1393 1036 1471 1064 opus
1486 1028 1571 1056 alteri
1587 1028 1719 1056 ascribat
1733 1027 1784 1064 (Δ).

956 1077 998 1103 Ex
1017 1074 1129 1110 quibus
1156 1073 1299 1102 omnibus
1323 1072 1488 1108 intelligere
1515 1073 1596 1104 licet,
1616 1072 1782 1106 ‘Aaxmmév,

954 1120 1039 1156 quod
1049 1121 1170 1152 vocant,
1179 1118 1219 1146 ad
1229 1118 1376 1146 Basilium
1387 1120 1482 1145 totum
1493 1117 1719 1153 pertinere,hoc
1729 1119 1782 1151 est,

953 1164 1071 1193 libellos
1083 1164 1125 1192 De
1129 1163 1247 1198 judicio
1256 1164 1312 1191 Dei
1318 1165 1347 1190 et
1354 1163 1397 1191 De
1405 1163 1476 1198 ﬁde,
1484 1162 1605 1190 Moralia
1614 1164 1642 1190 et
1652 1162 1782 1197 Regulas

954 1213 1017 1239 tam
1035 1208 1189 1236 breviores
1209 1215 1303 1244 quam
1321 1207 1483 1243 longiores.
1501 1209 1533 1235 Et
1551 1207 1677 1243 quando
1693 1215 1781 1242 argu-

953 1256 1055 1282 menta
1065 1253 1169 1285 multa,
1182 1260 1250 1288 quae
1269 1254 1381 1280 nostra:
1401 1252 1555 1280 sententiae
1566 1252 1722 1280 adversari
1737 1252 1781 1279 vi-

952 1300 1092 1332 deantur,
1103 1297 1244 1332 colligere
1255 1296 1347 1325 semel
1358 1297 1447 1332 ccepi,
1457 1304 1631 1334 proponam
1641 1299 1670 1324 et
1684 1295 1779 1331 aliud,

951 1345 1034 1382 quod
1054 1348 1082 1374 et
1100 1346 1203 1381 ipsum
1221 1350 1344 1380 quoque
1354 1342 1501 1370 momenti
1512 1341 1677 1378 plurimum
1687 1343 1778 1377 atque

948 1390 1063 1418 roboris
1076 1390 1188 1418 habere
1208 1390 1247 1418 ab
1267 1388 1420 1425 aliquibus
1430 1386 1511 1415 credi
1521 1387 1627 1423 possit.
1639 1387 1777 1414 Fortasse

948 1435 1040 1470 igitur
1049 1435 1129 1463 dicet
1139 1435 1258 1471 aliquis,
1272 1433 1424 1468 Basilium,
1435 1434 1557 1460 auctore
1569 1431 1710 1466 Gregorio
1721 1432 1775 1459 Na-

947 1480 1089 1508 zianzeno
1108 1480 1157 1515 (e),
1169 1479 1331 1515 gymnasia
1349 1479 1378 1506 et
1391 1478 1588 1507 monasteria,
1608 1476 1638 1503 in
1661 1475 1773 1512 quibus

72 1520 318 1556 cloripropria,et
331 1520 476 1549 librorum
495 1520 532 1548 de
552 1520 706 1557 Baptismo
724 1521 760 1548 iis
778 1521 889 1556 ignota,

946 1525 1137 1553 anachoreta;
1147 1521 1519 1555 habitarent,exstruenda
1529 1528 1665 1553 curasse;
1679 1519 1719 1547 ob
1729 1519 1772 1547 id~

71 1571 127 1598 quae
134 1565 215 1593 nullo
225 1566 373 1600 scrupulo
383 1565 512 1594 audiunt
520 1566 755 1601 Basiliana.Ego
764 1565 889 1602 quidem
944 1577 1004 1606 que
1014 1569 1073 1597 dici
1082 1569 1166 1597 nullo
1177 1568 1270 1596 modo
1275 1575 1367 1605 posse
1376 1567 1557 1602 Regularum
1568 1564 1770 1599 auctorem,in

70 1607 206 1642 ejusmodi
225 1609 374 1637 adverbia
393 1609 423 1637 in
442 1609 564 1646 reliquis
579 1609 677 1637 Basilii
695 1609 811 1645 scriptis
826 1617 889 1637 non

69 1651 165 1686 legisse
183 1661 230 1681 me
249 1653 368 1681 fateor:
386 1653 437 1681 sed
455 1654 555 1682 statim
572 1654 613 1682 ob
629 1656 690 1682 tam
704 1653 802 1682 levem
818 1662 888 1682 cau-

69 1704 125 1724 sam
137 1698 260 1733 Regulas
271 1698 305 1726 in
316 1698 444 1726 dubium
456 1699 592 1727 revocari
602 1707 691 1735 posse
701 1707 791 1733 nego.
805 1699 885 1727 Scire

68 1742 138 1770 cnim
150 1746 276 1779 oportet,
291 1743 402 1780 stylum
423 1743 583 1780 paululum
594 1744 711 1772 variare
729 1752 785 1780 pro
800 1744 883 1772 vario

68 1785 172 1815 dicendi
182 1796 310 1823 genere;
331 1788 370 1816 ob
380 1788 473 1825 idque
484 1789 595 1816 mirum
611 1789 702 1817 videri
719 1796 781 1816 non
791 1788 882 1817 debe-

66 1831 134 1864 re,si
147 1833 328 1868 Regularum
344 1833 440 1869 stylus
460 1841 479 1861 a
497 1833 683 1869 reliquorum
699 1833 880 1869 scriptorum

64 1875 132 1910 stle
149 1877 255 1912 exigua
270 1877 304 1905 in
316 1885 347 1905 re
360 1877 520 1914 discrepet.
541 1879 614 1906 Cum
625 1878 716 1913 igitur
728 1878 880 1913 ejusmodi

64 1918 260 1949 adverbiorum
284 1929 356 1949 usus
365 1929 464 1957 neque
480 1921 520 1949 ad
538 1921 714 1956 oratorium,
724 1930 823 1959 neque
838 1922 877 1950 ad

63 1963 250 2000 epistolarem,
267 1974 369 2002 neque
384 1966 423 1995 ad
433 1967 641 2002 dogmaticum
656 1967 768 2004 stylum
787 1967 876 2003 perti-

63 2010 131 2042 neat,
142 2017 174 2037 ea
195 2010 344 2038 adhibere
365 2018 428 2038 non
452 2011 560 2047 potuit,
583 2019 639 2039 nec
663 2011 766 2039 debuit
788 2012 872 2040 Basi-

60 2049 120 2086 lius,
130 2061 195 2081 cum
214 2058 267 2083 aut
288 2055 529 2090 concionaretur,
540 2058 591 2084 aut
602 2056 746 2092 epistolas
765 2056 874 2085 scribe-

61 2099 107 2131 ret,
117 2101 166 2126 aut
174 2099 384 2128 haereticorum
396 2108 513 2128 errores
524 2100 692 2129 confutaret
711 2110 717 2129 ε
739 2101 792 2129 sed
803 2110 873 2130 cum

62 2140 99 2168 vir
115 2150 248 2172 summus
259 2144 301 2172 ad
313 2144 395 2172 aliud
405 2145 556 2174 scribendi
567 2154 663 2181 genus
674 2146 809 2174 animum
820 2154 872 2183 ap-

942 1614 1053 1651 quibns
1065 1614 1140 1642 illud
1159 1613 1280 1642 vivendi
1294 1612 1464 1640 institutum
1475 1611 1607 1639 maxime
1617 1610 1769 1646 vitupera-

941 1661 999 1688 tur.
1012 1661 1130 1688 Faterer
1140 1658 1266 1694 quidem
1276 1657 1307 1685 id
1327 1658 1540 1692 argumentum
1551 1655 1680 1683 multum
1690 1654 1770 1682 vale-

938 1712 982 1739 re,
994 1704 1029 1739 si,
1040 1703 1223 1739 Regularum
1243 1703 1370 1739 scriptor
1379 1709 1486 1730 omnes
1501 1700 1626 1728 omnino
1637 1700 1767 1728 anacho-

937 1751 1017 1778 retos
1026 1748 1295 1785 reprehendendos
1305 1746 1483 1775 censuisset:
1496 1745 1550 1773 sed
1565 1753 1627 1773 non
1637 1746 1678 1773 ita
1688 1753 1763 1779 esse,

936 1801 973 1822 ex
991 1793 1066 1830 ipsis
1086 1792 1204 1828 Regnlis
1214 1791 1371 1820 discimus.
1384 1792 1459 1819 Cum
1468 1790 1549 1819 enim
1560 1792 1665 1818 auctor
1675 1789 1764 1817 dixis-

934 1840 989 1866 set.
1001 1837 1052 1865 vix
1062 1837 1093 1865 in
1103 1836 1264 1865 solitudine
1274 1835 1398 1872 reperiri
1407 1843 1603 1872 quemquam,
1614 1834 1667 1870 qui
1677 1833 1763 1862 corri-

932 1885 1031 1919 gatur,
1043 1891 1113 1910 cum
1123 1889 1214 1910 nemo
1224 1881 1271 1916 sit,
1282 1881 1335 1918 qui
1346 1880 1487 1916 corrigat,
1497 1880 1539 1908 ita
1550 1879 1666 1916 scripsit
1686 1880 1759 1914 (reg.

931 1928 1030 1963 7maj.
1043 1926 1188 1963 η.1);⁴ον
1208 1926 1249 1953 ἐπὶ
1269 1930 1316 1957 τῆς
1335 1928 1470 1962 μονώσεως
1490 1925 1569 1961 εὑρεῖν
1592 1925 1698 1960 ἄπορον,
1722 1925 1757 1959 μὴ

930 1972 1105 2008 προενωθέντα
1114 1971 1182 1997 κατὰ
1190 1972 1234 1996 τὸν
1245 1970 1314 2008 βίον,
1326 1970 1393 1996 ὥστε
1404 1968 1554 2005 συμϐαίνειν
1565 1967 1635 2004 αὐτῳ
1645 1969 1674 1993 τὸ
1689 1967 1759 2005 «ἱρη-

929 2018 1002 2052 μένον
1013 2015 1102 2049 ἐκεῖνο,
1115 2015 1182 2042 Οὐαὶ
1192 2026 1228 2052 τῳ
1239 2015 1284 2049 ἐνὶ,
1296 2017 1336 2041 ὅτι
1355 2014 1396 2041 ἐὰν
1416 2017 1493 2050 πέσῃ,
1506 2014 1553 2040 οὐκ
1572 2015 1641 2040 ἔστιν
1661 2014 1674 2039 ὁ
1689 2012 1757 2048 ἐγεί-

927 2070 978 2098 ρων
995 2061 1081 2087 αὐτόν.
1097 2061 1201 2089 Talem
1213 2062 1313 2088 autem
1323 2060 1388 2095 [qui
1401 2059 1538 2088 videlicet
1557 2057 1756 2094 corrigatur],

927 2105 1090 2134 solitudine
1108 2106 1240 2140 reperire
1268 2104 1485 2139 difﬁcillimum
1518 2105 1569 2137 est,
1593 2103 1654 2130 nisi
1667 2104 1755 2137 prius

928 2151 959 2179 in
985 2151 1052 2179 vita
1061 2151 1230 2179 societatem
1255 2150 1352 2185 fuerit
1366 2149 1540 2183 adjunctus,
1561 2149 1654 2178 Quare
1675 2148 1752 2176 acci-

61 2185 182 2233 pulisset,
200 2188 356 2225 librosque
376 2189 523 2218 asceticos
542 2190 690 2218 conﬁcere
709 2191 870 2225 statuisset,
886 2206 909 2233 η
927 2196 1010 2224 ditei
1022 2195 1102 2231 quod
1112 2195 1224 2223 dictum
1243 2197 1304 2223 est;
1319 2205 1330 2219 ς(
1348 2193 1392 2221 Vae
1402 2194 1465 2226 uni,
1477 2193 1549 2229 quia
1558 2193 1584 2220 si
1602 2193 1752 2227 ceciderit,

61 2231 210 2260 orationem
216 2242 305 2262 suam
312 2233 351 2261 ad
358 2234 515 2262 utilitatem
523 2243 772 2272 eorum,quorum
779 2243 871 2264 causa

62 2275 206 2311 scribebat,
226 2279 462 2307 accommodare
486 2287 610 2308 necesse
632 2280 751 2308 habuit.
772 2281 870 2313 Quare

61 2324 119 2347 cum
128 2320 300 2356 hujusmodi
319 2323 463 2351 adverbia
483 2324 520 2352 ad
532 2324 620 2353 tarda
630 2325 790 2353 hominum
801 2325 870 2353 sim-

61 2361 168 2396 plicium
191 2367 314 2402 ingenia
334 2369 559 2398 commovenda
580 2369 746 2405 plurimum
769 2370 869 2399 valere

61 2413 184 2441 cerneret.
197 2411 233 2439 iis
253 2412 311 2440 sibi
329 2413 477 2441 utendum
497 2421 563 2442 esse
574 2414 708 2450 credidit,
721 2417 753 2443 ut
762 2423 867 2444 eorum

61 2452 164 2481 animos
181 2457 279 2492 magis
298 2464 334 2485 ac
353 2458 451 2493 magis
462 2458 615 2488 excitaret.
628 2459 685 2488 Sed
695 2460 733 2488 ad
745 2469 867 2489 omnem

61 2494 259 2528 dubitationem
271 2501 434 2529 tollendam
446 2502 508 2530 duo
528 2506 672 2539 praeterea
682 2505 868 2539 considerari

60 2539 124 2568 volo.
142 2543 283 2578 Primum,
304 2548 366 2574 tam
387 2547 485 2576 multa
505 2547 649 2577 Basiliani
671 2550 742 2586 styli
758 2559 866 2580 monu-

89 2620 108 2637 ⁸³
125 2623 216 2654 Eccle.
227 2633 263 2660 iv,
276 2628 318 2654 t0.

88 2701 122 2739 (ᾳ)
141 2703 205 2739 Leg.
219 2713 251 2733 n.
267 2706 311 2735 38.

140 2736 271 2782 goinbet'.
280 2745 356 2782 tom.
369 2745 402 2778 Π,
414 2752 445 2782 p.
461 2747 521 2780 162,

90 2772 122 2807 (ι’)
141 2775 203 2811 Leg.
215 2785 244 2805 n.
260 2779 304 2808 42.

927 2249 987 2269 ηοη
1002 2243 1044 2269 est
1056 2241 1108 2276 qui
1117 2241 1214 2276 erigat
1228 2247 1294 2269 eum
1305 2240 1339 2266 ⁸³.
1354 2250 1368 2265 »
1380 2240 1422 2267 Ex
1436 2238 1546 2275 quibus
1556 2237 1751 2274 perspicuum

926 2287 970 2313 est
983 2293 1043 2313 non
1055 2292 1163 2313 omnes
1181 2284 1382 2313 anachoretas
1396 2292 1414 2313 a
1428 2283 1612 2319 Regularum
1627 2285 1749 2311 auctore

924 2330 1111 2366 vituperatos
1121 2337 1197 2364 esse,
1209 2329 1263 2357 sed
1277 2337 1329 2357 eos
1341 2337 1429 2364 unos,
1444 2329 1496 2365 qui
1510 2336 1572 2356 non
1587 2328 1671 2364 prius
1686 2336 1749 2356 sese

924 2375 964 2404 ad
978 2375 1119 2403 virtutem
1131 2374 1161 2403 in
1172 2374 1311 2402 sodalitio
1326 2374 1540 2402 exercuissent.
1558 2373 1642 2406 Quod
1658 2373 1749 2408 igitur

923 2419 964 2448 ait
974 2419 1131 2455 Gregorius
1144 2419 1355 2450 Nazianzenus,
1366 2418 1506 2447 Basilium
1527 2418 1668 2454 quaedam
1684 2418 1748 2454 pie-

923 2464 990 2492 tatis
1006 2464 1167 2500 gymnasia
1175 2465 1427 2492 anachoretarum
1437 2472 1529 2492 causa
1535 2463 1746 2495 construxisse,

921 2508 953 2537 id
968 2509 1051 2537 nullo
1066 2509 1159 2537 modo
1172 2517 1241 2537 cum
1252 2509 1375 2545 Regulis
1390 2511 1517 2546 pugnat,
1531 2517 1600 2536 cum
1621 2508 1652 2536 in
1671 2507 1746 2544 ipsis

921 2553 1045 2590 aliquod
1060 2553 1312 2583 anachoretarum
1325 2561 1421 2590 genus
1436 2553 1594 2583 manifeste
1609 2560 1748 2589 compro-

968 2706 998 2739 d)
1018 2707 1088 2744 Leg.
1103 2713 1134 2735 n.
1148 2707 1183 2736 39
1198 2708 1227 2744 et
1240 2714 1304 2744 seq.

970 2743 995 2779 e)
1015 2743 1063 2772 0r.
1079 2744 1122 2779 20,
1139 2743 1234 2780 p.358
1249 2743 1354 2773 et’359.
