2020 3140
221 120 270 146 H9

969 115 1152 144 ΡΒᾸΞΡΑΤΙΟ
1157 138 1163 146 .

1875 117 1925 144 120

217 181 314 209 betur.
328 182 411 209 Nunc
426 182 527 210 autem
546 188 682 215 causam,
695 187 748 208 cur
764 180 888 208 Basilius
904 188 966 211 eos,
991 178 1043 215 qui
1057 179 1082 206 Α
1100 181 1243 210 sticarum
1255 186 1407 212 auctorem
1420 191 1487 210 esse
1500 191 1506 210 :
1519 180 1671 218 sedquasi
1683 180 1708 208 ei
1726 179 1799 207 satis
1810 178 1925 214 fuisset,

217 226 367 262 privatam
377 225 471 253 vitam
484 227 573 262 atque
582 225 748 253 solitariam
759 233 847 260 agere
858 226 1042 259 statuissent,

218 270 304 307 prius
319 271 349 298 in
374 270 513 298 sodalitio
535 270 637 306 aliquo
653 270 784 298 exerceri
799 270 897 304 vellet,
912 270 1044 298 invenire

219 315 339 343 difﬁcile
354 322 416 342 non
437 316 491 342 est.
513 317 556 342 ita
578 314 659 342 enim
676 315 831 350 contingit,
843 317 875 342 ut
891 314 916 342 si
931 314 999 351 quis
1014 314 1045 342 in

220 359 380 388 solitudine
403 361 516 396 peccet,
533 359 724 387 meminisset
746 359 853 395 possit,
869 361 921 387 aut
936 367 977 392 se,
994 361 1045 387 aut

219 404 295 433 aliOs
311 404 351 432 ob
363 403 459 431 simile
484 404 595 432 factum
611 413 629 432 a
640 404 801 440 praeposito
817 403 888 431 olim
902 404 1046 438 redargu-

219 452 267 477 tos
291 449 402 483 fuisse;
426 451 517 485 atque
538 449 596 476 hoc
620 451 719 484 pacto,
734 451 767 476 ut
782 457 819 476 ne
842 448 974 484 amplius
989 448 1046 476 tale

220 492 390 529 quidquam
406 493 555 526 admittat,
568 501 586 521 a
599 500 656 520 sua
680 492 775 529 ipsius
790 492 973 521 conscientia.
997 492 1048 520 ad-

221 540 380 566 monetur:
393 539 507 572 contra,
523 538 588 565 ﬁeri
603 537 690 566 facile
706 540 817 574 potest,
829 540 862 566 ut
874 538 898 566 si
913 538 981 574 quis
996 538 1050 566 ini-

221 582 261 611 tio
276 583 306 610 in
328 582 468 610 sodalitio
482 590 543 610 non
557 582 673 618 vixerit,
685 583 776 611 etiam
787 583 861 610 dum
872 582 1049 618 gravissime

221 630 338 664 peccat,
360 627 400 655 ob
409 628 591 664 imperitiam
615 630 717 656 tamen
732 636 857 664 peccare
872 636 904 656 se
918 628 1045 656 nesciat.

223 673 291 700 Haec
306 675 407 700 autem
423 674 528 701 nostra.
546 672 709 701 declaratio
730 673 826 709 ipsius
846 673 978 708 Gregorii
993 675 1050 702 Ne-

223 717 354 745 zianzeni
365 717 466 745 verbis
475 717 607 745 maxime
618 717 826 746 conﬁrmatur.
834 718 878 746 Ita
889 719 970 746 enim
982 719 1052 746 scri-

222 762 267 790 bit
277 762 319 797 (a)
332 770 339 789 :
356 765 407 788 Τοῦ
418 764 502 788 τοίνυν
514 761 640 800 ἐρημικοῦ
654 762 715 799 βίον
731 764 831 789 καὶτοῦ
842 761 956 799 μιγάδος
966 773 1052 800 μαχο-

224 809 304 844 μένων
324 809 389 844 πρὸς
404 806 529 838 ἀλλήλους
548 809 582 837 ὡς
596 809 629 833 τὰ
647 807 738 841 πολλὰ,
753 809 797 833 καὶ
817 806 1048 844 διισταμένωνηη.

1100 228 1124 255 si
1135 236 1221 256 suam
1232 228 1409 256 sententiam
1421 228 1614 257 declarasset,
1626 232 1777 260 nusquam
1791 223 1874 251 illam
1885 223 1927 250 ul-

1099 272 1135 300 lis
1154 273 1340 308 argumentis
1355 271 1573 309 comprobavit.
1586 273 1686 306 Neque
1705 272 1808 297 tamen
1829 268 1927 298 virum

1099 317 1335 345 eruditissimum
1345 317 1433 344 ullius
1443 315 1630 351 negligentia
1641 317 1817 342 accusatum
1825 312 1928 339 velim.

1100 364 1194 391 Nemo
1205 362 1296 394 enim,
1308 362 1360 398 qui
1381 363 1505 398 prtestat
1523 359 1607 396 quod
1626 361 1732 395 potest,
1745 357 1830 394 quod
1844 364 1929 393 qua:-

1101 408 1172 436 dam
1192 415 1253 435 non
1272 407 1379 443 possit,
1393 404 1662 442 reprehendendus
1673 406 1726 431 est.
1739 405 1812 430 Puto
1828 404 1931 430 autem

1101 460 1199 488 neque
1211 460 1229 480 a
1240 451 1532 486 (Zombeﬁsio,neque
1543 457 1560 477 a
1569 456 1723 485 quoquam
1735 447 1832 474 ullum
1844 453 1932 480 argu-

1101 499 1238 525 mentum
1249 497 1372 524 ﬁrmum
1383 495 1482 523 atferri
1493 502 1591 530 posse,
1603 501 1664 529 quo
1683 499 1745 520 non
1764 491 1835 518 dico
1848 498 1933 518 cons-

1102 545 1152 576 tet,
1171 541 1225 569 sed
1235 541 1394 569 verisimile
1415 540 1479 574 ﬁat,
1494 539 1637 567 Basilium
1657 538 1813 573 parentem
1834 534 1932 569 legiti-

1103 595 1189 616 mum
1213 594 1279 614 esse
1303 585 1541 614 monasticarum
1567 582 1831 612 Constitutionum.
1850 578 1933 607 Unde

1105 633 1196 666 enim,
1210 639 1324 668 quaeso,
1337 629 1488 665 ejusmodi
1508 629 1686 664 argumenta
1700 627 1876 662 peterentur
1886 624 1899 651 ‘2
1913 625 1933 650 Ε

1104 667 1242 705 veterum
1262 676 1442 712 scriptorum
1462 671 1660 702 testimoniis?
1682 670 1739 699 Sed
1758 667 1935 697 testimonia

1106 722 1210 750 omnia
1224 729 1292 757 quae
1304 719 1431 757 proferri
1442 718 1618 755 potuissent,
1630 715 1775 750 ambigua
1786 715 1868 746 sunt,
1880 720 1935 740 nec

1106 767 1204 802 magis
1215 775 1250 794 ex
1261 773 1292 793 se
1304 763 1534 793 Constitutiones
1545 761 1724 796 signiﬁcant,
1735 766 1831 794 quam
1842 759 1936 792 Regu-

1107 812 1161 841 las.
1171 814 1190 839 Ε
1199 810 1335 839 ratione?
1347 809 1404 838 Sed
1415 808 1473 842 cui,
1485 814 1590 844 quaeso
1604 803 1800 834 Combetisius
1811 809 1935 838 persua-

224 854 270 878 καὶ
281 853 389 882 τούτους
399 852 497 888 ἄριστα
507 851 664 883 κατήλλαξεν
676 851 795 882 ἀλλήλοις
810 855 855 878 καὶ
871 855 1048 889 συνεκέρασεν·

1119 857 1180 885 lere
1195 856 1343 892 potuisset
1353 855 1593 882 consentaneum
1605 857 1670 877 esse
1690 847 1808 880 rationi,
1825 845 1937 874 ascribi

226 895 378 933 ἆσκητὴρια
389 898 434 922 καὶ
449 898 615 933 μοναστήρια
630 894 785 932 δειμάμενος
799 898 854 933 μὲν,
871 897 900 923 οὐ
916 897 1003 935 πόῤῥω
1024 896 1052 924 δὲ

225 945 276 967 τῶν
298 944 452 966 κοινωνικῶν
475 942 520 966 καὶ
542 939 672 976 μιγάδων,
697 939 752 967 uide
776 942 862 978 ὥσπερ
885 945 978 978 τειχίω
1002 952 1053 968 τινι

227 987 299 1022 μέσῳ
313 988 397 1010 ταῦτα
412 983 568 1018 διαϐάλλων,
583 987 627 1011 καὶ
643 984 685 1011 ἀπ’
705 984 818 1014 ἀλλήλων
837 989 968 1023 χωρίσας,
991 986 1054 1013 ἀλλὰ

227 1029 338 1058 πλησίον
355 1028 474 1064 συνάψας
489 1031 533 1055 καὶ
549 1027 698 1063 διαζεύξας,
716 1031 770 1058 etc.
786 1031 861 1058 Cum
873 1031 968 1066 igitur
981 1031 1053 1059 soli-

230 1074 310 1102 taria
319 1074 391 1109 vita,
399 1076 427 1102 et
437 1081 482 1108 ea,
490 1081 556 1109 qua:
565 1074 706 1102 societate
714 1075 837 1110 gaudet,
845 1078 878 1103 ut
887 1077 1054 1110 plurimum

229 1119 309 1147 inter
331 1126 361 1146 se
379 1118 568 1152 dissiderent,
582 1126 617 1147 ac
628 1122 849 1154 pugnarent....
861 1121 942 1155 ipsas
956 1124 1055 1149 tamen

227 1164 377 1199 praetore
387 1164 468 1191 inter
477 1170 508 1191 se
518 1164 736 1199 reconciliavit,
749 1171 785 1192 ac
795 1166 981 1200 permiscuit,
995 1167 1056 1201 pie-

231 1209 301 1236 tatis
312 1208 454 1236 nimirum
474 1208 634 1243 gymnasia
653 1211 680 1236 et
699 1211 883 1238 monasteria
904 1214 1056 1245 extruens,

229 1256 402 1282 nontamen
414 1254 499 1289 longo
510 1254 673 1282 intervallo
692 1253 730 1282 ab
748 1255 796 1288 iis,
807 1256 861 1291 qui
877 1256 909 1284 in
919 1257 1059 1285 sodalitio

231 1299 350 1332 vivunt,
361 1301 484 1332 remota,
493 1305 546 1326 nec
557 1299 638 1326 velut
648 1306 734 1326 muro
745 1301 885 1334 quopiam
905 1302 1061 1337 interjecto

235 1351 271 1372 ea
290 1343 475 1378 distinguens
486 1345 574 1378 atque
584 1350 602 1370 a
617 1350 647 1370 se
657 1344 783 1372 invicem
794 1352 948 1379 separans,
962 1354 1063 1375 verum

235 1395 330 1424 prope
345 1389 529 1423 conjungens
551 1395 587 1415 ac
606 1387 758 1419 dirimens,
776 1391 838 1416 etc:
847 1391 963 1418 Etenim
978 1391 1064 1419 facile

238 1435 348 1470 cuique
361 1433 511 1468 conjicere
529 1432 608 1467 licet,
623 1432 765 1461 Basilium
785 1435 936 1469 ejusmodi
948 1444 1067 1465 monas-

239 1479 314 1508 teria
325 1486 360 1506 eo
369 1477 495 1505 consilio
505 1477 546 1505 ita
557 1476 757 1513 disposuisse,
768 1480 799 1506 ut
809 1480 862 1515 qui
873 1481 1068 1509 anachoreta—

239 1532 309 1553 rum
318 1522 438 1551 vivendi
449 1522 599 1550 rationem
610 1522 752 1558 amplecti
772 1527 925 1561 cuperent,
938 1528 1022 1562 prius
1037 1529 1068 1557 in
1084 1528 1104 1555 c

241 1569 344 1605 aliquo
356 1566 494 1595 sodalitio
514 1566 613 1594 vicino
630 1566 670 1594 ad
689 1567 831 1603 pietatem
849 1575 1069 1602 exercerentur.

242 1615 302 1642 Etsi
316 1615 417 1640 autem
440 1611 565 1639 Basilius
576 1611 735 1648 quoddam
753 1613 1006 1645 anachoretarum
1022 1625 1070 1653 ge-

242 1666 302 1686 nus
322 1656 479 1690 laudabat,
499 1658 601 1684 tamen
618 1656 649 1684 in
670 1657 731 1684 suis
749 1657 870 1693 Regulis
892 1661 1027 1690 universe
1040 1663 1070 1691 in

244 1702 444 1731 anachoretas
453 1703 514 1729 tam
521 1701 715 1729 vehementer
724 1701 824 1730 invehi
834 1705 929 1739 potuit
940 1714 1071 1742 quorum

245 1746 356 1774 scilicet
367 1754 437 1782 pars
450 1744 585 1774 maxima
597 1745 660 1773 sine
670 1746 784 1781 praevia
798 1746 849 1775 illa
859 1750 1072 1779 exercitatione

245 1792 277 1821 id
292 1791 359 1820 vitm
375 1798 471 1827 genus
482 1790 613 1825 eligeret.
624 1791 657 1818 Et
667 1798 704 1818 ne
717 1791 770 1827 qui
780 1791 854 1820 forte
868 1792 934 1821 haec
944 1802 1013 1822 cum
1025 1804 1072 1823 su-

244 1835 414 1873 perioribus
425 1843 562 1872 pugnare
578 1834 748 1868 arbitretur,
761 1844 884 1865 monere
898 1838 980 1873 libet,
994 1840 1073 1868 Basi-

246 1882 320 1910 llum
341 1883 370 1909 et
393 1880 647 1909 Constitutionum
664 1881 904 1910 monasticarum
920 1886 1073 1913 auctorem

246 1926 278 1954 in
289 1933 324 1953 eo
335 1925 463 1953 maxime
473 1924 550 1952 inter
560 1931 591 1951 se
601 1923 758 1960 dissidere,
769 1925 853 1961 quod
863 1926 934 1954 huic
944 1929 1076 1957 anacho-

247 1972 381 1999 retarum
393 1969 562 1997 institutum
572 1968 737 2003 generatim
749 1970 930 2005 probaretur
940 1972 981 2000 illi
994 1973 1076 2002 idem

249 2015 415 2058 generatim
435 2013 668 2049 improbaretur.
680 2014 804 2048 Magnus
824 2017 926 2043 autem
946 2016 996 2045 ille
1015 2018 1077 2046 dux

249 2069 285 2090 ac
300 2059 443 2094 magister
458 2058 679 2086 monachorum
692 2059 870 2087 Benedictus
887 2061 1079 2097 approbabat

249 2113 374 2142 quoque
385 2104 585 2132 anachoretas
606 2111 667 2137 eos,
679 2103 731 2139 qui
753 2111 823 2131 cum
835 2104 888 2132 diu
898 2105 928 2133 in
940 2106 1078 2135 sodalitio

249 2150 406 2184 vixissent,
417 2149 456 2176 ita
467 2148 592 2176 demum
601 2148 694 2176 vitam
710 2148 876 2177 solitariam
887 2157 976 2185 agere
988 2154 1079 2179 statu-

1108 901 1218 930 Basilio
1237 902 1343 934 Magno
1363 897 1596 926 Constitutiones
1608 893 1801 925 monasticas,
1817 899 1897 927 quas
1911 889 1938 917 ei

1109 946 1210 974 nullus
1231 945 1357 981 scriptor
1377 942 1521 978 antiquus
1541 942 1621 968 certo
1642 937 1765 966 tribuit?
1785 943 1857 963 cum
1873 935 1938 970 ipse

1109 990 1278 1027 adjudicari
1293 980 1408 1016 iBasilio
1419 986 1547 1021 Regulus
1558 983 1697 1016 noluerit,
1708 989 1786 1018 quas
1797 980 1824 1008 ei
1835 982 1938 1007 tamen

1109 1024 1226 1072 antiqui
1236 1034 1322 1062 multi
1333 1036 1470 1061 auctores
1482 1029 1599 1058 disertis
1610 1028 1710 1056 verbis
1722 1024 1938 1055 attribuebant,

1110 1080 1248 1114 Ruﬁnus,
1268 1078 1440 1111 Cassianus,
1460 1076 1623 1111 imperator
1642 1071 1841 1102 Justinianus,
1862 1068 1940 1096 Pho—

1111 1126 1168 1154 tius
1179 1125 1230 1160 (b).
1243 1125 1262 1151 Ε
1274 1122 1371 1159 stylo?
1382 1121 1438 1149 Sed
1450 1127 1516 1156 qua:
1528 1116 1735 1146 convenientia
1745 1113 1875 1142 inveniri
1890 1119 1942 1148 po—

1112 1156 1241 1203 test,'ubi
1253 1156 1336 1196 nulla
1346 1167 1407 1194 est?
1419 1167 1480 1192 lmo
1492 1171 1552 1192 non
1564 1162 1637 1190 satis
1648 1163 1693 1188 est
1703 1160 1812 1190 dicere,
1824 1156 1942 1185 nullam

1113 1222 1178 1243 esse
1206 1214 1236 1241 in
1266 1212 1344 1249 stylo
1373 1208 1625 1239 convenientiam,
1646 1213 1715 1233 cum
1736 1200 1944 1237 discrepantia

1115 1259 1251 1288 maxime.
1270 1245 1316 1285 sit.
1329 1257 1510 1291 Quanquam
1531 1254 1629 1279 autem
1642 1248 1842 1277 Combeiisius
1855 1245 1944 1273 nullis

1117 1302 1306 1339 argumentis
1327 1308 1413 1328 suam
1434 1297 1614 1326 sententiam
1626 1291 1826 1326 conﬁrmavit,
1843 1294 1946 1318 tamen

1117 1334 1180 1378 non
1199 1351 1310 1375 temere
1321 1346 1435 1373 factum
1445 1346 1529 1379 puto,
1541 1344 1573 1369 ut
1591 1338 1774 1368 monasticas
1793 1334 1946 1363 Constitu-

1119 1394 1215 1422 tiones
1225 1391 1335 1420 Basilio
1346 1387 1571 1418 tribuerit.Cum
1583 1385 1662 1413 enim
1670 1381 1800 1410 semelin
1809 1385 1948 1407 animum

1122 1438 1292 1466 induxisset
1312 1443 1411 1465 suum,
1434 1432 1563 1467 Regulas
1578 1429 1719 1463 indignas
1739 1432 1804 1453 esse
1817 1429 1949 1460 quarum

1124 1483 1252 1512 Basilius
1272 1483 1376 1510 auctor
1394 1479 1553 1511 diceretur,
1565 1479 1753 1508 consequens
1766 1470 1832 1503 fuit,
1845 1470 1888 1501 ut,
1899 1475 1950 1494 su—

1126 1528 1213 1557 blatis
1226 1526 1355 1562 Regulis,
1368 1525 1393 1552 ei
1404 1523 1511 1551 saltem
1522 1519 1706 1550 monasticas
1717 1513 1953 1544 Constitutiones

1125 1556 1221 1602 daret.
1243 1556 1361 1600 Etvvero
1381 1571 1422 1598 tot
1443 1566 1615 1596 testimonia
1633 1559 1843 1596 veterum,qui
1859 1556 1954 1602 ampli

1125 1618 1289 1655 cujusdam
1299 1614 1399 1652 operis
1410 1609 1680 1642 asceticiBasilium
1691 1609 1845 1635 auctorem
1858 1600 1955 1630 mani-

1125 1644 1199 1693 feste
1210 1644 1334 1693 faciunt,
1345 1659 1474 1695 Regulas
1486 1660 1576 1693 atque
1586 1651 1816 1682 Conslitutiones
1827 1647 1854 1676 ei
1865 1644 1955 1695 simul

1127 1708 1221 1737 adimi
1231 1714 1292 1735 non
1313 1705 1425 1732 sinunt.
1438 1705 1519 1730 lianc
1538 1704 1639 1728 autem
1652 1693 1823 1726 Combetisii
1834 1690 1954 1728 opinio—

1127 1762 1198 1782 nem
1217 1759 1319 1786 nemo,
1332 1749 1416 1786 quod
1436 1747 1540 1780 sciam,
1561 1745 1721 1780 amplexus
1741 1741 1796 1768 est.
1810 1736 1878 1766 Mihi
1889 1734 1953 1771 qui-

1217 1805 1279 1825 non
1298 1780 1437 1830 igdotum
1458 1789 1619 1822 est,videri
1640 1787 1804 1816 Scultetum
1825 1780 1956 1810 ascetica

1129 1842 1230 1872 omnia
1237 1829 1480 1869 eBasilianorum
1491 1835 1672 1871 scriptorum
1683 1829 1821 1863 catalogo
1831 1831 1956 1872 prorsus

1129 1886 1282 1916 sustulisse
1307 1893 1312 1912 :
1335 1883 1388 1911 sed
1408 1881 1561 1910 neminem
1595 1877 1677 1912 novi,
1699 1874 1762 1912 qui,
1784 1867 1959 1901 Combeﬁsii

1129 1914 1409 1966 exemploﬁtegulas
1419 1926 1448 1954 in
1461 1924 1571 1961 spuriis
1580 1923 1715 1959 poneret,
1726 1914 1960 1962 Constitutiones

1129 1957 1380 2011 veropro'Basilii
1394 1957 1524 2006 genuino
1536 1957 1598 1996 fetu
1611 1966 1747 1994 haberet.
1759 1961 1894 1990 Adversa
1903 1957 1960 2011 igi-

1130 2024 1178 2050 tur
1192 2019 1342 2048 sententia
1350 2016 1474 2045 omnino
1485 2013 1563 2048 vicit,
1573 2019 1689 2043 eorum,
1701 2007 1764 2045 qui,
1775 2008 1808 2033 ut
1817 2002 1960 2050 Regulas,

1132 2066 1174 2094 ita
1193 2046 1424 2093 etimonasticas
1444 2046 1565 2096 quoque
1589 2052 1823 2096 Constitutiones
1843 2046 1962 2096 Basilio

1132 2110 1299 2138 ascribunt.
1313 2108 1373 2142 Ego
1393 2107 1494 2133 autem
1515 2103 1539 2130 si
1557 2102 1593 2130 iis
1612 2108 1680 2136 quae
1701 2095 1787 2134 posui
1802 2090 1961 2130 principiis

1133 2157 1211 2183 stare
1230 2153 1311 2184 volo,
1323 2140 1355 2180 ut
1374 2159 1392 2178 a
1412 2148 1603 2181 Combeﬁsio,
1617 2146 1658 2173 ita
1673 2152 1691 2172 a
1706 2140 1820 2170 caeteris
1838 2143 1962 2184 quoque

251 2197 349 2224 erunt.
362 2194 409 2223 Sic
419 2194 500 2222 enim
512 2193 609 2229 capite
627 2193 726 2228 primo
747 2193 868 2228 Regulae
880 2203 941 2222 sua:
953 2196 1055 2224 scribit
1073 2204 1079 2223 :
1095 2200 1117 2226 D
1133 2199 1291 2228 dissentire
1307 2179 1419 2232 cogor:
1433 2194 1485 2222 sed
1507 2193 1549 2220 sic
1561 2179 1673 2222 tamen,
1685 2191 1718 2215 ut
1734 2187 1758 2214 si
1772 2179 1961 2213 reconciliari

250 2240 469 2269 Monarhorum
480 2241 612 2274 quatuor
621 2245 681 2265 esse
690 2245 800 2273 genera
810 2240 1003 2274 manifestum
1014 2243 1080 2268 est..

253 2284 424 2314 Secundum
435 2291 525 2319 genus
536 2285 578 2311 est
594 2282 862 2316 anachoretarum,
872 2283 906 2310 id
916 2287 969 2319 est,
979 2286 1080 2312 eremi-

254 2333 354 2359 tarum
363 2338 369 2356 :
379 2329 485 2357 horum
495 2328 548 2364 qui
559 2335 619 2355 non
631 2327 830 2355 conversionis
838 2328 960 2362 fervore
970 2330 1081 2357 nouitio

253 2375 315 2409 sed,
333 2372 512 2402 monasterii
530 2372 705 2407 probatione
725 2371 884 2405 diuturna,
911 2373 1081 2402 didicerunt

255 2421 360 2449 contra
378 2417 533 2446 diabolum
547 2416 711 2445 multorum
726 2416 835 2444 solatio
851 2418 914 2452 iam
933 2417 1012 2446 docti
1028 2425 1083 2453 pu-

253 2471 355 2501 gnare,
373 2465 429 2491 etc.

255 2512 269 2544 §
289 2510 339 2551 iit.
356 2509 440 2551 fors
454 2507 644 2551 septimm?
651 2514 710 2551 qua
720 2507 974 2551 c‘og‘nosci‘pclcrit
993 2508 1083 2536 Cons-

291 2545 445 2608 tbittuttiiozgs
464 2543 646 2571 monasticas
664 2542 826 2570 Eustathio
845 2543 1004 2571 Sebasteno
1029 2544 1083 2571 tri-

323 2589 345 2608 ιι
382 2588 397 2608 e
435 2587 476 2607 re.

290 2626 335 2652 44.
356 2623 551 2652 Doctissimus
560 2623 606 2650 vir
616 2622 814 2651 Combeﬁsius
825 2630 905 2659 saepe
916 2622 1040 2659 quidem
1056 2625 1085 2651 et

255 2669 442 2699 conﬁdenter
460 2668 533 2696 dicit
548 2667 692 2696 Basilium
706 2668 960 2696 Constitutionum
979 2675 1084 2696 mona-

292 2742 332 2778 (α)
352 2743 401 2771 0r.
411 2743 456 2776 20,
467 2741 562 2778 p.358
576 2742 605 2770 et
620 2742 682 2769 359.

290 2777 330 2814 (b)
351 2779 418 2814 Leg.
433 2786 464 2806 n.
481 2777 528 2806 40.

1135 2252 1183 2272 me
1198 2249 1333 2278 unquam
1354 2248 1423 2268 cum
1435 2236 1616 2266 Combcﬁsio
1630 2231 1841 2261 difﬁcillimum
1855 2228 1904 2256 sit.
1920 2234 1962 2253 re-

1135 2277 1328 2317 conciliatum
1341 2293 1389 2313 me
1409 2284 1443 2312 iri
1457 2282 1598 2311 facillime
1612 2287 1680 2307 cum
1692 2277 1806 2305 creteris
1821 2280 1961 2310 sperem;

1136 2333 1230 2361 modo
1241 2331 1401 2367 cogitarint
1411 2336 1458 2356 me
1479 2327 1518 2354 ab
1541 2325 1614 2362 ipsis
1631 2324 1660 2351 in
1676 2331 1708 2350 re
1720 2320 1778 2349 levi
1792 2317 1961 2347 dissentire.

1138 2360 1203 2407 ἰωῇ
1220 2360 1299 2405 θηίῶ
1314 2383 1385 2403 cum
1400 2373 1457 2401 illis
1473 2360 1622 2403 convenit,
1638 2365 1788 2404 quidquid
1803 2364 1833 2391 in
1851 2360 1963 2407 Asceti-

1138 2422 1180 2450 cis
1195 2421 1312 2456 insigne
1332 2422 1379 2447 est
1400 2420 1429 2446 et
1443 2415 1599 2448 eximium,
1615 2420 1705 2441 omne
1719 2410 1750 2438 id
1765 2409 1805 2437 ad
1820 2406 1964 2434 Basilium

1137 2469 1278 2501 Magnum
1294 2463 1443 2501 pertinere
1461 2471 1467 2489 :
1484 2460 1564 2488 solas
1577 2466 1648 2486 vero
1672 2453 1859 2483 monasticas
1876 2451 1964 2478 Cons-

1137 2497 1369 2544 titutiones-ejus
1384 2514 1449 2534 esse
1460 2513 1548 2539 nego,
1561 2510 1629 2539 qum
1644 2503 1732 2531 certe,
1747 2498 1771 2526 si
1786 2505 1855 2525 cum
1874 2497 1964 2529 Regu-

1137 2557 1173 2585 lis
1201 2555 1427 2590 comparentur,
1454 2549 1527 2578 nihil
1551 2546 1655 2581 magni
1685 2547 1737 2572 aut
1760 2541 1862 2570 eximii
1887 2547 1966 2568 com-

1138 2583 1228 2638 plecti
1238 2583 1434 2627 videbuntur.
1449 2596 1537 2628 Nam,
1548 2595 1580 2620 ut
1594 2590 1697 2619 monui
1714 2590 1762 2624 (c),
1774 2583 1966 2632 Constitutio-

1138 2628 1193 2674 nes
1204 2642 1381 2673 monasticae
1394 2647 1552 2676 nunquam
1564 2638 1688 2666 fortasse
1697 2640 1795 2670 neque
1805 2631 1890 2668 apud
1899 2628 1966 2658 anti‘

1176 2725 1216 2762 (c)
1237 2726 1305 2760 Leg.
1321 2731 1351 2751 n.
1368 2723 1414 2750 40.
