2020 3140
116 129 160 154 l2l
867 126 1062 155 PRIEFATIO.

1769 127 1820 154 122

109 197 310 226 quos,neque
322 189 404 226 apud
412 189 738 221 recentiorescitantur,
755 198 824 217 cum
839 191 940 217 tamen
956 189 978 215 A
1029 190 1074 217 45.
1105 189 1234 218 Probare
1259 191 1360 217 autem
1374 189 1607 217 Constitutiones
1636 187 1821 216 monastieas

109 233 242 268 Regulas
257 242 340 270 saepe
353 233 437 262 citari
447 236 563 262 constet
579 244 585 262 :
600 234 682 270 quod
699 234 810 262 iudicio
826 237 871 262 est
886 235 939 261 Be-

108 278 198 313 gulas
219 286 342 314 semper
356 279 487 306 maxime
508 279 539 307 in
557 279 653 315 pretio
675 279 777 314 fuisse,
795 279 940 307 Constitu-

108 323 207 350 tiones
223 330 286 350 non
299 323 381 350 item.
399 324 494 355 Quare
510 331 572 351 non
588 324 662 351 satis
682 332 762 360 queo
791 323 939 351 Combeﬁ-

108 367 191 394 sium
207 367 381 404 mirari,qui
392 375 462 395 cum
478 367 603 404 aliquod
618 371 751 396 veterum
771 371 822 396 aut
836 376 938 396 recen~

105 412 220 439 tiorum
236 411 443 440 testimonium
460 412 499 440 ad
507 413 692 440 monasticas
707 413 938 441 Constitutiones

106 456 374 484 commendandas
399 456 505 484 afferre
528 457 690 492 debuisset,
708 458 781 485 satis
802 457 859 486 sibi
874 465 939 485 esse

106 501 246 534 credidit,
264 501 287 528 si
303 501 368 537 ipse
381 509 432 528 eas
443 501 580 537 impense
591 501 738 530 laudaret.
750 503 878 530 Causam
888 510 938 530 au-

105 547 236 578 tem,cur
243 546 740 574 monasticarumConstitutionum
749 546 936 574 Eustathium

108 590 312 618 Sebastenum
323 592 479 618 auctorem
493 590 614 620 faciam.
627 591 937 627 vident,opinor,om-

105 642 173 662 nes.
191 635 266 663 Cum
282 635 364 662 enim
377 635 461 671 prius
481 643 536 671 pro
552 637 632 663 certo
645 638 673 663 et
695 636 851 672 explorato
880 639 938 664 sta-

104 679 216 707 tuerim
226 679 466 715 (a),monasticas
474 680 704 707 Constitutiones
711 683 739 708 et
746 680 875 716 Regulas
885 681 937 709 uni

104 725 134 751 et
149 723 249 751 eidem
265 723 403 759 scriptori
417 724 509 751 tribui
521 732 582 752 non
595 725 857 762 posseeo'lemque
869 725 936 753 loco

105 767 285 795 affirmarim
315 768 456 795 Basilium
482 771 638 804 parentem
660 777 727 797 esse
742 770 934 804 Regularum,

104 820 298 848 consequens
311 815 364 846 est,
382 813 406 840 si
418 821 538 841 mecum
553 814 828 848 consentirevelim,
843 818 873 843 ut
885 815 936 844 ali-

104 864 199 893 quem
215 857 468 885 Constitutionum
484 860 649 889 auctorem,
666 859 717 894 qui
734 860 858 887 Basilius
874 867 935 888 non
950 865 970 891 Β

104 901 156 936 sit,
171 909 319 937 quaeram.
331 901 400 934 Quis
414 904 527 933 autem,
538 911 765 938 qtueso,earum
774 907 878 931 auctor
885 912 935 932 ve-

103 945 261 973 risimilius
285 946 344 973 dici
368 948 475 982 potest,
491 955 584 982 quam
608 948 780 975 Eustathius
798 948 923 976 Sebaste

102 990 278 1027 nus,qui,ut
292 994 338 1018 est
353 992 434 1027 apud
450 992 650 1020 Sozomenum
665 993 717 1027 (ὸ),
729 993 839 1021 librum
855 1002 934 1021 asce-

105 1036 274 1071 tieum,qui
292 1035 393 1063 Basilii
407 1036 601 1072 Cappadocis
627 1038 749 1065 nomine
771 1038 934 1074 inscriptus

103 1082 180 1111 erat.
194 1080 325 1107 edidisse
335 1088 352 1107 a
362 1080 548 1116 quibusdam
560 1081 755 1110 credebatur?
764 1083 837 1110 Nam
846 1083 934 1110 licere

103 1123 195 1152 nobis
214 1132 276 1152 non
292 1124 486 1158 arbitramur,
502 1127 637 1153 veterum
664 1126 847 1161 testimonia,
876 1127 935 1155 nisi

103 1176 212 1196 eorum
229 1168 344 1196 falsitas
359 1169 481 1197 aliunde
506 1170 668 1197 manifesto
687 1170 810 1206 probari
828 1171 932 1207 possit,

104 1222 162 1250 pro
176 1214 262 1242 falsis
277 1213 478 1242 habere.Cum
489 1223 570 1250 ergo,
586 1217 618 1242 ut
634 1215 820 1243 Sozomenus
834 1216 931 1246 refert.

103 1261 208 1286 essent
223 1259 275 1294 qui
290 1258 402 1286 librum
411 1259 575 1294 quemdam
585 1260 760 1293 asceticum,
770 1261 819 1296 qui
833 1261 933 1288 Basilii

101 1310 218 1330 nomen
234 1303 422 1338 praeferebat,
441 1303 480 1331 ab
498 1304 649 1332 liustathio
675 1305 840 1332 Sebasteno
863 1314 932 1333 con-

102 1347 252 1383 scriptum
267 1347 360 1375 fuisse
369 1348 566 1376 affirmarent:
582 1349 728 1384 sequitur,
743 1349 847 1385 siquis
861 1349 933 1377 liber

102 1392 140 1419 sit
155 1392 185 1419 in
202 1392 354 1427 Aseeticis,
370 1393 422 1428 qui
441 1393 546 1420 Basilio
561 1393 650 1420 tribui
667 1401 726 1421 non
743 1395 847 1429 possit.
862 1403 932 1423 eum

99 1436 257 1464 Eustathio
270 1436 380 1464 ascribi
395 1440 545 1473 oportere.
563 1438 732 1465 Obscurum
749 1441 854 1466 autem
871 1447 931 1467 non

99 1483 154 1516 est,
169 1481 258 1509 talem
275 1489 342 1509 esse
369 1482 624 1510 Constitutionum
638 1482 760 1510 librum.
789 1485 872 1515 Nam,
902 1486 933 1512 ut

99 1533 183 1561 saepe
193 1525 256 1553 dixi
272 1526 386 1561 (c),non
401 1526 481 1553 idem
495 1530 600 1554 auctor
610 1530 653 1555 est
667 1528 930 1562 Constitutionum,
947 1541 966 1568 ρ

98 1570 153 1606 qui
170 1571 362 1605 Regularum.
388 1572 461 1599 Cum
485 1571 576 1606 igitur
602 1571 725 1599 Basilius
751 1572 931 1607 Regularum

98 1617 207 1642 auctor
231 1615 278 1650 sit,
294 1615 358 1651 ipse
379 1615 633 1643 Constitutionum
658 1619 762 1644 auctor
784 1625 848 1645 esse
870 1625 931 1645 non

98 1661 208 1696 potest.
225 1659 383 1695 Reliquum
391 1662 435 1687 est
450 1660 540 1696 igitur
554 1662 585 1688 ut
613 1661 868 1689 Constitutionum
898 1662 931 1690 li-

100 1703 193 1731 brum
205 1706 256 1731 aut
264 1704 302 1731 ad
315 1704 500 1731 Eustathium
510 1705 658 1740 pertinere
670 1705 818 1740 dicamus,
831 1708 882 1734 aut
893 1706 932 1734 ad

99 1748 291 1783 incognitum
308 1751 476 1776 auctorem.
498 1749 556 1777 Sed
568 1757 659 1777 nemo
672 1750 833 1785 hactenus,
849 1751 933 1787 quod

102 1792 208 1826 sciam,
225 1800 325 1829 neque
344 1793 532 1821 monasticas
559 1794 803 1828 Constitutiones,
834 1803 932 1831 neque

101 1837 195 1865 ullam
206 1837 299 1876 aliam
308 1838 513 1865 Asceticorum
523 1841 638 1873 partem
652 1838 806 1873 incognito
818 1839 933 1867 auctori

99 1881 215 1910 tribuit.
230 1883 343 1910 Omnes
358 1882 450 1917 enim,
466 1883 678 1911 auctoritatem
708 1884 865 1911 Sozomeni
890 1892 933 1911 se-

98 1927 172 1958 cuti,
189 1926 324 1954 Ascetica
345 1934 465 1962 semper
488 1930 540 1955 aut
565 1927 670 1955 Basilio
692 1928 868 1963 ascripsere,
881 1925 932 1956 aut

97 1971 305 1998 Eustathio.Et
319 1971 443 2007 quidem
455 1971 691 1999 etiamsieruditi
706 1972 832 2000 miriﬁce
846 1973 932 2000 dissi—

96 2015 192 2043 deant
206 2016 284 2043 inter
297 2024 328 2043 se
357 2016 396 2043 de
414 2016 565 2050 Asceticis,
591 2017 622 2044 in
642 2024 677 2044 eo
700 2019 801 2044 tamen
825 2025 931 2045 omnes

93 2068 224 2096 prorsus
238 2061 315 2088 inter
330 2068 360 2088 se
372 2061 567 2094 conveniunt,
578 2061 661 2096 quod
676 2069 782 2088 eorum
793 2064 844 2089 aut
855 2062 930 2089 Basi-

95 2104 173 2132 lium
189 2107 346 2132 auctorem
367 2105 487 2137 faciant.
503 2108 555 2133 aut
580 2105 787 2138 Eustathium;
805 2106 845 2133 ita
860 2108 892 2133 ut
905 2105 929 2133 si

96 2149 167 2185 quis
184 2148 260 2184 quid
270 2149 377 2177 Basilio
394 2149 563 2183 sustulit,id
577 2150 732 2177 Eustathio
747 2149 872 2184 largitus
881 2150 927 2178 sit.

99 2193 215 2226 Quodsi
231 2193 262 2220 in
286 2193 430 2221 manibus
446 2196 548 2221 essent
569 2193 672 2229 aliqua
701 2193 760 2222 alia
787 2194 927 2222 Eustatbii
945 2214 964 2240 Β

98 2245 205 2274 opera,
223 2237 360 2266 fortassis
376 2246 391 2265 e
402 2238 470 2274 styli
484 2238 681 2266 similitudine
696 2238 813 2266 ostendi
828 2241 930 2274 posset

98 2282 290 2310 monasticas
307 2282 540 2310 Constitutiones
553 2283 591 2315 ad
604 2290 673 2310 eum
685 2283 834 2318 pertinere
851 2292 858 2310 :
875 2283 928 2310 sed

99 2334 170 2354 cum
182 2326 268 2354 nulla
283 2326 352 2355 sint.
365 2327 422 2354 hoc
432 2330 683 2361 argumentorum
696 2335 804 2361 genere
814 2327 856 2354 uti
867 2335 928 2355 non

99 2378 279 2406 possumus.
291 2374 428 2399 Attamen
444 2371 501 2399 alia
516 2371 660 2400 adhibere
675 2371 744 2399 licet
759 2379 819 2399 nou
830 2372 928 2399 mino-

97 2415 139 2443 ris
154 2415 302 2451 ponderis
309 2418 361 2443 aut
373 2417 531 2444 momenti.
542 2418 616 2444 Cum
632 2416 712 2444 enim
724 2419 841 2444 constet
852 2417 928 2444 inter

97 2468 208 2488 omnes
224 2461 369 2493 Ascetica,
383 2461 445 2488 sive
456 2462 661 2489 Asceticorum
677 2463 778 2497 partes
787 2464 838 2489 aut
851 2461 928 2489 Basi-

97 2504 127 2532 lii
138 2513 218 2537 esse,
233 2507 286 2532 aut
303 2504 485 2538 Eustathii,si
497 2505 728 2541 probaverimus
744 2505 928 2533 monasticas

98 2549 336 2577 Constitutiones
352 2550 491 2578 Basilium
499 2553 653 2578 auctorem
667 2558 727 2577 non
744 2550 865 2584 habere,
876 2559 926 2578 eas

95 2593 257 2622 Eustathio
274 2593 452 2622 tribuendas
465 2602 530 2622 esse
546 2594 637 2622 simul
651 2594 861 2631 probabimus.

133 2665 174 2702 (ᾳ)
199 2665 272 2702 Leg.
292 2671 323 2692 n.
345 2667 379 2693 34
394 2667 422 2693 et
437 2673 499 2702 seq.

131 2701 172 2736 (ὁ)
195 2700 262 2728 Lib.
284 2708 325 2727 lli.
346 2708 371 2727 c.
392 2702 434 2733 14,

133 2739 173 2771 (c)
196 2737 268 2770 Leg.
290 2743 321 2763 n.
342 2737 376 2763 34
391 2739 419 2763 et
432 2743 496 2772 seq.

134 2772 177 2808 (ά)
201 2773 272 2806 ch.
293 2779 324 2799 n.
345 2773 380 2799 34
390 2773 418 2799 et
433 2779 496 2807 seq.

994 234 1147 262 Eustathio
1164 234 1330 263 Sebasteno
1341 234 1511 269 adjudicari
1526 235 1675 269 oportere,
1690 235 1734 260 est
1753 241 1821 268 pro-

993 279 1056 314 prie
1072 282 1171 306 actum
1190 287 1289 314 agere.
1300 281 1375 307 Nam
1391 278 1496 306 omnia
1510 279 1691 312 argumenta
1707 277 1820 312 quibus

995 323 1040 350 usi
1055 331 1159 351 sumus
1172 323 1348 359 (d),partim,
1360 322 1625 350 utostenderemus
1638 321 1819 356 Regularum

993 368 1169 404 scriptorem
1184 369 1277 396 tilium
1290 376 1355 396 esse
1372 367 1411 395 ab
1427 375 1473 400 eo,
1486 367 1539 403 qui
1555 366 1820 394 monasticasCon-

994 413 1164 440 stitutiones
1180 413 1282 443 edidit:
1292 413 1448 449 partim,ut
1456 412 1579 448 planum
1590 412 1758 439 faceremus
1769 411 1818 445 (e),

992 457 1124 485 dubitari
1141 457 1223 485 nullo
1242 458 1334 485 modo
1351 465 1452 494 posse.
1476 457 1549 493 quin
1564 456 1687 484 Basilius
1707 463 1818 492 parens

993 501 1030 529 sit
1044 502 1195 537 legitimus
1207 502 1429 537 Regularum.si
1444 501 1517 538 quid
1533 501 1672 537 probent.
1689 500 1821 536 probant

991 554 1112 582 quoque
1127 548 1299 575 necessaria
1311 547 1448 583 quadam
1468 545 1690 580 consecutione,
1718 546 1818 572 Eusta-

991 591 1086 619 thium
1102 591 1301 620 Sebastenum
1317 591 1570 619 Constitutionum
1581 589 1817 618 monasticarum

991 637 1143 663 auctorem
1159 644 1236 664 esse.
1249 636 1375 670 Etenim,
1391 636 1416 663 si
1431 643 1534 663 verum
1551 633 1742 662 estBas‘lium
1755 633 1818 669 opi-

990 680 1077 708 ﬁcem
1085 689 1151 708 esse
1161 681 1351 715 Regularum.
1361 688 1549 716 consequens
1562 682 1616 715 est,
1632 682 1664 706 ut
1677 678 1819 706 monasti-

990 732 1041 752 cas
1054 724 1285 752 Constitutiones
1299 733 1361 753 non
1390 724 1525 758 ediderit,
1542 733 1621 756 cum,
1637 725 1669 751 ut
1688 722 1818 758 dixi,Re-

990 768 1127 803 gularum
1136 770 1421 797 etConstitutionum
1432 777 1509 796 unus
1516 771 1544 796 et
1557 768 1638 796 idem
1646 770 1750 796 auctor
1756 775 1818 795 non

991 813 1037 840 sit.
1061 813 1113 841 Cui
1142 816 1252 847 autem,
1282 821 1396 849 quasso,
1425 812 1533 841 melius
1550 812 1660 840 ascribi
1676 813 1818 848 poterunt

991 857 1222 886 Constitutiones
1250 858 1433 890 monasticae,
1460 865 1553 894 quam
1577 856 1741 889 Eustathio,
1770 855 1817 882 cui

990 902 1126 930 omnium
1157 910 1307 930 consensu
1333 902 1525 930 tribuendum
1540 904 1583 929 est
1607 900 1757 937 quidquid
1785 900 1816 927 in

989 947 1130 974 Asceticis
1147 947 1331 975 Basilianum
1346 954 1408 974 non
1424 949 1468 974 est
1480 946 1492 972 ‘I
1504 948 1544 974 Ex
1558 946 1668 982 quibus
1684 944 1816 981 perspici

988 994 1087 1027 potest
1101 992 1301 1028 questionem,
1329 999 1422 1028 quam
1442 991 1490 1018 hic
1519 990 1698 1018 solvendam
1727 989 1815 1017 nobis

990 1036 1200 1072 proponimus,
1229 1039 1322 1064 totam
1351 1036 1483 1072 pendere
1509 1044 1545 1063 ex
1560 1035 1596 1063 iis
1608 1033 1768 1068 locis,ubi,
1785 1035 1817 1061 ut

988 1081 1062 1108 mihi
1077 1081 1200 1117 quidem
1214 1081 1341 1115 videtur,
1358 1081 1430 1108 satis
1450 1081 1608 1117 perspicue
1620 1079 1760 1116 probavi,
1786 1080 1815 1106 et

989 1125 1130 1152 Basilium
1146 1125 1326 1161 Regularum
1338 1125 1505 1160 legitimum
1527 1127 1682 1161 parentem
1697 1131 1771 1155 esse,
1788 1125 1817 1151 et

989 1170 1238 1197 Constitutionum
1247 1170 1484 1198 monasticarum
1491 1172 1643 1197 auctorem
1650 1169 1742 1197 alium
1750 1175 1816 1196 esse

988 1213 1027 1241 ab
1043 1222 1089 1248 eo,
1105 1214 1156 1249 qui
1172 1214 1301 1249 Regulas
1317 1214 1552 1250 conscripsit(/);
1567 1214 1606 1241 ob
1621 1213 1712 1250 idque
1725 1213 1814 1240 velim

988 1258 1120 1285 maxime
1135 1266 1171 1285 ea
1191 1258 1377 1286 Praefationis
1393 1266 1466 1294 pars
1479 1258 1571 1294 paulo
1587 1257 1814 1291 attentiuslega—

988 1305 1044 1330 tur.
1056 1303 1189 1336 Interim,
1205 1306 1236 1331 ut
1244 1304 1340 1338 magis
1347 1303 1539 1338 intelligatur,
1551 1302 1734 1330 monasticas
1742 1303 1815 1329 Con-

988 1347 1155 1375 stitutiones
1170 1356 1231 1375 non
1242 1347 1393 1376 immerito
1422 1356 1440 1376 a
1452 1347 1541 1376 nobis
1556 1347 1710 1375 Eustathio
1727 1345 1815 1374 Seba-

988 1394 1072 1419 steno
1088 1392 1188 1426 tribui,
1204 1393 1253 1420 hic
1269 1392 1448 1421 eorumdem
1470 1395 1728 1427 argumentorum,
1745 1398 1813 1426 quae

984 1436 1047 1471 jam
1061 1439 1130 1464 ante
1144 1437 1253 1472 protuli
1264 1438 1317 1472 (g),
1333 1437 1420 1473 quasi
1429 1437 1581 1473 epitomen
1590 1435 1758 1472 quamdam
1773 1434 1813 1462 ob

986 1481 1088 1508 oculos
1102 1481 1276 1516 ponendam
1292 1481 1508 1517 esseJudicari.
1522 1482 1668 1508 Notarunt
1677 1482 1747 1508 ante
1757 1487 1814 1507 nos

986 1527 1014 1552 et
1026 1525 1085 1559 alii,
1102 1525 1283 1560 Regularum
1296 1529 1449 1553 auctorem
1466 1525 1657 1553 anachoretis
1678 1524 1815 1552 infensis-

986 1569 1095 1597 simum
1112 1569 1214 1601 fuisse,
1233 1570 1385 1606 viderique
1400 1570 1526 1606 hujusce
1541 1569 1658 1597 vivendi
1693 1568 1812 1603 generis

985 1613 1380 1651 periculaiucommodaque
1388 1615 1429 1643 ita
1435 1622 1635 1650 exaggerasse
1642 1613 1812 1646 ,utmodum

986 1659 1130 1687 excedere
1158 1659 1306 1693 videatur,
1337 1668 1405 1687 cum
1434 1663 1535 1688 tamen
1561 1658 1812 1687 Constitutionum

987 1704 1114 1739 scriptor
1127 1705 1169 1731 sic
1185 1704 1227 1732 eis
1242 1704 1357 1737 faverit,
1375 1707 1408 1732 ut
1420 1705 1554 1732 mediam
1569 1704 1615 1731 sui
1630 1703 1730 1740 operis
1745 1710 1812 1739 par-

985 1751 1046 1776 tem
1057 1751 1147 1776 totam
1160 1757 1264 1776 eorum
1271 1757 1365 1776 causa
1371 1749 1585 1785 composuerit.
1598 1749 1701 1784 Liquet
1710 1750 1811 1775 autem

987 1802 1023 1821 ex
1041 1793 1137 1820 Basilii
1149 1793 1290 1829 Epistolis
1306 1793 1407 1829 (epist.
1421 1793 1495 1828 295),
1510 1801 1664 1820 summum
1677 1793 1758 1820 hunc
1771 1792 1812 1819 vi-

986 1846 1054 1866 rum
1081 1838 1334 1866 anachoretarum
1365 1838 1486 1866 vivendi
1507 1838 1655 1866 rationem
1671 1845 1732 1865 non
1746 1845 1812 1873 pro-

985 1882 1088 1915 basse,
1102 1882 1142 1909 ob
1157 1882 1248 1918 idque
1259 1882 1325 1918 jure
1335 1890 1371 1910 ac
1385 1883 1492 1910 merito
1507 1882 1565 1910 dici
1585 1882 1695 1910 debere
1717 1883 1812 1916 Regu-

985 1927 1083 1955 larum
1097 1929 1262 1954 auctorem.
1279 1928 1353 1955 Nam
1361 1927 1418 1955 hoc
1428 1927 1521 1955 modo
1528 1927 1688 1961 constabit,
1698 1926 1812 1962 praesti-

985 1972 1055 2000 tisse
1071 1980 1102 1999 se
1116 1971 1257 2000 eumdem
1267 1974 1328 2000 tam
1337 1972 1367 2000 in
1380 1972 1510 2007 Regulis,
1524 1972 1655 2008 quamin
1663 1971 1810 2008 Epistolis,

983 2016 1042 2044 hoc
1058 2016 1373 2048 est,anacboretarum
1386 2017 1608 2051 exagitatorem
1620 2023 1811 2051 osoremque.

984 2060 1144 2094 Quomodo
1160 2068 1231 2088 vero
1242 2061 1305 2088 ﬁeri
1320 2062 1468 2097 potuisset
1484 2064 1515 2089 ut
1527 2061 1662 2094 Basilius,
1675 2060 1720 2088 cui
1733 2062 1811 2088 certe

983 2105 1236 2133 anachoretarum
1252 2104 1420 2132 institutum
1435 2113 1495 2132 non
1505 2105 1655 2140 placebat.
1672 2104 1810 2140 scripsis-

982 2151 1026 2177 set
1039 2149 1291 2177 Constitutionum
1306 2149 1428 2183 librum,
1440 2149 1470 2176 in
1484 2157 1545 2185 quo
1557 2149 1607 2176 illa
1621 2148 1745 2176 vivendi
1762 2156 1811 2176 ra-

982 2193 1022 2221 tio
1038 2193 1321 2228 maximeprobatur
1334 2193 1348 2220 ‘I
1362 2194 1462 2221 Restat
1474 2192 1811 2228 igituruthicliberred-

981 2237 1071 2266 datur
1086 2246 1141 2265 suo
1157 2238 1272 2265 auctori
1285 2237 1666 2273 Eustathio,qui,quidquid
1682 2237 1714 2265 in
1724 2239 1810 2265 Asce-

981 2282 1047 2310 ticis
1063 2281 1164 2309 Basilii
1183 2289 1243 2309 non
1260 2284 1316 2316 est,
1334 2282 1399 2317 ejus
1414 2285 1520 2310 auctor
1535 2290 1655 2318 semper
1678 2281 1716 2309 ab
1743 2289 1810 2309 om-

981 2326 1071 2353 nibus
1078 2326 1199 2354 habitus
1206 2326 1520 2362 est.lnspergunturin
1528 2326 1645 2361 Regulis
1652 2326 1809 2358 nonnulla,

980 2379 1049 2407 quas
1060 2372 1249 2399 severitatem
1263 2371 1431 2407 quamdam
1443 2371 1583 2399 redolent
1593 2371 1709 2406 (h‘.,non
1725 2370 1811 2398 aliter

981 2419 1071 2451 atque
1085 2415 1116 2443 in
1131 2415 1317 2451 quibusdam
1332 2415 1429 2443 Basilii
1442 2415 1570 2452 scriptis;
1585 2424 1602 2444 a
1617 2424 1680 2452 qua
1701 2415 1809 2444 severi-

980 2462 1041 2487 tate
1055 2459 1232 2495 longissime
1243 2460 1595 2494 abestjConstitutionum
1606 2463 1720 2493 auctor;
1737 2467 1809 2495 ergo

980 2512 1043 2532 non
1053 2513 1134 2532 unus
1149 2507 1178 2533 et
1192 2505 1273 2532 idem
1283 2507 1326 2532 est
1335 2505 1515 2539 Regularum
1525 2505 1809 2533 etConstitutionum

981 2548 1119 2584 scriptor,
1137 2549 1190 2577 sed
1201 2549 1272 2582 duo,
1285 2557 1417 2585 quorum
1425 2549 1500 2577 alter
1510 2549 1603 2585 paulo
1613 2549 1754 2584 severior,
1766 2549 1808 2578 al-

979 2597 1023 2623 ter
1032 2594 1125 2632 paulo
1134 2594 1337 2629 indulgentior
1349 2594 1442 2622 videri
1451 2597 1576 2631 poterat.
1593 2596 1670 2630 Ergo
1683 2594 1808 2623 Basilius

1019 2667 1058 2701 (e)
1079 2666 1185 2694 Itidem
1201 2668 1234 2694 39
1249 2668 1277 2694 et
1291 2674 1354 2702 seq.

1018 2703 1055 2737 (Γ)
1078 2703 1145 2737 Leg.
1166 2710 1196 2729 n.
1213 2704 1246 2730 33
1262 2704 1291 2730 et
1304 2710 1368 2738 seq.
1385 2704 1413 2731 et
1427 2710 1458 2731 n.
1470 2704 1504 2731 37
1516 2704 1544 2731 et
1558 2710 1622 2739 seq.

1022 2738 1064 2773 (g)
1084 2739 1151 2773 Leg.
1173 2746 1202 2765 n.
1217 2739 1261 2765 34.

1019 2774 1060 2809 (In
1083 2774 1150 2808 Leg.
1171 2781 1201 2801 n.
1214 2775 1247 2801 35
1261 2775 1289 2800 et
1303 2774 1348 2804 41.
