2020 3140
226 109 276 137 122

977 111 1158 142 ΡΒΔΕΓΔΤΙΟ

1878 109 1928 137 124

224 170 406 205 Regularum
418 173 523 200 auctor
534 174 588 207 est,
603 180 674 201 cum
688 175 718 202 et
731 173 761 202 in
776 174 842 202 aliis
860 174 923 202 suis
930 174 1047 210 scriptis
1062 177 1086 203 Α
1101 173 1294 204 inﬁciabitur.
1312 174 1451 203 Universe
1464 173 1523 202 dici
1536 174 1635 210 potest
1645 172 1776 207 Regulae
1788 172 1830 200 ita
1855 179 1927 200 con-

223 215 391 244 severitatis
409 224 468 244 non
481 217 642 246 mediocris
657 222 856 247 monumenta
878 221 959 247 certa
980 219 1046 246 reli-

224 259 332 295 querit:
348 261 602 289 Constitutionum
618 262 876 298 autemlegitimus
884 271 993 300 parens
1004 266 1049 291 est

224 305 491 340 Eustathius.cum,
508 306 533 334 si
545 307 619 343 quid
634 307 664 335 in
679 308 820 336 Asceticis
838 309 885 342 sit,
900 309 984 346 quod
995 309 1048 337 Ba.

225 348 282 376 silii
297 357 357 378 non
372 350 418 385 sit,
433 351 606 389 ejusopifex
622 360 688 380 esse
699 353 886 381 abomnibus
897 354 1046 389 credatur,

224 393 266 421 Ita
281 394 398 430 scriptae
409 399 478 425 sunt
493 397 622 432 Regulus,
639 399 671 426 ut
684 397 799 426 referta
812 399 871 427 sint
886 399 1049 435 Scriptura-

222 444 291 465 rum
302 439 493 474 testimoniis;
509 440 684 478 idcircoque
699 442 837 475 Basilius,
852 443 904 479 qui
929 443 960 471 in
985 443 1048 472 suis

221 481 306 510 libris
323 491 427 512 sacras
439 484 606 521 Scripturas
623 487 738 522 passim
761 487 882 520 citabat,
894 488 1048 524 putandus

222 528 268 554 est
278 528 487 564 composuisse
499 529 637 566 Regulas,
653 539 715 559 non
739 535 842 560 autem
856 532 1047 560 Constitutio-

222 578 277 598 nes
289 571 330 605 ,in
344 572 456 608 quibus
470 573 620 609 ejusmodi
634 576 803 605 testimonia
816 584 884 604 raro
899 577 1049 606 adhiben-

222 617 280 643 tur.
298 616 374 644 Nulli
386 625 458 653 ergo
473 618 566 647 altero
575 620 683 648 rectius
695 621 804 649 ascribi
823 624 921 657 potest
935 621 1049 650 Consti-

224 660 374 689 tutionum
389 661 475 697 liber,
488 671 583 699 quam
605 665 769 700 Eustathio,
791 666 839 694 cui
854 666 945 694 tribui
959 666 1049 695 debet

221 704 366 742 quidquid
372 705 402 734 in
410 708 552 736 Asceticis
560 709 742 738 Basilianam
748 710 898 739 scribendi
904 711 1047 739 rationem

222 756 285 776 non
299 750 387 786 sapit.
405 752 560 781 Familiare
573 756 618 781 est
631 754 885 783 Constitutionum
899 756 1046 792 scriptori,

222 801 292 821 cum
323 796 527 824 monasticum
539 798 656 826 vivendi
670 806 766 833 genus
787 799 959 834 signiﬁcare
973 801 1046 834 vult,

1102 218 1230 254 scriptas
1245 227 1322 252 esse,
1335 221 1367 247 ut
1384 219 1451 255 ipsa
1462 217 1615 246 scribendi
1625 217 1701 246 ratio
1715 217 1817 245 Basilii
1835 216 1928 253 phra-

1102 263 1160 291 sim
1174 263 1262 299 plane
1276 263 1419 292 redoleat.
1435 264 1537 299 Neque
1560 262 1592 290 in
1606 262 1664 290 hoc
1679 261 1752 289 mihi
1767 261 1861 289 ﬁdem
1874 261 1928 288 ha-

1102 307 1166 336 beri
1180 308 1258 342 volo,
1275 308 1328 336 sed
1343 308 1427 343 gravi
1442 310 1470 336 et
1480 307 1597 336 erudito
1606 307 1741 343 scriptori
1757 306 1862 334 Pholio
1877 306 1928 340 (Γ),

1101 353 1153 390 qui
1167 353 1198 381 in
1213 352 1333 388 Regalis
1347 352 1458 389 stylum
1473 352 1570 380 Basilii
1583 354 1611 379 et
1629 359 1756 380 manum
1767 350 1929 386 agnovisse

1102 405 1134 425 se
1145 400 1270 426 testatus
1288 400 1342 425 est.
1360 398 1435 426 Sunt
1461 399 1606 433 presteres
1615 397 1648 424 in
1665 395 1783 431 Regulis
1798 394 1929 432 peculia-

1102 450 1150 471 res
1160 442 1302 478 quaadam
1326 442 1466 470 Basiliani
1495 441 1565 478 styli
1589 444 1679 475 notas,
1691 449 1769 477 quas
1784 439 1835 476 qui
1850 440 1930 467 serio

1102 486 1273 519 attenderit,
1289 495 1358 515 eum
1365 487 1502 523 ipsarum
1512 488 1667 514 auctorem
1678 493 1744 513 esse
1756 484 1843 512 facile
1857 484 1931 512 fate-

1102 532 1192 560 bitur.
1209 532 1310 564 Qualis
1325 534 1371 559 est
1385 531 1451 560 haec
1471 530 1594 559 dicendi
1615 530 1759 565 formula,
1785 537 1838 565 ego
1854 529 1929 561 vidi.

1101 579 1164 609 aut,
1178 584 1228 611 ego
1239 577 1310 605 novi
1323 585 1329 604 :
1345 584 1407 613 qua
1421 575 1608 604 familiariter
1621 575 1665 603 uti
1692 574 1817 602 solitum
1847 573 1931 602 Basi-

1101 621 1177 649 lium
1189 621 1401 650 adnotavimus
1423 620 1474 656 (9).
1501 619 1637 649 Similiter
1648 627 1703 647 suo
1716 619 1784 647 loco
1811 618 1932 647 monui-

1104 675 1171 695 mus
1187 667 1241 703 (h).
1255 667 1296 694 Ba
1303 666 1416 700 silium,
1431 673 1502 694 cum
1509 665 1547 693 de
1563 665 1666 701 aliqua
1681 672 1712 692 re
1725 663 1930 697 disseruisset,

1102 711 1160 740 hac
1183 710 1384 739 concludendi
1405 710 1521 738 ratione
1544 709 1677 737 maxime
1705 707 1858 743 delectari,
1884 711 1932 734 καὶ

1102 761 1186 783 ταῦτα
1208 758 1253 793 μὶν
1274 756 1317 782 ἐπὶ
1339 759 1473 789 τοσοῦτον,
1499 754 1556 788 vel,
1572 756 1605 780 τὰ
1621 755 1665 790 μὲν
1689 752 1733 780 οὖν
1757 756 1817 790 περὶ
1838 757 1932 779 τοσοῦ-

1102 811 1155 835 τον,
1172 801 1219 829 vel
1232 801 1292 830 alio
1307 800 1395 828 simili
1408 799 1511 828 modo.
1524 801 1583 827 Hoc
1590 801 1691 827 autem
1702 798 1822 826 dicendi
1834 805 1931 832 genus

220 838 348 866 vocibus
374 843 426 868 aut
441 841 589 878 φιλοσοφία,
605 845 657 871 aut
672 843 819 881 φιλόσοφος,
837 847 889 872 aut
902 845 1044 882 φιλοσοφεῖν

1101 845 1133 873 in
1149 845 1269 880 Regalis
1283 852 1407 881 quoque
1419 845 1593 880 usurpatur.
1611 842 1698 870 Haud
1721 841 1868 870 dissimile
1886 843 1934 869 est

222 882 265 910 uti
279 884 331 919 (a):
342 892 420 921 quas
429 887 529 914 tamen
537 895 625 915 voces
637 887 770 916 invenire
777 897 838 917 non
845 892 889 918 est
900 890 982 926 apud
993 891 1046 918 Ba-

221 926 321 956 silium
333 928 392 957 hoc
403 938 497 959 sensu
511 934 733 967 acceptas.Non
741 934 820 964 male
833 934 922 969 igitur
935 935 1047 963 Consti-

222 972 371 1001 tutionum
378 973 452 1002 liber
459 975 496 1003 ad
498 975 508 1011 j
515 975 1007 1016 udicabiturEustathio,qui,quod
1015 980 1046 1008 in

220 1017 361 1045 Asceticis
377 1026 395 1046 a
405 1019 554 1048 Basiliano
562 1021 717 1050 scribendi
726 1029 835 1056 genere
847 1023 979 1052 alienum
987 1027 1045 1058 est,

221 1067 278 1088 suo
293 1061 429 1097 quodam
439 1063 519 1098 jure,
540 1072 636 1102 eoque
653 1066 790 1102 antiquo,
820 1067 877 1095 sibi
902 1067 1044 1097 vindicat.

220 1104 321 1133 Simile
335 1109 379 1134 est
389 1108 473 1144 quod
488 1109 634 1145 sequitur.
654 1112 684 1137 ln
700 1111 879 1140 memoriam
895 1112 985 1147 igitur
999 1121 1044 1141 re-

221 1150 393 1179 vocandum
415 1153 498 1188 quod
527 1154 599 1187 dixi,
628 1155 758 1183 verbum
783 1158 916 1183 ποιεῖσθαι
947 1157 989 1186 ita
1014 1158 1044 1186 in

220 1194 490 1225 Constitutionibus
498 1198 646 1234 adhiberi,
660 1202 691 1227 ut
702 1200 775 1236 ipsis
791 1201 880 1230 etiam
887 1201 972 1237 locis,
992 1203 1045 1231 ubi

219 1239 356 1274 tempore
369 1242 492 1277 passivo
508 1243 641 1279 ponitur,
670 1246 772 1273 tamen
794 1245 1044 1280 signiﬁcationem

220 1284 351 1313 activam
379 1289 478 1315 servet
503 1287 562 1323 (b):
590 1289 676 1322 cujus
698 1289 741 1318 rei
769 1298 824 1318 suo
853 1290 921 1318 loco
949 1292 1044 1320 multa

219 1329 360 1365 exempla
383 1331 575 1365 protulimus.
597 1333 648 1361 Hic
682 1336 785 1361 autem
808 1334 893 1362 verbi
912 1336 1045 1361 ποιεῖσθαι

219 1380 293 1400 usus
309 1373 476 1403 Basilianus
490 1384 553 1404 non
566 1379 619 1405 est:
634 1378 846 1407 Eustathianus
866 1379 1044 1414 igitur,cum

219 1418 416 1447 Eustathiana
444 1428 508 1448 esse
521 1420 557 1448 ab
568 1421 711 1450 omnibus
725 1423 874 1459 dicantur,
890 1432 959 1461 quas
982 1432 1044 1452 non

218 1461 369 1491 Bas1liana
383 1471 448 1492 esse
463 1468 639 1494 noscuntur.

253 1509 300 1535 46.
309 1504 671 1547 Quantasitantiquorum
683 1512 865 1548 scriptorum
879 1514 1043 1542 auctoritas

218 1551 250 1580 in
265 1552 414 1587 ejusmodi
430 1555 648 1589 quaestionibus
663 1557 982 1595 persolvendis,nemo,
991 1558 1045 1595 qui

218 1595 345 1631 paulum
352 1597 444 1625 modo
451 1598 613 1628 humanior
619 1602 672 1634 est,
680 1594 927 1635 ignoratiBasilio
943 1594 1044 1631 autem

218 1638 350 1674 Regulas
362 1642 562 1679 antiquissimi
574 1646 602 1672 et
610 1643 837 1681 locupletissimi
848 1649 986 1675 auctores
997 1647 1045 1675 tri-

218 1683 327 1720 buunt,
340 1686 476 1721 Ruﬁnus,
488 1689 659 1724 Cassianus,
670 1690 833 1726 imperator
847 1690 1043 1725 Justinianus,

221 1729 341 1758 Photius
352 1731 402 1767 (ι’).
417 1732 555 1768 Proinde,
569 1743 640 1763 cum
654 1735 738 1763 nulla
750 1743 844 1764 causa
864 1736 910 1771 sit,
937 1744 990 1764 cur
1004 1736 1043 1764 ab

216 1773 275 1802 hac
302 1776 470 1811 priscorum
485 1779 666 1815 scriptorum
682 1781 823 1817 opinione
837 1781 1042 1815 discedamus,

218 1819 347 1855 Regulas
359 1822 645 1859 Basiliogadjudicari
660 1833 781 1861 aequum
797 1828 853 1854 est.
867 1827 941 1854 Cum
954 1826 1043 1861 igitur

218 1865 289 1893 satis
302 1870 420 1896 constet
432 1876 469 1897 ex
482 1869 570 1897 dictis
585 1870 636 1905 (εἰ),
651 1871 684 1898 ut
698 1870 771 1898 mihi
783 1870 1041 1907 quidemvidetur.

217 1911 400 1945 Regularum
412 1913 590 1949 scriptorem
604 1914 697 1942 alium
711 1923 777 1943 esse
788 1915 828 1943 ab
843 1923 890 1950 eo,
904 1915 956 1951 qui
970 1916 1044 1944 Con-

217 1955 406 1984 stitutionum
420 1957 532 1986 librum
546 1958 649 1992 edidit,
662 1967 717 1987 nec
732 1960 859 1988 Basilius
866 1968 970 1988 earum
977 1960 1042 1997 opi-

216 2000 266 2029 fex
280 2001 339 2029 dici
354 2003 458 2038 possit,
470 2004 523 2039 qui
537 2003 647 2032 scilicet
668 2012 705 2032 ex
733 2007 868 2033 veterum
895 2006 1044 2034 sententia

217 2046 346 2080 Regulas
356 2047 525 2082 confecerit,
541 2051 620 2077 certe
628 2049 678 2077 hic
701 2050 951 2078 Constitutionum
970 2051 1044 2079 liber

214 2090 281 2126 jure
304 2092 464 2120 ascribitur
485 2094 649 2130 Eustathio,
668 2102 760 2131 quem
775 2103 882 2123 omnes
900 2095 987 2124 facile
1002 2096 1044 2125 fa-

214 2136 315 2164 tentur
329 2139 483 2165 auctorem
498 2146 562 2166 esse
575 2146 681 2167 eorum
692 2140 1042 2178 Asceticorum,quorum

215 2180 342 2209 Basilius
367 2185 473 2211 auctor
496 2191 558 2211 non
569 2186 623 2211 est.
640 2184 772 2219 Regula,
793 2185 818 2212 si
832 2193 880 2213 res
894 2185 963 2221 ipsa
976 2186 1043 2213 dili-

214 2227 319 2260 genter
340 2227 558 2263 consideretur,
587 2236 665 2264 opus
681 2231 753 2257 sunt
778 2229 868 2264 longe
883 2232 912 2257 et
925 2230 1044 2259 doctius

218 2272 246 2298 et
253 2270 423 2305 perfectius,
431 2280 525 2308 quam
533 2273 706 2301 monasticae
715 2274 957 2302 Constitutiones.
969 2276 1044 2303 Cum

215 2321 287 2349 ergo
301 2323 338 2343 ex
352 2315 398 2343 his
411 2316 532 2345 duobus
547 2317 703 2354 operibus,
712 2320 744 2346 ut
758 2318 868 2354 saepius
881 2319 985 2347 monui
994 2320 1042 2358 (ε),

214 2357 342 2387 alterum
357 2360 479 2394 Basilio,
500 2361 629 2390 alterum
649 2362 805 2391 Eustathio
820 2363 929 2390 ascribi
956 2371 1044 2400 opor-

214 2406 286 2438 teat,
300 2405 441 2433 convenit
455 2406 653 2440 praestantiori
667 2406 784 2440 Basilio,
797 2406 888 2435 tribui
901 2408 1042 2443 Hegulas,

213 2456 282 2486 quae
297 2449 519 2485 praastantiores
533 2452 613 2478 sunt:
621 2449 852 2479 Eustathiovero
862 2451 963 2480 minus
970 2460 1043 2488 prae-

214 2494 317 2530 stanti,
346 2494 530 2523 monasticas
571 2494 813 2528 Constitutiones,
839 2504 916 2532 quas
940 2497 1042 2525 nullus

213 2547 320 2578 aequus
343 2547 443 2568 rerum
458 2539 623 2568 aestimator
647 2539 747 2568 minus
775 2543 951 2577 praestantes
974 2550 1041 2570 esse

261 2589 291 2617 al
310 2589 377 2617 Lez.
398 2596 430 2617 n.
450 2591 495 2617 57.

262 2624 290 2653 bl
307 2624 433 2653 Ibidem.

261 2595 280 2617 a
310 2589 347 2617 Le
372 2609 377 2615 .
398 2596 430 2617 n.
450 2591 491 2617 57.

262 2625 278 2651 ὸ
307 2597 433 2653 Ιὴίὲθω.

261 2667 277 2688 c
307 2660 375 2696 Leg.
395 2667 425 2688 n.
447 2661 491 2688 39.

286 2696 294 2723 l
313 2697 382 2723 Lee.
402 2703 432 2723 n.
452 2696 488 2723 34

249 2696 294 2731 (d)
313 2697 382 2731 Leg.
402 2703 432 2724 n.
443 2696 488 2732 734
499 2697 528 2724 et
543 2703 610 2732 seq.

248 2731 288 2802 ἓξ)
306 2732 374 2766 Leg.
389 2739 420 2759 n.
437 2731 481 2759 40.

259 2768 285 2802 f)
305 2767 378 2800 Cod.
394 2775 466 2802 cxcr,

259 2768 285 2807 Γ)
305 2767 378 2800 Cod.
394 2775 466 2806 cxcr,
482 2774 513 2804 p.
529 2767 593 2797 493.

1101 890 1184 927 quod
1191 889 1354 918 ascribam.
1372 888 1557 924 Scripturam
1571 895 1691 915 sacram
1697 886 1868 922 signiﬁcare
1882 894 1933 914 vo-

1100 931 1166 963 lens
1183 934 1318 967 Basilius,
1335 934 1376 961 ita
1400 933 1518 961 locutus
1530 934 1575 960 est
1593 933 1638 967 (ἰ),
1658 930 1845 968 παραδίδωσιν
1869 933 1933 961 ἴσως

1101 981 1114 1007 ὁ
1129 984 1176 1010 τῆς
1191 979 1322 1010 ιύσεϐειας
1331 978 1416 1014 λόγος,
1431 977 1526 1006 tradit
1540 978 1672 1012 fortasse
1686 977 1808 1012 pietatis
1822 983 1932 1004 sermo.

1100 1027 1143 1053 lta
1154 1026 1253 1052 autem
1269 1023 1353 1059 loqui
1368 1030 1492 1059 quoque
1505 1022 1689 1057 Regularum
1708 1023 1866 1049 auctorem
1894 1020 1933 1048 ad

1098 1069 1180 1096 idem
1208 1067 1444 1103 signiﬁcandum
1464 1068 1581 1095 constat
1597 1067 1647 1101 (j).
1676 1065 1802 1094 Basilius
1815 1065 1845 1093 in
1870 1065 1934 1092 suis

1098 1113 1182 1142 libris
1194 1120 1257 1140 non
1270 1120 1339 1140 raro
1353 1113 1457 1139 monet
1466 1111 1541 1139 alios
1553 1111 1731 1147 interpretes
1750 1110 1835 1139 aliter
1850 1118 1932 1146 qua:-

1098 1157 1170 1186 dam
1181 1157 1340 1192 Scriptura‘.
1354 1155 1423 1183 loca
1435 1155 1644 1191 interpretari:
1659 1155 1744 1191 quod
1759 1155 1850 1182 etiam
1866 1154 1935 1182 fecit

1099 1202 1151 1238 qui
1167 1201 1295 1236 Regulas
1313 1201 1344 1229 in
1363 1199 1463 1228 lucem
1480 1200 1573 1228 edidit
1588 1200 1640 1235 (lc).
1660 1201 1718 1228 Has
1732 1198 1856 1227 dicendi
1877 1199 1935 1227 for-

1099 1246 1209 1280 mulas,
1247 1247 1291 1272 τὸν
1329 1244 1472 1281 ἐπιμέλειαν
1509 1247 1557 1274 τὴν
1599 1246 1687 1274 κοινὴν
1727 1246 1932 1280 πεπιστευμένον

1099 1293 1123 1317 οἱ
1138 1294 1184 1320 τὴν
1199 1289 1310 1326 ὀδηγίαν
1325 1294 1375 1316 τῶν
1390 1289 1488 1316 πολλῶν
1504 1291 1713 1325 πεπιστευμένοι,
1740 1291 1769 1317 et
1790 1289 1932 1324 ejusdem

1099 1335 1216 1372 generis
1231 1335 1305 1363 alias
1318 1334 1429 1370 saepius
1443 1334 1474 1362 in
1489 1334 1620 1369 Regulis,
1637 1333 1765 1361 inveniri
1790 1333 1932 1369 aliquan-

1100 1383 1128 1409 to
1142 1382 1212 1408 ante
1225 1379 1329 1408 multis
1337 1379 1483 1415 exemplis
1498 1378 1615 1407 ostendi
1625 1379 1670 1414 (ι).
1686 1378 1800 1406 Eodem
1826 1380 1932 1406 autem

1097 1425 1259 1456 illoinloco
1270 1427 1426 1452 ostensum
1433 1426 1487 1457 est,
1497 1423 1652 1457 Basilium,
1663 1431 1735 1451 cum
1743 1423 1931 1459 principium

1098 1469 1329 1498 Proverbiorum
1336 1468 1510 1505 explicaret,
1517 1476 1580 1496 non
1590 1467 1815 1496 aliter-locutum
1825 1467 1930 1497 fuisse.

1058 1528 1079 1555 ο
1099 1516 1140 1543 Ex
1152 1514 1261 1550 quibus
1271 1514 1413 1541 omnibus
1420 1513 1551 1550 perspici
1560 1512 1780 1549 potest,Basilio
1798 1512 1931 1540 tribuen-

1098 1559 1154 1587 das
1168 1566 1232 1587 esse
1244 1558 1382 1593 Regulas,
1395 1558 1427 1585 in
1442 1557 1552 1594 quibus
1572 1557 1714 1586 Basiliani
1731 1557 1800 1593 styli
1823 1564 1932 1585 monu-

1099 1606 1202 1632 menta
1211 1602 1307 1630 multa
1322 1605 1453 1636 exstant,
1465 1609 1526 1630 non
1534 1604 1636 1630 autem
1653 1602 1840 1630 monasticae
1857 1604 1932 1630 (ton-

1099 1647 1278 1681 stitutiones,
1294 1647 1325 1675 in
1341 1647 1452 1683 quibus
1467 1654 1506 1674 ne
1518 1646 1678 1682 vestigium
1700 1645 1827 1682 quidem
1848 1646 1929 1674 illius

1098 1693 1193 1721 ullum
1220 1691 1380 1728 reperitur.
1415 1691 1474 1719 Sed
1499 1691 1524 1718 si
1550 1690 1669 1726 Regulae
1699 1690 1793 1719 semel
1819 1691 1928 1719 Basilio

1098 1736 1295 1767 ascribantur,
1308 1738 1448 1772 superest
1462 1738 1494 1763 ut
1502 1735 1675 1763 Eustathius
1682 1734 1722 1763 ob
1737 1742 1817 1770 eam,
1832 1743 1929 1771 quam

1098 1781 1208 1817 saepius
1214 1780 1335 1817 protuli,
1345 1788 1470 1808 causam
1476 1779 1731 1808 Constitutionum
1741 1780 1929 1808 monastica-

1096 1833 1164 1854 rum
1180 1827 1357 1854 auctoresse
1363 1824 1639 1853 dicatur.Praeterea
1646 1826 1752 1852 notum
1759 1826 1804 1852 est
1817 1826 1848 1852 et
1858 1832 1930 1852 con-

1097 1870 1210 1898 fessum
1215 1891 1221 1903 ,
1226 1870 1373 1906 optimum
1382 1869 1560 1905 scriptorem
1566 1868 1707 1897 Basiliam
1713 1871 1929 1903 argumentum

1097 1914 1180 1950 quod
1186 1913 1278 1942 semel
1284 1913 1515 1950 disquirendum
1526 1913 1719 1949 suscepisset,
1736 1913 1778 1942 ita
1784 1916 1927 1945 tractare,

1097 1961 1130 1987 ut
1142 1966 1299 1995 nunquam
1311 1958 1392 1986 aliud
1401 1960 1644 1994 agat,nunquam
1651 1966 1669 1986 a
1677 1957 1836 1995 proposito
1842 1958 1930 1986 aber-

1096 2006 1312 2040 ret,nunquam
1322 2003 1439 2031 omittat
1447 2002 1616 2039 quidquam
1625 2010 1729 2030 eorum
1736 2010 1805 2039 quae
1815 2002 1856 2030 ad
1864 2011 1929 2031 rem

1096 2048 1276 2085 pertineant.
1293 2048 1336 2076 Ita
1350 2050 1452 2076 autem
1466 2048 1596 2083 scriptus
1615 2050 1660 2075 est
1673 2047 1929 2076 Constitutionum

1096 2092 1181 2125 liber,
1203 2095 1235 2120 ut
1246 2093 1311 2128 ejus
1326 2094 1432 2120 auctor
1446 2092 1529 2120 aliud
1540 2091 1643 2127 egerit,
1657 2091 1928 2128 aberraveritquea

1096 2137 1264 2174 proposito,
1276 2145 1332 2165 nec
1340 2137 1510 2173 quidquam
1516 2136 1624 2165 dixerit
1629 2144 1734 2165 eorum
1741 2136 1855 2172 quaead
1860 2144 1927 2165 rem

1097 2183 1287 2219 pertinerent.
1301 2183 1335 2210 Et
1354 2189 1422 2210 vero
1443 2181 1502 2210 nisi
1523 2181 1676 2209 docuisset
1686 2181 1752 2217 ipse
1765 2182 1844 2217 (cap.
1869 2182 1925 2218 18),

1098 2227 1253 2263 scripsisse
1261 2235 1292 2254 se
1298 2226 1429 2263 primam
1444 2226 1490 2254 sui
1504 2225 1603 2262 operis
1613 2228 1729 2261 partem
1735 2225 1776 2253 ad
1783 2226 1922 2254 anacho-

1096 2274 1176 2300 retas
1187 2271 1399 2304 instituendos,
1411 2271 1442 2298 id
1457 2278 1582 2306 prorsus
1596 2272 1818 2305 ignoraremus.
1839 2272 1923 2303 Qua:-

1097 2325 1215 2353 cunque
1224 2316 1304 2344 enim
1317 2316 1348 2344 in
1363 2316 1462 2352 prima
1471 2315 1765 2344 illamonasticarum
1778 2316 1925 2344 Constitu-

1096 2362 1213 2390 tionum
1230 2363 1316 2397 parte
1339 2360 1488 2395 leguntur,
1504 2360 1562 2388 hoc
1574 2363 1620 2388 est
1633 2360 1663 2388 in
1682 2360 1786 2396 primis
1801 2360 1922 2389 totisse-

1097 2405 1279 2443 ptemdecim
1286 2405 1353 2441 capi
1358 2405 1485 2439 tibus,ea
1493 2412 1555 2433 non
1562 2405 1660 2439 magis
1671 2404 1711 2433 ad
1722 2404 1922 2433 anachoretas

1097 2453 1244 2488 spectant,
1251 2458 1345 2487 quam
1351 2450 1390 2477 ad
1396 2449 1574 2478 canobitas:
1582 2449 1645 2477 imo
1659 2457 1731 2477 vero
1741 2449 1828 2485 plura
1841 2452 1920 2482 sunt,

1095 2505 1163 2533 quae
1178 2495 1218 2524 ad
1226 2495 1410 2523 Christianos
1416 2502 1521 2523 omnes
1531 2494 1634 2522 referri
1648 2494 1844 2529 possunt.Cui
1850 2502 1922 2530 ergo

1095 2539 1272 2578 persuaderi
1286 2539 1404 2576 poterit,
1420 2539 1655 2576 Basilium,quia
1662 2539 1821 2576 proposito
1835 2539 1923 2568 decli-

1130 2590 1172 2626 (g)
1194 2590 1261 2624 Leg.
1278 2597 1310 2617 n.
1323 2590 1401 2626 29_et
1411 2589 1455 2616 b2.

1139 2626 1168 2661 Ιι)
1190 2626 1261 2660 Leg.
1278 2624 1423 2653 eumdem
1441 2632 1471 2652 n.
1486 2625 1531 2654 42.

1139 2627 1168 2661 Ιι)
1190 2627 1261 2660 Leg.
1278 2632 1311 2652 eu

1128 2627 1162 2697 ἳί)
1184 2660 1311 2697 ibidem-

1140 2698 1162 2731 1')
1183 2696 1308 2724 ibidem.

1139 2732 1166 2768 k)
1188 2732 1312 2768 Ibidem.

1128 2767 1159 2806 (ι)
1178 2767 1304 2798 Ibidem.
