2020 3140
77 131 120 158 125

808 128 998 158 ΡΒΑΞΡΑΤΙΟ.

1714 131 1765 157 126

74 197 136 219 nare
150 197 207 217 non
217 189 343 223 solebat,
355 191 505 226 ejusmodi
517 192 587 220 libri
597 192 791 221 architectum
804 199 881 226 esse,

939 193 1009 222 νότες
1019 192 1147 228 μετίσχον
1158 192 1346 230 παραπ).ησίως
1356 202 1441 228 εχεινῳ
1452 196 1497 218 τοῦ
1507 192 1705 226 πάθους.οιιοᾶ
1714 199 1766 220 au-

72 235 99 263 in
117 243 172 271 quo
194 234 266 262 nihil
287 236 444 272 proprium
468 237 618 265 invenitur
632 245 735 265 eorum
751 245 883 274 quorum

71 280 157 316 gratia
170 280 357 316 conscriptus
375 281 469 309 fuisse
482 282 591 310 dicitur
601 283 614 310 ‘2
630 283 723 315 Certe,
734 284 883 319 quantum

72 333 120 360 ego
133 333 272 360 auguror,
289 326 315 353 si
331 327 454 354 Basilius
468 330 573 355 auctor
591 330 672 356 esset
697 327 884 356 Constitutio—

71 377 134 398 num
155 371 402 405 monasticarum,
426 371 552 407 monita,
575 372 711 407 consilia,
733 374 884 408 prmcepta

71 414 155 443 multa
168 415 348 451 tradidisset,
365 416 477 452 quibus
502 418 693 446 anachoreta:
713 417 824 453 partim
844 416 884 445 ad

69 459 194 495 proprias
204 460 268 495 ejus
279 462 375 488 status
384 461 508 489 virtutes
520 461 703 491 excolendas
722 462 884 490 excitaren-

70 506 120 538 tur,
135 504 240 540 partim
255 505 504 540 admonerentur,
517 508 550 534 ut
559 506 651 544 hujus
666 506 793 535 instituti
808 506 884 542 peri-

69 547 137 582 cula,
162 556 228 584 quae
250 557 366 584 magna
387 551 415 578 et
438 550 535 579 multa
549 552 620 579 sunt
633 551 760 578 vitarent
776 559 782 578 :
799 549 884 586 quod

69 601 129 620 cum
138 593 247 621 factum
258 602 320 622 non
331 595 377 629 sit,
389 595 459 623 inde
467 595 566 631 colligi
574 595 673 630 debet,
681 595 762 623 hunc
771 594 883 623 librum

69 637 147 666 tribui
159 645 220 666 non
234 646 326 675 posse
342 639 460 674 Basilio,
476 640 528 676 qui
540 640 578 668 de
592 647 775 677 quacunque
785 647 816 667 re
826 639 884 667 dis-

69 682 173 710 serebat
184 682 425 718 diligentissime,
442 685 494 713 sed
507 684 592 713 alteri
616 685 741 719 auctori,
753 685 806 721 qui
821 686 884 712 tan-

69 729 120 755 tam
133 727 318 763 diligentiam
333 729 363 757 in
376 729 537 758 scribendo
548 737 610 758 non
631 729 774 766 ponebat.
798 731 884 757 Recte

68 771 307 808 crgofecerimus,
323 774 593 803 siConstitutiones
619 774 806 803 monasticas
829 775 884 801 Eu-

69 816 165 844 stathio
190 817 417 853 adjudicemus,
448 819 663 855 imitemurque
690 818 882 847 doctissimos

68 868 190 897 quosque
209 862 349 890 omnium
365 865 488 891 aetatum
510 864 660 898 homines,
676 863 739 900 qui,
761 863 785 891 si
809 862 883 899 quid

67 908 196 940 putarunt
209 907 314 935 Basilii
328 915 391 935 non
409 916 477 936 esse
491 908 522 936 in
535 908 683 942 Asceticis,
693 908 725 937 id
740 908 883 944 episcopo

68 950 218 980 Sebasteno
233 952 346 981 ascribi
365 955 502 989 oportere
517 954 761 990 pronuntiarunt.

96 997 136 1023 47.
150 996 228 1024 Libet
241 997 300 1026 alia
313 997 457 1034 quaedam
471 998 539 1026 loca
553 1006 733 1034 proponere,
745 1006 759 1026 e
770 997 883 1034 quibus

67 1041 181 1078 quisque
196 1042 284 1072 facile
298 1043 447 1078 intelligat
466 1043 611 1072 Basilium
628 1044 882 1073 Constitutionum

66 1088 291 1117 monasticarum
316 1092 471 1117 auctorem
503 1098 570 1118 vere
602 1089 662 1118 dici
688 1098 751 1118 non
779 1098 882 1126 posse.

66 1131 182 1161 Primum
198 1134 363 1170 excribam,
381 1134 465 1170 quod
480 1134 510 1162 in
530 1135 658 1171 praemio
673 1135 781 1169 legitur
798 1136 881 1172 (pag.

67 1178 119 1206 533)
135 1181 287 1214 εΠρόφασις
313 1181 358 1216 μὲν
382 1178 436 1214 οὖν,
461 1181 496 1210 ὡς
515 1180 548 1205 τὰ
559 1179 652 1212 πολλὰ,
668 1184 723 1211 τοῖς
738 1179 883 1217 ἀνθρώποις

67 1225 105 1252 τῆς
125 1225 181 1259 περὶ
199 1225 244 1255 τὰς
267 1226 398 1260 κοσμικὰς
421 1224 562 1261 ἐπιθυμίας
582 1234 610 1251 τε
632 1228 677 1251 καὶ
705 1224 813 1259 ἡδονὰς,
838 1225 883 1252 καὶ

68 1266 205 1303 oper-ridae,
235 1270 248 1294 ὁ
273 1271 370 1305 γάμος·
395 1271 454 1295 οὔτε
474 1271 524 1306 ’γὰρ
547 1274 595 1300 τῆς
611 1273 657 1296 τοῦ
687 1269 773 1300 θήλεος
796 1270 884 1296 ἐπιθυ-

65 1313 117 1346 μίας
133 1310 267 1349 ἀνδράσιν,
292 1315 307 1342 ἧ
330 1313 434 1348 γυναιξὶ
458 1318 505 1344 τῆς
527 1317 572 1340 τοῦ
605 1314 720 1351 οἷρρινος,
744 1312 884 1351 σφοδροτέ-

65 1365 104 1392 ραν
124 1359 166 1383 καὶ
187 1356 341 1394 βιαιοτέραν
363 1358 434 1394 εὖροι
457 1368 497 1389 τις
521 1358 552 1384 ἂν
576 1357 722 1394 ἐγκειμένην
750 1362 782 1395 τῇ
808 1360 884 1395 φύσει

64 1404 102 1426 τού
124 1404 246 1437 σώματος·
274 1405 319 1428 καὶ
342 1402 412 1438 μάλα
437 1412 466 1438 γε
494 1403 611 1435 εἰκότως,
634 1401 676 1429 οἷα
698 1401 731 1432 δὴ
755 1412 813 1439 περι
837 1405 884 1432 τὴν

64 1448 106 1470 τῶν
123 1445 227 1481 ἐκγόνων
253 1446 404 1483 βλάστησιν
439 1448 618 1474 συνίστασθαι
645 1451 798 1483 πεφυκυῖαν,
826 1450 882 1475 etc.

64 1487 231 1522 Canjugium
239 1491 354 1522 autem,
367 1492 401 1517 ut
409 1490 587 1524 plurimum,
600 1497 695 1517 causa
707 1492 748 1517 est
759 1489 885 1517 homini-

65 1530 108 1559 bus
117 1535 142 1559 et
150 1534 260 1561 occasio
273 1534 448 1568 cupiditatis
454 1534 549 1567 illius,
559 1541 626 1570 quae
632 1534 712 1562 circa
718 1535 884 1568 voluptates

64 1575 219 1603 mundanas
231 1583 271 1605 ac
287 1584 378 1604 curas
389 1579 529 1604 versatur
545 1585 551 1604 :
567 1583 662 1612 neque
675 1577 753 1604 enim
768 1576 882 1611 cupidi.

64 1619 102 1645 tas
114 1619 184 1653 ulla,
200 1627 265 1655 qua
276 1623 396 1649 natura
419 1621 552 1655 corporis
580 1620 673 1648 insita
692 1621 729 1648 sit
748 1627 882 1655 unquam

64 1665 177 1697 reperiri
183 1667 282 1699 potest
295 1665 499 1694 vehementior
508 1665 688 1700 violentiorq
694 1673 740 1698 ue,
748 1673 837 1700 quam
848 1672 883 1693 ea

64 1710 109 1740 est,
123 1716 178 1744 qua
191 1710 249 1738 viri
260 1710 404 1745 feminas,
414 1713 467 1738 aut
478 1710 600 1744 feminae
618 1717 716 1738 mares
736 1711 882 1744 appetunt

64 1751 141 1787 idque
150 1762 207 1782 non
220 1755 344 1789 mirum,
357 1762 425 1783 cum
439 1755 506 1789 ipsa
518 1757 625 1789 suapte
632 1756 746 1782 natura
761 1754 802 1782 ad
814 1754 883 1782 iibe-

66 1803 156 1826 rorum
169 1801 406 1833 procreationem
419 1799 533 1831 tendat,
546 1801 602 1827 etc.
614 1798 701 1832 Quid,
714 1805 828 1834 quaeso,
840 1800 882 1826 at-

66 1840 167 1871 tinebat
178 1844 349 1873 monachos
364 1844 571 1874 instituturum
587 1844 630 1872 ita
644 1843 766 1880 praefari
776 1843 790 1871 ’ἰ
806 1843 883 1872 Basi-

65 1884 138 1919 lium,
152 1896 219 1917 meo
233 1888 362 1925 quidem
371 1889 497 1925 judicio,
518 1889 589 1918 talia
613 1888 743 1916 scribere
758 1887 884 1924 puduis-

65 1933 110 1959 set.
122 1934 227 1962 Auctor
241 1934 343 1970 primo
358 1934 455 1969 capite
469 1934 510 1962 ita
523 1933 678 1969 loquitur:
691 1934 738 1959 Διά
751 1942 792 1959 τοι
806 1937 882 1958 τοῦτο

64 1978 101 2002 καὶ
114 1977 341 2015 ὲιηνθρώπησεν...
361 1979 401 2004 ἱνα
415 1980 483 2004 κατὰ
499 1976 610 2014 δύναμιν
625 1977 734 2008 ἕκαστος
748 1980 792 2004 καὶ
808 1977 883 2004 ἑκάσ-

64 2029 89 2048 τη
101 2021 211 2058 ὁρῶντας,
219 2023 379 2059 ζηλώσωμεν
389 2025 418 2049 τὸ
427 2022 586 2060 ἀρχέτυπον.
597 2023 788 2057 Quapropter
794 2022 882 2050 etiam

64 2070 194 2096 naturam
205 2069 372 2097 humanam
382 2069 590 2103 assumpsit,...
600 2071 632 2095 ut
643 2067 847 2103 unusquisque
855 2069 882 2094 et

64 2118 235 2148 unaquaeque
245 2113 288 2142 ad
303 2113 335 2141 id
347 2113 548 2148 respicientes,
572 2120 628 2147 pro
643 2112 756 2140 viribus
777 2111 881 2140 arche-

65 2157 157 2189 typum
168 2161 194 2185 et
207 2158 366 2192 exemplar
381 2158 579 2186 imitaremur.
597 2156 671 2184 Illud
682 2158 795 2191 autem,
807 2156 883 2182 ἔκασ-

66 2209 102 2230 τος
112 2204 154 2227 καὶ
168 2202 277 2232 ἑκάστη.
288 2202 473 2230 Basilianum
483 2209 544 2229 non
555 2203 609 2229 est.
622 2201 681 2229 Etsi
692 2201 772 2228 enim
782 2202 883 2228 orator

65 2246 186 2280 optimus
199 2248 304 2276 multis
320 2247 491 2276 admodum
500 2247 574 2275 locis
587 2254 659 2274 voce
672 2246 780 2277 ἕκαστος
794 2245 884 2274 utitur

65 2297 206 2327 nusquam
228 2295 343 2325 tamen,
362 2293 387 2320 si
406 2292 483 2320 bene
504 2291 640 2325 memini,
656 2298 762 2318 vocem
785 2290 881 2319 ἐκαστη

66 2335 186 2371 addidit;
200 2337 230 2365 in
242 2346 305 2373 quo
317 2336 583 2373 praestantissimOS
591 2335 752 2371 scriptores
762 2337 884 2362 secutus

67 2383 112 2415 est,
126 2383 175 2418 qui
189 2390 299 2410 vocem
311 2382 418 2414 ἑκάστη,
445 2390 514 2418 quae
528 2381 618 2418 plane
632 2380 793 2414 redundat,
817 2376 884 2408 voci

67 2424 161 2458 ἕκαστος
173 2427 305 2463 jungere
319 2434 381 2454 non
396 2426 505 2454 solent.
527 2428 568 2454 lta
584 2425 740 2461 aliquanto
754 2426 823 2460 post
841 2424 883 2452 le-

67 2469 135 2504 gitur
148 2471 227 2507 (cap.
240 2473 269 2503 4,
286 2479 317 2499 n.
335 2474 359 2506 1)
369 2472 407 2498 Τὰ
422 2469 451 2498 δί
463 2473 528 2508 πρὸς
543 2472 587 2496 τὸν
604 2468 691 2506 Ἀδὰμ.
701 2471 831 2506 εἰρημένα,
844 2469 884 2495 ὃτι

66 2518 122 2542 πᾶσι
133 2521 185 2548 τοῖς
196 2516 223 2548 ἐξ
238 2517 315 2543 αὐτοι
328 2518 517 2552 γεγεννημένοις
531 2516 643 2552 εἴρηται,
660 2514 739 2545 δῆλον
759 2514 881 2541 ἐντεῦθεν.

68 2563 109 2586 Καὶ
122 2563 170 2599 γὰρ
185 2564 229 2588 τὸν
246 2563 356 2588 θάνατον
371 2562 450 2598 ὥρισε
464 2563 509 2598 μὴ
526 2562 590 2592 Θεὸς
605 2561 663 2587 κατ’
676 2560 781 2594 ἐκείνου,
799 2563 833 2589 Γὴ
850 2558 882 2594 εἴ,

65 2608 103 2632 καὶ
114 2608 148 2637 εἰς
159 2611 210 2642 γῆν
224 2606 367 2643 ἁπελιύσῃ,
382 2608 469 2634 εἰπών·
483 2606 575 2637 πάντες
589 2603 618 2633 δι
633 2606 658 2632 οὶ
672 2604 698 2637 ἐξ
712 2605 793 2632 αὐτοῦ
805 2615 883 2641 γεγο-

97 2695 118 2713 “
132 2697 238 2724 Genes.
257 2703 300 2731 ιιι,
317 2697 359 2724 t9.

97 2785 130 2813 (al
150 2785 297 2813 Erasmus
310 2785 340 2813 in
358 2784 442 2822 praef.
460 2784 530 2813 edit.
543 2783 631 2816 Basil.

898 1559 917 1585 C

902 2234 923 2260 D

940 238 996 264 tem
1006 243 1040 264 ea
1050 244 1115 272 quae
1131 237 1246 265 Adamo
1258 237 1340 266 dicta
1354 239 1435 269 sunt,
1448 237 1529 264 dicta
1544 239 1603 264 sint
1629 237 1766 265 omnibus

939 288 977 309 ea:
987 288 1019 309 eo
1030 281 1178 315 oriundus,
1195 282 1266 310 hinc
1280 282 1471 316 perspicuum
1482 284 1534 309 est.
1545 281 1664 309 Etenim
1679 282 1766 309 illum

938 325 1056 361 quidem
1066 327 1157 354 morti
1170 326 1289 355 addixit
1305 327 1394 358 Deus,
1407 337 1421 351 «ί
1439 327 1532 354 Terra
1551 334 1591 360 es,
1609 329 1637 354 et
1652 327 1684 354 in
1707 329 1765 354 ter-

939 377 1003 397 ram
1014 371 1171 398 reverteris
1185 371 1221 406 t‘,
1236 380 1251 397 ›
1265 371 1366 398 dicens
1379 378 1385 397 :
1401 370 1452 398 sed
1463 377 1562 398 omnes
1573 372 1717 406 quotquot
1727 370 1766 398 ab

938 421 970 442 eo
988 415 1134 449 originem
1148 415 1272 450 duxere,
1287 423 1347 443 non
1362 422 1445 443 secus
1460 422 1496 442 ac
1506 415 1567 449 ipse
1582 415 1672 449 hujus
1684 415 1767 443 cata-

937 460 1052 488 mitatis
1070 461 1232 494 participes
1249 461 1402 488 exstitere.
1420 461 1494 488 Cum
1514 460 1572 488 hoc
1587 459 1674 495 legis,
1695 460 1766 488 hinc

936 505 1128 539 perspicuum
1143 508 1196 539 est,
1210 505 1315 532 credas
1326 511 1500 532 sermonem
1509 503 1616 532 haberi
1624 504 1661 532 de
1675 512 1706 532 re
1715 504 1767 533 ali-

938 556 1009 584 qua,
1022 557 1091 585 quas
1104 549 1187 585 prius
1196 549 1345 585 explicata
1359 549 1397 577 sit
1407 557 1413 576 :
1423 549 1477 576 sed
1488 557 1576 576 secus
1586 550 1641 577 est.
1650 548 1766 577 Etenim

937 593 1021 629 quod
1030 593 1080 622 hic
1090 594 1286 630 perspicuum
1295 601 1362 622 esse
1372 594 1492 627 dicitur,
1502 593 1533 621 id
1544 593 1602 621 tale
1612 601 1678 621 esse
1697 601 1767 629 pos-

937 639 985 666 tea
993 638 1149 674 probatur.
1159 641 1270 667 Auctor
1277 638 1370 675 paulo
1378 638 1509 675 peritior,
1519 640 1552 666 ut
1560 637 1633 665 mihi
1641 637 1767 673 quidem

938 682 1064 716 videtur,
1075 685 1244 711 autvocem
1256 683 1378 717 ἐντεῦθεν,
1393 690 1461 719 quae
1472 683 1530 710 hoc
1542 682 1610 710 loco
1622 682 1701 710 male
1716 690 1768 710 eu-

938 727 1027 762 ditur,
1040 727 1201 762 omisisset,
1220 727 1325 763 sicque
1338 727 1410 756 satis
1421 729 1490 763 apte
1502 728 1608 755 omnia
1619 734 1766 754 consona-

937 775 1013 806 rent,
1027 774 1055 800 et
1065 772 1107 800 ita
1119 772 1309 808 interpretari
1324 771 1435 806 liceret,
1449 773 1531 806 Quod
1545 775 1645 800 autem
1656 779 1690 800 ea
1702 779 1768 808 qua,

937 817 1054 845 Adamo
1063 817 1145 845 dicta
1152 817 1223 850 sint,
1238 817 1320 845 dicta
1325 817 1385 844 sint
1392 817 1528 845 omnibus
1535 823 1573 845 ex
1580 825 1611 844 eo
1618 816 1765 848 oriundis,

935 863 1127 897 perspicuum
1139 864 1191 890 est.
1200 863 1279 890 Nam
1286 862 1374 890 iitum
1385 862 1586 898 quidem,etc.;
1597 863 1649 889 aut
1660 861 1685 888 si
1696 868 1767 889 voce

939 905 1050 933 ὶντιῡθεν
1061 906 1103 934 uti
1109 906 1205 941 vellet,
1213 906 1306 934 verba
1317 906 1394 933 inter
1400 914 1431 933 se
1440 908 1616 934 connectere
1622 905 1766 940 debebat,

936 951 995 980 hoc
1010 951 1113 981 modo.
1125 950 1238 977 ἐντεῦθεν
1251 949 1341 983 δῆλον,
1359 953 1399 976 ότι
1411 952 1454 976 τὸν
1468 951 1586 984 θάνατον,
1603 952 1676 984 etc.,
1696 949 1766 978 hinc

934 996 1128 1030 perspicuum
1143 998 1195 1029 est,
1217 995 1297 1031 quod
1325 995 1413 1023 illum
1438 995 1567 1031 quidem,
1593 996 1649 1022 etc.
1676 996 1767 1022 Inter-

936 1048 1006 1077 pres
1020 1042 1117 1074 vetus,
1134 1048 1204 1068 cum
1219 1039 1333 1068 videret
1344 1039 1439 1068 verba
1449 1041 1550 1068 Graeca
1559 1047 1621 1067 non
1633 1038 1711 1067 belle
1724 1038 1768 1066 in-

938 1087 981 1113 ter
994 1092 1026 1113 se
1039 1085 1199 1118 cohaerere,
1216 1085 1257 1112 ita
1266 1087 1405 1117 verterat,
1417 1084 1506 1120 quasi
1514 1083 1615 1120 reipsa
1626 1083 1668 1111 ita
1678 1083 1767 1117 legis-

938 1131 993 1163 set,
1009 1131 1041 1157 ut
1051 1129 1140 1157 scribi
1155 1128 1298 1157 debuisse
1313 1128 1387 1158 dixi.
1404 1128 1450 1156 Sic
1462 1129 1542 1156 enim
1553 1128 1767 1164 interpretatus

937 1173 1044 1202 fuerat.
1057 1174 1142 1207 Quod
1151 1176 1251 1202 autem
1262 1181 1326 1209 quae
1338 1173 1412 1202 Adae
1422 1173 1506 1201 dicta
1516 1176 1579 1200 tum
1587 1173 1716 1208 fuerint,
1731 1179 1767 1200 ea

937 1218 1072 1247 omnibus
1085 1219 1173 1246 etiam
1185 1218 1266 1246 dicta
1279 1217 1338 1246 sint
1353 1225 1405 1253 qui
1415 1217 1452 1246 ab
1464 1225 1495 1245 eo
1510 1219 1571 1245 sint
1585 1217 1717 1251 oriundi,
1729 1223 1767 1245 ex

938 1264 991 1292 hoc
1009 1263 1125 1300 liquido
1144 1264 1275 1299 perspici
1287 1265 1394 1297 potest,
1408 1262 1489 1298 quod
1504 1270 1571 1290 cum
1585 1262 1685 1295 illum,
1710 1263 1764 1289 etc.

937 1309 1040 1344 Neque
1053 1315 1124 1336 vero
1139 1315 1209 1340 vox,
1231 1307 1343 1338 dicens,
1360 1306 1509 1335 concinne
1523 1306 1622 1334 locata
1639 1308 1684 1332 est
1714 1305 1764 1341 (a),

937 1361 1036 1389 neque
1047 1352 1153 1380 merito
1177 1351 1258 1383 credi
1272 1353 1369 1388 potest
1384 1351 1509 1379 Basilius
1533 1351 1591 1378 hac
1608 1349 1766 1386 Scriptura;

936 1397 1065 1426 citandee
1076 1397 1206 1425 formula
1221 1405 1294 1424 usus
1309 1396 1401 1424 fuisse
1417 1405 1424 1424 :
1441 1396 1494 1432 qui
1508 1395 1629 1430 scilicet,
1650 1397 1683 1423 ut
1701 1395 1767 1430 jam

937 1443 986 1472 alii
1000 1445 1150 1477 notarunt,
1166 1450 1243 1470 unus
1256 1441 1394 1470 omnium
1406 1441 1563 1477 aptissime
1574 1448 1641 1469 eam
1652 1440 1765 1468 citaret.

937 1491 980 1516 tta
991 1495 1096 1516 rursus
1112 1486 1208 1523 capite
1224 1486 1343 1514 decimo
1359 1486 1444 1514 tertio
1461 1486 1607 1521 scriptum
1617 1484 1768 1513 invenitur

936 1533 1020 1568 (pag.
1041 1533 1113 1564 558),
1128 1534 1188 1557 Ὅτι
1213 1528 1242 1557 δὲ
1263 1532 1378 1560 καὶτοῖς
1397 1532 1544 1567 πραότητος
1560 1528 1767 1565 ἐπιμελουμένοις

937 1579 1028 1614 πρέπει
1044 1578 1058 1605 ἠ
1070 1577 1189 1612 εὔκαιρος
1203 1574 1390 1611 ἀνίανάκτησις,
1408 1572 1488 1603 δῆλον
1511 1574 1632 1600 ἐντεῦθεν.
1651 1575 1701 1599 Καὶ
1716 1573 1765 1609 γὰρ

937 1625 1037 1652 Μωσῆς
1061 1622 1210 1657 πραότατος
1235 1620 1338 1646 πάντων
1351 1619 1491 1656 ἀνθρώπων
1506 1619 1692 1656 μαρτυρηθείς,
1709 1619 1764 1645 etc.

938 1665 1024 1700 Quod
1037 1668 1136 1694 autem
1149 1667 1176 1693 et
1190 1672 1237 1693 eos
1253 1665 1305 1700 qui
1327 1664 1587 1692 mansuetudinem
1611 1663 1765 1696 excolunt,

937 1711 1040 1738 deceat
1059 1712 1230 1744 Opportuna
1256 1709 1438 1745 indignatio,
1463 1707 1531 1736 hinc
1552 1710 1646 1742 patet.
1672 1707 1766 1735 Moses

937 1755 1014 1783 enim
1028 1755 1080 1790 qui
1092 1753 1248 1782 hominum
1260 1753 1393 1781 omnium
1403 1752 1663 1781 mansuetissimus
1671 1751 1767 1786 fuisse

935 1799 1122 1834 perhibetur,
1138 1800 1194 1826 etc.
1211 1797 1268 1831 Sic,
1282 1800 1314 1825 ut
1322 1797 1387 1832 jam
1396 1796 1508 1829 notavi,
1519 1796 1604 1832 loqui
1614 1795 1711 1832 potuit
1721 1795 1766 1824 vir

937 1843 1099 1872 indisertus
1132 1842 1337 1875 Eusthnthius,
1360 1849 1420 1869 non
1449 1841 1587 1874 Basilius,
1609 1842 1766 1868 oratorum

938 1888 1216 1925 praestantissimus.
1240 1886 1380 1915 Nonnihil
1409 1888 1464 1921 est,
1489 1886 1574 1922 quod
1592 1887 1699 1914 auctor
1728 1885 1767 1913 de

938 1934 975 1962 Po
981 1934 1031 1962 ulo
1038 1933 1173 1970 apostolo
1181 1932 1347 1966 locuturus,
1356 1932 1398 1960 ita
1406 1931 1525 1967 scripsit
1533 1933 1613 1967 (pag.
1624 1930 1685 1965 545)
1697 1939 1703 1957 :
1715 1931 1766 1957 Καὶ

937 1981 1031 2006 τούτου
1047 1978 1263 2010 ὰξιοπιστότατόν
1277 1987 1319 2003 σοι
1332 1977 1477 2014 παρέξομαι
1492 1977 1615 2012 μάρτυρα
1627 1977 1672 2001 τὸν
1692 1975 1766 2011 ἅγιον

939 2024 1050 2052 Παῦλον.
1066 2025 1164 2059 Atque
1178 2023 1271 2058 hujus
1285 2023 1331 2050 rei
1356 2024 1456 2050 testem
1474 2021 1534 2056 ﬁde
1556 2021 1766 2057 dignissimum

939 2070 993 2097 tibi
1006 2069 1166 2103 adducam,
1180 2070 1316 2096 sanctum
1335 2067 1479 2095 Paulum.
1497 2066 1555 2094 Etsi
1582 2065 1664 2093 enim
1689 2065 1767 2093 Basi-

937 2114 1006 2149 lius,
1030 2115 1064 2141 ut
1084 2113 1149 2148 jam
1165 2112 1237 2141 alibi
1261 2112 1367 2139 monui
1387 2111 1437 2147 ib),
1459 2109 1625 2146 saepissime
1640 2109 1767 2138 Paulum

938 2158 1110 2195 apostolum
1121 2156 1270 2191 nominat,
1286 2163 1439 2191 nusquam
1450 2156 1560 2189 tamen,
1573 2154 1657 2190 quod
1672 2153 1767 2181 sciam

938 2203 1071 2239 epitheto
1094 2201 1156 2236 illo,
1181 2201 1255 2237 ἅγιος
1284 2200 1390 2228 utitur.
1411 2201 1444 2227 Et
1465 2198 1613 2234 quoniam
1629 2198 1693 2234 ejus
1708 2197 1767 2226 loci

939 2247 1123 2276 mentionem
1136 2245 1202 2282 feci,
1217 2244 1371 2274 adnotabo
1381 2244 1467 2281 quasi
1480 2243 1663 2280 praeteriens,
1674 2242 1767 2278 negli-

939 2292 1071 2328 gentiam
1081 2290 1249 2328 quamdam
1262 2290 1292 2317 in
1302 2289 1350 2324 iis,
1361 2297 1430 2326 quae
1441 2288 1538 2323 retuli,
1549 2287 1652 2316 verbis
1661 2287 1768 2323 depre-

938 2336 1041 2370 hendi,
1058 2344 1136 2372 quin,
1159 2334 1428 2371 quantulacunque
1456 2335 1511 2367 est,
1535 2331 1767 2366 diligentissimo

939 2381 1079 2417 scriptori
1094 2379 1200 2408 Basilio
1215 2378 1398 2407 tribuinullo
1414 2377 1506 2406 modo
1517 2377 1704 2413 potest.Cum
1714 2375 1769 2410 igi-

939 2429 987 2454 tur
1002 2428 1106 2454 auctor
1122 2425 1305 2460 scripsisset,
1321 2423 1466 2460 παρέξομαι
1481 2423 1603 2460 μάρτυρα
1626 2422 1669 2448 τόν
1693 2421 1767 2456 ἅγιον

939 2470 1050 2504 Παῦλον,
1066 2471 1245 2506 prosecutus
1260 2471 1305 2496 est
1319 2468 1377 2496 hoc
1391 2468 1495 2502 modo,
1520 2469 1556 2496 πὴ
1582 2467 1626 2503 μιν
1648 2465 1764 2501 λέγοντα·

939 2518 1079 2552 expectas
1095 2515 1169 2542 dum
1185 2513 1266 2542 dicat
1277 2515 1312 2542 πὴ
1340 2511 1379 2545 δέ,
1396 2512 1449 2540 sed
1463 2512 1584 2540 frustra.
1607 2510 1662 2539 Ubi
1685 2509 1768 2537 enim

939 2563 974 2590 πὸ
987 2559 1016 2587 δέ
1031 2559 1176 2596 scriptum
1201 2558 1337 2586 invenire
1351 2557 1519 2589 debuisses,
1546 2556 1675 2591 hujusce
1694 2561 1767 2582 auc-

938 2605 1012 2634 toris
1040 2605 1117 2641 (cap.
1145 2604 1191 2637 20,
1216 2611 1248 2631 n.
1277 2602 1303 2639 3)
1318 2601 1508 2638 indiligentia
1533 2601 1646 2630 factum
1663 2600 1719 2638 est,
1734 2600 1768 2632 ut

971 2782 1009 2818 (b)
1026 2780 1109 2810 Praef.
1130 2781 1204 2809 tom.
1216 2780 1238 2814 l,
1252 2787 1285 2809 n.
1304 2781 1347 2812 69.
