2020 3140
235 111 287 139 127

995 112 1186 140 PREFATIO.

1895 112 1943 138 128

233 173 378 209 scriptum
401 174 546 210 invenias,
577 174 683 211 ἑτέρωθι
705 173 734 202 δὲ
747 174 832 202 πάλιν.
848 176 922 202 Cum
937 174 1010 202 alibi
1025 175 1066 202 ita
1079 176 1103 202 Α
1121 182 1269 211 opusesse
1276 173 1742 210 cognovissenthominis,quiut
1752 172 1868 201 Arianis
1877 181 1947 201 con-

232 226 312 254 iege,
342 221 467 256 σύντομον
491 223 537 248 τὴν
560 219 699 257 ἀπόκρισιν
721 220 893 256 παρεξόμεθα,
910 219 951 245 ὁτι
971 220 983 245 ὀ
1001 221 1066 250 θεῖος

233 263 401 296 Ἀπὸστολος,
417 266 484 298 etc.,
501 265 611 292 Paucis
626 265 879 300 respondebimus,
897 265 952 292 hoc
980 272 998 292 a
1021 265 1064 292 di-

234 309 303 336 vino
322 309 474 343 Apostolo,
487 313 555 343 etc.,
570 317 632 338 non
647 318 774 345 possum
791 310 864 346 quin
883 317 987 337 rursus
1008 317 1062 337 no-

234 355 293 381 tem
307 353 385 381 hanc
396 361 512 387 vocem,
530 355 605 388 θιῐος,
618 355 691 382 mihi
707 355 800 382 videri
815 355 844 382 in
856 354 994 389 genuinis
1007 355 1062 382 Ba-

235 397 292 425 silii
306 398 449 433 operibus
464 398 638 427 inusitatam
653 408 729 427 esse.
743 401 800 428 Nec
812 400 972 435 indignum
983 398 1062 426 arbi-

234 443 295 469 tror
308 442 392 478 quod
404 445 534 475 notetur,
550 443 661 472 multas
685 452 775 472 voces
798 445 829 472 in
856 455 892 480 μα
917 443 1059 472 cadentes

234 494 295 514 non
310 495 379 514 raro
387 486 418 514 in
429 488 681 516 Constitutionum
690 488 766 516 libro
776 489 916 524 usurpari
929 498 935 517 ε
947 488 1059 524 quibus

234 534 340 559 auctor
352 539 414 559 non
429 540 539 568 parum
564 533 728 561 delectatus
744 541 811 562 esse
840 534 914 562 mihi
933 533 1058 561 videtur.

234 576 391 611 Ejusmodi
405 578 476 604 sunt
494 578 644 606 voeabula
659 579 735 614 haec,
752 577 922 615 σπούδασμα,
939 578 1058 614 ἄσκημα,

235 620 394 658 ἐμπόρευμα,
412 622 591 659 θησαύρισμα,
607 622 739 659 ἀτόπημα,
754 623 865 660 quibus
891 626 993 651 tamen
1009 630 1060 650 V0-

234 665 320 693 cibus
335 674 396 694 non
416 667 502 695 video
526 668 667 696 Basilium
691 668 818 696 libenter
842 669 892 696 uti.
918 667 1060 696 Animad-

234 710 308 738 verti
322 711 411 739 etiam
427 711 483 739 has
506 720 596 740 voces
617 712 797 744 ἐσπουδακὼς,
823 712 978 746 ἐσπούδακε,
1003 712 1059 739 διε-

237 751 381 785 σπούὸακε,
395 762 463 790 quze
483 755 638 783 rarissime
651 755 732 791 apud
750 756 892 784 Basilium
907 756 1058 791 leguntur,

235 798 400 833 saepissime
410 799 440 826 in
448 800 623 828 monasticis
634 801 901 829 Constitutionibus
910 801 1059 836 usurpari.

234 842 368 878 Denique
377 843 514 872 universe
523 844 634 879 dicam,
643 845 666 872 si
676 846 929 873 Constitutionum
938 845 1012 873 liber
1021 846 1060 874 ad

236 886 381 914 Basilium
397 888 568 923 pertineret,
584 889 657 924 fore,
670 891 703 917 ut
717 889 746 917 in
763 897 799 917 eo
814 889 939 925 aliquod
955 889 1061 917 saltem

235 931 415 967 eloquentius
432 933 588 961 Basiliam}:
604 938 694 970 atque
712 934 888 962 eruditionis
903 934 1061 969 vestigium

235 978 373 1003 exstaret.
382 976 508 1004 Basilius
520 977 598 1005 enim
613 979 661 1006 vel
670 979 780 1007 invitus
788 979 916 1007 facunde
930 981 958 1006 et
970 979 1064 1014 perite

237 1020 397 1048 scribebat.
416 1021 501 1049 Tales
516 1025 616 1050 autem
643 1031 705 1051 non
734 1031 802 1051 esse
832 1024 1064 1051 Constitutiones

237 1066 434 1099 monasticas,
451 1067 496 1094 vel
511 1076 544 1094 ex
557 1075 593 1095 eo
609 1068 673 1096 solo
684 1069 867 1103 intelligitur.
880 1069 963 1105 quod
974 1076 1064 1096 nemo

237 1115 306 1138 ante
323 1111 536 1139 Combeﬁsium
561 1120 658 1149 neque
683 1114 723 1141 ob
742 1114 946 1149 eloquentiam
966 1121 1065 1149 neque

237 1155 277 1182 ob
287 1155 486 1184 eruditionem
496 1165 548 1184 eas
558 1157 734 1186 laudaverit.
748 1158 812 1186 Imo
821 1167 858 1186 ne
868 1159 932 1194 ipse
942 1158 1064 1195 quidem

237 1200 436 1228 Combeﬁsius
449 1209 503 1234 usq
509 1210 580 1229 nam
590 1202 673 1238 ipsas
683 1203 820 1231 laudavit
829 1203 868 1231 ob
879 1203 1064 1231 facundiam.

239 1246 310 1278 Quis
326 1248 426 1273 autem
437 1249 544 1282 praeter
555 1247 768 1276 Combeﬁsium
780 1248 866 1276 facile
878 1249 930 1275 sibi
943 1256 1065 1284 persua-

238 1290 320 1318 debit
330 1291 480 1319 eruditum
493 1300 557 1320 esse
569 1292 716 1328 ejusmodi
728 1301 814 1329 opus,
827 1302 863 1321 ex
873 1301 935 1329 quo
945 1293 1064 1327 eruditi,

239 1342 307 1362 cum
325 1337 376 1363 aut
390 1335 428 1363 de
448 1337 595 1370 moribus,
611 1340 663 1364 aut
673 1337 710 1364 de
721 1337 786 1364 aliis
800 1337 958 1373 quibusvis
973 1337 1064 1365 rebus

240 1379 414 1412 scriberent,
432 1380 505 1408 nihil
515 1388 652 1416 unquam
663 1381 700 1409 ad
713 1382 909 1410 illustrandas
919 1390 989 1409 suas
1000 1390 1061 1409 sen-

238 1424 347 1451 tentias
359 1432 547 1460 excerpsere.
566 1427 599 1453 Et
616 1429 649 1454 ut
663 1427 801 1462 exemplo
828 1427 930 1463 aliquo
955 1427 1064 1454 contir-

239 1470 338 1495 metur
347 1468 429 1503 quod
438 1468 515 1504 dico,
524 1469 614 1497 velim
623 1470 740 1506 legatur
749 1471 893 1499 eximium
902 1470 975 1498 illud
987 1478 1065 1506 opus

239 1512 322 1548 quod
334 1500 427 1541 homo
437 1500 574 1542 doctrina
584 1500 732 1550 praestans
743 1516 885 1543 Mattheus
896 1500 1065 1543 Petitdidier
1080 1500 1098 1527 Ο

238 1556 385 1584 adversus
404 1557 515 1585 multos
532 1558 670 1586 Ludovici
685 1560 792 1595 Dupini
805 1568 921 1588 errores
937 1560 1066 1588 censet"-

239 1600 299 1634 psit
313 1599 360 1634 (at.
379 1601 453 1627 Cum
472 1600 562 1635 igitur
575 1601 610 1634 is,
626 1609 718 1636 quem
735 1603 807 1634 dixi,
832 1602 876 1630 vir
897 1602 1063 1630 eruditissi-

239 1651 308 1671 mus
335 1643 446 1672 multas
476 1644 572 1673 Basilii
596 1646 759 1674 sententias
777 1647 852 1674 scitu
864 1647 1063 1681 dignissimas

239 1689 366 1720 notaret,
383 1691 415 1716 ut
429 1691 537 1717 caetera
553 1690 650 1727 Basilii
665 1690 786 1726 scripta,
801 1691 843 1719 ita
867 1691 999 1726 genuina
1018 1691 1063 1726 ip-

240 1732 303 1760 sius
313 1733 448 1761 Ascetiea
463 1734 572 1770 saepius
585 1734 696 1770 citavit,
711 1743 883 1764 sermonem
896 1737 939 1764 De
953 1737 1064 1770 judicio

239 1777 307 1809 Dei,
322 1776 444 1805 brevem
461 1779 619 1806 tractatum
633 1780 676 1807 De
685 1780 874 1808 abdicatione
889 1787 1000 1814 rerum,
1012 1780 1066 1807 Re-

240 1822 328 1857 gulas
341 1824 404 1851 tam
419 1823 596 1859 prolixiores
607 1832 701 1860 quam
717 1825 872 1853 breviores
889 1835 895 1859 ;
914 1828 942 1853 et
964 1827 1066 1853 tamen

239 1867 282 1895 ibi
297 1868 334 1895 de
350 1868 525 1896 monasticis
537 1869 808 1898 Constitutionibus
819 1878 943 1906 prorsus
954 1871 1065 1899 siletur.

276 1911 360 1939 47δίε.
376 1911 464 1940 Aliud
475 1915 689 1947 argumentum
704 1921 873 1950 proponere
886 1914 970 1942 libet.
989 1915 1067 1943 Ruti-

240 1964 299 1984 nus
307 1965 376 1984 cum
387 1957 514 1991 Regulas
522 1957 735 1992 interpretatus
743 1961 830 1992 esset,
840 1967 954 1995 easque
965 1959 1067 1987 Urseio

241 2001 346 2030 abbati
359 2001 498 2029 dedicare
514 2002 674 2036 statuisset,
692 2004 733 2031 ita
745 2012 814 2031 eum
826 2004 856 2031 in
884 2013 941 2032 sua
962 2004 1067 2040 praefa-

240 2046 321 2074 tione
330 2046 492 2082 alloquitur
506 2048 555 2082 (b):
577 2048 633 2075 Tui
646 2056 718 2077 sane
727 2049 764 2076 sit
779 2049 882 2084 ofﬁcii,
895 2050 984 2077 etiam
996 2049 1067 2077 aliis

241 2093 429 2120 monasteriis
438 2094 623 2128 exemplaria
631 2094 784 2128 praebere.-
793 2097 826 2121 ut
835 2095 997 2122 secundum
1009 2095 1067 2122 ins-

241 2141 293 2166 tar
303 2138 511 2173 Cappadociae,
528 2138 628 2166 omnia
643 2139 827 2167 monasteria
840 2139 947 2167 eisdem
964 2142 990 2167 et
1006 2147 1066 2167 non

240 2184 365 2212 diversis
373 2184 420 2211 vel
428 2184 574 2211 institutis
581 2184 627 2211 vel
637 2183 890 2212 observationibus
900 2185 1012 2212 vivant.
1026 2185 1066 2212 Ex
1083 2178 1104 2205 Ῑ)

240 2228 352 2264 quibus
365 2230 447 2264 patet
456 2228 574 2255 illorum
584 2231 754 2263 temporum
766 2229 933 2256 monachos
946 2228 976 2256 in
990 2230 1066 2264 Cap-

241 2272 372 2308 padocia
383 2271 493 2306 regulis
509 2280 581 2300 usos
596 2272 689 2299 fuisse
702 2271 741 2300 ad
752 2280 838 2299 suam
850 2272 1066 2300 instituendam

240 2316 345 2344 vitam.
359 2317 432 2344 Nam
446 2316 582 2344 instituta
600 2316 650 2344 illa
670 2316 969 2352 observationesque,
993 2325 1067 2352 qua-

241 2369 310 2389 rum
321 2369 356 2388 eo
370 2360 438 2388 loco
450 2361 562 2388 mentio
573 2361 616 2396 fit,
628 2360 702 2388 nihil
713 2360 796 2388 aliud
807 2369 871 2388 esse
882 2369 975 2397 quam
986 2362 1068 2397 ipsas

242 2405 383 2440 Regulas,
399 2413 436 2432 ex
451 2413 497 2440 ea,
510 2413 604 2441 quam
620 2413 691 2432 mox
701 2405 836 2439 laudavi,
852 2405 949 2433 Ruﬁni
962 2406 1068 2442 praefa-

242 2450 323 2478 tione
331 2451 456 2479 constat.
466 2450 625 2482 Quomodo
633 2452 735 2478 autem
743 2458 856 2485 quaeso,
870 2449 1069 2486 Cappadocia:

244 2495 383 2532 adeoque
393 2495 488 2532 ipsius
500 2495 636 2522 dioecesis
647 2495 840 2522 Caesariensis
851 2494 992 2522 monachi
1004 2495 1071 2531 ipsa

244 2540 342 2568 Basilii
352 2542 438 2568 aetate
448 2539 569 2575 regulas
579 2540 636 2567 sibi
646 2539 816 2576 sequendas
827 2540 1069 2575 proposuissent,

244 2585 272 2612 si
290 2593 394 2613 earum
415 2588 519 2613 auctor
554 2584 658 2613 fuisset
689 2584 860 2613 Eustathius
879 2584 892 2612 ‘I
911 2584 1070 2617 Quomodo

244 2637 306 2659 non
315 2631 414 2667 potius
423 2630 690 2659 detestatifuissent
697 2631 722 2666 ej
729 2631 849 2659 usmodi
857 2630 985 2666 regulas,
993 2639 1071 2667 quas

280 2720 321 2753 (a)
340 2720 458 2756 Tolel
485 2727 556 2756 pag.
573 2721 624 2747 502
637 2721 665 2748 et
674 2727 738 2756 seq.

281 2756 316 2786 (ω
333 2754 404 2783 Cod.
418 2754 522 2794 Regul.
537 2763 567 2792 p.
584 2757 618 2784 97

1117 219 1329 254 junctissimus
1341 222 1370 247 et
1380 219 1594 252 amicissimus,
1606 219 1646 246 ita
1657 219 1762 247 Basilio
1777 217 1946 246 infensissi—

1117 272 1186 292 mus
1193 273 1227 292 ac
1235 264 1460 292 inimicissimus
1470 264 1553 292 erat?
1560 265 1707 291 Futurum
1716 263 1807 290 fuisse
1816 261 1947 290 arbitror

1117 316 1183 343 ego,
1197 312 1228 337 ut
1247 309 1390 337 monachi
1408 308 1460 341 illi,
1480 308 1534 344 qui
1554 308 1741 336 Eustathium
1761 308 1873 335 ducem
1892 307 1946 334 ha-

1114 352 1260 386 buissent,
1284 361 1355 381 eum
1375 353 1405 381 iu
1425 352 1538 381 caeteris
1558 352 1757 389 Cappadocia:
1775 351 1860 384 locis,
1881 354 1945 379 tum

1114 398 1246 426 maxime
1260 399 1290 426 in
1301 397 1423 426 dioecesi
1434 397 1609 425 Caesariensi
1626 397 1778 433 lapidibus
1797 405 1815 424 a
1831 396 1946 432 populo

1113 442 1212 470 obruti
1222 443 1359 471 fuissent.
1371 444 1478 470 Fateor
1486 442 1611 478 quidem
1622 441 1696 469 nihil
1706 444 1815 474 vetare,
1827 441 1948 477 quomi-

1112 494 1169 514 nus
1179 487 1362 519 Eustathius,
1377 487 1532 524 quietipse
1543 486 1764 514 monachorum
1774 486 1870 513 vitam
1882 485 1947 512 imi-

1113 531 1234 560 tabatur
1245 540 1362 568 paucos
1372 532 1550 568 quosdam'e
1560 530 1717 567 discipulis
1728 530 1791 558 suis
1805 529 1949 558 habuerit

1112 577 1289 612 monasticae
1297 575 1536 612 vitaelsocios,qui
1546 575 1586 603 ob
1598 575 1770 603 simulatam
1778 577 1807 603 et
1817 574 1912 602 ﬁdem
1921 575 1948 602 et

1112 619 1254 654 pietatem
1265 619 1415 655 populum
1425 619 1510 646 initio
1522 618 1694 646 fefellerint:
1704 617 1756 645 sed
1768 617 1807 645 ab
1819 625 1856 644 eo
1868 617 1949 644 insti-

1112 665 1210 691 tutum
1221 663 1312 691 fuisse
1324 664 1353 691 in
1361 663 1557 699 Cappadocia
1566 663 1786 690 monachorum
1798 661 1948 695 ordinem,

1113 709 1317 744 eumdemque
1327 708 1441 736 ibidem
1452 715 1660 744 perseverasse
1673 707 1806 743 potuisse
1817 708 1888 742 post
1899 713 1949 733 co-

1113 753 1229 788 gnitam
1249 753 1343 780 semel
1363 753 1508 780 Eustathii
1528 752 1559 780 in
1577 752 1638 779 ﬁde
1659 751 1950 783 inconstantiam,et

1114 800 1181 833 post
1192 799 1328 834 apertam
1338 797 1417 825 illius
1428 805 1445 825 a
1455 796 1562 825 Basilio
1570 796 1793 830 alienationem,
1803 795 1949 823 credibile

1114 850 1175 870 non
1190 843 1317 873 videtur.
1334 843 1390 870 Par
1409 845 1453 870 est
1466 842 1558 877 igitur
1572 841 1705 876 regulas,
1721 840 1846 876 quibus,
1872 842 1949 868 teste

1114 888 1232 922 Ruﬁno,
1246 887 1387 915 monachi
1401 887 1431 914 in
1446 886 1640 922 Cappadocia
1654 887 1841 920 regerentur,
1858 882 1949 912 tribui

1114 940 1176 960 non
1189 932 1352 967 Eustathio,
1370 931 1423 959 sed
1439 931 1546 958 Basilio
1563 940 1569 958 :
1585 938 1717 966 quarum
1728 930 1751 957 si
1764 929 1893 957 Basilius
1905 937 1949 956 se-

1115 977 1175 1004 mel
1186 976 1285 1013 opifex
1297 976 1417 1010 dicitur,
1443 975 1694 1004 Constitutionum
1710 974 1950 1002 monasticarum

1116 1029 1227 1057 parens
1239 1021 1297 1048 dici
1305 1029 1365 1048 non
1377 1023 1485 1056 potest,
1497 1028 1566 1048 cum
1579 1022 1610 1046 ut
1620 1027 1656 1047 ex
1667 1019 1753 1046 dictis
1761 1019 1834 1046 satis
1842 1018 1946 1054 liquet,

1116 1066 1274 1101 utriusque
1284 1065 1384 1101 operis
1396 1072 1457 1092 non
1468 1064 1549 1092 idem
1560 1063 1688 1099 scriptor
1698 1064 1746 1091 sit.
1758 1064 1853 1090 Nemo
1876 1070 1948 1096 ergo

1117 1110 1220 1138 mirari
1231 1109 1329 1145 debet,
1343 1110 1368 1136 si
1379 1108 1632 1137 Constitutionum
1644 1107 1757 1135 librum
1779 1107 1951 1134 tribuamus

1118 1154 1282 1187 Eustathio,
1294 1162 1363 1182 cum
1375 1153 1448 1181 nihil
1462 1153 1633 1188 fecerimus,
1655 1153 1738 1188 quod
1752 1159 1814 1179 non
1825 1151 1951 1178 fecerint

1117 1199 1226 1230 caeteri,
1236 1199 1287 1235 qui
1298 1198 1449 1226 Eustathio
1461 1206 1582 1234 quoque
1591 1195 1950 1233 ascripseruntquidquid

1118 1244 1149 1272 in
1160 1244 1301 1272 Asceticis
1312 1251 1372 1271 non
1385 1243 1567 1271 Basilianum
1578 1251 1645 1270 esse
1663 1241 1720 1269 sibi
1730 1240 1901 1268 videbatur.

1153 1289 1198 1316 48.
1211 1288 1319 1316 Ultimo
1330 1288 1396 1315 loco
1407 1287 1578 1315 Combeﬁsii
1594 1288 1773 1321 argumento
1784 1287 1893 1312 contra
1907 1284 1951 1320 ip-

1119 1341 1186 1361 sum
1198 1333 1413 1361 Combeﬁsium
1426 1335 1501 1360 utar.
1516 1332 1657 1366 Virigitur
1667 1330 1948 1364 doctissimus,cum

1118 1378 1248 1414 probare
1268 1377 1364 1412 vellet,
1377 1377 1518 1405 Basilium
1527 1376 1708 1412 Regularum
1719 1377 1875 1403 auctorem
1887 1382 1949 1402 non

1118 1430 1195 1456 esse,
1202 1422 1508 1450 itaratiocinatusest:
1517 1423 1626 1450 Auctor
1634 1420 1805 1448 libellorum
1816 1422 1858 1447 De
1864 1419 1948 1453 judi-

1119 1468 1164 1495 cio
1175 1467 1229 1494 Dei
1247 1469 1275 1494 et
1284 1467 1328 1494 De
1336 1466 1405 1501 ﬁde,
1417 1465 1498 1494 idem
1509 1468 1562 1500 est,
1578 1465 1631 1501 qui
1644 1464 1837 1499 Regularum.
1857 1465 1881 1490 Is
1897 1470 1948 1490 au-

1119 1514 1179 1539 tem
1189 1512 1242 1548 qui
1251 1511 1384 1539 libellum
1392 1511 1492 1546 Deﬁde
1500 1510 1687 1546 conscripsit,
1694 1517 1798 1537 vocem
1806 1510 1946 1544 όμοούσιος

1117 1556 1148 1583 in
1160 1564 1216 1584 sua
1226 1556 1296 1583 ﬁdei
1307 1556 1519 1592 explanatione
1540 1555 1578 1582 de
1597 1554 1747 1582 industria
1765 1553 1894 1585 reticuit,
1914 1555 1946 1580 ut

1117 1601 1271 1629 mitiorum
1281 1600 1590 1635 Arianorumgratiam
1602 1598 1850 1627 sibiconciliaret:
1862 1597 1948 1633 quod

1118 1645 1271 1673 silentium
1283 1654 1352 1673 cum
1364 1645 1471 1673 cadere
1483 1652 1545 1673 non
1555 1645 1650 1680 possit
1661 1644 1692 1672 in
1719 1643 1874 1676 Basilium,
1894 1641 1948 1678 qui

1119 1689 1440 1718 consubstantialitatis
1454 1692 1482 1717 et
1497 1690 1589 1717 ﬁdem
1605 1692 1633 1717 et
1646 1696 1754 1716 vocem
1765 1695 1886 1723 semper
1896 1695 1948 1723 pa—

1118 1736 1180 1764 lam
1191 1735 1334 1769 defendit,
1346 1743 1472 1763 neeesse
1482 1737 1570 1763 estut
1589 1734 1679 1762 cadat
1689 1734 1719 1762 in
1745 1732 1947 1764 Eustathium,

1120 1781 1252 1818 quicum
1262 1780 1493 1808 Maeedonianus
1509 1781 1596 1814 esset,
1609 1787 1683 1807 voce
1693 1778 1744 1806 illa
1753 1779 1894 1814 ὁμοούσιος
1905 1776 1948 1804 uti

1120 1827 1289 1854 recusabat.
1308 1827 1393 1860 Ergo,
1413 1825 1510 1861 inquit
1532 1825 1568 1857 is,
1593 1832 1684 1860 quem
1701 1823 1793 1851 modo
1810 1822 1884 1855 dixi,
1905 1822 1949 1849 vir

1121 1870 1352 1903 eruditissimus,
1361 1869 1493 1897 dubitari
1502 1869 1609 1896 merito
1619 1876 1680 1896 non
1689 1869 1797 1904 potest,
1808 1867 1883 1903 quin
1895 1868 1949 1894 Eu-

1121 1915 1248 1943 stathius
1260 1917 1291 1942 ut
1300 1914 1469 1942 libellorum
1480 1915 1522 1942 De
1528 1914 1645 1949 judicio
1655 1913 1711 1941 Dei
1720 1915 1748 1940 et
1759 1913 1800 1940 De
1818 1912 1888 1946 ﬁde,
1905 1911 1948 1938 ita

1122 1960 1302 1995 Regiilarum
1314 1967 1436 1996 quoque
1449 1959 1600 1994 legitimus
1610 1966 1722 1994 parens
1743 1958 1791 1984 sit.
1810 1958 1872 1991 Ego
1892 1964 1948 1983 au-

1122 2008 1181 2032 tem
1191 2005 1276 2032 facile
1286 2005 1410 2040 quidem
1422 2004 1547 2037 fatebor,
1559 2011 1628 2031 eum
1640 2003 1691 2039 qui
1701 2001 1882 2030 libellos.De
1895 2002 1947 2036 jus

1121 2050 1198 2077 dicio
1208 2050 1263 2077 Dei
1272 2051 1299 2076 et
1309 2050 1352 2078 De
1359 2049 1418 2083 ﬁde
1426 2048 1597 2084 composuit
1606 2049 1655 2082 (ιι),
1663 2047 1758 2074 alium
1765 2054 1825 2074 non
1836 2045 1949 2073 esseab

1121 2101 1157 2121 eo
1168 2094 1220 2130 qui
1231 2093 1359 2128 Regulas
1370 2094 1398 2121 in
1410 2093 1509 2121 lucem
1521 2093 1624 2126 edidit,
1636 2092 1728 2128 idque
1739 2094 1864 2119 caeteros
1883 2099 1948 2118 om-
1993 2111 1997 2115 .

1120 2146 1175 2166 nes
1204 2139 1316 2174 pariter
1329 2138 1522 2166 confessuros
1541 2141 1633 2174 puto:
1647 2138 1699 2165 sed
1718 2137 1802 2165 aliud
1821 2144 1950 2173 prorsus

1120 2183 1279 2212 concludo.
1291 2186 1394 2220 Itaque
1402 2184 1444 2211 ita
1454 2184 1598 2211 adversus
1607 2181 1949 2210 tlombeﬁsiumratioei-

1121 2229 1186 2256 nari
1197 2229 1283 2256 licet:
1300 2231 1408 2256 Auctor
1427 2228 1598 2256 libellorum
1613 2228 1656 2255 De
1668 2227 1783 2261 judicio
1799 2227 1856 2254 Dei
1865 2229 1892 2254 et
1908 2227 1951 2253 De

1120 2274 1188 2308 ﬁde,
1201 2274 1280 2301 idem
1293 2276 1348 2308 est,
1359 2274 1411 2310 qui
1422 2273 1604 2308 Regularum
1617 2280 1623 2300 :
1635 2272 1688 2308 qui
1699 2274 1801 2299 autem
1811 2270 1949 2298 libellum

1120 2318 1164 2346 De
1173 2318 1232 2353 ﬁde
1242 2318 1380 2351 confecit,
1391 2326 1465 2345 voce
1477 2318 1652 2354 ὸμοούσιοςὶη
1664 2324 1720 2343 sua
1727 2315 1798 2343 lidei
1806 2315 1950 2350 explana-

1121 2364 1201 2392 tione
1212 2370 1286 2390 usus
1297 2365 1340 2390 est
1353 2364 1437 2396 (tom.
1450 2363 1483 2395 ll,
1494 2370 1524 2389 n.
1540 2362 1585 2396 4):
1607 2368 1669 2388 non
1688 2360 1778 2395 igitur
1793 2360 1859 2387 haec
1879 2359 1949 2386 ﬁdei

1122 2408 1266 2443 expositio
1276 2407 1367 2434 tribui
1378 2405 1651 2442 potestEustathio,
1670 2405 1733 2441 qui,
1753 2403 1837 2440 quod
1857 2412 1876 2431 a
1895 2405 1951 2432 Ma-

1122 2452 1251 2480 cedonio
1263 2451 1373 2482 stabat,
1385 2458 1456 2478 voce
1467 2450 1519 2478 illa
1529 2451 1669 2486 ὁμοούσιος
1691 2449 1816 2476 minime
1845 2447 1951 2475 uteba-

1123 2498 1171 2525 tur
1185 2505 1191 2523 2
1208 2499 1238 2524 at
1248 2496 1312 2524 haec
1323 2496 1389 2532 ipsa
1399 2496 1469 2523 ﬁdei
1484 2494 1644 2531 expositio,
1659 2495 1687 2522 in
1700 2502 1761 2530 qua
1782 2501 1843 2520 vox
1858 2494 1951 2528 ὀμοού-

1125 2541 1308 2576 atoglegitur,
1319 2541 1433 2577 optime
1443 2540 1583 2568 convenit
1598 2540 1628 2567 in
1651 2538 1792 2566 Basilium
1808 2539 1950 2573 Magnum

1123 2586 1176 2622 qui
1190 2593 1296 2613 vocem
1309 2586 1447 2621 όμοοὲσιος
1460 2584 1601 2620 privatim
1611 2586 1639 2611 et
1650 2582 1769 2619 publice
1780 2581 1890 2610 acriter
1901 2581 1951 2608 de-

1123 2629 1245 2658 fendere
1269 2637 1388 2665 semper
1411 2629 1558 2664 gloriatus
1582 2631 1637 2656 est.
1661 2627 1776 2655 Rursus
1800 2625 1951 2655 adversus

1149 2719 1185 2754 (c‘.
1199 2721 1267 2756 ch.
1279 2727 1311 2747 n.
1321 2720 1355 2747 30
1371 2721 1399 2747 et
1414 2726 1499 2756 seqq.
