2020 3140
77 158 120 185 129
811 148 895 178 ΡΗΙΕῙ

950 149 1006 178 ΓῙΟ.

1715 153 1765 182 130

73 218 200 247 eumdem
216 215 428 246 Combeﬁsium
443 215 484 244 ita
498 215 670 243 ratiocinari
691 221 858 251 possumus
875 220 882 239 :
899 213 923 239 A
940 211 1076 240 Trinitate
1098 220 1104 239 :
1125 213 1155 240 at
1175 212 1205 240 in
1231 213 1406 241 monasticis
1428 213 1696 243 Constitutionibns
1719 216 1766 244 bis

73 263 177 298 Regula
189 262 326 290 eumdem
341 263 494 289 auctorem
505 260 627 293 habent,
639 267 730 296 quem
739 258 832 286 libelli
845 258 886 285 De

67 308 173 343 judicio
187 308 242 334 Dei
251 315 286 334 ac
299 307 342 334 De
352 306 412 340 ﬁde
425 313 435 333 .'
447 305 500 333 sed
515 304 561 332 hic
575 306 618 332 De
630 305 689 338 ﬁde
702 303 822 331 libellus
833 303 888 329 Eu-

71 353 169 380 stathio
178 352 217 379 ob
232 359 311 383 eam,
324 359 417 387 quam
427 350 500 383 dixi,
516 357 641 377 causam
658 348 746 376 tribui
760 355 821 376 non
836 355 887 383 po-

71 400 134 425 test:
151 404 204 424 nec
219 396 292 431 ipsae
316 395 412 431 igitur.
428 394 548 429 Regulae
571 395 596 421 ei
620 393 728 421 ascribi
749 394 885 429 possunt,

71 440 217 468 cumidem
231 442 346 471 auctor,
358 438 540 466 Combetisio
550 438 671 470 fatente,
684 440 712 464 et
722 436 850 471 Regulus
861 438 889 463 et

69 486 140 514 hunc
153 486 194 512 De
206 485 266 518 ﬁde
279 483 413 511 libellum
426 483 567 518 vulgarit.
580 482 647 515 Sed,
660 482 683 510 si
694 490 794 518 neque
805 480 888 509 libel.

68 531 109 558 lus
115 529 226 563 Deﬁde,
234 536 334 564 neque
340 527 461 562 Regule
472 527 583 555 ascribi
591 529 717 563 possunt
725 525 888 557 liustathio,

69 582 244 610 consequens
260 575 304 600 est
319 575 350 600 ut
363 572 469 600 Basilio
483 571 662 603 tribuantur,
681 579 749 598 cum
767 570 890 598 Basilius

69 623 93 647 et
109 618 274 646 Eustathius
293 618 334 645 ita
348 617 426 644 inter
448 624 478 644 se
502 617 637 644 Ascetica
652 616 831 652 partiamur,
858 617 890 643 ut

67 663 205 700 quidquid
217 663 248 690 in
264 661 406 689 Asceticis
421 661 461 689 ad
477 661 605 689 alterum
626 669 687 688 non
704 661 840 696 pertinet,
859 659 888 687 id

68 707 102 736 ad
119 708 241 736 alterum
260 706 410 742 pertinere
431 705 507 733 inter
531 713 638 733 omnes
662 707 787 732 constet.
807 706 889 732 Nunc

68 753 156 778 autem
164 749 201 777 ad
208 748 397 784 propositum
403 747 445 775 ita
452 750 647 782 revertamur,
657 751 690 775 ut
699 747 889 775 Eustatliium

68 794 308 822 Constitutionum
319 792 557 820 monasticarum
573 795 727 820 auctorem
738 799 802 819 esse
814 799 888 828 pau-

67 840 102 867 cis
112 838 308 867 ostendamus
322 846 328 865 :
350 837 434 874 quod
454 838 536 865 factu
550 837 637 865 facile
652 840 706 865 est.
730 837 843 865 Etenim
865 836 888 864 si

940 256 1063 292 quidem
1075 257 1267 284 sanctissima
1274 257 1400 285 Trinitas
1408 258 1589 295 nominatur,
1600 260 1653 287 sed
1664 262 1767 289 tamen

941 303 1070 337 utroque
1086 301 1152 329 loco
1168 301 1350 330 vocabulum
1367 303 1503 338 όμοούσιος
1523 305 1768 339 prmtermittitur.

942 345 1032 373 Varia
1046 349 1148 374 autem
1164 346 1214 374 illa
1229 346 1380 374 scribendi
1396 348 1470 375 ratio
1481 348 1634 377 diversum
1646 350 1770 386 scripto—

942 398 1005 417 rem
1016 390 1151 418 indicare
1163 390 1268 418 merito
1279 390 1370 418 videri
1383 395 1500 427 posset:
1512 401 1640 429 quorum
1652 395 1769 430 primus

942 434 997 461 erit
1007 435 1139 470 Basilius,
1154 435 1207 471 qui
1217 443 1290 463 voce
1301 436 1439 471 ὀμοούσιος
1450 437 1535 465 unice
1547 437 1767 468 delectabatur:

943 478 1016 507 alter
1038 481 1091 507 erit
1111 479 1292 511 Eustathius,
1313 480 1366 516 qui
1383 480 1510 508 aliorum
1527 483 1769 512 Macedoniorum

943 523 1082 559 exemplo
1093 532 1273 560 eam,quam
1284 524 1354 557 dixi,
1364 533 1468 552 vocem
1478 525 1635 561 diligenter
1644 529 1768 557 vitabat.

943 569 1008 596 iam
1024 568 1063 596 ad
1075 568 1190 604 reliqua
1204 569 1386 604 properabo,
1407 569 1460 597 sed
1479 571 1503 598 si
1522 572 1605 607 prius
1620 573 1768 601 celebrem

946 614 1101 641 Sozomeni
1112 613 1222 649 locum,
1231 614 1283 650 qui
1294 614 1339 641 his
1349 614 1602 650 disputationibus
1613 619 1770 647 materiam

944 657 1036 692 dedit,
1052 658 1201 694 explicare
1225 661 1351 686 conatus
1373 658 1456 687 fuero
1473 669 1480 688 :
1504 662 1587 697 quod
1606 665 1639 691 ut
1657 663 1771 692 felicius

944 703 1097 737 succedat,
1109 711 1178 731 eum
1189 703 1289 730 locum
1300 704 1407 731 iterum
1416 705 1510 733 oculis
1517 706 1663 742 subjicere
1672 709 1771 736 visum

944 751 998 780 est,
1011 755 1059 774 sec
1071 755 1113 775 sic
1126 750 1224 775 tamen
1238 750 1270 775 ut
1280 747 1373 776 verba
1388 750 1498 784 Grmca,
1509 759 1576 786 qua:
1586 753 1669 788 prius
1684 754 1774 782 retuli

944 795 1041 825 (num.
1055 793 1113 827 ‘27),
1124 791 1181 819 hoc
1193 791 1260 819 loco
1275 792 1422 820 omittam.
1435 795 1477 821 ita
1489 794 1579 829 igitur
1587 796 1771 826 Sozomnnus

943 835 1086 872 loquitur,
1096 836 1146 864 lib.
1154 844 1196 870 ιιι,
1205 844 1272 872 cap.
1283 838 1314 864 14
1324 845 1330 863 :
1340 837 1363 863 Α
1366 838 1432 871 pud
1437 839 1458 865 Α
1465 841 1593 868 rmenios
1600 849 1668 870 vero
1679 846 1705 870 el
1715 844 1772 871 Pa-

68 883 178 911 Basilius
189 885 220 910 ut
230 882 324 910 libelli
334 883 376 910 De
384 882 450 916 ﬁde,
462 882 503 910 ita
515 882 695 916 Regularum
707 885 811 909 auctor
822 889 887 909 esse
906 888 925 915 Β
942 881 1124 916 phiagonas,
1141 883 1167 909 et
1183 881 1301 909 accolas
1311 882 1412 916 Ponti,
1428 883 1616 919 Eustathius,
1630 887 1772 916 Sebastia'

66 929 172 961 dicitur,
188 927 266 955 alius
281 927 534 955 Constitutionum
549 926 661 954 librum
673 926 825 962 scripserit
839 934 890 953 ne-

67 981 139 1001 cesse
153 975 204 1002 est,
227 980 310 1007 cum,
328 974 361 999 ut
380 979 461 1007 saepe
477 971 548 1006 dixi,
569 970 732 1006 multisque
749 971 890 1007 probavi,

67 1017 235 1053 Regularum
246 1019 277 1045 et
288 1016 540 1044 Constitutionum
551 1024 613 1043 non
622 1023 701 1043 unus
711 1015 830 1043 sedduo
839 1024 891 1044 au-

66 1065 152 1090 ctores
167 1062 236 1089 sint.
264 1062 308 1088 Ex
331 1061 418 1088 dictis
433 1062 534 1088 autem
553 1059 644 1095 liquet
669 1059 812 1088 Basilium
829 1063 891 1088 tam

64 1107 187 1134 libellum
205 1108 248 1134 De
259 1106 324 1142 fide
339 1113 433 1141 quam
447 1105 575 1140 Regulas
587 1105 801 1141 conscripsisse
812 1114 817 1133 :
830 1113 890 1133 non

65 1151 144 1187 igitur
153 1151 291 1182 Basilius,
305 1150 358 1178 sed
365 1149 475 1186 aliquis
483 1149 560 1178 alius
568 1149 808 1177 monasticarum
818 1151 892 1178 Con-

66 1197 239 1224 stitutionum
261 1198 368 1224 auctor
392 1195 540 1222 dicendus
562 1197 619 1222 est.
644 1194 818 1222 Eustathius
840 1203 891 1222 au-

66 1242 117 1268 tem
130 1239 209 1268 solus
220 1243 278 1273 est,
302 1239 349 1267 cui
364 1238 470 1267 merito
485 1238 575 1266 tribui
587 1238 705 1274 possint
719 1248 724 1266 :
742 1246 833 1274 quem
849 1238 892 1266 vi-

65 1284 161 1312 delicet
173 1285 323 1312 hactenus
339 1283 446 1311 eruditi
460 1291 568 1310 omnes
588 1284 742 1310 auctorem
757 1278 893 1310 t'ecerunt

65 1337 169 1361 eorum,
184 1337 252 1365 quae
266 1329 300 1357 in
318 1328 415 1356 Basilii
430 1327 571 1355 Asceticis
581 1335 636 1364 pro
646 1327 754 1363 spuriis
765 1330 793 1355 et
809 1327 893 1355 adul-

65 1374 160 1401 terinis
178 1374 285 1402 habita
306 1375 383 1400 sunt.
405 1374 439 1400 Et
457 1372 582 1408 quando
601 1381 638 1400 ex
658 1372 827 1401 Conibetisii
847 1381 892 1400 ur-

67 1421 200 1453 gumento
215 1419 285 1454 opis
307 1417 421 1454 aliquid
437 1418 475 1445 ad
491 1425 590 1445 meam
610 1417 784 1453 opinionem
803 1417 892 1445 stabi-

67 1454 191 1491 liendam
207 1471 318 1500 capere
331 1462 425 1491 semel
439 1463 527 1498 ccepi,
544 1471 579 1490 ex
593 1462 700 1490 eodem
713 1462 810 1498 ipsam
822 1470 891 1490 con-

66 1508 174 1536 ﬁrmare
186 1516 327 1544 pergam.
346 1507 472 1542 Etenim,
488 1507 511 1534 si
529 1507 721 1542 Combeﬁsio,
738 1507 790 1543 qui
801 1507 831 1534 in
843 1507 892 1536 illo

66 1553 102 1580 De
113 1553 166 1586 [ide
175 1553 277 1581 libello
289 1551 471 1580 vocabulum
479 1552 616 1587 ὁμοούσιος
630 1551 735 1579 deesse
750 1551 827 1580 falso
838 1560 892 1588 pu-
909 1561 929 1587 c

67 1599 180 1631 taverat,
196 1598 237 1626 ita
259 1596 469 1632 argumentari
482 1595 566 1623 licuit
582 1605 588 1623 :
610 1604 687 1632 opus
701 1596 730 1624 in
746 1604 807 1632 quo
832 1605 893 1624 vox

68 1642 194 1677 ὀμοούσιος
215 1643 344 1675 tacetur,
361 1640 514 1668 Eustathio
530 1640 670 1668 convenit
684 1640 782 1675 magis
798 1649 893 1677 quam

70 1687 179 1721 Basilio,
187 1695 250 1715 non
257 1687 348 1715 video
355 1694 408 1714 cur
415 1685 503 1713 nobis
510 1685 680 1721 quoqueita
689 1682 894 1720 argumentari

69 1739 124 1760 non
135 1732 240 1760 liceat:
265 1733 350 1768 Opus
365 1731 396 1759 in
411 1739 472 1767 quo
495 1739 608 1758 nomen
628 1731 766 1766 ὁμοούσιος
786 1731 894 1759 omitti-

70 1779 121 1808 tur,
141 1776 296 1804 Eustathio
316 1775 416 1811 potius
435 1774 525 1802 tribui
545 1774 634 1802 debet
653 1783 747 1810 quam
764 1775 869 1803 Basilio
887 1784 893 1803 :

72 1819 120 1847 sed
137 1820 217 1848 vocis
238 1820 380 1856 ὁμόούσίος
402 1827 440 1846 ne
458 1818 619 1853 vestigium
639 1818 762 1854 quidem
784 1819 814 1846 in
835 1822 895 1848 toto

72 1864 319 1892 Constitutionum
327 1863 404 1892 libro
415 1866 524 1896 exstat;
538 1863 654 1899 sequius
665 1865 709 1890 est
719 1863 808 1898 igitur
818 1864 895 1898 ejus-

71 1909 147 1938 modi
168 1909 282 1938 librum
303 1908 457 1937 Eustathio
472 1907 650 1944 adjudicari,
666 1916 760 1944 quam
776 1908 895 1938 Basilio.

73 1954 100 1981 Et
112 1957 142 1982 ut
154 1954 246 1990 hujus
264 1953 436 1988 argumenti
451 1953 495 1980 vis
513 1952 608 1987 magis
623 1952 815 1988 intelligatur,
828 1953 897 1981 loca

72 1998 121 2027 tria
139 2007 207 2035 quae
230 1999 367 2026 maxime
386 1997 426 2026 ad
449 2005 512 2025 rem
528 1997 651 2028 faciunt.
667 1997 715 2025 hic
731 1997 896 2026 exscribere

71 2050 127 2070 non
142 2043 269 2079 pigebit.
282 2043 414 2070 Primum
426 2041 578 2069 adducam
587 2049 603 2069 e
613 2041 713 2069 libello
729 2042 770 2069 De
781 2042 850 2076 ﬁde,
866 2042 896 2070 in

72 2095 128 2123 quo
140 2088 180 2116 ita
195 2088 307 2123 legitur
321 2089 401 2123 (pag.
413 2086 477 2122 228)
491 2095 496 2114 :
514 2086 590 2112 Οὕτω
607 2090 757 2123 φρονοῦμεν,
770 2089 816 2113 καί
830 2087 897 2113 οὕτω

74 2129 229 2167 βαπτίζομίν
243 2131 281 2162 εἰς
296 2128 398 2167 Τριάὸα
413 2129 560 2165 ὀμοούσιον,
572 2129 620 2156 Sic
630 2130 784 2160 sentimus,
796 2130 898 2165 sicque

75 2174 257 2210 baptizamus
292 2175 322 2202 in
357 2174 507 2202 Trinitale
534 2173 795 2201 consubstantiali.
835 2174 899 2202 Alia

74 2218 130 2247 duo
145 2219 314 2247 mutuabor
323 2226 338 2246 e
349 2218 523 2246 monasticis
538 2217 806 2246 Constitutionibus
819 2219 896 2255 (cap.

76 2266 99 2294 2,
114 2272 184 2300 pag.
199 2266 280 2298 5H),
299 2263 330 2291 in
349 2263 460 2299 quibus
480 2262 521 2290 ita
540 2262 686 2298 scriptum
706 2263 897 2291 invenimus:

76 2307 160 2334 Ἠνίκα
183 2310 228 2345 μὲν
253 2309 304 2344 γὰρ
330 2308 343 2337 ἠ
369 2307 445 2342 ψυχὴ
469 2309 497 2333 τὸ
519 2306 612 2337 ἑαυτῆς
636 2306 794 2333 ἁνακινοῠσα
815 2310 901 2344 νοερὸν

78 2355 104 2378 τό
119 2358 234 2389 φυσικῶς
251 2352 491 2389 ἐγκατεσπαρμέυον
507 2351 571 2387 αὑτῇ
589 2353 659 2388 παρὰ
672 2355 902 2383 τήςπεποιηκυίας

79 2397 154 2426 αὐτὴν
182 2398 261 2433 ἁγίας
295 2395 418 2433 Τριάόος,
448 2395 599 2432 βουλςᾶιται
626 2397 670 2428 τά,
701 2398 756 2425 etc.
784 2397 903 2425 Etenim

81 2443 193 2470 animus
208 2442 333 2477 quando
348 2449 402 2469 sua
418 2441 611 2475 intelligendi
625 2441 656 2468 vi
667 2443 823 2476 commota,
837 2449 905 2477 qua:

81 2487 104 2514 ei
124 2486 313 2514 naturaliter
334 2493 353 2513 a
374 2488 480 2513 sancta
506 2485 655 2513 Trinitale
678 2486 773 2520 ipsius
802 2487 907 2521 opiﬁce

81 2532 166 2559 insita
181 2534 236 2565 est,
251 2531 290 2558 de
303 2530 390 2558 rebus
405 2529 564 2563 deliberat,
579 2532 634 2557 etc.
651 2531 685 2557 Et
699 2530 804 2565 paucis
819 2531 908 2559 inter-

79 2575 159 2610 jectis
176 2575 218 2603 sic.
234 2575 447 2611 persequitur;
467 2577 548 2600 Τοῦτο
568 2575 613 2610 μὲν
632 2574 666 2604 εἰς
688 2574 763 2609 ἁγίαν
783 2577 826 2600 καὶ
847 2585 909 2612 προ-

83 2623 210 2649 “omnis
221 2617 337 2657 ἰ’ριάδα,
349 2620 415 2644 κατὰ
426 2620 455 2644 τὸ
466 2618 529 2652 ἐνον,
543 2617 628 2649 ἀτενὲς
640 2618 763 2656 ἐνορῶσα,
777 2622 832 2647 etc.
844 2621 910 2648 Hoc

82 2665 229 2698 videlicet,
261 2665 407 2699 quantum
431 2663 501 2698 ﬁeri
524 2666 632 2698 potest,
667 2663 790 2691 intentis
815 2664 911 2693 animi

82 2710 170 2737 oculis
191 2711 223 2737 in
239 2711 348 2736 sancta
367 2710 393 2736 et
413 2707 573 2736 adoranda
593 2708 741 2736 Trinitate
755 2710 908 2743 contuens,

83 2756 136 2782 etc.
161 2756 274 2782 Vocem
297 2754 433 2789 ὀμοούσιος
456 2753 596 2780 videmus
618 2753 649 2780 in
671 2752 772 2780 libello
795 2755 836 2781 De
851 2755 911 2788 ﬁde

84 2801 273 2834 usurpatam,
297 2805 366 2825 cum
391 2797 504 2825 mentio
525 2797 653 2825 habetur
669 2796 706 2824 de
722 2798 912 2827 sanctissima

944 927 977 954 in
983 926 1127 953 Armenia
1134 926 1475 960 episcopus,monastic¢e
1480 932 1714 958 conversationis
1720 939 1772 960 au-

946 974 1011 999 ctor
1019 971 1114 1006 fuisse
1125 972 1258 999 dicitur:
1273 975 1299 1001 et
1318 972 1354 1000 de
1363 973 1503 1000 arctioris
1515 974 1583 1002 vitm
1598 975 1772 1012 disciplina,

946 1016 982 1044 de
992 1017 1065 1044 cibis
1071 1016 1177 1051 quibus
1184 1018 1338 1052 utendum,
1350 1021 1403 1045 aut
1416 1025 1434 1045 a
1445 1019 1551 1053 quibus
1562 1019 1772 1050 abstinendum

947 1064 1030 1095 esset,
1049 1061 1086 1089 de
1101 1062 1228 1090 vestibus
1243 1063 1349 1098 quibus
1365 1063 1410 1090 uti
1420 1066 1580 1097 oporteret,
1596 1065 1631 1092 de
1641 1065 1773 1094 moribus

947 1105 1076 1141 denique
1084 1108 1112 1133 et
1126 1109 1234 1134 exacta
1249 1107 1371 1134 vivendi
1382 1108 1502 1135 ratione
1512 1112 1668 1143 praecepta
1679 1110 1773 1138 tradi-

947 1151 1041 1183 disse;
1052 1151 1123 1178 adeo
1138 1154 1169 1178 ut
1185 1152 1308 1186 quidam
1319 1153 1475 1186 afﬁrmem
1485 1153 1593 1181 librum
1602 1156 1772 1191 asceticum,

947 1195 1000 1230 qui
1016 1195 1126 1222 Basilii
1146 1195 1334 1229 Cappadocis
1355 1197 1474 1224 nomine
1489 1197 1676 1231 inscribitur,
1692 1199 1728 1226 ab
1741 1208 1774 1228 eo

947 1239 1148 1272 conscriptum
1154 1239 1256 1273 fuisse.
1266 1240 1341 1267 Eran
1347 1243 1355 1267 t
1361 1240 1450 1274 igitur
1456 1239 1538 1272 olim,
1548 1242 1713 1270 Sozomeno
1724 1251 1775 1271 au—

947 1286 1037 1316 ctore,
1058 1291 1188 1319 quorum
1202 1283 1315 1318 judicio
1326 1284 1471 1312 asceticus
1484 1285 1610 1320 quidam
1621 1286 1705 1320 liber,
1722 1287 1774 1324 qui

949 1328 1046 1355 Basilii
1062 1327 1248 1364 Cappadocis
1259 1328 1380 1356 nomine
1395 1329 1581 1365 conscriptus
1597 1334 1659 1358 erat
1669 1331 1706 1359 ad
1721 1333 1775 1360 Eu—

947 1372 1091 1400 statliium
1100 1372 1295 1400 Sebastenum
1308 1373 1482 1408 pertinebat.
1496 1375 1567 1402 Puto
1577 1378 1677 1404 autem
1689 1377 1776 1404 Sozo-

947 1425 1072 1445 menum
1087 1417 1160 1444 nihil
1171 1417 1253 1445 aliud
1265 1417 1322 1444 nisi
1336 1418 1573 1446 monasticarum
1584 1420 1776 1449 Constitutio-

947 1469 1021 1489 num
1031 1461 1141 1489 librum
1151 1461 1282 1489 indicare
1291 1461 1431 1489 voluisse.
1445 1464 1500 1490 Nec
1512 1463 1621 1492 mirum
1633 1465 1775 1501 cuiquam

948 1506 1104 1539 videbitur,
1121 1505 1231 1533 librum
1243 1506 1295 1542 qui
1306 1506 1449 1534 Eustathii
1463 1509 1535 1542 erat,
1544 1508 1667 1536 nomine
1678 1510 1776 1537 Basilii

948 1551 1124 1586 inscriptum
1137 1550 1237 1584 fuisse,
1255 1550 1278 1578 si
1289 1551 1457 1579 meminerit
1469 1552 1564 1580 multa
1577 1554 1686 1590 scripta
1699 1562 1776 1590 esse,

949 1603 1017 1632 quas
1026 1598 1085 1623 tam
1093 1595 1122 1622 in
1130 1595 1258 1630 vulgatis
1267 1603 1360 1630 quam
1370 1595 1400 1622 in
1409 1596 1560 1624 veteribus
1568 1597 1649 1625 libris
1659 1602 1777 1627 sancto-

950 1648 1017 1667 rum
1027 1641 1145 1667 Patrum
1152 1639 1571 1677 nomineinscribuntur,quie
1579 1645 1678 1670 tamen
1688 1643 1777 1672 hodie

950 1684 989 1713 ab
1006 1684 1129 1712 eruditis
1149 1684 1322 1712 hominibus
1341 1685 1372 1712 in
1388 1685 1550 1713 subdititiis
1564 1689 1592 1714 et
1602 1687 1778 1716 adulterinis

950 1729 1022 1765 poni
1033 1729 1180 1756 videmus.
1191 1730 1265 1756 Cum
1275 1729 1363 1764 igitur
1373 1729 1626 1759 Constitutionum
1637 1733 1780 1761 monasti-

951 1781 1054 1802 carum
1069 1773 1155 1806 liber,
1171 1772 1223 1809 qui
1240 1773 1382 1801 Eustatbii
1396 1777 1469 1807 erat,
1488 1775 1585 1803 Basilii
1598 1777 1720 1805 nomine
1735 1778 1779 1805 in-

952 1818 1081 1854 scriptus
1089 1818 1154 1851 luit,
1164 1817 1238 1844 nihil
1246 1817 1478 1846 einoviaccidit:
1489 1819 1541 1847 sed
1550 1821 1657 1849 eadem
1667 1824 1778 1850 sortem

952 1863 1067 1896 habuit,
1079 1870 1173 1898 quam
1184 1862 1280 1890 multa
1290 1862 1349 1890 alia
1360 1863 1482 1899 scripta,
1492 1872 1560 1899 quae
1570 1873 1639 1893 cum
1650 1866 1778 1895 aliorum

950 1909 1063 1939 essent,
1084 1906 1212 1934 aliorum
1230 1909 1332 1935 tamen
1350 1907 1523 1935 nominibus
1542 1908 1619 1937 falso
1638 1909 1781 1947 inscripta

952 1954 1031 1980 sunt.
1043 1952 1114 1987 Ejus
1127 1951 1169 1979 rei
1182 1959 1291 1979 causas
1301 1959 1445 1987 quaerere,
1461 1952 1536 1980 nihil
1548 1953 1587 1981 ad
1598 1962 1646 1982 me
1657 1956 1760 1984 attinet
1771 1963 1779 1983 :

951 1997 1026 2026 mihi
1036 1996 1107 2024 satis
1122 1998 1177 2031 est,
1194 1997 1219 2024 si
1233 2004 1279 2024 res
1293 1996 1334 2024 ita
1349 1996 1396 2030 sit,
1411 2004 1466 2025 nec
1482 1998 1586 2032 negari
1601 2000 1705 2034 possit.
1723 2001 1781 2029 Sed

952 2042 1057 2070 audire
1075 2041 1150 2069 mihi
1163 2041 1265 2069 videor
1280 2041 1332 2077 qui
1347 2046 1572 2078 conquerantur
1585 2043 1781 2073 immoratum

953 2095 1001 2115 me
1010 2086 1100 2114 fuisse
1108 2085 1137 2113 in
1150 2085 1311 2121 probanda
1321 2093 1352 2113 re
1363 2093 1425 2114 non
1435 2086 1538 2120 dubia,
1546 2096 1615 2116 cum
1624 2089 1782 2118 Ostendere

953 2131 1127 2159 debuissem
1140 2131 1350 2164 Sozomenum,
1361 2138 1430 2158 cum
1441 2131 1482 2158 ita
1492 2131 1609 2159 locutus
1620 2135 1665 2161 est
1677 2142 1683 2160 :
1699 2134 1783 2162 Adeo

954 2175 1118 2211 utquidam
1129 2174 1285 2209 afﬁrment
1301 2175 1412 2202 librum
1422 2176 1592 2207 asceticum,
1610 2178 1662 2212 qui
1675 2178 1785 2206 Basilii

958 2219 1143 2254 Cappadocis
1158 2219 1278 2246 nomine
1291 2219 1480 2252 inscribitur,
1495 2220 1534 2247 ab
1553 2228 1585 2248 eo
1600 2221 1784 2259 [Eustathio]

957 2264 1157 2298 conscriptum
1164 2263 1349 2298 fuisse,nihil
1357 2263 1438 2291 aliud
1449 2263 1495 2292 his
1507 2265 1606 2292 verbis
1616 2265 1785 2300 signiﬁcare

956 2309 1100 2343 voluisse,
1110 2307 1167 2336 nisi
1178 2307 1277 2335 solum
1289 2307 1541 2336 Constitutionum
1549 2310 1785 2339 monasticarum

957 2352 1169 2388 librum,quod
1181 2354 1212 2380 ut
1226 2352 1358 2380 maxime
1369 2352 1508 2387 dubium,
1518 2353 1559 2381 ita
1569 2354 1699 2390 probatu
1710 2355 1786 2383 difﬁ-

959 2399 1102 2427 cillimum
1117 2397 1208 2424 videri
1221 2399 1328 2432 potest.
1341 2398 1401 2431 Ego
1412 2400 1510 2426 autem
1523 2398 1608 2426 aliter
1622 2399 1727 2433 sentio,
1744 2400 1787 2428 id-

959 2451 1019 2480 que
1028 2442 1155 2471 arbitror
1165 2449 1226 2470 non
1236 2442 1400 2470 obscurum
1411 2442 1484 2478 fore,
1495 2443 1520 2470 si
1528 2451 1649 2480 ea,quaa
1661 2453 1732 2472 mox
1744 2453 1787 2473 re-

960 2488 1025 2522 tuli,
1037 2486 1291 2515 Sozomeniverba
1301 2487 1392 2522 paulo
1403 2487 1574 2522 diligentius
1583 2488 1731 2523 legantur.
1744 2489 1788 2517 lbi

963 2533 1042 2560 enim
1054 2531 1153 2559 solum
1168 2531 1279 2558 mentio
1295 2531 1327 2558 tit
1339 2531 1376 2559 de
1387 2532 1522 2560 arctioris
1535 2532 1602 2560 vitre
1617 2533 1787 2570 disciplina,

963 2577 1001 2605 de
1014 2575 1088 2604 cibis
1103 2575 1214 2611 quibus
1231 2575 1388 2610 utendum,
1408 2579 1460 2604 aut
1478 2584 1496 2604 a
1511 2576 1623 2613 quibus
1638 2577 1790 2606 abstinen-

963 2621 1048 2655 dum,
1060 2620 1097 2648 de
1108 2619 1250 2653 vestibus,
1262 2619 1373 2656 quibus
1384 2620 1426 2648 uti
1436 2623 1596 2657 oporteret,
1607 2622 1644 2650 de
1653 2623 1789 2652 moribus

964 2663 1094 2700 denique
1109 2666 1138 2691 et
1149 2666 1254 2691 exacta
1273 2664 1394 2692 vivendi
1411 2665 1528 2694 ratione
1544 2674 1550 2694 :
1566 2666 1678 2703 quibus
1692 2668 1789 2697 verbis

965 2708 1216 2737 Constitutionum
1240 2710 1477 2738 monasticarum
1498 2710 1574 2739 liber
1595 2714 1655 2740 tam
1679 2714 1792 2749 perspi-

965 2763 1020 2782 cue
1035 2753 1195 2788 indicatur,
1211 2757 1244 2782 ut
1257 2757 1375 2783 tantum
1397 2763 1458 2783 non
1473 2756 1622 2784 nominari
1641 2757 1789 2786 videatur.

966 2798 1075 2827 Omnia
1095 2798 1175 2826 enim
1193 2806 1262 2834 quae
1288 2799 1319 2827 in
1343 2799 1392 2827 illo
1418 2800 1575 2828 Sozomeni
1599 2801 1666 2829 loco
1687 2801 1791 2836 legun-
