2020 3140
215 142 265 171 131

965 128 1164 163 PHEFATIO.

1876 130 1928 162 '32

213 205 272 238 tur,
293 202 381 231 unice
402 201 654 230 Constitutionum
672 199 750 227 libro
765 197 959 230 conveniunt,
977 204 1040 224 non
1055 216 1078 242 Α
1097 195 1193 230 detur,
1217 195 1480 242 paucarquaedam
1502 196 1687 224 monasteria.
1710 196 1750 224 ab
1770 196 1929 224 Eustathio

213 251 317 277 autem
332 246 461 282 Regulis,
478 253 554 282 quas
570 245 594 273 si
614 245 796 273 Sozomenus
811 243 971 277 designare
990 249 1041 269 vo-

213 293 326 327 luisset,
335 291 487 320 debuisset
495 298 567 318 sane
577 289 660 326 quod
671 290 702 317 in
711 289 757 316 his
766 287 953 325 praecipuum
962 288 1006 314 est
1014 287 1042 313 et

214 337 367 372 singulare
381 342 549 363 recensere:
566 334 652 370 quod
668 341 738 361 cum
749 340 810 360 non
827 331 938 365 fecerit,
954 339 992 358 ne
1005 330 1042 357 de

213 382 287 418 ipsis
299 381 423 418 quidem
439 380 585 415 cogitasse
599 379 754 415 putandus
767 379 819 405 est.
835 378 928 405 Nemo
942 377 1042 404 autem

214 427 320 461 nescit,
337 426 362 453 si
374 425 449 462 quid
459 424 603 452 eximium
616 426 659 451 est
672 426 701 450 et
710 422 860 459 peculiare
870 421 900 449 in
912 419 1042 455 Regulis,

213 471 244 499 id
260 471 350 498 situm
365 477 432 498 esse
446 469 477 497 in
492 469 570 496 mira
579 468 631 496 ille
642 468 871 496 innumerorum
884 465 1043 501 Scriptura

213 515 457 544 testimoniorum
483 512 658 541 collectione
676 521 682 538 :
705 520 774 548 quin
793 510 963 538 testimonia
982 512 1044 537 tam

215 563 284 597 apte
308 562 432 595 tamque
457 558 605 586 concinne
626 557 828 594 proferuntur,
851 558 885 583 ut
906 554 1044 591 plurimm

214 608 304 642 atque
315 602 500 640 gravissimas
509 603 718 638 cujuscunque
732 601 849 636 generis
862 599 1045 636 quaestiones

213 649 388 678 doctissime
408 656 444 676 ac
459 646 675 675 dilucidissime
691 645 853 679 solvantur,
870 643 1046 672 difﬁcillima.

215 695 373 731 Scripturee
386 693 453 721 loca
464 692 649 728 explicentur
664 690 793 719 breviter
808 689 898 717 simul
911 691 937 716 et
948 688 1046 725 perdi-

213 740 349 775 ligenter,
365 741 393 766 et
406 738 518 773 ubique
529 736 730 764 saluberrima
740 734 959 771 utilissimaque
972 741 1047 769 pres.

213 787 302 821 cepta
315 784 354 812 ad
369 781 598 819 componendos
613 788 714 808 mores
730 780 900 808 tradantur.
921 777 1046 806 Ruﬁnus

214 830 438 864 Cassianusque
457 829 485 855 et
505 826 637 859 Photius,
659 833 728 853 cum
748 825 786 853 de
802 824 921 859 Regulis
943 823 1046 859 loque-

213 876 326 907 rentur,
347 873 458 901 horum
477 871 638 907 Scriptura:
658 870 796 898 locorum
817 868 1018 897 meminerunt
1037 877 1043 902 ;

213 926 270 947 nec
279 917 440 951 immerito,
451 924 520 944 cum
536 915 633 943 Basilii
644 914 763 949 Regulae
773 921 834 941 non
847 913 968 941 aliunde
979 920 1046 940 ma-

216 963 262 998 gis
276 970 371 998 quam
386 969 423 990 ex
437 961 496 989 illis
511 959 688 988 testimoniis
708 959 748 986 ab
763 958 889 987 aliorum
910 957 1045 986 asceticis

215 1008 450 1042 distinguantur.
462 1005 546 1041 (Vide
556 1004 635 1032 intra
645 1012 729 1032 num.
744 1006 787 1038 62,
799 1009 892 1040 prope
903 1003 968 1039 ﬂn.)
980 1003 1046 1035 Qua.

213 1053 304 1088 igitur
319 1052 434 1080 ratione
449 1050 596 1088 potuisset
611 1051 794 1077 Sozomenus
808 1048 847 1076 de
858 1049 903 1075 his
914 1048 1045 1076 testimo-

215 1097 274 1125 niis
293 1099 403 1131 tacere,
419 1103 475 1123 nec
492 1095 585 1123 ullam
606 1094 793 1121 mentionem
813 1093 912 1121 facere
928 1100 1043 1126 eorum,

215 1149 284 1178 quas
303 1140 486 1176 Regularum
506 1139 629 1175 propria
645 1140 724 1173 sunt,
745 1138 770 1166 si
785 1138 866 1174 ipsas
886 1145 933 1173 eo,
953 1145 1045 1173 quem

214 1185 358 1222 exscripsi
372 1185 440 1213 loco
452 1184 586 1212 indicare
600 1183 658 1211 sibi
670 1182 878 1219 proposuisset
890 1182 903 1209 ‘t
915 1182 979 1210 Non
991 1182 1045 1216 igi-

215 1233 263 1258 tur
285 1229 441 1258 Sozomeni
462 1228 555 1256 verba
573 1227 750 1263 accipienda
774 1229 843 1254 sunt
861 1227 898 1254 de
914 1226 1044 1260 Regulis,

216 1275 255 1303 ad
268 1282 345 1311 quas
359 1276 428 1310 apte
442 1273 544 1301 referri
559 1280 621 1300 non
641 1274 779 1308 possunt,
803 1270 857 1299 sed
876 1271 914 1298 de
931 1270 1045 1298 Consti-

215 1319 365 1347 tutionum
379 1318 616 1346 monasticarum
626 1316 714 1350 libro,
723 1315 762 1344 ad
772 1323 865 1352 quem
875 1315 987 1350 optime
997 1322 1046 1342 ac-

215 1362 453 1392 commodantur
472 1368 663 1398 quaecunque
689 1362 872 1389 Sozomenus
893 1359 951 1387 hoc
979 1359 1046 1387 loco

217 1408 346 1444 scripsit.
362 1409 446 1435 Nune
461 1408 562 1434 autem
572 1406 700 1442 quinam
714 1405 756 1433 illi
771 1406 880 1437 essent,
897 1404 950 1440 qui
961 1411 1045 1431 asce-

215 1453 311 1481 ticum
324 1452 408 1480 illum
420 1451 532 1480 librum
542 1452 666 1479 nomine
682 1449 782 1478 Basilii
795 1449 973 1485 inscriptum
989 1450 1045 1476 Eu-

217 1497 328 1526 stathio
357 1496 526 1532 adjudicari
549 1498 685 1532 oportere
716 1494 912 1529 afﬁrmarent,
941 1493 1046 1522 merito

217 1542 313 1578 quairi
331 1543 439 1578 potest.
457 1541 559 1569 Fuisse
578 1539 707 1568 arbitror
728 1539 807 1567 illius
830 1538 924 1567 aetatis
945 1538 1047 1566 erudi-

217 1577 351 1615 tissimos
366 1593 506 1622 quosque
522 1587 614 1621 atque
637 1583 889 1618 studiosissimos,
909 1584 963 1620 qui
977 1591 1047 1611 cum
1062 1577 1082 1605 C

219 1630 333 1660 assidui
353 1633 454 1658 essent
468 1631 499 1658 in
515 1629 671 1657 volvendis
691 1631 849 1656 auctorum
868 1627 961 1659 libris,
986 1627 1048 1655 for-

219 1678 302 1704 tasse
317 1675 442 1711 antiqua
450 1673 594 1711 quaedam
603 1673 843 1701 monasticarum
859 1672 1048 1701 Constitutio-

218 1728 293 1748 num
304 1719 492 1755 exemplaria
505 1718 701 1752 invenissent,
713 1718 743 1745 in
756 1717 868 1754 quibus
882 1724 937 1754 pro
948 1717 1048 1752 Basilii

219 1765 344 1793 nomine
359 1771 472 1792 nomen
485 1762 631 1791 Eustathii
641 1762 774 1799 positum
786 1764 865 1790 esset
880 1770 887 1789 :
903 1763 956 1790 aut
969 1763 1048 1789 certe

219 1809 272 1846 qui
281 1809 496 1845 cognovissent
505 1816 542 1836 ex
552 1808 622 1844 styli
632 1806 885 1841 dissimilitudine,
897 1806 1048 1842 ejusmodi

219 1862 296 1890 opus
310 1854 350 1882 ad
372 1853 512 1881 Basilium
527 1852 675 1888 pertinere
695 1859 757 1879 non
770 1858 880 1887 posse;
901 1851 941 1879 ob
955 1851 1048 1887 idque

216 1899 404 1934 jndicassent
417 1898 491 1925 illud
513 1896 622 1925 ascribi
643 1896 753 1924 debere
772 1896 938 1930 Eustathio,
955 1902 1048 1932 quem

219 1944 341 1973 aliunde
363 1943 554 1971 rescivissent
573 1941 721 1977 scriptum
740 1941 866 1977 aliquod
886 1941 1049 1969 asceticum

220 1989 251 2017 in
265 1989 364 2016 lucem
384 1988 523 2016 edidisse.
545 1988 603 2015 Nec
619 1987 700 2014 enim
719 1994 766 2014 res
787 1986 853 2014 talis
873 1986 937 2013 sine
957 1993 1050 2013 causa

221 2033 366 2062 atﬁrmari
375 2033 482 2069 potuit.
494 2031 551 2060 Alii
565 2039 647 2065 vero,
662 2031 714 2067 qui
728 2031 759 2058 in
772 2030 907 2065 legendis
922 2030 1049 2058 auctori-

220 2078 279 2106 bus
294 2078 394 2106 minus
413 2077 524 2105 versati
539 2078 649 2106 essent,
672 2076 750 2104 falsa
767 2076 835 2103 libri
855 2076 1050 2112 inscriptione

220 2123 329 2154 delusi,
343 2121 429 2150 facile
448 2128 532 2149 mera
547 2120 743 2148 Eustathiana
758 2120 865 2148 Basilio
884 2121 990 2155 Magno
1006 2129 1051 2149 as-

220 2168 397 2204 cripserunt.
411 2166 468 2196 Sed
482 2166 608 2194 fortasse
621 2165 699 2193 dicet
710 2165 836 2201 aliquis;
853 2165 882 2194 Si
900 2174 962 2202 qua
977 2165 1050 2194 olin

221 2213 400 2242 exstitissent
418 2210 612 2247 exemplaria,
633 2210 664 2238 in
679 2210 789 2246 quibus
805 2218 860 2246 pro
879 2210 978 2238 Basilii
998 2218 1050 2239 no-

221 2258 303 2286 mine
321 2264 433 2285 nomen
455 2255 601 2284 Eustathii
622 2255 766 2291 scriptum
786 2257 874 2291 esset,
895 2263 949 2283 cur
967 2255 1050 2284 nulla
1064 2258 1086 2285 D

221 2301 373 2338 ejusmodi
380 2300 661 2337 exemplariahodie
668 2300 697 2328 in
704 2299 892 2328 bibliothecis
898 2300 1051 2336 reperiun-

223 2348 290 2376 tur?
314 2347 382 2374 Mihi
401 2346 562 2374 verisimile
576 2345 618 2378 ﬁt,
637 2345 661 2372 si
680 2344 805 2380 quando
825 2344 899 2372 tales
913 2344 980 2373 libri
1000 2353 1050 2373 ex-

221 2392 357 2425 stiterint,
376 2391 525 2422 librarios,
551 2391 605 2426 qui
627 2389 706 2417 male
730 2389 835 2417 audire
862 2390 1051 2417 Eustathium

221 2436 366 2469 viderent,
382 2437 628 2470 vererenturque,
643 2442 691 2468 ne,
706 2433 731 2461 si
744 2433 823 2461 illius
833 2441 945 2462 nomen
960 2434 991 2462 in
1003 2435 1051 2469 iis,

222 2490 291 2518 quia
314 2480 522 2509 exscribebant
543 2478 768 2515 exemplaribus
795 2481 976 2514 cerneretur,
999 2480 1052 2508 mi-

222 2527 305 2555 noris
326 2525 420 2554 libros
442 2533 513 2553 suos
531 2523 707 2556 venderent,
725 2525 886 2559 propterea
907 2523 944 2551 de
965 2524 1053 2552 indu—

169 2598 173 2602 ,
223 2571 297 2599 stria
316 2578 427 2598 nomen
447 2572 508 2598 tam
524 2569 596 2596 mali
615 2567 725 2596 ominis
741 2575 868 2604 prorsus
884 2568 1050 2596 rescidisse.

224 2616 300 2650 Quid
324 2615 447 2644 tandem
472 2614 599 2642 sentiam
623 2612 661 2640 de
685 2612 790 2648 primis
813 2611 871 2639 illis
896 2613 1054 2645 Sozomeni

222 2661 334 2693 verbis,
345 2661 368 2688 Α
373 2660 436 2696 pud
443 2658 601 2687 Armenios
611 2665 678 2686 vero
688 2660 716 2685 et
723 2655 952 2692 Paphlagonas,
967 2664 993 2687 et
1002 2667 1052 2687 ac-

224 2708 306 2735 colas
316 2707 416 2737 Pontt,
433 2703 624 2737 Eustathius,
637 2702 780 2730 Sebastite
794 2702 826 2730 in
837 2702 981 2732 Armenia
992 2705 1053 2739 epi-

222 2759 340 2786 scopus,
354 2750 528 2777 monasticae
538 2747 772 2776 conversationis
782 2749 890 2774 auctor
900 2748 995 2782 fuisse
1010 2749 1051 2778 di-

224 2797 312 2829 citur,
327 2801 408 2822 nunc
418 2792 564 2830 aperiam.
577 2791 645 2821 Mihi
654 2791 747 2827 igitur
757 2790 829 2820 satis
839 2792 998 2828 probabile
1009 2795 1049 2823 vi-

1098 243 1269 268 constructa
1288 240 1381 268 fuisse
1395 241 1426 268 in
1442 241 1594 273 Armenia,
1610 243 1648 275 et,
1661 241 1686 268 si
1705 241 1774 277 quis
1788 240 1830 269 ita
1847 240 1929 276 velit,

1096 285 1127 313 in
1146 283 1351 321 Paphlagonia
1373 293 1380 312 :
1403 285 1434 313 in
1455 285 1566 322 quibus
1589 286 1784 314 Eustathiana
1803 285 1930 313 vivendi

1097 337 1206 358 norma
1226 329 1266 357 ob
1288 330 1341 357 viri
1358 330 1471 358 malam
1493 330 1609 358 famam
1631 338 1693 358 non
1717 331 1770 358 diu
1785 330 1928 365 viguerit,

1097 377 1126 402 et
1140 375 1170 402 in
1185 382 1252 410 quae
1268 383 1323 411 pro
1343 375 1538 403 Eustathiano
1554 375 1738 403 Basilianum
1753 376 1929 403 institutum

1096 419 1180 447 brevi
1204 419 1406 447 introductum
1427 419 1472 450 sit,
1498 420 1538 448 ob
1561 428 1705 455 magnam
1726 420 1838 448 scilicet
1862 428 1930 448 san-

1098 463 1222 491 ctissimi
1235 472 1269 491 ac
1285 464 1476 492 eruditissimi
1492 465 1583 492 Patris
1598 465 1681 501 apud
1695 473 1801 493 omnes
1825 464 1929 493 existi-

1098 508 1274 536 mationem.
1291 508 1377 541 Quod
1393 512 1493 537 autem
1509 509 1631 537 additur
1644 509 1681 537 de
1701 509 1811 538 accolis
1828 509 1928 543 Ponti,

1098 552 1129 580 id
1149 553 1284 583 Ruﬁnus.
1309 554 1361 589 qui
1381 553 1478 581 Basilii
1502 555 1627 590 aequalis
1646 556 1719 588 erat,
1735 554 1848 582 falsum
1864 561 1929 581 esse

1099 597 1196 626 docet.
1215 600 1257 626 ita
1270 598 1350 626 enim
1370 598 1423 627 lib.
1441 607 1472 633 ιι,
1488 607 1555 635 cap.
1577 601 1603 634 9,
1619 599 1752 635 loquitur
1767 609 1774 627 :
1792 599 1930 627 Basilius

1100 643 1192 670 Ponti
1213 643 1302 671 urbes
1322 646 1348 672 et
1374 651 1449 672 rura
1475 645 1664 678 circumiens,
1691 644 1806 672 desides
1832 644 1929 679 gentis

1100 688 1184 715 illius
1199 688 1310 716 animos
1326 691 1472 722 etparum
1488 689 1525 717 de
1534 697 1585 724 spe
1598 689 1708 724 futura
1717 689 1867 717 sollicitos
1880 689 1931 716 sti-

1101 732 1227 766 mulare,
1238 733 1334 761 verbis
1343 737 1369 761 et
1377 734 1593 768 praedicatione
1600 734 1787 767 succendere,
1800 733 1928 761 callum-

1100 785 1156 814 que
1164 778 1201 806 ab
1211 778 1255 805 his
1262 779 1421 814 longwneg
1426 780 1558 814 ligentiw
1564 780 1650 814 carpit
1658 779 1787 812 abolere,
1798 778 1928 813 subegit-

1100 830 1166 858 que,
1187 822 1311 858 abjectis
1326 824 1462 852 inanium
1477 831 1576 853 rerum
1592 826 1619 853 et
1633 824 1827 852 saecularium
1839 823 1929 856 curis,

1100 869 1205 896 suimet
1216 869 1354 896 notitiam
1364 869 1511 904 recipere;
1524 873 1550 897 et
1566 870 1598 897 in
1614 877 1706 897 unum
1718 869 1807 902 coire,
1824 876 1930 897 mona-

1100 913 1193 941 steria
1203 917 1383 944 construere,
1395 914 1521 948 psalmis
1534 917 1560 942 et
1569 914 1691 949 hymnis
1702 916 1731 942 et
1740 914 1930 942 orationibus

1100 958 1201 986 docuit
1208 965 1328 994 vacare;
1333 966 1500 993 pauperum
1507 967 1611 987 curam
1620 966 1734 994 gerere,
1740 959 1841 995 eisque
1848 958 1889 986 ha
1893 958 1930 985 bi-

1101 1004 1204 1031 tat-uta
1218 1004 1350 1039 honesta,
1368 1006 1395 1031 et
1410 1011 1479 1039 qua:
1493 1004 1534 1032 ad
1548 1004 1659 1032 victum
1673 1004 1847 1032 necessaria
1861 1005 1930 1030 sunt

1097 1049 1253 1083 prtebere;
1271 1048 1400 1083 virgines
1415 1048 1583 1080 instituere,
1599 1048 1741 1082 pudicam
1756 1051 1930 1084 castamque

1100 1094 1192 1121 vitam
1203 1093 1340 1121 omnibus
1347 1100 1424 1127 pene
1434 1093 1662 1122 desiderabilem
1668 1093 1780 1128 facere.
1791 1092 1841 1121 Ita
1852 1093 1931 1121 brevi

1098 1139 1270 1173 permutata
1277 1141 1318 1166 est
1327 1138 1415 1165 totius
1423 1139 1591 1172 provinciae
1598 1139 1701 1174 facies,
1714 1141 1746 1166 ut
1757 1138 1789 1165 in
1802 1138 1893 1166 arido
1903 1139 1928 1175 et

1098 1183 1252 1218 squalenti
1266 1190 1371 1217 campo
1391 1183 1545 1211 videretur
1557 1191 1637 1218 seges
1646 1182 1792 1217 fecunda,
1809 1190 1847 1210 ac
1858 1182 1928 1210 ιωια

1100 1228 1186 1255 vinea
1196 1228 1372 1256 surrexisse.
1382 1228 1441 1255 Hoc
1450 1227 1532 1255 idem
1546 1226 1734 1255 conﬁrmavit
1743 1229 1771 1255 et
1780 1227 1928 1260 Socrates,

1099 1271 1152 1308 qui
1165 1271 1217 1300 lib.
1233 1278 1272 1306 tv,
1288 1280 1355 1308 cap.
1372 1274 1415 1303 26,
1432 1272 1473 1300 ita
1487 1272 1623 1308 scripsit:
1640 1270 1738 1303 Δεδιώς
1756 1273 1805 1308 γὰρ
1821 1273 1858 1307 μὴ
1876 1281 1928 1300 πως

1101 1316 1218 1354 Ἀρειανὴ
1235 1319 1388 1352 καινοτομία
1402 1319 1447 1342 καὶ
1462 1318 1508 1347 τὰς
1522 1318 1590 1343 κατὰ
1607 1318 1650 1342 τὸν
1667 1318 1762 1342 Πόντον
1785 1315 1926 1352 ἒπινεμπθῇ

1101 1361 1240 1398 ἐπαρχίας,
1267 1359 1394 1398 δρομαῖος
1418 1360 1459 1387 ἐπὶ
1487 1362 1520 1387 τὰ
1548 1360 1602 1387 ἐκεῖ
1628 1363 1693 1398 μέρη
1725 1359 1849 1387 διέϐαινε·
1881 1359 1930 1385 ἐκεῖ

1099 1416 1126 1432 τε
1162 1405 1312 1443 ἀπητὴρια
1346 1406 1554 1442 συστησάμενος,
1593 1408 1637 1432 καὶ
1672 1408 1835 1442 κατηχήσας
1871 1406 1929 1435 τοὺς

1100 1449 1200 1488 ἄνδρας
1227 1455 1285 1481 ταῖς
1313 1450 1393 1477 αὐτοῦ
1423 1448 1622 1484 διδασκαλίαις,
1652 1451 1714 1481 τοὺς
1744 1450 1930 1486 σαλευομένους

1101 1495 1229 1533 ἐστήριξε.
1256 1497 1373 1525 Veritus
1392 1497 1470 1524 enim
1490 1496 1645 1532 [Basilius]
1666 1504 1704 1524 ne
1727 1496 1842 1524 Ariani
1860 1495 1928 1530 dog-

1101 1542 1188 1570 matis
1205 1542 1324 1569 novitas
1345 1541 1437 1569 Ponti
1459 1549 1575 1577 quoque
1595 1542 1769 1576 provincias
1792 1540 1930 1575 depasce-

1101 1588 1196 1619 retur,
1217 1586 1355 1614 celeriter
1367 1587 1406 1614 ad
1420 1593 1470 1614 eas
1479 1589 1585 1620 partes
1598 1593 1629 1614 se
1644 1586 1796 1619 contulit;
1808 1592 1932 1620 cumque

1100 1630 1168 1658 illic
1179 1632 1362 1659 monasteria
1379 1632 1590 1665 constituisset,
1605 1633 1631 1659 et
1643 1632 1766 1659 cunctos
1781 1630 1844 1658 suis
1855 1637 1930 1665 prae-

1102 1675 1300 1704 dicationibus
1323 1676 1513 1711 instituisset,
1533 1678 1675 1704 nutantes
1695 1682 1799 1703 eorum
1818 1682 1931 1702 animos

1102 1721 1302 1754 conﬁrmavit.
1313 1722 1528 1757 Praetereaque,
1543 1720 1568 1748 si
1578 1720 1646 1757 quis
1659 1720 1730 1748 velit
1743 1727 1844 1756 pauca
1853 1727 1931 1755 quai-

1102 1764 1175 1793 dam
1193 1766 1377 1794 monasteria.
1396 1765 1427 1793 in
1442 1767 1535 1794 Ponto
1550 1765 1642 1794 etiam
1657 1764 1697 1793 ab
1717 1764 1872 1793 Eustathio
1891 1764 1932 1792 in-

1103 1810 1205 1838 stituta
1220 1810 1321 1844 fuisse,
1344 1818 1475 1847 quorum
1492 1810 1556 1846 ipse
1572 1810 1639 1846 jure
1655 1811 1760 1838 auctor
1774 1809 1872 1837 dictus
1887 1809 1931 1843 sit,

1102 1863 1164 1884 non
1174 1856 1319 1892 pugnabo
1329 1863 1385 1891 ego
1398 1863 1467 1883 :nec
1479 1856 1560 1884 enim
1570 1854 1658 1883 video
1669 1855 1742 1891 quid
1749 1854 1820 1882 inde
1830 1857 1934 1882 nostra

1103 1901 1250 1928 sententia
1262 1900 1329 1928 laedi
1341 1901 1444 1937 possit.
1456 1900 1572 1928 Etenim
1583 1908 1645 1928 non
1656 1907 1735 1935 nego
1746 1899 1936 1927 Eustathium

1103 1945 1288 1974 monasteria
1306 1945 1409 1982 aliqua
1418 1945 1466 1973 hic
1479 1945 1538 1973 illic
1553 1945 1637 1973 initio
1653 1945 1808 1973 instituere
1825 1943 1938 1980 potuis‘

1103 1999 1135 2019 se
1147 1998 1154 2018 :
1167 1990 1221 2018 sed
1232 1990 1311 2026 dico,
1323 1990 1349 2018 si
1361 1998 1409 2018 res
1420 1990 1460 2018 ita
1470 1991 1518 2024 sit,
1530 1990 1604 2018 mihi
1615 1989 1816 2017 certissimum
1830 1988 1937 2021 videri,

1104 2034 1334 2063 Eustathianam
1346 2035 1429 2063 illam
1441 2034 1561 2063 vivendi
1570 2042 1711 2062 normam
1721 2034 1752 2061 in
1763 2033 1820 2061 illis
1833 2040 1938 2061 mona-

1104 2079 1200 2107 steriis
1219 2086 1328 2115 parum
1346 2079 1398 2107 diu
1417 2079 1561 2114 viguisse,
1581 2078 1621 2107 ob
1640 2077 1772 2106 hominis
1787 2076 1939 2105 odiosissi-
1970 2114 1973 2115 ν

1104 2131 1190 2152 mum
1200 2132 1323 2159 nomen,
1335 2124 1421 2160 eique
1433 2123 1612 2152 Basilianam
1624 2123 1724 2151 statim
1738 2121 1938 2157 subrogatam

1105 2167 1211 2202 fuisse,
1238 2168 1278 2197 ob
1298 2168 1425 2205 piissimi
1453 2177 1490 2197 ac
1519 2168 1685 2196 doctissimi
1711 2167 1865 2203 scriptoris
1897 2165 1939 2195 fa-

1106 2218 1202 2242 mam.

1195 2259 1210 2292 §
1223 2259 1268 2286 XI.
1284 2258 1363 2287 Pars
1382 2261 1500 2293 octava,
1517 2260 1550 2286 in
1569 2265 1631 2294 qua
1645 2257 1681 2286 de
1695 2257 1849 2293 Epitimiis

1426 2303 1614 2338 disputatur.

1141 2348 1187 2375 49.
1208 2347 1357 2385 Epitimia,
1377 2347 1414 2376 de
1436 2348 1550 2385 quibus
1565 2347 1713 2376 disserere
1729 2354 1810 2375 nunc
1833 2352 1939 2382 aggre-

1105 2392 1183 2428 dior,
1194 2401 1256 2421 non
1268 2393 1374 2421 eodem
1390 2392 1456 2421 loco
1469 2392 1499 2420 in
1515 2393 1645 2421 editione
1660 2391 1820 2420 Parisiensi
1835 2391 1939 2426 legun-

1107 2440 1172 2465 tur:
1193 2438 1275 2474 quod
1295 2438 1337 2466 ita
1356 2437 1470 2465 factum
1491 2439 1544 2469 est,
1560 2440 1593 2465 ut
1607 2445 1644 2465 ea
1657 2445 1725 2473 qum
1740 2443 1811 2464 vera
1827 2444 1862 2464 ac
1876 2443 1940 2471 ger.

1106 2490 1201 2511 mana
1219 2490 1284 2511 esse
1303 2482 1500 2519 putabantur,
1526 2491 1544 2511 a
1562 2482 1644 2510 falsis
1659 2484 1749 2518 atque
1762 2481 1940 2509 adulterinis

1107 2530 1342 2556 secernerentur.
1360 2529 1420 2564 Ego
1440 2530 1553 2560 autem,
1572 2527 1625 2563 qui
1644 2527 1682 2555 de
1698 2526 1842 2555 omnibus
1857 2525 1941 2553 idem

1105 2573 1254 2609 judicium
1265 2573 1326 2606 tuli,
1344 2573 1448 2601 omnia
1459 2572 1549 2601 simul
1560 2571 1679 2600 edenda
1692 2579 1757 2599 esse
1767 2571 1891 2599 censui:
1906 2578 1941 2598 eo

1107 2617 1206 2653 magis
1219 2618 1303 2655 quod
1313 2618 1345 2646 in
1355 2625 1417 2646 uno
1427 2617 1531 2646 codice
1539 2617 1628 2652 Regio
1639 2616 1828 2645 continenter
1839 2615 1943 2651 legan-

1108 2664 1164 2691 tur.
1189 2663 1268 2692 Ordo
1283 2663 1407 2700 quidem
1427 2661 1611 2699 postulabat,
1636 2664 1669 2689 ut
1694 2661 1778 2698 prius
1793 2660 1832 2688 de
1853 2660 1942 2696 Epiti-

1106 2708 1174 2736 miis
1185 2716 1306 2743 agerem
1322 2716 1414 2744 quam
1426 2708 1463 2735 de
1474 2706 1648 2735 monasticis
1660 2705 1939 2739 Constitutionibus,

1107 2761 1176 2781 cum
1192 2761 1228 2782 ea
1243 2756 1311 2781 ante
1327 2753 1409 2789 ipsas
1425 2753 1579 2789 pesuerim
1597 2760 1603 2780 :
1620 2751 1675 2779 sed
1688 2750 1834 2787 quoniam
1851 2757 1941 2785 argu-

1105 2800 1219 2834 menta,
1235 2798 1348 2834 quibus
1363 2806 1436 2826 usus
1451 2805 1519 2826 sum
1530 2796 1640 2833 partim
1655 2796 1685 2824 in
1699 2795 1870 2832 probandis
1887 2796 1938 2822 Re-
