2020 3140
80 150 126 178 {33

75 211 150 248 gulis,
159 209 265 248 partim
272 208 791 246 inrepudiandisConstitutionibus,
801 211 886 237 erant
899 211 923 237 A

75 255 218 292 ejusmodi,
236 257 268 283 ut
287 254 347 283 alia
371 255 411 283 ab
434 254 500 283 aliis
523 254 698 291 penderent,
718 253 830 282 idcirco
850 258 887 282 ea

73 301 201 330 continua
222 300 358 328 oratione
380 307 552 336 proponere
577 299 738 332 constitui;
759 299 887 326 verebar

72 346 140 374 enim
151 353 195 378 ne,
209 345 232 373 si
244 353 262 372 a
274 353 306 372 se
317 344 447 372 invicem
458 344 679 377 divellerentur,
690 343 828 380 ipsorum
839 343 886 370 vis

71 399 101 419 ac
114 390 228 426 pondus
244 389 440 417 minueretur.
457 391 524 417 Htec
540 389 632 423 igitur
647 396 740 417 causa
755 388 818 422 luit,
835 395 890 416 cur

70 436 96 463 in
105 436 179 462 hunc
191 434 293 462 locum
308 433 445 470 Epitimiu
461 433 628 469 rejecerim.
644 435 688 461 lta
703 435 804 461 autem
821 439 888 460 sen'

71 480 97 508 tit
108 478 296 508 doctissimus
310 479 355 506 vir
371 478 571 507 Combeﬁsius
587 479 639 514 (a),
657 481 689 506 ut
704 478 808 506 omnia
822 477 887 505 hinc

69 528 192 565 Epitimia
207 527 312 555 Basilii
326 528 429 564 potius
447 535 542 563 quam
558 527 680 555 alterius
699 535 765 555 esse
778 529 861 563 putet
877 537 884 557 :

70 574 112 603 alii
125 581 189 602 vero
200 573 350 601 duntaxat
361 581 468 601 eorum
480 575 598 609 partem
615 573 723 601 Basilio
739 572 885 601 tribuunt.

70 619 136 652 Quid
148 621 247 647 autem
258 619 296 646 de
309 618 454 654 Epitimiis
465 618 593 646 sentiam
608 618 683 654 ipse,
698 617 813 654 aperire
824 624 886 644 non

70 663 275 696 omittam.8ed,
283 665 452 699 antequam
458 670 523 691 rem
530 660 884 698 aggrediar,existimavi,

69 716 100 736 ne
110 708 205 744 aliqua
216 707 355 736 confusio
368 707 566 741 suboriretur,
576 706 714 743 Epitimia
725 706 775 734 illa
787 705 818 733 in
827 708 886 733 tres

69 753 165 781 classes
175 751 343 780 dividenda
351 760 428 781 esse.
441 752 549 785 Prima,
562 752 664 788 priora
677 750 818 779 undecim
830 757 886 778 no-

70 800 126 825 Stl‘tE
147 797 287 825 editionis
307 797 446 834 Epitimia
466 798 683 832 complectetur
705 805 713 823 :
738 795 883 833 secunda,

68 842 169 878 reliqua
177 841 283 870 omnia
291 831 439 878 adusque
451 831 677 876 sexagesimum
690 849 696 868 :
710 840 794 868 tertia
805 831 885 868 com-
901 831 923 859 Β

69 887 217 923 prehendat
230 886 356 915 alterius
368 887 487 922 generis
501 886 650 922 Epitimia,
666 893 734 922 qua:
748 893 766 914 a
780 885 885 913 nescio

68 931 166 968 quibus
189 932 229 960 ita
255 931 401 966 inscripta
423 933 503 965 sunt,
527 930 662 967 Ἐπιτίμια
685 930 721 960 ιίς
740 929 786 961 τὰς
805 939 883 956 κουοι⁴

68 978 139 1010 νικας,
159 977 307 1011 Epitimia
329 977 360 1004 in
384 976 555 1004 canonicas.
577 975 716 1011 Epitimia
736 974 841 1010 primae
856 976 885 1002 et

68 1021 147 1048 tertia:
158 1021 263 1049 classis
278 1023 425 1057 tanquam
440 1020 573 1055 genuina
592 1020 623 1047 in
645 1019 803 1047 Parisiensi
822 1018 883 1046 edi-

68 1065 137 1093 tione
148 1065 244 1102 posita.
260 1067 333 1093 sunt
344 1067 414 1093 ante
424 1065 608 1093 monasticas
622 1063 856 1092 Constitutiones
875 1071 882 1090 :

68 1113 94 1137 at
107 1110 237 1146 Epitimia
255 1109 407 1143 secundae,
420 1111 568 1146 tanquam
581 1109 750 1137 adulterina
759 1110 830 1144 post
840 1108 884 1144 ip-

68 1161 110 1182 sas
123 1155 229 1190 reiecta
245 1156 329 1184 sunt.
350 1154 399 1182 His
419 1154 518 1187 dictis,
534 1153 770 1190 disputationem
783 1153 882 1188 ingre-

67 1199 182 1227 diamur.
199 1199 338 1227 Arbitror
356 1199 481 1235 quidem
497 1198 637 1235 Epitimia
651 1198 755 1226 omnia
772 1205 883 1234 suppo-

67 1243 146 1272 sititia
159 1252 222 1272 esse
236 1245 331 1280 atque
347 1243 527 1277 adulterina,
543 1243 597 1271 sed
610 1243 653 1271 ita
660 1245 773 1276 tamen,
781 1245 814 1270 ut
823 1242 883 1271 alia

67 1288 123 1316 aliis
136 1289 238 1325 pejora
254 1289 324 1322 sint,
334 1288 527 1325 majoresque
541 1296 576 1316 ac
586 1287 786 1316 evidentiores
796 1295 881 1324 pere-

67 1332 200 1367 grinitatis
210 1335 300 1361 notas
315 1340 379 1369 pres
394 1340 425 1361 se
440 1333 548 1361 teram.
565 1332 610 1360 Ad
625 1332 709 1369 quod
725 1339 820 1367 genus
835 1338 882 1360 re-

66 1377 176 1406 ferenda
187 1385 256 1406 esse
271 1380 349 1414 puto
360 1386 406 1412 ea,
423 1385 491 1414 quae
514 1378 545 1405 in
561 1377 695 1405 secunda
709 1377 807 1405 classe
823 1377 883 1405 col-

65 1421 218 1468 locavimus
237 1430 245 1450 :
265 1424 296 1450 at
317 1423 425 1459 prima:
443 1430 486 1468 ac
501 1422 592 1450 tertiae
610 1421 718 1468 classis
743 1421 884 1468 Epitimia
898 1441 918 1468 Ο

67 1468 91 1494 et
101 1467 163 1503 ipsa
177 1475 307 1504 quoque
325 1474 394 1496 meo
416 1467 542 1504 quidem
564 1466 679 1503 judicio
695 1467 798 1503 spuria
814 1469 883 1495 sunt

67 1514 91 1539 et
106 1514 261 1548 peregrina
278 1521 286 1540 :
305 1513 367 1546 sed,
384 1515 418 1540 ut
432 1512 503 1546 dixi,
521 1512 640 1540 minora
658 1512 759 1542 νοθείας
773 1511 884 1540 indicia

67 1557 225 1592 praeterunt.
241 1557 391 1593 Incipiam
406 1557 445 1585 ab
460 1557 606 1593 Epitimi'rs
621 1557 727 1593 primae
743 1564 778 1585 ac
792 1557 883 1585 tertiae

67 1601 179 1636 classis;
207 1604 318 1638 postea
345 1602 383 1630 de
413 1602 548 1630 secunda
578 1602 672 1630 classe
706 1601 884 1637 disputabo.

69 1645 190 1675 Primum
213 1646 368 1683 ejusmodi
392 1646 600 1682 Epitimiorum
620 1647 764 1682 antiquus
782 1645 884 1674 nullus

68 1691 182 1727 scriptor
190 1691 378 1720 mentionem
393 1698 532 1727 unquam
545 1690 614 1719 fecit
630 1699 636 1718 :
654 1690 763 1718 deinde
777 1691 807 1718 in
821 1696 883 1718 uno

68 1734 203 1764 duntaxat
224 1738 278 1764 aut
297 1735 390 1764 altero
413 1735 506 1763 veteri
523 1735 601 1763 libro
615 1735 816 1771 reperiuntur.
829 1735 883 1762 Ασ-

68 1779 145 1813 cedit,
158 1781 241 1817 quod
264 1779 364 1808 multa
382 1782 437 1808 aut
456 1786 533 1808 nove
551 1779 633 1807 dicta
646 1779 716 1813 sint,
731 1781 784 1807 aut
803 1786 884 1807 novo

68 1824 193 1860 quodam
214 1825 315 1854 modo-
335 1824 533 1861 accipiantur'.
558 1824 719 1860 Exempla,
741 1826 773 1852 ut
795 1823 884 1860 quid-

68 1876 121 1905 que
144 1872 300 1904 occurret,
334 1870 498 1906 proferam.
528 1869 574 1898 Sic
597 1869 688 1904 igitur
716 1869 751 1897 in'
774 1870 890 1905 quarto

67 1913 161 1949 primze
187 1915 296 1944 classis
316 1914 450 1950 epitimio
465 1913 610 1950 scriptum
632 1913 783 1941 invenitur
800 1914 882 1950 (pag.

67 1959 120 1993 527)
147 1969 154 1988 :
182 1961 212 1986 Εἰ
239 1969 288 1990 τις·
308 1958 412 1996 ὑϐρίζοι
439 1959 453 1988 ἦ
482 1958 668 1994 ἀντιλέγοιμη.
695 1960 740 1984 καὶ
768 1960 804 1995 μὴ
832 1958 884 1985 ὑπ-

66 2005 143 2030 ακούει
167 2005 232 2041 μετὰ
258 2005 349 2034 πάσης
373 2007 422 2034 τῆς
450 2002 474 2028 έν
500 2005 609 2040 Χριστῶ
638 2006 736 2039 χαρᾶς,
757 2004 792 2034 ὡς
815 2003 886 2031 πλη-ί

65 2053 170 2085 ροφορῶν
195 2050 284 2083 αὑτὸν,
310 2048 362 2077 ubi
389 2048 519 2076 verbum
545 2047 717 2084 πληροφορεῐν
741 2047 820 2075 sumi
844 2049 922 2085 vi'n

64 2091 144 2121 detur
161 2101 216 2130 pro
239 2101 287 2127 eo,
308 2092 462 2129 quodest,
478 2093 604 2120 nimium
628 2092 660 2120 in
679 2098 710 2119 se
725 2091 884 2125 conﬁdere,

65 2138 135 2165 etin
161 2145 214 2166 suo
240 2145 330 2166 sensu
356 2136 516 2166 abundare
531 2157 538 2171 ,
565 2143 636 2165 cum
668 2138 771 2165 tamen
802 2136 886 2172 apud

66 2181 198 2211 Basilium
223 2190 281 2219 pro
304 2182 497 2218 persuadere,
525 2184 578 2210 aut
601 2181 758 2210 certiorem
782 2182 893 2217 facere

66 2227 197 2264 usurpari
235 2227 332 2255 soleat
364 2227 413 2263 (ὁ).
447 2226 544 2255 Verba
581 2234 650 2263 quas
687 2232 763 2254 mox
794 2227 890 2255 excri‘

66 2270 140 2305 bam,
157 2275 283 2309 sumpta
296 2273 369 2300 sunt:
385 2279 422 2300 ex
441 2271 576 2308 epitimio
591 2273 710 2299 octavo.
726 2270 770 2299 lbi
785 2273 886 2300 autem

67 2315 101 2344 ita
114 2317 218 2352 legitur
231 2326 238 2345 :
252 2318 283 2344 Εἰ
299 2316 328 2344 θὲ
342 2319 440 2343 τούτων
453 2319 592 2353 γινομένων
609 2316 714 2353 ἀμελοίη
731 2321 779 2347 τῆς
793 2316 886 2343 ἑαυτοῦ

68 2365 198 2399 σωτηρίας,
214 2363 374 2401 χωριζέσθω
387 2362 400 2389 ὁ
415 2367 532 2394 τοιοῦτος
545 2365 593 2393 τῆς
607 2359 732 2393 συνοδίας
745 2362 886 2393 παντελῶς.

67 2407 145 2444 Μικρὰ
158 2409 211 2445 γὰρ
224 2408 296 2444 ζύμη
313 2407 368 2434 ἂλον
383 2409 412 2433 τὸ
426 2409 531 2444 φύραμα
543 2407 631 2443 ζυμοῖ,
644 2408 711 2433 κατά
725 2409 768 2432 τὸν
782 2407 886 2433 εἰπόντα

67 2450 140 2484 ἅγιον.
158 2452 244 2485 Quod
258 2453 286 2480 si
299 2452 345 2480 his
357 2451 451 2487 factis
465 2453 633 2487 neglexerit
644 2458 729 2480 suam
744 2452 885 2485 salutem,

66 2500 215 2529 separetur
224 2504 354 2532 prorsus
374 2496 427 2533 qui
447 2499 489 2525 est
512 2497 659 2532 ejusmodi
683 2505 702 2525 a
721 2498 886 2525 communi-

67 2542 129 2575 tate,
141 2549 212 2570 nam
229 2553 243 2567 α
261 2542 411 2571 Modicum
430 2543 616 2578 fermentum
644 2545 736 2571 tot‘am
756 2550 886 2571 massam

67 2587 272 2623 corrumpit“,
287 2598 300 2611 η
314 2590 347 2616 ut
361 2590 484 2617 sanctus
496 2588 598 2616 dixit:
611 2587 665 2616 ubi
679 2587 740 2616 duo
754 2594 817 2616 non
831 2587 885 2616 Ba-

97 2663 118 2680 “
137 2663 233 2692 Galat.
250 2671 283 2698 v,
300 2665 325 2694 9.

97 2738 135 2773 (a)
150 2740 250 2768 Basit.
268 2747 377 2768 recens.
395 2742 467 2769 tom.
486 2741 605 2776 Il,pag.
621 2740 684 2767 225.

99 2783 134 2819 (ὁ)
151 2785 226 2819 Lege
242 2791 275 2812 n.
292 2786 334 2812 38.

820 145 1012 177 PREFATIO.

1716 163 1768 191 134

940 210 1047 240 Siliana
1056 219 1123 241 esse
1136 213 1249 249 judico.
1262 216 1296 244 Et
1305 216 1412 245 sienim
1427 216 1554 248 Basilius
1574 223 1690 257 passim
1705 232 1767 253 ser-

940 263 1063 304 monem
1078 258 1205 287 instituit
1219 260 1256 287 de
1271 262 1497 297 communitate,
1512 273 1564 294 seu
1580 266 1619 294 de
1632 267 1699 304 ipso
1709 269 1767 298 fra-

940 302 1020 349 trum
1031 306 1190 349 conventu,
1202 311 1357 341 nusquam
1369 308 1479 341 tamen,
1488 311 1520 337 ut
1527 310 1591 344 jam
1601 302 1707 340 monui
1715 314 1766 349 (ιι),

941 346 971 371 in
987 346 1127 374 Asceticis
1140 348 1202 375 suis
1218 350 1355 383 genuinis
1369 358 1443 379 voce
1458 352 1569 380 συνοδία
1584 363 1657 383 usus
1668 346 1722 386 est;
1733 346 1767 386 Il;

940 387 993 416 lud
1017 397 1149 427 quoque,
1172 395 1239 419 κατὰ
1265 396 1308 420 τὸν
1332 394 1435 421 εἰπόντα
1458 396 1541 433 ἅγιον,
1564 399 1766 430 adulterinum

941 441 1010 482 esse
1021 435 1094 482 mihi
1109 436 1236 466 videtur.
1252 439 1379 467 Basilius
1393 441 1484 476 enim,
1496 442 1548 471 ubi
1562 445 1633 473 citat
1648 450 1767 482 aposto-

940 478 1004 507 lum
1019 480 1155 515 Panlum,
1172 483 1242 512 citat
1256 487 1357 513 autem
1373 486 1549 522 saepissime,
1564 478 1766 521 tamen-nullo

941 523 1009 572 loco
1024 524 1198 572 simpliciter
1211 528 1296 563 dixit,
1317 530 1329 555 6
1349 530 1436 566 ἅγιος.
1457 534 1521 560 lmo
1544 534 1633 563 etiam
1655 537 1766 572 epithe-

941 569 1005 596 tum
1030 569 1124 604 illud,
1154 572 1166 596 ό
1192 572 1286 608 ἅγιος,
1315 581 1468 611 nusquam
1497 578 1581 613 apud
1611 569 1764 613 Basilium.

940 613 993 641 ubi
1018 614 1055 642 de
1080 616 1171 644 Paulo
1198 619 1336 653 apostolo
1358 627 1459 648 sermo
1486 622 1624 658 habetur,
1651 625 1767 655 adbibi-

941 659 1125 706 tum-fuisse
1147 661 1309 692 invenitur.
1336 665 1368 692 Et
1396 665 1470 694 illud
1497 667 1609 696 addere
1637 671 1764 706 possim,

939 704 1024 739 quod
1049 704 1176 733 Basilius
1198 715 1267 735 cum
1291 709 1462 739 testimonia
1489 704 1672 747 quaedam}
1692 716 1766 743 Scri-

939 747 1027 794 ptura
1039 750 1159 785 profert,
1172 752 1333 788 scriptores
1347 762 1450 782 sacros
1465 755 1495 783 in
1511 756 1571 785 ﬁne
1586 758 1701 794 periodi
1714 767 1766 788 nos

940 793 1056 821 minare
1077 802 1140 822 non
1164 795 1269 824 soleat.
1284 798 1360 833 Ergo
1381 798 1405 826 si
1424 799 1534 828 horum
1557 793 1765 838 Epitimiorum

940 840 1017 865 esset
1041 842 1156 876 auctor,
1181 841 1296 870 omissa
1317 849 1391 871 voce
1415 844 1498 879 ἆγὶος,
1524 853 1587 882 qua
1609 847 1647 874 de
1674 849 1765 877 Paulo

939 882 1068 919 loquens
1084 891 1144 912 non
1161 886 1311 921 utebatur,
1331 887 1372 915 ita
1391 889 1492 924 potius
1510 890 1689 927 scripsisset,
1705 902 1765 929 χω-

938 928 1052 965 ριζίσθω
1076 929 1089 955 ό
1113 932 1235 962 τοιοῦτος’
1253 936 1300 963 τῆς
1325 932 1450 964 συνοδίας
1473 936 1612 969 παντελῶς,
1635 928 1769 964 χατὰντόν

939 972 1052 1006 εἰπόντα,
1068 976 1158 1012 Μικρά
1171 975 1251 1012 ζύμη,
1268 978 1335 1011 etc.,
1345 981 1503 1012 separetur
1516 986 1642 1015 prorsus
1655 984 1708 1018 qui
1722 984 1766 1012 est

938 1019 1086 1052 ejusmodi
1108 1027 1127 1048 α
1151 1022 1375 1054 communitate,
1393 1024 1487 1058 juxta
1513 1031 1579 1054 eum
1604 1028 1656 1062 qui
1674 1028 1763 1063 dixit,

938 1072 954 1084 κ
973 1063 1125 1092 Modicum
1137 1065 1331 1101 fermentum,
1349 1077 1363 1092 »
1377 1069 1433 1095 etc.
1448 1069 1507 1096 Nec
1520 1072 1765 1105 praetereundum

937 1107 1065 1142 silentio,
1078 1115 1186 1137 vocem
1202 1109 1314 1136 συνοδία
1328 1111 1359 1139 in
1383 1112 1517 1148 epitimio
1538 1114 1700 1144 undecimo
1718 1124 1765 1145 rea

936 1152 998 1198 peti
1015 1161 1021 1180 :
1038 1161 1108 1189 quae
1130 1154 1215 1182 vocis
1235 1155 1364 1184 insolita
1386 1158 1532 1193 repetitio,
1550 1159 1660 1188 horum
1677 1161 1768 1198 Epiti--

937 1197 1069 1225 miorum
1085 1199 1329 1234 peregrinitatem
1346 1202 1444 1236 magis
1458 1210 1493 1230 ac
1507 1204 1606 1238 magis
1616 1205 1740 1235 indicat.

974 1243 1016 1269 50.
1030 1243 1179 1270 Hactenus
1189 1243 1228 1271 de
1237 1244 1334 1279 prima
1345 1245 1440 1273 classe
1451 1247 1659 1282 Epitimiorum
1668 1259 1674 1277 ε
1683 1254 1764 1278 nunc

936 1285 974 1314 de
993 1287 1078 1314 tertia
1090 1287 1313 1316 disserendum.
1331 1290 1363 1317 Et
1382 1290 1429 1317 hic
1449 1298 1572 1327 quoque
1591 1294 1701 1329 paucis
1711 1295 1765 1322 ab-

937 1330 1064 1359 solvam.
1080 1331 1158 1360 Sane
1170 1340 1231 1360 non
1246 1333 1334 1361 video
1351 1342 1474 1363 causam
1487 1336 1589 1370 ullam,
1607 1345 1660 1366 cur
1674 1338 1765 1374 huius

938 1375 1041 1403 classis
1054 1377 1194 1412 Epitimia-
1205 1376 1415 1413 probarentur,
1428 1387 1497 1407 cum
1516 1381 1615 1416 priora
1625 1383 1709 1418 prius
1721 1391 1765 1411 re-

937 1420 1063 1456 pudiatu
1073 1421 1146 1455 sint;
1159 1429 1230 1449 nam
1241 1422 1279 1449 de
1289 1423 1432 1450 omnibus
1443 1425 1555 1459 pariter
1565 1425 1671 1454 siletur
1681 1428 1767 1463 apud

938 1465 1090 1501 antiquos.
1101 1466 1208 1494 Omnia
1224 1466 1255 1494 in
1268 1474 1329 1495 uno
1345 1467 1493 1496 duntaxat
1505 1472 1559 1497 aut
1570 1471 1664 1499 altero
1675 1472 1768 1500 veteri

935 1508 1015 1537 libro
1024 1510 1229 1539 inveniuntur.
1244 1513 1388 1540 Praeterea
1401 1521 1470 1541 cum
1481 1514 1585 1542 oculos
1596 1516 1724 1551 conjici'o
1733 1517 1766 1544 in

938 1554 1107 1590 epitimium
1122 1555 1303 1588 secundum,
1321 1556 1393 1584 mihi
1409 1558 1592 1593 persuadere
1611 1564 1673 1588 non
1685 1567 1768 1597 queo

938 1598 1089 1636 ejusmodi
1100 1599 1240 1636 Epitimia
1250 1601 1348 1629 Basilii
1365 1602 1462 1637 Magni
1472 1611 1548 1631 esse.
1566 1605 1597 1632 In
1611 1612 1647 1633 eo
1662 1608 1763 1634 autem

937 1643 978 1671 ita
1003 1643 1111 1679 legitur
1132 1647 1217 1681 (pag.
1248 1647 1333 1678 530):
1348 1645 1377 1672 Ἠ
1393 1646 1613 1684 βλασφημήσασά
1633 1657 1695 1676 τινα
1714 1655 1764 1676 τῶν

937 1687 1119 1725 πρεσϐυτίδων
1147 1693 1198 1715 τῶν
1221 1693 1430 1727 πεπιστευμένων
1454 1690 1599 1720 διατυποῦν
1623 1695 1656 1720 τὰ
1680 1694 1705 1720 ἐν
1728 1699 1765 1721 τῶ

939 1732 1107 1770 ἀσκητηρίῳ,
1130 1734 1295 1772 ἁφοριζέσθω
1319 1734 1457 1772 ἑϐδομάδα
1480 1740 1552 1773 μίαν.
1583 1739 1655 1772 ΟΠΞ
1677 1741 1767 1769 77ιαίεά

938 1779 1019 1807 dixit
1033 1779 1129 1807 alicui
1150 1787 1188 1807 ex
1208 1780 1360 1808 sororibus
1379 1788 1444 1816 qua:
1458 1782 1548 1811 rebus
1569 1785 1708 1813 asceterii
1721 1793 1766 1814 res

938 1824 1274 1860 qendisproponuntur,
1281 1828 1457 1854 exterarum
1468 1828 1607 1861 privetur
1617 1832 1767 1859 consortio

939 1869 1156 1897 hebdmnadam
1172 1875 1275 1897 unam.
1292 1869 1371 1898 lllud'
1378 1871 1460 1899 enim
1475 1872 1766 1910 ἠσκητήριονὶιιεοιῆε

938 1913 1052 1941 dictum
1077 1916 1132 1949 est,
1153 1921 1209 1942 nec
1225 1922 1368 1950 usquam,
1384 1916 1499 1951 opinor,
1515 1925 1552 1945 ea
1564 1925 1636 1945 voce
1651 1918 1681 1947 in
1704 1920 1767 1947 suis

939 1958 1081 1986 Asceticis
1103 1958 1242 1994 genuinis
1257 1967 1329 1987 usus
1349 1962 1394 1988 est
1408 1961 1546 1990 Basilius.
1564 1964 1605 1991 ita
1619 1964 1765 2000 scriptum

939 2005 983 2031 est
1008 2003 1178 2039 epitimium
1204 2003 1357 2032 decimum
1385 2005 1515 2040 tertium,
1543 2009 1576 2035 ut
1602 2009 1765 2038 verborum

939 2047 1014 2076 ordo
1027 2055 1090 2076 non
1102 2054 1211 2084 parum
1227 2049 1394 2085 displiceat.
1417 2050 1463 2078 Sic
1478 2053 1579 2080 autem
1590 2052 1700 2088 legitur
1713 2063 1720 2082 :
1736 2055 1765 2081 Ἦ

939 2097 1177 2130 καταφρονητικῶς,
1203 2095 1268 2129 μετὰ
1292 2092 1370 2123 δῆθεν
1386 2095 1506 2131 ἡσυχίας
1528 2098 1564 2132 μὴ
1584 2097 1723 2135 πληροῦσα
1735 2100 1765 2126 τό

940 2137 1082 2175 ἐπίταγμα,
1099 2137 1273 2175 ἀφοριζέσθω,
1289 2141 1357 2174 etc.,
1375 2139 1414 2166 ad
1436 2140 1564 2169 verbum
1580 2149 1586 2169 :
1603 2136 1675 2176 Quae
1696 2151 1766 2172 εοηε

941 2184 1086 2218 temptim,
1102 2190 1169 2211 cum
1184 2183 1281 2218 quiete
1293 2183 1432 2211 videlicet
1446 2192 1506 2212 non
1520 2185 1624 2220 implet
1637 2195 1768 2223 pracepa

941 2229 1199 2264 tum,’caeterarum
1210 2228 1358 2255 consortio
1367 2228 1512 2263 privetur,
1522 2232 1577 2258 etc.
1590 2231 1646 2259 Ubi
1658 2233 1766 2261 vocula

941 2275 975 2309 μή
992 2273 1092 2308 posita
1105 2274 1148 2300 est
1161 2272 1230 2300 loco
1248 2279 1311 2300 non
1327 2280 1393 2300 suo.
1410 2273 1456 2301 Sic
1471 2274 1552 2302 enim
1564 2275 1664 2311 potius
1677 2276 1766 2306 scribi

940 2317 1128 2353 oportuisset
1154 2325 1160 2344 :
1190 2316 1218 2344 Ἡ
1245 2322 1492 2354 καταφρονητικῶς,
1529 2321 1569 2356 μὴ-
1594 2318 1672 2350 δῆθεν
1701 2323 1766 2358 μετά

940 2364 1059 2398 ἡσυχίας
1069 2362 1206 2398 πληροῦσα
1216 2363 1244 2388 τὸ
1258 2361 1399 2399 ἐπίταγμα,
1412 2365 1478 2397 etc.,
1491 2365 1574 2400 quod
1587 2365 1626 2393 ad
1640 2365 1766 2394 verbum

939 2407 981 2435 ita
1002 2407 1191 2443 interpretari
1212 2406 1367 2435 licuisset:
1385 2407 1454 2441 Quae
1477 2411 1679 2445 contemptim,
1705 2419 1766 2439 non

940 2455 1039 2480 autem
1055 2452 1153 2488 quiete
1171 2454 1200 2479 et
1216 2451 1334 2480 silentio
1353 2452 1458 2487 implet
1476 2457 1667 2490 praeceptum,
1689 2458 1764 2490 etc.;

939 2499 1029 2533 atq-ue
1039 2496 1097 2524 hoc
1107 2497 1198 2532 pacto
1208 2503 1268 2524 vox
1275 2496 1417 2532 quaelibet
1427 2498 1489 2525 tam
1498 2497 1598 2526 Grece
1608 2507 1701 2535 quam
1713 2498 1766 2528 La-

939 2543 1000 2572 tine
1007 2542 1108 2570 locum
1115 2548 1203 2569 suum
1213 2541 1401 2570 obtinuisset.
1410 2543 1467 2570 Nec
1475 2543 1573 2578 magis
1579 2543 1766 2581 placetquod

939 2587 970 2615 in
997 2584 1132 2623 epitimio
1155 2583 1274 2612 decimo
1303 2584 1432 2621 septimo
1451 2584 1569 2620 legitur,
1588 2586 1619 2615 in
1643 2594 1706 2624 quo
1724 2588 1773 2617 ita

971 2741 1010 2773 (ιι)
1026 2739 1114 2766 Νυω.
1131 2739 1175 2766 32.
