  <div class='ocr_page' id='page_1' title='image "/cluster/home/n/w/nwhite01/storage/ocr_20150623/31/njp.32101013202609/077.png"; bbox 0 0 2020 3140; ppageno 0'>
   <div class='ocr_carea' id='block_1_1' title="bbox 226 129 276 155">
    <p class='ocr_par' dir='ltr' id='par_1_1' title="bbox 226 129 276 155">
     <span class='ocr_line' id='line_1_1' title="bbox 226 129 276 155; baseline 0 0"><span class='ocrx_word' id='word_1_1' title='bbox 226 129 276 155; x_wconf 79' lang='grc'><strong>135</strong></span> 
     </span>
    </p>
   </div>
   <div class='ocr_carea' id='block_1_2' title="bbox 980 120 1179 150">
    <p class='ocr_par' dir='ltr' id='par_1_2' title="bbox 980 120 1179 150">
     <span class='ocr_line' id='line_1_2' title="bbox 980 120 1179 150; baseline -0.005 0"><span class='ocrx_word' id='word_1_2' title='bbox 980 120 1166 150; x_wconf 70' lang='lat' dir='ltr'>PREFATIO</span> <span class='ocrx_word' id='word_1_3' title='bbox 1171 139 1179 149; x_wconf 85' lang='lat'>.</span> 
     </span>
    </p>
   </div>
   <div class='ocr_carea' id='block_1_3' title="bbox 1881 126 1930 153">
    <p class='ocr_par' dir='ltr' id='par_1_3' title="bbox 1881 126 1930 153">
     <span class='ocr_line' id='line_1_3' title="bbox 1881 126 1930 153; baseline 0.02 -1"><span class='ocrx_word' id='word_1_4' title='bbox 1881 126 1930 153; x_wconf 75' lang='grc'>138</span> 
     </span>
    </p>
   </div>
   <div class='ocr_carea' id='block_1_4' title="bbox 223 183 1043 226">
    <p class='ocr_par' dir='ltr' id='par_1_4' title="bbox 223 185 1043 226">
     <span class='ocr_line' id='line_1_4' title="bbox 223 185 1043 226; baseline -0.01 -8"><span class='ocrx_word' id='word_1_5' title='bbox 223 189 368 226; x_wconf 89' lang='lat' dir='ltr'>scriptum</span> <span class='ocrx_word' id='word_1_6' title='bbox 395 192 438 218; x_wconf 90' lang='lat' dir='ltr'>est</span> <span class='ocrx_word' id='word_1_7' title='bbox 460 189 511 217; x_wconf 74' lang='grc' dir='ltr'>εἨ</span> <span class='ocrx_word' id='word_1_8' title='bbox 536 191 600 226; x_wconf 80' lang='grc' dir='ltr'>μετά</span> <span class='ocrx_word' id='word_1_9' title='bbox 623 191 670 218; x_wconf 75' lang='grc' dir='ltr'>τὴν</span> <span class='ocrx_word' id='word_1_10' title='bbox 695 188 822 214; x_wconf 77' lang='grc' dir='ltr'>ἀπόλυσιν</span> <span class='ocrx_word' id='word_1_11' title='bbox 846 190 896 212; x_wconf 80' lang='grc' dir='ltr'>τῶν</span> <span class='ocrx_word' id='word_1_12' title='bbox 923 185 1043 216; x_wconf 65' lang='grc' dir='ltr'>συνάξεωπ</span> 
     </span>
    </p>
   </div>
   <div class='ocr_carea' id='block_1_5' title="bbox 1098 183 1932 226">
    <p class='ocr_par' dir='ltr' id='par_1_5' title="bbox 1109 183 1932 222">
     <span class='ocr_line' id='line_1_5' title="bbox 1109 183 1932 222; baseline 0.005 -11"><span class='ocrx_word' id='word_1_13' title='bbox 1109 183 1264 213; x_wconf 88' lang='lat' dir='ltr'>timiorum</span> <span class='ocrx_word' id='word_1_14' title='bbox 1279 184 1422 221; x_wconf 89' lang='lat' dir='ltr'>primum,</span> <span class='ocrx_word' id='word_1_15' title='bbox 1433 185 1465 213; x_wconf 89' lang='lat' dir='ltr'>in</span> <span class='ocrx_word' id='word_1_16' title='bbox 1479 187 1583 213; x_wconf 89' lang='lat' dir='ltr'>nostra</span> <span class='ocrx_word' id='word_1_17' title='bbox 1596 185 1727 214; x_wconf 78' lang='lat' dir='ltr'>editione</span> <span class='ocrx_word' id='word_1_18' title='bbox 1737 186 1932 222; x_wconf 81' lang='lat' dir='ltr'>quadragesi-</span> 
     </span>
    </p>
   </div>
   <div class='ocr_carea' id='block_1_6' title="bbox 224 232 1053 271">
    <p class='ocr_par' dir='ltr' id='par_1_6' title="bbox 224 232 1053 271">
     <span class='ocr_line' id='line_1_6' title="bbox 224 232 1053 271; baseline -0.005 -11"><span class='ocrx_word' id='word_1_19' title='bbox 224 234 351 271; x_wconf 73' lang='grc' dir='ltr'>ὁμιλοῡσά</span> <span class='ocrx_word' id='word_1_20' title='bbox 377 245 427 260; x_wconf 79' lang='grc' dir='ltr'>τινι</span> <span class='ocrx_word' id='word_1_21' title='bbox 455 239 506 261; x_wconf 76' lang='grc' dir='ltr'>τῶν</span> <span class='ocrx_word' id='word_1_22' title='bbox 535 235 581 265; x_wconf 80' lang='grc' dir='ltr'>ἔξω</span> <span class='ocrx_word' id='word_1_23' title='bbox 609 238 754 270; x_wconf 70' lang='grc' dir='ltr'>γυναικῶν,</span> <span class='ocrx_word' id='word_1_24' title='bbox 781 232 962 268; x_wconf 71' lang='grc' dir='ltr'>ἀφοριζέσθω,</span> <span class='ocrx_word' id='word_1_25' title='bbox 994 232 1053 262; x_wconf 74' lang='lat' dir='ltr'>etc,</span> 
     </span>
    </p>
   </div>
   <div class='ocr_carea' id='block_1_7' title="bbox 224 278 1053 315">
    <p class='ocr_par' dir='ltr' id='par_1_7' title="bbox 224 278 1053 315">
     <span class='ocr_line' id='line_1_7' title="bbox 224 278 1053 315; baseline -0.008 -7"><span class='ocrx_word' id='word_1_26' title='bbox 224 281 294 314; x_wconf 63' lang='lat' dir='ltr'>Qua?</span> <span class='ocrx_word' id='word_1_27' title='bbox 307 283 373 315; x_wconf 91' lang='lat' dir='ltr'>post</span> <span class='ocrx_word' id='word_1_28' title='bbox 389 280 542 308; x_wconf 86' lang='lat' dir='ltr'>absolutas</span> <span class='ocrx_word' id='word_1_29' title='bbox 556 286 687 313; x_wconf 71' lang='lat' dir='ltr'>synaxes</span> <span class='ocrx_word' id='word_1_30' title='bbox 709 286 776 306; x_wconf 88' lang='lat' dir='ltr'>cum</span> <span class='ocrx_word' id='word_1_31' title='bbox 801 278 907 312; x_wconf 89' lang='lat' dir='ltr'>aliqua</span> <span class='ocrx_word' id='word_1_32' title='bbox 927 278 1053 303; x_wconf 66' lang='lat' dir='ltr'>externa</span> 
     </span>
    </p>
   </div>
   <div class='ocr_carea' id='block_1_8' title="bbox 221 319 1051 367">
    <p class='ocr_par' dir='ltr' id='par_1_8' title="bbox 221 319 1051 367">
     <span class='ocr_line' id='line_1_8' title="bbox 221 319 1051 367; baseline -0.008 -14"><span class='ocrx_word' id='word_1_33' title='bbox 221 327 347 353; x_wconf 85' lang='lat' dir='ltr'>muliere</span> <span class='ocrx_word' id='word_1_34' title='bbox 355 325 623 359; x_wconf 76' lang='lat' dir='ltr'>con/&#39;abulabatur,</span> <span class='ocrx_word' id='word_1_35' title='bbox 631 326 796 358; x_wconf 75' lang='lat' dir='ltr'>separetur,</span> <span class='ocrx_word' id='word_1_36' title='bbox 808 326 864 367; x_wconf 68' lang='lat' dir='ltr'>etc.</span> <span class='ocrx_word' id='word_1_37' title='bbox 870 320 948 367; x_wconf 76' lang='lat' dir='ltr'>illud</span> <span class='ocrx_word' id='word_1_38' title='bbox 959 319 1051 367; x_wconf 60' lang='lat' dir='ltr'>enim,</span> 
     </span>
    </p>
   </div>
   <div class='ocr_carea' id='block_1_9' title="bbox 221 366 1052 404">
    <p class='ocr_par' dir='ltr' id='par_1_9' title="bbox 221 366 1052 404">
     <span class='ocr_line' id='line_1_9' title="bbox 221 366 1052 404; baseline -0.008 -8"><span class='ocrx_word' id='word_1_39' title='bbox 221 374 270 396; x_wconf 81' lang='grc' dir='ltr'>τῶν</span> <span class='ocrx_word' id='word_1_40' title='bbox 288 369 425 403; x_wconf 73' lang='grc' dir='ltr'>συνάξεωυ,</span> <span class='ocrx_word' id='word_1_41' title='bbox 441 371 549 404; x_wconf 52' lang='lat' dir='ltr'>praeter</span> <span class='ocrx_word' id='word_1_42' title='bbox 573 368 670 395; x_wconf 87' lang='lat' dir='ltr'>Basilii</span> <span class='ocrx_word' id='word_1_43' title='bbox 695 366 948 395; x_wconf 79' lang='lat' dir='ltr'>consuetudinem</span> <span class='ocrx_word' id='word_1_44' title='bbox 968 370 1052 400; x_wconf 43' lang='lat' dir='ltr'>post</span> 
     </span>
    </p>
   </div>
   <div class='ocr_carea' id='block_1_10' title="bbox 221 410 1053 451">
    <p class='ocr_par' dir='ltr' id='par_1_10' title="bbox 221 410 1053 451">
     <span class='ocr_line' id='line_1_10' title="bbox 221 410 1053 451; baseline -0.011 -8"><span class='ocrx_word' id='word_1_45' title='bbox 221 417 285 444; x_wconf 89' lang='lat' dir='ltr'>tum</span> <span class='ocrx_word' id='word_1_46' title='bbox 296 418 358 442; x_wconf 87' lang='lat' dir='ltr'>est:</span> <span class='ocrx_word' id='word_1_47' title='bbox 371 415 422 451; x_wconf 89' lang='lat' dir='ltr'>qui</span> <span class='ocrx_word' id='word_1_48' title='bbox 433 413 493 447; x_wconf 62' lang='lat' dir='ltr'>,etsi</span> <span class='ocrx_word' id='word_1_49' title='bbox 509 413 735 440; x_wconf 84' lang='lat' dir='ltr'>communionis</span> <span class='ocrx_word' id='word_1_50' title='bbox 745 419 839 439; x_wconf 64' lang='lat' dir='ltr'>sacris</span> <span class='ocrx_word' id='word_1_51' title='bbox 855 410 961 438; x_wconf 87' lang='lat' dir='ltr'>crebro</span> <span class='ocrx_word' id='word_1_52' title='bbox 971 415 1053 436; x_wconf 87' lang='lat' dir='ltr'>men-</span> 
     </span>
    </p>
   </div>
   <div class='ocr_carea' id='block_1_11' title="bbox 221 454 1051 494">
    <p class='ocr_par' dir='ltr' id='par_1_11' title="bbox 221 454 1051 494">
     <span class='ocr_line' id='line_1_11' title="bbox 221 454 1051 494; baseline -0.01 -6"><span class='ocrx_word' id='word_1_53' title='bbox 221 460 332 488; x_wconf 80' lang='lat' dir='ltr'>tionem</span> <span class='ocrx_word' id='word_1_54' title='bbox 344 459 424 493; x_wconf 78' lang='lat' dir='ltr'>facit,</span> <span class='ocrx_word' id='word_1_55' title='bbox 433 466 585 494; x_wconf 79' lang='lat' dir='ltr'>nusquam</span> <span class='ocrx_word' id='word_1_56' title='bbox 598 456 798 493; x_wconf 87' lang='lat' dir='ltr'>tamen,quod</span> <span class='ocrx_word' id='word_1_57' title='bbox 809 455 934 492; x_wconf 88' lang='lat' dir='ltr'>quidem</span> <span class='ocrx_word' id='word_1_58' title='bbox 945 454 1051 487; x_wconf 83' lang='lat' dir='ltr'>sciam,</span> 
     </span>
    </p>
   </div>
   <div class='ocr_carea' id='block_1_12' title="bbox 220 504 534 535">
    <p class='ocr_par' dir='ltr' id='par_1_12' title="bbox 220 504 534 535">
     <span class='ocr_line' id='line_1_12' title="bbox 220 504 534 535; baseline -0.013 -1"><span class='ocrx_word' id='word_1_59' title='bbox 220 514 294 534; x_wconf 81' lang='lat' dir='ltr'>voce</span> <span class='ocrx_word' id='word_1_60' title='bbox 311 505 418 535; x_wconf 75' lang='grc' dir='ltr'>σύναξις</span> <span class='ocrx_word' id='word_1_61' title='bbox 433 504 534 532; x_wconf 77' lang='lat' dir='ltr'>utitur.</span> 
     </span>
    </p>
   </div>
   <div class='ocr_carea' id='block_1_13' title="bbox 256 541 1051 584">
    <p class='ocr_par' dir='ltr' id='par_1_13' title="bbox 256 541 1051 584">
     <span class='ocr_line' id='line_1_13' title="bbox 256 541 1051 584; baseline -0.009 -7"><span class='ocrx_word' id='word_1_62' title='bbox 256 553 300 578; x_wconf 80' lang='grc'>51.</span> <span class='ocrx_word' id='word_1_63' title='bbox 317 549 403 582; x_wconf 86' lang='lat' dir='ltr'>Quod</span> <span class='ocrx_word' id='word_1_64' title='bbox 422 548 486 584; x_wconf 87' lang='lat' dir='ltr'>jam</span> <span class='ocrx_word' id='word_1_65' title='bbox 502 547 541 576; x_wconf 84' lang='lat' dir='ltr'>ad</span> <span class='ocrx_word' id='word_1_66' title='bbox 561 547 700 584; x_wconf 83' lang='lat' dir='ltr'>Epitimia</span> <span class='ocrx_word' id='word_1_67' title='bbox 716 546 859 574; x_wconf 74' lang='lat' dir='ltr'>secundae</span> <span class='ocrx_word' id='word_1_68' title='bbox 870 544 975 573; x_wconf 87' lang='lat' dir='ltr'>classis</span> <span class='ocrx_word' id='word_1_69' title='bbox 988 541 1051 571; x_wconf 86' lang='lat' dir='ltr'>atti-</span> 
     </span>
    </p>
   </div>
   <div class='ocr_carea' id='block_1_14' title="bbox 220 589 1050 628">
    <p class='ocr_par' dir='ltr' id='par_1_14' title="bbox 220 589 1050 628">
     <span class='ocr_line' id='line_1_14' title="bbox 220 589 1050 628; baseline -0.011 -4"><span class='ocrx_word' id='word_1_70' title='bbox 220 599 282 628; x_wconf 92' lang='lat' dir='ltr'>net,</span> <span class='ocrx_word' id='word_1_71' title='bbox 297 595 368 623; x_wconf 83' lang='lat' dir='ltr'>talia.</span> <span class='ocrx_word' id='word_1_72' title='bbox 383 597 463 626; x_wconf 82' lang='lat' dir='ltr'>sunt,</span> <span class='ocrx_word' id='word_1_73' title='bbox 476 596 506 621; x_wconf 90' lang='lat' dir='ltr'>ut</span> <span class='ocrx_word' id='word_1_74' title='bbox 518 594 628 620; x_wconf 88' lang='lat' dir='ltr'>mirum</span> <span class='ocrx_word' id='word_1_75' title='bbox 643 593 680 620; x_wconf 91' lang='lat' dir='ltr'>sit</span> <span class='ocrx_word' id='word_1_76' title='bbox 699 591 936 619; x_wconf 79' lang='lat' dir='ltr'>eruditissimum</span> <span class='ocrx_word' id='word_1_77' title='bbox 951 589 1050 616; x_wconf 86' lang='lat' dir='ltr'>virum</span> 
     </span>
    </p>
   </div>
   <div class='ocr_carea' id='block_1_15' title="bbox 221 635 1050 674">
    <p class='ocr_par' dir='ltr' id='par_1_15' title="bbox 221 635 1050 674">
     <span class='ocr_line' id='line_1_15' title="bbox 221 635 1050 674; baseline -0.01 -5"><span class='ocrx_word' id='word_1_78' title='bbox 221 640 436 669; x_wconf 86' lang='lat' dir='ltr'>Combcﬁsium</span> <span class='ocrx_word' id='word_1_79' title='bbox 456 638 607 674; x_wconf 85' lang='lat' dir='ltr'>ejusmodi</span> <span class='ocrx_word' id='word_1_80' title='bbox 626 637 764 673; x_wconf 80' lang='lat' dir='ltr'>Epitimia</span> <span class='ocrx_word' id='word_1_81' title='bbox 783 644 838 672; x_wconf 87' lang='lat' dir='ltr'>pro</span> <span class='ocrx_word' id='word_1_82' title='bbox 853 635 929 662; x_wconf 84' lang='lat' dir='ltr'>veris</span> <span class='ocrx_word' id='word_1_83' title='bbox 940 642 975 662; x_wconf 86' lang='lat' dir='ltr'>ac</span> <span class='ocrx_word' id='word_1_84' title='bbox 986 641 1050 668; x_wconf 86' lang='lat' dir='ltr'>ger-</span> 
     </span>
    </p>
   </div>
   <div class='ocr_carea' id='block_1_16' title="bbox 221 677 1049 719">
    <p class='ocr_par' dir='ltr' id='par_1_16' title="bbox 221 677 1049 719">
     <span class='ocr_line' id='line_1_16' title="bbox 221 677 1049 719; baseline -0.01 -6"><span class='ocrx_word' id='word_1_85' title='bbox 221 686 320 714; x_wconf 83' lang='lat' dir='ltr'>manis</span> <span class='ocrx_word' id='word_1_86' title='bbox 332 684 503 719; x_wconf 79' lang='lat' dir='ltr'>aguovisse,</span> <span class='ocrx_word' id='word_1_87' title='bbox 512 685 647 710; x_wconf 88' lang='lat' dir='ltr'>autcerte</span> <span class='ocrx_word' id='word_1_88' title='bbox 658 682 687 709; x_wconf 86' lang='lat' dir='ltr'>in</span> <span class='ocrx_word' id='word_1_89' title='bbox 699 689 766 709; x_wconf 87' lang='lat' dir='ltr'>eam</span> <span class='ocrx_word' id='word_1_90' title='bbox 775 680 951 716; x_wconf 86' lang='lat' dir='ltr'>opinionem</span> <span class='ocrx_word' id='word_1_91' title='bbox 961 677 1049 706; x_wconf 81' lang='lat' dir='ltr'>valde</span> 
     </span>
    </p>
   </div>
   <div class='ocr_carea' id='block_1_17' title="bbox 222 722 1048 772">
    <p class='ocr_par' dir='ltr' id='par_1_17' title="bbox 222 722 1048 772">
     <span class='ocr_line' id='line_1_17' title="bbox 222 722 1048 772; baseline -0.011 -14"><span class='ocrx_word' id='word_1_92' title='bbox 222 729 430 766; x_wconf 85' lang='lat' dir='ltr'>propendisse.</span> <span class='ocrx_word' id='word_1_93' title='bbox 443 729 517 755; x_wconf 91' lang='lat' dir='ltr'>Cum</span> <span class='ocrx_word' id='word_1_94' title='bbox 532 727 612 755; x_wconf 89' lang='lat' dir='ltr'>enim</span> <span class='ocrx_word' id='word_1_95' title='bbox 628 726 752 753; x_wconf 82' lang='lat' dir='ltr'>dixisset</span> <span class='ocrx_word' id='word_1_96' title='bbox 766 724 914 772; x_wconf 83' lang='lat' dir='ltr'>Epitimia,</span> <span class='ocrx_word' id='word_1_97' title='bbox 934 731 1003 759; x_wconf 71' lang='lat' dir='ltr'>quae</span> <span class='ocrx_word' id='word_1_98' title='bbox 1018 722 1048 772; x_wconf 80' lang='lat' dir='ltr'>in</span> 
     </span>
    </p>
   </div>
   <div class='ocr_carea' id='block_1_18' title="bbox 221 769 1048 806">
    <p class='ocr_par' dir='ltr' id='par_1_18' title="bbox 221 769 1048 806">
     <span class='ocr_line' id='line_1_18' title="bbox 221 769 1048 806; baseline -0.011 -3"><span class='ocrx_word' id='word_1_99' title='bbox 221 774 381 803; x_wconf 84' lang='lat' dir='ltr'>Parisiensi</span> <span class='ocrx_word' id='word_1_100' title='bbox 402 772 532 801; x_wconf 76' lang='lat' dir='ltr'>editione</span> <span class='ocrx_word' id='word_1_101' title='bbox 554 771 678 799; x_wconf 78' lang='lat' dir='ltr'>diversis</span> <span class='ocrx_word' id='word_1_102' title='bbox 698 770 772 798; x_wconf 90' lang='lat' dir='ltr'>locis</span> <span class='ocrx_word' id='word_1_103' title='bbox 794 769 893 806; x_wconf 84' lang='lat' dir='ltr'>posita</span> <span class='ocrx_word' id='word_1_104' title='bbox 917 770 997 801; x_wconf 88' lang='lat' dir='ltr'>sunt,</span> <span class='ocrx_word' id='word_1_105' title='bbox 1017 769 1048 794; x_wconf 91' lang='lat' dir='ltr'>in</span> 
     </span>
    </p>
   </div>
   <div class='ocr_carea' id='block_1_19' title="bbox 220 812 1046 850">
    <p class='ocr_par' dir='ltr' id='par_1_19' title="bbox 220 812 1046 850">
     <span class='ocr_line' id='line_1_19' title="bbox 220 812 1046 850; baseline -0.011 -2"><span class='ocrx_word' id='word_1_106' title='bbox 220 829 276 848; x_wconf 87' lang='lat' dir='ltr'>suo</span> <span class='ocrx_word' id='word_1_107' title='bbox 288 819 378 847; x_wconf 84' lang='lat' dir='ltr'>veteri</span> <span class='ocrx_word' id='word_1_108' title='bbox 400 818 477 846; x_wconf 91' lang='lat' dir='ltr'>libro</span> <span class='ocrx_word' id='word_1_109' title='bbox 501 817 688 845; x_wconf 83' lang='lat' dir='ltr'>continenter</span> <span class='ocrx_word' id='word_1_110' title='bbox 702 815 770 850; x_wconf 82' lang='lat' dir='ltr'>legi,</span> <span class='ocrx_word' id='word_1_111' title='bbox 782 815 824 842; x_wconf 90' lang='lat' dir='ltr'>sic</span> <span class='ocrx_word' id='word_1_112' title='bbox 838 813 970 850; x_wconf 88' lang='lat' dir='ltr'>loquitur</span> <span class='ocrx_word' id='word_1_113' title='bbox 984 812 1023 847; x_wconf 86' lang='lat' dir='ltr'>(a)</span> <span class='ocrx_word' id='word_1_114' title='bbox 1039 819 1046 838; x_wconf 93' lang='lat'>:</span> 
     </span>
    </p>
   </div>
   <div class='ocr_carea' id='block_1_20' title="bbox 219 857 1047 894">
    <p class='ocr_par' dir='ltr' id='par_1_20' title="bbox 219 857 1047 894">
     <span class='ocr_line' id='line_1_20' title="bbox 219 857 1047 894; baseline -0.011 -1"><span class='ocrx_word' id='word_1_115' title='bbox 219 865 372 894; x_wconf 81' lang='lat' dir='ltr'>Mazarini</span> <span class='ocrx_word' id='word_1_116' title='bbox 381 863 474 892; x_wconf 74' lang='lat' dir='ltr'>codex</span> <span class='ocrx_word' id='word_1_117' title='bbox 484 862 585 890; x_wconf 82' lang='lat' dir='ltr'>omnia</span> <span class='ocrx_word' id='word_1_118' title='bbox 593 861 683 888; x_wconf 81' lang='lat' dir='ltr'>simul</span> <span class='ocrx_word' id='word_1_119' title='bbox 694 860 866 894; x_wconf 71' lang='lat' dir='ltr'>complexus</span> <span class='ocrx_word' id='word_1_120' title='bbox 878 861 930 891; x_wconf 88' lang='lat' dir='ltr'>est,</span> <span class='ocrx_word' id='word_1_121' title='bbox 939 857 1047 885; x_wconf 86' lang='lat' dir='ltr'>eidem-</span> 
     </span>
    </p>
   </div>
   <div class='ocr_carea' id='block_1_21' title="bbox 219 902 1048 946">
    <p class='ocr_par' dir='ltr' id='par_1_21' title="bbox 219 902 1048 946">
     <span class='ocr_line' id='line_1_21' title="bbox 219 902 1048 946; baseline -0.011 -8"><span class='ocrx_word' id='word_1_122' title='bbox 219 918 276 946; x_wconf 86' lang='lat' dir='ltr'>que</span> <span class='ocrx_word' id='word_1_123' title='bbox 286 910 425 943; x_wconf 85' lang='lat' dir='ltr'>ascripsit</span> <span class='ocrx_word' id='word_1_124' title='bbox 437 915 503 936; x_wconf 87' lang='lat' dir='ltr'>vero</span> <span class='ocrx_word' id='word_1_125' title='bbox 513 909 567 935; x_wconf 88' lang='lat' dir='ltr'>aut</span> <span class='ocrx_word' id='word_1_126' title='bbox 576 906 746 934; x_wconf 70' lang='lat' dir='ltr'>existimato</span> <span class='ocrx_word' id='word_1_127' title='bbox 757 905 872 932; x_wconf 86' lang='lat' dir='ltr'>Basilio</span> <span class='ocrx_word' id='word_1_128' title='bbox 884 913 890 931; x_wconf 88' lang='lat'><strong>:</strong></span> <span class='ocrx_word' id='word_1_129' title='bbox 903 911 939 931; x_wconf 90' lang='lat' dir='ltr'>ac</span> <span class='ocrx_word' id='word_1_130' title='bbox 946 902 1048 937; x_wconf 81' lang='lat' dir='ltr'>potius</span> 
     </span>
    </p>
   </div>
   <div class='ocr_carea' id='block_1_22' title="bbox 219 949 1047 988">
    <p class='ocr_par' dir='ltr' id='par_1_22' title="bbox 219 949 1047 988">
     <span class='ocr_line' id='line_1_22' title="bbox 219 949 1047 988; baseline -0.011 -4"><span class='ocrx_word' id='word_1_131' title='bbox 219 963 299 988; x_wconf 85' lang='lat' dir='ltr'>vero,</span> <span class='ocrx_word' id='word_1_132' title='bbox 315 954 488 982; x_wconf 79' lang='lat' dir='ltr'>subnectens</span> <span class='ocrx_word' id='word_1_133' title='bbox 503 953 539 980; x_wconf 84' lang='lat' dir='ltr'>iis</span> <span class='ocrx_word' id='word_1_134' title='bbox 558 951 710 986; x_wconf 78' lang='lat' dir='ltr'>opusculis</span> <span class='ocrx_word' id='word_1_135' title='bbox 725 957 789 985; x_wconf 75' lang='lat' dir='ltr'>qua:</span> <span class='ocrx_word' id='word_1_136' title='bbox 804 949 1001 978; x_wconf 76' lang='lat' dir='ltr'>communiter</span> <span class='ocrx_word' id='word_1_137' title='bbox 1016 949 1047 975; x_wconf 88' lang='lat' dir='ltr'>in</span> 
     </span>
    </p>
   </div>
   <div class='ocr_carea' id='block_1_23' title="bbox 218 994 1048 1033">
    <p class='ocr_par' dir='ltr' id='par_1_23' title="bbox 218 994 1048 1033">
     <span class='ocr_line' id='line_1_23' title="bbox 218 994 1048 1033; baseline -0.008 -6"><span class='ocrx_word' id='word_1_138' title='bbox 218 999 332 1028; x_wconf 86' lang='lat' dir='ltr'>Basilii</span> <span class='ocrx_word' id='word_1_139' title='bbox 342 998 449 1033; x_wconf 83' lang='lat' dir='ltr'>Magni</span> <span class='ocrx_word' id='word_1_140' title='bbox 465 997 604 1032; x_wconf 79' lang='lat' dir='ltr'>genuinis</span> <span class='ocrx_word' id='word_1_141' title='bbox 620 998 831 1023; x_wconf 78' lang='lat' dir='ltr'>numerantur.</span> <span class='ocrx_word' id='word_1_142' title='bbox 845 995 876 1021; x_wconf 82' lang='lat' dir='ltr'>Et</span> <span class='ocrx_word' id='word_1_143' title='bbox 886 1001 957 1021; x_wconf 87' lang='lat' dir='ltr'>vero</span> <span class='ocrx_word' id='word_1_144' title='bbox 973 994 1048 1029; x_wconf 91' lang='lat' dir='ltr'>quot</span> 
     </span>
    </p>
   </div>
   <div class='ocr_carea' id='block_1_24' title="bbox 219 1038 1048 1077">
    <p class='ocr_par' dir='ltr' id='par_1_24' title="bbox 219 1038 1048 1077">
     <span class='ocr_line' id='line_1_24' title="bbox 219 1038 1048 1077; baseline -0.008 -5"><span class='ocrx_word' id='word_1_145' title='bbox 219 1046 289 1072; x_wconf 92' lang='lat' dir='ltr'>sunt</span> <span class='ocrx_word' id='word_1_146' title='bbox 298 1051 388 1071; x_wconf 89' lang='lat' dir='ltr'>voces</span> <span class='ocrx_word' id='word_1_147' title='bbox 402 1043 431 1070; x_wconf 90' lang='lat' dir='ltr'>iu</span> <span class='ocrx_word' id='word_1_148' title='bbox 443 1042 501 1069; x_wconf 92' lang='lat' dir='ltr'>hac</span> <span class='ocrx_word' id='word_1_149' title='bbox 512 1041 721 1077; x_wconf 85' lang='lat' dir='ltr'>Epitimiorum</span> <span class='ocrx_word' id='word_1_150' title='bbox 733 1040 840 1072; x_wconf 84' lang='lat' dir='ltr'>classe,</span> <span class='ocrx_word' id='word_1_151' title='bbox 853 1041 895 1066; x_wconf 88' lang='lat' dir='ltr'>tot</span> <span class='ocrx_word' id='word_1_152' title='bbox 905 1041 975 1066; x_wconf 91' lang='lat' dir='ltr'>sunt</span> <span class='ocrx_word' id='word_1_153' title='bbox 987 1038 1048 1066; x_wconf 78' lang='lat' dir='ltr'>fere</span> 
     </span>
    </p>
   </div>
   <div class='ocr_carea' id='block_1_25' title="bbox 218 1082 1046 1125">
    <p class='ocr_par' dir='ltr' id='par_1_25' title="bbox 218 1082 1046 1125">
     <span class='ocr_line' id='line_1_25' title="bbox 218 1082 1046 1125; baseline -0.007 -9"><span class='ocrx_word' id='word_1_154' title='bbox 218 1086 439 1125; x_wconf 79' lang='lat' dir='ltr'>peregrinitatis</span> <span class='ocrx_word' id='word_1_155' title='bbox 451 1089 530 1114; x_wconf 74' lang='lat' dir='ltr'>noue</span> <span class='ocrx_word' id='word_1_156' title='bbox 543 1095 549 1113; x_wconf 89' lang='grc'>;</span> <span class='ocrx_word' id='word_1_157' title='bbox 563 1085 647 1121; x_wconf 90' lang='lat' dir='ltr'>quod</span> <span class='ocrx_word' id='word_1_158' title='bbox 661 1093 695 1112; x_wconf 79' lang='lat' dir='ltr'>ex</span> <span class='ocrx_word' id='word_1_159' title='bbox 706 1092 810 1112; x_wconf 90' lang='lat' dir='ltr'>eorum</span> <span class='ocrx_word' id='word_1_160' title='bbox 821 1083 948 1111; x_wconf 88' lang='lat' dir='ltr'>lectione</span> <span class='ocrx_word' id='word_1_161' title='bbox 960 1082 1046 1111; x_wconf 77' lang='lat' dir='ltr'>facile</span> 
     </span>
    </p>
   </div>
   <div class='ocr_carea' id='block_1_26' title="bbox 217 1127 1047 1170">
    <p class='ocr_par' dir='ltr' id='par_1_26' title="bbox 217 1127 1047 1170">
     <span class='ocr_line' id='line_1_26' title="bbox 217 1127 1047 1170; baseline -0.008 -9"><span class='ocrx_word' id='word_1_162' title='bbox 217 1142 236 1162; x_wconf 90' lang='lat' dir='ltr'>a</span> <span class='ocrx_word' id='word_1_163' title='bbox 251 1133 359 1170; x_wconf 87' lang='lat' dir='ltr'>quovis</span> <span class='ocrx_word' id='word_1_164' title='bbox 374 1131 517 1166; x_wconf 84' lang='lat' dir='ltr'>cognosci</span> <span class='ocrx_word' id='word_1_165' title='bbox 536 1132 644 1166; x_wconf 84' lang='lat' dir='ltr'>potest.</span> <span class='ocrx_word' id='word_1_166' title='bbox 662 1129 712 1157; x_wconf 91' lang='lat' dir='ltr'>Hic</span> <span class='ocrx_word' id='word_1_167' title='bbox 727 1136 850 1156; x_wconf 89' lang='lat' dir='ltr'>monere</span> <span class='ocrx_word' id='word_1_168' title='bbox 865 1128 944 1161; x_wconf 89' lang='lat' dir='ltr'>volo,</span> <span class='ocrx_word' id='word_1_169' title='bbox 957 1127 1047 1162; x_wconf 85' lang='lat' dir='ltr'>hujus</span> 
     </span>
    </p>
   </div>
   <div class='ocr_carea' id='block_1_27' title="bbox 217 1171 1045 1210">
    <p class='ocr_par' dir='ltr' id='par_1_27' title="bbox 217 1171 1045 1210">
     <span class='ocr_line' id='line_1_27' title="bbox 217 1171 1045 1210; baseline -0.007 -5"><span class='ocrx_word' id='word_1_170' title='bbox 217 1176 359 1205; x_wconf 61' lang='lat' dir='ltr'>secundm</span> <span class='ocrx_word' id='word_1_171' title='bbox 371 1175 474 1204; x_wconf 87' lang='lat' dir='ltr'>classis</span> <span class='ocrx_word' id='word_1_172' title='bbox 487 1174 657 1210; x_wconf 89' lang='lat' dir='ltr'>epitimium</span> <span class='ocrx_word' id='word_1_173' title='bbox 669 1174 800 1210; x_wconf 87' lang='lat' dir='ltr'>primum</span> <span class='ocrx_word' id='word_1_174' title='bbox 816 1173 847 1200; x_wconf 91' lang='lat' dir='ltr'>in</span> <span class='ocrx_word' id='word_1_175' title='bbox 862 1175 964 1200; x_wconf 89' lang='lat' dir='ltr'>nostra</span> <span class='ocrx_word' id='word_1_176' title='bbox 983 1171 1045 1199; x_wconf 89' lang='lat' dir='ltr'>edi-</span> 
     </span>
    </p>
   </div>
   <div class='ocr_carea' id='block_1_28' title="bbox 217 1216 1045 1251">
    <p class='ocr_par' dir='ltr' id='par_1_28' title="bbox 217 1216 1045 1251">
     <span class='ocr_line' id='line_1_28' title="bbox 217 1216 1045 1251; baseline -0.008 -1"><span class='ocrx_word' id='word_1_177' title='bbox 217 1222 298 1250; x_wconf 88' lang='lat' dir='ltr'>tione</span> <span class='ocrx_word' id='word_1_178' title='bbox 311 1220 527 1248; x_wconf 89' lang='lat' dir='ltr'>duodecimum</span> <span class='ocrx_word' id='word_1_179' title='bbox 551 1226 626 1246; x_wconf 89' lang='lat' dir='ltr'>esse.</span> <span class='ocrx_word' id='word_1_180' title='bbox 647 1220 677 1245; x_wconf 93' lang='lat' dir='ltr'>In</span> <span class='ocrx_word' id='word_1_181' title='bbox 699 1226 735 1245; x_wconf 94' lang='lat' dir='ltr'>eo</span> <span class='ocrx_word' id='word_1_182' title='bbox 757 1220 859 1245; x_wconf 87' lang='lat' dir='ltr'>autem</span> <span class='ocrx_word' id='word_1_183' title='bbox 878 1217 920 1244; x_wconf 87' lang='lat' dir='ltr'>ita</span> <span class='ocrx_word' id='word_1_184' title='bbox 938 1216 1045 1251; x_wconf 83' lang='lat' dir='ltr'>legitur</span> 
     </span>
    </p>
   </div>
   <div class='ocr_carea' id='block_1_29' title="bbox 216 1260 1044 1303">
    <p class='ocr_par' dir='ltr' id='par_1_29' title="bbox 216 1260 1044 1303">
     <span class='ocr_line' id='line_1_29' title="bbox 216 1260 1044 1303; baseline -0.01 -9"><span class='ocrx_word' id='word_1_185' title='bbox 216 1267 299 1303; x_wconf 85' lang='lat' dir='ltr'>(pag.</span> <span class='ocrx_word' id='word_1_186' title='bbox 321 1268 380 1295; x_wconf 78' lang='lat'>527)</span> <span class='ocrx_word' id='word_1_187' title='bbox 396 1274 402 1292; x_wconf 87' lang='lat'>:</span> <span class='ocrx_word' id='word_1_188' title='bbox 424 1266 454 1291; x_wconf 85' lang='grc' dir='ltr'>Εἰ</span> <span class='ocrx_word' id='word_1_189' title='bbox 471 1274 512 1294; x_wconf 84' lang='grc' dir='ltr'>τις</span> <span class='ocrx_word' id='word_1_190' title='bbox 532 1263 627 1294; x_wconf 73' lang='grc' dir='ltr'>ἐξέλθοι</span> <span class='ocrx_word' id='word_1_191' title='bbox 642 1266 687 1288; x_wconf 76' lang='grc' dir='ltr'>τοῦ</span> <span class='ocrx_word' id='word_1_192' title='bbox 703 1264 892 1299; x_wconf 72' lang='grc' dir='ltr'>μοναστηρὶου,</span> <span class='ocrx_word' id='word_1_193' title='bbox 909 1264 943 1297; x_wconf 76' lang='grc' dir='ltr'><em>μὴ</em></span> <span class='ocrx_word' id='word_1_194' title='bbox 960 1260 1044 1286; x_wconf 73' lang='grc' dir='ltr'>λαϐὼν</span> 
     </span>
    </p>
   </div>
   <div class='ocr_carea' id='block_1_30' title="bbox 217 1305 1042 1346">
    <p class='ocr_par' dir='ltr' id='par_1_30' title="bbox 217 1305 1042 1346">
     <span class='ocr_line' id='line_1_30' title="bbox 217 1305 1042 1346; baseline -0.006 -10"><span class='ocrx_word' id='word_1_195' title='bbox 217 1311 334 1346; x_wconf 68' lang='grc' dir='ltr'>εὐλογίαν</span> <span class='ocrx_word' id='word_1_196' title='bbox 351 1310 365 1338; x_wconf 83' lang='grc' dir='ltr'>ἢ</span> <span class='ocrx_word' id='word_1_197' title='bbox 382 1309 518 1338; x_wconf 79' lang='grc' dir='ltr'>ἀπολυθεὶς</span> <span class='ocrx_word' id='word_1_198' title='bbox 529 1309 578 1334; x_wconf 73' lang='grc' dir='ltr'>ὑπὸ</span> <span class='ocrx_word' id='word_1_199' title='bbox 590 1311 634 1333; x_wconf 80' lang='grc' dir='ltr'>τοῦ</span> <span class='ocrx_word' id='word_1_200' title='bbox 647 1305 858 1343; x_wconf 71' lang='grc' dir='ltr'>ἀρχιμανὸρίτου</span> <span class='ocrx_word' id='word_1_201' title='bbox 874 1308 939 1342; x_wconf 71' lang='grc' dir='ltr'>μετὰ</span> <span class='ocrx_word' id='word_1_202' title='bbox 950 1306 1015 1342; x_wconf 70' lang='grc' dir='ltr'>εὐχὴ</span> <span class='ocrx_word' id='word_1_203' title='bbox 1023 1317 1042 1340; x_wconf 73' lang='grc' dir='ltr'>ς,</span> 
     </span>
    </p>
   </div>
   <div class='ocr_carea' id='block_1_31' title="bbox 217 1352 1044 1388">
    <p class='ocr_par' dir='ltr' id='par_1_31' title="bbox 217 1352 1044 1388">
     <span class='ocr_line' id='line_1_31' title="bbox 217 1352 1044 1388; baseline -0.004 -6"><span class='ocrx_word' id='word_1_204' title='bbox 217 1357 284 1382; x_wconf 79' lang='grc' dir='ltr'>ἔστω</span> <span class='ocrx_word' id='word_1_205' title='bbox 300 1355 481 1384; x_wconf 73' lang='grc' dir='ltr'>ἀκοινώνητος.</span> <span class='ocrx_word' id='word_1_206' title='bbox 498 1354 531 1381; x_wconf 91' lang='lat' dir='ltr'>Si</span> <span class='ocrx_word' id='word_1_207' title='bbox 555 1354 620 1388; x_wconf 85' lang='lat' dir='ltr'>quis</span> <span class='ocrx_word' id='word_1_208' title='bbox 639 1352 815 1387; x_wconf 80' lang='lat' dir='ltr'>egrediatur</span> <span class='ocrx_word' id='word_1_209' title='bbox 833 1359 848 1379; x_wconf 89' lang='lat' dir='ltr'>e</span> <span class='ocrx_word' id='word_1_210' title='bbox 863 1352 1044 1380; x_wconf 83' lang='lat' dir='ltr'>monasterio</span> 
     </span>
    </p>
   </div>
   <div class='ocr_carea' id='block_1_32' title="bbox 216 1397 1043 1434">
    <p class='ocr_par' dir='ltr' id='par_1_32' title="bbox 216 1397 1043 1434">
     <span class='ocr_line' id='line_1_32' title="bbox 216 1397 1043 1434; baseline -0.007 -5"><span class='ocrx_word' id='word_1_211' title='bbox 216 1409 278 1429; x_wconf 83' lang='lat' dir='ltr'>non</span> <span class='ocrx_word' id='word_1_212' title='bbox 287 1403 410 1434; x_wconf 87' lang='lat' dir='ltr'>accepta</span> <span class='ocrx_word' id='word_1_213' title='bbox 423 1398 638 1431; x_wconf 78' lang='lat' dir='ltr'>benedictione,</span> <span class='ocrx_word' id='word_1_214' title='bbox 651 1400 704 1425; x_wconf 86' lang='lat' dir='ltr'>aut</span> <span class='ocrx_word' id='word_1_215' title='bbox 716 1404 777 1424; x_wconf 85' lang='lat' dir='ltr'>non</span> <span class='ocrx_word' id='word_1_216' title='bbox 788 1397 928 1424; x_wconf 82' lang='lat' dir='ltr'>dimissus</span> <span class='ocrx_word' id='word_1_217' title='bbox 944 1397 982 1424; x_wconf 89' lang='lat' dir='ltr'>ab</span> <span class='ocrx_word' id='word_1_218' title='bbox 994 1404 1043 1424; x_wconf 88' lang='lat' dir='ltr'>ar-</span> 
     </span>
    </p>
   </div>
   <div class='ocr_carea' id='block_1_33' title="bbox 216 1442 1042 1477">
    <p class='ocr_par' dir='ltr' id='par_1_33' title="bbox 216 1442 1042 1477">
     <span class='ocr_line' id='line_1_33' title="bbox 216 1442 1042 1477; baseline -0.006 -4"><span class='ocrx_word' id='word_1_219' title='bbox 216 1444 423 1474; x_wconf 78' lang='lat' dir='ltr'>chimandrita</span> <span class='ocrx_word' id='word_1_220' title='bbox 433 1451 500 1471; x_wconf 82' lang='lat' dir='ltr'>cum</span> <span class='ocrx_word' id='word_1_221' title='bbox 510 1442 692 1477; x_wconf 85' lang='lat' dir='ltr'>precatione,</span> <span class='ocrx_word' id='word_1_222' title='bbox 701 1449 719 1469; x_wconf 89' lang='lat' dir='ltr'>a</span> <span class='ocrx_word' id='word_1_223' title='bbox 729 1442 843 1469; x_wconf 50' lang='lat' dir='ltr'>ceteris</span> <span class='ocrx_word' id='word_1_224' title='bbox 853 1442 1042 1477; x_wconf 81' lang='lat' dir='ltr'>sejungatur.</span> 
     </span>
    </p>
   </div>
   <div class='ocr_carea' id='block_1_34' title="bbox 217 1486 1043 1525">
    <p class='ocr_par' dir='ltr' id='par_1_34' title="bbox 217 1486 1043 1525">
     <span class='ocr_line' id='line_1_34' title="bbox 217 1486 1043 1525; baseline -0.008 -7"><span class='ocrx_word' id='word_1_225' title='bbox 217 1491 301 1518; x_wconf 85' lang='lat' dir='ltr'>Certe</span> <span class='ocrx_word' id='word_1_226' title='bbox 317 1491 461 1525; x_wconf 79' lang='lat' dir='ltr'>praestare</span> <span class='ocrx_word' id='word_1_227' title='bbox 477 1487 585 1519; x_wconf 87' lang='lat' dir='ltr'>ausim,</span> <span class='ocrx_word' id='word_1_228' title='bbox 598 1486 675 1514; x_wconf 90' lang='lat' dir='ltr'>duas</span> <span class='ocrx_word' id='word_1_229' title='bbox 689 1487 746 1514; x_wconf 85' lang='lat' dir='ltr'>has</span> <span class='ocrx_word' id='word_1_230' title='bbox 758 1494 857 1519; x_wconf 85' lang='lat' dir='ltr'>voces,</span> <span class='ocrx_word' id='word_1_231' title='bbox 869 1488 1043 1522; x_wconf 80' lang='grc' dir='ltr'>μοναστήριον</span> 
     </span>
    </p>
   </div>
   <div class='ocr_carea' id='block_1_35' title="bbox 216 1530 1043 1571">
    <p class='ocr_par' dir='ltr' id='par_1_35' title="bbox 216 1530 1043 1571">
     <span class='ocr_line' id='line_1_35' title="bbox 216 1530 1043 1571; baseline -0.001 -12"><span class='ocrx_word' id='word_1_232' title='bbox 216 1537 246 1562; x_wconf 85' lang='lat' dir='ltr'>et</span> <span class='ocrx_word' id='word_1_233' title='bbox 265 1531 489 1571; x_wconf 71' lang='grc' dir='ltr'>ἀρχιμανδρίτης,</span> <span class='ocrx_word' id='word_1_234' title='bbox 510 1540 578 1567; x_wconf 62' lang='lat' dir='ltr'>qua:</span> <span class='ocrx_word' id='word_1_235' title='bbox 593 1539 652 1558; x_wconf 89' lang='lat' dir='ltr'>non</span> <span class='ocrx_word' id='word_1_236' title='bbox 672 1530 720 1558; x_wconf 92' lang='lat' dir='ltr'>hic</span> <span class='ocrx_word' id='word_1_237' title='bbox 737 1530 846 1564; x_wconf 88' lang='lat' dir='ltr'>solum,</span> <span class='ocrx_word' id='word_1_238' title='bbox 862 1530 916 1558; x_wconf 87' lang='lat' dir='ltr'>sed</span> <span class='ocrx_word' id='word_1_239' title='bbox 931 1530 961 1558; x_wconf 91' lang='lat' dir='ltr'>in</span> <span class='ocrx_word' id='word_1_240' title='bbox 977 1530 1043 1558; x_wconf 87' lang='lat' dir='ltr'>aliis</span> 
     </span>
    </p>
   </div>
   <div class='ocr_carea' id='block_1_36' title="bbox 216 1575 1043 1614">
    <p class='ocr_par' dir='ltr' id='par_1_36' title="bbox 216 1575 1043 1614">
     <span class='ocr_line' id='line_1_36' title="bbox 216 1575 1043 1614; baseline -0.006 -7"><span class='ocrx_word' id='word_1_241' title='bbox 216 1579 307 1608; x_wconf 87' lang='lat' dir='ltr'>etiam</span> <span class='ocrx_word' id='word_1_242' title='bbox 319 1577 460 1614; x_wconf 87' lang='lat' dir='ltr'>epitimiis</span> <span class='ocrx_word' id='word_1_243' title='bbox 470 1584 550 1612; x_wconf 58' lang='lat' dir='ltr'>sape</span> <span class='ocrx_word' id='word_1_244' title='bbox 559 1575 711 1610; x_wconf 83' lang='lat' dir='ltr'>leguntur,</span> <span class='ocrx_word' id='word_1_245' title='bbox 726 1583 879 1611; x_wconf 87' lang='lat' dir='ltr'>nusquam</span> <span class='ocrx_word' id='word_1_246' title='bbox 890 1575 974 1610; x_wconf 86' lang='lat' dir='ltr'>apud</span> <span class='ocrx_word' id='word_1_247' title='bbox 989 1576 1043 1603; x_wconf 85' lang='lat' dir='ltr'>Ba-</span> 
     </span>
    </p>
   </div>
   <div class='ocr_carea' id='block_1_37' title="bbox 215 1619 1044 1658">
    <p class='ocr_par' dir='ltr' id='par_1_37' title="bbox 215 1619 1044 1658">
     <span class='ocr_line' id='line_1_37' title="bbox 215 1619 1044 1658; baseline -0.005 -7"><span class='ocrx_word' id='word_1_248' title='bbox 215 1623 315 1651; x_wconf 91' lang='lat' dir='ltr'>silium</span> <span class='ocrx_word' id='word_1_249' title='bbox 322 1620 455 1658; x_wconf 86' lang='lat' dir='ltr'>reperiri.</span> <span class='ocrx_word' id='word_1_250' title='bbox 463 1620 580 1648; x_wconf 84' lang='lat' dir='ltr'>Addere</span> <span class='ocrx_word' id='word_1_251' title='bbox 591 1619 705 1656; x_wconf 90' lang='lat' dir='ltr'>possim</span> <span class='ocrx_word' id='word_1_252' title='bbox 716 1621 745 1647; x_wconf 87' lang='lat' dir='ltr'>et</span> <span class='ocrx_word' id='word_1_253' title='bbox 756 1619 814 1647; x_wconf 87' lang='lat' dir='ltr'>alia.</span> <span class='ocrx_word' id='word_1_254' title='bbox 821 1619 972 1647; x_wconf 85' lang='lat' dir='ltr'>vocabula</span> <span class='ocrx_word' id='word_1_255' title='bbox 982 1627 1044 1647; x_wconf 91' lang='lat' dir='ltr'>non</span> 
     </span>
    </p>
   </div>
   <div class='ocr_carea' id='block_1_38' title="bbox 215 1664 1042 1705">
    <p class='ocr_par' dir='ltr' id='par_1_38' title="bbox 215 1664 1042 1705">
     <span class='ocr_line' id='line_1_38' title="bbox 215 1664 1042 1705; baseline -0.006 -9"><span class='ocrx_word' id='word_1_256' title='bbox 215 1675 315 1705; x_wconf 88' lang='lat' dir='ltr'>pauca</span> <span class='ocrx_word' id='word_1_257' title='bbox 332 1667 363 1694; x_wconf 92' lang='lat' dir='ltr'>in</span> <span class='ocrx_word' id='word_1_258' title='bbox 382 1666 490 1694; x_wconf 89' lang='lat' dir='ltr'>iisdem</span> <span class='ocrx_word' id='word_1_259' title='bbox 504 1665 562 1693; x_wconf 85' lang='lat' dir='ltr'>illis</span> <span class='ocrx_word' id='word_1_260' title='bbox 582 1664 726 1701; x_wconf 87' lang='lat' dir='ltr'>Epitimiis</span> <span class='ocrx_word' id='word_1_261' title='bbox 748 1664 862 1700; x_wconf 88' lang='lat' dir='ltr'>passim</span> <span class='ocrx_word' id='word_1_262' title='bbox 875 1672 1042 1696; x_wconf 87' lang='lat' dir='ltr'>occurrere,</span> 
     </span>
    </p>
   </div>
   <div class='ocr_carea' id='block_1_39' title="bbox 215 1709 1043 1748">
    <p class='ocr_par' dir='ltr' id='par_1_39' title="bbox 215 1709 1043 1748">
     <span class='ocr_line' id='line_1_39' title="bbox 215 1709 1043 1748; baseline -0.004 -9"><span class='ocrx_word' id='word_1_263' title='bbox 215 1720 284 1748; x_wconf 72' lang='lat' dir='ltr'>qua:</span> <span class='ocrx_word' id='word_1_264' title='bbox 299 1711 324 1739; x_wconf 87' lang='lat' dir='ltr'>si</span> <span class='ocrx_word' id='word_1_265' title='bbox 335 1718 397 1738; x_wconf 91' lang='lat' dir='ltr'>non</span> <span class='ocrx_word' id='word_1_266' title='bbox 405 1710 518 1743; x_wconf 85' lang='lat' dir='ltr'>omnia,</span> <span class='ocrx_word' id='word_1_267' title='bbox 526 1712 556 1737; x_wconf 91' lang='lat' dir='ltr'>at</span> <span class='ocrx_word' id='word_1_268' title='bbox 562 1709 706 1745; x_wconf 80' lang='lat' dir='ltr'>pleraque</span> <span class='ocrx_word' id='word_1_269' title='bbox 717 1711 818 1737; x_wconf 91' lang='lat' dir='ltr'>tamen</span> <span class='ocrx_word' id='word_1_270' title='bbox 829 1709 930 1736; x_wconf 85' lang='lat' dir='ltr'>minus</span> <span class='ocrx_word' id='word_1_271' title='bbox 942 1709 1043 1737; x_wconf 87' lang='lat' dir='ltr'>adhuc</span> 
     </span>
    </p>
   </div>
   <div class='ocr_carea' id='block_1_40' title="bbox 217 1753 1042 1791">
    <p class='ocr_par' dir='ltr' id='par_1_40' title="bbox 217 1753 1042 1791">
     <span class='ocr_line' id='line_1_40' title="bbox 217 1753 1042 1791; baseline -0.005 -7"><span class='ocrx_word' id='word_1_272' title='bbox 217 1756 366 1784; x_wconf 82' lang='lat' dir='ltr'>Basiliana</span> <span class='ocrx_word' id='word_1_273' title='bbox 378 1763 445 1784; x_wconf 88' lang='lat' dir='ltr'>esse</span> <span class='ocrx_word' id='word_1_274' title='bbox 458 1754 650 1782; x_wconf 83' lang='lat' dir='ltr'>videbuntur.</span> <span class='ocrx_word' id='word_1_275' title='bbox 665 1753 771 1786; x_wconf 85' lang='lat' dir='ltr'>Qualia</span> <span class='ocrx_word' id='word_1_276' title='bbox 784 1755 854 1781; x_wconf 88' lang='lat' dir='ltr'>sunt</span> <span class='ocrx_word' id='word_1_277' title='bbox 872 1753 946 1787; x_wconf 69' lang='lat' dir='ltr'>hmo,</span> <span class='ocrx_word' id='word_1_278' title='bbox 964 1753 1042 1791; x_wconf 80' lang='grc' dir='ltr'>ἁρχι-</span> 
     </span>
    </p>
   </div>
   <div class='ocr_carea' id='block_1_41' title="bbox 214 1797 1042 1836">
    <p class='ocr_par' dir='ltr' id='par_1_41' title="bbox 214 1797 1042 1836">
     <span class='ocr_line' id='line_1_41' title="bbox 214 1797 1042 1836; baseline -0.006 -8"><span class='ocrx_word' id='word_1_279' title='bbox 214 1804 339 1834; x_wconf 74' lang='grc' dir='ltr'>κουνὶτις,</span> <span class='ocrx_word' id='word_1_280' title='bbox 354 1802 465 1833; x_wconf 79' lang='grc' dir='ltr'>χούνιον,</span> <span class='ocrx_word' id='word_1_281' title='bbox 478 1798 643 1834; x_wconf 74' lang='grc' dir='ltr'>ἀπευλογίας,</span> <span class='ocrx_word' id='word_1_282' title='bbox 655 1801 790 1836; x_wconf 79' lang='grc' dir='ltr'>μαφόριον,</span> <span class='ocrx_word' id='word_1_283' title='bbox 803 1797 906 1834; x_wconf 65' lang='grc' dir='ltr'>ᾧδινος</span> <span class='ocrx_word' id='word_1_284' title='bbox 917 1799 1042 1834; x_wconf 81' lang='grc' dir='ltr'>ἠσυχασ-</span> 
     </span>
    </p>
   </div>
   <div class='ocr_carea' id='block_1_42' title="bbox 214 1841 1041 1882">
    <p class='ocr_par' dir='ltr' id='par_1_42' title="bbox 214 1841 1041 1882">
     <span class='ocr_line' id='line_1_42' title="bbox 214 1841 1041 1882; baseline -0.002 -10"><span class='ocrx_word' id='word_1_285' title='bbox 214 1849 272 1880; x_wconf 81' lang='grc' dir='ltr'>τὴς,</span> <span class='ocrx_word' id='word_1_286' title='bbox 299 1845 442 1882; x_wconf 77' lang='grc' dir='ltr'>ὀστιάριον,</span> <span class='ocrx_word' id='word_1_287' title='bbox 459 1841 730 1880; x_wconf 71' lang='grc' dir='ltr'>ἀρχιεϐδομαὸάριος,</span> <span class='ocrx_word' id='word_1_288' title='bbox 754 1851 821 1878; x_wconf 66' lang='lat' dir='ltr'>qum</span> <span class='ocrx_word' id='word_1_289' title='bbox 846 1851 946 1876; x_wconf 86' lang='lat' dir='ltr'>voces,</span> <span class='ocrx_word' id='word_1_290' title='bbox 970 1851 1041 1870; x_wconf 87' lang='lat' dir='ltr'>cum</span> 
     </span>
    </p>
   </div>
   <div class='ocr_carea' id='block_1_43' title="bbox 216 1887 1041 1922">
    <p class='ocr_par' dir='ltr' id='par_1_43' title="bbox 216 1887 1041 1922">
     <span class='ocr_line' id='line_1_43' title="bbox 216 1887 1041 1922; baseline -0.006 -3"><span class='ocrx_word' id='word_1_291' title='bbox 216 1893 269 1919; x_wconf 90' lang='lat' dir='ltr'>aut</span> <span class='ocrx_word' id='word_1_292' title='bbox 298 1890 407 1918; x_wconf 69' lang='lat' dir='ltr'>Latinae</span> <span class='ocrx_word' id='word_1_293' title='bbox 435 1889 504 1922; x_wconf 86' lang='lat' dir='ltr'>sint,</span> <span class='ocrx_word' id='word_1_294' title='bbox 535 1890 588 1916; x_wconf 86' lang='lat' dir='ltr'>aut</span> <span class='ocrx_word' id='word_1_295' title='bbox 613 1887 702 1915; x_wconf 87' lang='lat' dir='ltr'>valde</span> <span class='ocrx_word' id='word_1_296' title='bbox 727 1887 866 1921; x_wconf 74' lang='lat' dir='ltr'>insolitae,</span> <span class='ocrx_word' id='word_1_297' title='bbox 894 1887 966 1915; x_wconf 86' lang='lat' dir='ltr'>novi</span> <span class='ocrx_word' id='word_1_298' title='bbox 989 1887 1041 1915; x_wconf 92' lang='lat' dir='ltr'>ali-</span> 
     </span>
    </p>
   </div>
   <div class='ocr_carea' id='block_1_44' title="bbox 214 1932 1039 1972">
    <p class='ocr_par' dir='ltr' id='par_1_44' title="bbox 214 1932 1039 1972">
     <span class='ocr_line' id='line_1_44' title="bbox 214 1932 1039 1972; baseline -0.005 -9"><span class='ocrx_word' id='word_1_299' title='bbox 214 1935 288 1972; x_wconf 86' lang='lat' dir='ltr'>quid</span> <span class='ocrx_word' id='word_1_300' title='bbox 298 1934 426 1962; x_wconf 84' lang='lat' dir='ltr'>simulet</span> <span class='ocrx_word' id='word_1_301' title='bbox 438 1932 586 1969; x_wconf 84' lang='lat' dir='ltr'>peregrini</span> <span class='ocrx_word' id='word_1_302' title='bbox 599 1932 754 1960; x_wconf 85' lang='lat' dir='ltr'>manifeste</span> <span class='ocrx_word' id='word_1_303' title='bbox 766 1932 909 1960; x_wconf 90' lang='lat' dir='ltr'>indicant.</span> <span class='ocrx_word' id='word_1_304' title='bbox 925 1933 958 1959; x_wconf 84' lang='lat' dir='ltr'>Et</span> <span class='ocrx_word' id='word_1_305' title='bbox 967 1939 1039 1959; x_wconf 86' lang='lat' dir='ltr'>vero</span> 
     </span>
    </p>
   </div>
   <div class='ocr_carea' id='block_1_45' title="bbox 215 1976 1037 2013">
    <p class='ocr_par' dir='ltr' id='par_1_45' title="bbox 215 1976 1037 2013">
     <span class='ocr_line' id='line_1_45' title="bbox 215 1976 1037 2013; baseline -0.005 -6"><span class='ocrx_word' id='word_1_306' title='bbox 215 1980 241 2007; x_wconf 87' lang='lat' dir='ltr'>si</span> <span class='ocrx_word' id='word_1_307' title='bbox 268 1979 364 2008; x_wconf 87' lang='lat' dir='ltr'>Caroli</span> <span class='ocrx_word' id='word_1_308' title='bbox 398 1978 500 2013; x_wconf 85' lang='lat' dir='ltr'>Cangii</span> <span class='ocrx_word' id='word_1_309' title='bbox 534 1977 722 2005; x_wconf 80' lang='lat' dir='ltr'>Glossarium</span> <span class='ocrx_word' id='word_1_310' title='bbox 747 1977 883 2004; x_wconf 65' lang='lat' dir='ltr'>Graecum</span> <span class='ocrx_word' id='word_1_311' title='bbox 910 1976 1037 2011; x_wconf 78' lang='lat' dir='ltr'>legatur,</span> 
     </span>
    </p>
   </div>
   <div class='ocr_carea' id='block_1_46' title="bbox 213 2020 1038 2058">
    <p class='ocr_par' dir='ltr' id='par_1_46' title="bbox 213 2020 1038 2058">
     <span class='ocr_line' id='line_1_46' title="bbox 213 2020 1038 2058; baseline -0.004 -7"><span class='ocrx_word' id='word_1_312' title='bbox 213 2023 256 2051; x_wconf 82' lang='lat' dir='ltr'>ibi</span> <span class='ocrx_word' id='word_1_313' title='bbox 276 2023 387 2050; x_wconf 87' lang='lat' dir='ltr'>horum</span> <span class='ocrx_word' id='word_1_314' title='bbox 411 2021 618 2058; x_wconf 87' lang='lat' dir='ltr'>Epitimiorum</span> <span class='ocrx_word' id='word_1_315' title='bbox 638 2029 699 2049; x_wconf 88' lang='lat' dir='ltr'>non</span> <span class='ocrx_word' id='word_1_316' title='bbox 714 2020 872 2048; x_wconf 87' lang='lat' dir='ltr'>minimam</span> <span class='ocrx_word' id='word_1_317' title='bbox 891 2023 1007 2056; x_wconf 85' lang='lat' dir='ltr'>partem</span> <span class='ocrx_word' id='word_1_318' title='bbox 1022 2029 1038 2048; x_wconf 89' lang='lat' dir='ltr'>e</span> 
     </span>
    </p>
   </div>
   <div class='ocr_carea' id='block_1_47' title="bbox 213 2064 1039 2103">
    <p class='ocr_par' dir='ltr' id='par_1_47' title="bbox 213 2064 1039 2103">
     <span class='ocr_line' id='line_1_47' title="bbox 213 2064 1039 2103; baseline -0.004 -8"><span class='ocrx_word' id='word_1_319' title='bbox 213 2067 306 2096; x_wconf 88' lang='lat' dir='ltr'>veteri</span> <span class='ocrx_word' id='word_1_320' title='bbox 320 2066 454 2103; x_wconf 84' lang='lat' dir='ltr'>quodam</span> <span class='ocrx_word' id='word_1_321' title='bbox 468 2065 665 2094; x_wconf 73' lang='lat' dir='ltr'>Pmnitentiali</span> <span class='ocrx_word' id='word_1_322' title='bbox 679 2066 779 2094; x_wconf 67' lang='lat' dir='ltr'>Graeco</span> <span class='ocrx_word' id='word_1_323' title='bbox 794 2064 915 2092; x_wconf 83' lang='lat' dir='ltr'>citatam</span> <span class='ocrx_word' id='word_1_324' title='bbox 930 2064 1039 2093; x_wconf 87' lang='lat' dir='ltr'>intueri</span> 
     </span>
    </p>
   </div>
   <div class='ocr_carea' id='block_1_48' title="bbox 211 2109 1038 2147">
    <p class='ocr_par' dir='ltr' id='par_1_48' title="bbox 211 2109 1038 2147">
     <span class='ocr_line' id='line_1_48' title="bbox 211 2109 1038 2147; baseline -0.002 -7"><span class='ocrx_word' id='word_1_325' title='bbox 211 2112 322 2140; x_wconf 88' lang='lat' dir='ltr'>licebit.</span> <span class='ocrx_word' id='word_1_326' title='bbox 347 2111 416 2147; x_wconf 87' lang='lat' dir='ltr'>Ejus</span> <span class='ocrx_word' id='word_1_327' title='bbox 435 2119 529 2147; x_wconf 87' lang='lat' dir='ltr'>quam</span> <span class='ocrx_word' id='word_1_328' title='bbox 549 2110 611 2138; x_wconf 82' lang='lat' dir='ltr'>dixi</span> <span class='ocrx_word' id='word_1_329' title='bbox 630 2110 672 2138; x_wconf 90' lang='lat' dir='ltr'>rei</span> <span class='ocrx_word' id='word_1_330' title='bbox 692 2109 831 2145; x_wconf 85' lang='lat' dir='ltr'>exempla</span> <span class='ocrx_word' id='word_1_331' title='bbox 852 2110 913 2137; x_wconf 92' lang='lat' dir='ltr'>duo</span> <span class='ocrx_word' id='word_1_332' title='bbox 933 2118 948 2138; x_wconf 92' lang='lat' dir='ltr'>e</span> <span class='ocrx_word' id='word_1_333' title='bbox 963 2118 1038 2138; x_wconf 85' lang='lat' dir='ltr'>voce</span> 
     </span>
    </p>
   </div>
   <div class='ocr_carea' id='block_1_49' title="bbox 213 2154 1035 2193">
    <p class='ocr_par' dir='ltr' id='par_1_49' title="bbox 213 2154 1035 2193">
     <span class='ocr_line' id='line_1_49' title="bbox 213 2154 1035 2193; baseline 0.001 -11"><span class='ocrx_word' id='word_1_334' title='bbox 213 2157 374 2193; x_wconf 72' lang='grc' dir='ltr'>ἡσυχαστὴς</span> <span class='ocrx_word' id='word_1_335' title='bbox 389 2156 542 2192; x_wconf 87' lang='lat' dir='ltr'>proteram</span> <span class='ocrx_word' id='word_1_336' title='bbox 558 2163 565 2182; x_wconf 87' lang='lat'><strong>:</strong></span> <span class='ocrx_word' id='word_1_337' title='bbox 582 2163 604 2182; x_wconf 75' lang='lat' dir='ltr'>st</span> <span class='ocrx_word' id='word_1_338' title='bbox 619 2154 665 2182; x_wconf 91' lang='lat' dir='ltr'>cui</span> <span class='ocrx_word' id='word_1_339' title='bbox 684 2154 805 2182; x_wconf 68' lang='lat' dir='ltr'>libuerit</span> <span class='ocrx_word' id='word_1_340' title='bbox 819 2154 919 2183; x_wconf 87' lang='lat' dir='ltr'>videre</span> <span class='ocrx_word' id='word_1_341' title='bbox 939 2155 1035 2191; x_wconf 88' lang='lat' dir='ltr'>plura,</span> 
     </span>
    </p>
   </div>
   <div class='ocr_carea' id='block_1_50' title="bbox 213 2198 1036 2237">
    <p class='ocr_par' dir='ltr' id='par_1_50' title="bbox 213 2198 1036 2237">
     <span class='ocr_line' id='line_1_50' title="bbox 213 2198 1036 2237; baseline -0.002 -8"><span class='ocrx_word' id='word_1_342' title='bbox 213 2201 290 2230; x_wconf 88' lang='lat' dir='ltr'>alias</span> <span class='ocrx_word' id='word_1_343' title='bbox 304 2209 381 2237; x_wconf 88' lang='lat' dir='ltr'>quas</span> <span class='ocrx_word' id='word_1_344' title='bbox 406 2200 498 2228; x_wconf 92' lang='lat' dir='ltr'>modo</span> <span class='ocrx_word' id='word_1_345' title='bbox 518 2199 621 2228; x_wconf 84' lang='lat' dir='ltr'>notavi</span> <span class='ocrx_word' id='word_1_346' title='bbox 637 2206 725 2226; x_wconf 88' lang='lat' dir='ltr'>voces</span> <span class='ocrx_word' id='word_1_347' title='bbox 748 2199 779 2226; x_wconf 92' lang='lat' dir='ltr'>in</span> <span class='ocrx_word' id='word_1_348' title='bbox 798 2198 864 2235; x_wconf 89' lang='lat' dir='ltr'>ipso</span> <span class='ocrx_word' id='word_1_349' title='bbox 885 2200 1036 2228; x_wconf 84' lang='lat' dir='ltr'>Glossario</span> 
     </span>
    </p>
   </div>
   <div class='ocr_carea' id='block_1_51' title="bbox 212 2243 1037 2282">
    <p class='ocr_par' dir='ltr' id='par_1_51' title="bbox 212 2243 1037 2282">
     <span class='ocr_line' id='line_1_51' title="bbox 212 2243 1037 2282; baseline -0.001 -9"><span class='ocrx_word' id='word_1_350' title='bbox 212 2254 348 2282; x_wconf 70' lang='lat' dir='ltr'>qumrere</span> <span class='ocrx_word' id='word_1_351' title='bbox 362 2245 487 2281; x_wconf 87' lang='lat' dir='ltr'>poterit;</span> <span class='ocrx_word' id='word_1_352' title='bbox 503 2244 620 2280; x_wconf 88' lang='lat' dir='ltr'>hacque</span> <span class='ocrx_word' id='word_1_353' title='bbox 635 2243 717 2271; x_wconf 82' lang='lat' dir='ltr'>brevi</span> <span class='ocrx_word' id='word_1_354' title='bbox 738 2251 773 2270; x_wconf 88' lang='lat' dir='ltr'>ac</span> <span class='ocrx_word' id='word_1_355' title='bbox 794 2243 873 2271; x_wconf 85' lang='lat' dir='ltr'>facili</span> <span class='ocrx_word' id='word_1_356' title='bbox 889 2243 937 2271; x_wconf 88' lang='lat' dir='ltr'>via</span> <span class='ocrx_word' id='word_1_357' title='bbox 955 2244 1037 2272; x_wconf 91' lang='lat' dir='ltr'>inve-</span> 
     </span>
    </p>
   </div>
   <div class='ocr_carea' id='block_1_52' title="bbox 212 2287 1037 2326">
    <p class='ocr_par' dir='ltr' id='par_1_52' title="bbox 212 2287 1037 2326">
     <span class='ocr_line' id='line_1_52' title="bbox 212 2287 1037 2326; baseline -0.001 -8"><span class='ocrx_word' id='word_1_358' title='bbox 212 2290 273 2318; x_wconf 88' lang='lat' dir='ltr'>niet</span> <span class='ocrx_word' id='word_1_359' title='bbox 293 2289 378 2325; x_wconf 89' lang='lat' dir='ltr'>quod</span> <span class='ocrx_word' id='word_1_360' title='bbox 408 2289 525 2326; x_wconf 75' lang='lat' dir='ltr'>quierit.</span> <span class='ocrx_word' id='word_1_361' title='bbox 556 2290 587 2315; x_wconf 87' lang='lat' dir='ltr'>lu</span> <span class='ocrx_word' id='word_1_362' title='bbox 620 2295 656 2315; x_wconf 90' lang='lat' dir='ltr'>eo</span> <span class='ocrx_word' id='word_1_363' title='bbox 688 2287 778 2322; x_wconf 83' lang='lat' dir='ltr'>igitur</span> <span class='ocrx_word' id='word_1_364' title='bbox 811 2288 964 2316; x_wconf 86' lang='lat' dir='ltr'>Glossario</span> <span class='ocrx_word' id='word_1_365' title='bbox 996 2289 1037 2317; x_wconf 84' lang='lat' dir='ltr'>ita</span> 
     </span>
    </p>
   </div>
   <div class='ocr_carea' id='block_1_53' title="bbox 213 2331 1037 2370">
    <p class='ocr_par' dir='ltr' id='par_1_53' title="bbox 213 2331 1037 2370">
     <span class='ocr_line' id='line_1_53' title="bbox 213 2331 1037 2370; baseline -0.002 -8"><span class='ocrx_word' id='word_1_366' title='bbox 213 2334 356 2370; x_wconf 87' lang='lat' dir='ltr'>scriptum</span> <span class='ocrx_word' id='word_1_367' title='bbox 368 2337 421 2365; x_wconf 83' lang='lat' dir='ltr'>est,</span> <span class='ocrx_word' id='word_1_368' title='bbox 436 2333 487 2361; x_wconf 86' lang='lat' dir='ltr'>ubi</span> <span class='ocrx_word' id='word_1_369' title='bbox 499 2332 580 2360; x_wconf 87' lang='lat' dir='ltr'>vocis</span> <span class='ocrx_word' id='word_1_370' title='bbox 595 2333 757 2367; x_wconf 71' lang='grc' dir='ltr'>ἡσυχαστής</span> <span class='ocrx_word' id='word_1_371' title='bbox 769 2331 932 2360; x_wconf 87' lang='lat' dir='ltr'>declaratio</span> <span class='ocrx_word' id='word_1_372' title='bbox 945 2332 1037 2360; x_wconf 84' lang='lat' dir='ltr'>tradi-</span> 
     </span>
    </p>
   </div>
   <div class='ocr_carea' id='block_1_54' title="bbox 211 2376 1035 2414">
    <p class='ocr_par' dir='ltr' id='par_1_54' title="bbox 211 2376 1035 2414">
     <span class='ocr_line' id='line_1_54' title="bbox 211 2376 1035 2414; baseline -0.005 -8"><span class='ocrx_word' id='word_1_373' title='bbox 211 2381 260 2406; x_wconf 91' lang='lat' dir='ltr'>tur</span> <span class='ocrx_word' id='word_1_374' title='bbox 285 2387 291 2406; x_wconf 89' lang='lat'><strong>:</strong></span> <span class='ocrx_word' id='word_1_375' title='bbox 315 2381 346 2405; x_wconf 81' lang='grc' dir='ltr'>Εἴ</span> <span class='ocrx_word' id='word_1_376' title='bbox 368 2389 408 2408; x_wconf 82' lang='grc' dir='ltr'>τις</span> <span class='ocrx_word' id='word_1_377' title='bbox 432 2379 520 2414; x_wconf 69' lang='grc' dir='ltr'>εὑρεθῇ</span> <span class='ocrx_word' id='word_1_378' title='bbox 546 2377 628 2403; x_wconf 69' lang='grc' dir='ltr'>λαλῶν</span> <span class='ocrx_word' id='word_1_379' title='bbox 653 2377 689 2408; x_wconf 86' lang='grc' dir='ltr'>εἰς</span> <span class='ocrx_word' id='word_1_380' title='bbox 709 2378 741 2402; x_wconf 78' lang='grc' dir='ltr'>τὰ</span> <span class='ocrx_word' id='word_1_381' title='bbox 764 2376 860 2410; x_wconf 77' lang='grc' dir='ltr'>κελλία,</span> <span class='ocrx_word' id='word_1_382' title='bbox 885 2376 959 2407; x_wconf 80' lang='grc' dir='ltr'>ἐκτὸς</span> <span class='ocrx_word' id='word_1_383' title='bbox 986 2382 1035 2403; x_wconf 80' lang='grc' dir='ltr'>τῶν</span> 
     </span>
    </p>
   </div>
   <div class='ocr_carea' id='block_1_55' title="bbox 212 2421 1036 2457">
    <p class='ocr_par' dir='ltr' id='par_1_55' title="bbox 212 2421 1036 2457">
     <span class='ocr_line' id='line_1_55' title="bbox 212 2421 1036 2457; baseline -0.001 -8"><span class='ocrx_word' id='word_1_384' title='bbox 212 2422 374 2449; x_wconf 68' lang='grc' dir='ltr'>ἐνοικούντων</span> <span class='ocrx_word' id='word_1_385' title='bbox 399 2423 475 2456; x_wconf 69' lang='grc' dir='ltr'>αὐτὰ,</span> <span class='ocrx_word' id='word_1_386' title='bbox 492 2423 506 2451; x_wconf 80' lang='grc' dir='ltr'>ἢ</span> <span class='ocrx_word' id='word_1_387' title='bbox 535 2422 584 2448; x_wconf 81' lang='grc' dir='ltr'>τῶν</span> <span class='ocrx_word' id='word_1_388' title='bbox 609 2423 781 2457; x_wconf 78' lang='grc' dir='ltr'>ἠσυχαστῶν,</span> <span class='ocrx_word' id='word_1_389' title='bbox 796 2423 907 2457; x_wconf 70' lang='grc' dir='ltr'>γενέσθω</span> <span class='ocrx_word' id='word_1_390' title='bbox 923 2421 1036 2448; x_wconf 79' lang='grc' dir='ltr'>ἀπευλο-</span> 
     </span>
    </p>
   </div>
   <div class='ocr_carea' id='block_1_56' title="bbox 211 2466 1035 2504">
    <p class='ocr_par' dir='ltr' id='par_1_56' title="bbox 211 2466 1035 2504">
     <span class='ocr_line' id='line_1_56' title="bbox 211 2466 1035 2504; baseline -0.001 -10"><span class='ocrx_word' id='word_1_391' title='bbox 211 2470 280 2504; x_wconf 74' lang='grc' dir='ltr'>γίας.</span> <span class='ocrx_word' id='word_1_392' title='bbox 304 2469 417 2496; x_wconf 80' lang='lat' dir='ltr'>Rursus</span> <span class='ocrx_word' id='word_1_393' title='bbox 441 2476 446 2494; x_wconf 92' lang='lat'>:</span> <span class='ocrx_word' id='word_1_394' title='bbox 471 2468 501 2493; x_wconf 81' lang='grc' dir='ltr'>Εἴ</span> <span class='ocrx_word' id='word_1_395' title='bbox 525 2476 565 2497; x_wconf 75' lang='grc' dir='ltr'>¹ιἰς</span> <span class='ocrx_word' id='word_1_396' title='bbox 584 2470 725 2503; x_wconf 76' lang='grc' dir='ltr'>περισσῶς,</span> <span class='ocrx_word' id='word_1_397' title='bbox 742 2467 807 2502; x_wconf 76' lang='grc' dir='ltr'>μετά</span> <span class='ocrx_word' id='word_1_398' title='bbox 829 2469 875 2495; x_wconf 78' lang='grc' dir='ltr'>τὴν</span> <span class='ocrx_word' id='word_1_399' title='bbox 900 2466 1035 2502; x_wconf 58' lang='grc' dir='ltr'>ἐπίσκεψιν</span> 
     </span>
    </p>
   </div>
   <div class='ocr_carea' id='block_1_57' title="bbox 211 2510 1034 2549">
    <p class='ocr_par' dir='ltr' id='par_1_57' title="bbox 211 2510 1034 2549">
     <span class='ocr_line' id='line_1_57' title="bbox 211 2510 1034 2549; baseline -0.001 -11"><span class='ocrx_word' id='word_1_400' title='bbox 211 2515 258 2541; x_wconf 64' lang='grc' dir='ltr'>τὴν</span> <span class='ocrx_word' id='word_1_401' title='bbox 282 2514 347 2549; x_wconf 81' lang='grc' dir='ltr'>μετά</span> <span class='ocrx_word' id='word_1_402' title='bbox 368 2512 402 2537; x_wconf 68' lang='grc' dir='ltr'>τᾶ</span> <span class='ocrx_word' id='word_1_403' title='bbox 428 2511 543 2548; x_wconf 80' lang='grc' dir='ltr'>ὁρθρινά,</span> <span class='ocrx_word' id='word_1_404' title='bbox 572 2510 720 2547; x_wconf 76' lang='grc' dir='ltr'>εἰσέρχεται</span> <span class='ocrx_word' id='word_1_405' title='bbox 745 2510 780 2540; x_wconf 77' lang='grc' dir='ltr'>εἰς</span> <span class='ocrx_word' id='word_1_406' title='bbox 807 2510 836 2536; x_wconf 75' lang='grc' dir='ltr'>τὸ</span> <span class='ocrx_word' id='word_1_407' title='bbox 860 2511 1034 2548; x_wconf 73' lang='grc' dir='ltr'>νοσοκομεῖόν,</span> 
     </span>
    </p>
   </div>
   <div class='ocr_carea' id='block_1_58' title="bbox 212 2553 1036 2592">
    <p class='ocr_par' dir='ltr' id='par_1_58' title="bbox 212 2553 1036 2592">
     <span class='ocr_line' id='line_1_58' title="bbox 212 2553 1036 2592; baseline 0 -10"><span class='ocrx_word' id='word_1_408' title='bbox 212 2556 284 2588; x_wconf 74' lang='grc' dir='ltr'>ἐκτὸς</span> <span class='ocrx_word' id='word_1_409' title='bbox 306 2561 356 2582; x_wconf 82' lang='grc' dir='ltr'>τῶν</span> <span class='ocrx_word' id='word_1_410' title='bbox 380 2557 543 2591; x_wconf 80' lang='grc' dir='ltr'>ἡσυχαστὼν</span> <span class='ocrx_word' id='word_1_411' title='bbox 567 2557 611 2580; x_wconf 78' lang='grc' dir='ltr'>καὶ</span> <span class='ocrx_word' id='word_1_412' title='bbox 634 2559 684 2580; x_wconf 78' lang='grc' dir='ltr'>τῶν</span> <span class='ocrx_word' id='word_1_413' title='bbox 703 2557 750 2584; x_wconf 73' lang='grc' dir='ltr'>τὴν</span> <span class='ocrx_word' id='word_1_414' title='bbox 773 2553 901 2591; x_wconf 74' lang='grc' dir='ltr'>φροντίδα</span> <span class='ocrx_word' id='word_1_415' title='bbox 922 2555 1036 2592; x_wconf 71' lang='grc' dir='ltr'>ἐγκεχει-</span> 
     </span>
    </p>
   </div>
   <div class='ocr_carea' id='block_1_59' title="bbox 210 2599 1034 2638">
    <p class='ocr_par' dir='ltr' id='par_1_59' title="bbox 210 2599 1034 2638">
     <span class='ocr_line' id='line_1_59' title="bbox 210 2599 1034 2638; baseline 0.004 -12"><span class='ocrx_word' id='word_1_416' title='bbox 210 2603 347 2638; x_wconf 65' lang='grc' dir='ltr'>ρισμένων,</span> <span class='ocrx_word' id='word_1_417' title='bbox 372 2601 484 2636; x_wconf 76' lang='grc' dir='ltr'>γενέσθω</span> <span class='ocrx_word' id='word_1_418' title='bbox 517 2599 684 2635; x_wconf 76' lang='grc' dir='ltr'>ἁπευλογὶας.</span> <span class='ocrx_word' id='word_1_419' title='bbox 708 2599 821 2627; x_wconf 86' lang='lat' dir='ltr'>Horum</span> <span class='ocrx_word' id='word_1_420' title='bbox 843 2603 944 2628; x_wconf 89' lang='lat' dir='ltr'>autem</span> <span class='ocrx_word' id='word_1_421' title='bbox 973 2601 1034 2637; x_wconf 88' lang='lat' dir='ltr'>epi-</span> 
     </span>
    </p>
   </div>
   <div class='ocr_carea' id='block_1_60' title="bbox 248 2661 781 2696">
    <p class='ocr_par' dir='ltr' id='par_1_60' title="bbox 248 2661 781 2696">
     <span class='ocr_line' id='line_1_60' title="bbox 248 2661 781 2696; baseline -0.002 -5"><span class='ocrx_word' id='word_1_422' title='bbox 248 2663 271 2680; x_wconf 73' lang='grc'>⁸⁵</span> <span class='ocrx_word' id='word_1_423' title='bbox 287 2662 386 2691; x_wconf 78' lang='lat' dir='ltr'>Matth.</span> <span class='ocrx_word' id='word_1_424' title='bbox 403 2670 432 2696; x_wconf 67' lang='grc' dir='ltr'>Χ,</span> <span class='ocrx_word' id='word_1_425' title='bbox 447 2665 491 2690; x_wconf 80' lang='lat'>27.</span> <span class='ocrx_word' id='word_1_426' title='bbox 544 2663 565 2680; x_wconf 73' lang='grc'>⁸⁷</span> <span class='ocrx_word' id='word_1_427' title='bbox 582 2663 601 2690; x_wconf 91' lang='lat' dir='ltr'>ll</span> <span class='ocrx_word' id='word_1_428' title='bbox 618 2661 692 2690; x_wconf 88' lang='lat' dir='ltr'>Tim.</span> <span class='ocrx_word' id='word_1_429' title='bbox 709 2665 738 2696; x_wconf 79' lang='lat' dir='ltr'>1r,</span> <span class='ocrx_word' id='word_1_430' title='bbox 755 2664 781 2690; x_wconf 83' lang='lat'>2.</span> 
     </span>
    </p>
   </div>
   <div class='ocr_carea' id='block_1_61' title="bbox 248 2725 733 2762">
    <p class='ocr_par' dir='ltr' id='par_1_61' title="bbox 248 2725 733 2762">
     <span class='ocr_line' id='line_1_61' title="bbox 248 2725 733 2762; baseline -0.006 -8"><span class='ocrx_word' id='word_1_431' title='bbox 248 2726 287 2762; x_wconf 83' lang='grc' dir='ltr'>(α)</span> <span class='ocrx_word' id='word_1_432' title='bbox 304 2726 401 2754; x_wconf 85' lang='lat' dir='ltr'>Basil.</span> <span class='ocrx_word' id='word_1_433' title='bbox 418 2733 529 2753; x_wconf 73' lang='lat' dir='ltr'>recens.</span> <span class='ocrx_word' id='word_1_434' title='bbox 541 2727 560 2753; x_wconf 89' lang='lat' dir='ltr'>t.</span> <span class='ocrx_word' id='word_1_435' title='bbox 579 2725 612 2759; x_wconf 88' lang='lat' dir='ltr'>II,</span> <span class='ocrx_word' id='word_1_436' title='bbox 625 2733 654 2761; x_wconf 90' lang='lat' dir='ltr'>p.</span> <span class='ocrx_word' id='word_1_437' title='bbox 670 2727 733 2753; x_wconf 77' lang='lat'>2&#39;25.</span> 
     </span>
    </p>
   </div>
   <div class='ocr_carea' id='block_1_62' title="bbox 245 2770 522 2807">
    <p class='ocr_par' dir='ltr' id='par_1_62' title="bbox 245 2770 522 2807">
     <span class='ocr_line' id='line_1_62' title="bbox 245 2770 522 2807; baseline -0.007 -9"><span class='ocrx_word' id='word_1_438' title='bbox 245 2771 285 2807; x_wconf 88' lang='lat' dir='ltr'>(b)</span> <span class='ocrx_word' id='word_1_439' title='bbox 301 2770 375 2798; x_wconf 88' lang='lat' dir='ltr'>lbid.</span> <span class='ocrx_word' id='word_1_440' title='bbox 390 2778 460 2806; x_wconf 83' lang='lat' dir='ltr'>pag.</span> <span class='ocrx_word' id='word_1_441' title='bbox 477 2772 522 2797; x_wconf 87' lang='lat'>99.</span> 
     </span>
    </p>
   </div>
   <div class='ocr_carea' id='block_1_63' title="bbox 1108 230 1932 267">
    <p class='ocr_par' dir='ltr' id='par_1_63' title="bbox 1108 230 1932 267">
     <span class='ocr_line' id='line_1_63' title="bbox 1108 230 1932 267; baseline 0.002 -11"><span class='ocrx_word' id='word_1_442' title='bbox 1108 236 1192 256; x_wconf 89' lang='lat' dir='ltr'>mum</span> <span class='ocrx_word' id='word_1_443' title='bbox 1212 232 1354 265; x_wconf 89' lang='lat' dir='ltr'>quartum</span> <span class='ocrx_word' id='word_1_444' title='bbox 1370 232 1426 263; x_wconf 89' lang='lat' dir='ltr'>est;</span> <span class='ocrx_word' id='word_1_445' title='bbox 1450 230 1628 263; x_wconf 88' lang='lat' dir='ltr'>secundum,</span> <span class='ocrx_word' id='word_1_446' title='bbox 1645 232 1787 266; x_wconf 87' lang='lat' dir='ltr'>quartum</span> <span class='ocrx_word' id='word_1_447' title='bbox 1806 233 1836 258; x_wconf 88' lang='lat' dir='ltr'>et</span> <span class='ocrx_word' id='word_1_448' title='bbox 1847 239 1932 267; x_wconf 88' lang='lat' dir='ltr'>qum-</span> 
     </span>
    </p>
   </div>
   <div class='ocr_carea' id='block_1_64' title="bbox 1107 274 1934 311">
    <p class='ocr_par' dir='ltr' id='par_1_64' title="bbox 1107 274 1934 311">
     <span class='ocr_line' id='line_1_64' title="bbox 1107 274 1934 311; baseline 0.004 -10"><span class='ocrx_word' id='word_1_449' title='bbox 1107 281 1329 309; x_wconf 75' lang='lat' dir='ltr'>quagestmum.</span> <span class='ocrx_word' id='word_1_450' title='bbox 1345 275 1385 302; x_wconf 80' lang='lat' dir='ltr'>Ex</span> <span class='ocrx_word' id='word_1_451' title='bbox 1396 274 1508 310; x_wconf 89' lang='lat' dir='ltr'>quibus</span> <span class='ocrx_word' id='word_1_452' title='bbox 1519 275 1589 303; x_wconf 84' lang='lat' dir='ltr'>satis</span> <span class='ocrx_word' id='word_1_453' title='bbox 1600 275 1771 310; x_wconf 86' lang='lat' dir='ltr'>intelligitur</span> <span class='ocrx_word' id='word_1_454' title='bbox 1781 276 1934 311; x_wconf 88' lang='lat' dir='ltr'>ejusmodi</span> 
     </span>
    </p>
   </div>
   <div class='ocr_carea' id='block_1_65' title="bbox 1108 317 1932 356">
    <p class='ocr_par' dir='ltr' id='par_1_65' title="bbox 1108 317 1932 356">
     <span class='ocr_line' id='line_1_65' title="bbox 1108 317 1932 356; baseline 0.005 -12"><span class='ocrx_word' id='word_1_455' title='bbox 1108 317 1246 353; x_wconf 86' lang='lat' dir='ltr'>Epitimia</span> <span class='ocrx_word' id='word_1_456' title='bbox 1261 327 1321 346; x_wconf 90' lang='lat' dir='ltr'>non</span> <span class='ocrx_word' id='word_1_457' title='bbox 1339 319 1457 352; x_wconf 88' lang='lat' dir='ltr'>Basilio,</span> <span class='ocrx_word' id='word_1_458' title='bbox 1474 318 1528 346; x_wconf 89' lang='lat' dir='ltr'>sed</span> <span class='ocrx_word' id='word_1_459' title='bbox 1545 319 1702 347; x_wconf 85' lang='lat' dir='ltr'>recentiori</span> <span class='ocrx_word' id='word_1_460' title='bbox 1713 320 1846 356; x_wconf 87' lang='lat' dir='ltr'>cuipiam</span> <span class='ocrx_word' id='word_1_461' title='bbox 1864 320 1932 348; x_wconf 88' lang='lat' dir='ltr'>scri-</span> 
     </span>
    </p>
   </div>
   <div class='ocr_carea' id='block_1_66' title="bbox 1107 362 1441 397">
    <p class='ocr_par' dir='ltr' id='par_1_66' title="bbox 1107 362 1441 397">
     <span class='ocr_line' id='line_1_66' title="bbox 1107 362 1441 397; baseline 0.006 -8"><span class='ocrx_word' id='word_1_462' title='bbox 1107 362 1185 397; x_wconf 87' lang='lat' dir='ltr'>ptori</span> <span class='ocrx_word' id='word_1_463' title='bbox 1195 362 1356 391; x_wconf 87' lang='lat' dir='ltr'>tribuenda</span> <span class='ocrx_word' id='word_1_464' title='bbox 1367 371 1441 391; x_wconf 87' lang='lat' dir='ltr'>esse.</span> 
     </span>
    </p>
   </div>
   <div class='ocr_carea' id='block_1_67' title="bbox 1107 441 1932 479">
    <p class='ocr_par' dir='ltr' id='par_1_67' title="bbox 1107 441 1932 479">
     <span class='ocr_line' id='line_1_67' title="bbox 1107 441 1932 479; baseline 0.006 -11"><span class='ocrx_word' id='word_1_465' title='bbox 1107 441 1120 477; x_wconf 66' lang='grc' dir='ltr'>ἓ</span> <span class='ocrx_word' id='word_1_466' title='bbox 1139 442 1182 469; x_wconf 76' lang='lat' dir='ltr'>XI.</span> <span class='ocrx_word' id='word_1_467' title='bbox 1205 443 1282 479; x_wconf 86' lang='lat' dir='ltr'>Pars</span> <span class='ocrx_word' id='word_1_468' title='bbox 1298 451 1388 477; x_wconf 84' lang='lat' dir='ltr'>nona,</span> <span class='ocrx_word' id='word_1_469' title='bbox 1405 444 1457 471; x_wconf 88' lang='lat' dir='ltr'>ubi</span> <span class='ocrx_word' id='word_1_470' title='bbox 1469 444 1683 479; x_wconf 70' lang='lat' dir='ltr'>expenduntur</span> <span class='ocrx_word' id='word_1_471' title='bbox 1701 445 1847 479; x_wconf 85' lang='lat' dir='ltr'>opuscula</span> <span class='ocrx_word' id='word_1_472' title='bbox 1863 445 1932 478; x_wconf 88' lang='lat' dir='ltr'>duo,</span> 
     </span>
    </p>
   </div>
   <div class='ocr_carea' id='block_1_68' title="bbox 1141 478 1933 514">
    <p class='ocr_par' dir='ltr' id='par_1_68' title="bbox 1141 478 1933 514">
     <span class='ocr_line' id='line_1_68' title="bbox 1141 478 1933 514; baseline 0.006 -10"><span class='ocrx_word' id='word_1_473' title='bbox 1141 485 1207 512; x_wconf 76' lang='lat' dir='ltr'>quae</span> <span class='ocrx_word' id='word_1_474' title='bbox 1227 478 1417 512; x_wconf 81' lang='lat' dir='ltr'>Combeﬁsius</span> <span class='ocrx_word' id='word_1_475' title='bbox 1435 488 1494 507; x_wconf 77' lang='lat' dir='ltr'>non</span> <span class='ocrx_word' id='word_1_476' title='bbox 1506 478 1553 508; x_wconf 78' lang='lat' dir='ltr'>ita</span> <span class='ocrx_word' id='word_1_477' title='bbox 1569 481 1687 514; x_wconf 85' lang='lat' dir='ltr'>pridem</span> <span class='ocrx_word' id='word_1_478' title='bbox 1707 478 1738 507; x_wconf 77' lang='lat' dir='ltr'>in</span> <span class='ocrx_word' id='word_1_479' title='bbox 1759 488 1812 508; x_wconf 91' lang='lat' dir='ltr'>suo</span> <span class='ocrx_word' id='word_1_480' title='bbox 1825 481 1933 509; x_wconf 88' lang='lat' dir='ltr'>Basilio</span> 
     </span>
    </p>
   </div>
   <div class='ocr_carea' id='block_1_69' title="bbox 1141 514 1780 552">
    <p class='ocr_par' dir='ltr' id='par_1_69' title="bbox 1141 514 1780 552">
     <span class='ocr_line' id='line_1_69' title="bbox 1141 514 1780 552; baseline 0.006 -12"><span class='ocrx_word' id='word_1_481' title='bbox 1141 514 1287 542; x_wconf 85' lang='lat' dir='ltr'>recensito</span> <span class='ocrx_word' id='word_1_482' title='bbox 1297 522 1355 549; x_wconf 86' lang='lat' dir='ltr'>pro</span> <span class='ocrx_word' id='word_1_483' title='bbox 1371 517 1455 543; x_wconf 85' lang='lat' dir='ltr'>novis</span> <span class='ocrx_word' id='word_1_484' title='bbox 1470 523 1507 544; x_wconf 91' lang='lat' dir='ltr'>ac</span> <span class='ocrx_word' id='word_1_485' title='bbox 1519 516 1659 552; x_wconf 82' lang='lat' dir='ltr'>genuinis</span> <span class='ocrx_word' id='word_1_486' title='bbox 1674 516 1780 544; x_wconf 81' lang='lat' dir='ltr'>edidit.</span> 
     </span>
    </p>
   </div>
   <div class='ocr_carea' id='block_1_70' title="bbox 1140 594 1934 631">
    <p class='ocr_par' dir='ltr' id='par_1_70' title="bbox 1140 594 1934 631">
     <span class='ocr_line' id='line_1_70' title="bbox 1140 594 1934 631; baseline 0.005 -11"><span class='ocrx_word' id='word_1_487' title='bbox 1140 595 1183 620; x_wconf 83' lang='lat'>52.</span> <span class='ocrx_word' id='word_1_488' title='bbox 1210 594 1320 622; x_wconf 89' lang='lat' dir='ltr'>Horum</span> <span class='ocrx_word' id='word_1_489' title='bbox 1350 595 1564 631; x_wconf 85' lang='lat' dir='ltr'>opusculorum</span> <span class='ocrx_word' id='word_1_490' title='bbox 1593 595 1726 631; x_wconf 89' lang='lat' dir='ltr'>primum</span> <span class='ocrx_word' id='word_1_491' title='bbox 1749 596 1790 624; x_wconf 89' lang='lat' dir='ltr'>ita</span> <span class='ocrx_word' id='word_1_492' title='bbox 1815 596 1934 624; x_wconf 82' lang='lat' dir='ltr'>exordi-</span> 
     </span>
    </p>
   </div>
   <div class='ocr_carea' id='block_1_71' title="bbox 1104 637 1933 677">
    <p class='ocr_par' dir='ltr' id='par_1_71' title="bbox 1104 637 1933 677">
     <span class='ocr_line' id='line_1_71' title="bbox 1104 637 1933 677; baseline 0.004 -14"><span class='ocrx_word' id='word_1_493' title='bbox 1104 638 1152 664; x_wconf 87' lang='lat' dir='ltr'>tur</span> <span class='ocrx_word' id='word_1_494' title='bbox 1163 637 1201 669; x_wconf 73' lang='grc' dir='ltr'>(ὁ)</span> <span class='ocrx_word' id='word_1_495' title='bbox 1218 647 1224 665; x_wconf 89' lang='lat'>:</span> <span class='ocrx_word' id='word_1_496' title='bbox 1243 641 1294 664; x_wconf 74' lang='grc' dir='ltr'>Τοῦ</span> <span class='ocrx_word' id='word_1_497' title='bbox 1312 641 1410 676; x_wconf 77' lang='grc' dir='ltr'>Κυρίου</span> <span class='ocrx_word' id='word_1_498' title='bbox 1427 641 1500 676; x_wconf 73' lang='grc' dir='ltr'>ἡμῶν</span> <span class='ocrx_word' id='word_1_499' title='bbox 1515 639 1602 668; x_wconf 65' lang='grc' dir='ltr'>Ἰησοῦ</span> <span class='ocrx_word' id='word_1_500' title='bbox 1618 644 1735 676; x_wconf 67' lang='grc' dir='ltr'>Χριστοῦ</span> <span class='ocrx_word' id='word_1_501' title='bbox 1750 642 1933 677; x_wconf 64' lang='grc' dir='ltr'>προστάσσω⁶</span> 
     </span>
    </p>
   </div>
   <div class='ocr_carea' id='block_1_72' title="bbox 1102 681 1931 721">
    <p class='ocr_par' dir='ltr' id='par_1_72' title="bbox 1102 681 1931 721">
     <span class='ocr_line' id='line_1_72' title="bbox 1102 681 1931 721; baseline 0.005 -14"><span class='ocrx_word' id='word_1_502' title='bbox 1102 691 1156 712; x_wconf 85' lang='grc' dir='ltr'>τος·</span> <span class='ocrx_word' id='word_1_503' title='bbox 1180 681 1212 708; x_wconf 71' lang='grc' dir='ltr'><strong>Ὀ</strong></span> <span class='ocrx_word' id='word_1_504' title='bbox 1235 682 1299 719; x_wconf 77' lang='grc' dir='ltr'>λέγω</span> <span class='ocrx_word' id='word_1_505' title='bbox 1324 684 1383 720; x_wconf 73' lang='grc' dir='ltr'>ὑμῖν</span> <span class='ocrx_word' id='word_1_506' title='bbox 1404 684 1429 710; x_wconf 84' lang='grc' dir='ltr'>ἐν</span> <span class='ocrx_word' id='word_1_507' title='bbox 1453 688 1485 720; x_wconf 77' lang='grc' dir='ltr'>τῇ</span> <span class='ocrx_word' id='word_1_508' title='bbox 1517 687 1620 721; x_wconf 75' lang='grc' dir='ltr'>σκοτίᾳ,</span> <span class='ocrx_word' id='word_1_509' title='bbox 1646 687 1734 711; x_wconf 82' lang='grc' dir='ltr'>εῑπατε</span> <span class='ocrx_word' id='word_1_510' title='bbox 1754 685 1777 711; x_wconf 76' lang='grc' dir='ltr'><strong>ἐν</strong></span> <span class='ocrx_word' id='word_1_511' title='bbox 1802 690 1839 721; x_wconf 81' lang='grc' dir='ltr'>τῷ</span> <span class='ocrx_word' id='word_1_512' title='bbox 1855 688 1931 721; x_wconf 72' lang='grc' dir='ltr'>φωτί·</span> 
     </span>
    </p>
   </div>
   <div class='ocr_carea' id='block_1_73' title="bbox 1102 727 1932 767">
    <p class='ocr_par' dir='ltr' id='par_1_73' title="bbox 1102 727 1932 767">
     <span class='ocr_line' id='line_1_73' title="bbox 1102 727 1932 767; baseline 0.005 -15"><span class='ocrx_word' id='word_1_513' title='bbox 1102 729 1147 752; x_wconf 77' lang='grc' dir='ltr'>καὶ</span> <span class='ocrx_word' id='word_1_514' title='bbox 1163 727 1176 752; x_wconf 87' lang='grc' dir='ltr'><strong><em>ὃ</em></strong></span> <span class='ocrx_word' id='word_1_515' title='bbox 1191 729 1256 763; x_wconf 78' lang='grc' dir='ltr'>πρὸς</span> <span class='ocrx_word' id='word_1_516' title='bbox 1268 730 1297 754; x_wconf 82' lang='grc' dir='ltr'><em>τὸ</em></span> <span class='ocrx_word' id='word_1_517' title='bbox 1309 727 1353 758; x_wconf 73' lang='grc' dir='ltr'>οὖς</span> <span class='ocrx_word' id='word_1_518' title='bbox 1369 729 1508 764; x_wconf 74' lang='grc' dir='ltr'>ἠκούσατε,</span> <span class='ocrx_word' id='word_1_519' title='bbox 1524 729 1653 767; x_wconf 75' lang='grc' dir='ltr'>κῆρύξατε</span> <span class='ocrx_word' id='word_1_520' title='bbox 1668 729 1711 755; x_wconf 81' lang='grc' dir='ltr'>ἐπὶ</span> <span class='ocrx_word' id='word_1_521' title='bbox 1727 734 1775 755; x_wconf 70' lang='grc' dir='ltr'>τῶν</span> <span class='ocrx_word' id='word_1_522' title='bbox 1792 729 1932 766; x_wconf 73' lang='grc' dir='ltr'>ὃωματων·</span> 
     </span>
    </p>
   </div>
   <div class='ocr_carea' id='block_1_74' title="bbox 1102 772 1933 812">
    <p class='ocr_par' dir='ltr' id='par_1_74' title="bbox 1102 772 1933 812">
     <span class='ocr_line' id='line_1_74' title="bbox 1102 772 1933 812; baseline 0.006 -16"><span class='ocrx_word' id='word_1_523' title='bbox 1102 774 1147 797; x_wconf 78' lang='grc' dir='ltr'>καὶ</span> <span class='ocrx_word' id='word_1_524' title='bbox 1171 777 1216 798; x_wconf 68' lang='grc' dir='ltr'>του</span> <span class='ocrx_word' id='word_1_525' title='bbox 1245 772 1415 807; x_wconf 69' lang='grc' dir='ltr'>Ἀπόστολου,</span> <span class='ocrx_word' id='word_1_526' title='bbox 1446 779 1493 804; x_wconf 84' lang='grc' dir='ltr'>τῆς</span> <span class='ocrx_word' id='word_1_527' title='bbox 1523 779 1626 805; x_wconf 78' lang='grc' dir='ltr'>σιωπῆς</span> <span class='ocrx_word' id='word_1_528' title='bbox 1651 777 1681 801; x_wconf 79' lang='grc' dir='ltr'>τὸ</span> <span class='ocrx_word' id='word_1_529' title='bbox 1710 779 1792 812; x_wconf 83' lang='grc' dir='ltr'>κρῖμα</span> <span class='ocrx_word' id='word_1_530' title='bbox 1826 775 1933 811; x_wconf 72' lang='grc' dir='ltr'>φοϐερὸν</span> 
     </span>
    </p>
   </div>
   <div class='ocr_carea' id='block_1_75' title="bbox 1103 813 1934 850">
    <p class='ocr_par' dir='ltr' id='par_1_75' title="bbox 1103 813 1934 850">
     <span class='ocr_line' id='line_1_75' title="bbox 1103 813 1934 850; baseline 0.008 -9"><span class='ocrx_word' id='word_1_531' title='bbox 1103 813 1259 850; x_wconf 75' lang='grc' dir='ltr'>δεικνύντος,</span> <span class='ocrx_word' id='word_1_532' title='bbox 1274 821 1330 845; x_wconf 89' lang='lat' dir='ltr'>etc.</span> <span class='ocrx_word' id='word_1_533' title='bbox 1345 818 1417 846; x_wconf 85' lang='lat' dir='ltr'>Cum</span> <span class='ocrx_word' id='word_1_534' title='bbox 1427 819 1571 846; x_wconf 85' lang='lat' dir='ltr'>Dominus</span> <span class='ocrx_word' id='word_1_535' title='bbox 1585 822 1686 847; x_wconf 86' lang='lat' dir='ltr'>noster</span> <span class='ocrx_word' id='word_1_536' title='bbox 1695 820 1779 847; x_wconf 88' lang='lat' dir='ltr'>Jesus</span> <span class='ocrx_word' id='word_1_537' title='bbox 1792 820 1934 848; x_wconf 82' lang='lat' dir='ltr'>Christus</span> 
     </span>
    </p>
   </div>
   <div class='ocr_carea' id='block_1_76' title="bbox 1100 861 1934 899">
    <p class='ocr_par' dir='ltr' id='par_1_76' title="bbox 1100 861 1934 899">
     <span class='ocr_line' id='line_1_76' title="bbox 1100 861 1934 899; baseline 0.006 -12"><span class='ocrx_word' id='word_1_538' title='bbox 1100 861 1284 896; x_wconf 74' lang='lat' dir='ltr'>praecipiat:</span> <span class='ocrx_word' id='word_1_539' title='bbox 1298 874 1311 886; x_wconf 89' lang='grc'><em>‹‹</em></span> <span class='ocrx_word' id='word_1_540' title='bbox 1329 862 1413 895; x_wconf 84' lang='lat' dir='ltr'>Quod</span> <span class='ocrx_word' id='word_1_541' title='bbox 1439 863 1520 891; x_wconf 81' lang='lat' dir='ltr'>vobis</span> <span class='ocrx_word' id='word_1_542' title='bbox 1533 863 1600 891; x_wconf 84' lang='lat' dir='ltr'>dico</span> <span class='ocrx_word' id='word_1_543' title='bbox 1620 864 1652 891; x_wconf 88' lang='lat' dir='ltr'>in</span> <span class='ocrx_word' id='word_1_544' title='bbox 1677 865 1818 899; x_wconf 83' lang='lat' dir='ltr'>tenebris,</span> <span class='ocrx_word' id='word_1_545' title='bbox 1842 865 1934 892; x_wconf 81' lang='lat' dir='ltr'>dicite</span> 
     </span>
    </p>
   </div>
   <div class='ocr_carea' id='block_1_77' title="bbox 1101 905 1933 944">
    <p class='ocr_par' dir='ltr' id='par_1_77' title="bbox 1101 905 1933 944">
     <span class='ocr_line' id='line_1_77' title="bbox 1101 905 1933 944; baseline 0.006 -12"><span class='ocrx_word' id='word_1_546' title='bbox 1101 905 1134 932; x_wconf 82' lang='lat' dir='ltr'>in</span> <span class='ocrx_word' id='word_1_547' title='bbox 1153 906 1234 941; x_wconf 86' lang='lat' dir='ltr'>luce;</span> <span class='ocrx_word' id='word_1_548' title='bbox 1255 909 1282 934; x_wconf 91' lang='lat' dir='ltr'>et</span> <span class='ocrx_word' id='word_1_549' title='bbox 1310 907 1391 943; x_wconf 87' lang='lat' dir='ltr'>quod</span> <span class='ocrx_word' id='word_1_550' title='bbox 1419 908 1532 936; x_wconf 81' lang='lat' dir='ltr'>auditis</span> <span class='ocrx_word' id='word_1_551' title='bbox 1555 909 1587 936; x_wconf 87' lang='lat' dir='ltr'>in</span> <span class='ocrx_word' id='word_1_552' title='bbox 1610 916 1670 944; x_wconf 88' lang='lat' dir='ltr'>ore,</span> <span class='ocrx_word' id='word_1_553' title='bbox 1690 910 1859 943; x_wconf 74' lang='lat' dir='ltr'>praedicate</span> <span class='ocrx_word' id='word_1_554' title='bbox 1880 917 1933 937; x_wconf 81' lang='lat' dir='ltr'>su-</span> 
     </span>
    </p>
   </div>
   <div class='ocr_carea' id='block_1_78' title="bbox 1099 951 1933 986">
    <p class='ocr_par' dir='ltr' id='par_1_78' title="bbox 1099 951 1933 986">
     <span class='ocr_line' id='line_1_78' title="bbox 1099 951 1933 986; baseline 0.006 -9"><span class='ocrx_word' id='word_1_555' title='bbox 1099 956 1156 983; x_wconf 87' lang='lat' dir='ltr'>per</span> <span class='ocrx_word' id='word_1_556' title='bbox 1172 953 1250 979; x_wconf 87' lang='lat' dir='ltr'>tecta</span> <span class='ocrx_word' id='word_1_557' title='bbox 1262 951 1285 968; x_wconf 71' lang='grc' dir='ltr'>¹ι⁶</span> <span class='ocrx_word' id='word_1_558' title='bbox 1298 959 1304 984; x_wconf 84' lang='lat'>;</span> <span class='ocrx_word' id='word_1_559' title='bbox 1322 963 1336 976; x_wconf 89' lang='lat'><strong><em>»</em></strong></span> <span class='ocrx_word' id='word_1_560' title='bbox 1349 953 1512 986; x_wconf 84' lang='lat' dir='ltr'>Apostolus</span> <span class='ocrx_word' id='word_1_561' title='bbox 1528 953 1597 981; x_wconf 85' lang='lat' dir='ltr'>item</span> <span class='ocrx_word' id='word_1_562' title='bbox 1610 953 1726 980; x_wconf 84' lang='lat' dir='ltr'>silentii</span> <span class='ocrx_word' id='word_1_563' title='bbox 1743 954 1933 982; x_wconf 85' lang='lat' dir='ltr'>tremendum</span> 
     </span>
    </p>
   </div>
   <div class='ocr_carea' id='block_1_79' title="bbox 1097 995 1935 1031">
    <p class='ocr_par' dir='ltr' id='par_1_79' title="bbox 1097 995 1935 1031">
     <span class='ocr_line' id='line_1_79' title="bbox 1097 995 1935 1031; baseline 0.004 -9"><span class='ocrx_word' id='word_1_564' title='bbox 1097 995 1249 1028; x_wconf 86' lang='lat' dir='ltr'>judicium</span> <span class='ocrx_word' id='word_1_565' title='bbox 1274 997 1441 1031; x_wconf 85' lang='lat' dir='ltr'>ostendens,</span> <span class='ocrx_word' id='word_1_566' title='bbox 1463 1000 1520 1024; x_wconf 90' lang='lat' dir='ltr'>etc.</span> <span class='ocrx_word' id='word_1_567' title='bbox 1545 999 1586 1025; x_wconf 88' lang='lat' dir='ltr'>Ita</span> <span class='ocrx_word' id='word_1_568' title='bbox 1608 1000 1709 1026; x_wconf 87' lang='lat' dir='ltr'>autem</span> <span class='ocrx_word' id='word_1_569' title='bbox 1729 998 1860 1026; x_wconf 88' lang='lat' dir='ltr'>desinit:</span> <span class='ocrx_word' id='word_1_570' title='bbox 1879 998 1935 1025; x_wconf 79' lang='grc' dir='ltr'>Ἵνα</span> 
     </span>
    </p>
   </div>
   <div class='ocr_carea' id='block_1_80' title="bbox 1101 1038 1934 1079">
    <p class='ocr_par' dir='ltr' id='par_1_80' title="bbox 1101 1038 1934 1079">
     <span class='ocr_line' id='line_1_80' title="bbox 1101 1038 1934 1079; baseline 0.005 -15"><span class='ocrx_word' id='word_1_571' title='bbox 1101 1038 1225 1075; x_wconf 77' lang='grc' dir='ltr'>πληρωθῇ</span> <span class='ocrx_word' id='word_1_572' title='bbox 1264 1039 1288 1065; x_wconf 80' lang='grc' dir='ltr'>ἐν</span> <span class='ocrx_word' id='word_1_573' title='bbox 1318 1041 1377 1076; x_wconf 65' lang='grc' dir='ltr'>ρμῑν</span> <span class='ocrx_word' id='word_1_574' title='bbox 1406 1043 1434 1066; x_wconf 78' lang='grc' dir='ltr'>τὸ</span> <span class='ocrx_word' id='word_1_575' title='bbox 1464 1042 1513 1067; x_wconf 75' lang='grc' dir='ltr'>ὑπὸ</span> <span class='ocrx_word' id='word_1_576' title='bbox 1542 1043 1588 1067; x_wconf 78' lang='grc' dir='ltr'>τοῦ</span> <span class='ocrx_word' id='word_1_577' title='bbox 1613 1041 1771 1068; x_wconf 75' lang='grc' dir='ltr'>Ἀποστὸλου</span> <span class='ocrx_word' id='word_1_578' title='bbox 1801 1043 1934 1079; x_wconf 67' lang='grc' dir='ltr'>εὶρημένῡν</span> 
     </span>
    </p>
   </div>
   <div class='ocr_carea' id='block_1_81' title="bbox 1101 1082 1933 1122">
    <p class='ocr_par' dir='ltr' id='par_1_81' title="bbox 1101 1082 1933 1122">
     <span class='ocr_line' id='line_1_81' title="bbox 1101 1082 1933 1122; baseline 0.006 -14"><span class='ocrx_word' id='word_1_579' title='bbox 1101 1082 1142 1108; x_wconf 84' lang='grc' dir='ltr'>ὁτι</span> <span class='ocrx_word' id='word_1_580' title='bbox 1165 1087 1252 1109; x_wconf 73' lang='grc' dir='ltr'>Ταῦτα</span> <span class='ocrx_word' id='word_1_581' title='bbox 1274 1086 1392 1121; x_wconf 77' lang='grc' dir='ltr'>παράθου</span> <span class='ocrx_word' id='word_1_582' title='bbox 1417 1089 1523 1116; x_wconf 84' lang='grc' dir='ltr'>πιστοῖς</span> <span class='ocrx_word' id='word_1_583' title='bbox 1545 1085 1702 1122; x_wconf 74' lang='grc' dir='ltr'>ἀνθρώπως,</span> <span class='ocrx_word' id='word_1_584' title='bbox 1727 1086 1819 1117; x_wconf 76' lang='grc' dir='ltr'>σὶτινες</span> <span class='ocrx_word' id='word_1_585' title='bbox 1848 1088 1933 1113; x_wconf 74' lang='grc' dir='ltr'>ἱκανοὶ</span> 
     </span>
    </p>
   </div>
   <div class='ocr_carea' id='block_1_82' title="bbox 1101 1128 1934 1166">
    <p class='ocr_par' dir='ltr' id='par_1_82' title="bbox 1101 1128 1934 1166">
     <span class='ocr_line' id='line_1_82' title="bbox 1101 1128 1934 1166; baseline 0.007 -14"><span class='ocrx_word' id='word_1_586' title='bbox 1101 1128 1204 1153; x_wconf 72' lang='grc' dir='ltr'>ἔσονται</span> <span class='ocrx_word' id='word_1_587' title='bbox 1219 1131 1263 1154; x_wconf 79' lang='grc' dir='ltr'>καὶ</span> <span class='ocrx_word' id='word_1_588' title='bbox 1278 1128 1380 1165; x_wconf 76' lang='grc' dir='ltr'>ἐτέρους</span> <span class='ocrx_word' id='word_1_589' title='bbox 1396 1128 1516 1161; x_wconf 70' lang='grc' dir='ltr'>διδάξαι·</span> <span class='ocrx_word' id='word_1_590' title='bbox 1533 1139 1591 1166; x_wconf 81' lang='lat' dir='ltr'>quo</span> <span class='ocrx_word' id='word_1_591' title='bbox 1608 1131 1639 1158; x_wconf 86' lang='lat' dir='ltr'>in</span> <span class='ocrx_word' id='word_1_592' title='bbox 1659 1131 1740 1159; x_wconf 86' lang='lat' dir='ltr'>vobis</span> <span class='ocrx_word' id='word_1_593' title='bbox 1764 1132 1934 1166; x_wconf 78' lang='lat' dir='ltr'>impleatur</span> 
     </span>
    </p>
   </div>
   <div class='ocr_carea' id='block_1_83' title="bbox 1100 1173 1934 1210">
    <p class='ocr_par' dir='ltr' id='par_1_83' title="bbox 1100 1173 1934 1210">
     <span class='ocr_line' id='line_1_83' title="bbox 1100 1173 1934 1210; baseline 0.006 -11"><span class='ocrx_word' id='word_1_594' title='bbox 1100 1173 1180 1200; x_wconf 86' lang='lat' dir='ltr'>illud</span> <span class='ocrx_word' id='word_1_595' title='bbox 1195 1174 1334 1208; x_wconf 85' lang='lat' dir='ltr'>Apostoli</span> <span class='ocrx_word' id='word_1_596' title='bbox 1348 1183 1359 1201; x_wconf 91' lang='grc'>.·</span> <span class='ocrx_word' id='word_1_597' title='bbox 1375 1185 1388 1199; x_wconf 89' lang='grc'>‹‹</span> <span class='ocrx_word' id='word_1_598' title='bbox 1405 1175 1477 1202; x_wconf 66' lang='lat' dir='ltr'>Haec</span> <span class='ocrx_word' id='word_1_599' title='bbox 1492 1176 1665 1204; x_wconf 85' lang='lat' dir='ltr'>commenda</span> <span class='ocrx_word' id='word_1_600' title='bbox 1679 1176 1821 1210; x_wconf 80' lang='lat' dir='ltr'>ﬁdelibus</span> <span class='ocrx_word' id='word_1_601' title='bbox 1837 1177 1934 1205; x_wconf 86' lang='lat' dir='ltr'>homi-</span> 
     </span>
    </p>
   </div>
   <div class='ocr_carea' id='block_1_84' title="bbox 1100 1217 1933 1253">
    <p class='ocr_par' dir='ltr' id='par_1_84' title="bbox 1100 1217 1933 1253">
     <span class='ocr_line' id='line_1_84' title="bbox 1100 1217 1933 1253; baseline 0.005 -9"><span class='ocrx_word' id='word_1_602' title='bbox 1100 1217 1198 1251; x_wconf 85' lang='lat' dir='ltr'>nibus,</span> <span class='ocrx_word' id='word_1_603' title='bbox 1219 1220 1273 1253; x_wconf 86' lang='lat' dir='ltr'>qui</span> <span class='ocrx_word' id='word_1_604' title='bbox 1293 1222 1320 1246; x_wconf 86' lang='lat' dir='ltr'>et</span> <span class='ocrx_word' id='word_1_605' title='bbox 1345 1219 1419 1247; x_wconf 84' lang='lat' dir='ltr'>alios</span> <span class='ocrx_word' id='word_1_606' title='bbox 1444 1219 1550 1248; x_wconf 88' lang='lat' dir='ltr'>docere</span> <span class='ocrx_word' id='word_1_607' title='bbox 1571 1223 1659 1248; x_wconf 86' lang='lat' dir='ltr'>erunt</span> <span class='ocrx_word' id='word_1_608' title='bbox 1679 1221 1780 1249; x_wconf 86' lang='lat' dir='ltr'>idonei</span> <span class='ocrx_word' id='word_1_609' title='bbox 1790 1221 1824 1248; x_wconf 72' lang='grc'>⁵⁷.</span> <span class='ocrx_word' id='word_1_610' title='bbox 1845 1232 1860 1245; x_wconf 83' lang='lat'><em>»</em></span> <span class='ocrx_word' id='word_1_611' title='bbox 1880 1221 1933 1249; x_wconf 81' lang='lat' dir='ltr'>Hic</span> 
     </span>
    </p>
   </div>
   <div class='ocr_carea' id='block_1_85' title="bbox 1100 1262 1933 1301">
    <p class='ocr_par' dir='ltr' id='par_1_85' title="bbox 1100 1262 1933 1301">
     <span class='ocr_line' id='line_1_85' title="bbox 1100 1262 1933 1301; baseline 0.006 -13"><span class='ocrx_word' id='word_1_612' title='bbox 1100 1262 1228 1297; x_wconf 71' lang='lat' dir='ltr'>quaestio</span> <span class='ocrx_word' id='word_1_613' title='bbox 1244 1266 1298 1294; x_wconf 87' lang='lat' dir='ltr'>est,</span> <span class='ocrx_word' id='word_1_614' title='bbox 1315 1263 1442 1291; x_wconf 82' lang='lat' dir='ltr'>fueritne</span> <span class='ocrx_word' id='word_1_615' title='bbox 1454 1264 1512 1291; x_wconf 90' lang='lat' dir='ltr'>hoc</span> <span class='ocrx_word' id='word_1_616' title='bbox 1528 1265 1712 1300; x_wconf 87' lang='lat' dir='ltr'>opusculum</span> <span class='ocrx_word' id='word_1_617' title='bbox 1724 1265 1933 1301; x_wconf 88' lang='lat' dir='ltr'>conscriptum</span> 
     </span>
    </p>
   </div>
   <div class='ocr_carea' id='block_1_86' title="bbox 1099 1305 1932 1344">
    <p class='ocr_par' dir='ltr' id='par_1_86' title="bbox 1099 1305 1932 1344">
     <span class='ocr_line' id='line_1_86' title="bbox 1099 1305 1932 1344; baseline 0.006 -11"><span class='ocrx_word' id='word_1_618' title='bbox 1099 1305 1138 1333; x_wconf 91' lang='lat' dir='ltr'>ab</span> <span class='ocrx_word' id='word_1_619' title='bbox 1154 1313 1200 1339; x_wconf 89' lang='lat' dir='ltr'>eo,</span> <span class='ocrx_word' id='word_1_620' title='bbox 1217 1307 1268 1342; x_wconf 87' lang='lat' dir='ltr'>qui</span> <span class='ocrx_word' id='word_1_621' title='bbox 1282 1307 1462 1340; x_wconf 81' lang='lat' dir='ltr'>Asceticum,</span> <span class='ocrx_word' id='word_1_622' title='bbox 1480 1309 1564 1344; x_wconf 89' lang='lat' dir='ltr'>quod</span> <span class='ocrx_word' id='word_1_623' title='bbox 1583 1313 1702 1344; x_wconf 83' lang='lat' dir='ltr'>vocant,</span> <span class='ocrx_word' id='word_1_624' title='bbox 1716 1310 1747 1337; x_wconf 88' lang='lat' dir='ltr'>in</span> <span class='ocrx_word' id='word_1_625' title='bbox 1760 1309 1858 1337; x_wconf 88' lang='lat' dir='ltr'>lucem</span> <span class='ocrx_word' id='word_1_626' title='bbox 1871 1309 1932 1337; x_wconf 86' lang='lat' dir='ltr'>edi-</span> 
     </span>
    </p>
   </div>
   <div class='ocr_carea' id='block_1_87' title="bbox 1099 1350 1931 1388">
    <p class='ocr_par' dir='ltr' id='par_1_87' title="bbox 1099 1350 1931 1388">
     <span class='ocr_line' id='line_1_87' title="bbox 1099 1350 1931 1388; baseline 0.006 -11"><span class='ocrx_word' id='word_1_627' title='bbox 1099 1350 1152 1383; x_wconf 91' lang='lat' dir='ltr'>dit,</span> <span class='ocrx_word' id='word_1_628' title='bbox 1167 1359 1206 1378; x_wconf 88' lang='lat' dir='ltr'>an</span> <span class='ocrx_word' id='word_1_629' title='bbox 1221 1351 1260 1379; x_wconf 87' lang='lat' dir='ltr'>ab</span> <span class='ocrx_word' id='word_1_630' title='bbox 1272 1351 1383 1388; x_wconf 89' lang='lat' dir='ltr'>aliquo,</span> <span class='ocrx_word' id='word_1_631' title='bbox 1400 1353 1452 1388; x_wconf 86' lang='lat' dir='ltr'>qui</span> <span class='ocrx_word' id='word_1_632' title='bbox 1467 1353 1594 1382; x_wconf 85' lang='lat' dir='ltr'>Ascetici</span> <span class='ocrx_word' id='word_1_633' title='bbox 1613 1356 1717 1382; x_wconf 87' lang='lat' dir='ltr'>auctor</span> <span class='ocrx_word' id='word_1_634' title='bbox 1731 1354 1807 1382; x_wconf 88' lang='lat' dir='ltr'>falso</span> <span class='ocrx_word' id='word_1_635' title='bbox 1821 1354 1931 1382; x_wconf 88' lang='lat' dir='ltr'>haberi</span> 
     </span>
    </p>
   </div>
   <div class='ocr_carea' id='block_1_88' title="bbox 1098 1395 1930 1435">
    <p class='ocr_par' dir='ltr' id='par_1_88' title="bbox 1098 1395 1930 1435">
     <span class='ocr_line' id='line_1_88' title="bbox 1098 1395 1930 1435; baseline 0.006 -13"><span class='ocrx_word' id='word_1_636' title='bbox 1098 1395 1234 1423; x_wconf 89' lang='lat' dir='ltr'>voluerit.</span> <span class='ocrx_word' id='word_1_637' title='bbox 1251 1396 1419 1425; x_wconf 87' lang='lat' dir='ltr'>Meminisse</span> <span class='ocrx_word' id='word_1_638' title='bbox 1432 1400 1532 1425; x_wconf 88' lang='lat' dir='ltr'>autem</span> <span class='ocrx_word' id='word_1_639' title='bbox 1542 1398 1638 1434; x_wconf 87' lang='lat' dir='ltr'>juvat,</span> <span class='ocrx_word' id='word_1_640' title='bbox 1649 1407 1711 1426; x_wconf 89' lang='lat' dir='ltr'>non</span> <span class='ocrx_word' id='word_1_641' title='bbox 1723 1399 1849 1435; x_wconf 83' lang='lat' dir='ltr'>intelligi</span> <span class='ocrx_word' id='word_1_642' title='bbox 1860 1407 1930 1435; x_wconf 88' lang='lat' dir='ltr'>pro-</span> 
     </span>
    </p>
   </div>
   <div class='ocr_carea' id='block_1_89' title="bbox 1097 1439 1929 1479">
    <p class='ocr_par' dir='ltr' id='par_1_89' title="bbox 1097 1439 1929 1479">
     <span class='ocr_line' id='line_1_89' title="bbox 1097 1439 1929 1479; baseline 0.006 -13"><span class='ocrx_word' id='word_1_643' title='bbox 1097 1439 1161 1475; x_wconf 89' lang='lat' dir='ltr'>prie</span> <span class='ocrx_word' id='word_1_644' title='bbox 1176 1440 1300 1468; x_wconf 84' lang='lat' dir='ltr'>Ascetici</span> <span class='ocrx_word' id='word_1_645' title='bbox 1315 1440 1438 1469; x_wconf 84' lang='lat' dir='ltr'>nomine</span> <span class='ocrx_word' id='word_1_646' title='bbox 1453 1442 1558 1470; x_wconf 85' lang='lat' dir='ltr'>omnia</span> <span class='ocrx_word' id='word_1_647' title='bbox 1583 1443 1696 1479; x_wconf 88' lang='lat' dir='ltr'>scripta.</span> <span class='ocrx_word' id='word_1_648' title='bbox 1715 1443 1855 1477; x_wconf 86' lang='lat' dir='ltr'>ascetica,</span> <span class='ocrx_word' id='word_1_649' title='bbox 1873 1443 1929 1471; x_wconf 90' lang='lat' dir='ltr'>sed</span> 
     </span>
    </p>
   </div>
   <div class='ocr_carea' id='block_1_90' title="bbox 1098 1484 1929 1522">
    <p class='ocr_par' dir='ltr' id='par_1_90' title="bbox 1098 1484 1929 1522">
     <span class='ocr_line' id='line_1_90' title="bbox 1098 1484 1929 1522; baseline 0.007 -11"><span class='ocrx_word' id='word_1_650' title='bbox 1098 1484 1246 1512; x_wconf 80' lang='lat' dir='ltr'>duntaxat</span> <span class='ocrx_word' id='word_1_651' title='bbox 1269 1485 1385 1513; x_wconf 88' lang='lat' dir='ltr'>libellos</span> <span class='ocrx_word' id='word_1_652' title='bbox 1399 1487 1442 1514; x_wconf 90' lang='lat' dir='ltr'>De</span> <span class='ocrx_word' id='word_1_653' title='bbox 1458 1487 1576 1521; x_wconf 85' lang='lat' dir='ltr'>judicio</span> <span class='ocrx_word' id='word_1_654' title='bbox 1598 1496 1633 1515; x_wconf 86' lang='lat' dir='ltr'>ac</span> <span class='ocrx_word' id='word_1_655' title='bbox 1649 1489 1692 1516; x_wconf 90' lang='lat' dir='ltr'>De</span> <span class='ocrx_word' id='word_1_656' title='bbox 1713 1489 1782 1522; x_wconf 83' lang='lat' dir='ltr'>ﬁde,</span> <span class='ocrx_word' id='word_1_657' title='bbox 1805 1488 1929 1517; x_wconf 77' lang='lat' dir='ltr'>Moraha</span> 
     </span>
    </p>
   </div>
   <div class='ocr_carea' id='block_1_91' title="bbox 1098 1529 1929 1568">
    <p class='ocr_par' dir='ltr' id='par_1_91' title="bbox 1098 1529 1929 1568">
     <span class='ocr_line' id='line_1_91' title="bbox 1098 1529 1929 1568; baseline 0.005 -12"><span class='ocrx_word' id='word_1_658' title='bbox 1098 1531 1126 1556; x_wconf 88' lang='lat' dir='ltr'>et</span> <span class='ocrx_word' id='word_1_659' title='bbox 1157 1529 1286 1564; x_wconf 73' lang='lat' dir='ltr'>Regulus</span> <span class='ocrx_word' id='word_1_660' title='bbox 1312 1532 1374 1558; x_wconf 86' lang='lat' dir='ltr'>tam</span> <span class='ocrx_word' id='word_1_661' title='bbox 1399 1530 1551 1559; x_wconf 88' lang='lat' dir='ltr'>breviores</span> <span class='ocrx_word' id='word_1_662' title='bbox 1577 1540 1672 1568; x_wconf 84' lang='lat' dir='ltr'>quam</span> <span class='ocrx_word' id='word_1_663' title='bbox 1695 1532 1859 1567; x_wconf 76' lang='lat' dir='ltr'>longiores.</span> <span class='ocrx_word' id='word_1_664' title='bbox 1884 1533 1929 1560; x_wconf 77' lang='lat' dir='ltr'>Ex</span> 
     </span>
    </p>
   </div>
   <div class='ocr_carea' id='block_1_92' title="bbox 1098 1573 1929 1613">
    <p class='ocr_par' dir='ltr' id='par_1_92' title="bbox 1098 1573 1929 1613">
     <span class='ocr_line' id='line_1_92' title="bbox 1098 1573 1929 1613; baseline 0.007 -13"><span class='ocrx_word' id='word_1_665' title='bbox 1098 1581 1160 1609; x_wconf 88' lang='lat' dir='ltr'>quo</span> <span class='ocrx_word' id='word_1_666' title='bbox 1173 1573 1215 1607; x_wconf 83' lang='lat' dir='ltr'>ﬁt,</span> <span class='ocrx_word' id='word_1_667' title='bbox 1232 1576 1264 1601; x_wconf 90' lang='lat' dir='ltr'>ut</span> <span class='ocrx_word' id='word_1_668' title='bbox 1278 1574 1303 1601; x_wconf 91' lang='lat' dir='ltr'>si</span> <span class='ocrx_word' id='word_1_669' title='bbox 1324 1574 1388 1602; x_wconf 67' lang='lat' dir='ltr'>hirc</span> <span class='ocrx_word' id='word_1_670' title='bbox 1409 1574 1676 1605; x_wconf 88' lang='lat' dir='ltr'>lucubratiuncula</span> <span class='ocrx_word' id='word_1_671' title='bbox 1697 1585 1768 1605; x_wconf 87' lang='lat' dir='ltr'>vera</span> <span class='ocrx_word' id='word_1_672' title='bbox 1788 1577 1826 1605; x_wconf 85' lang='lat' dir='ltr'>sit</span> <span class='ocrx_word' id='word_1_673' title='bbox 1837 1581 1867 1605; x_wconf 88' lang='lat' dir='ltr'>et</span> <span class='ocrx_word' id='word_1_674' title='bbox 1877 1585 1929 1613; x_wconf 71' lang='grc' dir='ltr'>εθ-</span> 
     </span>
    </p>
   </div>
   <div class='ocr_carea' id='block_1_93' title="bbox 1097 1618 1930 1656">
    <p class='ocr_par' dir='ltr' id='par_1_93' title="bbox 1097 1618 1930 1656">
     <span class='ocr_line' id='line_1_93' title="bbox 1097 1618 1930 1656; baseline 0.007 -11"><span class='ocrx_word' id='word_1_675' title='bbox 1097 1618 1201 1651; x_wconf 88' lang='lat' dir='ltr'>nuina,</span> <span class='ocrx_word' id='word_1_676' title='bbox 1222 1619 1392 1647; x_wconf 86' lang='lat' dir='ltr'>necessario</span> <span class='ocrx_word' id='word_1_677' title='bbox 1414 1623 1468 1648; x_wconf 89' lang='lat' dir='ltr'>aut</span> <span class='ocrx_word' id='word_1_678' title='bbox 1493 1621 1601 1649; x_wconf 85' lang='lat' dir='ltr'>Basilio</span> <span class='ocrx_word' id='word_1_679' title='bbox 1622 1621 1786 1650; x_wconf 88' lang='lat' dir='ltr'>tribuenda</span> <span class='ocrx_word' id='word_1_680' title='bbox 1806 1622 1854 1656; x_wconf 91' lang='lat' dir='ltr'>sit,</span> <span class='ocrx_word' id='word_1_681' title='bbox 1874 1625 1930 1650; x_wconf 89' lang='lat' dir='ltr'>aut</span> 
     </span>
    </p>
   </div>
   <div class='ocr_carea' id='block_1_94' title="bbox 1098 1663 1929 1703">
    <p class='ocr_par' dir='ltr' id='par_1_94' title="bbox 1098 1663 1929 1703">
     <span class='ocr_line' id='line_1_94' title="bbox 1098 1663 1929 1703; baseline 0.006 -13"><span class='ocrx_word' id='word_1_682' title='bbox 1098 1663 1262 1697; x_wconf 86' lang='lat' dir='ltr'>Eustathio,</span> <span class='ocrx_word' id='word_1_683' title='bbox 1276 1671 1346 1691; x_wconf 91' lang='lat' dir='ltr'>cum</span> <span class='ocrx_word' id='word_1_684' title='bbox 1361 1664 1502 1693; x_wconf 87' lang='lat' dir='ltr'>alteruter</span> <span class='ocrx_word' id='word_1_685' title='bbox 1515 1666 1686 1694; x_wconf 80' lang='lat' dir='ltr'>Asceticum</span> <span class='ocrx_word' id='word_1_686' title='bbox 1705 1675 1741 1695; x_wconf 92' lang='lat' dir='ltr'>eo</span> <span class='ocrx_word' id='word_1_687' title='bbox 1756 1675 1848 1703; x_wconf 90' lang='lat' dir='ltr'>quem</span> <span class='ocrx_word' id='word_1_688' title='bbox 1864 1667 1929 1695; x_wconf 72' lang='lat' dir='ltr'>dixi</span> 
     </span>
    </p>
   </div>
   <div class='ocr_carea' id='block_1_95' title="bbox 1096 1707 1926 1744">
    <p class='ocr_par' dir='ltr' id='par_1_95' title="bbox 1096 1707 1926 1744">
     <span class='ocr_line' id='line_1_95' title="bbox 1096 1707 1926 1744; baseline 0.006 -9"><span class='ocrx_word' id='word_1_689' title='bbox 1096 1707 1189 1736; x_wconf 88' lang='lat' dir='ltr'>modo</span> <span class='ocrx_word' id='word_1_690' title='bbox 1204 1711 1362 1744; x_wconf 86' lang='lat' dir='ltr'>acceptum</span> <span class='ocrx_word' id='word_1_691' title='bbox 1386 1709 1526 1744; x_wconf 86' lang='lat' dir='ltr'>vulgasse</span> <span class='ocrx_word' id='word_1_692' title='bbox 1540 1711 1580 1738; x_wconf 90' lang='lat' dir='ltr'>ab</span> <span class='ocrx_word' id='word_1_693' title='bbox 1604 1711 1748 1739; x_wconf 87' lang='lat' dir='ltr'>omnibus</span> <span class='ocrx_word' id='word_1_694' title='bbox 1771 1711 1926 1740; x_wconf 84' lang='lat' dir='ltr'>credatur.</span> 
     </span>
    </p>
   </div>
   <div class='ocr_carea' id='block_1_96' title="bbox 1097 1752 1927 1792">
    <p class='ocr_par' dir='ltr' id='par_1_96' title="bbox 1097 1752 1927 1792">
     <span class='ocr_line' id='line_1_96' title="bbox 1097 1752 1927 1792; baseline 0.006 -13"><span class='ocrx_word' id='word_1_695' title='bbox 1097 1752 1294 1780; x_wconf 86' lang='lat' dir='ltr'>Combeﬁsius</span> <span class='ocrx_word' id='word_1_696' title='bbox 1309 1753 1393 1781; x_wconf 92' lang='lat' dir='ltr'>nullo</span> <span class='ocrx_word' id='word_1_697' title='bbox 1414 1754 1507 1782; x_wconf 88' lang='lat' dir='ltr'>modo</span> <span class='ocrx_word' id='word_1_698' title='bbox 1520 1754 1638 1783; x_wconf 86' lang='lat' dir='ltr'>dubitat</span> <span class='ocrx_word' id='word_1_699' title='bbox 1655 1756 1729 1792; x_wconf 91' lang='lat' dir='ltr'>quin</span> <span class='ocrx_word' id='word_1_700' title='bbox 1754 1756 1820 1784; x_wconf 61' lang='lat' dir='ltr'>haec</span> <span class='ocrx_word' id='word_1_701' title='bbox 1841 1756 1927 1784; x_wconf 89' lang='lat' dir='ltr'>lucu—</span> 
     </span>
    </p>
   </div>
   <div class='ocr_carea' id='block_1_97' title="bbox 1094 1796 1927 1836">
    <p class='ocr_par' dir='ltr' id='par_1_97' title="bbox 1094 1796 1927 1836">
     <span class='ocr_line' id='line_1_97' title="bbox 1094 1796 1927 1836; baseline 0.006 -12"><span class='ocrx_word' id='word_1_702' title='bbox 1094 1796 1288 1825; x_wconf 82' lang='lat' dir='ltr'>bratiuncula</span> <span class='ocrx_word' id='word_1_703' title='bbox 1300 1805 1372 1825; x_wconf 87' lang='lat' dir='ltr'>vera</span> <span class='ocrx_word' id='word_1_704' title='bbox 1387 1797 1425 1826; x_wconf 92' lang='lat' dir='ltr'>sit</span> <span class='ocrx_word' id='word_1_705' title='bbox 1435 1806 1470 1826; x_wconf 86' lang='lat' dir='ltr'>ac</span> <span class='ocrx_word' id='word_1_706' title='bbox 1485 1806 1632 1834; x_wconf 86' lang='lat' dir='ltr'>germana</span> <span class='ocrx_word' id='word_1_707' title='bbox 1648 1808 1655 1827; x_wconf 86' lang='lat'>:</span> <span class='ocrx_word' id='word_1_708' title='bbox 1669 1800 1874 1829; x_wconf 86' lang='lat' dir='ltr'>Tillemontius</span> <span class='ocrx_word' id='word_1_709' title='bbox 1887 1801 1927 1836; x_wconf 72' lang='grc' dir='ltr'>(ι’)</span> 
     </span>
    </p>
   </div>
   <div class='ocr_carea' id='block_1_98' title="bbox 1094 1843 1924 1879">
    <p class='ocr_par' dir='ltr' id='par_1_98' title="bbox 1094 1843 1924 1879">
     <span class='ocr_line' id='line_1_98' title="bbox 1094 1843 1924 1879; baseline 0.006 -10"><span class='ocrx_word' id='word_1_710' title='bbox 1094 1850 1166 1870; x_wconf 85' lang='lat' dir='ltr'>vero</span> <span class='ocrx_word' id='word_1_711' title='bbox 1181 1850 1249 1870; x_wconf 89' lang='lat' dir='ltr'>eam</span> <span class='ocrx_word' id='word_1_712' title='bbox 1263 1843 1388 1878; x_wconf 88' lang='lat' dir='ltr'>quidem</span> <span class='ocrx_word' id='word_1_713' title='bbox 1404 1851 1459 1879; x_wconf 90' lang='lat' dir='ltr'>pro</span> <span class='ocrx_word' id='word_1_714' title='bbox 1475 1852 1544 1872; x_wconf 86' lang='lat' dir='ltr'>vera.</span> <span class='ocrx_word' id='word_1_715' title='bbox 1554 1844 1671 1879; x_wconf 87' lang='lat' dir='ltr'>habuit,</span> <span class='ocrx_word' id='word_1_716' title='bbox 1687 1845 1741 1873; x_wconf 89' lang='lat' dir='ltr'>sed</span> <span class='ocrx_word' id='word_1_717' title='bbox 1754 1846 1796 1873; x_wconf 90' lang='lat' dir='ltr'>ita</span> <span class='ocrx_word' id='word_1_718' title='bbox 1809 1848 1924 1879; x_wconf 84' lang='lat' dir='ltr'>tamen,</span> 
     </span>
    </p>
   </div>
   <div class='ocr_carea' id='block_1_99' title="bbox 1093 1887 1925 1925">
    <p class='ocr_par' dir='ltr' id='par_1_99' title="bbox 1093 1887 1925 1925">
     <span class='ocr_line' id='line_1_99' title="bbox 1093 1887 1925 1925; baseline 0.006 -11"><span class='ocrx_word' id='word_1_719' title='bbox 1093 1888 1126 1914; x_wconf 91' lang='lat' dir='ltr'>ut</span> <span class='ocrx_word' id='word_1_720' title='bbox 1139 1895 1201 1915; x_wconf 91' lang='lat' dir='ltr'>non</span> <span class='ocrx_word' id='word_1_721' title='bbox 1215 1887 1343 1915; x_wconf 89' lang='lat' dir='ltr'>obscure</span> <span class='ocrx_word' id='word_1_722' title='bbox 1358 1888 1506 1916; x_wconf 85' lang='lat' dir='ltr'>indicaret</span> <span class='ocrx_word' id='word_1_723' title='bbox 1524 1897 1556 1917; x_wconf 90' lang='lat' dir='ltr'>se</span> <span class='ocrx_word' id='word_1_724' title='bbox 1570 1897 1632 1918; x_wconf 89' lang='lat' dir='ltr'>non</span> <span class='ocrx_word' id='word_1_725' title='bbox 1650 1890 1741 1925; x_wconf 86' lang='lat' dir='ltr'>longe</span> <span class='ocrx_word' id='word_1_726' title='bbox 1756 1890 1865 1918; x_wconf 87' lang='lat' dir='ltr'>abesse</span> <span class='ocrx_word' id='word_1_727' title='bbox 1884 1891 1925 1919; x_wconf 92' lang='lat' dir='ltr'>ab</span> 
     </span>
    </p>
   </div>
   <div class='ocr_carea' id='block_1_100' title="bbox 1095 1931 1925 1969">
    <p class='ocr_par' dir='ltr' id='par_1_100' title="bbox 1095 1931 1925 1969">
     <span class='ocr_line' id='line_1_100' title="bbox 1095 1931 1925 1969; baseline 0.006 -10"><span class='ocrx_word' id='word_1_728' title='bbox 1095 1939 1201 1960; x_wconf 88' lang='lat' dir='ltr'>eorum</span> <span class='ocrx_word' id='word_1_729' title='bbox 1215 1931 1368 1968; x_wconf 88' lang='lat' dir='ltr'>opinione,</span> <span class='ocrx_word' id='word_1_730' title='bbox 1384 1933 1436 1969; x_wconf 91' lang='lat' dir='ltr'>qui</span> <span class='ocrx_word' id='word_1_731' title='bbox 1451 1933 1536 1962; x_wconf 87' lang='lat' dir='ltr'>aliter</span> <span class='ocrx_word' id='word_1_732' title='bbox 1556 1935 1709 1963; x_wconf 87' lang='lat' dir='ltr'>sentirent.</span> <span class='ocrx_word' id='word_1_733' title='bbox 1728 1936 1775 1964; x_wconf 75' lang='lat' dir='ltr'>Ait</span> <span class='ocrx_word' id='word_1_734' title='bbox 1789 1936 1871 1964; x_wconf 90' lang='lat' dir='ltr'>enim</span> <span class='ocrx_word' id='word_1_735' title='bbox 1893 1945 1925 1964; x_wconf 88' lang='lat' dir='ltr'>se</span> 
     </span>
    </p>
   </div>
   <div class='ocr_carea' id='block_1_101' title="bbox 1091 1976 1926 2015">
    <p class='ocr_par' dir='ltr' id='par_1_101' title="bbox 1091 1976 1926 2015">
     <span class='ocr_line' id='line_1_101' title="bbox 1091 1976 1926 2015; baseline 0.007 -12"><span class='ocrx_word' id='word_1_736' title='bbox 1091 1981 1124 2009; x_wconf 69' lang='lat' dir='ltr'>in</span> <span class='ocrx_word' id='word_1_737' title='bbox 1144 1976 1211 2012; x_wconf 89' lang='lat' dir='ltr'>ipsa</span> <span class='ocrx_word' id='word_1_738' title='bbox 1224 1984 1337 2012; x_wconf 89' lang='lat' dir='ltr'>parum</span> <span class='ocrx_word' id='word_1_739' title='bbox 1352 1980 1380 2005; x_wconf 91' lang='lat' dir='ltr'>et</span> <span class='ocrx_word' id='word_1_740' title='bbox 1394 1978 1597 2012; x_wconf 88' lang='lat' dir='ltr'>igniculorum</span> <span class='ocrx_word' id='word_1_741' title='bbox 1612 1982 1639 2007; x_wconf 89' lang='lat' dir='ltr'>et</span> <span class='ocrx_word' id='word_1_742' title='bbox 1653 1979 1810 2015; x_wconf 81' lang='lat' dir='ltr'>elegantiae</span> <span class='ocrx_word' id='word_1_743' title='bbox 1823 1981 1926 2009; x_wconf 87' lang='lat' dir='ltr'>Basilii</span> 
     </span>
    </p>
   </div>
   <div class='ocr_carea' id='block_1_102' title="bbox 1092 2022 1926 2057">
    <p class='ocr_par' dir='ltr' id='par_1_102' title="bbox 1092 2022 1926 2057">
     <span class='ocr_line' id='line_1_102' title="bbox 1092 2022 1926 2057; baseline 0.005 -7"><span class='ocrx_word' id='word_1_744' title='bbox 1092 2022 1215 2050; x_wconf 83' lang='lat' dir='ltr'>vidisse.</span> <span class='ocrx_word' id='word_1_745' title='bbox 1239 2023 1300 2057; x_wconf 82' lang='lat' dir='ltr'>Ego</span> <span class='ocrx_word' id='word_1_746' title='bbox 1323 2025 1425 2051; x_wconf 90' lang='lat' dir='ltr'>autem</span> <span class='ocrx_word' id='word_1_747' title='bbox 1449 2031 1510 2051; x_wconf 89' lang='lat' dir='ltr'>non</span> <span class='ocrx_word' id='word_1_748' title='bbox 1527 2023 1627 2052; x_wconf 87' lang='lat' dir='ltr'>dicam</span> <span class='ocrx_word' id='word_1_749' title='bbox 1639 2025 1741 2053; x_wconf 87' lang='lat' dir='ltr'>videre</span> <span class='ocrx_word' id='word_1_750' title='bbox 1754 2034 1803 2054; x_wconf 87' lang='lat' dir='ltr'>me</span> <span class='ocrx_word' id='word_1_751' title='bbox 1817 2026 1848 2054; x_wconf 91' lang='lat' dir='ltr'>in</span> <span class='ocrx_word' id='word_1_752' title='bbox 1863 2026 1926 2054; x_wconf 85' lang='lat' dir='ltr'>hoc</span> 
     </span>
    </p>
   </div>
   <div class='ocr_carea' id='block_1_103' title="bbox 1092 2066 1927 2107">
    <p class='ocr_par' dir='ltr' id='par_1_103' title="bbox 1092 2066 1927 2107">
     <span class='ocr_line' id='line_1_103' title="bbox 1092 2066 1927 2107; baseline 0.006 -13"><span class='ocrx_word' id='word_1_753' title='bbox 1092 2066 1242 2103; x_wconf 90' lang='lat' dir='ltr'>opusculo</span> <span class='ocrx_word' id='word_1_754' title='bbox 1253 2075 1362 2103; x_wconf 84' lang='lat' dir='ltr'>parum</span> <span class='ocrx_word' id='word_1_755' title='bbox 1374 2068 1518 2096; x_wconf 86' lang='lat' dir='ltr'>Basiliani</span> <span class='ocrx_word' id='word_1_756' title='bbox 1533 2069 1604 2104; x_wconf 86' lang='lat' dir='ltr'>styli</span> <span class='ocrx_word' id='word_1_757' title='bbox 1615 2078 1622 2096; x_wconf 88' lang='lat'>:</span> <span class='ocrx_word' id='word_1_758' title='bbox 1633 2070 1686 2098; x_wconf 87' lang='lat' dir='ltr'>sed</span> <span class='ocrx_word' id='word_1_759' title='bbox 1697 2069 1860 2099; x_wconf 80' lang='lat' dir='ltr'>afﬁrmabo</span> <span class='ocrx_word' id='word_1_760' title='bbox 1871 2079 1927 2107; x_wconf 89' lang='lat' dir='ltr'>po-</span> 
     </span>
    </p>
   </div>
   <div class='ocr_carea' id='block_1_104' title="bbox 1091 2112 1924 2151">
    <p class='ocr_par' dir='ltr' id='par_1_104' title="bbox 1091 2112 1924 2151">
     <span class='ocr_line' id='line_1_104' title="bbox 1091 2112 1924 2151; baseline 0.007 -12"><span class='ocrx_word' id='word_1_761' title='bbox 1091 2112 1149 2140; x_wconf 89' lang='lat' dir='ltr'>tius</span> <span class='ocrx_word' id='word_1_762' title='bbox 1171 2119 1220 2140; x_wconf 89' lang='lat' dir='ltr'>me</span> <span class='ocrx_word' id='word_1_763' title='bbox 1243 2112 1318 2140; x_wconf 86' lang='lat' dir='ltr'>nihil</span> <span class='ocrx_word' id='word_1_764' title='bbox 1330 2112 1456 2140; x_wconf 89' lang='lat' dir='ltr'>omnino</span> <span class='ocrx_word' id='word_1_765' title='bbox 1471 2113 1503 2141; x_wconf 90' lang='lat' dir='ltr'>in</span> <span class='ocrx_word' id='word_1_766' title='bbox 1523 2121 1559 2141; x_wconf 93' lang='lat' dir='ltr'>eo</span> <span class='ocrx_word' id='word_1_767' title='bbox 1573 2114 1719 2149; x_wconf 86' lang='lat' dir='ltr'>invenire,</span> <span class='ocrx_word' id='word_1_768' title='bbox 1742 2116 1827 2151; x_wconf 88' lang='lat' dir='ltr'>quod</span> <span class='ocrx_word' id='word_1_769' title='bbox 1849 2117 1924 2145; x_wconf 88' lang='lat' dir='ltr'>tanti</span> 
     </span>
    </p>
   </div>
   <div class='ocr_carea' id='block_1_105' title="bbox 1091 2156 1925 2195">
    <p class='ocr_par' dir='ltr' id='par_1_105' title="bbox 1091 2156 1925 2195">
     <span class='ocr_line' id='line_1_105' title="bbox 1091 2156 1925 2195; baseline 0.006 -11"><span class='ocrx_word' id='word_1_770' title='bbox 1091 2156 1144 2184; x_wconf 89' lang='lat' dir='ltr'>viri</span> <span class='ocrx_word' id='word_1_771' title='bbox 1159 2156 1297 2192; x_wconf 89' lang='lat' dir='ltr'>phrasim</span> <span class='ocrx_word' id='word_1_772' title='bbox 1311 2157 1359 2184; x_wconf 92' lang='lat' dir='ltr'>vel</span> <span class='ocrx_word' id='word_1_773' title='bbox 1374 2157 1531 2192; x_wconf 84' lang='lat' dir='ltr'>paululum</span> <span class='ocrx_word' id='word_1_774' title='bbox 1549 2159 1657 2195; x_wconf 89' lang='lat' dir='ltr'>sapiat.</span> <span class='ocrx_word' id='word_1_775' title='bbox 1673 2160 1778 2188; x_wconf 88' lang='lat' dir='ltr'>Sermo</span> <span class='ocrx_word' id='word_1_776' title='bbox 1798 2160 1925 2189; x_wconf 85' lang='lat' dir='ltr'>humilis</span> 
     </span>
    </p>
   </div>
   <div class='ocr_carea' id='block_1_106' title="bbox 1091 2200 1925 2241">
    <p class='ocr_par' dir='ltr' id='par_1_106' title="bbox 1091 2200 1925 2241">
     <span class='ocr_line' id='line_1_106' title="bbox 1091 2200 1925 2241; baseline 0.008 -14"><span class='ocrx_word' id='word_1_777' title='bbox 1091 2203 1136 2228; x_wconf 85' lang='lat' dir='ltr'>est</span> <span class='ocrx_word' id='word_1_778' title='bbox 1149 2203 1177 2228; x_wconf 91' lang='lat' dir='ltr'>et</span> <span class='ocrx_word' id='word_1_779' title='bbox 1192 2200 1329 2236; x_wconf 86' lang='lat' dir='ltr'>abjectus</span> <span class='ocrx_word' id='word_1_780' title='bbox 1342 2201 1523 2230; x_wconf 85' lang='lat' dir='ltr'>:verborum</span> <span class='ocrx_word' id='word_1_781' title='bbox 1535 2204 1719 2232; x_wconf 71' lang='lat' dir='ltr'>constructio</span> <span class='ocrx_word' id='word_1_782' title='bbox 1727 2204 1757 2232; x_wconf 94' lang='lat' dir='ltr'>in</span> <span class='ocrx_word' id='word_1_783' title='bbox 1769 2204 1925 2241; x_wconf 86' lang='lat' dir='ltr'>aliquibus</span> 
     </span>
    </p>
   </div>
   <div class='ocr_carea' id='block_1_107' title="bbox 1090 2244 1925 2286">
    <p class='ocr_par' dir='ltr' id='par_1_107' title="bbox 1090 2244 1925 2286">
     <span class='ocr_line' id='line_1_107' title="bbox 1090 2244 1925 2286; baseline 0.007 -14"><span class='ocrx_word' id='word_1_784' title='bbox 1090 2245 1164 2273; x_wconf 90' lang='lat' dir='ltr'>locis</span> <span class='ocrx_word' id='word_1_785' title='bbox 1180 2244 1263 2273; x_wconf 91' lang='lat' dir='ltr'>nulla</span> <span class='ocrx_word' id='word_1_786' title='bbox 1278 2254 1284 2273; x_wconf 88' lang='lat'><strong>:</strong></span> <span class='ocrx_word' id='word_1_787' title='bbox 1302 2246 1457 2273; x_wconf 75' lang='lat' dir='ltr'>sententiae</span> <span class='ocrx_word' id='word_1_788' title='bbox 1479 2247 1628 2276; x_wconf 68' lang='lat' dir='ltr'>obscurae.</span> <span class='ocrx_word' id='word_1_789' title='bbox 1648 2249 1825 2277; x_wconf 88' lang='lat' dir='ltr'>Sermonem</span> <span class='ocrx_word' id='word_1_790' title='bbox 1841 2250 1925 2286; x_wconf 87' lang='lat' dir='ltr'>abje—</span> 
     </span>
    </p>
   </div>
   <div class='ocr_carea' id='block_1_108' title="bbox 1091 2290 1923 2332">
    <p class='ocr_par' dir='ltr' id='par_1_108' title="bbox 1091 2290 1923 2332">
     <span class='ocr_line' id='line_1_108' title="bbox 1091 2290 1923 2332; baseline 0.008 -15"><span class='ocrx_word' id='word_1_791' title='bbox 1091 2292 1173 2318; x_wconf 89' lang='lat' dir='ltr'>ctum</span> <span class='ocrx_word' id='word_1_792' title='bbox 1186 2297 1250 2318; x_wconf 90' lang='lat' dir='ltr'>esse</span> <span class='ocrx_word' id='word_1_793' title='bbox 1265 2292 1293 2318; x_wconf 89' lang='lat' dir='ltr'>et</span> <span class='ocrx_word' id='word_1_794' title='bbox 1312 2290 1468 2324; x_wconf 85' lang='lat' dir='ltr'>humilem,</span> <span class='ocrx_word' id='word_1_795' title='bbox 1485 2300 1585 2325; x_wconf 90' lang='lat' dir='ltr'>nemo,</span> <span class='ocrx_word' id='word_1_796' title='bbox 1610 2292 1727 2329; x_wconf 88' lang='lat' dir='ltr'>opinor,</span> <span class='ocrx_word' id='word_1_797' title='bbox 1747 2294 1853 2328; x_wconf 90' lang='lat' dir='ltr'>homo,</span> <span class='ocrx_word' id='word_1_798' title='bbox 1868 2296 1923 2332; x_wconf 88' lang='lat' dir='ltr'>qui</span> 
     </span>
    </p>
   </div>
   <div class='ocr_carea' id='block_1_109' title="bbox 1090 2334 1922 2371">
    <p class='ocr_par' dir='ltr' id='par_1_109' title="bbox 1090 2334 1922 2371">
     <span class='ocr_line' id='line_1_109' title="bbox 1090 2334 1922 2371; baseline 0.008 -10"><span class='ocrx_word' id='word_1_799' title='bbox 1090 2334 1148 2362; x_wconf 91' lang='lat' dir='ltr'>hoc</span> <span class='ocrx_word' id='word_1_800' title='bbox 1163 2334 1336 2371; x_wconf 89' lang='lat' dir='ltr'>epistolium</span> <span class='ocrx_word' id='word_1_801' title='bbox 1356 2335 1470 2370; x_wconf 85' lang='lat' dir='ltr'>legerit,</span> <span class='ocrx_word' id='word_1_802' title='bbox 1486 2336 1682 2365; x_wconf 83' lang='lat' dir='ltr'>inﬁciabitur.</span> <span class='ocrx_word' id='word_1_803' title='bbox 1703 2340 1765 2366; x_wconf 89' lang='lat' dir='ltr'>lmo</span> <span class='ocrx_word' id='word_1_804' title='bbox 1780 2339 1875 2368; x_wconf 88' lang='lat' dir='ltr'>etiam</span> <span class='ocrx_word' id='word_1_805' title='bbox 1890 2340 1922 2368; x_wconf 94' lang='lat' dir='ltr'>id</span> 
     </span>
    </p>
   </div>
   <div class='ocr_carea' id='block_1_110' title="bbox 1089 2379 1922 2418">
    <p class='ocr_par' dir='ltr' id='par_1_110' title="bbox 1089 2379 1922 2418">
     <span class='ocr_line' id='line_1_110' title="bbox 1089 2379 1922 2418; baseline 0.007 -12"><span class='ocrx_word' id='word_1_806' title='bbox 1089 2379 1131 2407; x_wconf 87' lang='lat' dir='ltr'>ita</span> <span class='ocrx_word' id='word_1_807' title='bbox 1144 2387 1219 2412; x_wconf 85' lang='lat' dir='ltr'>esse,</span> <span class='ocrx_word' id='word_1_808' title='bbox 1229 2387 1264 2406; x_wconf 85' lang='lat' dir='ltr'>ex</span> <span class='ocrx_word' id='word_1_809' title='bbox 1276 2379 1318 2407; x_wconf 93' lang='lat' dir='ltr'>eis</span> <span class='ocrx_word' id='word_1_810' title='bbox 1329 2388 1397 2416; x_wconf 71' lang='lat' dir='ltr'>quae</span> <span class='ocrx_word' id='word_1_811' title='bbox 1411 2389 1484 2409; x_wconf 82' lang='lat' dir='ltr'>mox</span> <span class='ocrx_word' id='word_1_812' title='bbox 1500 2382 1669 2410; x_wconf 83' lang='lat' dir='ltr'>exscribam</span> <span class='ocrx_word' id='word_1_813' title='bbox 1684 2382 1861 2418; x_wconf 78' lang='lat' dir='ltr'>fragmentis</span> <span class='ocrx_word' id='word_1_814' title='bbox 1877 2385 1922 2413; x_wconf 87' lang='lat' dir='ltr'>fa.-</span> 
     </span>
    </p>
   </div>
   <div class='ocr_carea' id='block_1_111' title="bbox 1090 2423 1921 2462">
    <p class='ocr_par' dir='ltr' id='par_1_111' title="bbox 1090 2423 1921 2462">
     <span class='ocr_line' id='line_1_111' title="bbox 1090 2423 1921 2462; baseline 0.008 -12"><span class='ocrx_word' id='word_1_815' title='bbox 1090 2423 1145 2451; x_wconf 90' lang='lat' dir='ltr'>cile</span> <span class='ocrx_word' id='word_1_816' title='bbox 1156 2431 1173 2451; x_wconf 86' lang='lat' dir='ltr'>a</span> <span class='ocrx_word' id='word_1_817' title='bbox 1188 2423 1299 2460; x_wconf 88' lang='lat' dir='ltr'>quovis</span> <span class='ocrx_word' id='word_1_818' title='bbox 1314 2424 1440 2459; x_wconf 82' lang='lat' dir='ltr'>intelligi</span> <span class='ocrx_word' id='word_1_819' title='bbox 1454 2426 1571 2462; x_wconf 85' lang='lat' dir='ltr'>poterit.</span> <span class='ocrx_word' id='word_1_820' title='bbox 1587 2428 1654 2454; x_wconf 75' lang='lat' dir='ltr'>lam</span> <span class='ocrx_word' id='word_1_821' title='bbox 1670 2435 1766 2455; x_wconf 91' lang='lat' dir='ltr'>unum</span> <span class='ocrx_word' id='word_1_822' title='bbox 1780 2430 1833 2456; x_wconf 89' lang='lat' dir='ltr'>aut</span> <span class='ocrx_word' id='word_1_823' title='bbox 1848 2429 1921 2457; x_wconf 90' lang='lat' dir='ltr'>alte-</span> 
     </span>
    </p>
   </div>
   <div class='ocr_carea' id='block_1_112' title="bbox 1089 2468 1919 2504">
    <p class='ocr_par' dir='ltr' id='par_1_112' title="bbox 1089 2468 1919 2504">
     <span class='ocr_line' id='line_1_112' title="bbox 1089 2468 1919 2504; baseline 0.008 -9"><span class='ocrx_word' id='word_1_824' title='bbox 1089 2476 1158 2496; x_wconf 87' lang='lat' dir='ltr'>rum</span> <span class='ocrx_word' id='word_1_825' title='bbox 1173 2468 1275 2496; x_wconf 90' lang='lat' dir='ltr'>locum</span> <span class='ocrx_word' id='word_1_826' title='bbox 1296 2469 1460 2504; x_wconf 85' lang='lat' dir='ltr'>proferam,</span> <span class='ocrx_word' id='word_1_827' title='bbox 1477 2473 1509 2498; x_wconf 92' lang='lat' dir='ltr'>ut</span> <span class='ocrx_word' id='word_1_828' title='bbox 1533 2471 1696 2500; x_wconf 87' lang='lat' dir='ltr'>verborum</span> <span class='ocrx_word' id='word_1_829' title='bbox 1720 2475 1919 2502; x_wconf 87' lang='lat' dir='ltr'>constructio-</span> 
     </span>
    </p>
   </div>
   <div class='ocr_carea' id='block_1_113' title="bbox 1090 2512 1919 2553">
    <p class='ocr_par' dir='ltr' id='par_1_113' title="bbox 1090 2512 1919 2553">
     <span class='ocr_line' id='line_1_113' title="bbox 1090 2512 1919 2553; baseline 0.007 -13"><span class='ocrx_word' id='word_1_830' title='bbox 1090 2520 1161 2540; x_wconf 90' lang='lat' dir='ltr'>nem</span> <span class='ocrx_word' id='word_1_831' title='bbox 1193 2512 1305 2540; x_wconf 87' lang='lat' dir='ltr'>alicubi</span> <span class='ocrx_word' id='word_1_832' title='bbox 1334 2513 1450 2541; x_wconf 88' lang='lat' dir='ltr'>nullam</span> <span class='ocrx_word' id='word_1_833' title='bbox 1484 2523 1551 2543; x_wconf 92' lang='lat' dir='ltr'>esse</span> <span class='ocrx_word' id='word_1_834' title='bbox 1584 2515 1722 2551; x_wconf 89' lang='lat' dir='ltr'>probem.</span> <span class='ocrx_word' id='word_1_835' title='bbox 1753 2517 1796 2545; x_wconf 88' lang='lat' dir='ltr'>lta</span> <span class='ocrx_word' id='word_1_836' title='bbox 1829 2517 1919 2553; x_wconf 82' lang='lat' dir='ltr'>igitur</span> 
     </span>
    </p>
   </div>
   <div class='ocr_carea' id='block_1_114' title="bbox 1090 2556 1917 2599">
    <p class='ocr_par' dir='ltr' id='par_1_114' title="bbox 1090 2556 1917 2599">
     <span class='ocr_line' id='line_1_114' title="bbox 1090 2556 1917 2599; baseline 0.005 -15"><span class='ocrx_word' id='word_1_837' title='bbox 1090 2558 1195 2585; x_wconf 85' lang='lat' dir='ltr'>auctor</span> <span class='ocrx_word' id='word_1_838' title='bbox 1209 2556 1346 2593; x_wconf 75' lang='lat' dir='ltr'>scripsit:</span> <span class='ocrx_word' id='word_1_839' title='bbox 1364 2560 1468 2595; x_wconf 80' lang='grc' dir='ltr'>Προσθή</span> <span class='ocrx_word' id='word_1_840' title='bbox 1475 2569 1547 2585; x_wconf 83' lang='grc' dir='ltr'>σεται</span> <span class='ocrx_word' id='word_1_841' title='bbox 1560 2558 1590 2586; x_wconf 75' lang='grc' dir='ltr'>δέ</span> <span class='ocrx_word' id='word_1_842' title='bbox 1604 2570 1650 2596; x_wconf 83' lang='grc' dir='ltr'>μοι</span> <span class='ocrx_word' id='word_1_843' title='bbox 1664 2563 1693 2586; x_wconf 86' lang='grc' dir='ltr'><strong>τὸ</strong></span> <span class='ocrx_word' id='word_1_844' title='bbox 1708 2564 1799 2597; x_wconf 79' lang='grc' dir='ltr'>κρῖμα,</span> <span class='ocrx_word' id='word_1_845' title='bbox 1816 2567 1917 2599; x_wconf 76' lang='grc' dir='ltr'>πρῶτον</span> 
     </span>
    </p>
   </div>
   <div class='ocr_carea' id='block_1_115' title="bbox 1090 2602 1919 2638">
    <p class='ocr_par' dir='ltr' id='par_1_115' title="bbox 1090 2602 1919 2638">
     <span class='ocr_line' id='line_1_115' title="bbox 1090 2602 1919 2638; baseline 0.008 -12"><span class='ocrx_word' id='word_1_846' title='bbox 1090 2603 1134 2638; x_wconf 69' lang='grc' dir='ltr'>μὲν</span> <span class='ocrx_word' id='word_1_847' title='bbox 1147 2604 1194 2631; x_wconf 78' lang='grc' dir='ltr'>τὴν</span> <span class='ocrx_word' id='word_1_848' title='bbox 1213 2602 1298 2628; x_wconf 81' lang='grc' dir='ltr'>αἰτίαν</span> <span class='ocrx_word' id='word_1_849' title='bbox 1318 2605 1363 2629; x_wconf 82' lang='grc' dir='ltr'>καὶ</span> <span class='ocrx_word' id='word_1_850' title='bbox 1378 2605 1421 2629; x_wconf 80' lang='grc' dir='ltr'>τὸν</span> <span class='ocrx_word' id='word_1_851' title='bbox 1445 2602 1565 2630; x_wconf 78' lang='grc' dir='ltr'>κίνδυνον</span> <span class='ocrx_word' id='word_1_852' title='bbox 1580 2609 1629 2636; x_wconf 87' lang='grc' dir='ltr'>τῆς</span> <span class='ocrx_word' id='word_1_853' title='bbox 1647 2607 1779 2637; x_wconf 80' lang='grc' dir='ltr'>τοσαύτης</span> <span class='ocrx_word' id='word_1_854' title='bbox 1798 2611 1850 2632; x_wconf 80' lang='grc' dir='ltr'>τῶν</span> <span class='ocrx_word' id='word_1_855' title='bbox 1865 2607 1919 2634; x_wconf 78' lang='grc' dir='ltr'>Ἐχ-</span> 
     </span>
    </p>
   </div>
   <div class='ocr_carea' id='block_1_116' title="bbox 1146 2727 1504 2764">
    <p class='ocr_par' dir='ltr' id='par_1_116' title="bbox 1146 2727 1504 2764">
     <span class='ocr_line' id='line_1_116' title="bbox 1146 2727 1504 2764; baseline 0.006 -10"><span class='ocrx_word' id='word_1_856' title='bbox 1146 2727 1182 2763; x_wconf 86' lang='lat' dir='ltr'>(c)</span> <span class='ocrx_word' id='word_1_857' title='bbox 1196 2727 1278 2754; x_wconf 88' lang='lat' dir='ltr'>Tom.</span> <span class='ocrx_word' id='word_1_858' title='bbox 1295 2728 1338 2761; x_wconf 83' lang='lat' dir='ltr'>IX,</span> <span class='ocrx_word' id='word_1_859' title='bbox 1354 2735 1424 2764; x_wconf 87' lang='lat' dir='ltr'>pag.</span> <span class='ocrx_word' id='word_1_860' title='bbox 1443 2730 1504 2756; x_wconf 80' lang='grc'>634.</span> 
     </span>
    </p>
   </div>
  </div>
