2020 3140
83 148 126 173 13¹ῖ
829 141 1026 169 ΡΒιΕΡΑΤΙΟ.

1727 146 1778 172 138

77 207 183 235 ulna-uin
196 209 241 231 τοῦ
256 209 323 232 Θεοῦ
338 208 383 231 καὶ
396 204 506 231 ἑκάστου
522 206 586 241 πρὸς
601 204 639 239 (a)
656 206 684 230 τὸ
707 206 779 241 ἔργον
796 202 893 240 διαφω-

952 205 1131 237 charitatem
1152 205 1322 241 scriberem,
1345 207 1402 234 etc.
1423 205 1515 234 Velim
1531 205 1633 241 igitur,
1658 206 1684 234 si
1708 207 1778 243 quis

75 253 126 281 νίας
139 260 164 276 τε
177 253 220 275 καὶ
236 248 413 280 διαστάσεως·
431 247 562 287 δεύτερον,
581 251 627 280 τὰς
657 248 684 274 ἐκ
705 253 753 280 τῆς
771 250 893 275 θεοπτΞύ-

78 306 133 321 στου
163 298 265 331 Γραγῆς
286 292 432 325 ἀποδείξεις
460 296 517 330 περὶ
548 298 593 320 τοῦ
627 296 713 320 πᾶσαν
747 292 895 330 παράϐασιν

76 340 172 370 ιντολῆς
195 343 261 365 Θεοῦ
279 337 401 375 σφοδρῶς
415 341 459 364 καὶ
475 337 587 375 φοϐερῶς
602 336 800 368 ἐκδικήσαντος·
818 339 894 370 ὥστε,

75 388 127 412 etc.
142 385 212 416 Quae
228 383 323 411 verba
337 383 378 411 sic
406 383 506 411 Latine
526 382 656 410 reddidit
675 382 872 411 Combeﬁsius
888 389 894 409 :

75 428 149 455 Hinc
164 435 233 456 vero
243 429 343 462 ejusce
353 428 396 454 rei
409 428 553 455 rationem
568 427 734 462 adjungam
748 435 754 459 ;
767 427 898 462 primum

75 472 186 508 quidem
208 480 274 507 qua:
293 479 385 500 causa
404 473 450 507 sit,
468 472 583 508 quodve
603 472 787 506 periculum;
804 474 898 499 tanta?

74 517 274 544 Ecclesiarum
292 517 347 544 Dei
360 524 397 544 ac
411 517 556 552 cujusque
567 516 654 544 rebus
668 517 792 551 agendis
808 515 898 544 disso-

75 564 184 589 nantia:
198 569 235 588 ac
250 561 443 589 dissensionis
456 570 461 594 ;
479 564 542 589 tum
555 561 662 589 deinde
676 563 774 588 certas
799 567 836 588 ex
855 560 898 587 di-

76 606 141 634 vina
163 606 327 640 Scriptura
349 606 540 640 probationes
563 613 599 634 ac
621 606 767 640 rationes,
791 605 898 641 quibus

75 651 240 684 conﬁcitur,
257 652 288 678 in
301 659 415 678 onmem
433 651 524 679 Deum
540 650 897 686 mandatitransgressio-

74 703 134 723 nem
148 696 217 723 acri
226 695 440 731 tremendaque
450 695 638 723 districtione
649 695 897 728 animadvertere,

74 743 114 771 ut,
128 743 182 767 etc.
200 739 287 771 Illud,
303 744 404 776 πρῶτον
428 742 483 776 μὲν,
510 743 568 772 τήν,
586 743 654 771 etc.,
679 740 772 767 verbo
788 742 870 767 caret
890 747 897 767 :

74 784 151 820 quod
163 784 316 819 judicium
330 784 488 812 ferendum
505 788 551 812 est
566 792 689 820 quoque
703 784 740 811 de
754 784 815 819 illo,
837 783 898 810 ris)-

75 839 150 865 τερον,
167 831 216 859 τὰς
229 828 255 855 ἐκ
270 834 319 860 τῆς
339 830 555 857 ﬂama-36mm...
571 829 683 866 φοϐερῶς
698 827 788 858 ἐκδική
795 839 896 860 σαντος.

76 874 137 902 Scio
160 874 288 910 quidem
314 874 428 910 aliquid
453 874 492 902 ab
514 874 637 902 homine
661 874 750 902 docto
766 873 898 911 suppleri
912 879 934 907 Β

75 927 179 955 posse:
198 919 255 946 sed
269 927 358 946 nemo
378 927 438 946 non
461 919 542 946 videt
555 919 682 955 ellipsim
709 919 766 947 hoc
788 918 856 946 loco
870 920 900 946 et

76 963 235 992 violentam
250 971 328 994 esse,
345 966 399 991 eta
415 963 509 991 Basilii
531 963 744 999 perspicuitate
757 963 897 991 alienam.

75 1007 170 1035 Abhis
181 1015 245 1035 non
266 1007 396 1035 multum
417 1007 535 1035 abludit
553 1007 636 1043 quod
656 1007 810 1043 sequitur:
827 1008 899 1033 Μετά

76 1056 152 1078 ταῦτα
165 1052 280 1089 περιέξει
295 1054 341 1081 τὴν
358 1051 448 1081 εὐσεϐῆ
464 1056 509 1077 τοῦ
524 1055 590 1078 Θεοῦ
605 1054 649 1077 καὶ
667 1053 777 1089 [ἰατρὸςν
793 1054 838 1077 καὶ
853 1055 899 1077 τοῦ

75 1102 224 1132 μονογενοῦς
239 1097 299 1122 Υὶοῦ
311 1096 390 1122 αὐτοῦ
402 1099 446 1122 καὶ
458 1100 534 1129 Θεοῦ,
547 1099 591 1122 καὶ
603 1100 648 1122 τοῦ
662 1096 737 1131 ἁγίου
752 1097 899 1132 ΙΙνεῦματος

75 1141 220 1178 ὁμολογίαν·
236 1142 334 1174 ἔπειτα,
349 1144 393 1168 etc
421 1141 464 1168 Ad
477 1141 603 1169 verbum
621 1150 627 1168 :
645 1142 752 1169 Postea
766 1141 848 1175 piam
863 1141 900 1168 de

75 1187 130 1214 Deo
145 1194 180 1214 ac
195 1187 301 1214 Patre.
322 1187 535 1221 unigenz’toque
555 1187 619 1221 ejus
634 1186 713 1214 Filio
728 1193 764 1214 ac
784 1186 855 1220 Deo,
872 1188 900 1213 et

75 1232 187 1265 Spiritu
203 1233 310 1259 sancto
330 1231 544 1266 confessionem
560 1231 771 1266 complectetur
790 1239 797 1258 :
819 1234 898 1258 tum—

75 1284 135 1311 que,
152 1279 209 1304 etc.
232 1277 382 1303 Hactenus
398 1275 482 1303 nulla
505 1275 618 1303 mentio
633 1275 711 1304 facta
726 1278 769 1303 est
785 1276 822 1303 de
838 1275 899 1303 ullo

75 1321 191 1356 scripto,
207 1320 293 1356 quod
317 1320 355 1347 ad
384 1328 448 1347 rem
472 1315 640 1356 pertineat:
657 1323 684 1348 et
707 1323 806 1348 tamen
831 1328 899 1348 auc-

75 1367 128 1398 tor,
162 1364 254 1401 quasi
283 1364 486 1392 nominativus
516 1372 552 1392 ex
586 1364 793 1400 superioribus
827 1372 899 1400 sup-

74 1409 153 1444 pleri,
180 1411 284 1445 posset
307 1417 342 1437 ac
365 1408 499 1442 deberet,
524 1409 566 1436 sic
589 1409 704 1445 incipit,
728 1411 794 1445 μετὰ
816 1413 900 1435 ταῦτα

75 1454 179 1490 περιέξει
200 1457 260 1487 τήν,
277 1457 333 1482 etc.
350 1454 482 1489 Scriptor
501 1454 592 1490 paulo
615 1453 785 1488 diligentior
804 1454 843 1482 ita
858 1453 901 1481 lo-

74 1502 155 1526 cutus
178 1497 288 1526 fuisset
309 1507 315 1526 :
341 1499 412 1524 Μετά
435 1502 518 1523 ταῦτα
542 1499 556 1527 ἡ
582 1498 645 1527 άλλη
672 1497 763 1534 βίϐλος
790 1498 899 1535 περιέξει

73 1545 125 1576 τὴν,
142 1546 197 1571 etc.
220 1543 330 1571 Postea
354 1543 433 1571 alius
455 1543 575 1570 libellus
594 1543 816 1578 complectetur,
839 1545 894 1571 etc.
911 1555 932 1582 ο

72 1587 129 1615 Sub
160 1588 255 1615 tinem
293 1596 362 1615 cum
400 1590 506 1615 auctor
543 1595 712 1616 sermonem
751 1587 896 1616 instituis-

72 1635 113 1660 set
135 1632 172 1660 de
197 1632 372 1666 Moralibus,
387 1632 429 1660 ita
452 1634 628 1668 persecutus
653 1635 720 1660 est:
744 1633 782 1659 Ἐν
807 1633 844 1662 οἷς
867 1635 896 1658 το

70 1687 95 1702 τε
109 1676 322 1714 ἀπηκριϐωμένον
343 1680 388 1703 καὶ
410 1676 525 1714 ἀκριϐῶς
543 1678 731 1715 κεκαθαρμένον
751 1682 798 1708 τῆς
820 1677 896 1703 πολι-

70 1724 135 1752 τείας
149 1720 351 1758 ὃιαφανὴσεται·
376 1725 421 1747 καὶ
436 1723 475 1754 τὸ,
491 1721 522 1747 ἶν’
537 1722 618 1752 οὕτως
642 1723 714 1755 εἴπω,
730 1721 832 1758 ἀξίωμα
846 1726 896 1747 τῶν

70 1765 174 1792 ἐιταύθα
203 1768 370 1802 παρεποντων
398 1765 533 1802 illiilli-hat,
559 1774 650 1802 quem
681 1765 783 1794 locum
814 1766 896 1793 idem

71 1811 268 1838 Combeiisius
293 1810 333 1838 ita
357 1811 571 1846 interpretatus
586 1813 631 1838 est
651 1819 657 1838 :
674 1811 709 1838 In
724 1811 831 1846 quibus
844 1819 895 1839 ex-

69 1859 135 1883 acta
145 1859 238 1891 atque
252 1858 357 1883 exacte
372 1855 543 1890 depurgata
558 1855 730 1890 disciplina
744 1857 821 1883 ratio
832 1856 895 1883 elu-

69 1903 174 1933 cescet;
191 1907 364 1935 eorumque,
386 1903 417 1927 ut
441 1900 484 1927 sic
499 1900 607 1934 dicam,
627 1900 680 1935 qui
695 1900 743 1928 hic
755 1900 898 1934 discipuli

68 1949 233 1981 sequuntur
248 1945 381 1980 dignitas
394 1945 642 1980 persplendescet.
662 1945 715 1972 Ubi
731 1945 760 1972 in
783 1944 896 1973 ultimis

69 1990 163 2018 verbis
178 1990 290 2018 Graecis
305 1990 426 2018 obscuri
449 1989 564 2026 aliquid
587 1989 794 2026 deprehendo.
821 1989 896 2018 illud

67 2035 143 2063 enim
158 2038 204 2061 καὶ
219 2036 260 2068 τὸ,
275 2034 306 2060 ῐν’
320 2035 402 2066 οὕτως
421 2036 493 2067 εἴπω,
512 2034 614 2071 ἀξίωμα
627 2039 678 2060 τῶν
689 2034 798 2061 ἐνταῦθα
813 2044 894 2072 παρε-

67 2082 160 2106 πόντων
177 2079 316 2116 ἓκλάμψει,
331 2079 373 2108 ita
395 2079 573 2115 simpliciter
596 2079 711 2107 dictum
735 2087 797 2108 non
821 2079 894 2108 satis

65 2125 259 2160 perspicuum
273 2124 446 2159 videtur,et,
454 2124 512 2152 nisi
522 2132 581 2152 vox
592 2123 696 2160 aliqua
705 2124 894 2160 suppleatur,

65 2169 111 2197 vix
125 2169 255 2204 intelligi
271 2171 380 2205 potest.
402 2169 447 2196 Ad
464 2169 604 2203 verbum,
621 2176 782 2204 eorumque
796 2172 829 2196 ut
851 2170 894 2197 ita

950 253 990 281 ad
1005 252 1063 280 huc
1086 250 1202 278 dubitet
1221 250 1405 286 haereatque,
1427 250 1507 279 hanc
1526 250 1685 287 epistolam
1707 259 1777 279 cum

951 296 1090 333 genuinis
1106 295 1206 323 Basilii
1222 294 1360 331 Epistolis
1373 297 1527 332 comparet
1537 296 1710 332 statimque,
1721 296 1778 325 nisi

950 342 1039 370 valde
1050 340 1146 375 fallor,
1162 340 1382 369 animadvertet
1400 348 1467 368 eam
1488 341 1527 368 ab
1541 340 1599 369 illis
1619 343 1647 369 et
1661 341 1778 377 perspi—

951 387 1071 422 cuitate,
1083 389 1111 414 et
1121 385 1282 420 elegantia,
1294 387 1322 413 et
1332 384 1513 417 urbanitate,
1525 387 1562 420 et,
1581 388 1614 413 ut
1625 385 1720 414 verbo
1732 385 1777 414 di-

951 440 1029 466 cam,
1051 433 1112 459 toto
1129 430 1279 458 scribendi
1291 438 1399 465 genere
1414 437 1538 466 prorsus
1553 430 1682 459 differre.
1695 431 1778 458 Certe

951 485 1021 504 cum
1045 476 1087 504 ita
1108 476 1177 511 lego
1196 475 1264 511 ipso
1287 475 1391 503 initio:
1408 479 1459 501 Τοῦ
1480 477 1576 513 Κυρίου
1598 477 1671 512 ἡμῶν
1690 476 1777 505 ’ῐησοῡ

953 526 1068 560 Χριστοῦ
1093 522 1315 558 προστάσσοντος·
1340 520 1373 546 Ὀ
1396 520 1462 556 λέγω
1486 521 1556 556 ὑμῖν.
1571 542 1577 548 .
1591 542 1598 548 .
1612 542 1617 548 .
1632 542 1638 548 .
1659 523 1703 547 καὶ
1731 525 1777 547 τοῦ

954 566 1104 593 Ama-robo
1120 570 1167 596 τῆς
1183 570 1284 596 σιωπῆς
1305 566 1334 591 τὸ
1350 568 1432 603 κρῖμα
1447 565 1554 601 φοϐερὸν
1571 563 1729 599 δεικνύντος,
1743 564 1779 592 δι’

953 610 985 637 ὧν
999 621 1064 647 φησι
1078 612 1143 647 πρὸς
1167 612 1227 640 τοὺς
1248 609 1368 646 Ἐφεσίων
1384 609 1584 647 πρεσϐυτέρους·
1602 611 1779 647 Διαμαρτύρο-

953 666 1000 692 μαι
1014 657 1073 691 ὑμῖν
1088 659 1119 691 τῇ
1138 658 1248 692 σήμερον
1262 656 1421 691 numquam.
1435 654 1509 682 Cum
1521 655 1665 682 Dominus
1679 657 1781 683 noster

951 701 1035 728 Jesus
1050 700 1188 728 Christus
1201 700 1359 734 pracipiat
1372 707 1384 727 .’
1399 710 1412 724 ‹‹
1428 710 1442 723 κ
1459 699 1545 732 Quod
1556 699 1637 727 vobis
1649 699 1751 728 dico...
1764 709 1778 724 η

953 746 1115 780 Apostolus
1131 747 1230 773 autem
1241 744 1355 772 silentii
1366 744 1551 771 tremendum
1563 744 1714 778 judicium
1735 751 1780 771 os-

954 790 1068 821 tendat,
1085 790 1155 816 (tum
1174 790 1216 816 sic
1231 789 1430 823 Ephesiorum
1446 788 1638 824 presbyteros
1653 789 1781 824 alloqui-

955 837 1015 868 tur,
1028 846 1042 858 «
1059 835 1216 862 Contestor
1229 841 1280 862 vos
1293 833 1381 861 hodie
1391 833 1425 866 “,
1442 844 1455 857 ιι
1476 835 1531 861 etc.
1545 842 1552 865 ;
1569 832 1642 860 mihi
1656 833 1781 869 quidem

953 879 1039 907 facile
1053 878 1224 915 persuadeo
1247 877 1304 906 hoc
1331 877 1502 914 epistolium
1528 877 1674 913 scriptum
1688 877 1781 905 fuisse

954 923 993 952 ab
1007 923 1120 959 aliquo,
1137 923 1188 958 qui
1212 922 1312 950 Basilii
1332 922 1462 957 Regulus
1486 921 1644 957 diligenter
1657 921 1782 956 legisset

953 969 1037 1004 (nam
1053 968 1084 995 in
1099 967 1157 995 illis
1170 967 1211 996 ita
1226 967 1286 995 fere
1297 966 1462 1003 aliquando
1472 966 1608 1002 loquitur
1622 966 1759 1002 Basilius)
1772 973 1780 993 ε

954 1013 1007 1040 sed
1021 1015 1093 1049 puto
1111 1013 1191 1040 hunc
1205 1012 1372 1046 hominem,
1389 1010 1528 1048 quisquis
1542 1013 1599 1044 est,
1621 1018 1781 1047 nunquam

954 1058 1092 1094 ejusdem
1122 1056 1222 1085 Basilii
1248 1056 1398 1092 Epistolas
1423 1056 1545 1091 legisse,
1562 1058 1614 1083 aut
1635 1057 1713 1083 certe
1728 1062 1781 1083 eas

953 1102 1063 1131 imitari
1082 1110 1144 1130 non
1163 1101 1313 1138 potuisse.
1340 1100 1458 1129 Nullam
1477 1100 1559 1128 enim
1582 1099 1679 1128 Basilii
1703 1099 1782 1135 epis-

953 1147 1046 1175 tolam
1074 1154 1148 1179 esse,
1174 1154 1243 1182 quae
1261 1145 1320 1173 hoc
1346 1145 1393 1173 vel
1412 1145 1501 1172 simili
1520 1144 1620 1187 ’modo
1648 1144 1782 1180 incipiat,

953 1193 1004 1216 Τοῦ
1021 1192 1118 1226 Κυρίου
1142 1190 1215 1224 ἡμῶν
1236 1187 1324 1216 Ἰησοῦ
1348 1191 1467 1224 Χριστοῦ
1490 1188 1715 1224 προστάσσοντος.
1729 1207 1735 1214 .
1750 1207 1757 1213 .
1770 1207 1777 1213 .

953 1237 997 1260 καὶ
1012 1235 1058 1260 τοῦ
1071 1233 1240 1265 Ἀποστό).ου,
1257 1234 1324 1265 etc.,
1348 1231 1502 1259 afﬁrmare
1526 1231 1636 1259 ausim.
1663 1232 1695 1258 Ει
1717 1230 1783 1266 qui-

953 1280 1023 1307 dem
1043 1279 1072 1306 in
1100 1278 1198 1306 indice
1221 1278 1322 1305 Graeco
1344 1276 1565 1305 Basilianarum
1581 1275 1782 1312 Epistolarum

953 1323 1005 1360 qui
1037 1323 1078 1351 ad
1099 1322 1213 1350 calcem
1237 1321 1381 1350 editionis
1396 1321 1574 1349 Parisiensis
1592 1321 1710 1349 locatus
1725 1323 1781 1355 est,

953 1368 1027 1396 nihil
1041 1367 1099 1396 tale
1114 1367 1246 1396 invenio.

991 1415 1033 1441 53.
1054 1414 1138 1441 Nunc
1150 1412 1355 1447 conjecturam
1370 1410 1539 1447 quamdam
1554 1418 1655 1439 meam
1670 1410 1708 1438 de
1723 1410 1782 1439 hoc

954 1457 1092 1494 epistolio
1104 1464 1274 1493 proponere
1287 1456 1404 1484 libitum
1418 1458 1462 1484 est
1478 1463 1484 1483 :
1506 1455 1560 1483 sed
1575 1455 1600 1483 si
1615 1455 1700 1491 prius
1715 1463 1782 1484 mo-

953 1510 1058 1536 nuero,
1074 1502 1133 1530 hoc
1147 1501 1228 1529 idem
1242 1500 1424 1537 epistolium,
1440 1500 1524 1536 quod
1539 1508 1595 1536 pro
1605 1507 1685 1528 novo
1697 1501 1781 1528 Com-

952 1546 1078 1574 hetisius
1095 1545 1196 1577 edidit,
1205 1544 1391 1581 jampridem
1407 1545 1438 1572 in
1450 1545 1562 1572 Veneta
1574 1543 1704 1572 editione
1714 1544 1781 1572 vul-

953 1593 1057 1626 gntum
1084 1590 1185 1618 fuisse.
1201 1589 1343 1625 Suspicor
1364 1589 1453 1624 igitur
1476 1588 1532 1616 has
1547 1588 1692 1616 litterulas
1706 1589 1781 1616 anti-

951 1644 1029 1672 quas
1050 1643 1111 1664 non
1134 1643 1212 1667 esse,
1228 1634 1281 1662 sed
1306 1634 1396 1668 longe
1412 1635 1480 1670 post
1497 1633 1593 1661 Basilii
1613 1635 1731 1661 tetatem
1743 1641 1781 1661 ex

952 1681 1047 1709 Photii
1059 1681 1246 1708 Bibliotheca
1259 1679 1376 1707 efﬁctas
1386 1678 1481 1707 fuisse
1491 1680 1520 1706 et
1532 1685 1703 1712 expressas.
1715 1679 1780 1710 Qua

951 1725 988 1753 de
1003 1734 1034 1752 re
1049 1728 1081 1753 ut
1093 1725 1203 1761 cuique
1217 1724 1389 1752 existimare
1402 1723 1501 1755 liceat,
1518 1722 1674 1758 utriusque
1688 1722 1780 1759 scrip-

952 1769 1023 1797 toris
1050 1769 1141 1796 verba
1163 1767 1337 1803 subjiciam.
1364 1769 1407 1794 tta
1426 1767 1516 1802 igitur
1536 1766 1656 1794 Photius
1679 1766 1779 1802 loqui-

953 1815 1000 1841 tur
1013 1814 1072 1848 (b):
1088 1813 1117 1838 Ὀ
1132 1815 1177 1849 μὲν
1197 1812 1240 1838 οὖν
1256 1816 1358 1849 πρῶτος
1371 1811 1441 1846 αὐτῷ
1452 1811 1528 1846 λόγος
1548 1809 1722 1847 διεξέρχεται,
1738 1813 1779 1841 τίς

952 1859 966 1887 ἡ
985 1858 1056 1884 αἰτία
1079 1860 1124 1884 καὶ
1139 1857 1152 1883 ὁ
1175 1855 1296 1887 κίνδυνος
1320 1861 1368 1887 τῆς
1391 1857 1523 1886 τοσαύτης
1544 1859 1594 1881 τῶν
1618 1854 1777 1883 Ἐκκλησιῶν

951 1907 996 1929 τοῦ
1013 1907 1079 1929 Θεοῦ
1094 1905 1138 1928 καὶ
1154 1902 1264 1928 ἑκάστου
1280 1903 1346 1938 πρὸς
1360 1902 1403 1926 τὸν
1427 1901 1511 1937 ἕτερον
1532 1898 1675 1936 διαφωνίας
1690 1909 1717 1925 τε
1733 1902 1777 1926 καὶ

952 1946 1126 1978 διαστάσεως·
1145 1945 1274 1983 δεύτερον,
1290 1947 1331 1972 ὅτι
1343 1947 1432 1976 πάσης
1453 1944 1556 1974 ἐντολῆς
1572 1948 1638 1971 Θεοῦ
1654 1944 1777 1981 παράϐα-

952 2002 994 2023 σις
1014 1990 1135 2028 σφοδρῶς
1149 1994 1194 2017 καὶ
1209 1990 1321 2027 φοϐερῶς
1336 1988 1490 2016 indixit-rat-
1506 1992 1551 2015 καὶ
1564 1989 1578 2017 ἠ
1601 1987 1736 2019 ἀπόδειξις
1751 1988 1778 2014 ἐκ

950 2041 1000 2062 τῶν
1015 2039 1131 2073 Γραφῶνι
1148 2037 1245 2072 τρίτον,
1260 2037 1318 2071 περὶ
1339 2039 1387 2065 τῆς
1411 2033 1533 2063 εὐσεϐοῦς
1553 2035 1667 2064 πίστεως
1689 2034 1775 2069 ὠμῶν,

949 2084 1009 2111 ἦτοι
1020 2086 1068 2112 τῆς
1092 2081 1127 2112 εἰς
1141 2083 1187 2110 τὴν
1214 2081 1348 2118 ὶπερασγίαν
1372 2078 1476 2116 Τριάδα
1498 2080 1615 2116 καθαρᾶς
1639 2079 1711 2114 ἡμῶν
1733 2080 1778 2104 καὶ

950 2127 1102 2163 εἰλικρινοῦς
1135 2125 1286 2162 ὁμολογίας.
1321 2124 1350 2150 Ὀ
1384 2122 1502 2160 δεύτερος
1533 2124 1585 2149 οἷον
1617 2127 1778 2160 χαρακτῆρα

950 2174 1110 2208 Χριστιανοῦ
1134 2167 1299 2206 κεφαλαιώδη
1325 2171 1369 2194 καὶ
1385 2170 1510 2204 σύντομον
1534 2168 1716 2203 παρατιθεται,
1732 2169 1777 2193 καὶ

65 2213 172 2247 dicam,
195 2214 251 2250 qui
273 2214 321 2242 hic
343 2216 520 2249 sequuntur,
542 2213 678 2249 dignitas
697 2213 892 2248 splendescet.

952 2220 1109 2252 χαρακτῆρα
1139 2214 1215 2240 πάλιν
1242 2213 1424 2249 παραπλήσιον
1453 2216 1503 2238 τῶν
1531 2214 1701 2248 προεστώτων
1730 2214 1776 2237 τοῦ

66 2259 277 2293 Combeﬁsius,
289 2261 322 2286 ut
335 2266 371 2286 ex
387 2258 452 2294 ejus
464 2258 710 2294 interpretatione
725 2258 829 2294 liquet,
841 2266 892 2286 vo-

66 2310 128 2331 cem
147 2304 276 2340 μαθητῶν
292 2302 442 2339 supplevit
465 2311 472 2330 :
497 2302 582 2339 quod
605 2310 668 2331 non
691 2303 817 2338 fecisset,
835 2303 895 2331 nisi

66 2348 242 2376 credidisset
262 2347 354 2375 verba
369 2349 470 2375 Graeca
493 2355 548 2383 per
570 2355 601 2375 se
617 2347 748 2376 obscura
762 2355 838 2380 esse,
855 2346 895 2375 ob

67 2392 165 2429 idque,
182 2395 217 2421 ut
241 2392 489 2427 intelligerentur,
505 2392 620 2428 aliquid
631 2392 803 2420 necessario
827 2400 896 2428 sup-

66 2438 136 2473 pleri
146 2437 270 2465 debere.
283 2436 455 2465 Notandum
469 2436 655 2473 praetereaid
669 2436 753 2473 quod
764 2436 895 2464 maxime

68 2480 104 2508 ad
118 2490 183 2510 rem
197 2481 280 2513 facit,
295 2481 353 2509 hoc
368 2481 550 2517 opusculum
562 2488 629 2508 vere
647 2480 806 2517 epistolam
816 2488 892 2509 esse.

67 2527 106 2554 ita
120 2527 205 2554 enim
229 2528 333 2554 auctor
354 2525 489 2562 loquitur
505 2534 511 2553 :
528 2525 679 2561 Ἀναγκαῖον
704 2525 812 2562 ἐνόμισα
825 2526 893 2562 γρά-

67 2571 113 2605 ψαι
127 2574 194 2608 πρὸς
210 2574 258 2599 τὴν
273 2571 373 2596 πάντων
389 2571 459 2607 ὑμῶν
474 2570 497 2596 ἐν
512 2575 622 2607 Χριστῳ
637 2570 752 2606 ἀγάπην,
768 2572 824 2599 etc.
838 2571 894 2599 Ne-

65 2616 229 2644 cessarium
240 2615 395 2651 putavi,ut
404 2615 444 2644 ad
452 2618 581 2644 vestram
591 2615 722 2643 omnium
732 2616 763 2644 in
775 2615 893 2644 Christo

99 2688 122 2705 ⁴⁹
141 2689 210 2716 Act.
227 2694 271 2722 xx,
282 2688 330 2715 26.

99 2758 138 2794 (a)
159 2760 204 2787 Ita
219 2757 303 2794 apud
318 2758 452 2788 Combei’.

249 2809 368 2836 Ρλτιιοι.
388 2809 438 2837 Gn.
458 2808 544 2837 XXXI.

949 2259 1037 2295 λόγου.
1051 2260 1124 2292 Εἶτα,
1139 2261 1195 2286 etc.
1216 2258 1315 2293 Igitur
1328 2257 1443 2292 primus
1457 2257 1521 2291 ejus
1541 2255 1618 2283 liber
1645 2255 1778 2284 continet

949 2312 1015 2340 qua?
1029 2305 1067 2332 sit
1078 2310 1180 2337 causa,
1197 2305 1403 2338 quantumque
1414 2301 1588 2336 periculum
1600 2300 1778 2335 hujusmodi

950 2357 1015 2377 cum
1037 2348 1240 2376 Ecclesiarum
1259 2347 1323 2380 Dei,
1339 2349 1402 2374 tum
1418 2346 1606 2380 singulorum
1622 2345 1777 2373 hominum

949 2395 1029 2422 inter
1057 2394 1133 2428 ipsos
1157 2391 1348 2420 dissensionis
1376 2394 1467 2427 atque
1491 2390 1631 2418 dissidii:
1659 2389 1776 2424 deinde,

949 2438 1029 2474 quod
1046 2438 1141 2466 omnis
1153 2436 1291 2472 pracepti
1303 2436 1399 2464 divini
1413 2435 1611 2470 transgressio
1621 2435 1776 2462 vehemen-

950 2485 996 2511 ter
1003 2490 1038 2510 ac
1050 2482 1228 2510 terribiliter
1235 2481 1374 2515 punitur,
1384 2480 1471 2515 idque
1478 2487 1492 2508 e
1505 2479 1672 2514 Scripturis
1681 2479 1776 2507 sacris

948 2529 1205 2556 demonstratum:
1232 2526 1331 2558 tertio,
1351 2525 1387 2553 de
1404 2525 1464 2559 ﬁde
1481 2527 1586 2552 nostra
1612 2523 1774 2555 catholica,

949 2573 1009 2600 sive
1018 2572 1054 2600 de
1070 2579 1150 2606 pura
1160 2573 1262 2599 nostra
1281 2573 1308 2598 et
1317 2571 1435 2598 sincera
1447 2569 1631 2604 confessione
1648 2568 1776 2596 sanctis-

948 2617 1030 2645 sima?
1046 2616 1214 2644 Trinitatis.
1235 2615 1323 2643 Liber
1344 2622 1413 2643 vero
1436 2613 1595 2648 secundus,
1614 2612 1778 2640 Christiani

984 2765 1024 2799 (a)
1042 2761 1114 2792 Cod.
1130 2768 1204 2794 cm,
1219 2766 1289 2798 pag.
1300 2758 1364 2789 494.
