2020 3140
242 119 292 146 139

991 117 1184 144 PRIEFATIO.

1895 126 1943 152 140

240 179 368 208 hominis
375 180 535 216 quamdam
542 179 637 208 veluti
641 179 873 214 descriptionem
879 187 938 215 per
946 187 1062 207 summa
1077 180 1101 207 Α
1119 187 1188 207 vera
1201 180 1297 208 Basilii
1308 180 1434 216 epistola
1444 181 1549 210 haberi
1561 185 1674 218 posset,
1682 184 1785 221 sicque
1793 185 1869 214 illud
1879 195 1945 214 con-

238 226 341 260 cupita
351 225 535 261 breviterque
544 226 667 260 exponit
677 234 683 253 :
693 226 878 261 similemque
885 233 1006 253 rursum
1017 225 1064 252 de-

237 270 428 305 scriptionem
437 278 548 304 eorum,
557 271 609 306 qui
616 270 748 299 docendo
759 269 1066 306 Evangelioprzefecti

237 317 318 342 sunt.
337 314 454 349 Deinde,
465 318 521 343 etc.
543 316 584 343 lta
599 317 701 344 autem
719 315 750 343 in
766 314 903 351 epistolio
917 313 1063 349 scriptum

237 361 282 387 est
295 369 300 387 :
319 361 422 396 Προσθὴ
429 370 501 386 σεται
517 358 547 386 δέ
561 370 606 396 μοι
620 362 648 386 τὸ
668 364 759 396 κρῖμα,
774 364 874 397 πρῶτον
899 361 943 395 μὲν
958 361 1005 387 τήν
1019 358 1062 384 αἰ-

235 407 293 430 τίαν
307 408 352 431 καὶ
366 407 410 431 τὸν
425 404 544 431 κίνδυνον
560 411 607 436 τῆς
628 408 759 436 τοσαύτης
774 411 822 431 τῶν
838 405 996 434 Ἐκκλησιὼν
1016 407 1061 430 τοῦ

234 448 318 483 ’Θεοῡ,
343 452 388 476 καὶ
411 450 522 477 ἑκάστου
546 453 611 487 πρὸς
631 452 673 486 (α)
697 453 739 477 τὸν
762 451 844 488 ἓτερον
869 448 1013 486 διαφωνίας
1036 460 1062 476 τε

234 496 278 520 καὶ
290 492 465 526 διαστάσεως·
479 494 607 532 δεύτερον,
621 497 668 526 τὰς
679 495 705 521 ἐκ
716 500 764 526 τῆς
778 496 946 521 θεοπνεύστου
959 498 1062 531 Γραφῆς

234 537 380 570 ἀποδείξεις
407 543 466 577 περὶ
494 544 539 566 τοῦ
571 543 656 566 πᾶσαν
685 540 834 577 παράϐασιν
863 540 965 570 ἐντολῆς
995 544 1060 566 Θεοῦ

234 582 356 620 σφοδρῶς
379 583 578 615 ἐκδικῆσαντος.
592 606 598 612 .
612 606 619 612 .
633 606 639 612 .
665 587 737 611 Μετὰ
760 589 844 611 ταῦτα
871 585 981 621 περιέξει
1013 587 1060 613 τὴν

232 627 324 658 εὐσεϐῆ
339 633 384 655 τοῦ
409 634 475 656 Θεοῦ
495 633 540 656 καὶ
556 631 667 666 Πατρός,
684 632 729 656 καὶ
752 635 797 656 τοῦ
822 634 974 666 μονογενοῦς
997 630 1059 655 Tia-3

231 672 312 699 αὑτοῦ
338 677 382 701 καὶ
416 678 492 708 Θεοῦ,
526 678 570 701 καὶ
604 679 649 700 τοῦ
674 675 750 711 ἁγίου
784 677 931 711 Πνεὺματος
966 674 1058 710 ὁμολο-

230 722 334 756 γίανημ
349 719 390 745 επὶ
403 721 504 750 τούτοις
519 720 594 745 οἱονεὶ
618 724 779 757 χαρακτῆρα
802 723 962 756 Χριστιανού
978 729 1058 755 κερα-

228 763 330 793 λαιὼδη
344 767 389 790 καὶ
400 766 524 800 σύντομον
538 764 598 801 ὅρου
611 766 690 790 τύπον
706 766 803 800 ἔχοντα
824 766 976 802 πειράσεται
993 762 1058 789 δοῦ-

228 820 271 835 ναι
286 811 346 846 ἡμῖν
360 808 387 835 ἐκ
402 813 451 835 τῶν
467 810 546 844 ἁγίων
572 813 678 846 Γραφὼν
701 809 713 835 ὀ
733 809 820 845 λόγος,
838 812 883 836 καὶ
898 813 1058 845 χαρακτῆρα

1119 227 1305 260 sequeretur,
1317 228 1350 253 ut
1364 234 1471 254 omnes
1482 227 1603 255 tandem
1618 228 1759 258 Basilium
1781 231 1847 266 ejus
1863 232 1945 267 quod

1117 269 1210 296 modo
1223 269 1285 297 dixi
1304 270 1408 306 scripti
1422 274 1575 299 auctorem
1586 280 1650 300 esse
1671 281 1732 301 uno
1751 283 1803 303 ore
1825 276 1946 304 conﬁte-

1116 316 1229 342 rentur.
1242 316 1349 350 Pauca,
1366 315 1424 343 nisi
1446 319 1547 344 actum
1569 326 1657 353 agere
1677 318 1827 352 velim,de
1850 320 1944 349 altero

1118 358 1288 386 Combeﬁsii
1298 359 1445 395 opusculo
1457 359 1568 389 dicam.
1580 363 1654 390 Nam
1671 366 1698 390 et
1709 363 1810 399 ipsum
1821 373 1942 401 quoque

1112 403 1297 438 jamdudum
1307 404 1336 432 in
1347 405 1476 433 editione
1488 406 1646 434 Parisiensi
1657 408 1810 444 vulgatum
1821 413 1879 442 est,
1891 411 1942 439 sed

1115 448 1156 476 ita
1166 451 1278 484 tamen,
1291 449 1373 477 utibi
1394 449 1487 481 aliter,
1509 450 1594 479 aliter
1613 452 1706 488 apud,
1726 454 1942 484 Combetisium

1115 492 1293 529 inscriptum
1305 493 1352 521 sit.
1365 496 1406 522 lta
1426 495 1507 522 enim
1525 496 1555 523 in
1567 496 1696 524 editione
1708 498 1866 526 Parisiensi
1881 500 1941 527 ins-

1115 537 1251 565 cribitur:
1261 537 1367 574 Ὀμιλία
1378 538 1440 565 ΛΑ’.
1453 542 1538 575 Λόγος
1557 544 1616 577 περὶ
1627 545 1672 566 τοῦ
1684 542 1864 573 αὐτεξουσίον.
1877 544 1941 572 H0-

1115 583 1199 611 milia
1213 584 1325 612 XXXI.
1333 585 1377 613 De
1388 585 1483 613 libero
1494 586 1622 614 arbitrio
1637 595 1732 615 sermo
1748 597 1753 616 :
1767 589 1847 624 apud
1865 591 1940 618 Con-

1113 627 1255 656 beﬁsium
1271 637 1340 656 vero
1354 629 1405 664 (bi,
1431 630 1487 658 hoc
1510 630 1613 666 modo,
1637 635 1687 658 Τοῦ
1711 633 1790 659 αὐτοῦ
1815 634 1942 670 πρόλογος

1114 671 1266 704 ἀσκητικός,
1281 674 1392 702 Basilii
1404 675 1510 710 Magni
1526 677 1670 711 prologus
1685 678 1841 707 asceticus.
1857 681 1942 707 Com-

1111 716 1263 753 beﬁsium,
1288 719 1341 754 qui
1367 722 1399 746 ut
1426 723 1564 753 caeteras,
1589 721 1631 748 ita
1658 721 1736 749 hanc
1758 723 1856 758 ipsam
1885 724 1941 753 ho-

1111 762 1226 790 miliam
1261 763 1444 792 tricesimum
1469 765 1600 800 primam
1624 766 1654 794 in
1679 775 1735 794 suo
1760 767 1872 796 Basilio
1896 777 1939 797 re-

1111 808 1225 835 censito
1255 807 1407 844 aliquibus
1428 808 1500 837 locis
1524 810 1739 839 emenduverat
1759 811 1860 841 fallere
1886 822 1939 849 po-

227 854 303 881 πάλιν
314 853 495 891 παραπλήσιον
509 858 557 879 τῶν
569 857 738 890 προεστώτων
749 859 794 880 τού
805 854 892 890 λόγου,
906 857 961 881 etc.
977 854 1049 880 Hirti

1112 852 1165 880 tuit
1179 853 1383 889 inscriptionis
1405 855 1535 882 varietas
1553 864 1558 882 :
1576 858 1607 883 ut
1622 859 1653 883 ut
1675 856 1739 884 haec
1760 860 1841 890 sunt,
1866 859 1939 887 nihil

227 906 297 928 vero
312 900 435 935 ejusque
449 899 494 926 rei
507 899 625 926 ratione
639 899 825 934 adjungam;
845 899 978 933 primum
994 899 1057 934 qui~

226 944 292 972 dem
307 951 374 979 qua:
388 951 479 971 causa
503 944 552 976 sit,
569 943 685 979 quodue
703 944 875 978 periculum
890 947 983 971 tanta:
997 944 1055 971 Ec-

226 989 387 1017 clesiarum
409 988 465 1016 Dei
477 991 505 1015 et
518 989 645 1016 alterius
662 996 729 1016 cum
752 989 849 1016 altero
864 988 1054 1016 dissensionis

225 1036 316 1069 atque
326 1033 455 1066 dissidii;
473 1035 535 1060 tum
550 1032 659 1061 deinde
673 1036 769 1061 certas
783 1041 821 1061 ea:
833 1033 937 1061 divina
953 1034 1053 1068 Scrip-

225 1081 297 1106 tura
315 1078 508 1113 probationes
533 1086 570 1106 ac
590 1079 734 1111 rationes,
756 1079 864 1114 quibus
893 1079 1054 1113 con/icitur

224 1124 256 1152 in
266 1131 381 1152 omnem
391 1124 484 1151 Deum
493 1123 633 1151 mandati
641 1125 908 1158 transgressionem
919 1125 986 1152 aeri
995 1126 1053 1152 tre-

222 1168 390 1204 mendaque
403 1168 592 1196 districtione
607 1169 896 1197 animaduertere...
911 1169 961 1196 Ad
977 1168 1050 1204 haec,

220 1214 302 1248 piam
315 1214 351 1241 de
373 1214 433 1242 Deo
455 1221 491 1241 ac
513 1214 617 1247 Patre,
644 1214 860 1250 unigenitoque
888 1215 952 1249 ejus
967 1215 1050 1242 Filio

221 1266 257 1287 ae
287 1259 358 1292 Deo,
386 1265 440 1286 nec
466 1266 527 1286 non
555 1258 673 1293 Spiritu
701 1262 804 1287 sancto
836 1259 1049 1294 confessionem

222 1303 299 1332 liber
310 1303 569 1337 complectetur....
591 1311 627 1332 ac
632 1306 793 1338 praeterea,
809 1304 1049 1338 compendiosum

221 1347 396 1383 brevemque
410 1348 491 1375 velut
505 1349 707 1376 characterem
725 1348 853 1376 hominis
869 1348 1048 1382 Christiani,

221 1392 404 1426 deﬁnitionis
414 1393 518 1426 forma
531 1399 568 1420 ea:
589 1392 758 1427 Scripturis
774 1393 868 1421 sacris
891 1393 1050 1421 conabitur

219 1437 314 1472 dare;
343 1437 523 1472 afﬁnemque
544 1445 650 1465 rursus
679 1437 882 1466 characterem
906 1438 1047 1473 prasposi-

220 1485 319 1510 torum
333 1483 492 1517 sermonis,
508 1483 566 1510 etc.
585 1481 678 1510 Velim
692 1482 782 1517 igitur
797 1482 954 1519 utriusque
977 1483 1048 1510 scri-

1110 897 1158 924 hic
1169 897 1332 925 dicendum
1343 898 1379 925 de
1391 898 1448 926 hoc
1464 899 1610 935 opusculo
1623 900 1846 930 Conibeﬁsiano
1860 903 1939 931 arbi-

1111 944 1234 977 tramur,
1249 951 1319 970 cum
1339 943 1414 971 illud
1427 943 1492 978 jam
1510 944 1540 971 in
1557 947 1758 981 antecessum,
1779 947 1833 975 ubi
1847 948 1938 976 nobis

1109 985 1146 1013 dc
1170 986 1277 1014 eadem
1300 986 1352 1015 illa
1375 987 1510 1016 oratione
1534 988 1686 1018 tricesima
1708 991 1807 1026 prima
1836 1000 1937 1021 sermo

1108 1033 1182 1065 erat,
1196 1031 1225 1059 in
1249 1031 1359 1066 spuriis
1375 1034 1466 1068 atque
1481 1032 1659 1060 adulterinis
1674 1036 1868 1070 posuerimus
1887 1039 1936 1072 (ι’).

1108 1076 1158 1103 Hic
1170 1075 1291 1104 tandem
1298 1075 1551 1112 disputationibus
1565 1086 1597 1105 as
1603 1078 1700 1106 ceticis
1707 1079 1876 1108 clausulam
1884 1082 1938 1110 im-

1106 1128 1220 1156 ponam
1232 1121 1347 1157 siprius
1362 1121 1418 1149 hoc
1433 1130 1527 1150 unum
1543 1122 1699 1157 addidero,
1710 1125 1842 1160 primum
1854 1126 1939 1154 libel-

1104 1165 1167 1193 lum
1183 1174 1201 1194 a
1212 1166 1391 1194 Combeﬁsio
1405 1175 1419 1194 e
1431 1167 1550 1195 duobus
1565 1167 1649 1195 libris
1662 1169 1808 1197 veteribus
1827 1171 1937 1206 Regiis,

1105 1210 1232 1238 alterum
1260 1219 1297 1238 ex
1314 1219 1375 1238 uno
1390 1211 1494 1239 itidem
1516 1212 1606 1246 Regio
1619 1212 1733 1241 editum
1748 1214 1842 1242 fuisse
1858 1216 1915 1251 (Δ).

1122 1260 1135 1296 §
1155 1262 1210 1288 XII.
1231 1261 1387 1289 Basilione
1398 1261 1551 1300 tribuendi
1560 1262 1620 1289 sint
1636 1262 1694 1291 duo
1712 1264 1750 1291 De
1763 1263 1919 1300 baptismo

1416 1297 1496 1330 libri,
1518 1305 1620 1325 necne.

1140 1347 1185 1373 54.
1203 1345 1289 1377 Quod
1313 1345 1354 1373 ait
1369 1345 1561 1374 doctissimus
1581 1346 1626 1374 vir
1651 1348 1821 1377 Ludovicus
1842 1351 1936 1387 Dupi-

1102 1398 1159 1418 nus
1166 1392 1219 1425 (e),
1226 1390 1303 1418 duos
1311 1390 1367 1417 hos
1375 1391 1418 1418 De
1429 1390 1575 1425 baptismo
1582 1390 1675 1419 libros
1685 1400 1841 1429 nusquam
1849 1396 1935 1431 apud

1103 1435 1244 1470 antiquos
1258 1434 1386 1465 laudari,
1400 1443 1435 1462 eo
1451 1434 1525 1462 nihil
1540 1435 1639 1463 verius
1660 1436 1718 1464 dici
1741 1438 1856 1473 potuit;
1878 1440 1934 1468 sed

1101 1479 1186 1516 quod
1201 1479 1329 1513 addidit,
1347 1479 1472 1507 eosdem
1487 1488 1505 1507 a
1520 1480 1641 1508 nemine
1656 1481 1687 1508 in
1702 1481 1831 1510 dubium
1846 1491 1935 1512 revo—

219 1527 314 1563 ptoris
326 1526 506 1555 verbainter
519 1535 550 1554 se
562 1527 756 1554 conterantur
771 1535 777 1554 :
792 1527 876 1563 quod
886 1527 910 1554 si
925 1528 994 1564 quis
1004 1527 1047 1555 fe-
1063 1535 1082 1563 ρ
1102 1524 1174 1555 cari,
1190 1523 1221 1551 id
1235 1532 1296 1552 non
1313 1532 1380 1552 Vere
1402 1524 1516 1552 dictum
1542 1524 1634 1552 fuisse
1661 1529 1788 1554 constat.
1807 1527 1934 1557 Combe-

220 1571 302 1606 cerit,
319 1571 540 1599 animadvertet
555 1571 679 1599 easdem
691 1579 782 1599 voces
797 1574 926 1608 utroque
937 1573 967 1600 in
979 1572 1046 1601 loco

219 1615 269 1644 hic
297 1615 357 1644 illic
385 1615 534 1651 adhiberi,
563 1616 670 1652 quales
698 1619 779 1650 sunt,
809 1616 889 1650 αἰτία,
915 1615 1045 1651 κίνδυνος,

221 1663 320 1698 Γραφὴ,
333 1659 478 1693 ἀπόδειξις,
490 1660 650 1698 παράϐασις,
663 1660 761 1693 ἐντολὴ,
775 1659 905 1697 σφοδρῶς,
923 1661 1045 1698 φοϐερῶς,

221 1703 343 1739 ἐκδικεῖν,
357 1705 397 1733 ob
410 1705 502 1741 idque
518 1707 643 1734 fortasse
656 1706 805 1742 suspicari
819 1706 952 1742 incipiet,
964 1707 1046 1734 hunc

219 1750 268 1778 vel
293 1749 378 1778 illum
402 1750 580 1786 scriptorem
605 1750 787 1786 plagiarium
813 1750 918 1778 fuisse.
940 1751 998 1779 Sed
1022 1751 1046 1779 si

219 1795 312 1832 paulo
345 1795 486 1823 attentius
525 1795 758 1823 consideraverit
789 1797 853 1823 tum
882 1795 967 1830 illud,
999 1800 1046 1826 τῆς

219 1842 352 1870 τοσαύτης
372 1844 422 1865 τῶν
443 1839 601 1868 Ἐκκλησιὼν
623 1843 669 1866 τοῦ
694 1843 770 1873 Θεοϋ,
786 1843 830 1865 καὶ
847 1840 956 1866 ἑκάστου
980 1843 1046 1878 πρὸς

219 1887 263 1911 τὸν
279 1886 361 1922 ἕτερον
378 1883 521 1921 διαφωνίας
533 1894 559 1910 τε
570 1886 615 1910 καὶ
627 1883 851 1920 ὃιαστάσεωςῌῐὲι
860 1885 941 1912 cnim
955 1885 1046 1921 plane

219 1929 382 1964 legendum
399 1932 455 1964 est,
481 1931 514 1957 ut
532 1929 563 1956 in
577 1930 688 1957 Veneta
701 1929 844 1963 editione,
860 1937 922 1957 non
936 1931 1001 1966 πρὸς
1015 1932 1044 1956 τὸ

219 1975 293 2010 ἔργον
327 1976 359 2002 ut
385 1974 470 2009 apud
503 1973 737 2009 Combeﬁsium),
768 1976 832 2001 tum
858 1973 943 2007 illud,
969 1974 1044 2000 οἱονεὶ

218 2023 379 2056 χαρακτῆρα
402 2022 562 2055 Χριστιανοῡ
588 2017 753 2054 κεφαλαιώδη
776 2020 821 2044 καὶ
847 2020 982 2055 σύντομον.
996 2040 1002 2046 .
1016 2040 1022 2046 .
1037 2040 1043 2046 .

218 2067 264 2090 καὶ
279 2068 439 2100 χαρακτῆρα
452 2063 528 2090 πάλιν
544 2063 725 2100 παραπλήσιον
741 2068 790 2089 τῶν
811 2067 980 2100 προεστώτων
999 2068 1045 2090 τοῦ

218 2109 308 2144 λόγου,
332 2108 429 2143 facile,
455 2108 575 2145 opinor,
600 2108 657 2136 sibi
683 2107 886 2144 persuadebit,
917 2109 1045 2137 alterum

217 2153 257 2182 ab
274 2153 366 2181 altero
380 2153 527 2181 nonnulla
544 2155 646 2188 aperte
667 2152 707 2179 ad
725 2153 853 2181 verbum
867 2154 1044 2190 sumpsisse.

218 2198 270 2227 Cui
280 2201 380 2226 autem
391 2197 553 2226 verisimile
565 2197 626 2229 ﬁet,
636 2197 848 2226 doctissimum
863 2198 960 2226 virum
973 2199 1044 2227 Pho-
1059 2211 1081 2238 ι)

217 2243 304 2277 tium,
315 2242 519 2278 eumdemque
535 2241 689 2269 scribendi
701 2242 928 2278 peritissimum,
946 2251 964 2271 ιι
976 2252 1044 2271 nes-

219 2288 266 2316 cio
276 2295 338 2324 quo
348 2295 411 2315 non
429 2294 527 2323 pauca
542 2286 581 2314 ad
597 2285 725 2314 verbum
739 2289 910 2315 mutuatum
927 2287 1019 2316 fuisse
1029 2289 1042 2316 ?

215 2332 300 2369 quod
326 2340 361 2360 eo
386 2331 486 2359 minus
514 2329 673 2366 probabile
700 2330 859 2366 videbitur,
888 2332 961 2368 quia
983 2332 1042 2360 hoc

215 2377 386 2414 epistolium
409 2376 539 2412 pessime
566 2375 770 2411 conscriptum
799 2378 852 2403 est.
883 2377 1041 2413 Reliquum

213 2425 258 2450 est
282 2421 382 2457 igitur,
398 2423 431 2448 ut
454 2419 582 2456 epistolii
606 2419 734 2455 scriptor
756 2419 921 2455 plagiarius
945 2421 1040 2450 fuisse

213 2467 340 2495 dicatur.
363 2465 420 2494 Sed
439 2464 569 2492 fortasse
593 2466 708 2499 quaaret
729 2464 847 2500 aliquis,
863 2473 924 2501 quo
940 2466 1039 2494 consi-

210 2511 251 2540 lio
279 2512 424 2547 scriptum
452 2509 539 2536 fuerit
564 2509 622 2536 hoc
646 2508 826 2544 epistolium.
844 2511 916 2538 Puto
944 2511 1039 2538 honi-

210 2564 282 2585 nem
301 2558 409 2584 caetera
433 2553 601 2589 simplicem
619 2556 648 2581 et
666 2553 791 2587 bonum,
808 2555 861 2590 qui
882 2555 1038 2584 Ἀσκητιχόν

211 2609 230 2629 a
254 2599 408 2628 nonnullis
432 2598 472 2626 ob
498 2598 655 2626 Sozomeni
682 2598 783 2626 locum
806 2599 960 2627 Eustathio
987 2600 1037 2628 tri-

210 2645 263 2673 bui
278 2643 401 2677 videret,
419 2644 533 2670 tentare
557 2642 701 2677 voluisse,
722 2642 745 2670 si
760 2642 887 2679 epistola
911 2652 967 2672 sua
982 2652 1037 2680 pro

244 2707 285 2743 (a)
305 2708 348 2734 lta
362 2706 393 2743 in
408 2705 478 2733 edit.
495 2705 568 2733 Ven.

245 2744 284 2778 (ὸ)
304 2742 392 2770 Basil
408 2749 532 2778 recens.,
550 2744 621 2770 tom.
638 2743 713 2777 ll,p.
730 2743 789 2770 t07.

245 2777 284 2816 (ι’)
303 2779 379 2814 Lege
391 2777 473 2805 Praei.
489 2779 503 2811 §
517 2779 541 2805 8.

1101 1568 1186 1596 ﬁsius
1201 1569 1282 1596 enim
1298 1570 1452 1604 suspectos
1471 1569 1555 1604 ipsos
1574 1569 1680 1598 habuit
1705 1579 1711 1598 :
1728 1572 1815 1607 cujus
1838 1574 1934 1602 verba,

1101 1613 1212 1650 referre
1232 1621 1295 1641 non
1321 1613 1434 1649 pigebit
1456 1614 1503 1649 (Γ).
1533 1614 1579 1641 Vir
1594 1615 1683 1649 igitur
1706 1616 1932 1646 eruditissimus

1102 1666 1170 1687 cum
1186 1658 1217 1686 in
1231 1658 1278 1686 bis
1294 1657 1378 1686 libris
1402 1658 1549 1687 adverbia
1572 1659 1715 1694 quredam
1736 1661 1933 1691 animadver-

1101 1703 1192 1737 tisset,
1207 1702 1309 1739 qualia
1325 1705 1393 1730 sunt
1409 1702 1555 1740 ὁριστικῶς,
1568 1703 1746 1741 πολυτρόπως,
1757 1705 1931 1743 ἐντρεπτικὼ-

1100 1757 1182 1785 τερον,
1205 1751 1326 1784 φανερῶς,
1344 1750 1372 1775 et
1387 1747 1447 1776 alia
1461 1748 1599 1783 ejusdem
1616 1750 1734 1783 generis
1757 1751 1862 1786 multa,
1886 1753 1931 1781 ita

1099 1793 1217 1821 locutus
1227 1795 1271 1820 est
1280 1801 1286 1819 :
1295 1793 1475 1827 A/feclatior
1485 1801 1574 1829 quam
1585 1795 1677 1822 soleat
1689 1795 1769 1823 hisce
1779 1797 1932 1826 adverbiis

1099 1838 1234 1866 Basilius
1246 1840 1306 1866 toto
1318 1838 1372 1865 hoc
1383 1845 1479 1872 opere,
1492 1846 1545 1866 nec
1556 1840 1602 1866 sui
1610 1840 1794 1874 simillimus,
1806 1843 1932 1871 nativa-

1100 1890 1156 1919 que
1163 1883 1298 1916 puritate
1307 1885 1486 1918 gratus;ac,
1508 1891 1581 1911 num
1606 1891 1673 1919 quw
1692 1885 1762 1913 inde
1772 1884 1931 1915 Ἀσκητικάν

1099 1929 1227 1963 suspicio
1235 1928 1360 1962 pulsare
1370 1928 1505 1955 animum
1514 1928 1627 1962 possit?
1641 1929 1749 1957 Lector
1758 1930 1869 1966 videat,
1881 1933 1932 1961 de-

1100 1980 1156 2008 que
1166 1975 1225 2000 toto
1236 1972 1358 2000 dicendi
1367 1973 1545 2001 charactere
1556 1975 1778 2010 austeriorique
1788 1975 1931 2006 docm‘na

1100 2018 1304 2052 conjecturam
1315 2017 1416 2045 ducat.
1429 2017 1643 2053 'l‘illemontius,
1663 2019 1708 2046 vir
1727 2020 1932 2055 peritissimus

1098 2062 1240 2098 idemque
1264 2061 1526 2098 diligentissimus,
1551 2062 1668 2091 viderat
1695 2064 1820 2100 quidem
1846 2065 1931 2095 hunc

1100 2106 1273 2135 Combeﬁsii
1281 2106 1396 2134 locum:
1406 2106 1459 2134 sed
1470 2114 1532 2134 non
1543 2109 1686 2144 proptera
1695 2108 1853 2143 vulgatam
1863 2112 1932 2147 opi-

1098 2151 1221 2180 nionem
1239 2151 1419 2188 repudiavit.
1440 2153 1502 2179 Imo
1521 2152 1611 2180 etiam
1630 2153 1670 2180 ait
1691 2161 1721 2180 se
1744 2154 1854 2182 criticis
1871 2155 1931 2184 illis

1099 2196 1358 2224 Combeﬁsiinotis
1376 2196 1406 2223 in
1427 2204 1483 2224 sua
1503 2196 1650 2224 sententia
1661 2198 1758 2232 magis
1771 2206 1807 2226 ac
1826 2201 1929 2235 magis

1097 2240 1280 2268 conﬁrmari.
1293 2240 1351 2267 Sed
1370 2241 1403 2268 ut
1423 2239 1487 2268 haec
1507 2239 1614 2268 melius
1633 2240 1852 2277 intelligantur,
1863 2252 1930 2273 rem

1097 2284 1184 2313 altius
1204 2287 1316 2320 petam.
1329 2284 1497 2312 Meminisse
1508 2293 1580 2319 ergo
1598 2285 1695 2320 juvat,
1711 2286 1928 2317 Combeﬁsium

1096 2329 1262 2363 Ἀσκητιχόν,
1277 2331 1360 2366 quod
1370 2331 1481 2357 vocant
1490 2337 1552 2356 non
1564 2329 1681 2362 Basilio,
1703 2330 1757 2358 sed
1772 2331 1927 2361 Eustathio

1097 2375 1260 2404 Sebasteuo
1272 2374 1411 2408 tribuere,
1423 2378 1512 2410 atque
1523 2374 1600 2402 inter
1610 2377 1718 2403 caetera
1732 2380 1926 2412 argumenta,

1095 2420 1206 2456 quibus
1231 2419 1275 2447 vir
1299 2419 1407 2447 doctus
1436 2419 1475 2447 ad
1502 2418 1728 2448 defendendam
1750 2428 1840 2449 suam
1860 2423 1926 2458 opi-

1094 2465 1216 2493 nionem
1232 2464 1333 2498 utitur,
1350 2463 1407 2491 hoc
1429 2471 1552 2500 quoque
1576 2464 1710 2500 reperiri,
1733 2465 1818 2501 quod
1838 2468 1926 2495 Asce-

1094 2510 1143 2537 tici
1158 2509 1284 2545 scriptor
1298 2508 1340 2536 ita
1356 2509 1539 2545 Scripturam
1555 2509 1626 2536 citat
1640 2512 1672 2536 ut
1686 2509 1833 2538 adverbia
1844 2519 1925 2547 quie-

1093 2555 1166 2583 dam
1181 2556 1348 2590 praeponat,
1362 2553 1463 2590 qualia
1477 2556 1558 2588 sunt,
1572 2554 1722 2591 ὀριστικώς,
1740 2560 1839 2590 σαφῶς,
1861 2555 1924 2582 ἀπο-

1094 2603 1231 2636 φαντιχῶς,
1247 2601 1276 2627 et
1292 2598 1400 2626 eodem
1416 2597 1453 2626 de
1473 2606 1582 2632 genere
1598 2598 1657 2626 alia
1671 2606 1677 2626 :
1695 2599 1747 2634 qui
1763 2599 1922 2629 adverbio-

1092 2652 1160 2672 rum
1174 2651 1247 2671 usus
1271 2643 1302 2670 in
1317 2642 1382 2670 aliis
1405 2642 1503 2670 Basilii
1519 2642 1638 2678 scriptis
1652 2642 1753 2670 nullus
1773 2646 1830 2672 est.
1848 2645 1922 2672 Cum

1127 2707 1169 2741 (d)
1188 2707 1284 2734 Basil.
1296 2713 1422 2740 recens.,
1436 2707 1508 2738 tom,
1521 2706 1554 2740 ll,
1570 2713 1643 2741 pag.
1659 2706 1692 2732 97
1706 2708 1734 2734 et
1751 2707 1812 2734 107.

1129 2744 1164 2779 (e)
1182 2743 1312 2779 Tomrll,
1328 2750 1361 2777 p.
1383 2743 1447 2769 540.

1127 2779 1164 2813 (l')
1184 2778 1282 2806 Basil.
1298 2785 1420 2812 recens.,
1437 2779 1511 2805 tom.
1526 2778 1546 2812 Ι,
1563 2783 1635 2812 pag.
1649 2778 1712 2804 241.
