2020 3140
79 144 115 171 ιιι
806 127 1003 166 ΡιιίΕιτΑτιο.

1708 136 1759 164 142

73 205 148 240 igitur
155 203 395 238 Combeﬁsius(a)
408 202 517 230 similia
527 202 779 231 adverbiatamin
791 203 877 228 Ascc-
895 201 920 227 Α
934 199 958 226 si
973 198 1149 235 opinionem
1166 205 1282 230 eorum,
1299 197 1353 234 qui
1367 198 1539 226 Asceticum
1563 199 1592 226 et
1606 197 1683 226 duos
1703 198 1760 226 hos

73 250 121 278 tico
133 256 220 284 quam
235 248 266 275 in
281 248 327 275 his
343 248 385 276 De
397 247 545 282 baptismo
555 247 639 275 libris
653 246 786 283 inspergi
796 246 876 273 vide-

72 296 116 326 ret,
134 292 298 328 suspicatus
321 295 365 321 est
392 295 554 329 utrumque
570 301 646 328 opus
674 292 712 320 ad
737 291 879 319 eumdem

73 340 207 366 auctorem
222 338 380 373 pertinere,
392 337 448 365 hoc
459 340 502 365 est
515 337 555 365 ad
568 337 755 365 Eustathium
773 336 879 364 Sebas-

73 385 172 416 tenum,
183 390 284 418 quem,
299 385 331 410 ut
345 382 437 410 modo
453 382 525 416 dixi,
536 382 660 410 Ascetici
675 385 829 410 auctorem
839 381 882 409 fa-

72 427 111 454 cit.
126 426 321 454 Tillemontius
336 429 449 461 autem,
464 427 516 462 qui
542 429 570 454 et
585 427 651 462 ipse
661 435 783 463 quoque
794 434 830 454 ea
844 426 883 454 de

71 470 168 507 quibus
182 470 280 505 agitur
294 470 439 499 adverbia
455 473 482 499 et
495 472 525 499 in
539 471 672 499 Ascetico
683 472 750 499 etin
761 471 883 499 duobus

71 515 118 543 illis
131 516 170 543 De
184 515 330 549 baptismo
339 515 423 543 libris
438 516 663 550 animadvertit,
677 515 748 543 inde
762 515 884 551 quidem

72 561 170 596 pariter
183 561 311 596 collegit,
329 560 484 596 utriusque
506 561 606 596 operis
618 561 760 589 eumdem
785 563 886 589 aucto-

72 614 125 634 rem
140 614 200 633 esse
216 615 222 633 :
242 605 296 633 sed
319 606 467 641 quoniam
490 606 583 634 semel
594 606 763 634 Asceticum
779 607 886 635 Basilio

71 650 270 686 adscripserat,
296 650 394 678 eidem
423 650 512 678 etiam
538 653 566 678 et
590 650 646 678 bos
674 651 717 679 De
741 651 886 686 baptismo

73 695 154 723 libros
169 695 346 730 adjudicare
359 703 483 723 necesse
499 695 615 723 habuit.
627 697 685 723 Nec
699 703 755 730 ego
765 696 887 731 negabo

72 739 253 767 doctissimos
265 740 344 768 viros
369 739 585 768 Combeﬁsium
609 742 638 768 et
665 740 885 768 Tillemontium

74 787 259 819 congruenter
275 784 336 811 suis
351 784 507 820 principiis
523 784 797 821 convenienterque
809 785 888 820 judi‘

73 837 155 861 casse,
170 828 325 864 viderique
346 829 445 863 primo
469 831 593 865 aspectu
614 832 794 864 argumento
814 830 888 858 satis

932 245 976 272 De
987 243 1132 278 baptismo
1146 243 1240 271 libros
1257 242 1355 270 eidem
1367 243 1506 279 scriptori
1516 243 1663 277 tribuunt,
1675 244 1762 280 sequi

933 288 1051 317 vellem.
1068 290 1110 316 ita
1125 288 1215 323 igitur
1228 288 1259 316 in
1274 287 1394 322 Regalis
1407 287 1596 317 brevioribus
1616 289 1762 326 scriptum

935 336 981 361 est
990 336 1062 370 (reg.
1076 335 1135 369 175)
1148 342 1154 361 :
1172 336 1222 360 Καὶ
1233 332 1274 359 ἐὰν
1287 331 1433 363 δοξάζηται
1443 332 1467 360 ἓν
1478 333 1563 370 μεἏος,
1575 335 1643 360 κατὰ
1654 336 1761 370 σκοπὸν,

937 376 1058 407 δηλονότι
1072 383 1120 409 τῆς
1132 380 1196 415 πρὸς
1219 379 1283 404 Θεὸν
1299 377 1503 414 εὐαρεστήσιως,
1522 382 1665 417 συνχαίρει
1678 381 1765 406 πάντα

937 424 970 449 τὰ
984 423 1058 459 μέλη,
1071 435 1084 450 «
1099 423 1139 452 Et
1153 424 1180 451 si
1190 423 1289 459 gloria
1302 423 1440 458 afﬁcitur
1453 431 1546 452 unum
1558 426 1734 459 membrum,
1749 436 1764 451 ››

938 475 976 496 ea:
987 469 1111 496 consilio
1134 469 1272 497 videlicet
1296 469 1439 503 placendi
1458 469 1528 501 Deo,
1545 480 1559 494 α
1576 471 1766 506 congaudent

939 514 1040 541 omnia
1054 514 1187 542 membra
1202 515 1236 542 ⁵ο.
1259 526 1274 541 »
1291 517 1324 544 Et
1339 515 1430 552 paulo
1443 516 1516 551 post
1529 515 1656 551 scriptor
1669 515 1711 544 ita
1724 515 1767 544 lo-

940 560 1027 585 cutus
1042 560 1087 586 est
1100 560 1173 594 (reg.
1198 561 1278 596 {79):
1304 559 1359 586 Ἐὰν
1384 561 1437 597 ἄρα
1460 558 1628 591 δυσωπηοεὶς
1651 562 1697 590 τὴν
1721 564 1767 587 τοῦ

942 606 1008 628 Θεοῦ
1030 606 1213 639 χρηστότητα,
1239 608 1378 642 προτραπῇ
1405 604 1441 635 εἰς
1464 604 1608 641 ἐπιμέλειαν
1632 609 1681 636 τῆς
1703 607 1768 643 πρὸς

941 647 1018 673 αὐτόν
1035 648 1239 684 εὐαρεστήσεως,
1254 651 1310 678 etc.
1326 650 1360 677 Si
1371 650 1453 685 forte
1474 649 1636 678 bonitatem
1650 650 1707 678 Dei
1723 657 1770 678 re-

941 693 1064 726 veritus,
1080 694 1209 729 hincque
1228 695 1436 730 extimulatus,
1453 695 1573 724 studeat
1592 696 1620 724 ei
1636 696 1770 730 compla—

942 745 1017 773 cere,
1033 741 1089 766 etc.
1101 739 1159 767 Nec
1170 739 1211 767 ita
1221 739 1317 768 multo
1327 739 1406 768 infra
1422 740 1463 767 sic
1473 740 1583 775 legitur
1595 742 1670 776 (reg.
1686 740 1748 772 187)
1762 749 1770 769 :

942 781 1021 808 ’Ὁταν
1049 782 1231 820 ἀμετεωριστῳ
1254 787 1299 810 καὶ
1327 786 1452 821 τεταμῄνῃ
1481 784 1607 822 ἐπιθυμιᾳ
1631 789 1679 815 τῆς
1706 786 1773 823 πρὸς

944 829 1008 854 Θεὸν
1024 827 1227 864 εὐαρεστήσεως,
1244 831 1300 857 etc.
1316 831 1389 858 Tum
1403 837 1469 858 cum
1485 830 1606 858 assiduo
1637 837 1674 858 ac
1688 831 1774 858 vehe-

73 873 207 910 probabili
225 873 267 901 ad
282 873 425 904 tuendam
440 882 527 901 suam
542 874 716 910 opinionem
730 874 794 902 niti.
814 876 889 903 Cum
909 877 929 903 Β
944 874 1036 901 menti
1049 873 1195 902 desiderio
1223 874 1368 909 placendi
1386 875 1457 907 Deo,
1473 877 1529 902 etc.
1546 876 1631 903 Nunc
1647 874 1773 903 totidem

72 919 141 945 enim
156 918 295 953 ejusdem
309 918 427 952 generis
443 918 586 946 adverbia.
598 927 660 946 non
677 927 774 955 pauca
786 922 849 947 tam
860 920 889 948 in

73 963 192 990 Aseetico
210 971 308 998 quam
328 963 359 990 iu
382 963 583 990 controversis
598 963 662 991 istis
681 964 724 992 De
743 964 891 998 baptismo

75 1007 150 1034 libris
164 1008 292 1035 inveniri
311 1010 444 1041 constet;
472 1010 562 1042 certe,
579 1008 637 1036 nisi
662 1009 835 1037 attentiores
856 1010 892 1038 si-

74 1060 143 1086 mus,
158 1060 191 1079 eo
207 1051 332 1079 animus
346 1051 514 1086 inclinabit,
531 1054 562 1080 ut
578 1055 738 1088 utrumque
753 1061 828 1088 opus
840 1054 892 1081 uni

74 1099 98 1124 et
106 1096 180 1124 idem
196 1096 337 1132 scriptori
351 1096 532 1124 tribuamus.
546 1096 603 1124 Sed
619 1099 720 1124 tamen
736 1097 761 1124 si
775 1097 844 1133 quis
858 1105 894 1124 ea

74 1141 106 1168 de
119 1141 225 1177 quibus
236 1141 411 1176 disputatur
424 1141 537 1176 scripta
552 1141 645 1177 paulo
659 1142 801 1169 attentius
815 1141 894 1176 lege-

74 1185 114 1217 rit,
123 1185 151 1212 id
161 1185 244 1221 quod
255 1185 319 1212 dixi
334 1187 547 1219 argumentum
558 1185 671 1212 nullius
687 1186 833 1213 momenti
845 1189 896 1214 aut

74 1230 204 1266 ponderis
224 1238 293 1259 esse.
309 1229 406 1262 facile,
423 1230 541 1266 opinor,
559 1230 712 1259 fatebitur.
733 1232 798 1258 Non
813 1230 896 1259 enim

74 1275 166 1302 omnia
176 1274 325 1302 adverbia
336 1275 385 1302 illa
397 1275 631 1310 sempereodem
643 1283 735 1302 sensu
745 1275 896 1311 accipiun-

74 1322 115 1347 tur
133 1319 161 1347 in
178 1321 308 1355 utroque
324 1327 424 1354 opere.
447 1319 521 1346 Cum
544 1319 624 1347 enim
646 1319 730 1353 illud,
747 1320 898 1356 ὀριστικῶς,

76 1372 187 1400 semper
197 1365 226 1391 in
239 1364 378 1391 Ascetico
389 1371 444 1399 pro
455 1371 490 1391 eo
502 1364 585 1400 quod
597 1367 651 1398 est,
662 1364 749 1392 modo
766 1364 898 1393 decreto-

74 1409 113 1436 rio
124 1409 254 1444 loqui,su
261 1411 372 1442 matur,
383 1410 485 1435 tamen
498 1407 528 1436 in
542 1407 588 1435 his
599 1408 642 1435 De
654 1408 800 1442 baptismo
812 1408 896 1436 libris

72 1453 228 1488 aliquando
241 1456 304 1481 tam
315 1452 431 1480 diverse
442 1455 654 1488 usurpatur,ut
664 1453 730 1488 ipsa
739 1453 898 1481 diversitas

71 1497 214 1525 diversum
225 1500 383 1526 auctorem
398 1505 459 1525 non
471 1496 601 1524 obscure
611 1497 733 1525 indicet.
746 1497 895 1526 Nimirum

71 1542 108 1570 ibi
119 1550 341 1578 nonnunquam
355 1550 411 1578 pro
422 1550 458 1570 eo
469 1542 553 1578 quod
563 1544 617 1577 est,
631 1543 760 1570 strictim
771 1551 808 1571 ac
820 1551 897 1572 com-

69 1588 191 1621 pressius
199 1588 310 1621 dicere,
319 1587 476 1623 accipitur.
487 1588 588 1623 Neque
600 1595 669 1615 vero
680 1587 746 1622 ejus
757 1587 896 1624 interpre-

71 1633 184 1660 tationis
198 1635 309 1660 auctor
324 1640 380 1667 ego
392 1640 470 1665 sum,
484 1632 538 1660 sed
551 1632 751 1660 Combeﬁsius
763 1633 829 1670 ipse
844 1634 896 1669 (ὁ),

70 1678 117 1712 qui
130 1677 165 1705 de
177 1677 235 1705 illis
260 1677 316 1713 qui
339 1684 422 1704 nunc
437 1678 468 1704 in
492 1677 731 1705 controversiam
749 1681 898 1706 vocantur

70 1721 155 1757 libris,
172 1722 274 1758 deque
290 1729 396 1749 eorum
413 1723 536 1749 auctore
547 1721 688 1757 loquens,
700 1722 741 1750 ita
756 1722 895 1763 scripsit;

69 1766 215 1802 Ὀριστικῶς
229 1767 344 1801 passim
359 1769 455 1799 vocat,
468 1766 558 1801 quasi
576 1766 741 1795 indicative
755 1768 898 1796 strictim-

73 1812 273 1846 quejubendo.
287 1811 396 1846 Sicque
408 1811 488 1846 quod
497 1811 552 1844 ait,
567 1811 707 1848 ὁριστικῶς
717 1814 762 1836 καὶ.
773 1811 899 1850 πυλυτρὸ-

71 1857 192 1890 πωςθνὶτ,
202 1859 289 1883 tuum
302 1855 467 1883 indicando
474 1856 664 1891 strictimque
675 1856 822 1884 tradendo
831 1857 898 1884 doc-

70 1901 251 1933 trinam,tum
263 1901 350 1928 varie
358 1900 550 1935 explicando.
560 1902 703 1928 Prmterea
714 1900 824 1928 alicubi
836 1909 899 1929 mo-

69 1945 125 1978 nui,
138 1945 294 1980 ejusmodi
307 1944 462 1978 adverbia,
473 1952 543 1981 quae
552 1945 584 1972 in
595 1945 731 1973 Ascetico
743 1945 897 1980 leguntur,

69 1996 124 2017 non
137 1990 177 2018 ita
191 1989 337 2019 multum.
353 1989 377 2016 si
393 1989 494 2024 operis
509 1989 668 2025 prolixitas
681 1989 896 2023 consideretur,

68 2033 236 2070 frequentia
251 2041 332 2067 esse,
345 2041 414 2061 cum
430 2035 531 2062 tamen
546 2034 578 2061 in
591 2033 638 2061 his
649 2035 694 2062 De
709 2034 898 2069 baptismoli-

67 2077 125 2106 bris
147 2081 211 2107 tam
224 2079 402 2114 frequenter
416 2080 601 2115 usurpentur
626 2079 671 2115 (c),
689 2081 721 2107 ut
737 2087 818 2115 saepe
835 2087 897 2108 non

68 2123 163 2151 minus
178 2131 289 2152 eorum
305 2123 393 2159 copia
414 2131 508 2159 quam
522 2131 634 2151 vocum
656 2123 787 2152 novitate
807 2127 898 2160 atque

68 2166 226 2196 insolentia
241 2167 359 2195 moveri
375 2175 490 2195 nausea
500 2168 605 2203 possit.
629 2168 717 2201 Quod
730 2169 821 2203 igitur
842 2177 898 2205 pro

68 2211 151 2240 ﬁrmo
163 2214 350 2247 argumento
362 2212 527 2240 attulerunt
542 2212 562 2240 ii
580 2220 657 2248 quos
673 2213 736 2240 dixi
760 2213 817 2241 viri
830 2221 898 2241 eru-

69 2256 214 2291 ditissimi,
229 2259 285 2285 aut
297 2256 381 2290 nihil,
399 2259 451 2284 aut
461 2265 570 2294 parum
586 2257 625 2284 ad
644 2265 732 2285 suam
753 2258 899 2286 tuendam

69 2301 241 2336 opinionem
256 2301 346 2329 valet.
362 2301 421 2329 Sed
436 2309 473 2329 ne
488 2301 564 2337 quid
579 2301 772 2330 dissimulare
785 2302 898 2335 videar,

69 2353 194 2381 ingenue
205 2346 328 2374 fatebor
337 2346 420 2374 aliud
431 2349 645 2382 argumentum
656 2347 785 2383 proponi
797 2356 898 2383 posse,

70 2391 113 2418 cui
121 2391 309 2427 respondere
319 2391 531 2419 difﬁcillimum
545 2391 593 2426 sit,
603 2394 632 2418 et
647 2391 809 2427 ejusmodi,
824 2395 855 2420 ut
865 2393 900 2420 iis

69 2435 116 2470 qui
131 2436 170 2464 ad
180 2435 390 2471 judicandum
407 2435 510 2471 aliqua
525 2435 593 2471 styli
621 2435 816 2464 similitudine
831 2445 902 2465 con-

70 2480 136 2507 tenti
143 2481 226 2512 sunt,
235 2479 462 2507 validissimum
471 2479 566 2508 videri
578 2480 682 2516 possit.
691 2481 813 2509 Constat
821 2481 901 2509 hanc

69 2523 184 2552 dicendi
213 2523 391 2559 formulam,
409 2525 423 2553 ἦ
440 2526 504 2561 πρὸς
527 2526 589 2550 Θεὸν
606 2525 788 2561 εὐαρέστησις,
804 2527 900 2555 Asceti

69 2569 179 2597 auctori
189 2577 255 2597 non
270 2576 381 2604 parum
396 2567 575 2596 familiarem
587 2577 652 2597 esse
667 2577 673 2596 :
687 2570 773 2605 cujus
786 2570 827 2598 rei
838 2570 900 2598 duo

69 2617 116 2642 aut
138 2614 195 2643 tria
230 2617 375 2649 exempta
412 2613 576 2650 proferam,
601 2613 689 2650 plura
714 2615 899 2652 prolaturus,

101 2685 124 2702 '°
144 2687 154 2713 Ι
171 2686 240 2713 Cor.
255 2691 308 2719 xu,
326 2683 370 2711 16.

101 2751 140 2786 (a)
159 2752 248 2779 Tom.
268 2749 306 2783 Il,
322 2757 395 2786 pag.
415 2751 475 2784 124,
491 2752 552 2779 162.

102 2787 140 2822 (ὸ)
161 2787 267 2815 Basil.
284 2793 396 2815 recens.
413 2788 486 2814 tom.
499 2788 520 2820 l,
532 2794 603 2823 pag.
619 2788 684 2816 240.

945 918 1084 954 exempla
1098 926 1114 945 e
1137 918 1259 946 duabus
1275 920 1318 947 De
1334 919 1481 954 baptismo
1500 919 1585 947 libris
1601 919 1773 955 subjiciam.

946 963 1013 990 Haec
1025 962 1197 997 suntigitur
1210 963 1365 999 scriptoris
1375 963 1468 992 verba
1483 964 1545 1000 (lib.
1558 967 1583 999 1,
1596 972 1621 992 c.
1637 966 1663 999 1,
1679 972 1709 992 n.
1726 964 1752 999 1)
1767 972 1774 991 :

948 1008 1020 1033 Κατὰ
1037 1009 1134 1033 σκοπὸν
1148 1013 1197 1038 τῆς
1220 1010 1285 1045 πρὸς
1301 1011 1365 1035 Θεὸν
1382 1009 1690 1046 εὐαρεστήσεως,]ιιίιία
1703 1017 1777 1044 pro-

943 1052 1076 1086 positum
1089 1052 1236 1087 placendi
1250 1053 1320 1082 Deo.
1338 1055 1452 1081 Rursus
1467 1053 1510 1082 ita
1524 1053 1658 1090 loquitur
1670 1054 1732 1090 (lib.
1751 1057 1775 1090 1,

948 1104 975 1131 c,
998 1098 1026 1130 '2,
1050 1105 1082 1124 ι).
1106 1098 1170 1132 i7):
1198 1099 1311 1134 Δύναμις
1334 1102 1382 1128 τῆς
1403 1100 1468 1134 πρὸς
1487 1100 1551 1124 Θεὸν
1572 1098 1777 1135 εὐαρεστήσεως,

950 1139 1123 1172 δικαιοσύνης
1138 1140 1232 1179 δωρεά,
1257 1144 1312 1170 etc.
1334 1143 1434 1170 Virtus
1455 1150 1516 1179 qua
1534 1144 1619 1178 grati
1629 1144 1780 1179 efficimur

949 1186 1011 1213 Deo
1026 1189 1055 1214 et
1077 1187 1202 1220 accepti,
1213 1187 1344 1221 justitizc
1356 1187 1479 1221 donum,
1493 1189 1550 1215 etc.
1573 1189 1606 1216 Et
1629 1188 1690 1216 alio
1712 1188 1780 1216 loco

951 1230 994 1257 sic
1014 1230 1158 1266 scriptum
1172 1231 1325 1259 invenitur
1341 1240 1347 1259 :
1362 1233 1400 1257 Τὰ
1412 1233 1457 1267 μὲν
1469 1234 1545 1258 νόσον
1557 1233 1737 1269 θεραπεύοντα,
1749 1233 1782 1259 τὰ

953 1273 983 1301 δὲ
1010 1277 1144 1311 προκοπὴν
1168 1275 1324 1312 ἐμποιοῦντα
1349 1278 1414 1314 πρὸς
1429 1277 1559 1303 τελείωσιν
1592 1278 1709 1313 ἄγουσαν
1735 1281 1783 1308 τῆς

952 1321 1018 1356 πρὸς
1032 1322 1096 1346 Θεὸν
1112 1320 1235 1357 εὐαρεστή
1242 1330 1315 1354 σεως,
1328 1323 1384 1349 etc.
1397 1322 1516 1350 Partim
1527 1323 1663 1350 morbum
1674 1330 1784 1351 curan-

955 1365 1005 1399 tia,
1022 1365 1136 1399 partim
1161 1365 1320 1399 a/ferentia
1345 1367 1436 1394 talem
1458 1367 1641 1402 profectum,
1664 1375 1722 1403 quo
1744 1367 1785 1395 ad

952 1410 1084 1444 perfecte
1097 1410 1154 1437 Deo
1166 1409 1351 1443 placendum
1372 1411 1569 1446 deducamur,
1583 1414 1638 1440 etc.
1656 1413 1739 1440 Certe
1748 1420 1785 1440 ex

954 1453 1000 1481 his
1025 1456 1053 1481 et
1077 1453 1228 1481 similibus
1251 1454 1336 1486 locis,
1352 1463 1420 1491 quae
1440 1455 1471 1483 in
1490 1455 1565 1492 ipsis
1581 1455 1713 1484 fontibus
1725 1456 1785 1492 legi

918 1500 938 1527 C
955 1501 1095 1534 possunt,
1112 1499 1184 1526 satis
1203 1499 1402 1535 probabiliter
1425 1499 1503 1528 efﬁci
1526 1500 1655 1535 videtur,
1672 1502 1784 1529 Asceti—

954 1551 1024 1571 cum
1044 1545 1072 1571 et
1091 1545 1303 1571 controversos
1319 1544 1374 1572 hos
1399 1545 1442 1572 De
1462 1545 1608 1579 baptismo
1631 1545 1723 1574 libros
1745 1546 1785 1574 ad

953 1588 1095 1616 eumdem
1111 1591 1265 1616 auctorem
1278 1589 1436 1625 pertinere.
1454 1590 1603 1622 Quoniam
1614 1593 1716 1619 tamen
1726 1591 1785 1619 hoc

953 1632 1082 1660 fortasse
1097 1632 1249 1669 aliquibus
1263 1633 1327 1662 leve
1342 1634 1504 1670 videbitur,
1516 1635 1597 1663 aliud
1611 1636 1784 1672 exemplum

951 1677 1116 1713 proferam,
1124 1677 1206 1713 quod
1218 1678 1257 1706 ab
1268 1678 1456 1713 hominibus,
1467 1679 1519 1716 qui
1530 1681 1712 1717 caeteroquin
1722 1689 1785 1709 non

953 1721 993 1749 ita
1019 1721 1148 1749 multum
1164 1722 1279 1750 creduli
1305 1723 1374 1758 sint,
1385 1730 1442 1759 pro
1465 1723 1706 1753 demonstrativo
1729 1726 1784 1753 ha-

953 1766 1017 1794 beri
1032 1769 1134 1802 queat.
1149 1767 1232 1794 Patet
1251 1775 1287 1794 ex
1302 1767 1399 1799 dictis,
1416 1768 1542 1796 Ascetici
1557 1771 1711 1797 auctorem
1727 1769 1785 1797 hac

954 1810 1074 1838 dicendi
1094 1810 1236 1846 formula,
1261 1819 1324 1847 qua
1348 1819 1439 1840 voces
1468 1815 1520 1841 aut
1546 1813 1708 1851 πληροφορία
1731 1816 1786 1842 aut

954 1854 1127 1892 πληρσφορείν
1141 1854 1181 1883 ad
1195 1855 1347 1890 integram
1360 1857 1530 1892 quamdam
1552 1858 1784 1893 persuasionem

954 1899 1155 1934 signiﬁcanda
1184 1900 1380 1933 adhibentur,
1404 1901 1446 1929 ita
1461 1901 1610 1938 delectari,
1640 1904 1674 1930 ut
1699 1902 1784 1931 nullo

953 1943 1013 1971 alio
1029 1943 1125 1977 magis
1135 1943 1318 1976 delectetur;
1335 1952 1436 1981 neque
1460 1945 1509 1973 hic
1531 1946 1596 1981 ejus
1616 1946 1660 1974 rei
1683 1954 1785 1974 exem-

953 1987 1039 2024 plum
1055 1987 1160 2022 ullum,
1176 1996 1246 2016 cum
1261 1989 1357 2017 multa
1372 1989 1511 2025 superius
1522 1990 1714 2018 retulerimus
1727 1991 1781 2027 (ά),

953 2040 1066 2069 ponere
1081 2040 1202 2061 necesse
1217 2035 1272 2061 est.
1289 2035 1412 2062 Constat
1426 2037 1527 2062 autem
1542 2035 1624 2063 idem
1639 2035 1784 2072 loquendi

954 2085 1049 2112 genus
1064 2077 1095 2104 in
1109 2077 1229 2105 duobus
1250 2085 1374 2114 quoque
1389 2079 1433 2106 De
1448 2079 1592 2114 baptismo
1614 2079 1700 2107 libris
1720 2081 1782 2108 tam

953 2121 1126 2157 frequenter
1150 2125 1329 2157 usurpatum
1353 2122 1489 2156 inveniri,
1502 2125 1533 2151 ut
1557 2123 1588 2150 in
1601 2123 1674 2159 ipsis
1690 2124 1782 2152 etiam

954 2166 1068 2202 passim
1084 2168 1232 2193 occurret.
1247 2165 1304 2194 Sed
1319 2174 1357 2194 ne
1370 2166 1446 2195 falso
1458 2167 1570 2194 dictum
1584 2167 1615 2195 id
1631 2167 1723 2195 fuisse
1741 2168 1784 2196 vi-

953 2211 1072 2242 deatur,
1091 2211 1229 2247 exempla
1254 2211 1349 2239 multa
1373 2214 1425 2240 aut
1444 2211 1606 2248 proferam,
1625 2215 1678 2241 aut
1705 2215 1784 2241 certe

953 2255 1106 2283 indicabo.
1132 2256 1175 2283 Ita
1195 2255 1287 2289 igitur
1308 2258 1414 2284 auctor
1433 2256 1552 2292 scripsit
1577 2256 1639 2291 (lib.
1664 2260 1691 2291 1,
1707 2266 1734 2286 c.
1758 2258 1783 2292 l,

954 2308 988 2328 n.
1008 2301 1035 2334 5)
1052 2309 1059 2327 :
1076 2301 1273 2336 Στοχαζὸμενος
1295 2298 1325 2325 δὲ
1350 2305 1397 2331 τῆς
1424 2301 1550 2338 ἡμετέρας
1572 2300 1718 2336 ἀσθινιίας,
1738 2306 1784 2330 καὶ

934 2364 937 2367 -
956 2343 993 2371 δι’
1004 2342 1202 2380 ὑποδειγμάτων
1214 2342 1315 2373 nudam,
1322 2353 1350 2370 σε
1362 2344 1508 2380 βεϐαιῶσαι
1523 2346 1595 2381 ἡμῶν
1610 2348 1658 2377 τὰς
1670 2345 1784 2383 καρδίας

956 2389 980 2416 ἐν
999 2389 1162 2426 πληροφοριᾳ
1189 2394 1236 2419 τῆς
1266 2389 1398 2420 ἀληθείας.
1423 2390 1569 2419 Οωιενιιηι
1593 2393 1785 2421 considerata

956 2434 1163 2462 imbecillitate
1190 2437 1304 2470 nostra,
1329 2435 1419 2463 etiam
1440 2443 1497 2469 per
1522 2437 1662 2471 exempla
1689 2437 1784 2465 voluit

956 2479 1090 2507 animum
1113 2481 1251 2506 nostrum
1279 2480 1312 2507 in
1335 2480 1472 2507 veritatis
1495 2483 1578 2508 certa
1595 2482 1785 2515 persuasione

956 2524 1147 2558 conﬁrmare.
1166 2523 1252 2551 Haud
1267 2523 1357 2559 longe
1382 2524 1423 2552 ita
1438 2524 1499 2560 (lib.
1519 2527 1544 2559 1,
1560 2533 1586 2552 c.
1607 2528 1633 2561 2,
1648 2534 1678 2553 n.
1698 2526 1723 2560 1)
1742 2526 1784 2554 lo-

956 2571 1044 2597 cutus
1057 2571 1124 2596 est:
1145 2568 1213 2597 Πλὴν
1235 2566 1264 2594 δὲ
1288 2571 1333 2595 καὶ
1356 2568 1521 2607 βεϐαιότερον
1543 2568 1570 2595 ἐκ
1583 2575 1632 2601 τῆς
1654 2573 1713 2608 περὶ
1734 2575 1785 2597 τῶν

958 2615 1041 2650 ἱερέων
1063 2616 1170 2639 καὶτῶν
1183 2616 1396 2651 προσφερομένων
1412 2614 1484 2645 ζώων
1501 2614 1536 2646 εἰς
1562 2615 1654 2642 θυσίαν
1675 2615 1784 2652 ἀκριϐο-

1048 2749 1228 2820 Ιῖοέαξάὰθῑ.
1245 2751 1280 2786 Π,
1295 2758 1326 2787 p.
1343 2752 1405 2779 625.
1422 2750 1497 2785 Lege
1512 2758 1544 2779 ιι.
1559 2752 1604 2779 43.

1074 2794 1089 2814 c
1113 2806 1120 2814 .
1157 2806 1164 2814 .
1215 2805 1223 2813 .

1074 2794 1120 2814 εει.
1131 2794 1164 2814 Π.
1179 2794 1223 2814 ὄδ-
