2020 3140
241 138 290 164 143

984 122 1190 159 ΡιιλΕιτΑΤιό.

1891 137 1942 164 144

238 201 328 237 λογίας
343 200 399 226 ἔστι
414 199 653 237 πληροφορηοῆναι.
665 196 723 225 Sed
736 199 835 224 tamen
846 196 964 230 ﬁrmius
976 197 1058 224 etiam

1123 195 1219 230 οὐδείς,
1236 205 1293 233 quo
1303 197 1384 225 inter
1395 200 1480 225 natos
1495 198 1654 226 mulierum
1667 199 1767 233 major
1781 202 1822 227 est
1836 207 1923 226 nemo
1939 207 1946 226 :

239 247 302 280 ejus
313 246 359 274 rei
376 253 414 273 ex
433 245 620 273 sacerdotum
639 246 667 271 et
688 242 868 270 animalium
890 241 1067 276 sacriﬁcan-

238 291 345 318 dorum
369 292 515 318 accurata
539 288 779 317 consideratione
802 287 943 314 convinci
963 294 1066 321 possu-

238 344 314 364 mus.
338 337 449 363 Rursus
470 335 512 362 ita
532 334 652 369 scripsit
675 332 736 365 (lib.
763 334 787 365 t,
808 340 832 360 c.
854 333 881 364 '2,
896 339 926 359 n.
946 332 986 366 t0)
1004 339 1010 358 :
1027 330 1066 356 Ἐν

237 380 399 417 πληροφορίᾳ
411 384 458 410 τῆς
473 378 606 410 ἀληθείας,
619 380 687 408 etc.,
703 378 735 404 in
745 377 917 404 indubitata
929 375 1065 404 veritatis

233 425 439 460 persuasione,
455 426 511 452 etc.
529 425 571 450 lta
584 430 706 459 quoque
720 421 830 456 legitur
844 421 902 448 alio
918 421 984 448 loco
1000 419 1064 455 (lib-

239 472 263 504 1,
278 478 303 497 c.
322 472 349 503 2,
361 477 391 496 n.
414 470 457 502 13)
472 478 478 496 :
497 468 577 504 Ὀπερ
593 467 618 493 ἐν
632 467 794 504 πληροφορίᾳ
817 465 937 495 ἀληθείας
953 463 989 491 δι’
1013 464 1065 490 ἐπι-

235 511 336 548 μελείας
353 509 560 547 σπουδαιοτέροις
580 509 764 546 φυλάσσοντες,
789 510 848 536 etc.
881 507 964 541 Quod
990 508 1017 535 si
1034 507 1065 534 in

235 557 371 585 veritatis
386 559 469 584 certa
489 555 686 590 persuasione
707 553 882 588 diligentius
901 552 1064 581 servaveri-

234 610 312 637 mus,
328 604 383 630 etc.
400 601 489 629 Plura
504 600 557 636 qui
572 599 683 634 volent,
699 598 798 633 legere
813 600 955 634 poterunt
974 597 1066 634 caput

234 649 262 680 2,
285 647 337 674 lib.
353 655 372 678 ι,
388 654 474 674 num.
492 647 523 673 14
539 647 567 673 et
585 647 627 679 15,
647 644 700 672 ubi
716 651 822 671 earum
844 651 921 678 quas
939 642 1000 670 dixi
1015 650 1066 670 vo-

235 700 305 720 cum
318 691 380 719 duo
394 689 534 726 exempla
549 689 758 725 reperiuntur;
774 688 845 716 item
871 689 963 723 caput
988 687 1065 722 ejus-

235 736 305 764 dem
315 735 394 769 libri,
410 743 494 762 num.
515 737 538 768 1,
555 734 626 762 item
642 733 803 769 quaestion.
817 735 843 763 6,
864 731 917 759 lib.
934 741 961 765 ιι,
977 739 1063 764 num_

238 781 345 815 t,item
356 782 464 816 quaest.
477 781 506 813 8,
536 786 621 806 num.
641 781 695 805 tet
709 780 736 806 9.
758 778 824 805 Jam
844 776 885 805 ita
906 784 1066 811 argumen-

234 825 290 853 tari
301 825 387 853 licet:
412 825 441 852 Si
458 823 583 860 quando
605 822 757 859 quasdam
773 821 893 849 dicendi
918 820 1064 849 formulas
1085 835 1104 862 Β

233 878 300 906 quae
315 867 546 906 quodammodo
572 867 740 903 singulares
769 866 863 894 videri
889 865 1016 901 possint,
1032 865 1064 892 in

233 914 355 943 duobus
374 913 519 950 operibus
541 912 652 948 saepius
671 911 799 939 inveniri
817 910 982 945 contigerit,
1003 910 1063 938 fere

233 959 267 987 ﬁt
290 961 320 986 ut
338 961 501 994 utrumque
524 965 602 993 opus
623 956 721 984 eidem
743 956 880 991 scriptori
903 955 1062 984 tribuatur.

235 1005 309 1033 Cum
325 1004 415 1038 igitur
430 1003 461 1030 id
471 1001 615 1038 loquendi
631 1009 735 1036 genus,
748 1008 810 1037 quo
822 1008 909 1028 voces
932 1000 1061 1029 antein-

180 1068 185 1071 -
233 1052 349 1086 ροφορεῖν
369 1050 421 1076 aut
443 1047 606 1083 πληροφορία
626 1045 657 1073 in
690 1044 912 1080 signiﬁcatione
939 1044 1061 1080 integrae

233 1092 394 1128 cujusdam
420 1090 626 1128 persuasionis
649 1091 814 1126 ponuntur,
829 1087 1061 1124 quodammodo

234 1137 388 1173 singulare
402 1137 450 1171 sit,
466 1135 610 1171 idemque
625 1137 688 1162 tam
707 1134 737 1161 in
754 1133 891 1161 Ascetico
913 1140 1006 1168 quam
1030 1132 1060 1160 in

233 1182 355 1210 duobus
369 1181 412 1209 De
432 1180 578 1215 baptismo
592 1179 677 1207 libris
693 1178 807 1214 passim
821 1180 972 1210 occurrat,
988 1184 1060 1205 con-

233 1235 363 1263 sequens
387 1234 452 1254 esse
474 1225 602 1259 videtur,
628 1226 660 1252 ut
673 1224 831 1260 utriusque
854 1223 956 1259 operis
978 1222 1060 1250 idem

232 1274 338 1300 auctor
359 1279 424 1299 esse
447 1270 575 1298 dicatur.
599 1269 666 1302 Sed,
687 1271 720 1296 ut
737 1269 801 1304 jam
817 1267 993 1295 commonui
1007 1267 1059 1302 (a),

231 1316 383 1352 ejusmodi
396 1317 578 1350 argumenta
594 1322 609 1341 e
628 1313 764 1350 quadam
779 1312 849 1348 styli
864 1311 1060 1339 similitudine

231 1362 324 1398 petita
338 1368 400 1388 non
415 1362 532 1388 tantum
551 1358 664 1393 valent,
679 1359 829 1394 quantum
851 1357 951 1384 valere
966 1355 1059 1390 vulgo

231 1408 384 1442 putantur.
393 1404 542 1432 Nisienim
552 1403 610 1431 alia
620 1410 740 1439 quoque
752 1403 920 1430 consonent
930 1401 1060 1429 faveant-

231 1459 302 1487 que,
318 1449 393 1478 nihil
408 1448 535 1477 omnino
564 1447 595 1475 in
622 1447 696 1483 ipsis
722 1454 821 1482 neque
843 1446 989 1474 momenti
1009 1453 1059 1472 ne-

231 1503 290 1532 que
304 1494 423 1522 roboris
444 1493 520 1521 inest
535 1501 540 1520 :
556 1491 640 1528 quod
663 1499 746 1519 nunc
757 1490 915 1518 ostendere
934 1489 1060 1518 conabi-

232 1548 311 1568 mur.
324 1539 383 1567 Etsi
397 1538 479 1566 enim
490 1536 671 1572 Asceticum,
682 1536 768 1571 cujus
782 1535 935 1570 legitimus
947 1542 1058 1571 parens

233 1584 360 1612 Basilius
374 1585 428 1614 est.
445 1583 476 1610 in
492 1581 594 1617 aliqua
605 1580 674 1616 styli
689 1580 883 1608 similitudine
898 1588 967 1608 cum
981 1580 1057 1607 duo-

231 1630 291 1658 bus
311 1630 354 1656 De
370 1628 516 1662 baptismo
531 1625 615 1653 libris
635 1625 805 1652 consentire
830 1624 992 1652 viderimus
1005 1625 1055 1660 (b),

232 1678 334 1703 tamen
355 1671 487 1701 dubitari
510 1671 594 1698 nullo
618 1669 710 1698 modo
746 1677 837 1705 posse
863 1669 1056 1703 arbitramur,

232 1719 306 1756 quin
320 1718 349 1746 hi
363 1717 432 1746 libri
445 1716 522 1744 falso
534 1716 681 1743 hactenus
697 1714 889 1743 sanctissimo
913 1714 992 1742 Patri
1011 1722 1058 1741 as-

232 1764 319 1801 cripti
331 1763 403 1791 sint.
421 1763 454 1789 Et
466 1769 538 1789 vero
561 1762 612 1788 aut
627 1767 787 1795 nunquam
801 1759 895 1792 licuit,
912 1758 996 1795 quod
1012 1761 1056 1786 ta-

231 1817 302 1838 men
312 1808 380 1836 licet
398 1806 570 1842 saepissime,
586 1813 664 1840 opus
675 1803 799 1840 aliquod
815 1803 854 1831 ob
877 1803 945 1839 styli
962 1803 1056 1831 diver-

232 1854 351 1882 sitatem
372 1852 402 1880 in
424 1850 534 1887 spuriis
555 1852 646 1885 atque
670 1848 848 1877 adulterinis
874 1856 1053 1876 numerare:

233 1902 284 1928 aut
298 1898 318 1926 ii
332 1898 370 1926 de
382 1896 495 1933 quibus
510 1895 630 1930 agimus
652 1894 720 1922 libri
743 1901 799 1930 pro
821 1893 988 1930 peregrinis
1002 1893 1056 1921 ha-

231 1944 297 1972 beri
328 1942 434 1970 merito
460 1941 600 1976 possunt.
626 1938 759 1971 Mentior,
774 1938 833 1966 nisi
860 1946 938 1974 opus
959 1939 1056 1966 totum

232 1990 294 2018 toto
304 1986 425 2015 dicendi
440 1991 549 2020 genere
562 1991 581 2011 a
597 1982 745 2010 Basiliano
758 1982 866 2010 differt.
882 1981 997 2010 Etenim
1019 1982 1056 2008 si-

232 2033 303 2062 cubi
321 2039 380 2060 vox
394 2030 498 2066 aliqua
515 2028 672 2064 reperitur,
687 2035 755 2063 quae
776 2026 979 2055 similitudinis
1002 2025 1056 2054 ali-

231 2077 306 2115 quid
314 2085 384 2105 cum
399 2074 477 2111 stylo
498 2073 646 2102 Basiliano
667 2072 781 2101 habere
791 2071 1056 2105 videatur,eodem

230 2123 297 2152 loco
308 2121 459 2157 adjunctse
472 2121 542 2147 sunt
550 2126 640 2147 voces
651 2118 727 2154 aliae,
737 2117 848 2155 quibus
858 2117 1055 2154 peregrinitas

228 2169 331 2205 aperte
342 2166 522 2194 declaretur.

267 2215 310 2241 55.
339 2213 440 2247 Neque
458 2217 531 2238 vero
552 2217 622 2237 rara
646 2210 714 2236 sunt
739 2209 840 2239 νοθείας
862 2210 1053 2243 argumenta,

231 2257 286 2286 sed
311 2256 425 2292 passim
455 2254 558 2282 obvia.
590 2255 665 2282 Nam
685 2253 716 2280 in
730 2252 776 2280 his
805 2253 890 2280 libris
916 2253 1055 2287 generale

229 2301 390 2339 quoddam
418 2299 525 2327 vitium
557 2298 656 2326 notari
690 2299 799 2333 potest,
831 2297 919 2332 cujus
942 2298 1056 2333 pagina

229 2345 314 2374 nulla
334 2351 442 2380 expers
466 2345 520 2371 est.
543 2342 577 2370 id
602 2344 713 2372 autem,
733 2341 819 2377 quod
843 2341 921 2373 dico,
937 2341 1054 2378 vitium,

229 2389 374 2419 continua
395 2387 538 2424 quaedam
553 2388 598 2415 est
611 2385 789 2414 earumdem
808 2388 860 2414 aut
872 2394 983 2414 vocum
1002 2389 1054 2415 aut

229 2434 398 2463 dictionum
409 2431 558 2469 repetitio,
573 2439 641 2467 quas
656 2430 781 2458 minime
798 2430 936 2459 omnium
960 2431 991 2459 in
1005 2439 1055 2459 co-

227 2479 438 2516 piosissimum
452 2477 609 2505 hominem
623 2475 764 2503 Basilium
779 2476 971 2505 convenit.Et
982 2485 1053 2505 vero

227 2523 324 2552 sicubi
339 2522 451 2551 mentio
469 2521 503 2549 ﬁt
527 2523 578 2549 aut
599 2520 727 2556 apostoli
750 2520 843 2552 Pauli,
857 2523 909 2549 aut
929 2522 1053 2550 Joannis

226 2568 376 2604 Baptistae,
388 2570 440 2595 aut
453 2565 549 2602 ipsius
565 2565 692 2597 Domini,
702 2568 754 2594 aut
766 2565 826 2600 Dei,
837 2565 878 2593 ibi
888 2567 1052 2602 saepissime

225 2612 366 2642 additum
394 2611 512 2640 invenis
533 2614 579 2636 τοῦ
601 2609 625 2636 ἐι
649 2614 756 2647 Χριστῲ
777 2610 923 2642 λαλοῦντος.
949 2612 1051 2647 quiin

227 2658 347 2686 Christo
364 2656 563 2693 loquebatur:
577 2655 616 2682 Οὔ
628 2656 723 2692 μείζων
739 2655 763 2682 ἐι
777 2660 909 2692 ’γεννητοῖς
922 2661 1051 2692 γυναικῶν

259 2766 301 2802 (a)
322 2765 398 2802 Lege
412 2771 443 2795 n.
457 2765 503 2795 25.

258 2802 298 2839 (ὁ)
318 2804 387 2839 Leg.
400 2811 433 2831 n.
448 2804 482 2831 39
497 2804 527 2832 et
540 2807 604 2840 seq.

1077 1512 1097 1540 C

1121 244 1171 267 Τοῦ
1185 242 1248 278 ὑπὲρ
1265 243 1336 278 ἡμῶν
1351 241 1524 272 ἀποθανόντος
1542 244 1587 268 καὶ
1604 241 1758 279 ἐγερθέντος-
1775 247 1821 268 τοῦ
1843 253 1947 278 μονογε-

1120 291 1179 317 νοῦς
1194 290 1254 313 Tia-3
1269 291 1314 312 τοῦ
1328 291 1393 312 Θεοῦ
1405 291 1450 312 τοῦ
1467 287 1571 319 ζῶντος,
1587 288 1639 323 qui
1649 295 1706 321 pro
1718 287 1800 315 nobis
1813 291 1949 315 mortuus

1120 334 1162 359 est
1187 333 1213 359 et
1233 333 1398 359 resurrexit
1417 341 1422 359 :
1451 332 1505 366 qui
1525 332 1696 366 unigenitus
1711 333 1807 360 Filius
1830 335 1873 360 est
1898 333 1952 360 Dei

1121 377 1267 404 viventis:
1282 379 1332 402 Καὶ
1352 381 1397 402 τοὺ
1421 381 1535 412 Χριστοῦ
1561 377 1651 411 αὑτοῦ,
1668 380 1695 404 et
1713 377 1828 405 Christi
1855 378 1948 411 ipsius

1121 421 1161 456 (p.
1183 422 1257 456 651).
1273 421 1370 448 Nolim
1393 424 1494 449 autem
1515 421 1610 457 accipi
1633 421 1663 448 in
1685 421 1796 450 malam
1819 424 1948 458 partem,

1120 473 1188 502 qum
1201 467 1267 500 jam
1282 465 1355 499 dixi,
1372 468 1423 493 aut
1437 474 1505 502 quae
1522 474 1591 493 mox
1611 466 1745 494 dicturus
1757 475 1837 494 sum.
1853 466 1948 494 Voces

1118 500 1222 540 Ἰησοῦς
1238 513 1352 547 Χριστός
1365 500 1480 546 passim
1503 519 1625 547 quoque
1645 513 1832 547 repetuntur,
1855 510 1947 538 modo

1121 554 1221 583 ambae
1244 555 1442 591 conjunctim,
1459 555 1552 583 modo
1571 563 1674 584 earum
1694 556 1796 584 altera.
1818 556 1948 584 Noverat

1122 599 1258 632 Basilius,
1272 607 1370 636 neque
1386 608 1441 627 nos
1459 600 1648 635 ignoramus,
1660 601 1696 628 iis
1716 608 1793 637 quas
1808 601 1947 628 recensui

1121 643 1257 679 vocibus,
1274 644 1348 672 nihil
1363 644 1471 672 melius
1488 653 1564 678 esse,
1581 648 1633 672 aut
1656 646 1809 673 sanctius:
1835 646 1888 673 sed
1906 648 1947 673 ta-

1121 696 1189 716 men
1209 688 1248 716 ab
1268 697 1373 717 earum
1391 692 1451 717 tam
1469 689 1618 725 frequenti
1634 690 1808 726 repetitione
1825 698 1857 718 se
1873 693 1946 718 ἱρω-

1121 733 1256 769 perabat,
1268 734 1362 770 quod,
1374 734 1494 770 opinor,
1508 734 1661 769 ejusmodi
1673 742 1781 762 vocum
1804 735 1948 763 continua

1120 777 1255 814 repetitio
1280 778 1354 805 nihil
1368 778 1405 806 ad
1421 778 1594 806 docendum
1619 779 1785 807 conferret:
1809 779 1853 809 id,
1866 779 1948 815 quod

1120 823 1204 850 Pater
1214 822 1379 858 piissimus,
1394 831 1463 850 cum
1480 823 1632 853 scriberet.
1644 823 1699 851 sibi
1713 824 1742 851 in
1758 824 1866 860 primis
1879 832 1946 860 pro-

1118 866 1261 898 ponebat.
1274 869 1318 894 Ad
1331 867 1469 895 eamdem
1490 867 1657 904 ταυτολογίαν
1672 868 1801 904 pertinet
1823 877 1859 896 ea
1879 877 1947 897 scri-

1117 911 1209 939 bendi
1223 911 1310 946 ratio,
1322 920 1384 948 qua
1398 921 1454 940 vox
1471 912 1609 948 ὰναγκαῖον
1620 913 1737 949 passim
1753 913 1781 941 in
1800 914 1847 941 his
1862 913 1945 941 libris

1117 958 1248 993 ponitur.
1261 957 1302 985 Ita
1311 958 1402 992 igitur
1411 958 1441 985 in
1451 958 1631 986 brevissimo
1640 958 1736 994 spatio
1748 958 1896 994 scriptum
1905 959 1946 986 in-

1116 1003 1255 1030 venimus
1269 1003 1312 1039 (p.
1329 1003 1390 1037 633)
1403 1012 1409 1031 :
1427 1006 1476 1029 Καὶ
1487 1004 1572 1040 ὥσπερ
1585 1001 1621 1029 δι’
1633 1003 1759 1040 ἐσόπτρου
1771 1007 1815 1029 καὶ
1827 1003 1852 1030 ἐν
1863 1004 1944 1040 αἰνίγ-

1116 1057 1179 1083 ματι
1192 1045 1365 1083 ὁδηγούμενοι
1376 1052 1453 1074 ειπεῖν
1470 1047 1617 1083 ἀναγκαῖον,
1629 1049 1666 1076 Et
1683 1050 1764 1077 velut
1774 1056 1832 1083 per
1842 1057 1944 1084 specu.

1117 1092 1178 1119 tum
1190 1096 1216 1120 et
1228 1092 1258 1119 in
1270 1093 1429 1127 aenigmate
1439 1093 1544 1120 ductos
1557 1101 1672 1121 necesse
1684 1096 1726 1121 est
1739 1094 1831 1128 loqui.
1846 1095 1879 1121 Et
1890 1096 1945 1121 sta-

1115 1136 1167 1164 tim
1181 1145 1187 1164 :
1203 1136 1354 1172 ’Λναγκαῖον
1367 1135 1395 1163 δὲ
1406 1137 1552 1173 λογίζομαι,
1563 1140 1629 1172 etc.,
1644 1146 1760 1166 necesse
1773 1140 1873 1167 autem
1886 1146 1945 1166 esse

1114 1179 1200 1211 duco,
1217 1182 1272 1208 etc.
1286 1182 1344 1208 Nec
1360 1181 1399 1208 ita
1415 1181 1510 1209 multo
1526 1185 1594 1217 post
1610 1190 1616 1209 :
1634 1181 1784 1217 Ἀναγκαῖον
1807 1186 1852 1208 καὶ
1875 1182 1944 1219 ἡμᾶς

1115 1223 1294 1261 ἐξητασμένως
1306 1229 1350 1252 καὶ
1362 1225 1583 1263 ἐπιτετηρημένως
1594 1229 1734 1263 προσέχειν
1748 1227 1850 1263 ἑκάστῳ
1861 1228 1943 1264 ῥητῷ,

1115 1277 1231 1298 necesse
1247 1273 1288 1298 est
1302 1273 1329 1298 et
1349 1278 1403 1298 nos
1413 1274 1556 1299 accurate
1575 1271 1797 1307 diligenterque
1814 1273 1944 1307 singuli:

1114 1313 1202 1340 dictis
1216 1314 1381 1349 attendere,
1397 1317 1426 1342 et
1441 1315 1478 1342 ad
1495 1314 1636 1342 eumdem
1653 1315 1779 1343 modum
1800 1315 1943 1352 pleraque

1114 1356 1183 1384 alia.
1200 1358 1348 1393 Frequens
1363 1361 1406 1385 est
1419 1358 1542 1394 quidem
1557 1359 1588 1386 in
1607 1359 1658 1386 illo
1683 1367 1773 1395 opere
1789 1367 1824 1387 ea
1848 1367 1943 1396 quam

1113 1402 1206 1429 modo
1217 1402 1279 1430 dixi
1293 1402 1446 1430 scribendi
1456 1404 1531 1431 ratio
1544 1411 1550 1430 :
1565 1403 1617 1431 sed
1634 1403 1664 1431 in
1680 1404 1786 1432 eodem
1803 1404 1943 1441 frequen-

1114 1446 1170 1474 tior
1186 1449 1230 1474 est
1245 1447 1346 1475 adhuc
1359 1447 1434 1475 illud
1445 1448 1589 1484 loquendi
1605 1456 1700 1483 genus
1711 1450 1794 1486 (pag.
1807 1451 1882 1485 656),
1897 1453 1940 1476 καὶ

1112 1490 1193 1516 πολλὰ
1207 1496 1325 1525 τοιαῦτα,
1342 1495 1368 1520 et
1385 1493 1462 1520 talia
1477 1493 1585 1526 multa,
1603 1496 1664 1527 aut,
1680 1493 1764 1530 quod
1786 1493 1868 1521 idem
1885 1497 1939 1528 est,

1112 1538 1157 1562 καὶ
1167 1536 1248 1562 πολλά
1255 1537 1319 1563 ἄλλα
1334 1538 1438 1574 ὁμοίως,
1451 1541 1477 1566 et
1498 1538 1594 1566 multa
1607 1539 1783 1574 huiusmodi
1796 1539 1871 1574 alia,
1888 1542 1939 1568 aut

1113 1581 1223 1609 similia.
1236 1582 1390 1618 qmedam.
1408 1583 1540 1619 Scriptor
1551 1583 1643 1618 igitur
1656 1592 1723 1611 cum
1739 1583 1851 1612 alicubi
1862 1587 1940 1612 retu-

1111 1625 1194 1653 lisset
1208 1626 1300 1654 verba
1314 1626 1416 1663 aliqua
1431 1636 1445 1655 e
1458 1635 1542 1655 sacra
1556 1628 1719 1664 Scriptura,
1730 1629 1772 1656 sic
1783 1629 1937 1665 persequi-

1112 1672 1159 1698 tur
1173 1673 1218 1696 καὶ
1233 1671 1314 1697 πολλά
1329 1676 1446 1705 τοιαῦτα,
1463 1675 1490 1700 et
1503 1673 1650 1707 ejusmodi
1664 1674 1770 1701 multa.
1786 1675 1817 1701 Et
1832 1673 1938 1709 paucis

1110 1714 1336 1751 interjectis,ita
1350 1716 1468 1744 locutus
1485 1719 1540 1751 est,
1553 1720 1597 1744 καὶ
1619 1717 1700 1743 πολλὰ
1723 1722 1832 1744 τοιαῦτα
1853 1719 1938 1755 εὕροις

1111 1759 1141 1785 ἂν
1152 1761 1224 1797 παρὰ
1238 1770 1264 1786 τε
1279 1765 1333 1791 τοῖς
1348 1761 1553 1797 εὐαγγέλια-ταῖς,
1567 1764 1634 1796 etc.,
1650 1765 1677 1790 et
1692 1763 1789 1790 multa
1801 1763 1835 1790 id
1843 1770 1938 1798 genus

1110 1805 1245 1834 invenias
1260 1809 1288 1834 et
1298 1806 1382 1841 apud
1390 1807 1602 1842 evangelistas,
1615 1810 1682 1841 etc.,
1697 1807 1750 1835 ubi
1764 1808 1794 1835 in
1808 1808 1938 1836 transitu

1110 1851 1209 1878 notari
1219 1853 1325 1886 potest,
1338 1851 1424 1887 paria
1436 1853 1566 1887 quatuor
1575 1852 1712 1888 exempla
1723 1852 1753 1880 in
1764 1852 1861 1880 tribus
1869 1860 1938 1889 quae

1109 1895 1246 1931 proxime
1258 1898 1426 1931 sequuntur
1434 1896 1553 1932 paginis
1565 1897 1699 1932 reperiri.
1714 1897 1788 1924 Usus
1799 1897 1940 1925 immodi-

1111 1948 1164 1968 cus
1177 1939 1262 1968 verbi
1275 1938 1409 1966 παιδεύειν
1425 1940 1464 1968 ad
1477 1940 1558 1968 idem
1574 1941 1677 1968 vitium
1691 1941 1795 1969 referri
1814 1944 1937 1978 potest:

1110 1984 1195 2021 quod
1209 1984 1289 2012 idem
1302 1984 1339 2013 de
1353 1985 1446 2013 verbo
1469 1985 1609 2021 φυλάσσειν
1628 1985 1743 2013 dictum
1762 1986 1843 2014 volo.
1862 1987 1938 2014 Usus

1110 2037 1234 2066 quoque
1257 2029 1508 2066 praepositionum
1528 2030 1569 2058 ita
1593 2029 1735 2066 frequens
1759 2033 1805 2059 est
1832 2031 1881 2066 (c),
1905 2033 1938 2060 ut

1110 2078 1193 2107 nullo
1208 2078 1302 2107 modo
1315 2079 1473 2107 convenire
1489 2079 1585 2116 possit
1604 2079 1636 2106 in
1651 2079 1937 2116 praestantissimum

1111 2125 1261 2152 oratorem
1278 2123 1430 2160 Basilium,
1443 2124 1530 2160 cujus
1541 2124 1637 2152 oratio
1646 2131 1708 2152 non
1718 2124 1820 2152 minus
1833 2123 1938 2152 dictio-

1073 2165 1097 2193 D
1111 2177 1185 2196 num
1199 2176 1294 2205 quam
1306 2176 1408 2196 rerum
1418 2168 1561 2197 varietate
1573 2168 1716 2196 omnibus
1729 2171 1793 2197 erat
1806 2169 1936 2198 admira-

1111 2213 1194 2241 tioni.
1212 2213 1305 2241 Velim
1320 2215 1422 2241 autem
1436 2213 1608 2249 experiatur
1622 2221 1675 2249 per
1690 2221 1721 2241 se
1737 2213 1880 2250 quisque,
1896 2222 1935 2242 an

1109 2265 1182 2285 vera
1193 2257 1252 2285 sint
1261 2264 1330 2293 qua:
1340 2256 1412 2284 dixi.
1422 2257 1513 2293 Spero
1524 2258 1565 2285 tot
1575 2264 1681 2285 earum
1691 2264 1768 2294 quas
1778 2258 1882 2286 notavi
1894 2266 1938 2286 re-

1108 2309 1177 2329 rum
1188 2300 1328 2337 exempla
1337 2301 1492 2329 inventum
1503 2301 1549 2334 iri,
1558 2303 1591 2329 ut
1600 2309 1691 2329 nemo
1699 2301 1818 2329 futurus
1828 2301 1876 2336 sit,
1883 2302 1936 2338 qui

1108 2355 1170 2375 non
1179 2346 1306 2374 libenter
1316 2346 1444 2374 fateatur
1452 2345 1600 2382 ejusmodi
1611 2354 1700 2382 opus,
1707 2346 1738 2374 in
1748 2354 1810 2383 quo
1820 2347 1936 2375 eaedem

1107 2399 1197 2420 voces
1211 2393 1358 2428 perpetuo
1380 2393 1567 2427 repetuntur,
1582 2391 1802 2427 peritissimum
1814 2391 1934 2420 dicendi

1108 2436 1289 2472 magistrum
1298 2435 1439 2463 Basilium
1448 2435 1532 2464 nullo
1540 2435 1634 2464 modo
1642 2436 1762 2464 docere.
1770 2436 1884 2464 Eodem
1892 2444 1934 2465 re-

1108 2481 1150 2509 dit
1159 2481 1210 2509 illa
1221 2481 1422 2517 genitivorum
1432 2480 1521 2517 quasi
1534 2479 1621 2514 silva,
1635 2480 1677 2508 sic
1687 2483 1721 2508 ut
1729 2480 1760 2508 in
1773 2480 1832 2509 hoc
1843 2488 1934 2517 opere

1107 2525 1181 2553 nihil
1192 2525 1273 2553 aliud
1282 2525 1340 2553 nisi
1348 2525 1413 2560 ejus
1421 2532 1514 2561 quem
1524 2524 1585 2552 dixi
1595 2532 1683 2553 casus
1691 2524 1846 2553 incondita
1853 2533 1934 2561 quie-

1107 2569 1178 2598 dam
1196 2570 1351 2604 congeries
1367 2571 1517 2597 cernatur.
1536 2570 1569 2597 Et
1582 2577 1652 2597 vero
1667 2569 1827 2606 participia
1842 2570 1872 2598 in
1888 2569 1933 2598 his

1106 2616 1150 2643 De
1163 2616 1309 2650 baptismo
1323 2613 1407 2642 libris
1423 2614 1462 2642 ita
1478 2614 1518 2642 ad
1531 2614 1680 2650 reliquam
1696 2614 1868 2643 orationem
1890 2623 1934 2643 ac-

1106 2659 1351 2694 commodantur,
1360 2661 1393 2688 ut
1403 2659 1463 2688 fere
1473 2658 1611 2695 quolibet
1620 2667 1712 2688 versu
1724 2659 1878 2694 genitivus
1887 2667 1932 2689 oc-

1141 2803 1179 2842 (ι’)
1203 2804 1279 2840 Lege
1292 2811 1323 2840 p.
1339 2802 1390 2832 653
1406 2805 1435 2833 et
1448 2799 1511 2833 657.
