2020 3140
72 132 114 159 145
812 125 1004 156 PREFATIO.

1707 133 1757 160 146

68 192 164 220 currat.
180 191 220 218 Ita
231 190 329 226 legere
342 192 385 218 est
400 191 430 218 in
440 190 826 228 primapagina(pag.624):
836 189 876 215 Εἰ·
893 191 916 217 Α
929 191 965 218 ob
979 198 1058 225 spem
1077 194 1148 220 vitm
1161 193 1281 221 aiternae
1296 194 1324 220 et
1339 192 1425 228 regni
1441 193 1578 227 caelestis,
1604 193 1756 228 etjudicio

67 243 146 270 πόντος
161 238 206 265 διὰ
220 238 302 265 Aa:th
316 244 361 265 τοῦ
376 241 521 276 προῑμητου7
547 240 674 267 dicentis
697 246 753 275 per
776 237 876 266 David

932 235 1017 268 iustis
1031 237 1183 270 mercedis,
1197 240 1257 265 tam
1266 245 1380 270 eorum,
1388 238 1441 272 qui
1450 241 1578 272 patrant
1589 238 1755 273 prohibita,

64 288 246 324 prophetam;
264 288 317 315 ἐπεὶ
331 287 373 314 οὖν
396 289 590 325 προστάξαντος
618 292 663 314 τοῦ
685 290 792 325 Κυρίου,
807 289 876 321 etc.,

65 346 120 365 tum
135 338 234 372 igitur,
251 338 377 365 Domino
389 339 593 372 praecipiente,
610 340 678 372 etc.,
702 339 747 363 καὶ
763 339 820 362 τότε
835 336 877 362 ἐπ-

66 389 204 421 αγαγοντος,
227 386 335 414 deinde
354 387 555 422 subjungente
579 395 586 414 :

65 435 154 464 ἐντολὴν
182 438 226 460 τοῦ
251 434 409 462 Ἀποστόλου
432 436 523 469 ποιεῖν,
548 435 589 461 ἐὰν
613 438 648 472 μὴ
675 436 750 466 εὐθὺς
771 440 878 472 ἀποκρι-

65 484 163 521 νώμεθα,
192 483 316 517 εἰπόντος,
346 486 419 519 etc.,
442 486 521 512 ratio
564 487 671 513 contra
697 485 877 513 mandatum

64 534 82 560 Α
85 533 190 567 postoli
195 533 332 567 facturos
341 541 404 567 nos,
413 534 441 561 si
448 542 509 562 non
519 535 622 562 statim
633 534 877 568 respondeamus,

65 590 122 609 cum
151 581 240 616 dicat,
268 584 324 610 etc.

65 631 175 663 εἰπόντος,
200 631 357 668 ἠκούσαμεν,
389 632 437 660 hic
460 633 557 668 igitur
584 632 752 661 audivimus
779 632 877 660 dicen-

65 681 123 710 tem.
134 690 147 703 «ι
160 680 276 708 Docete.
289 691 303 704 ››
317 682 357 708 Ex
370 681 482 717 quibus
497 681 599 709 videre
610 681 687 716 licet,
699 681 774 709 alios
799 689 876 716 esse,

65 727 204 764 genitivos,
221 729 276 764 qui
290 729 422 757 absoluti
442 730 543 758 vocari
567 730 673 764 solent,
697 730 772 758 alios
800 738 876 758 esse.

64 777 108 812 qui
116 777 151 804 ab
165 777 268 813 aliqua.
283 779 428 806 orationis
442 783 525 815 parte
537 780 670 816 pendent
682 788 687 806 :
702 787 765 815 quo
773 779 879 814 geniti»

65 829 159 849 vorum
169 830 227 849 usu
242 822 286 850 ita
300 822 468 851 oblectatus
483 826 528 851 est
543 824 682 860 scriptor,
697 827 729 852 ut
741 824 879 859 genitivis

617 386 783 422 λογισάμενοι
816 385 877 422 παρ’

343 583 478 610 εένταῦοα
505 593 550 620 μεν
584 582 638 616 οὖν,
677 584 876 616 Μαθητεύσατε,

930 283 983 307 aut
998 285 1143 315 respuunt
1154 283 1331 317 approbata,
1353 283 1393 310 ad
1401 284 1583 317 supplicium
1599 286 1754 318 azlernum,

930 333 1019 360 quam
1026 327 1193 362 eorum,qui
1198 334 1254 361 pro
1260 327 1408 362 dignitate
1414 328 1577 363 Evangelii
1582 329 1673 356 Deiin
1679 336 1757 357 sana

932 370 1125 406 fide,qumper
1132 371 1247 400 Christi
1257 371 1437 399 charitatem
1449 375 1594 406 operatur
1601 373 1754 407 vixerunt,

931 414 967 442 ob
977 423 1056 449 spem
1072 417 1140 444 vita-
1151 419 1272 444 mternw
1290 418 1318 444 et
1333 417 1421 451 regni
1430 417 1566 452 caelestis,
1578 418 1658 452 quod
1668 421 1710 445 est
1723 418 1755 446 in

932 459 1054 488 Christo
1065 461 1136 488 Jesu
1151 461 1275 488 Domino
1290 463 1403 488 nostro.
1425 461 1524 495 Caput
1539 462 1581 495 II,
1606 463 1755 495 Quomodo

932 505 997 540 quis
1010 513 1042 533 eo
1058 505 1237 540 baptismate
1252 505 1437 540 baptizatur,
1451 506 1531 541 quod
1546 507 1577 534 in
1591 507 1755 542 Evangelia

931 550 1053 577 Domini
1070 551 1166 577 nostri
1177 551 1248 578 Jesu
1256 550 1695 579 Christicommendatur.Cum
1707 552 1757 580 Di-

932 594 1031 622 minus
1046 597 1146 622 noster
1159 595 1245 622 Jesus
1261 594 1401 622 Christus
1415 597 1591 629 praeceperit
1604 596 1698 630 nobis,
1723 599 1756 624 ut

931 638 1094 673 diligamus
1106 647 1158 667 nos
1168 639 1361 671 mutuo,sicut
1370 639 1433 673 ipse
1448 639 1555 667 dilexit
1567 647 1630 674 nos,
1644 640 1757 676 hacque

931 691 1002 717 nos,
1017 684 1226 717 erapostolum
1234 683 1367 711 Paulum
1376 683 1492 716 doceat,
1504 686 1536 711 ut
1547 692 1600 712 nos
1611 687 1715 712 mutuo
1725 685 1758 713 in

932 728 1092 756 dilectione
1102 728 1380 760 toleremus,vestraa
1388 728 1419 755 in
1430 727 1546 756 Christo
1551 729 1674 763 pietatis
1682 736 1759 763 pra:-

933 777 1101 811 ceptum,de
1108 777 1308 811 gloriosisimo
1318 777 1480 804 secundum
1491 777 1691 812 anngelium
1704 779 1759 806 Do-

933 822 1116 849 mininostri
1129 822 1200 849 Jesu
1216 821 1333 848 Christi
1353 821 1528 856 baptismate
1543 822 1643 850 animo
1660 823 1760 851 alacri

65 866 263 894 transitiouum
280 867 348 895 loco
361 876 439 903 saepe
452 870 562 896 utatur.
581 868 638 896 Sed
645 868 719 896 nihil
732 868 806 896 mihi
817 877 880 897 ma—
894 868 915 894 Β
933 866 1062 900 suscepi,
1082 868 1138 893 εἴθ·
1156 865 1271 899 Dicam,
1283 865 1760 907 (1115950:QUiiﬂversaﬂdi§Bﬂsm

65 909 103 944 gis
117 918 224 938 novum
241 914 295 939 aut
308 911 462 940 insolitum
470 913 570 940 visum
587 915 644 947 est,
658 921 753 949 quam
768 921 878 941 vocum

65 954 160 982 harum
181 958 277 992 Κύριος
303 957 375 992 ἡμῶν
405 956 509 987 Ἰησοῦς
536 960 651 994 Χριστός
674 958 756 993 jugis
775 966 879 994 perpe-

64 1001 163 1035 tuaque
183 1001 322 1036 repetitio
333 1001 384 1036 (a).
402 1001 560 1029 Afﬁrmare
576 1010 708 1038 possum
723 1010 785 1036 eas,
801 1011 878 1038 quas

65 1043 203 1077 adnotavi,
225 1053 317 1073 voces
334 1049 386 1073 aut
401 1045 459 1080 bis,
471 1049 586 1081 autter,
602 1049 654 1074 aut
678 1049 794 1082 quater,
827 1049 879 1075 aut

64 1088 141 1115 etiam
156 1089 320 1125 quinquies
331 1090 360 1117 in
377 1099 437 1118 una
448 1091 616 1127 eademque
625 1091 735 1127 pagina
742 1099 803 1119 non
810 1099 878 1119 raro

63 1131 190 1160 iuvrniri:
205 1141 277 1169 qum
293 1135 471 1162 earumdem
484 1143 593 1162 vocum
604 1135 746 1171 frequens
761 1136 878 1164 iteratio

63 1175 132 1208 facit,
145 1180 173 1205 ut
184 1178 235 1205 tibi
250 1178 351 1213 legele
365 1179 505 1214 videaris,
516 1188 576 1207 non
587 1179 698 1208 librum
710 1180 875 1216 vulgarem,

64 1220 108 1248 sed
121 1222 268 1257 quasdam
280 1224 370 1259 quasi
380 1223 516 1255 litanias,
528 1224 558 1251 in
574 1224 686 1260 quibus
703 1224 784 1252 idem
811 1233 877 1252 sex-

62 1266 160 1293 centies
172 1267 327 1303 repetitur,
339 1271 400 1301 aut,
415 1268 440 1295 si
455 1268 486 1296 in
501 1269 592 1296 rebus
619 1269 703 1296 seriis
726 1270 767 1297 ita
793 1269 876 1305 loqui

61 1309 128 1345 licet,
141 1312 240 1339 audire
258 1313 427 1348 parochum
439 1314 686 1350 quempiam,qui
696 1315 834 1342 morienti
844 1315 875 1342 in

62 1362 153 1383 aurem
175 1357 320 1385 continuo
336 1358 464 1390 occinat,
489 1359 635 1387 Dominus
663 1363 764 1388 noster
788 1360 875 1388 Jesus

62 1399 195 1429 Christus.
218 1402 287 1430 Scio
303 1403 427 1438 quidem
442 1403 648 1440 conﬁteorque
664 1412 699 1432 ea
712 1412 781 1440 quae
796 1404 873 1432 indi-

62 1445 118 1472 (ιιι.νὶ
133 1447 254 1475 nomina
275 1448 412 1475 omnium
427 1457 493 1476 esse
522 1451 549 1476 et
564 1449 680 1485 optima
694 1452 723 1477 et
749 1450 873 1478 sanctis-

62 1489 143 1517 sima:
156 1491 207 1518 sed
222 1499 286 1519 non
301 1495 458 1528 propterea
475 1493 599 1521 vetitum
616 1496 660 1521 est
672 1493 781 1527 dicere,
798 1495 875 1530 ejus-

933 910 1141 938 voluminibus
1150 909 1236 937 multi
1243 912 1366 944 sunt,an
1378 909 1436 937 tale
1447 910 1618 946 quidquam
1627 911 1658 938 in
1669 911 1760 939 illlius

933 954 1072 990 genuinis
1081 954 1199 990 scriptis
1209 954 1527 990 unquamlegerint.Et
1535 958 1638 983 tamen
1644 956 1690 983 his
1697 964 1759 985 non

933 1001 1091 1027 contentus
1112 1001 1228 1033 auctor,
1254 998 1357 1026 statim
1381 999 1412 1026 in
1431 999 1488 1026 hac
1499 999 1565 1036 ipsa
1579 1000 1692 1036 pagina
1717 1002 1760 1030 ita

932 1046 1110 1080 persecutus
1137 1046 1181 1072 est
1207 1044 1289 1080 (pag.
1313 1045 1376 1074 629)
1399 1052 1404 1070 :
1436 1044 1511 1069 Οὕτω
1525 1046 1576 1080 γὰρ
1590 1045 1694 1076 αὑτὸςό
1711 1047 1760 1072 Κύ-

932 1099 988 1125 ριος
1014 1091 1058 1114 καὶ
1094 1089 1159 1118 Θεὸς
1185 1089 1258 1124 ἡμῶν
1299 1088 1401 1118 Ἰησοῦς
1427 1090 1543 1124 Χριστὸς
1572 1089 1585 1114 ὃ
1619 1093 1759 1126 μονογενὴς

933 1136 992 1164 Υἱὸς
1011 1136 1057 1159 τοῦ
1076 1137 1141 1159 Θεοῦ
1162 1136 1207 1158 τοῦ
1227 1133 1322 1163 ζῶντος
1350 1132 1489 1159 ἐνετείλατο
1513 1137 1568 1164 τοῖς
1589 1133 1681 1161 ἑαυτοῦ
1705 1146 1759 1171 μα-

935 1179 1035 1210 θηταῖς,
1060 1178 1108 1205 [ta
1127 1178 1205 1205 enim
1220 1177 1365 1204 Dominus
1378 1177 1440 1211 ipse
1455 1180 1482 1205 et
1498 1180 1573 1206 Deus
1588 1182 1690 1208 noster
1712 1181 1759 1208 Je-

933 1231 982 1250 sus
994 1222 1142 1255 Christus,
1155 1222 1331 1256 Unigenitus
1342 1222 1398 1249 Dei
1407 1223 1532 1250 viventis
1555 1224 1662 1258 Filius,
1674 1225 1760 1253 disc;-

934 1267 1014 1302 pulis
1029 1267 1089 1294 suis
1102 1266 1258 1300 praecepit.
1277 1265 1335 1294 Sed
1345 1267 1377 1293 ut
1394 1273 1475 1293 nunc
1492 1266 1530 1294 de
1544 1267 1596 1295 illa
1617 1276 1763 1304 quarum-

935 1311 1007 1338 dam
1030 1319 1137 1338 vocum
1161 1310 1336 1346 repetitione
1366 1310 1472 1338 sileam
1497 1311 1565 1347 quis
1593 1320 1656 1340 non
1679 1313 1762 1342 videt

935 1355 1101 1383 orationem
1116 1355 1298 1382 dissolutam
1310 1362 1391 1390 esse,
1402 1363 1458 1383 nec
1474 1356 1605 1385 suaviter
1620 1357 1722 1394 ﬂuere,
1736 1358 1760 1384 ἐν

934 1400 1034 1437 ἀγάπῃ,
1062 1400 1099 1426 ἐπ’
1127 1398 1224 1434 ἐλπίδι,
1253 1398 1289 1426 δι’
1319 1399 1433 1436 ἀγάπης,
1467 1400 1504 1427 ἐπ’
1532 1400 1630 1435 ἑλπίδι,
1649 1404 1677 1428 τὸ
1701 1413 1760 1440 περι

933 1448 989 1478 τοῦ,
1003 1446 1117 1478 κατὰτὸ,
1127 1444 1204 1472 etc.?
1217 1446 1363 1473 Praeterea
1376 1453 1446 1472 cum
1457 1446 1584 1481 scriptor
1588 1446 1654 1481 jam
1666 1447 1760 1483 paulo

933 1491 1002 1517 ante
1024 1489 1204 1525 scripsisset,
1233 1488 1271 1515 ἐπ’
1298 1487 1384 1515 ἐλπίδι
1415 1491 1483 1521 ζωῆς
1507 1490 1610 1516 αἰωνίου
1625 1493 1671 1517 καὶ
1686 1492 1761 1518 ἐπου-

62 1534 134 1561 modi
147 1536 355 1571 repetitionem
364 1539 426 1564 tam
434 1537 624 1574 frequentem
631 1538 715 1574 apud
730 1538 875 1567 Basilium

932 1536 1020 1571 ρανίου
1046 1534 1192 1570 βασιλείας,
1218 1533 1304 1570 quid,
1334 1542 1452 1570 quaeso,
1482 1535 1627 1563 attinebat
1651 1536 1759 1565 eadem

62 1576 220 1607 inusitatam
235 1588 318 1614 esse,
335 1588 371 1608 ex
392 1589 488 1618 eaque
514 1582 620 1610 merito
647 1582 747 1618 colligi
772 1591 875 1619 posse,

61 1621 140 1650 hasce
152 1624 194 1652 De
208 1625 356 1660 baptismo
370 1625 464 1654 libros
475 1627 512 1654 ad
528 1627 630 1663 ipsum
645 1635 706 1655 non
717 1629 875 1663 pertinere,

62 1665 89 1693 Et
101 1669 239 1702 quoniam
260 1670 389 1698 fortasse
417 1671 476 1698 nisi
492 1672 666 1707 exemplum
683 1672 807 1708 aliquod
836 1672 875 1700 ob

61 1711 152 1739 oculos
164 1717 337 1749 poneretur,
356 1715 462 1744 multis
476 1723 536 1743 non
556 1716 699 1744 credibile
726 1716 875 1745 videretur

61 1763 143 1790 quam
154 1757 183 1785 in
192 1758 279 1786 brevi
296 1760 394 1794 spatio
409 1767 498 1788 voces
509 1760 567 1788 illa:
579 1763 764 1796 repetantur,
779 1770 874 1790 unum

61 1802 107 1827 aut
119 1801 239 1830 alterum
250 1803 356 1831 locum
367 1803 518 1838 integrum
538 1805 707 1833 exscribere
723 1806 873 1839 constitui,

62 1846 186 1874 ulexliis
209 1847 248 1875 de
272 1847 339 1875 aliis
360 1848 508 1883 judicium
538 1849 606 1877 ferri
632 1850 738 1885 possit.
766 1852 876 1879 Auctor

60 1887 139 1922 igitur
161 1891 200 1918 ita
223 1892 336 1920 alicubi
359 1894 442 1928 (pag.
472 1895 536 1927 629)
560 1894 703 1930 scripsit;
730 1895 769 1921 Ἐν
785 1895 872 1931 ἀγάπῃ

63 1936 165 1969 Χριστοῦ
193 1935 282 1965 Ἰησοῦ
314 1941 358 1962 του
387 1940 484 1974 Κυρίου
514 1939 597 1974 ἡμῶν,
627 1938 664 1967 ἐη¹
694 1938 781 1966 ἐλπίδι
806 1939 874 1970 ζωης

62 1977 152 2005 αἰωνίου
190 1983 234 2006 καὶ
261 1981 415 2017 ἐπουρανίου
446 1981 591 2018 βασιλείας,
621 1986 666 2009 καὶ
694 1985 727 2009 τὰ
760 1986 876 2020 χρίματα

61 2027 100 2052 τῆς
120 2022 222 2056 δικαίας
245 2024 446 2057 ἀνταποδόσεως
475 2031 525 2052 τῶν
554 2037 580 2053 τε
605 2030 745 2054 ποιούντων
769 2030 802 2054 τα
828 2028 875 2055 ἀπ-

61 2071 219 2105 ηγορουμὲια,
249 2071 263 2100 ἡ
306 2070 461 2097 ἀθετο·)ντων
497 2073 529 2097 τὰ
566 2071 733 2109 ἐγκεκριμένα
770 2073 805 2103 εὶς
833 2076 877 2099 κό-

60 2110 125 2137 λασιν
149 2114 260 2147 αἰώνιον,
289 2118 334 2140 καὶ
360 2120 410 2141 τῶν
435 2115 514 2146 ἀξίως
550 2120 595 2142 τοῦ
624 2117 781 2153 Εὑαγγελίου
809 2121 875 2144 Θεοῦ

62 2155 247 2194 πολιτευομένων
277 2159 302 2185 ἐν
340 2160 506 2196 ὑγιαινούσῃ,
551 2163 648 2194 πίστει,
692 2160 728 2187 δι’

62 2204 166 2235 Χριστοῦ
190 2202 356 2240 ἐνεργουμένη
387 2203 425 2230 ἐπ’
463 2203 550 2231 ἐλπίδι
586 2205 655 2236 ζωῆς
693 2206 796 2232 αἰωνίου
832 2217 877 2232 και

770 2161 859 2198 ἀγάπη
866 2173 876 2193 ς

62 2244 201 2282 ἐπουρανιου
217 2247 355 2284 βασιλείας
383 2253 430 2279 τῆς
459 2249 482 2274 ἐν
512 2253 620 2286 Χριστῳ
649 2250 737 2279 Ἰησοῦ
765 2261 801 2286 τῳ
828 2255 877 2278 Κυ-
895 2250 1055 2285 Βγουμένη,
1092 2249 1177 2279 καθὼς
1214 2250 1371 2285 γέγραπται·

61 2292 101 2324 pip
112 2292 191 2326 ἡμῶν.
207 2295 296 2328 Αόγοσ
371 2297 428 2323 Πῶς
443 2293 600 2329 βαπτίζεταί
621 2304 661 2325 τις
675 2297 742 2321 κατὰ
757 2298 785 2321 τὸ
802 2295 825 2321 ἑν
841 2306 876 2332 τῳ

62 2334 197 2372 Εὑαγγελίῳ
230 2341 277 2363 τοῦ
306 2340 401 2374 Κυρίου
431 2340 503 2374 ἡμῶν
533 2338 622 2368 Ἰησοῦ
663 2344 780 2376 Χριστοῦ
823 2339 876 2376 βεί-

61 2387 161 2415 πτισμα.
190 2384 242 2407 Τοῦ
272 2384 368 2418 Κυρίου
406 2383 478 2419 ἡμῶν
517 2382 605 2411 Ἰησοῦ
628 2387 745 2420 Χριστοῦ
775 2383 876 2413 ἐντολὴν

63 2419 197 2456 δεδωκότος
223 2427 287 2462 ἡμῖν
316 2426 417 2462 ἀγαπᾷν
445 2427 570 2457 ἀλλήλους
599 2429 685 2459 καθὼς
706 2428 784 2459 αὐτὸς
813 2429 877 2464 ἠγά-

62 2476 133 2495 πησεν
160 2471 239 2506 ἡμᾶς,
268 2473 313 2497 καὶ
340 2469 387 2496 διὰ
415 2471 516 2497 Παύλου
545 2476 590 2498 τοῦ
619 2472 764 2499 ἀποστόλου
795 2471 876 2499 διδά-

63 2520 157 2544 σκοντος
183 2515 264 2550 ἡμᾶς,
293 2514 434 2550 ἀνέχεσθαι
459 2515 572 2545 ἀλλήλων
600 2516 623 2542 ἐν
652 2517 752 2554 ἀγάπῃ,
776 2520 804 2543 τὸ
823 2517 877 2544 ἐπί-

62 2564 140 2592 ταγμα
162 2564 209 2589 τῆς
232 2560 357 2596 ὑμετέρας
383 2559 406 2585 ἐν
438 2565 562 2597 Χρισστῴ
591 2561 732 2595 εὐλαϐείας,
764 2564 793 2588 τό
817 2565 876 2600 περὶ

62 2604 100 2626 την
136 2602 202 2629 κατὰ
245 2605 275 2629 τό
303 2604 459 2640 Eine/79407
488 2609 532 2631 τοῦ
564 2609 659 2642 Κυριου
689 2608 762 2642 ἡμῶν
789 2607 876 2636 Ἰησοῦ

64 2648 169 2680 Χριστοῦ
198 2645 369 2679 ἐνδοξοτάτον
397 2649 591 2685 βαπτίσματος,
622 2651 762 2687 προθύμως
786 2650 877 2682 ἐδεξά-

62 2699 114 2723 μην,
129 2694 184 2719 etc.
200 2693 236 2720 In
252 2692 414 2721 dilectione
426 2694 498 2722 Jesu
515 2694 632 2722 Christi
644 2695 758 2723 domini
770 2696 877 2731 nostri,

94 2751 113 2769 ⁵¹
132 2755 241 2782 tJoan.
259 2762 300 2788 Ill,
319 2757 342 2782 Ι.

932 1578 1023 1608 verba
1038 1579 1138 1607 statim
1154 1581 1288 1614 repetere
1300 1579 1314 1606 ?
1328 1579 1382 1606 sed
1395 1579 1435 1607 ad
1444 1579 1636 1615 propositum
1649 1588 1697 1608 me
1711 1589 1759 1609 re-

930 1623 1003 1652 fero.
1017 1623 1096 1651 Alter
1111 1623 1201 1658 igitur
1215 1622 1312 1657 locus,
1326 1631 1419 1660 quem
1441 1624 1593 1652 excribere
1608 1624 1759 1660 integrum

930 1668 1012 1701 libet,
1036 1667 1084 1696 hic
1111 1670 1155 1696 est
1176 1668 1259 1703 (pag.
1288 1668 1371 1702 646);
1396 1670 1459 1694 Τότε
1479 1670 1528 1705 γὰρ
1556 1671 1589 1700 ὡς
1613 1671 1672 1696 Υῖον
1692 1674 1758 1697 Θεοῦ

931 1711 1112 1749 ἐνδυσάμενος,
1146 1712 1317 1744 καταξιοῦται
1358 1716 1404 1738 τοῦ
1430 1713 1523 1739 τελείου
1560 1713 1676 1750 βαθμοῦ,
1714 1718 1759 1742 καὶ

931 1757 1090 1793 βαπτίζεται
1115 1757 1149 1788 εἰς
1173 1759 1202 1783 τὸ
1227 1759 1307 1793 ὄνομα
1334 1761 1381 1783 τοῦ
1408 1760 1511 1794 Πατρὸς
1535 1759 1614 1785 αὐτοῦ
1634 1763 1679 1786 τοῦ
1703 1764 1758 1787 Κυ-

929 1812 987 1839 ριου
1008 1803 1085 1838 -ὴμῶν
1113 1802 1200 1831 Ἰησοῦ
1227 1805 1356 1839 Χριστοῦ,
1380 1804 1448 1829 κατὰ
1473 1805 1520 1832 τὴν
1555 1807 1601 1830 τοῦ
1640 1804 1758 1831 Ἰωάννου

930 1849 1074 1883 μαρτυρίαν
1102 1845 1224 1877 διδόντος
1254 1846 1373 1878 ἐξουσίαν
1410 1847 1487 1874 τέκνα
1520 1852 1586 1874 Θεοῦ
1626 1850 1757 1885 γενέσθαι,

932 1895 997 1918 Θεοῦ
1037 1895 1082 1918 τοῦ
1124 1891 1252 1928 λέγοντος·
1296 1891 1424 1922 Ἐξῇιθετε
1469 1892 1496 1918 ἐκ
1534 1895 1614 1929 μέσου

930 1939 976 1962 καὶ
1025 1935 1194 1974 ἀφορίσθητε,
1236 1935 1385 1973 ἀκαθάρτου
1434 1939 1470 1973 μὴ

932 1979 1083 2017 εἰσδέξομαι
1134 1981 1211 2017 ὑμᾶς,
1252 1983 1296 2006 καὶ
1336 1982 1429 2017 ἔσομαι
1470 1982 1530 2018 ὑμῖν
1571 1983 1606 2014 εὶς
1645 1986 1759 2021 πατέρας

931 2028 976 2051 καὶ
1014 2026 1087 2062 ὑμεῖς
1128 2026 1220 2052 ἔσεσθέ
1259 2035 1304 2061 μοι
1340 2026 1376 2056 εἰς
1419 2026 1492 2057 υἱοὺς
1533 2030 1578 2053 καὶ
1603 2029 1757 2066 θυγατέρας,

931 2070 998 2106 λὲγει
1026 2072 1120 2107 Κύριος
1153 2071 1350 2107 παντοκράτωρ,
1386 2071 1481 2108 χάριτι
1516 2071 1597 2098 αὐτοῦ
1632 2077 1678 2099 τοῦ
1708 2077 1760 2100 Κυ-

1662 1894 1756 1928 αὐτῶν,

1525 1937 1644 1965 ἅπτεσθε¹
1685 1938 1758 1975 κάγὼ

931 2118 989 2153 ρίου
1016 2115 1089 2151 ἡμῶν
1115 2115 1202 2143 Ἰησοῦ
1231 2119 1348 2152 Χριστοῦ
1375 2119 1420 2141 τοῦ
1446 2120 1597 2152 μονογενοῦς
1622 2120 1683 2143 Υίοῦ
1712 2121 1758 2144 τοῦ

933 2164 999 2186 Θεοῦ
1026 2164 1071 2186 τοῦ
1097 2160 1203 2193 ζῶντος,
1232 2159 1257 2184 ἐν
1281 2157 1301 2194 ᾧ
1337 2161 1396 2185 οὔτε
1431 2163 1558 2197 περιτομή
1601 2171 1626 2186 τι
1656 2161 1758 2198 ἰσχύει,

933 2206 990 2230 οὔτε
1033 2203 1204 2241 ἀκροϐυστία,
1244 2202 1306 2232 ἀλλὴ
1343 2206 1434 2235 πίστις
1458 2203 1493 2230 δι’
1545 2203 1650 2241 ἀγάπης
1687 2206 1758 2243 ἐνερ-

1417 2247 1454 2274 δι’
1489 2249 1520 2280 ἧς
1557 2248 1655 2281 εῦόὸως
1697 2251 1758 2287 ἡμῖν

932 2294 1105 2330 κατορθοῦται
1143 2295 1172 2319 τὸ
1212 2292 1347 2328 ἐπενεχθὲν
1385 2295 1554 2330 συνημμένως
1589 2299 1624 2330 τῷ
1660 2305 1759 2333 παραγ-

932 2338 1039 2374 γέλματι
1071 2341 1116 2363 τοῦ
1145 2337 1329 2374 βαπτισματος
1371 2339 1443 2375 παρὰ
1471 2342 1516 2364 τοῦ
1546 2339 1626 2366 αὐτοῦ
1662 2343 1759 2377 Κυρίου

933 2383 1005 2419 ἡμῶν
1030 2386 1117 2412 Ἰησοῦ
1155 2386 1283 2419 Χριστοῦ,
1319 2382 1435 2414 εἰπόντος
1472 2385 1529 2411 etc.
1564 2384 1647 2413 Tunc
1681 2385 1760 2413 enim

932 2428 1019 2463 quasi
1026 2427 1138 2455 Filium
1145 2427 1201 2455 Dei
1208 2427 1342 2462 indutus,
1349 2428 1496 2462 ﬁtdignus
1506 2429 1606 2463 gradu
1614 2429 1759 2464 perfecto,

933 2472 1163 2507 baptizaturque
1173 2472 1204 2500 in
1213 2479 1320 2499 nomen
1327 2472 1430 2500 Patris
1438 2473 1530 2507 ipsius
1540 2473 1661 2501 Domini
1665 2474 1763 2502 nostri

932 2518 1001 2545 Jesu
1010 2517 1288 2552 Christi,quijuzta
1297 2517 1425 2545 Joannis
1432 2518 1634 2546 testimonium
1641 2526 1704 2547 eam
1711 2526 1761 2554 po—

934 2565 1065 2590 testatem
1073 2561 1202 2593 dedit,ut
1210 2562 1265 2589 Dei
1269 2561 1440 2596 efﬁciamur
1444 2563 1479 2597 ﬁt
1482 2563 1515 2590 lii
1520 2563 1530 2580 ⁵
1537 2564 1542 2580 ι
1549 2563 1613 2595 ,Dei
1617 2563 1760 2599 ,inquam.

934 2606 986 2642 qui
996 2606 1064 2633 dicit
1079 2614 1084 2633 :
1097 2616 1109 2631 (ι
1118 2606 1208 2634 Exite
1217 2606 1254 2634 de
1261 2606 1357 2634 medio
1369 2614 1483 2642 eorum,
1495 2610 1520 2635 et
1534 2609 1724 2642 separemini,
1733 2611 1762 2636 et

934 2651 1121 2679 immundum
1138 2658 1174 2678 ne
1187 2651 1343 2686 tetigeritis
1360 2660 1366 2678 :
1382 2654 1409 2678 el
1429 2659 1481 2686 ego
1498 2652 1638 2686 recipiam
1662 2660 1723 2688 vos,
1734 2655 1762 2681 et

935 2703 982 2724 ero
991 2695 1070 2724 vobis
1086 2695 1118 2723 in
1129 2698 1291 2730 patrem,et
1304 2704 1354 2724 vos
1380 2696 1466 2724 eritis
1476 2696 1552 2724 mihi
1564 2697 1595 2725 in
1605 2697 1684 2733 ﬁlios
1692 2700 1719 2725 et
1728 2698 1762 2732 ﬁ-

94 2789 132 2823 (r1)
149 2790 217 2825 Legi
234 2793 366 2826 possunt
377 2799 406 2827 p.
425 2793 487 2824 626,
504 2793 567 2827 628,
579 2795 642 2828 629,
656 2794 719 2822 633.
737 2795 798 2828 635,
816 2795 877 2830 636,
890 2795 952 2830 642,
964 2795 1027 2828 sit,
1043 2795 1105 2822 646.
1123 2795 1182 2822 etc.
