2020 3140
90 145 131 173 Mil

85 206 169 235 nostri
179 206 245 233 Jesu
262 204 375 232 Christi
395 203 544 239 unigeniti
556 202 629 230 Filii
642 202 697 229 Dei
708 200 770 229 vivi
783 206 890 227 memo—
904 199 928 223 Α

84 258 122 278 res
133 250 226 281 simus,
244 249 295 285 qui
315 257 381 276 cum
405 249 534 276 Joannes
550 247 692 282 Baptista
707 246 734 274 ei
747 244 892 272 dia-isset:

85 295 172 323 «Mihi
194 302 265 329 opus
278 297 319 321 est
336 296 369 320 ut
389 294 442 322 abs
463 296 490 321 te
506 293 648 328 baptizer,
665 294 691 320 et
708 294 740 319 tu
756 290 836 319 venis
852 289 892 317 ad

81 348 151 374 me,»
172 339 332 373 respondit,
350 339 447 366 «Sine
465 338 550 365 modo
561 338 595 371 5‘,
612 350 621 356 υ
644 339 697 365 etc.
721 336 826 364 Statim
842 336 887 371 (p.

81 385 144 417 67l),
158 387 206 410 Τοῦ
221 386 316 420 Κυρίου
332 384 404 420 ἡμῶν
427 382 514 412 Ἰησοῦ
540 386 656 419 Χριστοῦ
679 385 724 408 τοῦ
740 384 891 417 μονογενοῦς

79 431 132 456 Tibi
154 433 196 454 τοῦ
220 432 297 461 Θεοῦ,
316 426 350 454 δι’
365 428 395 454 οὗ
416 429 449 454 τὰ
462 429 548 454 πάντα
571 427 667 464 ἐγένετο
693 427 773 463 ὁραφά
796 435 823 452 τε
846 429 891 452 καὶ

79 473 174 510 ἀόρατοι,
203 473 386 510 ὁμολογοῦντος
412 474 470 510 μὲν,
500 474 539 498 ὅτι
569 472 620 498 Οὖν
647 471 805 502 ἀπεστάλην,
836 472 890 498 etc.

79 520 143 547 Cum
166 519 308 547 Dominus
334 521 432 547 noster
452 519 535 546 Jesus
558 518 698 546 Christus
722 517 893 552 um‘genitus

78 564 228 597 Dein'lz‘us,
243 571 300 598 per
313 571 397 600 quem
413 565 514 592 omnia
527 565 613 598 facta
630 566 700 591 sunt
719 565 746 590 et
763 562 893 590 vtsz'bz'lia

76 611 99 636 et
111 609 269 636 invisibilia
285 609 474 642 conﬁteatur,
490 619 504 632 «
515 609 583 636 Non
596 615 661 636 sum
678 608 794 638 missus,
806 618 819 631 η
837 609 891 634 etc-

74 654 162 689 Neque
184 652 282 680 solum
307 652 446 688 scriptor,
463 660 533 680 cum
556 652 708 680 Christum
732 651 892 679 Dominum

74 697 232 733 loquentem
261 697 388 729 inducit,
415 697 525 732 majori
554 697 714 724 verborum
742 698 893 732 apparatu

72 742 160 776 utitur,
173 750 264 778 quam
284 742 408 770 Basilius
424 741 536 770 soleat:
552 741 605 770 sed
620 741 700 769 idem
716 741 806 769 etiam
821 735 893 769 facit

74 794 131 813 cum
144 786 313 822 apostolum
329 786 453 814 Paulum
467 786 582 814 laudat.
600 787 634 814 Et
644 786 790 822 quoniam
804 794 882 822 pauc

74 834 140 864 sunt,
155 831 203 867 qui
217 831 369 867 ejusmodi
380 831 447 859 loca
462 831 492 858 in
508 831 581 867 ipsis
594 830 730 859 fontibus
744 830 890 867 quterant‘

859 133 1050 162 PREFATIO.

1725 130 1776 157 150

947 194 1113 222 dictionum
1127 194 1335 231 repetitionem
1346 194 1527 230 perpetuam
1535 192 1565 220 in
1580 191 1626 219 his
1635 191 1721 220 libris
1732 199 1776 219 re-

945 239 1049 276 periri;
1066 248 1160 276 quam
1177 241 1200 267 si
1216 239 1283 275 quis
1297 238 1435 275 scriptori
1449 238 1522 265 vitio
1537 237 1610 265 dare
1624 236 1715 271 nolet,
1732 240 1776 264 to:

945 293 1026 318 men,
1041 285 1064 313 si
1080 292 1224 320 germana
1238 283 1335 312 Basilii
1349 283 1460 320 scripta
1472 282 1562 319 paulo
1577 281 1718 310 attentius
1733 281 1776 309 1e-

947 332 1007 366 gat,
1021 338 1082 358 non
1093 332 1275 365 negaturum
1289 336 1386 364 spero,
1404 328 1435 355 id
1448 329 1556 363 praeter
1571 327 1636 362 ejus
1652 334 1777 354 consue-

946 376 1081 404 tudinem
1095 375 1209 403 factum
1220 382 1293 402 esse.
1304 373 1370 401 Mihi
1384 381 1454 400 cum
1464 373 1519 400 hos
1530 373 1623 400 libros
1633 372 1776 407 legerem,

946 421 977 449 in
993 423 1124 448 mentem
1139 420 1219 448 venit
1234 419 1412 455 scriptorem
1427 417 1557 445 veritum
1573 425 1648 451 esse,
1663 425 1700 445 ne
1714 426 1777 443 ταυ-

946 465 1066 501 τολογίας
1078 466 1185 493 vitium
1201 464 1257 492 sibi
1277 463 1468 498 objiceretur,
1484 462 1524 490 ob
1539 462 1630 498 idque
1643 461 1778 498 Apostoli

948 509 1087 546 exemplo
1098 517 1128 536 se
1139 516 1284 536 excusare
1294 507 1436 535 voluisse.
1445 506 1491 534 Sic
1500 505 1579 533 enim
1589 506 1775 541 scribit(pag.

948 555 1009 590 639)
1024 564 1029 582 :
1048 552 1133 584 Εἰδὼς
1157 551 1185 579 δὲ
1200 552 1212 578 ὀ
1230 551 1388 582 ’Λποστολος
1412 552 1451 577 ὅτι
1471 551 1628 586 ταντολογία
1646 550 1777 586 ὼφελιμω-

947 601 1010 636 τέρα
1024 599 1080 625 ἐστὶ
1094 602 1148 629 τοῖς
1163 597 1289 623 ἀκούουσι
1305 599 1370 633 πρὸς
1386 598 1433 625 τὴν
1449 595 1600 632 ἀσφάλειαν,
1615 598 1659 621 καὶ
1671 594 1776 631 βεϐαιο-

947 646 1022 681 τέραν
1042 643 1143 679 ἐμποιεῖ
1152 641 1199 668 diu
1211 646 1258 673 τῆς
1269 641 1452 676 ἐπαναλήψεως
1464 645 1514 671 τῶς
1531 640 1615 666 αὐτῶν
1625 642 1671 668 τὴν
1681 639 1777 675 πληρο-

948 691 1037 725 φορίαν
1069 692 1117 719 τῆς
1142 687 1273 718 ἀληθείας.
1297 687 1372 714 Cum
1401 688 1501 714 autem
1530 685 1692 720 Apostolus
1716 692 1777 711 non

946 735 1102 769 ignoraret
1117 733 1322 767 repetitionem
1346 731 1539 759 audientibus
1563 731 1604 758 ad
1625 731 1777 765 integram

948 779 1206 814 conﬁrmationem
1220 777 1322 805 utilem
1338 783 1407 810 esse,
1419 777 1508 804 etiam
1519 775 1622 803 iisdem
1638 775 1725 803 rebus
1734 781 1778 803 re-

944 824 1045 858 petitis
1053 824 1187 851 ueritatis
1192 822 1412 857 persuasionem
1419 821 1515 855 magis
1522 819 1781 851 stabilit.Videant

74 883 102 902 ea
115 875 158 903 hic
173 876 393 904 conscribenda
404 884 470 904 esse
483 864 627 911 judicavi.
641 878 683 903 lta
700 864 789 911 igitur
805 877 891 905 alicir
950 868 1067 901 eruam,
1084 868 1108 895 Si
1124 867 1276 903 el‘ISmOdi
1291 866 1444 894 excusatio
1457 865 1634 901 acelpienda
1645 864 1693 892 Sit-

73 919 98 947 bi
110 920 136 948 in
146 920 189 948 his
201 920 292 948 libris
309 921 418 955 legitur
432 924 476 957 (p.
569 930 575 948 :
593 925 729 958 Μαρτυρεῖ
744 919 772 947 δὲ
786 924 830 947 καὶ
844 922 856 948 ὀ
872 917 895 962 E;

75 968 166 1001 Χριστῷ
184 965 265 991 latin
280 965 391 995 Παῦλος,
404 965 507 1002 γράψας
520 974 526 980 ·
553 969 573 991 Ο
590 964 619 991 δὲ
636 963 738 998 δοῦλος,
754 968 809 994 etc.
830 967 895 994 Τρε-

74 1011 146 1036 tatur
157 1010 209 1038 hoc
222 1011 302 1038 idem
323 1012 350 1038 et
363 1011 415 1046 qui
430 1011 460 1038 in
482 1011 604 1038 Christo
622 1011 801 1046 loquebatur
815 1011 895 1039 Pau-

75 1054 121 1087 lus,
134 1062 195 1082 cum
206 1056 334 1083 scribit:
350 1067 363 1079 «
378 1056 434 1089 Qui
445 1064 513 1083 vero
530 1063 644 1083 servus.
655 1066 669 1079 ι)
683 1058 737 1083 etc.
753 1056 895 1092 Aliquan-

73 1100 97 1125 l0
111 1098 179 1127 intra
192 1100 232 1136 (p.
250 1100 336 1132 631):
355 1100 456 1131 Παῦλος
472 1099 524 1126 3ὲό
540 1100 732 1131 ἀπόστολος..
749 1100 772 1126 ἐν
789 1105 895 1138 Χριστῷ

73 1141 142 1168 λαλῶν
158 1142 411 1182 διαμαρτύρεται....
427 1147 488 1171 ποτὲ
515 1146 559 1181 μὲν
585 1145 661 1171 εἰπὼν
690 1145 838 1182 ὁριστίκῶς,
856 1146 895 1176 ὅτι

73 1188 100 1213 Οἱ
124 1191 154 1214 τὰ
173 1194 293 1224 τοιαῦτα,
320 1192 374 1217 etc.
406 1191 524 1218 Paulus
553 1198 620 1218 vero
648 1191 835 1224 apostolus...
863 1191 893 1218 in

74 1233 178 1261 Christo
204 1235 326 1270 loquens
347 1235 485 1263 declarat
513 1243 581 1263 ea...
597 1236 684 1263 modo
705 1243 770 1263 cum
795 1236 893 1263 minus

74 1277 126 1305 late
138 1278 210 1306 dixit
223 1287 234 1306 :
250 1291 262 1303 ιι
279 1279 337 1312 Qui
353 1281 439 1311 (alia,
452 1290 466 1305 >
481 1282 539 1307 ctc.
554 1279 639 1308 Haud
651 1280 739 1314 longe
754 1280 795 1316 (p.
807 1280 891 1309 63’s):

74 1322 160 1353 Παῦλος
175 1327 187 1349 ὅ
203 1323 225 1349 ἐν
242 1328 352 1360 Χριστῴ
366 1324 458 1357 λαλῶν,
477 1323 643 1360 δογματικῶς
656 1323 838 1361 παραδίδωσι,
850 1324 893 1350 λέ·-

73 1377 131 1401 γων-
146 1367 175 1394 ‘H
200 1368 326 1404 ἀγνοεῖτε,
341 1371 396 1396 etc.
417 1370 535 1397 Paulus
556 1370 587 1396 ιή
612 1369 731 1397 Christo
756 1370 890 1405 loquens,

73 1412 176 1440 modum
190 1413 367 1441 decretoriis
390 1414 435 1441 his
452 1414 545 1442 verbis
560 1414 666 1446 tradit,
681 1425 694 1438 ι(
706 1414 755 1441 Αη
772 1414 891 1448 ignora-

74 1456 113 1485 tis.
125 1468 137 1481 »
151 1459 202 1484 etc.
221 1459 280 1485 Nec
296 1458 335 1486 ita
355 1457 449 1485 multo
465 1461 533 1494 post
549 1459 589 1495 (p.
603 1459 666 1493 646)
680 1467 686 1486 :
702 1459 786 1484 Αὐτοῦ
802 1463 847 1485 τοῦ
866 1458 890 1485 ἐν

73 1505 165 1537 Χριστῴ
179 1502 316 1534 latebra;
336 1503 437 1529 Παύλου
452 1507 497 1529 τοῦ
513 1503 670 1536 ἀποστόλου,
683 1504 798 1534 εὶποντος
809 1514 814 1520 ·
833 1504 890 1530 Ἐάν

74 1549 121 1575 ταῖς
143 1546 285 1581 γλώσσαις.
304 1549 358 1574 etc.
385 1548 458 1575 Cum
481 1548 598 1576 Paulus
613 1548 766 1581 apostolus
781 1549 834 1584 qui
858 1549 889 1576 tn
905 1554 925 1581 ε

74 1589 179 1618 Christo
190 1591 378 1626 loquebatur.
395 1593 477 1620 dicat
487 1599 499 1620 .'
515 1603 528 1616 «
539 1592 574 1619 Si
585 1593 709 1627 linquis,
721 1603 734 1616 ›ι
745 1594 799 1620 etc.
813 1592 889 1620 Alibi

75 1636 232 1668 (pagﬁﬁﬁiz
248 1639 302 1663 Καὶ
318 1636 419 1667 Παῦλος
441 1635 470 1662 δὲ
492 1637 504 1662 ὀ
530 1635 674 1667 ἀπόστολος
696 1637 708 1662 ὁ
733 1636 756 1662 ἐν
781 1641 888 1674 Χριστῷ

72 1677 143 1704 lata».
157 1690 249 1715 φησιν·
269 1682 328 1707 Εἴτε
344 1680 450 1714 ἐσθίετε,
462 1682 518 1708 etc.
540 1682 577 1708 Et
589 1689 674 1716 quem
691 1681 806 1709 Paulus
818 1689 886 1716 apo-

72 1724 153 1751 slolus
178 1725 207 1752 in
232 1725 355 1753 Christo
381 1726 502 1760 loquens
529 1726 667 1759 tradidit,
693 1734 758 1754 cum
789 1726 885 1754 dixit:

73 1777 84 1790 ιι
98 1768 160 1796 Sive
171 1771 373 1801 manducatis,
389 1782 402 1794 υ
418 1773 473 1798 etc.
491 1771 602 1798 Rursus
621 1771 662 1807 (p.
678 1772 757 1805 668):
774 1770 818 1801 Ὡς
833 1772 845 1796 ὁ
861 1771 885 1796 ἐν

72 1815 166 1848 Χριστῷ
179 1814 257 1840 λαλῶν
284 1815 387 1846 Παῦλος
401 1816 539 1852 optant/Ii;
559 1815 715 1851 ἀπεφήνατο,
731 1815 809 1852 λέγων
822 1823 828 1830 '
842 1816 883 1845 Μὴ

74 1863 262 1892 συνκοινωνεῖτε,
279 1862 335 1887 etc.
363 1861 414 1888 Uti
427 1861 544 1888 Paulus
570 1861 601 1887 in
627 1861 742 1888 Christo
764 1861 885 1896 loquens

72 1900 177 1934 deﬁnite
191 1905 412 1940 pronuntiavit,
430 1905 482 1933 ubi
496 1905 574 1933 dixit
588 1913 598 1932 :
622 1906 744 1933 «Nolite
759 1913 886 1933 commu-

71 1947 170 1982 nicare,
181 1959 192 1972 ι
210 1950 268 1977 etc.
288 1951 398 1977 Auctor
411 1949 520 1977 alicubi
536 1950 578 1985 (p.
596 1950 658 1980 639)
675 1959 729 1986 pro
740 1949 763 1976 ἐν
778 1954 885 1988 Χριστῷ

70 1989 194 2024 λαλοῦντος
218 1994 348 2030 scripsit,
374 1994 399 2020 ἐν
425 1999 532 2030 Χριστῷ
554 1996 767 2031 προφητεύοντος.
792 1995 885 2022 Velim

69 2034 195 2070 legantur
217 2038 379 2072 diligenter
403 2039 499 2066 Basilii
524 2038 642 2073 Regulus
666 2041 727 2067 tam
754 2039 885 2074 majores

69 2086 151 2115 quam
165 2081 336 2110 breviores:
353 2083 383 2110 in
398 2083 522 2119 quibus,
538 2083 595 2110 nisi
611 2082 698 2110 valde
715 2083 810 2119 fallor,
821 2084 885 2111 haec

68 2122 174 2158 longior
189 2126 303 2154 citandi
320 2127 406 2160 ratio,
423 2127 525 2158 Παῦλος
540 2128 552 2153 o‘
574 2127 597 2153 ἐν
615 2132 719 2164 Χριστῷ
734 2127 825 2161 λαλῶν,
842 2137 886 2157 se-

69 2168 118 2196 mel
128 2169 275 2198 duntaxat
289 2171 439 2199 invenitur
451 2173 522 2207 (reg.
540 2174 584 2205 20,
596 2180 626 2199 n.
637 2173 666 2206 2)
679 2180 684 2204 ;
702 2180 770 2200 cum
786 2175 884 2201 tamen

69 2211 94 2238 in
108 2214 222 2249 Regulis
248 2224 263 2243 e
285 2216 367 2244 Pauli
387 2216 524 2252 Epistolis
546 2219 686 2244 sexcenta
713 2218 884 2246 testimonia
898 2229 919 2256 ι)

69 2257 181 2290 proferri
189 2262 319 2288 constet.
333 2262 415 2289 Certe
426 2261 449 2288 si
463 2261 542 2288 idem
556 2264 662 2289 auctor
674 2270 779 2290 omnes
790 2264 883 2298 Regu-

69 2300 105 2328 las
116 2306 142 2330 et
153 2303 229 2332 duos
245 2306 290 2333 De
300 2305 442 2340 baptismo
456 2305 549 2333 libros
563 2306 882 2342 scripsissetJuturum

68 2345 147 2375 fuisse
157 2351 240 2385 puto,
251 2352 285 2377 ut
298 2350 400 2378 habita
411 2350 524 2378 ratione
536 2350 712 2386 prolixitatis
727 2351 882 2388 utriusque

69 2392 166 2438 pperis,
182 2393 206 2420 is
220 2401 313 2429 quem
337 2394 398 2422 dixi
420 2395 531 2422 citandi
556 2395 665 2422 modus
681 2395 882 2431 quinquagies

68 2442 93 2461 ιιι
120 2438 234 2471 Regulis
262 2439 442 2474 reperiretur
477 2441 577 2475 Neque
601 2439 686 2467 facile
706 2439 882 2469 crediderim

68 2478 137 2507 idem
157 2481 229 2509 illud
245 2482 389 2519 loquendi
405 2491 502 2514 genus
524 2483 710 2520 frequentius
724 2485 754 2512 in
767 2485 881 2513 caeteris

69 2524 154 2553 Basilii
168 2526 252 2554 libris
274 2527 429 2555 inventum
443 2527 487 2555 iri.
505 2527 617 2555 Possim
633 2528 754 2564 quidem
774 2531 803 2557 et
823 2529 882 2557 alia

66 2566 124 2596 loca
142 2570 285 2605 indicare,
298 2572 409 2608 quibus
428 2572 586 2600 ostendam
612 2572 796 2609 scriptorem,
812 2583 881 2602 cum

66 2612 178 2642 Joannis
195 2616 334 2652 Baptistae
350 2617 532 2645 mentionem
547 2617 680 2653 haberet,
697 2619 763 2654 pari
776 2620 882 2648 verbo-

68 2665 124 2687 rum
134 2661 307 2689 circuitione
317 2669 408 2689 usum
419 2669 484 2690 esse
494 2663 576 2698 (pag.
591 2664 653 2695 632,
664 2664 724 2698 638,
738 2666 815 2697 658);
829 2665 883 2693 sed

66 2711 97 2731 ne
107 2705 224 2741 longior
239 2714 305 2734 esse
318 2707 443 2739 viderer,
458 2715 494 2735 ea
506 2708 603 2735 sciens
615 2708 712 2736 omisi.
723 2710 764 2736 Ex
772 2710 883 2746 quibus

68 2750 198 2778 omnibus
223 2751 297 2779 satis
325 2751 419 2788 liquet
437 2752 601 2780 multarum
625 2754 676 2781 aut
696 2761 806 2782 vocum
833 2757 887 2784 aut

98 2796 119 2812 ⁵⁵
133 2797 233 2825 Matth.
248 2804 291 2832 ιιι,
309 2799 350 2830 14,
369 2799 410 2826 l5.

987 916 1030 941 57.
1049 914 1192 949 Superest
1206 912 1289 940 aliud
1299 913 1524 946 argumentum,
1537 909 1620 946 quod
1636 911 1664 938 et
1677 909 1779 946 ipsum

950 966 1072 995 quoque
1079 966 1093 986 e
1100 957 1318 986 rationecitand
1324 964 1411 985 arum
1420 956 1639 991 Scripturarum
1646 962 1778 983 sumam.

950 1006 1067 1033 Monere
1092 1003 1181 1038 igitur
1205 1010 1304 1039 operas
1328 1001 1459 1038 pretium
1482 1001 1536 1034 est,
1550 999 1629 1027 hanc
1651 999 1778 1027 citandae

952 1049 1109 1085 Scripturm
1125 1047 1298 1079 formulam,
1315 1046 1339 1072 ἐν
1354 1050 1389 1081 τῷ
1406 1045 1493 1078 εἰπεῖν,
1509 1044 1532 1070 ἐν
1547 1048 1583 1079 τῷ
1598 1053 1715 1081 γραφειν,
1728 1045 1780 1071 aut

950 1093 1062 1121 similes
1086 1092 1238 1129 quasdam
1260 1091 1370 1119 horum
1393 1090 1541 1118 librorum
1565 1088 1680 1117 auctori
1703 1096 1781 1116 unas

950 1138 1088 1166 omnium
1110 1137 1201 1164 fuisse
1223 1135 1485 1167 familiarissimas,
1501 1142 1613 1170 easque
1628 1133 1664 1167 ei,
1682 1133 1706 1160 si
1719 1141 1781 1169 qua

950 1183 1019 1215 alia,
1030 1182 1119 1210 valde
1132 1181 1301 1209 admodum
1315 1180 1475 1216 placuisse.
1483 1179 1572 1207 Multa
1582 1178 1706 1215 quidem
1714 1179 1780 1213 ejus

949 1228 992 1256 rei
1007 1227 1145 1263 exempla
1160 1226 1302 1254 addicam
1324 1225 1355 1253 in
1370 1225 1515 1257 medium,
1533 1224 1587 1251 sed
1609 1223 1651 1252 ita
1665 1226 1780 1258 tamen,

949 1275 981 1302 ut
993 1281 1029 1301 ea
1044 1281 1139 1309 quam
1160 1272 1336 1300 brevissime
1351 1272 1456 1307 potero
1472 1269 1610 1298 referam.
1628 1269 1674 1298 Sic
1689 1269 1780 1303 igitur

949 1320 1053 1346 auctor
1072 1317 1184 1346 alicubi
1214 1318 1293 1353 (pag.
1322 1318 1384 1351 625)
1407 1315 1530 1343 scribit:
1561 1314 1599 1341 Ἐν
1623 1319 1659 1350 τῷ
1683 1314 1780 1340 εἰπεῖν·

949 1367 970 1389 Ο
986 1367 1066 1389 ποιῶν
1081 1365 1129 1392 τὴν
1149 1362 1289 1398 ἀμοιρτιαν,
1308 1362 1378 1394 etc.,
1393 1368 1458 1388 cum
1474 1359 1550 1387 dixit
1564 1367 1570 1387 Ζ
1597 1370 1610 1384 (ί
1626 1359 1684 1393 Qui
1703 1358 1784 1393 facit

953 1412 1118 1442 peccatum,
1132 1418 1146 1432 υ
1170 1409 1224 1434 etc.
1243 1406 1289 1434 Sic
1307 1404 1500 1442 persequitur
1523 1404 1566 1440 (p.
1581 1403 1665 1437 626):
1691 1406 1723 1429 Εν
1747 1406 1783 1438 τῷ

954 1454 1049 1479 εἰπεῖν·
1073 1452 1241 1489 Ταλαίπωρος
1265 1451 1325 1487 ἐγώ,
1342 1453 1408 1484 etc.,
1432 1457 1499 1477 cum
1522 1449 1614 1477 dicit:
1643 1447 1781 1483 «Infelix

950 1506 1032 1533 ego,»
1049 1500 1103 1525 etc.
1119 1497 1182 1524 Alio
1201 1497 1268 1524 loco
1286 1497 1390 1532 (p.630
1412 1495 1466 1527 bis)
1485 1493 1616 1529 loquitur
1636 1493 1694 1520 hoc
1717 1499 1783 1519 mo-

948 1544 1005 1571 do:
1024 1542 1062 1569 Ἐν
1078 1547 1113 1578 τῷ
1134 1542 1211 1568 εἰπεῖν
1224 1561 1230 1567 .
1253 1544 1304 1567 Τοῦ
1326 1542 1393 1576 ἱεροῦ
1416 1539 1503 1576 μεῖζον
1526 1536 1587 1571 ὧδε,
1603 1538 1649 1566 his
1671 1537 1780 1571 verbis,

945 1599 959 1612 «
974 1588 1095 1622 Templa
1110 1587 1208 1621 magis
1220 1586 1339 1621 aliquid
1354 1584 1404 1612 hic
1420 1587 1472 1618 est,
1484 1592 1499 1609 ›
1515 1585 1571 1616 etc,
1590 1582 1703 1610 Ibidem
1716 1591 1722 1610 :
1740 1581 1780 1608 Ἐν

944 1637 980 1668 τῷ
995 1632 1082 1658 εἰπεῖν·
1100 1632 1110 1641 ⁷
1124 1636 1147 1657 Ω
1161 1631 1300 1667 παρέθιητο
1316 1629 1390 1664 πολύ,
1407 1631 1474 1664 etc.,
1493 1628 1546 1655 ubi
1571 1627 1651 1655 dixit
1663 1635 1674 1654 :
1692 1638 1706 1652 «
1720 1626 1779 1654 Cui

944 1677 1230 1706 commendaverunt
1245 1676 1409 1706 multum,»
1426 1675 1484 1701 etc.
1500 1673 1615 1700 Rursus
1631 1672 1674 1707 (p.
1692 1673 1758 1706 635)
1772 1680 1778 1698 :

951 1727 983 1750 Εν
999 1727 1034 1758 τῷ
1050 1722 1138 1754 εἰπεῖν,
1150 1721 1178 1746 Ὀ
1191 1722 1266 1756 γνοὺς
1281 1721 1310 1745 τὸ
1326 1719 1433 1755 θέλημα,
1447 1719 1503 1745 etc.
1517 1725 1584 1745 cum
1595 1716 1679 1750 dicit,
1693 1727 1707 1741 (ί
1721 1715 1780 1749 Qui

947 1768 1084 1802 cognovit
1100 1767 1297 1798 voluntatem,
1310 1775 1324 1789 ν
1339 1765 1395 1796 etc,
1407 1762 1519 1790 Deinde
1535 1763 1577 1798 (p.
1592 1762 1673 1792 639):
1688 1760 1727 1787 Ἐν
1741 1763 1777 1796 τῷ

942 1811 1033 1839 εἰπεῖν·
1047 1812 1076 1837 Ὀ
1102 1811 1158 1847 ἐμοὶ
1183 1809 1320 1842 διακονῶν,
1337 1811 1392 1835 etc.
1410 1815 1477 1835 cum
1499 1807 1582 1837 dicit,
1610 1816 1624 1830 α
1637 1805 1777 1840 Quisquis

941 1857 1018 1885 mihi
1031 1857 1216 1884 ministrat.»
1241 1856 1297 1881 etc.
1315 1852 1405 1881 Paulo
1432 1853 1501 1887 post
1522 1852 1565 1887 (p.
1585 1851 1649 1884 640)
1663 1859 1669 1877 :
1685 1849 1724 1876 Ἐν
1739 1853 1776 1884 τῷ

942 1902 1032 1928 εἰπεῖν·
1059 1901 1088 1928 Εἰ
1112 1902 1162 1937 γὰρ
1193 1901 1333 1936 σύμφυτοι,
1348 1899 1402 1925 etc.
1427 1905 1495 1925 cum
1519 1896 1602 1929 dicit,
1628 1895 1685 1922 «Si
1698 1894 1776 1922 enim

941 1947 1170 1983 complantatt,»
1188 1947 1243 1973 etc.
1260 1945 1334 1972 Tum
1356 1943 1398 1978 (p.
1416 1943 1492 1975 642):
1511 1940 1549 1967 Ἐν
1571 1944 1607 1975 τῷ
1631 1939 1720 1966 εἰπεῖν.
1737 1939 1775 1965 Τὰ

940 1995 990 2031 γὰρ
1007 1993 1107 2029 ὀψώνια
1120 1995 1167 2021 τῆς
1180 1991 1319 2026 ἁμαρτίας,
1335 1989 1390 2015 etc.
1403 1986 1449 2014 his
1460 1985 1557 2014 verbis
1569 1994 1575 2012 :
1590 1995 1603 2010 ί(
1616 1983 1774 2019 Stipendia

941 2027 1177 2072 enimpeccatt,»
1193 2037 1249 2062 etc.
1266 2035 1323 2061 Nec
1333 2032 1375 2060 ita
1385 2031 1480 2059 multo
1494 2029 1622 2066 infra(p.
1638 2029 1702 2063 645)
1713 2037 1719 2056 :
1732 2027 1771 2054 ’Ev

940 2088 976 2120 τῷ
992 2083 1070 2110 εἰπεῖν
1084 2093 1089 2098 ·
1115 2082 1198 2111 Λύτὸς
1212 2081 1263 2116 γάρ
1289 2080 1358 2104 ἐστιν
1381 2077 1395 2106 ἠ
1413 2077 1497 2113 εἰρήνη
1519 2075 1601 2112 ἡμῶν,
1614 2077 1682 2106 etc.,
1699 2073 1772 2100 dum

940 2118 1014 2156 dicit
1029 2137 1035 2155 :
1053 2138 1067 2151 «ί
1081 2127 1148 2160 Ipse
1163 2125 1241 2153 enim
1257 2125 1298 2151 est
1311 2129 1377 2157 pax
1387 2124 1502 2153 nostra,
1515 2131 1528 2144 »
1544 2121 1598 2147 etc.
1612 2118 1772 2153 Aliquanto

940 2174 1009 2209 post
1035 2172 1075 2208 (p.
1106 2169 1192 2204 648):
1218 2168 1258 2195 Ἐν
1281 2172 1317 2203 τῷ
1350 2166 1446 2193 εἰπιῖν.
1471 2164 1510 2191 Ἐν
1600 2163 1694 2198 ἔχομεν
1726 2163 1772 2189 τὴν

940 2207 1129 2254 ξιποὶώτρωσιν,
1147 2215 1214 2247 etc.,
1231 2213 1283 2240 ubi
1302 2211 1375 2240 dicit
1391 2219 1398 2237 :
1416 2209 1476 2237 «In
1491 2216 1548 2244 quo
1565 2207 1709 2254 habemus
1721 2212 1768 2233 re-

940 2250 1147 2296 demptionem,
1161 2270 1175 2284 »
1191 2260 1247 2286 etc.
1269 2258 1335 2284 Mox
1348 2256 1390 2291 (p.
1406 2255 1456 2282 649
1475 2253 1547 2286 bis):
1570 2251 1608 2278 Ἐν
1621 2255 1657 2286 τῷ
1672 2250 1769 2296 sinent.

939 2294 1028 2333 Πάνέα
1054 2308 1149 2331 ποιεῖτε
1177 2305 1262 2340 χωρὶς
1290 2304 1459 2337 γογγυσμῶν,
1490 2300 1557 2330 etc.,
1585 2296 1632 2324 his
1651 2294 1766 2324 verbis:

939 2364 953 2377 «
967 2352 1074 2380 Omnia
1091 2349 1186 2385 facile
1205 2349 1271 2376 sine
1293 2343 1591 2377 murmurationibus,
1605 2353 1618 2366 υ
1632 2342 1689 2369 etc.
1706 2339 1767 2367 Hoc

937 2393 1003 2434 ipso
1025 2396 1056 2423 in
1070 2395 1157 2423 loco:
1173 2393 1212 2420 Ἐν
1228 2397 1264 2428 τῷ
1279 2392 1366 2418 εἰπεῖν.
1388 2390 1461 2426 Ἐμὸν
1485 2388 1578 2425 βρῶμά
1603 2385 1683 2418 ἐστιν,
1697 2386 1766 2419 etc.,

938 2428 983 2470 [iis
997 2440 1094 2469 verbis
1107 2449 1113 2468 :
1133 2449 1141 2464 ι
1157 2438 1247 2466 Cibus
1259 2444 1340 2465 meus
1351 2438 1404 2468 est,
1417 2445 1431 2459 »
1448 2436 1502 2461 etc.
1520 2431 1674 2466 Statim(p.
1688 2428 1764 2463 650):

942 2490 973 2513 Εν
989 2490 1024 2521 τῷ
1040 2485 1127 2512 εἰπεῖν.
1142 2487 1172 2509 Ἡ
1188 2482 1255 2519 ἀγάρ
1267 2491 1355 2518 αγαπη
1372 2483 1418 2506 τοῦ
1438 2481 1555 2516 Χριστοῦ
1567 2477 1672 2511 συνέχει
1685 2476 1764 2509 ἡμᾶς,

942 2518 1118 2567 quddieit:
1153 2528 1321 2556 «Charitas
1343 2526 1421 2554 enim
1448 2522 1564 2552 Christi
1586 2518 1767 2567 constringit

936 2563 1024 2604 τιοεά
1053 2574 1178 2602 Interius
1207 2573 1249 2608 (p.
1273 2572 1351 2606 657):
1369 2570 1407 2596 Ἐν
1432 2573 1468 2604 τῷ
1495 2568 1583 2598 εἰπεῖν,
1609 2565 1649 2590 ὃτι
1676 2566 1729 2593 Πᾶς
1753 2563 1766 2587 ὀ

939 2620 1049 2658 βλέπων,
1066 2621 1212 2654 etc.,cum
1232 2617 1321 2645 dicit:
1349 2614 1472 2643 «Omnis
1499 2612 1552 2647 qui
1575 2609 1665 2643 videt,
1677 2609 1764 2658 nletc.

937 2653 1023 2693 l-laud
1038 2665 1078 2692 ita
1089 2664 1177 2698 longe
1189 2663 1233 2699 (p.
1250 2664 1297 2690 661
1318 2661 1390 2696 bis);
1410 2659 1449 2685 Ἐν
1463 2663 1499 2694 τῷ
1518 2657 1605 2683 εἰπεῖν·
1625 2653 1763 2690 Μακάριος

939 2711 951 2737 ὸ
975 2708 1066 2739 δοῦλος
1088 2708 1191 2742 ἐκεῖνος,
1208 2709 1276 2740 etc.,
1291 2707 1337 2734 his
1361 2704 1477 2735 verbis:
1502 2703 1640 2730 «Beatus
1665 2703 1767 2725 servus

938 2756 1002 2790 ille,
1014 2767 1028 2781 »ι
1044 2756 1099 2784 etc.
1113 2756 1145 2783 In
1163 2753 1271 2783 eadem
1291 2752 1424 2790 pagina:
1439 2751 1478 2778 Ἐν
1497 2754 1533 2786 τῷ
1549 2749 1636 2776 εἰπεῖν.
1652 2745 1687 2775 Ἦ
1703 2743 1732 2768 οὗ
1744 2743 1761 2757 "
