2020 3140
233 114 281 142 151

995 112 1186 140 PREFATIO.

1899 115 1945 140 152

233 176 299 206 αὐτὴ
325 176 341 206 ἡ
365 177 453 213 φύσις,
479 184 546 205 cum
570 177 661 210 dixit,
677 176 816 204 «Annon
829 178 943 204 natura
957 175 1061 210 ipsa,»

1121 184 1200 210 ματος
1225 175 1259 206 εἰς
1283 176 1381 206 πάντας
1407 174 1556 210 ἀνθρώπους
1575 175 1610 205 εἰς
1626 173 1764 200 δικαίωσιν
1781 175 1862 206 ζωῆς,
1878 183 1946 211 quae

231 223 288 250 etc.
302 223 335 249 1n
348 221 483 258 sequenti
496 222 578 258 (pag.
593 223 644 249 662
655 222 728 256 ter):
741 220 781 247 Ἐν
792 225 827 257 τῷ
839 220 966 258 εἰρηκέναι
976 227 983 234 ·
996 221 1063 245 Οὔτε

233 265 257 292 ἐν
267 266 446 304 Ἰερουσαλὴμ,
463 267 521 292 οὔτε
534 265 558 291 ἐν
574 270 609 301 τῷ
629 266 682 302 ὂρει
697 267 789 301 τούτῳ,
802 268 847 293 etc
862 286 869 299 ,
885 265 931 292 bis
943 263 1060 292 verbis:

234 321 249 336 α
262 311 364 347 Neque
375 311 406 338 in
418 311 624 345 Jerosolymis,
634 317 730 346 neque
744 311 776 338 in
791 312 889 338 monte
901 309 967 343 hoc,
981 320 994 332 ιι
1006 310 1062 337 etc.

234 355 349 383 ibidem
363 355 405 391 (p.
417 356 497 387 666):
515 358 547 380 Εν
562 359 598 390 τῷ
611 355 691 391 λέγειν
704 357 768 391 πρὸς
784 356 882 385 πάντας
898 356 942 390 μέν
956 362 961 368 ·
978 356 1063 390 Παρα-

234 400 303 426 καλώ
329 399 358 426 δὲ
378 401 456 436 ὑμᾶς,
478 402 546 435 etc.,
563 408 628 428 cum
644 400 717 428 dicit
742 400 783 428 ad
809 407 908 428 omnes
924 399 1063 435 quidem:

235 455 249 469 α
267 444 392 473 Obsecro
414 447 513 473 autem
543 452 634 478 vos,»
657 447 716 472 etc.
745 445 804 472 Hoc
828 444 896 480 ipso
919 445 950 472 in
975 443 1061 472 loco:

233 483 273 516 Ἐν
285 494 320 524 τῷ
335 489 415 525 λέγειν
429 499 435 506 ·
449 491 522 525 Αέγω
541 490 590 527 γὰρ
607 487 654 515 διὰ
663 494 711 520 τῆς
725 490 846 526 χάριτος,
859 491 915 517 etc.
931 489 982 516 ubi
999 489 1064 517 ait:

236 544 250 558 κ
264 535 337 563 Dico
357 535 435 563 enim
457 542 513 569 per
524 535 668 570 gratiam,
681 536 737 562 etc.
752 534 901 570 Denique:
921 533 960 560 Ἐν
976 538 1011 569 τῷ
1026 535 1061 570 μὴ

237 583 326 615 εἰπεῖν,
350 581 443 615 τούτῳ,
467 578 539 613 ἀλλὰ,
562 583 598 614 τῷ
625 580 743 614 τοιούτῳ,
765 586 832 607 cum
856 587 916 607 non
937 578 1062 611 dixerit,

237 638 252 653 ι(
265 633 331 654 cum
346 625 412 658 hoc,
425 634 439 648 »
453 624 506 652 sed
519 635 533 649 ιι
546 632 612 652 cum
624 625 693 652 tali.
710 634 724 648 »ι
741 625 782 651 Ex
797 623 909 660 quibus
923 631 940 652 a
955 624 1064 660 quovis

236 669 362 705 intelligi
376 671 483 706 potest,
497 669 580 705 quod
601 668 671 703 dixi,
687 676 705 696 a
719 676 768 696 me
790 676 853 697 non
877 670 985 696 temere
1000 668 1062 697 dic.

237 719 301 745 tum
330 715 441 743 fuisse:
469 714 522 742 sed
550 722 581 742 re
607 715 674 750 ipsa
701 714 783 742 illam
815 722 909 750 quam
932 714 1063 743 iudicavi

239 760 397 796 Scripturee
407 759 534 787 citandae
546 759 693 787 rationem
704 758 843 795 scriptori
854 759 982 787 multum
993 759 1063 787 arri-

238 805 325 834 sisse.
348 804 473 832 Basilius
499 806 599 832 autem
625 804 732 832 eodem
752 803 801 832 illo
817 803 935 832 dicendi
955 812 1063 838 genere

1117 219 1210 248 verba
1223 219 1400 256 perturbata
1409 227 1474 246 esse
1489 227 1559 246 cum
1570 218 1747 246 credidisset
1760 221 1844 246 vetus
1857 219 1946 247 inter-

1117 273 1198 301 pres,
1212 265 1253 293 ita
1268 265 1354 293 vertit
1375 265 1456 292 hunc
1470 265 1584 298 locum,
1601 267 1632 292 ut
1647 272 1753 292 vocum
1775 265 1947 292 Graecarum

1117 310 1253 338 ordinem
1264 318 1388 346 prorsus
1401 309 1569 338 mutaverit.
1588 309 1634 337 Sic
1645 309 1725 337 enim
1737 309 1949 345 interpretatus

1117 357 1176 383 est:
1194 355 1231 383 In
1245 362 1296 390 spe
1311 355 1379 383 vitae
1396 358 1514 383 acterna:
1531 362 1588 389 per
1603 355 1705 382 Jesum
1721 354 1875 382 Christum
1890 355 1947 381 Do-

1117 400 1232 428 minum
1256 402 1403 433 nostrum,
1420 407 1474 436 per
1493 400 1580 435 cujus
1599 399 1688 427 unius
1700 399 1946 434 justiﬁcationem

1116 444 1147 472 in
1174 452 1280 472 omnes
1302 445 1442 472 homines
1465 443 1505 472 ad
1527 444 1672 480 justitiam
1692 443 1772 476 vitae,
1795 443 1872 471 sicut
1894 451 1948 480 per

1117 489 1208 517 unius
1224 489 1367 517 delictum
1388 489 1418 517 in
1434 497 1539 517 omnes
1559 489 1694 517 homines
1710 488 1749 516 ad
1764 488 1948 516 condemna-

1119 534 1242 562 tionem.
1257 535 1288 561 In
1304 542 1366 570 quo
1381 541 1438 569 ego
1462 541 1523 562 non
1540 533 1729 570 reprehendo
1744 533 1948 568 interpretem,

1118 578 1170 606 sed
1186 581 1340 607 auctorem
1363 578 1476 615 potius,
1492 578 1545 615 qui
1565 578 1629 614 ipse
1651 578 1733 614 prior
1751 577 1867 614 aliquid
1891 577 1949 605 hoc

1117 620 1184 650 loco
1199 622 1377 658 pertubasse
1399 623 1467 658 jure
1486 622 1568 651 credi
1585 624 1693 659 potest.
1711 622 1824 650 Ibidem
1845 626 1945 656 (num.

1119 667 1179 697 10):
1211 670 1262 695 Καὶ
1286 669 1336 702 ἵνα,
1362 669 1396 699 ὡς
1421 670 1583 705 προείρηταὶ,
1605 666 1652 694 διὰ
1675 672 1723 693 τῶν
1747 669 1950 703 γνωριμωτέρων

1118 713 1203 750 ῥητῶν
1229 722 1255 739 τε
1278 715 1323 739 καὶ
1350 714 1510 749 πραγμάτων
1540 711 1713 749 ὁδηγηοὼμεν
1737 712 1772 742 εἰς
1791 714 1950 740 κατανόησιν

1119 762 1164 784 τοῦ
1181 760 1312 794 σωτηρίου
1328 760 1372 783 καὶ
1386 757 1409 784 ἐν
1423 762 1459 793 τῷ
1471 757 1623 794 βαπιονματι
1637 755 1768 793 δόγματος
1781 765 1787 784 :
1800 756 1854 784 ubi
1864 756 1949 790 illud,

1119 807 1164 828 τοῦ
1177 805 1307 839 σωτηρίου
1321 812 1365 828 και
1381 801 1404 828 ἐν
1420 807 1456 837 τῷ
1470 802 1637 838 βαπτισματι
1653 800 1795 838 δόγματος,
1809 809 1871 829 non
1884 801 1950 837 pla-

238 853 300 878 tam
314 857 424 886 parum
439 848 659 883 oblectabatur,
670 851 703 876 ut
722 849 815 877 semel
826 852 899 883 (reg.
916 849 988 884 207),
1002 857 1064 877 non
1080 859 1099 886 Β
1119 849 1174 883 cet,
1189 855 1243 875 nec
1268 847 1386 875 videtur
1410 847 1559 883 optimum
1581 847 1756 883 scriptorem
1770 846 1888 874 decere.
1906 846 1950 873 Ad

237 894 377 931 amplius,
388 893 473 930 quod
487 893 612 930 quidem
623 893 729 927 sciam,
744 894 786 922 ita
797 893 914 922 locutus
927 894 973 922 sit.
991 895 1064 922 Ecce

237 939 389 975 igiturtibi
401 938 463 966 duo
478 938 649 974 scriptores,
660 945 792 974 quorum
806 947 886 966 unus
902 941 982 967 certa
991 947 1064 976 qua.-

237 985 309 1013 dam
324 983 444 1012 dicendi
459 982 590 1010 formula
599 982 784 1010 familiariter
797 983 838 1010 uti
850 986 1062 1018 consueverat;

237 1029 312 1057 alter
323 1035 396 1056 vero
410 1029 519 1063 praeter
534 1026 786 1054 consuetudinem
801 1035 874 1054 casu
890 1027 992 1055 nescio
1003 1036 1064 1064 quo

236 1073 318 1102 hunc
341 1072 427 1100 illum
450 1071 595 1108 loquendi
618 1071 746 1099 modum
774 1072 868 1100 semel
897 1073 1062 1109 usurpavit.

236 1119 319 1147 Certe
335 1117 359 1145 si
374 1117 500 1145 Basilius
516 1118 621 1145 auctor
634 1118 712 1144 esset
729 1116 874 1145 librorum
889 1117 1020 1152 illorum,
1033 1118 1064 1145 in

235 1163 348 1199 quibus
363 1162 524 1198 Scripturze
537 1161 653 1197 passim
668 1161 797 1189 citantur
809 1161 861 1194 ita,
879 1164 911 1190 ut
925 1162 1064 1198 superius

235 1207 495 1242 dixi,necogitans
502 1205 626 1242 quidem
632 1213 683 1234 eas
689 1205 796 1234 eodem
807 1206 899 1234 modo
909 1207 940 1234 in
951 1208 1065 1236 czeteris

235 1252 298 1280 suis
307 1251 429 1287 scriptis
438 1250 545 1279 millies
554 1250 682 1278 citasset.
695 1251 859 1287 Scriptores
867 1251 957 1287 enim,
969 1252 994 1279 si
1003 1261 1065 1289 quo

234 1296 354 1325 dicendi
370 1303 478 1331 genere
492 1295 689 1330 delectantur,
705 1302 740 1323 eo
756 1296 828 1323 data
847 1296 1008 1324 occasione
1024 1297 1066 1325 uti

235 1341 342 1370 solent.
352 1342 448 1377 Atque
457 1340 547 1368 etiam
557 1339 594 1368 iis
609 1347 678 1375 quae
691 1339 801 1376 protuli
814 1341 959 1377 exemplis
970 1344 998 1369 et
1008 1342 1067 1370 alia

235 1386 331 1414 multa
341 1385 507 1420 adjungere
517 1391 650 1420 possem,
663 1391 700 1411 ex
714 1384 827 1420 quibus
839 1385 928 1421 plane
943 1391 1066 1415 consta-

235 1433 280 1459 ret
305 1431 469 1463 auctorem,
490 1428 582 1456 etiam
606 1430 677 1456 tunc
700 1435 770 1456 cum
793 1429 952 1464 Scriptura:
975 1431 1068 1459 verba.

236 1483 299 1504 non
313 1474 446 1508 referret,
463 1473 591 1501 similem
615 1472 761 1509 loquendi
775 1474 922 1503 rationem
938 1483 1019 1512 saepe
1037 1476 1067 1504 in

1119 892 1258 925 verbum,
1273 892 1423 920 ducamur
1442 892 1483 920 ad
1497 893 1695 927 cognitionem
1709 892 1856 919 salutaris
1875 894 1903 918 et
1920 891 1949 918 in

1120 937 1297 972 baptismate
1307 937 1465 972 dogmatis.
1482 936 1577 964 Nihilo
1593 936 1717 964 meliora
1733 938 1803 963 sunt
1815 944 1884 972 qua:
1897 935 1950 963 ad~

1119 981 1261 1010 scribam.
1275 982 1320 1009 Sic
1335 981 1423 1016 igitur
1437 983 1541 1009 auctor
1555 981 1672 1017 scripsit
1685 982 1726 1017 (p.
1744 981 1824 1016 640):
1840 984 1894 1006 Νῦν
1906 982 1949 1016 μὲν

1119 1028 1186 1053 κατά
1217 1029 1246 1052 τὸ
1279 1029 1371 1063 μέτρον
1400 1031 1447 1057 τῆς
1472 1026 1688 1062 ἐνανθρωπήσεως
1722 1027 1949 1062 σνμμορφούμενοι

1119 1073 1162 1098 τὸν
1187 1072 1237 1098 ἔσω
1261 1072 1395 1108 ἄνθρωπον
1420 1070 1444 1096 ἐν
1521 1073 1656 1099 καινότητι
1679 1075 1726 1101 τῆς
1750 1071 1830 1103 ζωῆς,
1848 1073 1895 1096 καὶ
1919 1075 1948 1107 τῇ

1119 1119 1201 1153 μέχρι
1217 1117 1328 1142 θανάτου
1353 1116 1454 1152 ὑπακοῇ
1476 1115 1500 1141 ἐι
1516 1115 1678 1152 πληροφορίᾳ
1692 1119 1739 1145 τῆς
1762 1114 1887 1146 ἀληθείας
1902 1120 1950 1141 τῶν

1118 1162 1241 1199 ρηματων
1258 1161 1337 1186 αὐτοῦ
1351 1169 1356 1175 ·
1375 1162 1425 1194 ἵνα,
1442 1163 1497 1188 etc.
1516 1160 1558 1188 Ad
1571 1159 1710 1194 verbum,
1727 1160 1816 1187 Nunc
1830 1161 1951 1195 quidem

1114 1207 1210 1242 juxta
1221 1206 1439 1234 incarnationis
1449 1213 1618 1233 mensuram
1634 1206 1785 1233 internum
1802 1205 1952 1233 hominem

1120 1252 1303 1286 conformem
1315 1254 1495 1286 pra'stantes
1508 1252 1539 1278 in
1554 1251 1685 1279 novitate
1702 1251 1776 1282 vitar,
1791 1253 1820 1278 et
1835 1251 1865 1277 in
1888 1251 1952 1279 obe-

1121 1297 1235 1324 dientia
1249 1303 1343 1331 usque
1353 1296 1394 1324 ad
1412 1297 1547 1330 mortem,
1560 1296 1591 1323 in
1617 1296 1735 1330 integra
1752 1296 1952 1329 persuasione

1121 1342 1257 1370 veritatis
1285 1341 1440 1369 verborum
1466 1341 1571 1375 ipsius,
1599 1343 1641 1374 ut,
1668 1343 1723 1367 etc.
1753 1340 1802 1368 llic
1830 1342 1953 1376 prseter-

1121 1393 1216 1422 quam
1232 1385 1314 1422 quod
1339 1385 1434 1414 oratio
1457 1393 1518 1413 non
1543 1384 1719 1417 absolvitur,
1736 1384 1818 1417 illud,
1832 1386 1902 1411 κατὰ
1922 1387 1951 1411 τὸ

1123 1433 1213 1468 μέτρον
1228 1436 1276 1462 τῆς
1291 1430 1513 1468 ἐνανθρωπήσεως,
1525 1431 1619 1465 juxta
1637 1430 1857 1458 incarnationis
1872 1438 1952 1458 men-

1122 1484 1225 1504 suram
1241 1484 1302 1504 non
1321 1474 1362 1504 ita
1380 1478 1447 1513 apte
1461 1475 1575 1503 dictum
1592 1475 1716 1502 videtur.
1736 1474 1853 1511 Optime
1868 1475 1952 1503 dicas

236 1519 394 1548 suislibris
404 1519 641 1547 adhibuisse.lta
651 1520 734 1547 enim
744 1518 878 1555 loquitur
888 1528 949 1548 non
962 1525 1069 1557 procul
1085 1537 1104 1565 ρ
1123 1522 1221 1558 μάτρον
1249 1523 1370 1553 πίστεως,
1394 1528 1565 1548 mensuram
1585 1520 1674 1554 ﬁdei:
1704 1527 1765 1547 non
1794 1519 1867 1547 item
1895 1519 1952 1547 for-

236 1564 276 1593 ab
299 1563 384 1592 initio
403 1565 485 1599 (pag.
502 1563 583 1598 625):
615 1561 653 1589 Ἐν
669 1567 705 1598 τῷ
719 1564 850 1600 ῥυσθῆναι
874 1564 924 1590 ἀπὸ
948 1570 995 1596 τῆς
1019 1571 1068 1592 τῶν

240 1609 435 1645 ἁμαρτημάτων
450 1605 686 1639 καταδυναστείας,
703 1608 775 1636 dum
787 1616 805 1636 a
818 1612 1010 1642 peccatorum
1023 1610 1069 1638 d0-

236 1653 329 1681 minio
349 1652 508 1680 liberatur.
523 1653 580 1680 Nec
605 1651 646 1679 ita
668 1651 767 1680 multo
782 1654 851 1688 post
872 1654 914 1689 (p.
931 1655 1012 1689 626):
1029 1659 1070 1691 Τῷ

238 1697 315 1724 εἰπεῖν
334 1698 506 1726 πεποιηκέναι
526 1698 612 1722 πάντα
626 1698 659 1722 τα
673 1697 723 1723 ὑπὸ
748 1701 793 1723 τοῦ
816 1701 913 1734 Κυρίου
939 1699 1069 1736 εἰρημένα,

237 1743 291 1778 qui
303 1742 418 1770 scilicet
433 1742 556 1770 dixisset
579 1742 687 1776 fecisse
700 1749 730 1769 se
744 1742 845 1770 omnia
866 1751 932 1778 qua,
944 1745 1071 1779 fuerant

238 1795 257 1816 a
270 1786 398 1816 Domino
415 1787 507 1819 dicta,
524 1788 552 1815 et
567 1785 626 1815 alia
649 1785 680 1814 id
701 1794 798 1821 genus
823 1795 885 1816 non
900 1796 1000 1824 pauca
1014 1791 1070 1829 ta);

238 1841 310 1861 cum
324 1834 426 1861 tamen
440 1831 566 1860 Basilius
585 1833 637 1860 aut
660 1839 831 1868 nunquam,
849 1835 902 1861 aut
916 1834 1072 1863 rarissime

238 1878 297 1907 hoc
323 1877 415 1906 modo
441 1876 603 1913 scripserit.
622 1877 680 1905 Sed
706 1884 744 1905 ne
767 1877 835 1913 ipsa
860 1879 1071 1915 exemplorum

240 1922 328 1959 copia
348 1922 475 1950 molesta
500 1921 577 1949 foret
609 1923 638 1949 et
662 1921 790 1957 ingrata,
821 1922 972 1958 ejusmodi
1003 1924 1072 1952 loca

241 1967 408 1996 omittenda
422 1974 488 1995 esse
499 1965 647 2002 judicavi.

278 2013 322 2041 58.
344 2011 393 2040 Hic
416 2019 515 2048 pauca
535 2018 572 2039 ex
594 2008 697 2038 multis
717 2018 892 2046 congeram,
906 2019 942 2040 ex
957 2012 1070 2049 quibus

243 2056 414 2086 conﬁrmari
428 2055 533 2092 possit,
547 2055 623 2083 duos
638 2055 681 2084 De
694 2055 840 2090 baptismo
855 2055 948 2084 libros
964 2057 1068 2086 Basilio

204 2097 211 2099 ’
243 2103 350 2137 Magno
375 2099 465 2129 tribui
487 2107 549 2128 non
574 2098 693 2127 debere.
716 2099 819 2127 Statim
845 2100 974 2129 occurrit
995 2101 1070 2130 illud

242 2147 285 2183 (p.
299 2147 379 2180 632):
403 2145 484 2171 Ὀσον
504 2143 533 2171 δὲ
555 2142 673 2181 διαφέρει
696 2145 725 2170 τὸ
749 2147 853 2180 Πνεῦμα
876 2146 904 2170 τὸ
926 2145 999 2181 ἀγιον
1023 2150 1068 2173 τοῦ

243 2190 350 2225 ὓδατος,
376 2194 499 2217 τοσοῦτον
523 2190 655 2227 ὑπερέχει,
682 2187 813 2223 δηλονότι,
834 2191 879 2215 καὶ
900 2192 912 2215 ὸ
933 2189 1068 2226 βαπτίζων

243 2237 267 2264 ἐν
284 2238 413 2272 Πνεύματι
428 2235 493 2271 ἁγίῳ
507 2238 554 2261 τοῦ
568 2234 741 2270 βαπτιζοντος
757 2233 781 2259 ἐν
797 2232 886 2267 ﬁdum,
902 2238 946 2261 καὶ
962 2235 1024 2261 αὐτὸ
1040 2238 1068 2262 τὸ

245 2282 403 2319 βαπτισμα’
418 2281 494 2314 ὥστε,
511 2281 568 2307 etc.
589 2279 634 2307 Ad
655 2278 803 2306 verbum:
833 2280 950 2313 Quanto
970 2283 1069 2310 autem

243 2326 440 2355 excellentior
448 2327 490 2353 est
499 2324 633 2359 Spiritus
643 2326 766 2351 sanctus
774 2330 863 2358 aqua,
871 2326 955 2352 tanto
965 2325 1070 2353 videli-

244 2375 288 2401 cet
300 2373 426 2407 praestat
437 2373 465 2399 et
479 2370 504 2398 is
520 2369 573 2405 qui
587 2368 718 2403 baptizat
732 2368 763 2395 in
778 2369 893 2402 Spiritu
907 2373 1022 2404 sancto,
1038 2378 1070 2398 eo

243 2417 297 2454 qui
311 2417 443 2452 baptizat
462 2416 495 2443 in
508 2421 599 2450 aqua,
615 2416 644 2441 et
663 2414 760 2448 ipsum
784 2413 953 2450 baptisma;
971 2416 1013 2443 sic
1026 2418 1069 2450 ut,

244 2463 299 2490 etc.
316 2461 402 2494 illud,
416 2463 442 2488 et
463 2461 560 2494 ipsum
584 2458 742 2492 baptisma,
756 2457 798 2486 ita
813 2457 974 2490 ἐλλειπτικῶς
989 2460 1070 2496 p051.

243 2510 308 2536 tum
322 2514 384 2535 non
399 2505 518 2542 placet;
543 2502 618 2531 alius
643 2502 771 2538 scriptor
790 2502 911 2539 peritior
935 2503 1070 2540 pluribus

244 2551 342 2580 verbis
355 2558 420 2579 rem
440 2548 627 2585 explicasset.
649 2546 819 2583 Aliquando
844 2550 912 2583 post
931 2553 972 2585 (p.
988 2550 1069 2586 635):

241 2596 294 2623 Ἐπ’
304 2594 391 2622 ἐλπίδι
406 2595 476 2625 ζωῆς
491 2593 594 2619 αἰωνίου
613 2591 668 2625 διὰ,
680 2591 767 2621 Ἰησοῦ
780 2596 898 2630 Χριστοῦ
913 2597 958 2619 τοῦ
975 2597 1071 2632 Κνριου

242 2643 325 2677 ἡμῶν,
343 2638 378 2667 δι’
401 2639 441 2673 οὗ,
458 2640 543 2675 ὥσπερ
560 2635 604 2664 δι’
624 2637 688 2672 ἐνὸς,
704 2639 779 2674 φησὶ,
803 2641 1015 2674 παραπτώματος
1037 2640 1072 2671 εὶς

240 2686 340 2716 πάντας
348 2684 498 2722 ἀνθρώπους
505 2684 538 2715 εἰς
549 2683 709 2720 κατάκριμα,
718 2683 785 2709 οὕτω
795 2685 840 2708 καὶ
859 2680 893 2708 δι’
900 2682 953 2713 ἑνός
964 2681 1071 2710 δικαιώ-

1124 1567 1212 1600 tasse,
1226 1567 1318 1602 μέτρον
1332 1565 1557 1602 ἐνανθρωπήσεως,
1573 1572 1743 1593 mensuram
1762 1565 1953 1592 incarnatio-

1125 1610 1180 1638 nis.
1197 1610 1318 1644 Caetera,
1340 1609 1363 1635 ἐν
1385 1608 1415 1646 τῇ
1438 1612 1482 1635 καὶ
1506 1608 1549 1645 τῇ,
1576 1609 1599 1634 ἐν
1624 1609 1795 1646 πληροφορίᾳ,
1823 1608 1954 1636 hominis

1125 1656 1205 1688 sunt,
1221 1654 1274 1690 qui
1296 1654 1389 1682 verba
1403 1653 1503 1682 verbis
1518 1653 1671 1688 eleganter
1692 1656 1871 1681 connectere
1893 1660 1954 1680 non

1125 1699 1219 1727 novit.
1233 1701 1334 1736 Neque
1353 1699 1401 1727 hic
1417 1699 1529 1730 solum,
1547 1699 1600 1727 sed
1617 1698 1647 1726 in
1663 1700 1722 1726 toto
1737 1705 1827 1734 opere
1846 1697 1956 1726 oratio-

1126 1743 1172 1772 nis
1188 1746 1286 1780 partes
1312 1744 1372 1772 fere
1399 1751 1462 1772 non
1477 1743 1571 1775 aliter,
1587 1751 1680 1779 quam
1705 1742 1956 1779 praepositionum

1127 1796 1184 1824 ope
1196 1788 1272 1816 inter
1287 1797 1318 1816 se
1331 1787 1522 1825 copulantur.
1537 1789 1672 1816 Fortasse
1685 1786 1853 1823 aliquando
1864 1787 1955 1814 etiam

1126 1834 1231 1870 pejora
1244 1833 1428 1862 videbuntur
1443 1841 1510 1869 quae
1526 1834 1617 1870 paulo
1638 1835 1707 1869 post
1721 1832 1830 1868 scripta
1843 1832 1957 1859 inveni-

1127 1886 1195 1906 mus
1211 1879 1253 1914 (p.
1270 1879 1350 1913 641):
1369 1880 1486 1915 Χριστὸς
1505 1879 1584 1914 ἡμᾶς,
1602 1877 1756 1914 ἐξηγόρασεν
1781 1876 1808 1902 ἐκ
1833 1881 1882 1906 τῆς
1905 1886 1956 1902 κα-

1126 1922 1206 1958 τάρας
1224 1927 1269 1948 τοῦ
1284 1925 1373 1958 νόμον,
1389 1924 1523 1958 γενόμενος
1538 1923 1601 1958 ὑπὲρ
1618 1923 1690 1958 ἡμῶν
1712 1922 1823 1957 κατάρα.
1840 1920 1909 1947 Πολὺ
1927 1918 1957 1946 δὲ

1124 1970 1246 2004 πρότερον
1262 1972 1309 1998 τῆς
1331 1967 1461 2004 ἁμαρτίας
1476 1965 1597 1996 δηλονότι
1612 1967 1706 2004 χάριτι
1729 1970 1774 1992 τοῦ
1792 1969 1889 2002 Κυρίου
1904 1965 1956 1994 Ἰη-

1126 2017 1173 2039 σοῦ
1188 2017 1315 2050 Χριστοῦ,
1332 2014 1418 2044 καθὼς
1427 2015 1584 2050 γέγραπται.
1597 2013 1746 2049 Interpres
1758 2015 1855 2044 vetus,
1867 2013 1957 2047 cujus

1124 2058 1217 2086 menti
1230 2058 1333 2094 inepta
1344 2058 1489 2094 loquendi
1497 2058 1572 2086 ratio
1584 2057 1723 2085 tenebras
1736 2057 1905 2085 offudisset.
1915 2057 1958 2086 ita

1123 2105 1267 2131 verterat:
1286 2103 1423 2131 Christus
1436 2111 1489 2131 nos
1504 2103 1644 2132 liberavit
1660 2110 1678 2130 (ι
1689 2102 1849 2130 maledicto
1870 2102 1956 2137 legis,

1123 2148 1225 2184 factus
1231 2156 1288 2183 pro
1296 2148 1379 2176 nobis
1387 2148 1568 2176 maledictio.
1575 2147 1721 2181 Quoniam
1729 2149 1829 2175 autem
1836 2147 1960 2181 peccati

1123 2193 1290 2228 plurimum
1301 2193 1464 2227 praecessit,
1482 2192 1675 2226 manifestum
1694 2194 1746 2223 est,
1762 2191 1843 2226 quod
1852 2193 1957 2225 gratia

1125 2238 1247 2265 Damini
1257 2238 1354 2265 nostri
1364 2238 1435 2265 Jesu
1446 2236 1559 2264 Christi
1568 2236 1621 2264 hoc
1628 2236 1782 2270 prwstitit,
1794 2235 1871 2263 sicut
1883 2235 1958 2262 scri-

1124 2285 1209 2317 ptum
1225 2285 1279 2310 est.
1296 2281 1394 2309 Potius
1409 2281 1450 2308 ita
1461 2281 1605 2316 scriptum
1617 2280 1736 2313 vellem,
1749 2279 1813 2306 πολὺ
1825 2278 1855 2305 δὲ
1865 2289 1958 2316 epota-

1125 2336 1171 2363 ρον
1184 2325 1382 2362 ἐλευθερούμεθα
1396 2329 1444 2355 τῆς
1459 2324 1597 2361 ἁμαρτίας,
1614 2327 1704 2360 atque
1723 2323 1781 2352 hoc
1797 2326 1887 2359 pacto
1901 2323 1959 2351 Ob-

1126 2371 1254 2399 scuritas
1281 2369 1379 2398 omnis
1396 2369 1563 2397 vitabatur:
1590 2370 1691 2404 Longe
1718 2371 1817 2396 autem
1842 2368 1961 2403 potiori

1120 2417 1193 2452 jurc
1208 2415 1372 2444 liberamur
1382 2422 1400 2442 a
1409 2417 1543 2449 peccato,
1558 2414 1694 2442 videlicet
1708 2414 1822 2449 gratia,
1834 2415 1889 2441 etc.
1903 2414 1960 2440 Ne-

1125 2469 1184 2498 que
1199 2469 1235 2488 eo
1250 2467 1340 2496 quem
1356 2467 1424 2487 mox
1435 2458 1603 2486 exscribam
1619 2458 1686 2486 loco
1702 2457 1823 2485 videtur
1836 2460 1904 2494 apte
1916 2457 1960 2485 lo-

1126 2507 1212 2534 cutus
1225 2506 1340 2537 auctor,
1352 2503 1404 2540 qui
1419 2503 1461 2531 ita
1477 2502 1594 2539 scripsit
1611 2503 1650 2539 (p.
1668 2504 1746 2535 662):
1763 2506 1814 2528 Τοῦ
1830 2501 1959 2528 Ἀποστὸ-

1125 2549 1167 2576 λον
1194 2547 1364 2579 παιδεύοντος
1393 2547 1546 2584 ἡμᾶς.....
1572 2550 1617 2573 καὶ
1642 2545 1689 2574 διὰ
1717 2552 1764 2578 τῆς
1787 2546 1811 2572 ἐν
1837 2546 1958 2576 ἀλλήλοις

1126 2599 1176 2621 τῶν
1195 2594 1275 2631 μελῶν
1302 2597 1347 2620 τοῦ
1377 2596 1496 2629 σώματος
1518 2594 1582 2629 πρὸς
1606 2594 1635 2618 τὸ
1658 2593 1794 2628 εὔσχημον
1814 2594 1860 2618 καὶ
1886 2591 1959 2616 ἀκιν-

1127 2638 1203 2666 δυνον
1227 2640 1475 2674 κατηναγκασμένης
1498 2637 1616 2668 εὐταξίας
1646 2636 1825 2667 κανονιζοντος
1845 2635 1870 2662 ἐν
1894 2637 1960 2672 ἡμῖν

1126 2687 1172 2714 τὴν
1188 2685 1260 2721 ἡμῶν
1285 2685 1349 2720 πρὸς
1374 2682 1498 2714 ἀλληλονς
1521 2682 1658 2719 εὐάρεστον
1683 2685 1719 2717 τῷ
1744 2685 1801 2716 Θεῷ
1821 2680 1846 2706 ἓν

276 2750 317 2784 (α)
329 2749 397 2784 Leg.
414 2755 445 2784 p.
461 2749 524 2784 628,
540 2749 590 2776 637
608 2747 661 2783 bis,
678 2750 727 2777 eti
746 2748 801 2781 bis,
817 2749 946 2784 647,651
967 2748 1021 2783 bis,
1038 2749 1090 2777 eos
1105 2748 1162 2776 bis.
