2020 3140
96 143 142 169 153
857 141 912 168 PR1

966 142 1047 170 lTlO.

1744 149 1793 175 154

91 207 204 239 Χριστοῦ
234 204 324 233 Ἰησοῦ
352 205 470 236 εὐταξίαν
503 205 527 231 ἐν
618 204 732 241 διαφορᾴ
759 208 808 230 τῶν
835 212 912 239 χαρι-

970 202 1037 231 beo.
1052 205 1138 233 Primi
1153 206 1202 235 hic
1214 209 1258 235 est
1272 207 1384 242 titulus,
1407 209 1565 236 Tractatus
1581 209 1613 236 S.
1634 209 1745 236 Basilii
1758 209 1795 237 de

91 248 202 283 σμάτων.
228 250 306 283 Λέγει
332 250 393 285 γάρ,
409 251 477 284 etc.,
502 257 570 285 quae
593 249 686 277 verba
709 257 744 277 eo
765 247 860 279 retuli,
883 248 915 274 ut

89 291 181 325 magis
198 294 316 328 pateret
329 294 496 321 orationem
510 296 539 321 et
554 294 728 330 perplexam
744 302 808 322 esse
826 297 855 322 et
869 294 914 322 in-

87 336 234 369 tricatam,
250 337 405 374 nimiaque
416 341 443 366 et
453 338 554 374 inepta
563 339 814 375 praepositionum
827 339 916 375 copia

86 381 269 410 redundare.
295 383 378 411 Haud
399 383 488 418 longe
511 392 529 411 a
557 383 617 412 ﬁne
637 384 679 412 sic
704 383 848 420 scriptum
870 386 916 412 est

88 426 125 462 (ρ.
143 428 224 460 672):
253 426 333 453 Καλεῐ
351 426 389 459 δὲ,
412 428 453 454 ὅτε
477 428 533 454 ἐστὶ
556 430 631 465 πρὸς,
657 431 700 454 τὸν
719 428 782 455 Θεόν
804 431 849 455 καὶ
871 431 914 454 τὸν

88 472 199 506 Χριστὸν
215 471 299 498 αὑτοῦ
421 472 560 509 πληρῶσαι
574 475 621 502 τὴν
637 472 735 502 ἐντολὴν
750 477 796 499 τοῦ
817 476 914 510 Κυρίου

87 515 208 546 εἰπόντος·
240 515 358 545 Ἐντολὴν
382 520 484 549 καινήν,
509 520 563 545 etc.
603 518 680 550 Quid
710 520 765 553 est,
799 525 912 554 quaeso,

86 559 165 591 illud,
196 559 270 586 ἐστὶν
296 560 384 597 ἀγάπη
407 561 568 598 ἰτληρῶσόιιῖ⁵
592 563 644 599 qui
666 562 750 597 illud,
779 565 845 600 πρὸς
870 564 913 588 τὸν

87 605 146 630 Θεὸν
159 606 205 630 καὶ
220 607 266 630 τὸν
282 608 397 642 Χριστόν
414 608 503 639 αὐτοῦ,
527 607 568 635 ita
584 607 646 634 sine
661 607 722 635 ulla
738 607 846 643 copula
863 615 914 643 p0-

86 649 193 676 situm?
204 649 319 678 Saltem
330 651 467 679 additum
479 652 662 687 oportuisset
672 652 841 686 articulum,
855 652 912 680 hoc

86 693 171 721 modo
184 703 191 722 1
204 695 219 722 ἡ
232 697 302 731 πρὸς
316 697 358 721 τόν
375 698 498 724 θεὸν.....
515 695 613 732 ἀγάπη.
629 696 754 724 Monebo
765 696 813 724 hic
824 696 912 732 quasi

86 738 267 773 praeteriens,
284 741 380 767 totum
401 740 462 768 fere
477 740 692 775 fragmentum,
707 741 790 777 quod
807 742 836 768 in
853 744 912 776 Ap-

86 782 205 818 pendice
215 790 253 810 ex
266 791 329 811 uno
343 784 446 812 codice
457 785 547 820 Regio
557 785 684 812 orationi
696 785 818 813 cuidam
828 785 913 812 addi-

969 250 1171 279 consotatione
1180 253 1211 279 in
1222 253 1365 285 adversis,
1375 253 1498 284 incerto,
1507 253 1559 280 sed
1569 253 1693 288 antiquo
1705 254 1794 281 inter-

968 297 1053 328 prete
1061 302 1071 322 .·
1082 296 1217 326 secundi.
1228 297 1370 331 Ejusdem
1379 297 1408 325 S.
1420 298 1523 326 Patris
1535 298 1645 325 Basilii
1657 298 1796 326 salutare

969 341 995 366 et
1007 339 1155 368 eruditum
1168 348 1252 376 opus,
1259 343 1295 369 de
1302 342 1390 370 laude
1395 343 1540 371 solitaria:
1546 343 1623 375 vita,
1630 343 1742 370 incerto
1748 343 1794 370 in-

969 386 1114 418 terprete:
1124 385 1210 420 tertii,
1217 387 1247 414 S.
1256 387 1366 414 Basilii
1373 387 1516 415 Caesareae
1528 387 1727 422 Cappadocia
1735 387 1796 421 epi-

967 430 1050 463 scopi
1054 430 1218 458 admonitio
1225 431 1366 465 adﬁlium
1373 432 1570 466 spiritualem,
1580 432 1792 460 incertointer—

965 476 1059 508 prete.
1072 475 1155 506 Quod
1173 478 1275 503 autem
1290 476 1528 512 in-inscriptione
1543 476 1703 511 cujuslibet
1714 483 1793 512 opu-

968 517 1041 545 sculi
1052 518 1170 553 legitur,
1184 521 1296 548 incerto
1308 521 1478 555 interprete,
1499 528 1560 548 non
1580 523 1716 549 nostrum
1738 522 1792 554 est,

968 562 1022 589 sed
1038 570 1153 596 eorum,
1165 564 1217 600 qui
1227 564 1373 593 editiones
1389 565 1529 601 antiquas
1543 565 1739 593 adornarunt.
1749 567 1793 592 An

967 606 1048 635 enim
1060 607 1121 635 ulla
1135 616 1171 636 ex
1186 608 1232 636 his
1249 609 1519 638 lucubratiunculis
1538 617 1676 645 linquam
1693 610 1793 637 Graece

967 652 1120 686 exstiterit,
1135 653 1266 681 dubitari
1281 654 1388 682 merito
1402 662 1492 691 posse
1512 654 1712 682 arbitramur:
1731 654 1792 682 imo

966 696 1076 732 potius,
1088 697 1145 724 nisi
1158 697 1247 726 valde
1258 698 1399 732 fallimur,
1410 699 1466 727 tria
1476 699 1540 726 haec
1553 698 1699 734 opuscula
1709 706 1727 725 a
1739 699 1792 726 La-

966 740 1036 768 tinis
1047 742 1217 777 composita
1225 742 1317 770 fuisse
1328 751 1384 779 pro
1394 746 1474 771 certo
1484 743 1588 771 haberi
1597 745 1704 779 potest.
1716 744 1794 779 Opu-

967 784 1039 812 sculi
1054 785 1143 821 primi
1163 787 1345 815 mentionem
1369 787 1482 815 faciens
1505 787 1730 815 eruditissimus
1750 786 1794 814 vir

86 826 192 860 dimus,
203 835 219 855 e
231 829 332 864 capite
342 829 425 857 tertio
436 829 504 857 libri
515 830 603 865 primi
619 831 662 858 De
677 830 824 864 baptismo
833 837 911 857 sum-
932 833 952 860 Β
965 830 1095 857 Joannes
1111 829 1250 858 Albertus
1268 831 1478 863 Fabricius,ita
1492 831 1656 866 scribit(l):
1671 832 1738 859 Non
1750 834 1792 859 est

86 873 166 908 ptum
183 880 262 900 esse.
285 873 356 908 Ejus
379 881 472 909 quam
488 874 559 907 dixi,
576 875 720 902 orationis
738 874 855 902 initium
868 876 912 902 est

88 916 125 950 (in
137 920 213 953 App.
228 925 303 954 pag.
321 918 397 953 583):
414 918 442 944 Ὀ
454 918 645 955 βαπτιζόμενος
658 919 693 950 εἰς
703 918 806 956 Τριάδα
817 918 912 955 βαπτί-

89 961 164 994 ζεται,
181 962 217 992 εἰς
233 964 340 999 Πατέρα
354 965 399 988 καὶ
414 964 474 989 Υἱὸν
487 966 532 989 καὶ
548 964 622 999 ἅγιον
645 967 757 1000 Πνεῦμα.
782 964 839 997 Qui
863 964 912 991 ba-

89 1006 204 1038 tizatur,
225 1007 259 1034 in
277 1007 456 1035 Trinitatem
475 1007 655 1042 baptizatur,
676 1009 708 1036 in
735 1008 856 1036 Patrem
884 1010 911 1036 et

88 1050 192 1079 Filium
221 1054 249 1079 et
274 1051 422 1086 Spiritum
450 1053 623 1081 Sanctum:
656 1053 814 1088 fragmenti
843 1060 912 1080 vero

88 1095 125 1130 (p,
141 1096 221 1130 585):
240 1096 315 1122 Ἐπεὶ
331 1095 360 1122 δὲ
374 1101 440 1123 Θεοῦ
455 1101 501 1123 τοῦ
518 1097 616 1133 ἀγαθοῦ
639 1099 742 1135 χάριτι,
766 1101 796 1134 τῇ
822 1100 909 1133 μνήμῃ

88 1144 132 1165 τῶν
147 1144 190 1166 τοῦ
206 1145 363 1176 μονογενοῦς
375 1145 436 1167 Tur.)
452 1146 497 1168 τοῦ
511 1146 577 1168 Θεοῦ
590 1140 635 1168 τοῦ
657 1143 752 1173 ζῶντος
778 1143 910 1179 ῥημάτων,

89 1186 138 1212 etc.
151 1185 209 1213 Sed
223 1186 305 1214 enim
321 1193 359 1214 ex
371 1187 478 1220 optimi
496 1187 553 1215 Dei
570 1188 681 1222 gratia,
707 1187 914 1215 recordatione

89 1230 240 1258 verborum
259 1231 413 1266 unigeniti
423 1231 498 1259 Filii
510 1232 567 1260 Dei
579 1232 714 1264 viventis,
730 1235 784 1259 etc.
811 1231 911 1266 Uthic,

89 1272 125 1301 ita
137 1276 164 1301 et
179 1273 254 1302 alias
270 1282 352 1310 saepe
367 1275 445 1302 Deus
465 1276 495 1302 in
517 1275 564 1303 his
587 1275 670 1304 libris
692 1275 796 1303 vivens
819 1275 916 1303 nomi’

90 1321 189 1346 natur:
216 1320 306 1354 cujus
331 1320 518 1348 creberrimae
532 1320 718 1357 repetitionis
742 1328 804 1348 non
828 1320 915 1348 video

90 1370 141 1397 ego
155 1371 294 1397 causam,
315 1364 371 1391 nisi
386 1364 461 1393 forte
482 1365 609 1401 scriptor
625 1365 735 1393 veritus
748 1365 795 1398 sit,
811 1373 850 1393 ne
863 1364 916 1401 qui

91 1407 176 1435 Deum
191 1411 350 1436 mortuum
365 1416 429 1437 esse
448 1409 681 1443 arbitrarentur;
702 1410 742 1437 ob
756 1409 848 1445 idque
862 1416 914 1437 ne-

965 873 1161 908 Basilii,nece
1168 876 1270 903 Gra’co
1276 877 1442 910 versus,sed
1448 877 1690 911 Lat-inescriptus
1700 883 1718 904 a
1731 876 1794 904 Vic-

966 920 1096 954 tore,qui
1108 921 1175 953 post
1196 921 1349 949 Rusticum
1369 922 1529 949 Cartennae
1547 921 1745 949 Mauritaniw
1759 921 1791 947 in

965 963 987 989 A
993 963 1073 996 frica
1080 965 1234 998 episcopus
1240 965 1322 992 circa
1330 965 1351 992 Α
1359 965 1397 992 .C.
1406 967 1457 992 460
1462 966 1524 1000 fuit
1529 967 1565 997 ,et
1575 965 1654 992 hunc
1660 964 1793 992 consola-

966 1007 1075 1035 toriam
1084 1008 1285 1044 libellum,qui
1289 1010 1378 1037 etiam
1386 1010 1499 1037 interS.
1507 1010 1748 1043 Eucheriiopera
1755 1009 1793 1037 le-

964 1053 1101 1087 gitur,ad
1109 1055 1206 1081 nescio
1214 1061 1299 1089 quem
1310 1055 1451 1082 Basiliam
1459 1062 1549 1089 super
1556 1056 1651 1082 morte
1657 1054 1792 1088 ﬁliiscri-

964 1098 1114 1130 psit,teste
1127 1099 1282 1126 Gennadio
1295 1107 1360 1134 cap.
1376 1102 1408 1127 67
1424 1101 1462 1127 De
1473 1099 1670 1135 scriptoribus
1686 1098 1792 1127 eccles.

969 1142 1076 1169 Eadem
1089 1143 1203 1170 notavit
1211 1143 1404 1171 doctissimus
1416 1144 1458 1171 vir
1466 1143 1627 1171 Casimirus
1643 1142 1792 1176 Oudinus,

966 1187 1053 1221 cujus
1060 1187 1124 1214 haec
1132 1189 1202 1215 sunt
1209 1187 1300 1215 verba
1309 1189 1534 1224 (tom.l,p.572):
1549 1188 1683 1222 Epistola
1693 1194 1792 1215 conso-

969 1232 1080 1259 latoria
1096 1233 1128 1260 in
1142 1233 1276 1260 adversis
1292 1234 1466 1268 neutiquam
1482 1236 1596 1268 spectat
1606 1233 1647 1260 ad
1655 1234 1790 1260 sanctum

968 1276 1115 1304 Basiliam
1125 1276 1540 1312 Cwsaremarchiepiscopum,
1553 1278 1600 1306 vel
1610 1277 1651 1305 ad
1657 1277 1792 1305 Graecum

967 1321 1062 1348 alium
1068 1325 1220 1350 auctorem
1226 1323 1291 1351 :sed
1297 1323 1422 1351 hominis
1429 1323 1586 1354 Latiniest,
1594 1322 1714 1350 Victoris
1722 1322 1795 1349 Car-

968 1368 1065 1393 tennav
1072 1366 1103 1393 in
1110 1367 1132 1393 Α
1136 1366 1216 1400 frica
1222 1368 1361 1401 episcopi,
1373 1368 1426 1403 qui
1435 1375 1498 1395 eam
1512 1367 1553 1395 ad
1568 1367 1697 1395 amicum
1706 1373 1792 1393 suum

967 1410 1125 1445 quemdam
1145 1411 1265 1439 nomine
1278 1412 1427 1439 Basiliam
1439 1412 1605 1446 scripsit.ut
1618 1411 1705 1445 infra
1717 1410 1793 1438 diem

92 1459 168 1481 cesse
189 1461 256 1482 esse
268 1453 424 1490 judicarit,
445 1456 478 1482 ut
495 1461 564 1483 eum
586 1454 685 1482 vivere
710 1454 821 1490 saepius
839 1453 916 1482 afﬁr-
933 1462 953 1489 c
967 1462 1042 1482 mus.
1065 1455 1128 1482 Alio
1144 1457 1245 1483 autem
1260 1455 1310 1483 illo
1320 1456 1350 1483 in
1367 1455 1434 1484 loco
1445 1455 1571 1483 Victoris
1581 1453 1794 1483 Cartennensis

92 1500 191 1525 meret.

92 1543 103 1575 §
120 1543 182 1570 XIII.
203 1544 246 1572 De
264 1544 405 1578 Liturgia
426 1544 545 1578 Basilii,
567 1545 661 1580 deque
683 1544 800 1572 Latinis
819 1543 914 1571 tribus

123 1589 284 1622 opusculis,
303 1591 332 1616 et
346 1589 382 1617 de
397 1589 491 1617 veteri
504 1589 636 1624 quadam
654 1589 758 1624 Ruﬁni
772 1595 913 1624 quarum-

122 1632 188 1660 dam
203 1633 376 1661 orationum
392 1633 653 1668 interpretatione.

123 1679 163 1704 59.
177 1679 214 1705 De
230 1677 331 1705 Basilii
343 1678 475 1713 Liturgia
490 1681 550 1706 tam
568 1678 653 1706 multi
660 1680 729 1717 tam
741 1678 834 1706 multa
844 1677 913 1705 scri—

90 1725 217 1757 pserunt,
227 1726 259 1751 ut
269 1723 376 1759 siquid
384 1723 454 1751 novi
463 1723 573 1751 addere
581 1723 699 1757 vellem,
706 1726 827 1759 tempus
836 1722 913 1750 male

91 1764 180 1794 locare
190 1767 262 1796 mihi
274 1768 402 1796 viderer.
414 1768 586 1801 Quamdam
601 1770 702 1796 autem
713 1767 809 1796 Basilii
821 1767 912 1795 Litur-

92 1810 163 1844 giam
169 1812 238 1840 olim
246 1813 394 1841 exstitisse
403 1813 488 1841 facile
496 1813 749 1841 fatenturomncs.
760 1813 829 1848 Ejus
835 1812 877 1839 rei
885 1813 914 1839 et

91 1855 198 1892 antiqui
208 1859 235 1884 et
245 1860 383 1885 recentes
398 1859 488 1885 testes
503 1858 642 1892 citantur,
663 1857 793 1892 Proclus,
811 1858 913 1884 Petrus

93 1900 245 1935 Diaconus,
263 1902 404 1930 Leontius
416 1903 606 1938 Byzantinus,
618 1902 752 1939 episcopi
764 1902 793 1930 in
815 1901 913 1930 Trullo

93 1947 269 1982 congregati,
289 1949 390 1975 Patres
403 1947 520 1976 concilii
531 1948 659 1984 septimi,
677 1946 831 1975 Cabasilas
841 1948 913 1974 Mar-

92 1997 139 2016 cus
154 1991 332 2027 Ephesinus.
355 1992 446 2020 Video
461 1992 551 2028 igitur
566 1992 637 2020 satis
651 1991 741 2020 hodie
761 1992 835 2019 inter
849 1998 914 2018 eru-

91 2033 161 2062 ditos
175 2039 326 2070 constare,
339 2037 500 2071 Liturgiam
511 2037 645 2073 aliquam
657 2044 674 2063 a
685 2036 793 2064 Basilio
807 2037 914 2070 Magno

967 1499 1078 1534 scripta
1088 1499 1334 1527 recensensidem
1344 1499 1491 1533 Oudinus,
1506 1500 1547 1527 ita
1558 1499 1690 1535 loquitur
1705 1498 1791 1533 (ibid.

967 1551 996 1579 p.
1012 1544 1086 1578 I282)
1100 1552 1106 1571 :
1121 1544 1205 1577 Item,
1218 1544 1293 1572 liber
1306 1545 1348 1572 De
1357 1545 1562 1573 consolatione
1571 1545 1602 1572 in
1610 1544 1743 1572 adversis
1752 1543 1793 1570 ad

966 1588 1211 1622 Basilium,inter
1229 1596 1320 1624 opera
1337 1590 1433 1617 sancti
1451 1589 1562 1617 Basilii
1574 1588 1693 1624 Magni:
1712 1587 1792 1623 quod

966 1634 1070 1661 nullus
1081 1634 1246 1662 adnotavit.
1254 1635 1321 1662 Jam
1329 1637 1429 1662 autem
1440 1635 1534 1670 ipsms
1545 1633 1690 1662 Gennadii
1698 1632 1793 1661 verba

965 1679 1075 1706 referre
1086 1686 1185 1715 operm
1196 1679 1323 1715 pretium
1336 1680 1437 1715 est(a),
1449 1681 1514 1707 Haec
1523 1682 1623 1707 autem
1632 1680 1715 1706 sunt:
1728 1678 1792 1705 Vic-

967 1726 1014 1751 tor
1021 1723 1180 1751 Cartennw
1190 1723 1384 1751 Mauritaniae
1394 1724 1524 1752 civitatis
1540 1725 1705 1758 episcopus,
1720 1722 1792 1750 scri-

963 1769 1024 1803 psit
1034 1768 1431 1796 adversusArianostibrum
1444 1776 1536 1796 unum
1549 1769 1704 1803 longum...
1717 1769 1744 1794 et
1752 1765 1794 1794 ad

965 1813 1114 1841 Basiliam
1124 1813 1280 1848 quemdam
1287 1820 1378 1847 super
1387 1817 1481 1840 morte
1489 1813 1548 1846 ﬁlii
1557 1811 1790 1840 consolatoriam

967 1857 1383 1892 librmn,speresurrecttonis,
1389 1858 1521 1893 perfecta
1528 1858 1721 1884 instructione
1729 1863 1791 1882 mu-

966 1903 1073 1930 nitum.
1090 1903 1148 1929 Nec
1159 1902 1241 1929 aliud
1251 1902 1288 1929 de
1299 1910 1335 1929 eo
1344 1901 1445 1930 libello
1454 1901 1543 1929 sentit
1554 1900 1727 1929 Guillelmus
1738 1900 1792 1928 Ca-

966 1954 1033 1974 vus.
1044 1947 1104 1981 Ego
1116 1948 1215 1974 autem
1227 1954 1287 1974 non
1300 1948 1420 1981 negabo
1432 1946 1553 1982 quidem
1564 1945 1647 1973 illam
1658 1944 1792 1972 doctissi-

968 1999 1086 2019 morum
1094 1991 1225 2019 virorum
1233 1992 1410 2019 sententiam
1417 1999 1519 2019 veram
1526 1990 1617 2018 videri
1626 1999 1632 2017 :
1640 1990 1692 2018 sed
1699 1990 1791 2025 ipsam

967 2043 1068 2063 veram
1079 2044 1146 2063 esse
1162 2043 1222 2063 non
1235 2035 1321 2063 facile
1338 2035 1463 2063 fatebor.
1486 2036 1538 2063 Cui
1557 2035 1637 2063 enim
1655 2041 1791 2070 unquam

92 2079 226 2115 scriptam
243 2080 357 2109 fuisse:
376 2081 428 2109 sed
446 2081 523 2109 inter
538 2089 589 2110 cos
608 2089 670 2109 non
690 2080 792 2108 minus
806 2087 915 2107 conve-
930 2089 951 2115 ι)
968 2079 1451 2116 persuaderipoterit,libellum,in
1459 2078 1792 2115 quoneunumqmdem

91 2124 137 2158 nit,
148 2133 213 2153 eam
228 2126 268 2153 ad
278 2133 334 2153 nos
345 2126 493 2162 integram
505 2129 532 2154 et
541 2134 651 2163 puram
660 2133 719 2154 non
730 2125 911 2162 pervenisse,

92 2168 138 2196 sed
146 2169 297 2206 aliquibus
303 2170 377 2198 locis
388 2173 440 2199 aut
448 2171 595 2202 mutilam,
603 2173 653 2199 aut
664 2172 783 2198 auctam
790 2192 796 2204 ,
806 2175 913 2197 autva-

92 2213 137 2240 riis
145 2214 274 2251 denique
285 2215 384 2243 modis
393 2218 550 2244 mutatam.
560 2217 592 2243 Et
599 2215 724 2251 quidem
734 2216 834 2243 Petrus
845 2215 912 2242 Dia-

93 2265 178 2286 conus
189 2259 350 2295 cujusdam
358 2261 539 2295 precationis
549 2260 695 2292 meminit,
704 2267 796 2295 quam
806 2259 836 2286 in
845 2267 913 2287 nos-

92 2302 138 2329 tris
147 2304 370 2340 exemplaribus
376 2312 438 2332 non
444 2307 562 2333 exstare
571 2306 696 2333 constat.
707 2305 912 2332 Inter-caeteros

93 2349 195 2382 autem,
210 2349 264 2385 qui
286 2352 389 2378 nostra
401 2352 485 2378 aelate
504 2350 542 2377 de
559 2349 658 2378 Basilii
673 2349 802 2384 Liturgia
821 2349 912 2377 disse-

93 2399 181 2427 ruere,
191 2394 339 2422 recenseri
352 2397 489 2430 possunt,
509 2394 683 2422 Guillelmus
702 2394 811 2428 Cavus,
829 2394 911 2421 Tille-

93 2438 226 2471 montius,
235 2438 404 2466 Ludovicus
413 2439 561 2475 Dupinus,
570 2439 703 2467 Joannes
715 2438 850 2466 Albertus
863 2439 913 2466 Fa-

93 2479 207 2517 bricius,
216 2483 534 2517 CasimirusOudinus,
542 2483 910 2511 etvirclarissimusidem-

92 2533 143 2561 que
149 2526 338 2555 doctissimus
344 2528 487 2556 Eusebius
494 2528 688 2556 Renaudotus
696 2540 701 2557 :
709 2528 795 2563 cujus
802 2528 911 2564 scriptu

93 2571 239 2606 quirerum
244 2572 452 2608 liturgicarum
460 2573 570 2601 curiosi
576 2573 752 2609 sunt,legere
759 2575 909 2609 poterunt.

124 2617 164 2644 60.
179 2618 277 2645 Pauca
292 2617 329 2645 de
342 2617 455 2645 Latinis
471 2618 566 2646 tribus
576 2617 733 2654 opusculis
741 2617 840 2645 dicere
854 2617 909 2645 ha—

143 2731 181 2767 (a)
200 2733 292 2761 Genn.
303 2733 346 2762 De
360 2733 432 2762 viris
442 2734 505 2762 ill..
521 2741 546 2762 c.
560 2737 604 2763 77.

967 2125 1094 2153 verbum
1105 2124 1142 2152 de
1153 2123 1792 2159 amissioneliberorumlegitur,illudipsum

967 2177 1045 2205 opus
1055 2177 1123 2197 esse
1135 2169 1255 2196 Victoris
1274 2168 1494 2202 Cartennensis,
1519 2167 1602 2204 quod
1620 2166 1793 2195 Gennadius

967 2214 1008 2242 ait
1017 2214 1085 2242 ideo
1091 2214 1236 2249 scriptum
1247 2213 1339 2241 fuisse
1350 2221 1367 2241 a
1375 2213 1502 2247 Victore,
1510 2212 1712 2248 utquemdam
1720 2211 1793 2239 ami-

966 2267 1036 2287 cum
1048 2267 1136 2287 suum
1148 2267 1238 2295 super
1248 2260 1343 2286 morte
1351 2257 1634 2286 ﬁliECunsolaretur?
1643 2257 1724 2285 Certe
1731 2264 1792 2284 non

966 2304 1047 2332 estin
1058 2303 1220 2339 exemplis,
1228 2302 1286 2330 tale
1296 2302 1465 2339 quidquam
1476 2309 1612 2339 unquam
1633 2301 1791 2329 accidisse.

967 2348 1105 2384 Quisquis
1123 2348 1214 2383 igitur
1228 2348 1362 2376 libellum
1380 2347 1624 2381 consolatorium,
1645 2346 1697 2383 qui
1716 2346 1793 2374 inter

966 2393 1062 2421 Basilii
1081 2400 1174 2428 opera
1189 2393 1340 2420 invenitur
1354 2393 1435 2429 (pag.
1462 2394 1533 2427 697),
1556 2391 1669 2427 legerit,
1691 2391 1792 2420 statim

966 2438 1192 2471 animadvertet,
1206 2438 1305 2474 ipsum
1322 2437 1491 2465 confectum
1506 2437 1599 2465 fuisse
1617 2444 1679 2465 non
1699 2444 1793 2465 causa

965 2482 1067 2518 patris,
1080 2483 1167 2518 cujus
1178 2482 1256 2510 ﬁlius
1277 2484 1413 2510 mortuus
1427 2484 1514 2515 esset,
1527 2481 1580 2509 sed
1590 2489 1683 2509 causa
1702 2481 1792 2508 mise-

966 2535 1078 2558 rorum,
1091 2534 1274 2563 quacunque
1286 2526 1455 2555 calamitate
1475 2529 1526 2555 aut
1538 2533 1675 2554 mrumna
1695 2525 1792 2553 afﬁce-

963 2574 1082 2599 rentur:
1097 2571 1148 2599 sed
1156 2571 1196 2599 ita
1203 2571 1599 2607 tamen,utscriptorinterea
1606 2571 1679 2598 dum
1686 2578 1792 2598 omnes

964 2617 1156 2646 calamitosos
1171 2616 1322 2645 consolari
1337 2616 1588 2653 vellet,praacipue
1605 2615 1640 2644 iis
1653 2616 1792 2645 solatium

141 2794 172 2830 (')
189 2795 268 2824 Bibl.
284 2796 381 2825 Graec.
394 2798 466 2825 tom.
477 2797 516 2825 ΙΧ
525 2796 573 2825 ed.
587 2796 699 2826 Harles.
713 2797 782 2826 Vide
791 2797 869 2827 inter
878 2797 1094 2834 Prolegomena.
1102 2797 1193 2833 hujus
1204 2796 1354 2830 editionis,
1367 2803 1438 2834 pag.
1451 2804 1550 2825 ccum
1563 2797 1596 2824 D.
1611 2797 1688 2824 Emr.
1701 2797 1788 2825 Pun.
