2020 3140
75 108 86 135 l
93 111 122 136 57
829 110 896 138 ΡΗᾹ

951 110 1021 137 ΤΙΟ.

1731 114 1780 140 158

73 169 225 196 stitueram
242 179 248 196 :
262 169 316 196 sed
331 171 376 197 est
394 177 497 203 causa,
513 178 567 198 cur
581 177 617 198 ea
631 170 661 197 in
680 170 763 198 aliud
777 172 895 206 tempus
911 173 933 199 A
952 169 1072 197 videare
1089 179 1094 198 :
1119 172 1173 199 sed
1189 180 1259 200 eum
1277 173 1487 202 nihilominus.
1507 174 1540 200 ut
1563 172 1636 206 dixi,
1652 173 1735 201 omni
1749 182 1780 202 re

72 214 182 248 rejecta
195 213 294 241 velim.
311 216 459 250 lnterpres
471 214 578 250 psalmi
593 223 683 242 xxvm
694 223 761 242 cum
773 215 815 243 ita
828 214 897 242 scri—

73 257 179 293 psisset
193 259 275 294 (pag.
296 259 359 293 355)
372 267 378 286 :
404 261 455 285 Καὶ
470 259 485 288 ὴ
503 258 529 285 ἐκ
544 263 590 285 τοῦ
605 263 715 295 μαμωνᾶ
729 263 776 290 τῆς
792 257 898 288 ἀδικίας

72 305 191 339 γινομένη
214 303 284 339 φιλία
304 307 475 337 κατασκηνοί,
492 304 590 340 inepte
610 307 638 332 et
653 304 766 331 insulse
780 304 899 331 locutus

71 347 160 375 fuisse
184 348 258 375 mihi
280 347 362 375 visus
381 351 424 376 est
447 349 510 383 (a):
534 351 562 376 et
586 351 687 377 tamen
711 357 746 376 ex
763 348 810 376 his
830 356 898 383 quae

71 392 155 419 retuli
172 392 273 419 verbis
288 395 357 428 apta
376 395 404 420 et
422 392 532 421 idonea
548 393 705 426 sententia,
726 400 822 430 eaque
837 400 899 420 non

71 436 203 464 obscura
209 436 344 465 efﬁcitur.
354 437 622 472 Signiﬁcavitenim
632 437 790 474 interpres.
797 437 899 465 amici-

71 480 151 514 tiam,
162 489 231 517 qua
243 489 278 508 ex
288 489 465 511 mammona
475 482 639 518 iniquitatis
651 482 835 515 conciliatur,
844 489 899 509 no-

69 524 114 553 bis
128 525 167 552 ad
182 525 306 554 beatam
321 527 456 562 requiem
471 527 589 558 aditum
604 527 687 554 dare.
706 527 761 554 libi
777 526 838 554 dixi
860 526 900 561 (ὁ)

69 569 138 597 illud
153 569 231 606 p58].
243 578 297 598 cxv
308 579 313 597 :
330 570 396 597 Ἀλλ’
406 572 456 597 εἴθε
468 571 548 607 κάμοὶ
557 574 657 607 γένοιτο
668 575 808 598 πιστεῦσαι
821 570 900 601 ἀξίως

69 615 107 640 ἱνα
124 614 231 643 λαλήσω
244 619 289 640 νῦν
303 619 334 651 τῇ
351 615 494 652 Ἐκκλησίᾳ
509 620 553 642 τοῦ
574 620 640 642 Θεοῦ
656 620 686 652 τῇ
701 616 798 652 μενά)ιῂ
815 616 896 651 ταύτῃ

67 658 155 694 λόγους
174 658 199 685 ἐν
222 664 260 694 τῷ
279 661 318 685 νοὶ
337 670 386 696 μου
403 659 653 696 ἀποτηγανίζεσθαι,
667 660 725 688 Sed
739 662 855 688 utinam
871 662 898 688 et

67 704 138 731 mihi
164 705 325 739 contingat
349 705 440 740 digne
465 705 595 737 credere,
620 707 654 732 ut
672 713 754 733 nunc
779 712 898 739 magna:

68 747 134 774 huic
163 748 221 775 Dei
243 748 385 777 Ecctesiw
404 749 497 776 verba
518 751 648 784 quinque
669 749 701 776 in
722 756 810 776 sensu
835 757 897 777 meo

69 792 182 827 loquar,
199 792 255 820 ubi
270 792 362 827 igitur
375 793 438 820 dixi
451 793 517 820 hzec
531 793 624 821 verba
640 793 713 820 mihi
728 793 895 828 displicere,

68 844 125 863 non
139 837 260 870 monui,
277 836 307 864 id
321 845 383 873 quo
399 837 535 873 decebat,
553 837 659 865 eadem
673 837 756 873 apud
769 837 896 865 Paulum
912 847 931 875 Β

68 881 189 908 inveniri
201 881 328 917 quidem
336 882 370 913 ⁵⁵,
383 882 435 909 sed
450 890 543 909 sensu
554 882 622 910 alio.
639 883 714 909 Nam
726 882 807 918 apud
820 885 896 918 Apo-

69 926 173 961 stolum
183 934 249 953 non
258 926 296 954 de
309 926 378 959 ﬁde,
395 927 448 954 sed
460 926 497 954 de
509 926 636 962 simplici
646 926 757 961 linguae
770 927 897 962 alicujus

70 970 170 998 notitia
182 979 286 998 sermo
301 971 439 999 habetur.
451 972 530 999 Inter
544 974 652 999 caetera
666 971 816 999 vocabula
828 979 896 1007 quae

70 1015 146 1050 apud
170 1015 317 1043 Basilium
332 1016 474 1044 inusitata
490 1024 556 1043 esse
576 1016 755 1051 existimavi,
771 1015 897 1043 verbum

70 1067 185 1096 quoque
206 1060 449 1096 ἁπθτηγανίζεσϐαι
472 1061 620 1096 reperitur
641 1061 697 1096 (c):
718 1069 780 1096 quo
795 1063 897 1088 tamen

69 1107 164 1132 orator
178 1106 318 1141 optimus
332 1106 364 1133 in
379 1106 479 1142 prima
490 1106 660 1141 Dejejunio
676 1106 812 1133 oratione
824 1114 896 1132 usus

69 1151 119 1177 est.
134 1150 276 1177 Similiter
289 1149 341 1177 ubi
355 1150 457 1178 notavi
471 1150 545 1177 illud
562 1151 615 1183 (ά),
632 1150 696 1176 εἶναι
711 1152 743 1176 τὰ
758 1151 815 1178 ἔθνη
829 1160 896 1185 συγ-

69 1193 209 1230 χλπρονόμα
220 1196 269 1220 καὶ
286 1195 425 1231 σύσσωμα,
438 1203 499 1222 non
512 1194 554 1222 ita
567 1195 741 1231 simpliciter
752 1195 896 1230 scriptum

69 1239 247 1274 oportuisse,
263 1239 317 1266 sed
328 1239 400 1267 addi
415 1239 568 1274 debuisse,
583 1239 618 1270 εἰς
633 1241 662 1265 τό
674 1241 803 1272 utesset,
817 1240 852 1270 εἰς
867 1241 896 1265 τό

70 1281 128 1309 εἶναι
140 1285 181 1315 τά,
192 1286 264 1311 etc..
279 1284 422 1319 opinione
432 1292 500 1312 mea
511 1284 601 1312 falsus
617 1292 696 1311 sum.
705 1285 806 1320 Neque
815 1284 895 1312 enim

69 1325 185 1361 illudsi;
195 1326 326 1362 ré,apud
334 1326 505 1362 apostolum
513 1327 638 1354 Paulum
645 1326 789 1361 legitur“,
799 1334 896 1362 neque

71 1371 106 1399 ab
115 1371 277 1407 interprete
287 1372 389 1399 Graeco
397 1371 485 1406 adjici
496 1372 604 1400 decuit.
619 1373 693 1400 Cum
702 1371 896 1399 instituissem

71 1424 236 1444 sermonem
262 1416 302 1444 de
323 1416 537 1452 interpretibus
556 1416 653 1444 Basilii
673 1416 720 1451 (θ).
745 1416 897 1444 Adamum

72 1461 248 1495 Fumanum,
274 1461 328 1498 qui
344 1462 479 1489 Ascetica
501 1461 714 1497 interpretatus
733 1463 788 1493 est,
813 1460 896 1488 nullo

74 1505 240 1534 discrimine
254 1506 364 1534 habui:
384 1514 478 1542 quem
498 1508 598 1533 tamen
618 1514 688 1533 cum
704 1505 837 1533 Ascetica
855 1513 898 1533 re-

75 1558 231 1585 censerem,
251 1550 380 1586 vulgum
394 1551 591 1587 interpretum
611 1551 700 1585 longe
721 1550 897 1578 antecellere

74 1594 207 1624 intellexi.
227 1597 343 1623 Janum
360 1595 537 1624 Cornarium
551 1595 685 1630 laudavi,
701 1603 793 1631 quem
807 1594 896 1623 laude

74 1639 192 1674 dignum
215 1641 386 1669 etiamnum
401 1643 495 1676 puto:
513 1640 567 1667 sed
586 1640 611 1668 ei
627 1643 728 1668 tamen
743 1640 896 1667 Fumanus

74 1685 259 1721 anteponend
265 1694 299 1713 us
310 1693 376 1712 esse
386 1685 459 1712 mihi
470 1685 595 1712 videtur.
608 1684 768 1712 Cornarius
779 1684 897 1711 fidelius

73 1729 190 1763 quidem
205 1738 300 1766 quam
317 1729 503 1765 temporibus
517 1729 573 1757 illis
592 1729 656 1757 ﬁeri
672 1729 789 1762 soleret,
806 1729 895 1756 inter-

72 1777 201 1810 pretatus
212 1778 255 1803 est
269 1785 276 1803 :
289 1775 344 1803 sed
359 1777 562 1811 praeterquam
578 1774 661 1811 quod
675 1775 739 1809 ejus
751 1774 895 1810 interpre-

72 1819 142 1847 tatio
154 1819 229 1848 dura
244 1820 285 1848 sit
300 1827 472 1856 asperaque
487 1822 516 1847 et
530 1819 632 1848 minus
649 1819 763 1853 Latina,
776 1827 854 1854 saepe
869 1821 897 1846 et

73 1863 132 1899 ipse
146 1873 269 1901 quoque
285 1865 418 1893 auctoris
438 1864 618 1892 sententiam
634 1872 695 1892 non
715 1866 894 1891 consecutus

74 1911 124 1937 est.
143 1912 178 1937 At
202 1911 358 1938 Fumanus
381 1909 481 1937 Latine
503 1917 589 1945 aeque
614 1917 649 1937 ac
669 1910 768 1937 Greece
788 1908 895 1936 doctus

74 1956 130 1982 erat
151 1963 158 1981 :
183 1955 235 1991 qui
258 1954 316 1982 etsi
335 1954 521 1990 frequentius
542 1954 581 1982 ab
600 1954 731 1981 auctoris
749 1953 895 1981 sententia

74 1998 237 2031 aberrabat,
254 1999 288 2027 id
307 1999 414 2027 vitium
434 1999 589 2026 Latinitate
608 1998 794 2026 accuratiore
813 2006 894 2026 com-

73 2043 223 2078 pensabat.
234 2040 294 2072 Nec
304 2043 503 2072 dissimulabo
517 2044 686 2071 Fumanum
703 2044 732 2070 in
746 2051 893 2078 magnum

73 2087 149 2115 aliud
162 2089 282 2123 vitium,
300 2096 319 2116 a
337 2096 399 2124 quo
418 2088 581 2116 Cornarius
595 2088 799 2115 alienissimus
818 2089 891 2119 erat,

72 2130 217 2161 incidisse.
229 2135 273 2160 tta
285 2132 365 2160 enim
378 2134 479 2160 Graca
491 2133 590 2160 Latine
603 2132 758 2166 reddebat,
767 2134 892 2168 utpara-

73 2176 200 2211 phrasim
214 2177 317 2214 potius
329 2185 422 2213 quam
437 2177 712 2213 interpretationem
725 2176 823 2211 legere
837 2176 890 2204 tibi

105 2240 127 2256 ⁵⁵
147 2241 235 2268 lCor.
249 2247 311 2273 xxv,
329 2241 374 2267 19.
416 2240 440 2257 ⁵⁶
457 2238 564 2275 Ephes.
578 2247 619 2272 lit,
636 2240 661 2266 6.

106 2328 143 2362 (α)
163 2330 193 2356 in
213 2327 313 2361 Praer
335 2329 354 2355 t.
376 2328 398 2362 l,
418 2335 448 2355 n.
469 2329 514 2356 34.

106 2363 144 2397 (b)
163 2366 193 2391 ln
215 2363 312 2395 Praef”
334 2365 353 2391 t.
376 2365 397 2397 l,
417 2371 449 2391 n.
470 2365 514 2391 41.

106 2399 144 2463 ςὲὶ
161 2400 193 2427 In
213 2399 313 2452 limati,
335 2401 355 2427 t.
377 2401 396 2432 Ι,
417 2407 448 2427 n.
470 2400 513 2443 5’s.

107 2447 111 2463 t
164 2438 195 2463 tn
214 2435 313 2463 lraaf..
333 2437 354 2463 t.
375 2436 396 2463 l.
417 2443 448 2462 n.
470 2437 513 2463 5.5.

107 2435 144 2470 (dt
164 2438 195 2463 tn
214 2435 313 2472 Praef,
333 2437 354 2463 t.
375 2436 396 2468 l,
417 2443 448 2462 n.
470 2437 513 2463 55.

952 215 1152 251 considerata,
1160 217 1301 245 Cornario
1309 217 1438 254 praeferri
1446 217 1554 245 debere
1562 218 1708 246 existimo.
1718 220 1781 247 Non

952 259 1151 295 committam,
1177 262 1209 288 ut
1234 261 1370 289 sodalem
1394 264 1532 289 nostrum
1558 262 1707 289 Joannem
1735 264 1782 290 Ja-

953 303 1064 331 cobum
1076 305 1212 341 Raverdy
1224 314 1285 333 non
1297 305 1428 341 laudem,
1439 306 1594 334 hominem
1605 307 1692 334 multi
1700 307 1782 334 labo-

951 347 1003 380 ris,
1016 350 1045 375 et
1056 348 1095 376 ad
1104 348 1186 377 bona
1198 350 1298 378 studia
1307 350 1444 387 iuvanda
1455 353 1560 378 natum
1574 359 1579 377 :
1592 351 1644 387 qui
1658 359 1781 379 omnem

953 400 1057 420 curam
1073 395 1162 429 atque
1175 402 1299 430 operam
1315 395 1345 422 in
1361 403 1396 422 eo
1407 395 1518 430 posuit,
1539 398 1570 422 ut
1591 403 1687 423 novus
1703 396 1781 424 Basi-

952 436 1010 464 lius
1025 437 1145 466 nitidior
1156 441 1184 466 ct
1198 439 1386 467 emendatior
1401 439 1528 473 legatur.
1543 439 1624 467 Alius
1641 448 1656 467 e
1672 441 1781 468 nostris

954 481 1111 509 sodalibus
1127 483 1255 511 indicem
1270 491 1363 519 quam
1376 483 1603 518 diligentissime
1618 485 1780 512 contexuit.

954 526 1141 562 Conquestus
1162 530 1205 555 est
1224 528 1269 556 vir
1285 527 1472 555 clarissimus
1486 528 1627 564 idemque
1642 529 1781 556 doctissi-

953 578 1032 604 mus,
1045 579 1092 598 me
1107 571 1223 599 nullum
1235 575 1447 607 argumentum
1459 572 1604 604 attulisse,
1617 581 1654 600 ex
1664 581 1725 609 quo
1737 573 1781 601 ef-

953 615 1001 643 ﬁci
1012 619 1123 652 posset.
1134 617 1274 644 Basilium
1284 616 1358 644 tertii
1369 618 1400 644 i-n
1411 617 1590 644 Eunomia”:
1604 617 1671 644 libri
1682 620 1781 645 aucto-

952 667 1016 687 rem
1026 668 1093 688 esse
1106 669 1111 688 :
1124 661 1154 688 id
1165 661 1248 697 quod
1257 663 1357 688 tamen
1369 661 1580 697 promiseram.
1593 662 1646 689 Hic
1656 662 1782 698 promis-

952 713 1020 732 sum
1036 705 1230 741 complerem,
1244 706 1490 741 nisijudicarem,
1504 713 1562 740 me,
1572 714 1642 733 cum
1655 706 1685 733 in
1696 706 1781 734 tertio

950 749 1103 777 volumine
1111 749 1331 785 prreclariillius
1340 751 1382 778 De
1392 750 1507 786 Spiritu
1518 753 1622 778 sancto
1632 750 1700 778 libri
1708 750 1781 785 legi-

951 793 1057 820 timum
1064 796 1219 829 parentem
1226 794 1380 829 indagabo
1386 815 1392 826 ,
1400 794 1493 821 multo
1503 795 1694 822 commodius
1702 803 1738 822 ea
1745 795 1782 823 de

950 846 981 865 re
996 838 1179 866 locuturum.
1198 840 1270 866 Cum
1288 839 1379 874 paulo
1395 841 1462 866 ante
1479 844 1574 872 (num.
1592 840 1635 874 48)
1652 839 1781 874 probare

952 889 1086 915 conarer,
1105 883 1259 910 Sozomeni
1276 883 1385 916 locum,
1407 883 1437 911 in
1457 891 1518 919 quo
1534 883 1634 911 Basilii
1651 884 1782 912 Ascetica

952 927 1164 963 aquibusdam
1177 927 1330 955 Eustathio
1347 927 1514 956 Sebasteno
1530 928 1674 956 attributa
1689 927 1781 956 fuisse

951 971 1102 1005 dicuntur,
1116 979 1177 999 non
1198 972 1234 999 de
1251 972 1380 1007 Regulis,
1398 972 1451 999 sed
1467 972 1503 999 de
1516 972 1693 1000 monasticis
1708 981 1781 1000 con-

952 1015 1155 1043 stitutionibus
1162 1016 1372 1052 accipiendum
1379 1017 1514 1051 esse,hoc
1523 1019 1702 1051 argumento
1709 1025 1782 1045 usus

951 1068 1029 1094 sum,
1037 1060 1119 1096 quod
1131 1061 1154 1088 si
1167 1062 1350 1088 Sozomcnus
1358 1061 1478 1096 regulas
1489 1061 1621 1089 indicare
1629 1061 1780 1095 voluisset,

951 1104 992 1132 ita.
1014 1105 1050 1132 dc
1074 1104 1119 1132 his
1141 1105 1260 1132 fecisset
1280 1105 1476 1139 mentionem,
1506 1108 1538 1133 ut
1561 1106 1781 1142 Scripturarum

950 1149 1131 1182 testimonia,
1148 1149 1260 1185 quibus
1277 1149 1391 1177 refertae
1416 1152 1494 1181 sunt,
1511 1150 1664 1178 laudasset
1680 1159 1686 1177 :
1704 1157 1781 1186 quo-

951 1201 1019 1220 rum
1036 1194 1195 1229 Scriptura:
1207 1194 1342 1221 locorum
1355 1194 1559 1222 meminerunt
1574 1194 1698 1222 Rufinus
1712 1196 1781 1223 Cas-

952 1238 1115 1273 sianusque
1131 1240 1158 1266 et
1177 1238 1299 1266 Photius
1316 1239 1362 1273 (1").
1380 1238 1441 1266 Hoc
1455 1241 1555 1266 autem
1566 1238 1672 1266 eodem
1688 1239 1781 1266 modo

954 1281 1135 1310 intellectum
1158 1282 1237 1310 nolo.
1254 1284 1327 1311 Cum
1343 1283 1423 1310 enim
1440 1283 1602 1311 Cassianus
1617 1285 1646 1310 et
1660 1283 1781 1311 Pbotius

951 1326 989 1353 dc
999 1326 1045 1354 bis
1061 1326 1240 1354 testimoniis
1258 1335 1398 1363 expresse
1409 1327 1593 1355 mentionem
1608 1327 1780 1362 habuerint,

951 1373 1052 1398 tamen
1072 1371 1196 1399 Rufinus
1212 1379 1247 1399 ea
1263 1372 1419 1407 perspicue
1440 1374 1545 1399 uolare
1564 1371 1636 1399 satis
1650 1371 1757 1399 habuit
1773 1380 1780 1398 :

951 1416 1003 1451 qui
1019 1415 1130 1443 scilicet
1149 1415 1186 1442 dc
1204 1415 1303 1443 Basilii
1318 1416 1471 1452 responsis
1490 1416 1529 1451 (ῃ)
1550 1416 1667 1444 locutus
1684 1416 1731 1451 sit,
1749 1416 1781 1444 in

951 1459 1062 1495 quibus
1084 1459 1235 1495 ejusmodi
1256 1459 1475 1496 Scripturarum
1491 1460 1558 1488 loca
1578 1461 1780 1488 continentur.

953 1506 992 1532 De
1003 1504 1185 1540 panegyrica
1201 1505 1345 1536 oratione,
1362 1513 1430 1540 quae
1445 1504 1482 1532 de
1496 1506 1627 1541 martyre
1644 1505 1781 1532 Barlaam

950 1549 1055 1576 habita
1066 1549 1257 1584 fuit,copiose
1268 1549 1391 1585 quidem
1403 1549 1589 1585 disputatum
1601 1551 1661 1577 est:
1674 1549 1727 1576 sed
1739 1551 1780 1576 ta.-

951 1602 1021 1621 men
1031 1594 1119 1621 omisi
1130 1593 1213 1630 quod
1224 1596 1328 1621 notato
1341 1602 1403 1621 non
1415 1594 1576 1628 indignum
1590 1596 1654 1622 erat
1663 1594 1718 1628 (h),
1733 1593 1779 1621 vi—

951 1638 1057 1666 delicet
1070 1638 1098 1666 in
1113 1638 1318 1666 vetustissimo
1334 1638 1410 1666 libro
1426 1639 1466 1666 ita
1479 1638 1624 1674 scriptum
1635 1638 1778 1666 inveniri:

952 1684 996 1714 Εἱς
1017 1685 1059 1709 τὸν
1084 1683 1157 1719 ἅγιον
1180 1683 1302 1720 Βαρῖιαίιμ
1325 1685 1368 1708 τὸν
1391 1684 1540 1719 Ἀντιοχείᾳ
1563 1686 1780 1720 μαρτυρήσαντα,

951 1729 986 1756 In
1002 1732 1138 1757 sanciunt
1158 1729 1317 1761 Barlaam,
1342 1729 1396 1763 qui
1413 1728 1581 1756 Antiochia}
1594 1735 1699 1762 passus
1715 1731 1757 1756 est
1772 1736 1778 1755 :

951 1781 1012 1809 qua
1022 1776 1090 1801 nota
1105 1773 1207 1809 opinio
1222 1775 1326 1800 nostra
1337 1780 1398 1800 non
1409 1772 1483 1799 nihil
1497 1772 1702 1800 conﬁrmatur.
1720 1772 1780 1800 Etsi

950 1818 1030 1846 enim
1050 1817 1122 1845 talia.
1141 1825 1201 1845 non
1223 1819 1291 1844 sunt
1312 1816 1462 1852 ejusmodi
1483 1816 1671 1844 librariorum
1696 1817 1779 1845 testi-

950 1863 1064 1896 monia,
1080 1865 1112 1890 ut
1124 1862 1292 1898 quidquam
1303 1870 1339 1889 ex
1359 1862 1404 1889 his
1420 1865 1502 1889 certo
1515 1861 1654 1890 concludi
1672 1861 1779 1898 possit,

950 1910 1050 1935 tamen
1065 1915 1126 1935 non
1142 1907 1267 1934 omnino
1278 1906 1501 1935 contemnenda
1520 1914 1555 1934 ea
1571 1914 1637 1933 esse
1652 1909 1779 1935 constat.

986 1953 1070 1988 Saepe
1080 1951 1251 1987 rogavitme
1262 1951 1306 1978 vir
1315 1951 1500 1979 clarissimus
1508 1952 1640 1979 Joannes
1652 1951 1781 1987 Baptista

949 1997 1108 2032 Coignard,
1130 1996 1229 2031 regius
1245 1996 1550 2032 architypograpbus,
1565 1998 1596 2022 ut
1612 2004 1778 2030 monerem,

948 2042 970 2069 si
983 2042 1102 2069 tertium
1113 2040 1253 2068 volumen
1265 2048 1326 2067 non
1342 2043 1405 2067 tam
1421 2039 1478 2067 cito
1489 2040 1518 2067 in
1530 2039 1627 2067 lucem
1638 2039 1778 2076 prodeat,

946 2086 976 2114 id
987 2094 1047 2113 non
1060 2085 1246 2120 negligentiae
1253 2085 1385 2118 suae,sed
1391 2085 1527 2112 adversa:
1534 2092 1609 2112 meae
1616 2082 1780 2113 valetudini

946 2131 1133 2165 assignatum
1141 2132 1289 2165 oportere.
1298 2129 1408 2163 Enitar,
1418 2128 1781 2163 Deojuvante,utantein-

946 2175 1101 2211 sequentis
1113 2173 1185 2201 anni
1197 2173 1288 2201 tinem
1299 2173 1454 2209 inceptum
1463 2180 1778 2208 opuspersequamur.

986 2325 1025 2359 (θ)
1046 2327 1077 2352 In
1094 2323 1189 2358 Praei,
1204 2325 1223 2351 t.
1242 2325 1263 2358 l,
1279 2331 1307 2350 n.
1324 2326 1352 2350 7.

985 2361 1024 2395 (Γ)
1042 2360 1114 2388 Cod.
1136 2367 1208 2387 εχει.

986 2397 1026 2431 (g)
1042 2395 1114 2424 Cod.
1132 2396 1237 2429 Regni.
1254 2402 1284 2430 p.
1299 2396 1343 2422 9t.

987 2433 1029 2467 (ἡ)
1044 2433 1111 2466 Leg.
1126 2439 1156 2458 n.
1171 2433 1186 2459 5
1202 2433 1231 2458 et
1245 2438 1308 2467 seq.
