2020 3140
214 103 264 129 159
966 103 1009 129 PR

1124 101 1156 130 Ο.
1864 106 1919 132 160

522 322 863 380 ELENCHUS
905 323 1220 381 VETEBUM
1260 323 1596 382 LIBBOBUM

979 455 1026 479 AD
1047 455 1140 484 QUOS

213 541 328 575 Exacta
360 547 392 576 et
426 543 597 576 emendata
626 547 701 576 sunt
732 541 840 576 Basilii
868 553 979 588 Opera,
1006 554 1077 587 quae
1105 541 1137 576 in
1166 543 1230 577 hoc
1257 548 1290 578 et
1320 541 1470 587 sequenti
1502 541 1664 577 volumine
1693 541 1920 578 continentur.

250 674 382 703 Homilies
402 675 439 703 de
454 675 581 704 diversis
593 676 746 704 recensita:
762 678 831 704 sunt
845 676 885 704 ad
901 684 952 704 eos
966 675 1200 712 manuscriptos,
1215 676 1267 712 qui
1280 674 1357 704 infra
1373 677 1527 704 notantur.

251 720 357 755 Regius
367 720 462 748 codex
479 723 556 754 1906,
570 729 662 757 quem
678 729 824 749 vocamus
839 721 970 757 primum
983 730 989 755 ;
1002 721 1103 757 sicque
1119 721 1156 747 (le
1167 720 1289 756 reliquis
1302 720 1417 754 ordine,
1433 720 1475 748 ita
1490 723 1523 748 ut
1534 720 1587 756 qui
1598 719 1695 756 primo
1707 720 1775 749 loco
1787 720 1923 757 ponitur,

213 767 334 792 vocetur
348 765 463 800 primus
480 774 487 800 ;
507 766 558 802 qui
578 765 723 800 secundo,
744 765 907 800 secundus,
928 768 982 793 etc.
1003 765 1054 793 Hic
1071 765 1148 793 liber
1169 764 1423 793 membranaceus
1444 768 1489 794 est
1511 768 1538 793 et
1558 764 1701 800 antiquus
1720 767 1749 793 et
1767 765 1925 800 eleganter

214 809 352 845 scriptus.

248 854 317 888 Reg.
335 853 428 881 codex
444 856 522 887 1907,
539 854 681 889 membr.,
696 855 826 891 scriptus
841 854 959 882 decimo
973 854 1094 882 saeculo.

250 899 320 932 Reg.
336 897 429 925 codex
450 900 518 926 2287
536 902 590 932 ter,
608 899 735 927 membr.
752 902 780 927 et
794 898 1024 936 antiquissimus
1039 907 1074 926 ac
1088 899 1211 935 optimae
1225 901 1314 927 notae.

250 943 333 972 Colb.
347 944 442 971 codex
456 946 519 978 457,
534 944 674 976 membr.,
691 945 819 980 scriptus
840 944 1007 972 undecimo.
1017 943 1137 972 steculo.

251 987 334 1015 Colb.
351 988 444 1015 codex
457 990 519 1021 499,
532 989 672 1021 membr.,
687 989 816 1025 scriptus
831 989 949 1017 decimo
964 988 1086 1016 smculo.

253 1032 336 1060 Colb.
353 1033 447 1060 codex
464 1035 541 1064 1934,
559 1033 680 1069 optimae
700 1036 789 1067 notae,
810 1033 938 1069 scriptus
954 1032 1072 1060 decimo
1087 1032 1209 1067 steculo,
1222 1032 1351 1060 membr.

251 1076 339 1104 Coisl.
352 1077 444 1104 codex
456 1079 518 1112 230,
534 1078 606 1105 noni
622 1078 723 1106 saeculi
737 1088 743 1106 :
758 1086 819 1114 quo
833 1081 932 1106 tamen
946 1076 1067 1113 parcius
1084 1078 1127 1105 usi
1142 1085 1257 1113 sumus,
1274 1077 1347 1113 quia
1361 1084 1423 1105 non
1439 1084 1549 1113 parum
1562 1076 1727 1104 mendosus
1741 1077 1797 1104 est.

251 1121 390 1148 Ducmani
404 1122 534 1155 codices,
550 1122 603 1158 qui
618 1122 660 1150 sic
675 1125 828 1156 notantur,
844 1122 929 1155 Oliv.,
947 1123 1062 1157 Anglic.
1080 1123 1153 1150 Sunt
1168 1124 1268 1149 autem
1289 1122 1350 1149 duo
1367 1122 1439 1150 Oliv.

251 1165 464 1194 Combeﬁsiani
479 1166 608 1200 codices,
624 1175 753 1203 quorum
772 1167 862 1195 variae
875 1167 1018 1195 lectiones
1031 1167 1062 1194 in
1076 1166 1183 1195 Basilio
1198 1166 1345 1194 recensito
1359 1166 1510 1203 leguntur.

952 1229 1013 1256 Pro
1028 1228 1181 1256 Asceticis.

249 1292 318 1325 Reg.
332 1290 427 1318 codex
444 1292 520 1326 1908,
534 1290 661 1319 membr.
673 1293 701 1319 et
712 1291 865 1327 antiquus,
877 1291 929 1328 qui
937 1291 1001 1326 jam
1013 1293 1102 1319 antea
1112 1291 1209 1319 fuerat
1219 1299 1237 1318 a
1248 1289 1427 1319 Combeﬁsio
1441 1289 1576 1323 collatus,
1592 1290 1646 1318 sed
1657 1289 1697 1318 sic
1708 1291 1740 1318 ut
1751 1289 1922 1318 maximam

215 1334 397 1362 variantium
410 1335 571 1362 lectionum
587 1339 703 1371 partem
718 1336 878 1364 omisisset.

251 1381 319 1414 Reg.
337 1380 430 1407 codex
449 1381 529 1415 2288,
541 1380 668 1409 membr.
686 1383 715 1408 et
725 1380 879 1416 antiquus,
895 1380 1003 1409 eodem
1019 1381 1110 1409 modo
1123 1381 1186 1416 jam
1202 1387 1219 1408 a
1233 1379 1413 1408 Combeﬁsio
1426 1379 1564 1408 collatus.

251 1425 322 1457 Reg.
337 1426 416 1459 2895,
434 1425 563 1452 membr.
580 1428 608 1453 et
619 1425 774 1461 antiquus.

255 1467 336 1496 Colb.
349 1470 430 1501 3063,
446 1469 586 1504 inembr.,
602 1470 730 1506 scriptus
744 1469 862 1498 decimo
877 1469 996 1497 saeculo.

256 1513 342 1540 Coisl.
359 1515 421 1547 231,
438 1514 567 1542 membr.
585 1514 745 1542 undecimo
761 1514 871 1542 steculo
885 1515 1024 1551 scriptus.

214 1591 219 1597 ι
256 1557 342 1585 Coisl.
359 1558 453 1586 codex
469 1561 532 1592 233,
548 1559 689 1592 membr.,
706 1561 735 1587 et
749 1560 902 1596 antiquus.
920 1560 968 1587 llis
983 1559 1104 1587 duobus
1118 1559 1228 1587 ultimis
1242 1558 1395 1588 codicibus
1409 1558 1574 1587 identidem
1589 1558 1636 1587 usi
1651 1566 1766 1586 sumus.

255 1603 337 1629 Voss.
352 1602 448 1630 codex
467 1611 485 1631 a
498 1603 560 1631 viro
575 1604 749 1632 doctissimo
765 1604 883 1632 Andrea
899 1606 998 1633 Scotlo
1013 1604 1149 1637 collatus,
1165 1604 1294 1632 membr.
1315 1606 1344 1632 et
1358 1603 1597 1640 antiquissimus.

254 1646 350 1674 Editio
361 1648 432 1675 Ven.
448 1648 487 1675 ad
503 1656 596 1684 quam
613 1648 824 1676 adornandam
841 1649 968 1677 adhibiti
985 1652 1056 1676 sunt
1069 1651 1184 1677 veteres
1200 1651 1332 1685 quatuor
1344 1648 1413 1676 libri
1429 1657 1435 1675 :
1448 1649 1534 1684 cujus
1548 1648 1580 1676 in
1593 1656 1646 1676 ora
1660 1647 1762 1676 multte
1774 1646 1926 1675 variantes

217 1690 362 1719 lectiones
378 1692 569 1728 reperiuntur
583 1700 589 1719 :
605 1700 683 1728 quas
699 1692 856 1728 diligenter
869 1693 1055 1721 notavimus.

794 1756 855 1783 Pro
871 1756 1140 1784 Constitutionibus
1153 1757 1337 1784 monasticis.

254 1816 324 1850 Reg.
345 1815 440 1843 codex
458 1818 536 1849 1824,
553 1817 692 1850 membr.,
709 1825 800 1853 quem
816 1825 957 1845 vocamus
971 1818 1114 1854 primum.
1132 1820 1171 1846 Ex
1186 1826 1248 1854 quo
1262 1818 1294 1845 ﬁt
1309 1822 1341 1846 ut
1356 1817 1451 1846 codex
1467 1818 1576 1853 Regius
1593 1819 1672 1852 1908,
1687 1817 1739 1853 qui
1761 1824 1816 1853 pro
1837 1824 1928 1852 supe-

218 1859 348 1888 rioribus
362 1861 500 1889 Asceticis
515 1861 631 1897 primus
649 1864 701 1895 est,
717 1862 868 1890 secundus
880 1863 917 1890 sit
927 1871 981 1898 pro
998 1862 1173 1890 monasticis
1185 1862 1464 1891 Constitutionibus.
1480 1862 1592 1890 Eadem
1605 1870 1699 1890 causa
1709 1862 1818 1897 Regius
1831 1861 1928 1889 codex

218 1907 288 1933 2288
303 1905 404 1933 tertius
419 1908 462 1933 est
476 1914 531 1942 pro
551 1907 727 1934 monasticis
748 1907 1024 1935 Constitutionibus.
1047 1907 1158 1935 Pariter
1172 1908 1242 1942 Reg.
1259 1907 1355 1935 codex
1369 1907 1440 1936 2895
1454 1909 1580 1944 quartus
1596 1909 1640 1935 est
1658 1915 1714 1943 pro
1727 1906 1836 1934 iisdem
1853 1908 1928 1934 Con-

219 1949 424 1977 stitutionibus
439 1950 627 1978 monasticis.

883 2014 937 2041 Pro
950 2013 1036 2041 libris
1049 2014 1088 2041 De
1100 2013 1265 2050 baptismo.

256 2075 326 2108 Reg.
343 2074 438 2101 codex
456 2076 534 2108 1908,
550 2074 679 2102 membr.
695 2077 723 2102 et
738 2074 890 2110 antiquus.

255 2119 326 2153 Reg.
342 2118 437 2146 codex
452 2121 532 2152 2288,
550 2119 677 2147 membr.
695 2121 723 2147 et
737 2119 891 2155 antiquus.

256 2164 327 2198 Reg.
344 2163 439 2191 codex
454 2165 535 2199 289$,
551 2164 679 2192 membr.
695 2166 724 2192 et
737 2164 890 2200 antiquus.

951 2355 1105 2402 MONIT
1112 2357 1197 2402 UM.

256 2551 300 2579 Ita
318 2559 365 2578 res
385 2551 413 2578 in
434 2551 491 2578 hoc
515 2549 668 2578 volumine
689 2549 909 2585 disposuimus,
933 2553 964 2577 ut
983 2549 1122 2584 genuina
1146 2551 1301 2580 Orationes
1324 2551 1480 2580 obtineant
1507 2552 1640 2587 primum
1660 2550 1771 2583 locum,
1796 2550 1930 2578 Ascetica

221 2595 400 2629 secundum,
423 2595 488 2623 aliae
507 2594 669 2623 conciones
689 2593 798 2629 spuria:
814 2593 944 2630 tertium,
969 2594 1036 2622 duee-
1058 2594 1329 2624 lucubratiunculas:
1346 2596 1537 2624 Cotelerianw
1557 2598 1585 2623 et
1600 2595 1694 2623 altera
1709 2594 1930 2623 Combeﬁsiana

221 2644 374 2676 quartum,
390 2640 451 2668 duo
464 2640 507 2668 De
527 2639 673 2674 baptismo
685 2638 754 2666 libri
767 2638 917 2674 quintum.
936 2639 1065 2674 Liturgia
1076 2643 1204 2675 sextum,
1221 2641 1280 2669 alia
1292 2641 1435 2677 quaedam
1451 2641 1551 2668 Latine
1567 2640 1679 2676 scripta
1696 2639 1848 2667 ultimum.
1870 2639 1930 2667 Hoc

221 2685 311 2721 igitur
322 2685 462 2713 volumen
478 2692 563 2720 neque
577 2691 612 2711 ac
626 2683 759 2719 primum
775 2683 805 2710 in
821 2683 897 2710 duas
909 2685 1010 2719 partes
1025 2683 1156 2713 divisum
1173 2688 1230 2713 est:
1248 2694 1379 2722 quarum
1394 2686 1424 2713 in
1435 2685 1533 2722 prima
1546 2684 1929 2720 genuinzelucubrationes,

221 2730 253 2758 in
268 2729 361 2758 altera
377 2729 552 2758 adulterina
567 2727 766 2756 continentur.
788 2727 844 2755 Sed
863 2735 900 2755 ne
920 2727 967 2755 cui
981 2736 1017 2756 ea
1032 2737 1126 2764 quam
1142 2730 1204 2758 dixi
1222 2738 1323 2758 rerum
1336 2729 1493 2766 dispositio
1509 2737 1642 2757 errorem
1655 2728 1788 2764 objiciat,
1806 2735 1929 2756 monere

220 2775 324 2806 inutile
337 2783 399 2803 non
415 2773 511 2808 fuerit,
525 2772 678 2810 germanis
688 2780 724 2800 ac
739 2772 863 2801 sinceris
878 2772 1037 2809 peregrina
1047 2773 1189 2810 quaedam
1202 2773 1373 2802 admisceri.
1390 2773 1494 2803 Statim
1509 2772 1598 2809 igitur
1606 2772 1684 2801 inter
1693 2774 1788 2800 certas
1799 2779 1834 2800 ar
1844 2771 1930 2799 indu-
