2020 3140
67 144 111 171 161
812 140 1004 168 ΡΒᾸΞΡΑΤΙΟ.
1711 143 1759 169 162

63 203 166 232 bitatas
180 203 330 231 invenitur
344 203 479 231 secunda
494 203 537 232 De
550 203 663 238 jejunio
678 202 784 235 oratio,
801 210 862 230 non
878 201 961 238 quod
973 209 1041 230 eam
1058 203 1169 230 certam
1180 209 1245 230 esse
1258 204 1349 239 atque
1363 202 1565 230 indubitatam
1581 204 1693 238 putem,
1707 203 1759 231 sed

62 248 138 284 quod
152 256 170 275 a
181 247 362 276 doctissimis
376 247 448 275 viris
464 247 531 276 talis
547 255 612 275 esse
625 247 773 275 credatur.
790 248 903 274 Rursus
916 247 1131 282 panegyricam
1145 246 1323 280 orationem,
1337 255 1405 282 quas
1420 246 1458 275 de
1474 250 1605 283 martyre
1621 247 1760 276 Barlaam

61 292 158 320 habita
179 295 232 325 est,
244 293 321 320 inter
336 300 480 327 germana
492 300 527 320 ac
542 292 659 320 sincera
674 291 838 320 collocavi:
854 299 947 327 quam
958 293 1058 319 tamen
1075 291 1265 328 peregrinam
1277 299 1341 319 esse
1352 291 1488 320 arbitror.
1502 292 1559 320 Sed
1572 292 1634 320 haec
1645 293 1759 326 concio,

62 337 111 364 etsi
126 344 194 364 meo
212 336 328 372 judicio
340 336 448 370 aliena,
463 337 503 364 ita
519 339 620 364 tamen
636 337 758 371 elegans
774 338 818 364 est
830 338 859 364 et
873 339 989 371 ornata,
1007 340 1039 363 ut
1053 336 1129 364 inter
1144 336 1292 370 genuinas
1305 336 1406 364 locum
1424 336 1529 364 mereri
1545 337 1617 364 mihi
1633 337 1697 365 visa
1713 337 1759 365 sit.

61 380 194 417 Reliquas
202 383 304 408 autem
313 381 466 409 orationes
477 389 594 414 omnes,
607 389 675 417 quae
683 381 714 408 in
723 381 822 417 prima
833 380 993 408 voluminis
999 383 1083 416 parte
1094 380 1243 415 leguntur,
1255 388 1310 416 pro
1322 381 1399 408 veris
1405 389 1440 408 ac
1447 381 1532 409 certis
1540 381 1648 409 habeo:
1659 390 1755 418 eoque

60 426 152 460 magis
164 425 195 453 in
211 426 268 454 hac
284 434 352 454 mea.
367 426 516 454 sententia
531 425 705 459 conﬁrmor,
721 425 804 462 quod
815 433 920 453 earum
933 424 1049 452 nullam
1059 425 1205 453 hactenus
1215 425 1254 452 ab
1265 425 1388 453 eruditis
1400 426 1430 453 in
1441 425 1569 453 dubium
1585 429 1756 454 revocatum

60 470 146 498 fuisse
159 469 288 498 videam.
305 472 407 506 Neque
422 470 534 498 veroid
549 470 672 498 cuidam
687 470 798 498 mirum
814 469 907 498 videri
921 469 1020 503 debet,
1036 478 1106 497 cum
1126 469 1156 497 in
1177 470 1223 498 his
1239 469 1314 497 nihil
1327 469 1373 503 sit,
1396 469 1476 497 unde
1499 471 1630 506 suspicio
1643 471 1687 499 vel
1703 471 1743 499 mi

60 515 138 542 nima
148 514 219 542 oriri
234 514 338 550 possit.
352 516 427 542 Nam
437 517 469 543 ut
479 514 598 543 interim
609 514 646 542 de
658 514 842 550 quibusdam
852 514 1040 542 orationibus
1050 522 1179 550 quarum
1192 516 1303 542 veteres
1314 515 1498 542 mentionem
1509 514 1615 549 fecere,
1628 518 1754 549 taceam,

60 559 208 587 neminem
224 559 341 587 inﬁcias
355 559 466 587 iturum
483 567 582 596 spero,
599 559 625 586 si
640 559 670 586 in
685 559 838 592 omnibus,
854 558 966 595 pariter
978 567 1085 587 omnes
1100 559 1219 588 dicendi
1233 559 1366 593 virtutes,
1384 567 1460 595 quas
1474 560 1590 596 antiqui
1603 560 1635 588 in
1650 561 1756 589 Basilio

60 602 228 637 laudarunt,
241 603 451 640 splendescere
467 612 503 632 ac
519 604 631 632 micare
647 603 806 631 afﬁrmem.
824 605 855 631 Et
869 611 941 631 vero
956 604 1048 631 miras
1062 604 1129 632 illas
1143 604 1255 638 ingenii
1269 604 1364 637 dotes,
1380 603 1491 640 quibus
1515 604 1640 632 Basilius
1663 605 1758 634 excel-

59 647 144 676 luisse
158 656 177 676 a
189 648 341 676 veteribus
356 648 474 682 dicitur,
488 649 519 676 in
534 648 570 676 iis
584 656 661 684 quas
676 648 737 676 dixi
748 647 935 675 orationibus
946 648 1046 676 videre
1060 648 1169 685 cuique
1183 648 1259 682 licet,
1272 648 1476 684 eloquentiam
1485 649 1700 683 incredibilem,
1711 657 1757 678 re-

59 700 120 720 rum
133 695 160 720 et
170 692 335 721 verborum
348 694 478 729 copiam,
488 701 640 721 summam
648 692 811 721 mundanae
819 692 972 728 sapientiae
980 693 1183 727 cognitionem
1190 693 1229 721 ab
1235 694 1317 721 omni
1324 694 1523 722 ostentatione
1530 693 1756 728 alienissimam,

58 737 265 772 eruditionem,
280 737 432 774 pietatem,
450 738 521 766 artis
536 740 715 766 ornamenta
733 737 838 765 omnia
852 737 918 764 sine
933 737 994 765 ulla
1008 737 1228 772 signiﬁcatione
1243 739 1325 772 artis,
1342 738 1372 765 in
1400 738 1587 774 explicandis
1607 740 1758 775 mysteriis

59 781 270 818 tradendisque
283 790 403 810 morum
415 782 574 818 praeceptis
588 782 774 817 diligentiam
787 782 962 816 maximam,
974 782 1229 818 perspicuitatem,
1238 782 1662 818 perfectissimamliberalium
1673 783 1760 812 disci-

58 825 202 862 plinarum
220 827 460 862 intelligentiam,
475 827 536 855 vim
552 827 756 863 persuadendi
772 826 966 861 singularem,
978 829 1016 859 et,
1035 829 1066 854 ut
1078 827 1169 854 verbo
1179 827 1290 859 dicam,
1307 826 1422 854 felicem
1435 827 1603 863 quamdam
1618 831 1758 857 naturam

57 879 120 898 cum
130 871 168 899 ad
184 874 295 900 caetera
306 874 370 899 tum
381 872 421 899 ad
432 872 649 908 panegyricum
660 871 779 899 dicendi
790 878 886 906 genus
897 871 1257 899 accommodatissimam.
1268 871 1370 907 Neque
1380 871 1454 899 mihi
1463 871 1520 899 hoc
1531 872 1612 899 credi
1621 872 1740 908 postulo
1752 880 1759 899 :

56 915 113 943 imo
125 916 201 943 meis
212 916 314 944 verbis
324 916 416 944 fidem
429 916 514 944 facile
526 915 663 944 adhiberi
675 923 752 950 aegre
764 915 882 943 ferrem.
891 915 932 943 Ita
943 915 1133 950 enimrentio,
1143 916 1226 952 quod
1239 915 1380 944 attentius
1391 915 1624 952 diligentiusque
1634 916 1680 944 hae
1691 924 1760 944 con-

58 960 152 987 ciones
162 960 314 995 legentur,
325 968 361 988 eo
373 960 474 988 minus
487 963 644 996 suspectas
653 960 726 988 fore.
740 961 772 988 Et
782 960 914 996 alioquin
923 960 1023 995 dignis
1029 960 1111 988 simae
1125 962 1204 994 sunt,
1213 968 1282 997 quae
1290 961 1401 997 stepius
1413 960 1452 988 ab
1462 961 1758 996 omnibuslegantur,

57 1012 120 1032 cum
131 1012 240 1033 earum
250 1004 337 1033 lectio
349 1005 443 1033 cuivis
452 1007 482 1033 et
495 1005 652 1033 utilissima
658 1007 687 1032 et
691 1004 915 1039 jucundissima
925 1006 1025 1033 futura
1035 1005 1080 1033 sit.
1095 1005 1262 1033 Doetissimi
1272 1005 1385 1041 quique
1395 1005 1586 1033 mirabuntur
1596 1005 1759 1039 orationes,

58 1048 85 1076 in
95 1050 204 1085 quibus
215 1049 291 1077 nihil
306 1049 447 1083 otiosum,
461 1049 535 1078 nihil
545 1049 722 1078 redundans
731 1049 891 1085 reperitur;
903 1050 933 1077 in
944 1049 1055 1085 quibus
1065 1049 1161 1078 densa
1174 1053 1245 1078 sunt
1259 1053 1287 1077 et
1302 1052 1459 1086 compacta
1470 1050 1573 1077 omnia
1586 1058 1762 1078 nervorum-

57 1102 111 1130 que
126 1097 154 1122 et
169 1095 281 1123 virium
296 1094 397 1131 plena,
411 1103 482 1123 cum
493 1094 639 1124 omnibus
652 1094 773 1123 condita
787 1094 907 1123 dicendi
926 1093 1145 1127 festivitatibus,
1164 1096 1227 1122 tum
1242 1094 1480 1130 prteclarissimis
1494 1093 1762 1131 saluberrimisque

58 1140 211 1175 prameptis
228 1139 438 1168 refertissima.

89 1210 226 1238 Ascetica
239 1209 308 1246 plus
318 1210 392 1238 mihi
400 1209 733 1245 negotiiexhibuerunt.
750 1209 834 1238 Modo
845 1218 950 1238 eorum
959 1210 1106 1238 nonnulla
1116 1210 1147 1238 in
1159 1209 1294 1237 secunda
1305 1209 1376 1237 tomi
1391 1211 1474 1245 parte
1485 1210 1671 1245 reponebam
1683 1218 1689 1237 :
1701 1217 1764 1238 mo-

56 1253 93 1281 do
107 1254 216 1283 eadem
231 1255 263 1282 in
275 1255 406 1291 primam
416 1254 610 1282 revocabam.
624 1254 681 1283 Sed
696 1257 798 1282 tamen
813 1263 883 1282 cum
897 1263 961 1282 rem
974 1254 1113 1282 eamdem
1127 1254 1156 1282 in
1172 1254 1313 1281 Asceticis
1324 1253 1466 1281 omnibus
1480 1254 1601 1282 tractari
1622 1254 1761 1288 cogitavi,

56 1297 111 1326 alia
125 1298 165 1326 ab
179 1298 251 1327 aliis
260 1307 323 1326 non
334 1298 506 1335 separanda
517 1307 583 1327 esse
594 1299 709 1327 censui.
724 1299 820 1332 Quare
831 1307 869 1326 ne
879 1307 951 1326 vera
962 1307 1031 1326 cum
1042 1298 1126 1326 falsis
1136 1298 1255 1326 incaute
1267 1298 1502 1331 confundantur,
1524 1299 1581 1326 hoc
1591 1298 1658 1326 loco
1667 1297 1763 1326 brevi-

57 1344 96 1369 ter
107 1343 230 1379 singula
239 1351 394 1371 recensere
402 1351 463 1371 non
475 1343 599 1380 pigebit.
612 1343 746 1371 Genuina
762 1347 831 1371 sunt
841 1346 870 1371 et
880 1351 1034 1378 germana,
1047 1345 1079 1370 ut
1091 1342 1179 1370 nobis
1190 1343 1314 1378 quidem
1326 1342 1452 1375 videtur,
1467 1343 1596 1370 ascetica
1607 1342 1662 1370 tria
1673 1350 1764 1378 opus—

56 1387 120 1415 cula
130 1388 258 1424 praevia,
271 1387 362 1416 libelli
372 1389 415 1416 De
419 1388 538 1423 judicio
549 1388 603 1416 Dei
613 1396 648 1416 ac
662 1389 706 1416 De
719 1389 788 1423 ﬁde,
801 1388 943 1421 Moralia,
955 1389 1077 1423 Regula:
1088 1389 1149 1415 tam
1161 1387 1311 1422 longiores
1321 1395 1414 1423 quam
1425 1387 1578 1415 breviores
1591 1395 1597 1414 :
1612 1387 1643 1414 in
1655 1387 1764 1423 spuriis

56 1439 124 1460 vero
134 1435 248 1461 caetera
257 1428 465 1466 numeramus,
477 1433 613 1461 videlicet
622 1432 727 1461 breves
738 1433 815 1461 duos
824 1432 941 1460 libellos
951 1433 1003 1469 qui
1014 1435 1082 1468 post
1091 1432 1224 1460 Moralia
1238 1431 1326 1459 locati
1348 1434 1428 1464 sunt,
1450 1432 1682 1459 Constitutiones
1702 1439 1765 1460 mo-

57 1477 194 1511 nasticas,
209 1477 362 1513 Epitimia,
374 1477 451 1505 duas
462 1485 539 1514 quas
551 1477 751 1506 Combeﬁsius
762 1477 855 1505 edidit
864 1476 1151 1505 lucubratiunculas.
1164 1476 1291 1504 Attuliin
1299 1476 1472 1504 Praefatione
1480 1479 1658 1511 argumenta
1665 1476 1765 1504 omnis

58 1522 184 1557 generis,
198 1521 314 1559 quibus
325 1522 446 1558 probari
456 1530 549 1558 posse
560 1521 683 1555 credidi,
695 1525 855 1550 tractatum
865 1530 1019 1558 quemque
1034 1523 1086 1550 aut
1097 1521 1261 1557 genuinum
1273 1529 1350 1556 esse,
1363 1523 1414 1549 aut
1432 1520 1646 1550 adulterinum.
1667 1522 1765 1553 Quare

58 1566 102 1594 hic
112 1567 287 1604 quidquam
298 1567 369 1595 addi
380 1567 415 1595 iis
425 1567 463 1595 de
473 1567 565 1596 rebus
576 1575 700 1596 necesse
719 1575 780 1596 non
800 1569 884 1604 puto,
895 1575 964 1595 cum
975 1566 1076 1604 potius
1096 1566 1190 1594 vereri
1209 1566 1348 1599 debeam,
1369 1573 1407 1594 ne
1428 1565 1554 1601 singulis
1574 1564 1760 1602 explicandis

58 1610 167 1640 diutius
181 1612 366 1640 immoratus
377 1612 470 1640 fuisse
485 1612 598 1640 videar.

92 1683 162 1711 Pars
170 1682 338 1711 voluminis
349 1682 482 1711 secunda
492 1690 511 1711 a
525 1683 624 1719 prima
638 1683 669 1710 in
678 1682 736 1711 hoc
746 1682 854 1716 differt,
865 1683 948 1720 quod
957 1690 1147 1719 quaecunque
1157 1682 1188 1710 in
1203 1691 1239 1711 ea
1255 1682 1455 1719 reperiuntur,
1467 1685 1519 1711 aut
1529 1682 1631 1718 spuria
1640 1682 1700 1710 sint
1709 1682 1762 1711 aut

59 1730 135 1755 certe
144 1728 252 1764 spuria
262 1736 329 1756 esse
340 1728 411 1756 mihi
420 1728 598 1756 videantur:
613 1727 695 1764 quod
712 1729 813 1756 tamen
826 1729 868 1756 ita
877 1727 973 1764 accipi
985 1728 1065 1758 volo,
1081 1730 1114 1755 ut
1133 1727 1291 1755 Ruﬁniana
1309 1727 1514 1763 quarumdam
1534 1727 1632 1755 Basilii
1654 1727 1763 1755 oratio-

59 1778 132 1800 num
141 1772 348 1809 interpretatio
359 1773 389 1800 in
405 1772 565 1801 subdititiis
579 1780 641 1800 non
654 1775 795 1808 ponatur.
813 1774 887 1801 Cum
901 1774 1003 1800 autem
1013 1772 1202 1808 prastiterim
1213 1771 1243 1799 in
1256 1771 1443 1806 Preefatione,
1468 1779 1657 1808 quaecunque
1668 1771 1762 1800 homo

59 1823 134 1844 mea;
148 1817 237 1844 sortis
251 1819 397 1853 praestare
406 1819 533 1853 poterat,
553 1816 583 1845 in
601 1824 698 1852 eaque
713 1817 817 1845 omnia
831 1817 1033 1853 disposuerim
1044 1824 1099 1844 suo
1109 1815 1214 1844 ordine
1225 1818 1253 1843 et
1265 1816 1342 1849 loco,
1354 1824 1410 1844 nec
1424 1816 1592 1852 quidquam
1607 1815 1762 1843 omiserim

59 1867 173 1895 eorum,
189 1861 304 1897 quibus
318 1869 421 1890 meam
434 1862 613 1890 sententiam
624 1861 745 1889 defendi
760 1869 849 1898 posse
862 1861 1030 1894 arbitrarer,
1041 1860 1165 1888 taedium
1176 1868 1323 1896 parerem,
1348 1861 1373 1888 si
1388 1868 1435 1888 res
1450 1860 1514 1888 fuse
1537 1860 1700 1897 explicatas
1714 1859 1763 1887 hic

61 1903 155 1933 fusius
165 1906 320 1942 explicare
331 1913 468 1935 conarer.
485 1906 560 1934 Satis
574 1905 665 1940 igitur
674 1905 795 1934 habebo
806 1908 906 1942 petere
917 1914 952 1934 ac
961 1913 1067 1941 rogare
1088 1905 1127 1933 ab
1141 1905 1264 1933 eruditis
1278 1905 1452 1933 hominibus
1466 1906 1524 1934 hoc
1538 1912 1643 1938 unum,
1660 1906 1691 1933 ut
1707 1910 1763 1940 pro

61 1956 114 1978 sua
124 1949 317 1979 humanitate
327 1952 417 1987 atque
431 1950 643 1979 benevolentia
657 1950 863 1980 Praefationem
879 1953 1014 1980 nostram
1027 1950 1156 1986 benigne
1171 1952 1200 1978 et
1214 1950 1316 1985 legant
1328 1952 1357 1978 et
1371 1950 1611 1986 interpretentur.
