2020 3140
224 133 274 159 163

924 128 952 156 S.
974 127 1097 156 BASILII
1117 126 1224 156 MAGNI

1878 127 1933 154 164

618 286 737 332 ΤΟΥ
772 290 845 332 ΕΝ
880 287 1075 331 ΑῘῚΟΙΣ
1105 286 1332 330 HATPOE
1363 285 1528 331 ΗΜΩΝ

763 393 1392 481 ΒΑΣΙΛΕΙΟΥ

690 544 963 568 ΑΡΧΙΕΠΙΣΚΟΠΟΥ
995 543 1188 567 ΚΑΙΣΛΡΕῘΛΣ
1223 541 1459 566 ΚΛΠΠΑΔΟΚΙΑΣ

686 631 867 678 ")IIEPI
889 633 1137 677 ΝΗΤΕΙΑΣ
1166 632 1360 676 ΛΟΓΟΣ
1394 631 1449 674 Α’.

781 809 832 869 S.
885 810 939 869 Ρ.
988 808 1052 868 Ν.
1101 808 1371 868 BAS‘LII

424 933 756 980 CESARE/E
786 932 1080 979 CAPPADO

1144 932 1209 979 ’ίἘ
1243 931 1738 979 ARCHIEPISCOPI

632 1042 728 1100 DE
770 1040 1072 1101 JEJUNIO
1117 1041 1436 1100 HOHILIA
1481 1041 1524 1100 Ι.

265 1219 286 1254 1
308 1220 331 1246 ί.
349 1218 616 1254 Ctangite,inquit,
628 1219 660 1246 in
676 1219 760 1246 initio
781 1219 899 1253 mensis,
928 1217 1054 1246 buccina
1084 1218 1107 1244 A

226 1265 259 1291 in
270 1264 383 1298 insigni
393 1264 641 1291 :Iiesolemnitaris
651 1266 754 1291 vestra?
763 1264 783 1292 '.
803 1263 864 1290 Hoc
876 1263 1055 1290 mandatum

226 1310 272 1335 est
282 1307 501 1344 propheticum.
516 1309 605 1335 Porro
616 1308 727 1335 festum
738 1307 821 1343 quod
832 1307 887 1334 hos
897 1307 962 1334 dies
975 1310 1056 1335 ante-

226 1352 313 1385 cedit,
325 1353 432 1388 quavis
445 1352 516 1380 tuba
527 1352 669 1386 vocalius,
691 1355 720 1380 et
733 1352 839 1388 quovis
854 1352 1055 1379 instrumento

226 1396 344 1424 musico
355 1395 571 1431 significantius
586 1396 723 1424 indicant
739 1396 827 1424 nobis
842 1396 996 1428 scripturae
1012 1404 1056 1423 re-

226 1441 334 1468 citatae.
354 1442 429 1468 Nam
449 1449 485 1468 ex
504 1441 580 1469 Isaia
603 1440 765 1469 didicimus
782 1440 968 1476 jejuniorum
991 1448 1055 1475 gra-

225 1485 309 1518 tiam,
325 1485 377 1521 qui
395 1487 426 1512 ut
446 1485 607 1513 Judaicum
620 1485 778 1521 jejunandi
795 1485 920 1512 modum
937 1493 1056 1512 aversa-

226 1531 274 1558 tus
288 1532 342 1562 est,
358 1530 384 1564 2
401 1529 442 1557 ita
454 1537 559 1557 verum
570 1530 719 1565 jejunium
734 1530 822 1558 nobis
837 1532 1056 1557 commonstra-

227 1574 279 1602 vit.
295 1575 340 1602 Ne
348 1575 495 1609 jejunetis
508 1575 549 1603 ad
564 1576 629 1603 lites
649 1583 684 1603 ac
699 1576 910 1608 contentiones,
931 1575 982 1602 sed
999 1575 1057 1602 dis-

227 1620 308 1647 solve
328 1627 414 1646 omne
438 1620 592 1647 vinculum
615 1620 805 1655 iniquitatis’
840 1621 874 1648 Et
894 1620 1055 1648 Dominus:

226 1663 329 1691 Nolite
336 1664 404 1698 ﬁeri
414 1665 523 1698 tristes,
541 1664 593 1692 sed
608 1665 677 1692 lava
695 1665 803 1699 faciem
822 1667 916 1696 tuam,
933 1668 960 1692 et
979 1672 1059 1700 unge

228 1710 321 1742 caput
345 1711 430 1735 tuum
446 1709 467 1735 ³.
494 1708 539 1736 Sic
563 1708 652 1743 igitur
677 1709 786 1736 animis
819 1709 917 1737 affecti
950 1709 1055 1742 simus,

227 1752 491 1789 quemadmodum
517 1761 622 1781 sumus
646 1753 752 1786 edocti,
776 1761 811 1782 ac
830 1753 894 1782 dies
913 1753 1058 1781 instantes

227 1796 470 1833 haudquaquam
487 1797 569 1831 tristi,
587 1797 640 1826 sed
650 1798 736 1825 hilari
747 1798 849 1826 animo
860 1798 1056 1834 excipiamus,

229 1841 315 1870 sicuti
328 1841 413 1870 decet
428 1844 556 1870 sanctos.
571 1844 664 1870 Nemo
675 1843 798 1877 dejectm
808 1843 918 1870 mentis
930 1850 1058 1870 corona-

228 1889 287 1919 tur,
310 1894 400 1914 nemo
420 1895 550 1914 moerens
570 1889 718 1922 tropaeum
745 1887 858 1915 statuit.
888 1887 953 1915 Noli
969 1887 1058 1915 tristis
1088 1891 1111 1918 Β

229 1939 306 1963 esse,
318 1931 391 1958 dum
403 1931 526 1958 curaris.
537 1931 712 1959 Absurdum
727 1924 814 1960 fuerit
831 1940 894 1960 non
912 1932 1006 1960 laetari
1020 1932 1058 1960 de

229 1975 356 2002 sanitate
368 1975 487 2008 animae,
506 1975 568 2003 imo
587 1975 625 2003 de
645 1977 837 2004 commutatis
852 1976 926 2004 cibis
944 1976 1055 2010 dolere,

230 2026 265 2046 ac
280 2019 374 2046 videri
391 2019 462 2047 tales
478 2020 531 2055 qui
543 2020 613 2056 plus
629 2020 795 2048 tribuamus
815 2021 964 2057 voluptati
987 2029 1058 2049 ven-

228 2064 290 2097 tris,
305 2072 399 2100 quam
414 2072 493 2092 curse
509 2065 627 2093 mentis.
644 2067 719 2093 Nam
734 2066 765 2093 in
776 2068 878 2094 ventre
889 2066 1001 2093 sistitur
1010 2074 1058 2094 sa-

227 2108 336 2137 tietatis
346 2107 520 2145 delectatio;
539 2110 590 2138 sed
599 2111 750 2146 jejunium
760 2110 790 2138 in
802 2111 937 2139 animam
953 2111 1058 2138 subve-

228 2154 272 2182 hit
284 2154 413 2183 lucrum.
425 2155 469 2183 Sis
483 2155 571 2184 hilari
590 2156 703 2189 animo,
721 2156 805 2192 quod
820 2155 873 2184 tibi
897 2164 915 2184 δ.
939 2156 1056 2184 medico

1175 1220 1198 1245 1.
1225 1218 1379 1252 Σαλπίσατε,
1405 1220 1494 1254 φησὶν,
1520 1217 1544 1243 ἐν
1576 1219 1699 1254 νεομηνίᾳ
1722 1218 1762 1252 (2)
1798 1214 1936 1252 actim-[:78

1137 1260 1161 1286 έν
1195 1261 1301 1298 εὑσήμῳ
1323 1263 1408 1298 ἡμέρᾳ
1440 1261 1530 1297 ἑορτῆς
1560 1262 1640 1298 ὑμῶν.
1666 1264 1748 1287 Τοῦτο
1777 1263 1937 1297 πρόσταγμα

1137 1305 1194 1332 ἐστι
1217 1309 1386 1343 προφητικὸν.
1409 1306 1483 1343 Ἡμῖν
1518 1304 1547 1332 δὲ
1571 1307 1659 1337 πάσης
1687 1305 1832 1341 σάλπιγγος
1853 1315 1936 1341 μεγα-

1137 1350 1315 1388 λοφωνότερον,
1333 1353 1377 1377 καὶ
1391 1353 1487 1381 παντὸς
1509 1351 1619 1388 ὀργάνου
1643 1354 1772 1387 μσυσικοῦ
1797 1350 1937 1386 εὐσημότε-

1137 1405 1190 1433 ρον,
1216 1399 1262 1425 τὴν
1287 1397 1453 1433 προάγουσαν
1470 1396 1506 1431 (3)
1530 1400 1579 1421 τῶν
1605 1397 1704 1432 ἡμερῶν
1728 1395 1814 1432 ἑορτὴν
1839 1395 1939 1423 ὑποση-

1138 1444 1222 1478 μαίνει
1259 1443 1292 1466 τὰ
1330 1440 1530 1477 ἀναγνωσματά.
1567 1440 1756 1476 Ἐ’γνωρίσαμεν
1798 1440 1848 1476 γὰρ
1889 1443 1938 1464 τῶν

1137 1489 1262 1515 νηστειῶν
1293 1488 1340 1514 τὴν
1377 1487 1457 1522 χάριν
1477 1489 1522 1511 τοῦ
1541 1485 1661 1518 Ἠσαίου,
1689 1486 1732 1510 τὸν
1756 1485 1800 1520 μὲν
1821 1482 1940 1510 Ἰουδαί-

1137 1532 1182 1556 χόν
1197 1535 1245 1561 τῆς
1264 1533 1385 1561 νηστείας
1408 1533 1502 1567 τρόπον
1526 1531 1724 1567 παρωσομένου,
1739 1531 1793 1558 Δτὴν
1819 1526 1850 1554 δὲ
1873 1528 1940 1557 ἁλη-

1139 1577 1210 1604 θινήν
1226 1575 1265 1610 (4)
1288 1578 1409 1604 νηστείαν
1433 1576 1494 1611 ἡμῖν
1519 1573 1733 1611 παραδείξαντος.
1760 1576 1802 1602 Μὴ
1827 1573 1862 1603 εἰς
1885 1575 1941 1610 κρί-

1140 1630 1193 1650 σεις
1221 1622 1266 1645 καὶ
1295 1621 1386 1655 μάχας
1411 1620 1556 1651 νηστεύετε,
1586 1618 1649 1644 ἀλλά
1675 1617 1717 1643 λύε
1754 1618 1839 1643 πάντα
1876 1618 1940 1642 σύν-

1139 1664 1235 1701 δεσμον
1262 1663 1379 1695 ἀδικίας.
1410 1666 1461 1690 Καὶ
1490 1663 1502 1689 ὀ
1531 1665 1636 1700 Κύριος·
1667 1665 1710 1691 Μὴ
1737 1663 1841 1698 γίνεσθε
1871 1671 1939 1687 σκυ-

1140 1711 1248 1747 θρωποὶ,
1274 1708 1337 1735 ἀλλὰ
1360 1709 1435 1744 νίψαι
1459 1718 1506 1735 σου
1533 1710 1562 1734 τὸ
1586 1710 1725 1745 πρόσωπον
1758 1709 1803 1732 καὶ
1834 1705 1939 1740 ἄλειψαί

1140 1764 1187 1780 σου
1209 1757 1256 1782 τὴν
1279 1753 1400 1790 κεφαλήν.
1424 1754 1583 1788 Διατεθῶμεν
1605 1754 1700 1785 τοίνυν,
1726 1752 1761 1781 ὡς
1785 1748 1938 1786 ἐδιδάχθη-

1139 1809 1193 1835 μεν,
1224 1801 1258 1835 μὴ
1284 1798 1585 1835 κατασχυθρωπάζοντες
1613 1796 1655 1822 ἐπὶ
1682 1799 1741 1826 ταῖς
1764 1796 1940 1831 προσιούσαις

1139 1845 1258 1880 ἡμέραις,
1295 1842 1358 1869 ἀλλὰ
1393 1841 1510 1880 φαιδρῶς
1546 1843 1611 1878 πρὸς
1648 1841 1739 1874 αὐτὰς,
1775 1842 1810 1871 ὡς
1847 1841 1939 1876 πρέπει

1140 1889 1235 1924 ἁγίοις,
1262 1886 1446 1924 διατιθέμενοι.
1477 1885 1574 1917 Οὐδεὶς
1612 1885 1716 1922 ἀθυμῶν
1756 1888 1937 1920 στεφανοῦται·

1140 1931 1227 1964 οὐδεὶς
1250 1932 1401 1968 στυγνάζων
1425 1934 1547 1969 τρόπαιον
1572 1932 1674 1959 ῖστησι.
1699 1931 1742 1958 Μὴ
1779 1929 1940 1964 σκυθρωποί-

1141 1987 1189 2014 ap;
1223 1978 1432 2013 θεραπευόμενος.
1467 1975 1579 2002 ’Ἄτοπον
1612 1977 1647 2011 μὴ
1670 1976 1774 2010 χαίρειν
1799 1973 1841 1999 ἐπὶ
1864 1973 1941 2008 ὑγείςι

1139 2022 1215 2058 ψυχῆ
1223 2033 1242 2055 ς,
1257 2021 1320 2048 ἀλλὰ
1339 2021 1478 2048 λυπεῖσθαι
1500 2020 1542 2047 ἐπὶ
1566 2020 1711 2057 βρωμάτων
1737 2017 1871 2053 ὑπαλλαγῇ
1889 2018 1938 2053 (5),

1139 2069 1184 2093 καὶ
1199 2066 1303 2093 πλείονα
1316 2068 1396 2104 χάριν
1412 2067 1549 2102 φαίνεσθαι
1568 2062 1692 2094 διδόντας
1716 2061 1797 2098 ἡδονῇ
1823 2064 1941 2098 γαστρὸς

1139 2112 1154 2141 ἦ
1172 2111 1302 2148 ἐπιμελείᾳ
1315 2111 1419 2147 ψυχῆς.
1444 2113 1526 2147 Κόρος
1549 2111 1594 2146 μὲν
1618 2110 1668 2145 ’γὰρ
1694 2107 1729 2138 εἰς
1753 2109 1871 2143 γαστέρα
1891 2109 1939 2136 τὴν

1139 2158 1220 2193 χάριν
1234 2157 1335 2185 ἵστησι·
1352 2158 1460 2185 νησετία
1475 2153 1505 2181 δὲ
1528 2156 1594 2192 πρὸς
1616 2153 1708 2190 ψυχὴν
1733 2151 1885 2182 ἀναϐιϐάζει
1909 2153 1939 2178 τὸ

266 2245 274 2262 ¹
295 2244 371 2273 Psal.
386 2253 473 2278 Lxxx,
489 2247 516 2273 4.
556 2247 566 2263 ²
587 2247 644 2273 Isa.
661 2253 738 2278 Lvm,
753 2247 809 2274 4-6.
848 2246 859 2263 ³
879 2245 979 2274 Matth.
994 2254 1032 2279 vr,
1050 2247 1092 2279 16,
1112 2247 1155 2274 17.

264 2333 304 2368 (1)
315 2332 392 2360 Editi
402 2333 525 2369 perinde
536 2336 568 2362 ut
579 2334 660 2368 Regii
671 2334 823 2362 secundus
833 2337 861 2363 et
871 2335 972 2363 tertius
985 2344 991 2363 :
1004 2339 1056 2361 To-J

229 2377 309 2403 αὐτοῦ
322 2380 381 2413 περὶ
395 2380 517 2408 νηστείας
531 2378 607 2414 λόγῡς
622 2378 654 2413 α’,
675 2379 815 2414 Ejusdem
833 2388 927 2408 sermo
940 2381 1056 2414 primus

229 2422 399 2456 dejejum'o.
412 2423 481 2457 Reg.
493 2422 626 2458 primus:
645 2423 750 2459 Ὀμιλία
761 2425 796 2455 εἰς
820 2427 866 2453 τὴν
884 2425 1055 2462 παρείσϐασιν

230 2470 279 2492 τῶν
290 2471 424 2502 νηστειῶν,
442 2467 574 2495 Humilia
589 2468 619 2495 in
636 2468 1009 2504 ingressumjejuniorum.
1021 2472 1058 2497 At

232 2510 294 2538 duo
305 2511 465 2539 Colbertini
478 2520 483 2538 :
497 2514 559 2549 Περὶ
569 2515 692 2543 νηστείας
701 2512 778 2548 λόγος
789 2513 823 2549 β’,
839 2515 943 2542 Sermo
958 2522 1057 2542 secun-

230 2555 286 2583 dus
296 2556 464 2591 dejejunio.
479 2555 565 2588 Quod
578 2557 618 2584 ait
629 2557 674 2584 vir
687 2557 881 2586 doctissimus
900 2559 1057 2587 Tiltemon-

230 2599 298 2630 tius,
310 2599 387 2627 duas
399 2600 455 2627 has
466 2608 542 2636 quas
555 2601 583 2628 in
595 2601 724 2629 editione
735 2602 897 2630 Parisiensi
907 2603 1056 2632 habemus

230 2643 379 2672 orationes
398 2645 553 2673 Dominica
570 2645 668 2681 prima
679 2646 922 2682 Quadragesimze
936 2649 1056 2677 habitas

230 2696 305 2721 esse,
317 2688 370 2716 sed
380 2697 442 2716 non
453 2688 560 2718 eodem
571 2699 661 2724 anno,
677 2691 714 2719 de
729 2699 764 2720 eo
775 2700 844 2720 cum
857 2692 923 2729 ipso
936 2696 1057 2722 conten-

230 2732 301 2761 derc
319 2733 479 2761 nolumus:
503 2734 556 2762 sed
575 2735 684 2769 eidem,
709 2739 870 2773 utramque
889 2738 1056 2767 orationem

230 2777 330 2806 Basilii
339 2777 434 2806 videri
444 2778 615 2814 afﬁrmanti,
627 2788 690 2809 non
700 2780 742 2810 ita
750 2781 836 2810 facile
846 2783 1055 2812 assentiamur.

1139 2337 1180 2363 Ea
1195 2335 1232 2362 de
1244 2343 1275 2363 re
1286 2335 1317 2362 in
1333 2333 1518 2362 Przefatione.

1175 2380 1212 2416 (2)
1228 2380 1305 2408 Editi
1315 2379 1338 2405 ἐν
1353 2381 1509 2415 νεομηνὶαις,
1529 2378 1563 2406 in
1576 2377 1670 2404 initiis
1682 2376 1835 2404 mensium.
1848 2375 1884 2402 At
1907 2374 1940 2402 in

1138 2425 1269 2461 antiquis
1279 2425 1413 2461 quinque
1425 2424 1507 2452 libris
1522 2425 1550 2451 et
1560 2421 1643 2458 apud
1654 2422 1717 2449 LXX
1729 2420 1837 2455 legitur
1847 2418 1870 2444 ἐν
1881 2429 1938 2444 νεο-

1138 2473 1229 2507 μηνίᾳ,
1245 2471 1277 2498 in
1287 2470 1373 2497 initio
1383 2469 1492 2497 mensis
1527 2474 1534 2481 ⁸

1173 2516 1209 2550 (3)
1228 2516 1347 2542 Veteres
1361 2513 1476 2549 aliquot
1486 2512 1553 2540 libri
1564 2511 1748 2548 προσάγουσαν
1764 2513 1823 2542 τῶν,
1840 2507 1934 2536 male.

1174 2560 1211 2595 (4)
1230 2561 1301 2594 Reg.
1317 2558 1468 2586 secundus
1478 2559 1524 2586 τὴν
1539 2555 1568 2582 δὲ
1584 2555 1679 2584 ἀληθῆ.
1695 2556 1769 2582 Mox.
1783 2552 1939 2588 C01b.prj-

1137 2612 1206 2632 mus
1220 2604 1291 2630 λύετε
1301 2605 1396 2630 πάντα.

1172 2649 1211 2684 (ὅ)
1235 2648 1320 2681 Illud,
1342 2647 1383 2673 ἐπὶ
1406 2646 1551 2683 βρωμάτων
1571 2643 1718 2680 {manas/'7’),
1744 2643 1786 2670 sic
1810 2644 1940 2670 verterat

1138 2695 1290 2725 Erasmus,
1311 2692 1347 2720 ob
1375 2691 1454 2719 cibos
1472 2691 1660 2718 subtractos:
1683 2688 1746 2721 ubi,
1774 2689 1808 2715 ut
1830 2693 1938 2714 omnes

1137 2737 1249 2771 vident,
1265 2739 1379 2766 vertere
1389 2735 1543 2768 debuerat,
1555 2735 1591 2763 ob
1604 2734 1683 2762 cibos
1694 2733 1900 2761 commutatus.
