2029 3136
256 90 306 116 167
949 90 978 117 S.
999 87 1123 116 BASILH
1143 88 1263 117 MAGNI.
1910 95 1959 122 {63

254 152 397 179 Reverere
404 151 511 187 jejunii
525 151 674 179 canitiem.
689 153 762 180 Tam
777 153 862 180 vetus
877 154 932 184 est,
943 153 976 179 ut
989 149 1077 178 simul

1163 152 1260 180 στείας.
1299 152 1483 185 Συνηλικιῶτίς
1521 154 1576 180 ἐστι
1609 159 1656 185 τῆς
1685 154 1894 193 ἀνθρωπότητος·
1931 167 1960 185 νη

253 204 324 224 cum
338 196 460 224 homine
471 195 591 223 condito
600 196 722 232 coeperit
734 205 740 223 :
752 197 782 224 in
793 196 936 232 paradiso
946 194 1081 232 praescri-

253 242 338 277 ptum
358 243 410 268 est.
428 240 559 268 Primum
575 240 649 267 illud
667 243 850 277 praeceptum
876 240 991 276 accepit
1005 239 1080 267 Ada-

253 293 322 313 mus
339 294 344 312 :
361 286 404 313 De
421 285 502 319 ligno
512 285 644 312 scientia
658 285 728 312 boni
741 288 768 313 et
782 286 858 312 mali
871 293 931 313 non
947 284 1080 312 comede—

253 330 291 358 tis
300 331 321 357 ε.
340 329 415 357 lllud
432 331 545 362 autem,
559 337 619 357 non
635 330 802 362 comedetis,
820 329 928 365 jejunii
943 331 971 356 et
990 328 1080 356 absti-

251 374 359 402 nentiae
369 373 415 401 lex
424 376 476 401 est.
484 373 511 400 Si
523 373 803 408 alignojejunasset
811 375 1080 410 Eva,nequaquam

251 419 309 447 hoc
317 426 397 447 nunc
405 418 520 454 jejunio
527 426 604 454 opus
615 418 914 454 haberemus.Neque
920 420 997 446 enim
1007 425 1080 452 opus

252 467 294 492 est
308 463 478 492 valentibus
496 463 619 498 medico,
632 464 684 491 sed
698 464 777 492 male
793 464 998 492 habentibus”.
1016 462 1081 490 Fui-

252 516 321 536 mus
338 516 391 544 per
409 510 568 543 peccatum
587 507 672 542 laesi;
696 516 841 536 sanemur
864 516 918 544 per
936 508 1080 544 poeniten-

251 553 324 581 tiam
340 561 349 580 :
363 552 539 589 poenitentia
554 555 654 580 autem
678 553 741 581 sine
760 553 877 588 jejunio
892 553 972 581 iners
987 554 1032 580 est
1052 553 1081 579 et

251 597 436 632 infrugifera.
445 597 609 625 Maledicta
621 601 712 631 terra,
725 599 827 632 spinas
838 601 864 626 et
875 598 1002 625 tribulos
1016 604 1081 632 ger-

251 643 377 671 minabil
393 643 475 670 tibi“.
490 644 520 670 in
532 642 648 671 tristitia
663 643 762 670 vivere
781 643 885 678 jussus
904 651 946 674 es,
962 650 1024 670 non
1038 642 1082 670 in-

251 687 375 722 dulgere
390 686 515 714 deliciis.
524 688 577 714 Per
583 687 735 722 jejunium
746 687 908 716 satisfacito
921 689 992 715 Deo.
1004 687 1080 719 Quin

252 734 281 760 et
295 731 362 767 ipsa
376 731 407 759 in
423 730 566 767 paradiso
590 731 661 766 vita,
678 731 787 767 jejunii
807 731 1003 760 simulacrum
1025 733 1079 766 est,

251 784 314 804 non
329 775 369 803 ob
384 775 415 803 id
428 775 521 803 modo
531 775 614 812 quod
625 776 730 810 homo,
743 776 898 804 communi
910 784 980 804 cum
991 783 1081 811 ange-

250 820 288 849 lis
298 821 421 848 vivendi
436 820 552 849 ratione
563 823 663 854 utens,
673 821 749 856 ipsis
763 821 950 849 efﬁciebatur
964 821 1079 855 similis,

250 868 353 901 utpote
368 865 473 901 paucis
483 867 642 893 contentus
654 874 660 899 ;
677 873 782 894 verum
794 866 884 894 etiam
897 866 990 902 quod,
1000 874 1080 902 quaa-

249 917 369 946 cunque
385 912 454 945 post
468 910 627 937 hominum
642 910 782 944 cogitatio
796 913 968 938 commenta
980 912 1033 942 est.
1045 918 1081 938 ea

248 954 387 982 nondum
398 954 578 988 degentibus
589 954 618 981 in
635 953 776 990 paradiso
791 955 961 990 excogitata
973 957 1059 982 erant
1071 964 1077 983 :

248 999 387 1026 nondum
401 999 463 1026 vini
477 998 601 1034 potatio,
613 999 751 1026 nondum
762 999 914 1034 pecudum
928 1000 1079 1035 mactatio,

248 1043 487 1079 nonaliaquaacu
493 1051 572 1079 nque
579 1043 755 1079 perturbant
763 1046 893 1071 mentem
900 1044 1078 1072 humanam.

286 1090 313 1116 4.
329 1088 480 1121 Quoniam
494 1095 554 1115 non
567 1087 785 1123 jejunavimus,
805 1088 980 1116 exsulamus
997 1097 1012 1117 e
1027 1097 1079 1125 pa.

249 1133 350 1161 radiso
363 1141 369 1159 :
379 1132 555 1167 jejunemus
566 1132 666 1166 igitur,
679 1135 711 1160 ut
725 1133 764 1160 ad
779 1132 865 1160 illum
880 1136 1076 1161 revertamur.

248 1180 292 1205 An
307 1185 368 1204 non
384 1177 479 1210 vides,
490 1177 647 1212 quomodo
661 1178 791 1205 Lazarus
807 1185 861 1213 per
872 1177 1021 1213 jejunium
1036 1178 1079 1206 in-

249 1230 370 1257 gressus
385 1228 430 1249 est
445 1221 661 1257 paradisum”?
680 1221 744 1249 Noli
762 1222 871 1250 imitari
896 1224 963 1250 lisz
977 1223 1078 1251 inobe-

248 1266 403 1299 dientiam,
415 1265 477 1293 noli
487 1274 590 1293 rursus
601 1269 771 1302 serpentem
779 1267 809 1294 in
821 1267 980 1295 consilium
994 1267 1079 1296 adhi-

249 1311 330 1342 bere,
347 1310 480 1338 edulium
496 1310 535 1338 ad
551 1318 673 1338 carnem
689 1311 811 1338 mollius
828 1312 996 1339 curandam
1012 1320 1078 1348 pro-

248 1357 421 1391 ponentem.
436 1355 475 1381 Ne
495 1355 625 1382 causeris
646 1355 781 1391 corporis
797 1355 950 1383 inﬁrmam
966 1356 1078 1384 valetu-

249 1400 352 1427 dinem
378 1407 413 1427 ac
439 1399 634 1427 debilitatem.
661 1401 761 1435 Neque
791 1400 871 1428 enim
896 1401 971 1428 mihi
1002 1401 1076 1429 istas

249 1444 458 1472 excusationes
479 1444 607 1480 profers,
630 1444 682 1472 sed
705 1445 807 1472 scienti
822 1445 907 1473 dicis.
929 1447 1004 1480 Age,
1029 1446 1077 1474 dic

249 1489 482 1524 mihi,jejunare
494 1496 554 1516 non
567 1491 664 1525 potes,
677 1492 705 1516 et
716 1493 801 1526 potes
811 1490 953 1518 continuo
964 1490 1078 1526 expleri

250 1534 335 1568 cibis,
353 1535 439 1569 potes
463 1533 612 1561 conﬁcere
636 1542 745 1569 corpus
767 1534 901 1570 pondere
916 1536 1078 1563 escarum?

248 1578 337 1614 Atqui
346 1578 472 1605 inﬁrmis
481 1585 542 1605 non
548 1578 685 1605 ciborum
691 1579 877 1614 varietatem,
886 1579 937 1607 sed
944 1579 1078 1608 inediam

249 1625 278 1650 et
299 1622 513 1650 abstinentiam
534 1630 552 1650 a
572 1622 698 1650 medicis
714 1622 810 1650 solere
833 1625 989 1660 prmscribi
1004 1625 1075 1653 scio.

250 1668 307 1699 Qui
321 1666 354 1694 ﬁt
366 1666 457 1701 igitur
472 1669 514 1700 ut,
532 1675 602 1694 cum
615 1666 673 1695 ista
687 1669 796 1704 possis,
813 1668 863 1696 illa
873 1671 901 1697 te
915 1677 976 1697 non
988 1677 1078 1705 posse

249 1711 405 1739 causeris?
433 1712 535 1739 Utrum
559 1711 656 1739 ventri
680 1712 795 1740 facilius
823 1716 868 1741 est
890 1713 972 1741 tenui
997 1714 1078 1741 victu

249 1755 450 1784 transmittere
465 1758 596 1789 noctem,
612 1764 651 1784 an
664 1757 752 1793 copia
767 1757 903 1786 ciborum
917 1761 1077 1794 gravatum

245 1801 368 1836 jacere?
383 1800 444 1828 imo
459 1808 497 1828 ne
510 1800 610 1836 jacere
625 1801 761 1837 quidem,
786 1803 840 1830 sed
852 1803 958 1831 crebro
973 1803 1032 1831 huc
1049 1805 1078 1832 et

247 1845 307 1873 huc
327 1845 411 1878 verti,
425 1844 632 1873 dehiscentem
657 1854 692 1874 ac
716 1847 911 1875 stridentem?
926 1848 987 1875 Nisi
1001 1848 1076 1876 forte

247 1889 381 1917 dicturus
395 1897 426 1916 es
436 1889 610 1925 illud,quod
623 1890 756 1918 naucleri
767 1891 884 1919 facilius
895 1895 1016 1920 servant
1025 1900 1076 1920 na-

247 1934 307 1962 vim
324 1934 450 1962 sarcinis
465 1936 607 1961 onustam
625 1943 719 1970 quam
734 1943 802 1964 eam
819 1944 888 1972 quae
910 1937 1076 1973 expeditior

247 1980 293 2006 est
308 1985 343 2005 ac
356 1977 457 2005 levior.
473 1979 548 2005 Nam
562 1978 662 2006 oneris
676 1979 886 2014 magnitudine
906 1983 1075 2016 gravatam,

246 2022 387 2059 quamvis
400 2022 527 2056 exiguus
540 2022 648 2050 ﬂuctus
668 2023 811 2052 adoriens
824 2024 973 2060 demergit
985 2034 991 2059 ;
1005 2033 1076 2053 con~

245 2069 301 2101 tra,
318 2066 405 2102 cujus
424 2066 544 2095 sarcina.
567 2067 725 2096 moderata.
740 2071 786 2097 est
806 2077 842 2097 ac
862 2069 993 2103 modica,
1010 2070 1076 2098 haec

247 2111 334 2139 facile
347 2111 458 2139 ﬂuctus
473 2116 606 2148 superat,
623 2120 658 2141 eo
669 2113 750 2149 quod
767 2121 836 2142 eam
852 2113 899 2141 his
913 2114 979 2142 ﬁeri
993 2115 1076 2143 altio-

245 2164 309 2185 rem
324 2156 470 2193 impediat
479 2157 561 2185 nihil.
580 2158 727 2186 Eumdem
742 2159 781 2187 ad
794 2159 922 2187 modum
938 2162 967 2187 et
979 2160 1075 2188 homi-

246 2209 320 2229 num
331 2209 460 2238 corpora
469 2202 594 2230 assidua
603 2202 771 2238 expletione
782 2203 948 2238 degravata
957 2204 1043 2233 facile
1056 2213 1074 2233 θ.

246 2245 360 2274 morbis
371 2246 587 2281 demerguntur
597 2255 603 2280 ;
613 2255 680 2283 quae
691 2255 763 2276 vero
773 2248 977 2285 facililevique
988 2253 1075 2278 utun-

246 2293 294 2319 tur
307 2290 462 2322 alimonia.
476 2298 538 2319 non
558 2291 650 2320 modo
664 2292 748 2328 quod
763 2300 801 2320 ex
814 2292 922 2321 morbo
937 2294 1076 2323 imminet

281 2362 292 2379 ⁸
306 2362 376 2389 Gen.
392 2369 423 2394 ιι,
436 2361 479 2388 17.
518 2362 527 2378 ⁷
544 2362 644 2390 Matth.
659 2370 700 2398 1x,
718 2365 758 2390 t2.
796 2364 889 2392 8Gen.
902 2372 943 2396 lli,
962 2367 1003 2399 l7,
1023 2367 1068 2394 18.

282 2433 321 2473 t9)
335 2433 612 2473 Augustinuchum
620 2436 779 2473 peccatum
789 2434 934 2473 originale
945 2436 1073 2472 probare

244 2467 343 2501 vellet,
351 2467 432 2495 hunc
444 2469 542 2507 Basilii
549 2467 650 2497 locum
657 2469 781 2506 protulit
788 2467 850 2498 lib.—
851 2478 861 2498 ι
872 2467 986 2500 Cant-ra
995 2473 1071 2507 Jul.,

245 2511 314 2540 cap.
330 2506 356 2537 5,
373 2512 458 2531 num.
474 2506 518 2533 18.
670 2541 675 2546 .
702 2541 707 2546 _
828 2541 834 2547 ν

245 2540 529 2600 duobus
550 2540 725 2569 Colbertlnis
749 2549 804 2577 pro
824 2539 948 2578 εδεόμεθα
965 2543 1073 2579 legitur

245 2576 303 2604 ἐδεὴ
309 2576 397 2611 θημεν,
750 2576 760 2577 ί
882 2576 886 2578 ‘
997 2576 1010 2579 ‘

254 2647 259 2650 Δ
270 2613 303 2650 ,μ
312 2611 450 2650 ιλμηιιε
459 2611 571 2650 _e0c_lex
588 2612 702 2650 ltegius
730 2613 883 2649 στυγνάζειν
910 2614 1069 2650 ἐπετάχοης.

244 2645 331 2684 Alius
341 2645 445 2684 itidem
459 2647 568 2684 Regius
584 2645 710 2684 ἐτάῃξθης.

281 2681 336 2720 (172)
350 2682 429 2720 Begu
438 2682 591 2710 secundus
605 2681 661 2720 τοῖς
675 2684 830 2720 ἀνθρώποις.
847 2686 905 2713 Nec
919 2685 961 2713 ita
976 2686 1072 2715 multo

244 2715 313 2752 post
327 2715 406 2745 "editi‘
413 2715 595 2755 διαιτωμένοις
615 2715 770 2749 ἐπενενὼξτο.
794 2720 872 2748 Libri
885 2723 1002 2750 veteres
1018 2721 1072 2748 ἐπι-

1163 197 1236 220 στεία
1252 197 1288 231 (9)
1310 196 1333 222 ἐν
1363 202 1398 232 τῷ
1422 197 1576 235 παραδείσῳ
1601 198 1783 235 ἐνομοθετήθη.
1813 203 1866 229 Τὴν
1893 204 1962 237 πρώ-

1161 248 1208 268 την
1240 239 1340 270 ἐντολὴν
1374 242 1460 269 ἔλαϐεν
1493 242 1588 280 Ἀδάμ·
1625 244 1687 270 Ἀπὸ
1725 248 1771 270 τοῦ
1805 244 1881 275 ξύλου
1916 249 1961 271 τοῦ

1161 286 1297 319 γινώσκειν
1325 286 1401 312 καλὸν
1429 290 1474 313 καὶ
1506 290 1616 325 πονηρὸν
1644 289 1673 314 ού
1706 290 1826 325 φάγεσθε.
1851 291 1886 315 Τὸ
1921 288 1960 323 δὲ,

1162 329 1191 354 οὐ
1221 331 1340 364 φάγεσθε,
1368 334 1488 363 νηστείας
1518 332 1574 359 ἐστὶ
1602 336 1648 359 καὶ
1679 333 1828 370 ἐγκρατείας
1858 335 1962 370 νομοθε-

1163 376 1217 400 σία.
1248 374 1277 400 Ei
1301 374 1451 404 ἐνήστευσεν
1479 377 1529 403 ἀπὸ
1558 382 1604 403 τοῦ
1630 377 1706 409 ξύλου
1732 379 1746 407 ἡ
1772 379 1835 412 Εὕα,
1857 379 1905 404 ούκ
1931 379 1961 404 ἄν

1162 419 1258 449 ταύτης
1287 422 1330 444 νῦν
1364 418 1489 457 ἐδεόμεθα
1517 422 1573 455 (10)
1602 427 1648 453 τῆς
1677 425 1811 454 νηστείας.
1845 423 1883 449 οὗ
1912 424 1961 460 γὰρ

1161 464 1254 497 χρείαν
1288 464 1396 498 ἔχουσιν
1425 465 1449 490 οἱ
1482 465 1618 501 ἰσχύοντες
1649 466 1756 502 ἰατροῦ,
1786 466 1838 492 ἀλλ’
1867 467 1891 492 οἱ
1916 476 1962 492 κα-

1162 510 1212 536 κῶς
1236 508 1349 542 ἔχοντες.
1374 508 1553 546 Ἐκακώθημεν
1578 512 1624 536 κιὰ
1646 515 1693 542 τῆς
1717 511 1857 548 ἁμαρτίας·
1886 511 1950 537 ἰαθῶ

1161 560 1206 586 μεν
1228 550 1275 578 διὰ
1298 557 1345 583 τῆς
1368 557 1513 589 μετανοίας·
1537 556 1660 591 μετάνοια
1682 554 1711 582 δὲ
1735 559 1821 593 χωρὶς
1839 559 1962 587 νηστείας

1162 595 1239 632 ἀργή.
1271 596 1485 635 Ἐπικατάρατος
1520 601 1535 629 ἡ
1569 605 1614 636 γῆ,
1649 601 1764 631 ὴκάνθας
1797 603 1842 626 καὶ
1875 601 1962 638 τριϐό-

1161 639 1221 671 λους
1259 641 1373 668 ἀνατελεῑ
1409 653 1461 671 σοι.
1496 645 1649 680 Στυγνάζειν
1681 646 1869 682 προσετάχθης
1892 647 1961 681 (Η),

1161 686 1197 720 μὴ
1224 687 1273 722 γὰρ
1298 690 1405 723 τρυφᾷν.
1432 689 1479 714 Διὰ
1502 691 1623 720 νηστείας
1645 689 1809 725 ἀπολόγησαι
1833 694 1869 725 τῷ
1893 694 1960 725 Θεῷ.

1160 729 1237 756 Ἀλλά
1259 734 1304 757 καὶ
1330 733 1344 760 η
1369 731 1393 757 ἐν
1416 731 1571 769 παραδείσῳ
1600 732 1717 770 διαγωγὴ
1743 737 1864 765 νηστείας
1891 734 1961 760 ἐστὶν

1162 775 1244 809 εἰκὼν,
1262 776 1290 801 οὐ
1315 779 1390 812 μόνον
1414 779 1506 804 καθότι
1531 782 1584 809 τοῖς
1600 778 1716 815 ἀγγέλοις
1731 778 1884 816 ὁμοδίαιτος
1899 784 1933 805 ῶν
1948 780 1961 805 ό

1161 820 1305 857 ἄνθρωπος,
1323 819 1370 847 διὰ
1384 827 1431 853 τῆς
1447 822 1596 859 ὀλιγαρκίας
1609 826 1656 853 τὴν
1671 826 1736 860 πρὸς
1760 824 1853 854 αὐτούς
1869 824 1961 860 ὁμοίω-

1162 874 1203 890 σιν
1218 867 1364 902 κατώρθου,
1378 866 1430 893 ἀλλ’
1445 868 1486 893 ότι
1499 870 1545 894 καὶ
1569 869 1620 894 ὅσα
1643 868 1749 906 ὕστερον
1764 870 1779 898 ἡ
1797 868 1898 895 ἐπίνοια
1911 873 1961 894 τῶν

1161 908 1301 947 ἀνθρώπων
1316 911 1373 946 (12)
1398 910 1505 948 ἐξεῦρεν,
1532 914 1602 939 οὔπω
1624 917 1677 944 τοῖς
1701 912 1725 939 ἐν
1749 918 1785 950 τῷ
1806 911 1961 950 παραδείσῳ

1162 952 1342 991 διαιτωμένοις
1358 955 1513 986 ἐπενενοητο·
1531 959 1602 984 οὔπω
1625 958 1782 991 οἰνοποσὶαι,
1808 960 1880 984 οὔπω
1898 960 1961 989 ζωο-

1162 1000 1262 1034 θυσίαι,
1279 1001 1331 1036 οὐχ
1346 1002 1396 1028 ὅσα
1411 1004 1454 1028 τὸν
1468 1007 1527 1029 νοῦν
1543 1002 1658 1030 ἔπιθολοῖ
1668 1005 1711 1030 τόν
1727 1004 1896 1039 ἀνθρώπινον.

1197 1082 1222 1108 4.
1237 1080 1341 1111 Ἐπειδὴ
1358 1082 1404 1108 οὐκ
1415 1083 1471 1119 (l3)
1482 1082 1522 1112 ἐνη
1528 1086 1682 1120 στεύσαμεν,
1695 1083 1846 1120 ἐξεπέσομεν
1857 1087 1902 1109 τοῦ
1913 1093 1961 1109 πα-

1161 1123 1296 1160 ραδείσου·
1310 1129 1492 1164 νηστεύσωμεν
1507 1131 1602 1163 τοίνυνν
1618 1130 1659 1154 ῖνα
1682 1130 1747 1165 πρὸς
1767 1128 1844 1154 αὐτὸν
1860 1127 1960 1160 ἐπανελ-

1163 1169 1254 1205 οωμεν.
1270 1170 1332 1206 Οὐχ
1347 1169 1407 1207 ορᾷς
1424 1174 1468 1198 τὸν
1485 1173 1614 1209 Λάζαρον,
1631 1177 1685 1203 πῶς
1702 1170 1750 1198 διὰ
1768 1174 1892 1202 νηστείας
1909 1172 1960 1197 εἰσ-

1161 1213 1236 1242 ῆλθεν
1263 1214 1297 1245 εἰς
1325 1217 1369 1241 τὸν
1397 1215 1577 1253 παράδεισον;
1608 1219 1651 1246 Μὴ
1681 1219 1785 1252 μιμὴσῃ
1816 1221 1864 1246 τῆς
1894 1217 1960 1246 Εὔας

1161 1260 1207 1286 τὴν
1236 1263 1380 1296 παρακοήν,
1411 1264 1447 1297 μὴ
1478 1261 1553 1287 πάλιν
1585 1260 1730 1297 σύμϐουλον
1754 1259 1888 1299 παραδέξῃ
1917 1262 1960 1286 τὸν

1161 1305 1217 1338 ὅφιν
1231 1305 1287 1337 (14)
1302 1314 1308 1338 ;
1323 1304 1409 1340 φειδοῖ
1429 1310 1478 1336 τῆς
1501 1307 1598 1342 σαρκὸς
1621 1308 1668 1334 τὴν
1685 1304 1784 1342 βρῶσιν
1810 1305 1960 1340 ὑποτιθέμε-

1160 1358 1211 1377 νον.
1239 1351 1280 1378 Μὴ
1308 1351 1474 1386 προφασίζου
1498 1350 1645 1387 ἀρρωστίαν
1662 1352 1783 1385 σώματος
1799 1352 1844 1375 καὶ
1863 1347 1961 1375 ἀδυνα-

1161 1396 1233 1434 μίαν.
1248 1396 1284 1422 Οὐ
1301 1397 1351 1433 γὰρ
1368 1396 1426 1432 ἐμοὶ
1442 1397 1488 1426 τὰς
1501 1396 1654 1432 προφάσεις,
1672 1393 1735 1420 ἀλλὰ
1753 1398 1790 1429 τῷ
1805 1394 1860 1428 (l5)
1877 1392 1961 1419 εἰδότι

1160 1442 1252 1478 λέγεις.
1268 1442 1410 1470 Νηστεὺειν
1434 1440 1463 1466 οὐ
1485 1438 1598 1466 δύνασαι
1614 1439 1680 1472 (εἱπέ
1701 1438 1776 1474 μοι);
1792 1439 1961 1474 κορέννυσθαι

1162 1486 1191 1514 δὲ
1206 1486 1251 1513 διὰ
1268 1486 1339 1523 βίου,
1365 1489 1410 1512 καὶ
1435 1485 1579 1521 συντρίϐειν
1601 1486 1629 1510 τὸ
1658 1487 1734 1519 σῶμα
1752 1487 1789 1518 τῷ
1812 1482 1889 1520 βάρει
1911 1487 1961 1508 τῶν

1161 1532 1314 1568 ἐσθιομένων
1330 1530 1462 1564 δύνασαις
1491 1532 1541 1556 Καὶ
1567 1531 1618 1566 μὴν
1644 1532 1698 1559 τοῖς
1721 1525 1877 1554 ἀσθενοῦσιν
1897 1527 1959 1563 οὐχὶ

1161 1576 1306 1614 βρωμάτων
1330 1575 1471 1608 ποικιλίαν,
1497 1574 1550 1600 ἀλλ’
1573 1574 1677 1600 ἀσιτίαν
1706 1575 1750 1598 καὶ
1774 1571 1873 1598 ἔνδειαν
1900 1570 1962 1598 οἶδα

1160 1623 1219 1650 τοῦς
1245 1619 1348 1656 ἰατρούς
1373 1618 1576 1648 ἐπιτάσσοντας.
1597 1620 1654 1647 Πῶς
1679 1613 1721 1642 οὖν
1748 1616 1760 1640 ὁ
1775 1618 1859 1640 ταῦτα
1883 1612 1962 1640 δυνα-

1159 1673 1243 1700 μενος,
1267 1663 1350 1689 ἐκεῖνα
1379 1662 1528 1699 προφασίζῃ
1553 1664 1589 1698 μὴ
1616 1659 1766 1693 δύνασθαι;
1795 1661 1826 1685 Τί
1850 1659 1965 1685 εὐκοπώ-

1159 1718 1230 1745 τερον
1254 1712 1286 1744 τῇ
1311 1710 1427 1744 γαστρί;
1453 1707 1572 1735 λιτότητι
1597 1704 1703 1736 διαίτης
1731 1707 1893 1741 παρενεγκεῖν
1918 1706 1962 1733 τὴν

1158 1755 1248 1788 νύκτα,
1274 1753 1289 1782 ἦ
1315 1751 1438 1788 δαψιλείᾳ
1466 1751 1611 1789 βρωμάτων
1637 1750 1816 1787 βεϐαρημένην
1835 1749 1960 1782 κεῖσθαι;

1158 1796 1252 1832 μᾶλλον
1269 1794 1298 1822 δὲ
1313 1794 1382 1832 μηδὲ
1405 1795 1519 1827 κεῖσθαι,
1546 1793 1609 1819 ἀλλὰ
1632 1793 1717 1819 πυκνὰ
1735 1792 1962 1828 μεταστρέφεσθαι

1160 1840 1383 1878 διαρῥηγνυμένην
1408 1842 1452 1865 καὶ
1478 1841 1637 1871 στένουσαν;
1663 1837 1684 1863 εἰ
1705 1839 1741 1873 μὴ
1766 1838 1811 1862 καὶ
1836 1838 1897 1866 τούς
1917 1845 1961 1861 κν-

1159 1877 1281 1922 ϐερνητας
1306 1887 1398 1920 φήσεις
1422 1883 1600 1920 βαρυνομένην
1617 1885 1673 1911 τοῖς
1689 1881 1833 1917 ὰγωγίμοις
1859 1877 1962 1906 ὁλκάδα

1158 1929 1325 1965 εὐκολώτερον
1350 1929 1442 1958 σώζειν
1467 1932 1514 1958 τῆς
1541 1925 1742 1962 εύσταλεστέρας
1769 1927 1814 1951 καὶ
1841 1926 1957 1960 κούφης.

1157 1976 1209 2003 Τὴν
1225 1975 1270 2010 μὲν
1293 1974 1342 2010 γὰρ
1362 1975 1534 2009 πεπιεσμένην
1558 1975 1594 2007 τῷ
1616 1970 1709 1999 πλήθει
1735 1969 1852 2007 βραχεῖα
1876 1970 1961 2004 κύμα-

1157 2029 1200 2050 τος
1223 2018 1400 2048 ἐπανάστασις
1422 2016 1622 2043 κατεϐάπτισεν.
1640 2016 1655 2043 ἡ
1683 2013 1713 2040 δὲ
1735 2016 1890 2050 συμμέτρως
1910 2017 1961 2039 τῶν

1157 2063 1295 2100 ἀγωγίμων
1323 2065 1424 2098 ἔχουσα
1452 2059 1553 2099 ῥᾳδίως
1578 2061 1711 2097 ὑπεραίρει
1741 2062 1786 2084 τοῦ
1814 2056 1960 2091 κλύδωνος,

1156 2108 1261 2139 οὐδενὸς
1293 2105 1479 2144 ἐμποδίζοντος
1516 2105 1598 2134 αὐτὴν
1631 2103 1792 2140 ὑψηλοτέραν
1820 2104 1957 2138 γενέσθαι,

1158 2157 1207 2181 Καὶ
1231 2156 1316 2179 τοίνυν
1340 2154 1373 2178 τὰ
1396 2156 1446 2177 τῶν
1471 2150 1610 2186 ἀνθρώπων
1636 2151 1754 2184 σώματα,
1782 2150 1890 2182 συνεχεῖ
1914 2148 1962 2183 μὲν

1155 2204 1191 2235 τῷ
1217 2200 1285 2236 κόρῳ
1309 2196 1548 2233 καταϐαρυνόμενα,
1575 2193 1685 2223 εὐκόλως
1716 2191 1871 2228 ὑποϐρύχια
1900 2195 1962 2222 ταῖς

1156 2244 1313 2282 ἀρρωστίαις
1328 2244 1436 2278 γίνεται·
1460 2239 1577 2266 εύσταλεί
1602 2237 1631 2265 δὲ
1655 2240 1700 2264 καὶ
1721 2238 1803 2273 κούφη
1825 2240 1856 2272 τῇ
1874 2240 1958 2273 τροφῇ

1154 2281 1314 2326 κεχρημένα,
1341 2289 1386 2313 καὶ
1411 2287 1440 2311 τὸ
1473 2282 1689 2321 προσδοκώμενον
1724 2281 1753 2308 ἐκ
1778 2283 1856 2307 νόσου
1876 2282 1960 2306 κακὸν

1190 2366 1200 2383 ν
1217 2366 1286 2393 Luc.
1299 2371 1360 2397 xv1,
1374 2364 1472 2390 20-31.

1153 2445 1255 2465 νενοητο
1263 2457 1269 2463 .

1190 2472 1244 2508 (13)
1257 2469 1356 2498 Codex
1368 2477 1447 2508 unus
1459 2467 1514 2508 ἐπεῖ
1529 2465 1558 2508 δὶξ
1570 2465 1612 2508 is:
1705 2501 1710 2508 _
1817 2499 1822 2507 ι

1188 2501 1242 2543 (14)
1255 2508 1324 2543 Regi.
1333 2504 1498 2543 primusita
1506 2502 1599 2543 habet
1606 2502 1636 2529 in
1644 2501 1783 2543 contextu
1791 2501 1957 2543 μῂνίττοιρα-

1155 2536 1215 2577 δέξῃ
1227 2536 1271 2569 τὸν
1287 2536 1392 2577 ἐῖίθῖοόν,
1404 2547 1475 2577 cave
1484 2538 1639 2577 inimicum
1650 2536 1794 2577 adhibeas
1807 2536 1844 2577 in.
1855 2536 1956 2577 const-

1155 2571 1245 2607 ιίιὶῇιί
1261 2581 1291 2606 at
1303 2571 1400 2605 in'ora
1414 2575 1485 2611 libr,
1494 2574 1644 2611 scriptum
1654 2571 1805 2611 invenitur
1819 2571 1862 2595 τὸν
1879 2571 1959 2611 aﬂuit...

1189 2615 1246 2650 (15)
1255 2612 1341 2650 illud
1355 2606 1500 2650 loquendi
1515 2606 1621 2650 genus,
1629 2606 1722 2650 ἐἰδότι
1740 2607 1837 2650 λέγειῇ
1846 2606 1961 2650 scienti

1152 2643 1243 2682 dicis;
1252 2649 1282 2677 in
1303 2643 1456 2684 proverbii
1471 2643 1721 2684 consuetudinem
1740 2643 1869 2684 venisse,
1891 2648 1958 2684 mo-

1152 2676 1261 2714 netv'ir
1275 2676 1470 2711 doctissimus
1486 2682 1623 2708 Ducmus.
1635 2679 1704 2714 Ejus
1714 2676 1957 2706 eruditissimam

1152 2723 1256 2749 notam
1270 2717 1397 2747 studiosi
1410 2717 1509 2752 legere
1525 2717 1676 2752 poterunt.
