2029 3136
262 101 311 129 187

936 100 966 129 S.
989 98 1115 129 ΒΑειιιι
1141 100 1263 129 MAGNI.

1894 102 1943 130 l88

261 163 430 192 censentur.
446 161 550 197 Angeli
574 164 645 190 sunt
669 162 721 199 qui
743 162 775 191 in
800 161 927 197 singulis
948 161 1083 190 ecclesiis

1144 161 1350 200 ἀποχοαφόμενοι
1377 163 1438 194 τοὺς
1466 162 1647 193 νηστεύοντας.
1670 162 1738 200 Ὂρα
1760 165 1797 199 μὴ
1821 161 1869 190 διὰ
1896 175 1943 201 μι-

259 207 435 236 describunt
449 215 484 237 ac
503 209 664 237 recensunt
673 207 875 243 jejunantium
892 206 1000 243 capita.
1015 206 1084 234 Vide

260 259 299 280 ne
309 251 348 281 ob
359 259 485 290 parvam
496 251 666 282 eduliorum
685 252 873 288 voluptatem
887 250 975 279 simul
989 252 1017 278 et
1027 250 1084 287 pri-

259 296 337 325 veris
349 295 448 333 angeli
467 296 656 331 recensione,
669 298 697 324 et
707 296 837 333 teipsnm
849 295 933 332 apud
945 303 1016 324 eum
1032 295 1084 333 qui

261 341 422 370 exercitum
438 341 565 377 collegit,
577 341 743 369 obnoxium
754 341 847 370 facias
858 340 1021 369 desertoris
1031 339 1085 368 cri-

259 385 343 414 mini.
356 385 449 416 Minus
461 385 628 422 periculum
641 386 725 420 foret,
739 385 763 414 si
782 386 851 424 quis
862 385 1006 420 fugiendo
1018 393 1083 413 scu-

259 430 363 459 tumin
377 430 439 459 acie
450 430 580 467 abjicere
590 430 874 467 deprehenderetur,
882 437 977 467 quam
988 430 1013 457 si
1023 437 1085 458 ma-

257 483 354 511 gnum
369 475 443 504 illud
454 478 574 504 scutum
588 475 739 512 jejunium
754 475 893 503 videatur
907 474 1083 512 projecisse.

258 519 345 549 Dives
355 520 407 548 es?
418 521 458 548 Ne
466 520 616 556 jejunium
626 519 762 548 aﬂ'eceris
778 519 971 553 contumelia,
984 518 1085 548 exclu-

259 565 335 594 dens
350 564 422 593 illud
434 564 586 593 fastidiose
603 573 620 592 a
634 572 748 593 mensae
768 566 826 593 tum
839 564 1002 599 consortio,
1012 571 1086 592 neve

259 609 377 647 absque
388 609 449 638 ullo
459 609 572 638 honore
584 617 599 637 e
610 609 701 638 domo
713 611 764 639 tua
782 609 884 646 ipsum
894 608 1050 645 expuleris,
1068 616 1087 637 a

258 654 413 691 voluptate
421 654 532 682 victum
544 662 578 682 ac
590 655 765 690 superatum
774 662 780 687 ;
788 653 952 691 nequando
961 656 989 681 te
1000 661 1086 681 reum

259 701 385 736 peragat
397 698 481 735 apud
493 699 681 734 jejuniorum
696 698 909 734 legislatorem,
921 697 1033 734 tiatque
1056 699 1087 726 ut

259 742 470 772 condemneris
485 743 524 771 ad
538 743 628 778 longe
648 743 796 779 majorem
816 742 949 771 inediam
969 742 1087 770 mulctce

258 788 392 820 nomine,
404 788 466 816 sive
482 795 519 816 cx
537 787 667 816 adversa
676 787 849 816 valetudine
869 788 1012 825 corporis,
1025 787 1087 815 sive

1139 208 1203 244 κράν
1229 205 1326 237 ἡδονὴν
1353 206 1500 244 βρωμάτων
1525 201 1661 243 capide};
1682 208 1727 243 μὶν
1750 210 1797 238 τὴν
1822 208 1943 246 ἀπογρα-

1140 254 1189 289 φὴν
1218 255 1264 278 τοῦ
1292 251 1413 288 ἀγγέλου,
1441 250 1566 278 ὑπόδικον
1596 249 1625 278 δὲ
1655 254 1751 278 σαυτὸν
1778 252 1942 285 λειποταξίου

1139 301 1242 334 γραφῆς
1274 296 1309 323 τῶ
1341 295 1583 335 στρατολογὼσαντι
1609 299 1791 335 καταστήσῃς,
1815 297 1942 324 Ἐλιίττων

1140 342 1153 368 ὁ
1181 339 1301 372 κίνδυνος
1328 340 1459 380 ῥίψασπιν
1488 340 1530 368 ἐπὶ
1549 341 1719 379 παρατάξεως
1747 341 1942 380 ἀπελεγχθῆναί

1139 396 1197 412 τινα
1211 387 1235 421 ,ἦ
1257 387 1286 414 τὸ
1308 387 1376 424 μέγα
1399 385 1475 412 ὅπλον
1497 388 1543 416 τὴν
1562 388 1683 415 νηστείαν
1708 385 1872 414 ἀποϐαλόντα
1886 388 1944 423 (70)

1141 435 1259 467 φανῆναι.
1278 430 1405 461 Πλούσιος
1432 431 1472 464 εἷς
1492 433 1534 461 Μὴ
1549 430 1714 469 καθυϐρίσῃς
1737 434 1784 461 τὴν
1807 434 1941 466 νηστείαν,

1141 470 1302 507 ἀπαξιώσας
1321 475 1406 502 λαϐεῖν
1435 475 1515 505 αὐτὴν
1544 476 1730 514 ὁμοτράπεζον,
1761 474 1829 513 μηδὲ
1858 479 1944 508 οἰκίας

1142 524 1252 548 σεαυτοῦ
1274 521 1367 557 ἄτιμον
1384 519 1524 557 ἀποπέμψῃ
1549 521 1808 558 παρευημερηθίίσαν
1829 521 1879 548 ὑπὸ
1896 526 1944 552 τῆς

1141 563 1248 604 ᾖδονῆς,
1271 567 1372 602 μήποτέ
1397 575 1425 591 σε
1445 565 1602 602 καταγγείλῃ
1627 565 1684 602 (71)
1708 565 1749 592 ἐπὶ
1770 569 1815 591 τοῦ
1840 567 1946 603 νομοῦέ-

1140 620 1185 636 του
1201 614 1250 637 τῶν
1264 620 1293 640 νη
1299 614 1386 643 στιῶν,
1399 612 1443 636 καὶ
1456 609 1666 637 πολλαπλασίονα
1678 620 1720 636 σοι
1731 609 1781 637 ἀπὸ
1796 608 1945 641 καταδίκης

1141 654 1259 692 ἐπαγάγῃ
1295 657 1341 684 τήν
1379 653 1488 690 ἔνδειαν,
1515 655 1529 684 ἡ
1561 654 1587 686 ἐξ
1622 653 1779 693 ἀρρωστίας.
1811 658 1944 693 σώματος,

1140 701 1155 728 ἤ
1179 699 1205 731 ἐξ
1233 699 1311 730 ἄλλης
1333 701 1402 730 τινὸς
1427 700 1590 737 σκνθρωπῆσ
1611 700 1790 737 περιστάσεως
1814 699 1844 726 Ὀ
1868 702 1947 731 πένης

1141 746 1176 782 μὴ
1207 744 1378 782 εἰρωνενέσθω
1405 746 1470 782 πρὸς
1498 746 1545 773 τὴν
1569 746 1701 778 νηστείαν,
1718 744 1798 771 παλαι
1827 746 1946 775 σύνοικον

1142 789 1222 818 αὐτὴν
1237 791 1281 816 καὶ
1296 787 1447 826 ὁμοδίαιτον
1461 790 1530 825 ἔχων
1545 791 1614 825 (72).
1634 792 1682 815 Γνν
1689 789 1743 821 αιξὶ
1760 788 1799 823 δὲ,
1814 790 1902 829 ὥσπερ
1918 791 1946 816 τό

259 841 295 861 ex
306 832 365 861 alio
376 831 521 870 quopiam
533 832 606 861 tristi
621 840 706 861 casu.
720 832 829 862 Contra
839 831 891 869 qui
902 840 939 868 pa
945 839 1018 869 uper
1027 834 1083 863 est,

1144 832 1270 869 ἀναπνεῖν,
1301 833 1367 860 οὕτω
1395 836 1440 860 καὶ
1467 835 1497 860 τὸ
1525 835 1659 863 νηστεύειν
1689 834 1781 861 οἰκεῖόν
1811 833 1869 860 ἐστι
1902 837 1946 861 καὶ

257 885 295 905 ne
316 876 423 905 ludum
441 877 592 913 jejunium
612 876 721 911 faciat;
745 876 998 914 quandoquidem
1013 876 1088 906 illud

257 921 322 957 jam
341 921 412 950 olim
427 921 519 950 habet
532 923 560 950 et
572 921 773 950 domesticum
789 924 817 949 et
836 929 949 949 mensae
960 921 1086 950 socium.

260 967 350 995 Porro
375 965 555 996 mulieribus
581 973 675 1003 quam
699 968 744 994 est
768 965 906 994 naturale
929 966 1086 1003 respirare,

258 1012 320 1039 tam
331 1012 376 1039 est
395 1010 578 1039 conveniens
592 1011 753 1047 jejunium.
768 1009 866 1044 Pueri,
883 1009 963 1038 velut
977 1009 1088 1046 plantae

257 1054 377 1086 virides,
383 1055 490 1091 jejunii
502 1063 582 1092 aqua
594 1055 765 1091 irrigantur.
778 1054 906 1083 Senibus
916 1054 1013 1083 levem
1024 1054 1089 1082 red-

259 1099 302 1128 dit
316 1099 453 1128 laborem
469 1102 622 1129 contratra
631 1100 696 1136 jam
706 1099 779 1128 olim
791 1107 861 1128 cum
870 1099 987 1136 jejunio
999 1098 1088 1128 fami-

259 1144 382 1179 liaritas,
406 1144 525 1173 labores
546 1144 709 1183 siquidem,
737 1152 870 1182 quorum
903 1143 1016 1172 factum
1046 1145 1090 1173 est

258 1190 498 1226 experimentum
507 1190 599 1226 longo
611 1190 798 1223 usu,minore
808 1189 947 1218 molestia
956 1188 1090 1218 afﬁciunt

259 1235 444 1264 exercitatos.
465 1235 638 1264 Viatoribus
663 1234 822 1272 expeditus
852 1234 964 1265 itineris
988 1242 1089 1262 comes

258 1282 302 1308 est
312 1280 474 1317 jejunium.
487 1280 750 1314 Quemadmodum
762 1280 843 1308 enim
861 1280 950 1308 luxus
966 1279 1045 1315 cogit
1057 1279 1089 1307 il-

257 1324 304 1353 los
314 1333 393 1353 onus
403 1326 545 1363 perferre,
553 1327 574 1362 ι
583 1327 608 1362 2
621 1325 763 1354 nimirum
775 1333 811 1353 ea
819 1325 930 1361 quibus
944 1332 975 1353 se
985 1324 1089 1361 ingur-

259 1370 393 1406 gitarunt
406 1371 650 1399 circumferentes
665 1380 671 1398 :
685 1370 886 1406 sicjejunium
894 1377 948 1398 eos
969 1372 996 1397 et
1009 1369 1089 1398 leves

257 1415 357 1444 reddit
368 1417 395 1444 et
404 1415 573 1452 expeditos.
583 1415 628 1443 Ad
639 1415 713 1450 hac,
724 1415 837 1443 indicta
856 1414 962 1451 procul
971 1414 1090 1451 expedi-

259 1459 347 1497 tione,
367 1460 513 1490 militibus
532 1462 718 1488 commeatus
738 1459 958 1497 suppeditatur,
968 1467 1030 1488 non
1049 1459 1089 1487 ad

258 1504 391 1539 delicias,
404 1505 455 1533 sed
466 1505 506 1533 ad
518 1504 728 1533 necessitatem
741 1513 747 1539 ;
761 1512 801 1533 an
812 1512 873 1532 non
884 1503 978 1533 multo
990 1504 1087 1539 magis
1107 1518 1127 1545 ρ

258 1549 346 1578 nobis
359 1550 412 1586 qui
421 1549 570 1579 adversus
581 1550 682 1578 hostes
693 1549 859 1578 invisibiles
878 1549 1036 1585 prodimus
1056 1549 1086 1577 in

1141 879 1209 905 κατά
1224 880 1311 915 φύσιν.
1328 880 1361 904 Oi
1379 876 1482 911 παῖδες,
1499 878 1586 916 ὥσπερ
1609 882 1659 905 τῶν
1683 882 1768 916 φυτῶν
1788 879 1822 907 τὰ
1838 879 1943 912 εὐθαλῆ,

1142 928 1178 959 τῷ
1190 927 1237 954 τῆς
1261 925 1382 954 νηστείας
1406 921 1485 953 ὕδατι
1513 921 1775 961 καταρδευέσοωσαι.
1792 926 1852 955 Τοῖς
1867 933 1945 961 apsc-

1143 967 1260 1005 ευτέροις
1275 968 1330 1004 (73)
1355 971 1449 1004 κοῦφον
1478 972 1546 995 ποιεῖ
1571 970 1615 994 τὸν
1642 970 1718 995 πόνον
1743 969 1758 998 ἡ
1786 968 1813 995 ἐκ
1833 968 1945 996 παλαιοῦ

1143 1013 1207 1050 πρὸς
1223 1012 1303 1041 αὐτὴν
1326 1012 1464 1043 οἰκείωσις·
1488 1014 1563 1039 πόνοι
1574 1014 1624 1050 ’γὰρ
1647 1012 1674 1038 ἐκ
1689 1015 1792 1052 μακρᾶς
1807 1013 1946 1043 συνηθείας

1143 1057 1330 1094 μελετηθέντες,
1366 1056 1521 1096 ἀλυπότερον
1557 1060 1756 1095 προσπίπτουσι
1785 1061 1841 1089 τοῖς
1865 1067 1945 1095 νεγν-

1143 1104 1308 1140 μνασμένοις.
1325 1105 1385 1133 Τοῖς
1401 1100 1552 1142 ὁδοιπόροις
1567 1102 1694 1134 εὐσταλής
1705 1101 1761 1129 ἔστι
1784 1104 1945 1141 συνέμπορος

1143 1148 1158 1177 ἡ
1184 1148 1301 1176 νηστεία.
1317 1150 1416 1184 Ὠσπερ
1441 1148 1492 1185 γὰρ
1515 1148 1530 1176 ἠ
1553 1149 1637 1185 τρυφή
1664 1146 1822 1186 ἀχθοφορεῖν
1850 1147 1945 1178 αὐτοὺς

1145 1191 1285 1230 ἀναγκάζει
1306 1193 1353 1223 τὰς
1373 1191 1530 1223 ἀπολαύσεις
1553 1192 1773 1231 περικομίζοντας
1796 1191 1865 1218 οὕτω
1890 1193 1947 1218 κού-

1144 1246 1206 1273 φους
1228 1236 1323 1268 αύτούς
1346 1238 1390 1263 καὶ
1415 1236 1542 1267 εὐζώνους
1567 1237 1582 1266 ἠ
1608 1238 1718 1267 νηστεία
1738 1237 1945 1275 παρασκευάζει.

1144 1280 1217 1315 Εἶτα,
1252 1283 1389 1319 στρατείας
1422 1282 1467 1318 μὲν
1501 1281 1640 1319 ὑπερορίου
1670 1283 1879 1320 προγραφείσης,
1915 1282 1947 1308 τὰ

1145 1325 1281 1362 ἀναγκαῖα,
1299 1325 1362 1362 οὐχὶ
1387 1326 1420 1352 τά
1442 1327 1507 1363 πρὸς
1528 1328 1637 1363 τρυφὴν,
1655 1324 1846 1356 ἔπισιτιζονται
1862 1336 1945 1363 στρα-

1143 1375 1244 1397 τιῶται·
1262 1371 1324 1408 ἡμῖν
1341 1368 1370 1397 δὲ
1391 1371 1456 1408 πρὸς
1479 1371 1522 1396 τόν
1543 1371 1611 1396 κατά
1634 1374 1683 1396 τῶν
1700 1369 1815 1409 ἀοράτων
1843 1369 1944 1407 ἔχορῶν

1143 1415 1252 1452 πόλεμον
1277 1414 1385 1449 ἐξιοῦσι,
1415 1416 1460 1441 καὶ
1486 1415 1552 1452 μετὰ
1579 1416 1626 1444 τήν
1650 1416 1747 1441 τούτων
1778 1417 1852 1444 νίκην
1881 1417 1946 1452 προς

1143 1463 1190 1490 τὴν
1221 1460 1273 1487 ἄνω
1304 1457 1424 1498 πατρίδα
1457 1458 1641 1496 ὶπειγομένοις,
1675 1459 1704 1485 οὔ
1733 1459 1818 1495 πολλῷ
1851 1458 1944 1498 μᾶλλον

1143 1504 1264 1542 ἁρμόσει,
1289 1503 1376 1542 ὥσπερ
1401 1503 1442 1530 ἐπὶ
1459 1502 1638 1542 στρατοπέδου
1662 1502 1843 1543 διαιτωμένοις
1856 1504 1944 1534 αὖτοῑ.

1144 1548 1282 1587 ἀρκεῖσθαι
1294 1551 1350 1580 τοῖς
1365 1547 1533 1587 ἀναγκαίοις;

259 1593 407 1633 praelium,
425 1602 460 1623 ac
481 1596 549 1632 post
570 1602 621 1623 eos
643 1593 778 1623 devictos
793 1594 833 1622 ad
853 1601 1018 1631 supernam
1033 1593 1163 1633 patriam
1178 1593 1368 1628 festinamus,
1386 1593 1551 1628 conveniet,
1572 1595 1719 1633 tanquam
1732 1593 1763 1623 in
1775 1593 1879 1623 castris
1895 1592 1944 1622 de-

259 1638 409 1675 gentibus,
425 1639 605 1668 necessariis
620 1647 686 1668 esse
702 1640 857 1668 contentos
871 1639 877 1667 !

294 1686 320 1712 3.
345 1683 441 1712 Sutfer
454 1683 645 1713 atﬂictionem
667 1683 748 1713 velut
765 1683 865 1712 bonus
888 1683 984 1718 miles,
1001 1685 1030 1712 et
1047 1683 1086 1712 le-

259 1728 362 1764 gitime
377 1731 467 1763 certa,
480 1731 512 1757 ut
521 1729 715 1763 coroneris“,
735 1729 809 1757 illud
828 1729 911 1758 haud
931 1729 1084 1764 ignorans,

258 1773 342 1812 quod
359 1774 534 1811 quicunque
544 1775 646 1807 certat,
658 1774 689 1801 in
707 1773 849 1802 omnibus
861 1773 918 1802 sibi
930 1776 1085 1810 temperat.

259 1817 316 1846 Sed
327 1818 409 1855 quod
421 1819 494 1847 mihi
505 1818 598 1847 modo
614 1819 692 1847 inter
701 1818 865 1847 dicendum
874 1818 992 1847 venitin
1005 1826 1087 1847 men-

259 1863 425 1898 tem,haud
443 1864 549 1892 merito
568 1863 760 1897 omitteretur,
772 1863 908 1891 videlicet
928 1863 1011 1900 quod
1029 1863 1086 1891 hu-

257 1908 307 1945 jus
319 1908 427 1937 mundi
436 1908 579 1937 militibus
590 1915 644 1945 pro
663 1908 804 1937 laborum
824 1907 938 1936 ratione
960 1910 1087 1942 augetur

257 1952 435 1987 obsonium;
447 1955 561 1987 contra,
572 1953 648 1981 inter
659 1953 828 1990 spirituales
840 1952 958 1986 milites,
971 1951 1023 1989 qui
1033 1952 1087 1980 mi-

259 2006 317 2027 nus
323 1997 414 2026 habet
422 1997 556 2026 alimenti
565 1997 633 2034 plus
650 1996 882 2026 habethonoris.
895 1997 968 2024 Nam
985 2004 1087 2033 quem-

259 2042 425 2071 admodum
436 2042 522 2078 galea
533 2045 635 2071 nostra
644 2050 700 2070 sua
710 2044 818 2070 natura
828 2040 926 2069 ditfert
938 2049 955 2069 a
966 2049 1088 2078 corrup-

259 2086 342 2120 tibili,
355 2086 504 2123 siquidem
523 2087 602 2115 illius
622 2087 746 2115 materia
766 2087 810 2114 est
828 2093 879 2118 aes,
899 2087 1002 2114 nostra
1016 2093 1086 2114 vero

260 2139 296 2159 ex
307 2139 360 2168 spe
371 2131 475 2160 salutis
484 2132 507 2150 ⁵⁵
526 2135 572 2161 est
583 2131 712 2160 conﬂata
725 2140 731 2158 :
753 2130 856 2159 itidem
873 2130 930 2158 illis
941 2132 1061 2158 scutum
1071 2138 1086 2158 e

257 2175 341 2211 ligno
360 2185 395 2205 ac
406 2178 522 2212 tergore
532 2176 649 2205 bubulo
660 2175 830 2204 confectum
842 2177 894 2210 est,
907 2175 996 2204 nobis
1015 2183 1086 2204 vero
1114 2199 1119 2203 .

259 2221 331 2249 fidei
342 2223 477 2250 tutamen
496 2221 563 2250 loco
580 2223 624 2250 est
635 2219 887 2249 scuti“:rursum
897 2228 954 2249 nos
965 2221 1086 2250 thorace
1103 2221 1125 2251 D

297 2298 321 2315 ⁸⁵
342 2298 352 2325 Ι
370 2299 437 2326 Cor.
453 2305 494 2333 ix,
509 2299 555 2326 25.
594 2297 618 2315 ⁸⁵
639 2297 747 2325 lThes.
759 2304 787 2332 v,
803 2298 830 2326 Β.

296 2370 351 2406 (70)
371 2371 442 2406 Reg.
456 2369 572 2406 primus
586 2367 925 2406 ﬁapafu'ﬁawcﬁhyzeivm
939 2378 1008 2402 τινα,
1056 2370 1085 2396 τὸ

259 2403 326 2442 μέγα
341 2403 479 2442 ὂπλονντῆς
492 2407 614 2436 νηστείας
625 2403 705 2442 arcti.

295 2439 353 2482 (η)
374 2441 495 2469 Veteres
509 2443 640 2477 quatuor
662 2439 731 2468 libri
745 2439 912 2476 καταγγεὶλῃ.
930 2439 1006 2468 Editi
1020 2449 1086 2466 κατ-

261 2485 354 2506 αγγελη
361 2498 367 2504 .

282 2487 286 2492 ⁵
313 2487 367 2506 ΞΛη.

282 2487 353 2554 Ῑῖἳὲ)
382 2512 411 2538 Ὁ
434 2514 519 2553 πένης.
537 2514 572 2548 μὴ
599 2512 771 2554 εἰρῳνευέσοω
794 2513 860 2554 πρὸς
881 2513 928 2554 ria:
952 2514 1084 2546 νηστείαν,

260 2545 475 2584 παλαίσᾶνοικον
489 2545 569 2576 αύτῆν
585 2545 629 2573 καὶ
645 2545 795 2584 ὁμοδίαιτον
811 2545 1086 2584 ἔχωνεριιὶραιφεν

261 2586 313 2617 est,
330 2592 365 2612 ne
382 2583 486 2611 ludum
492 2583 647 2618 jejunium
662 2584 758 2618 faciat
772 2591 778 2611 :
793 2583 1036 2619 quandoquidem
1051 2584 1086 2612 ιί-

263 2620 314 2648 lud
324 2621 391 2654 jam
407 2619 478 2647 olim
495 2619 585 2647 habet
599 2619 790 2647 domesticum
805 2622 832 2647 et
848 2627 947 2647 mense
960 2621 1083 2648 socium.

261 2653 335 2683 Cum
357 2654 485 2691 Basilius
510 2654 568 2682 hoc
587 2653 654 2691 loco
679 2662 827 2690 pauperes
852 2654 937 2691 ipsos
951 2654 1086 2691 hortetur

262 2691 301 2718 ad
321 2689 536 2726 jejunandum,
553 2689 647 2718 multo
672 2689 771 2726 aptior
785 2692 814 2718 et
829 2689 1018 2719 commodior
1033 2691 1086 2720 erit

261 2726 347 2764 illius
356 2725 461 2764 oratio,
488 2725 511 2754 si
530 2725 668 2761 legamus
690 2725 808 2764 sublata
831 2726 999 2764 negatione,
1015 2726 1085 2764 ιίρω-

261 2762 373 2788 νευέσθω
402 2762 466 2798 πρὸς
489 2764 535 2793 τὴν
557 2763 687 2797 νηστείαν,
705 2761 811 2791 ludum
837 2762 983 2791 existimet
1002 2761 1084 2798 jeju-

868 2297 892 2315 ⁵ο
913 2296 1022 2333 Ephes.
1035 2305 1076 2331 vr,
1091 2297 1134 2326 17.

1194 1654 1201 1667 Ἰ

1178 1673 1207 1719 Τί
1237 1684 1428 1713 Κακοπάθησον
1442 1685 1476 1715 ὡς
1488 1684 1565 1716 καλὸς
1582 1687 1755 1721 στρατιώτης,
1769 1686 1814 1710 καὶ
1829 1683 1942 1714 ἄϐλησον

1141 1738 1266 1765 νομιμως,
1298 1729 1340 1755 ἳνα
1367 1729 1542 1765 στεφανωθῇς,
1572 1728 1650 1756 ἐκεῖνο
1675 1727 1761 1762 εἰδὼς,
1791 1730 1832 1755 ὅτι
1858 1732 1909 1759 πᾶς
1931 1729 1942 1754 ὁ

1142 1773 1330 1810 ἀγωνιζόμενος
1355 1774 1441 1800 πάντα
1467 1773 1657 1811 ἐγκρατεύεται.
1688 1772 1721 1799 Ὃ
1748 1771 1778 1800 δέ
1803 1783 1835 1811 με
1863 1773 1943 1803 ὑπῆλ-

1143 1820 1182 1846 θεν
1212 1818 1306 1858 ἀρτίως
1338 1817 1453 1856 λέγοντα,
1488 1817 1559 1849 ἀξιον
1588 1820 1623 1855 μὴ
1656 1816 1786 1856 παριδεῖν·
1816 1818 1856 1844 ὃτι
1889 1822 1942 1850 τοῖς

1141 1864 1186 1902 μὶν
1201 1866 1246 1889 τοῦ
1260 1865 1360 1900 κόσμου
1388 1866 1562 1901 στρατιώταις
1585 1864 1653 1889 κατὰ
1675 1865 1722 1892 τὴν
1744 1867 1793 1888 τῶν
1818 1863 1940 1899 καμάτων

1142 1907 1280 1944 ἀναλογίαν
1304 1910 1332 1934 τὸ
1358 1909 1506 1944 σιτηρέσιον
1532 1907 1646 1939 αὒξεται·
1670 1910 1725 1938 τοῖς
1746 1906 1776 1934 δὲ
1798 1917 1942 1944 πνευματι-

1141 1957 1195 1984 κοῖς
1220 1951 1338 1984 ὁπλίταις
1362 1953 1374 1978 ὁ
1398 1953 1427 1979 τὸ
1444 1952 1547 1980 ἔλαττον
1569 1953 1636 1988 ἔχων
1663 1956 1710 1983 τῆς
1723 1955 1819 1990 τροφῆς
1835 1952 1864 1978 τὸ
1889 1954 1943 1989 μεῖ-

1143 1997 1185 2028 ζον
1213 1998 1269 2033 ἔχει
1294 2000 1340 2022 τοῦ
1366 1996 1523 2034 ἀξιώματος.
1552 1996 1595 2027 Ὠς
1625 1997 1674 2034 γὰρ
1707 1997 1722 2025 ἠ
1756 1994 1944 2033 περικεφαλαία

1141 2043 1213 2078 ἡμῶν
1249 2041 1431 2079 παρήλλακται
1464 2043 1511 2072 τὴν
1538 2042 1615 2079 φύσιν
1642 2043 1706 2078 πρὸς
1736 2043 1783 2070 τήν
1815 2041 1942 2079 φθαρτὴν-

1141 2090 1188 2118 τῆς
1201 2096 1245 2123 μεν
1269 2087 1319 2124 γὰρ
1335 2085 1382 2116 ὖλη
1413 2086 1482 2113 ἐστὶν
1498 2087 1511 2112 ὁ
1525 2086 1635 2123 χαλκός,
1653 2087 1667 2114 ἡ
1695 2084 1724 2112 δὲ
1747 2084 1774 2111 ἐκ
1798 2089 1845 2117 τῆς
1870 2084 1943 2111 ἐλπι-

1143 2129 1188 2165 δος
1203 2135 1249 2158 τοῦ
1276 2133 1407 2168 σωτηρίου
1434 2133 1584 2160 συνέστηκε·
1610 2134 1655 2157 καὶ
1679 2131 1692 2157 ὁ
1718 2131 1806 2168 θυρεὸς
1832 2130 1943 2161 ἁκείνοις

1142 2178 1187 2213 μὲν
1200 2176 1258 2212 (74)
1275 2175 1302 2202 ἐκ
1327 2175 1402 2207 ξύλου
1426 2177 1470 2202 καί
1493 2175 1597 2214 βύρσης
1619 2177 1768 2209 πεποίηται,
1785 2176 1848 2212 ἡμῖν
1861 2173 1891 2201 δὲ
1914 2177 1943 2202 τὸ

1142 2225 1189 2254 τῆς
1204 2223 1318 2254 πίστεώς
1341 2220 1397 2248 ἐστι
1420 2220 1574 2259 προϐόλαιον
1594 2221 1663 2258 (75)·
1680 2222 1724 2247 καὶ
1748 2220 1847 2258 θώρακι
1869 2220 1944 2257 ἡμεῖς

1140 2370 1232 2405 m‘um,
1244 2368 1494 2406 quandoquidem
1505 2368 1632 2405 jejunio,
1641 2367 1826 2404 jamdudum
1839 2376 1946 2400 assue-

1142 2408 1188 2435 tus
1205 2408 1259 2435 est.
1276 2406 1386 2435 MARAN.

1177 2442 1237 2478 (73),
1253 2442 1326 2478 Reg.
1342 2441 1458 2478 primus
1469 2444 1522 2472 τοῖς
1537 2440 1774 2478 πρεσό·3ταις.Νθο
1790 2439 1830 2468 ita
1848 2439 1944 2468 multo

1139 2479 1209 2514 post
1231 2476 1421 2514 idemrcodex
1431 2476 1630 2514 προσπίπτουσι
1641 2479 1696 2507 τοῖς
1710 2476 1941 2514 ἐγγυμνασμένοις.

1141 2511 1275 2549 Subinde
1291 2512 1439 2549 ed‘itiroﬂm
1451 2511 1499 2539 ’καὶ
1514 2514 1640 2549 γκούφονς.
1659 2513 1695 2541 At
1718 2511 1828 2541 vocula.
1844 2511 1896 2541 καί
1915 2512 1944 2540 in

1139 2548 1252 2577 nostris
1266 2547 1422 2577 codicibus
1437 2556 1498 2577 non
1513 2547 1632 2583 legitur,

1175 2586 1231 2621 (7‘4)
1251 2584 1327 2612 Editl
1350 2585 1394 2610 καί
1410 2585 1526 2621 ccupas;
1550 2585 1595 2620 μὲν
1611 2583 1725 2616 ἐκείνοις.
1739 2583 1862 2621 Antiqui
1885 2586 1946 2613 tres

1139 2619 1208 2648 libri
1222 2622 1267 2647 καὶ
1282 2621 1294 2647 ὁ
1311 2621 1400 2657 θυρεὸς
1419 2619 1596 2657 ῥκείνοιςλμέν.

1175 2645 1236 2693 (ἦ)
1243 2645 1469 2693 νοίοιιεξίηίι
1475 2645 1556 2693 uelib
1561 2655 1585 2683 ri
1590 2645 1665 2684 cum
1675 2657 1804 2693 utraque
1813 2654 1945 2693 editione

1141 2690 1232 2731 Raris,
1244 2693 1271 2720 et
1281 2691 1360 2720 Basil
1372 2690 1427 2731 ἐστὶ
1438 2690 1610 2731 περιϐόλαιον
1622 2699 1715 2731 quem
1725 2690 1827 2731 locum
1835 2691 1876 2731 ita
1882 2699 1946 2731 ver-

1138 2727 1171 2755 tit
1183 2727 1337 2759 Erasmus,
1345 2726 1481 2756 nostrum
1491 2735 1559 2757 vero
1573 2726 1793 2757 munimentum
1806 2726 1881 2762 ﬁdes
1890 2729 1943 2756 est.

1128 2762 1197 2793 -Sed
1202 2765 1403 2802 praeterquam
1410 2762 1484 2803 quid
1490 2762 1651 2802 περιϐόλαιον
1658 2763 1944 2794 πηιηίηιεηιαηιηοη
