2029 3136
225 121 274 148 191

913 119 942 147 S.
963 117 1088 146 BASlLll
1113 118 1222 146 MAGNl

1855 117 1910 146 192

222 182 289 217 jure
306 190 312 209 :
328 180 442 217 quippe
458 187 526 216 quae
538 180 701 209 manifesta
714 180 864 209 servitutis
874 181 1048 215 argumenta

1107 184 1154 210 τῆς
1176 181 1257 216 μέθης
1280 181 1312 206 τὰ
1330 179 1448 215 λείψανα.
1474 178 1522 205 Ὧν
1545 177 1574 206 δὲ
1603 179 1617 208 ἡ
1632 177 1740 216 ἀπαρχὴ
1767 177 1907 216 ἀδόκιμος,

224 225 368 262 proferat,
383 225 508 253 odorem
525 225 584 253 vini
599 225 682 253 velut
695 225 726 253 in
740 225 850 260 lagena
860 224 1051 253 residentem.

224 270 363 298 Protinus
378 269 431 298 tibi
442 270 560 306 primus
568 270 675 305 jejunii
690 269 754 298 dies
767 269 1001 305 abjudicabitur,
1012 268 1052 297 ob

224 314 405 342 temulentis:
415 314 558 350 reliquias
567 314 596 342 in
607 317 635 343 te
645 315 938 351 repositas.Quorum
949 315 1052 342 autem

223 359 365 396 primitiae
387 358 573 394 rejiciuntur,
597 359 681 387 haud
703 358 829 387 dubium
854 359 927 395 quin
951 358 981 386 in
1005 358 1052 386 his

224 406 321 432 totum
332 411 453 440 quoque
465 403 502 431 sit
512 403 719 438 rejiciendum.
731 404 852 432 Ebriosz'
862 411 986 438 regnum
1001 403 1055 432 Dei

223 456 283 476 non
302 448 537 483 possidebunt“.
552 448 580 475 Si
595 448 777 476 temulentus
791 448 909 476 accedis
925 449 962 476 ad
975 448 1052 484 jeju-

222 493 318 525 nium,
334 492 409 529 quid
434 492 566 521 utilitatis
590 493 712 521 aufers?
736 495 811 521 Nam
833 495 857 520 si
881 495 908 521 te
924 493 1052 521 ebrietas

223 537 354 565 excludit
367 545 385 565 a
395 545 489 572 regno
502 537 656 571 caalornm,
668 538 809 574 quisnam
822 537 943 566 tandem
953 538 1052 574 ejeju-

222 582 273 610 nio
289 581 425 610 fructus?
440 585 548 610 Annon
568 582 661 617 vides,
677 583 760 619 quod
774 582 826 619 qui
846 583 874 610 in
891 582 1052 610 domandis

223 626 319 662 equis,
336 626 388 662 qui
403 626 443 654 ad
458 627 624 655 certamina
637 627 768 660 aluntur,
783 626 957 663 peritissimi
969 627 1049 661 sunt,

223 678 293 698 cum
307 670 399 698 instat
409 671 580 699 certaminis
595 671 669 706 dies,
678 679 729 699 e0s
740 671 840 699 inedia
851 665 1025 707 prmparant
1037 671 1050 698 Τ

223 716 264 743 Tu
279 718 392 747 contra,
409 715 481 743 data
497 723 590 752 opera
603 716 795 752 temetipsum
808 715 955 752 deprimis
969 718 1050 744 satu-

222 759 308 788 ritate
322 768 328 787 :
341 759 418 788 adeo
432 759 509 795 gulae
524 760 595 788 vitio
609 760 699 789 bruta
714 761 804 788 etiam
821 760 964 789 animalia
976 769 1051 797 prse-

1107 227 1151 250 καὶ
1166 226 1195 250 τὸ
1210 227 1261 251 πᾶν
1277 224 1422 253 ἀπόϐλητον
1446 222 1577 253 δηλονότι.
1602 224 1720 250 Μέθυσοι
1735 227 1802 250 Θεοῦ
1823 223 1909 260 βασι-

1107 267 1175 294 λείαν
1198 269 1227 295 οὐ
1250 269 1503 305 κληρονομήσουσιν.
1520 270 1550 294 Ei.
1578 269 1678 304 μεθύων
1694 269 1760 304 ἔρχῃ
1789 267 1831 294 ἐπὶ
1859 270 1908 298 τὴν

1106 316 1237 347 νηστείαν,
1258 316 1283 339 τί
1307 323 1348 340 σοι
1372 315 1401 339 τὸ
1426 312 1531 350 ὅφελοςς
1557 315 1586 339 Et
1600 313 1650 349 γὰρ
1666 312 1794 338 ἀποκλείει
1817 322 1845 339 σε
1859 317 1910 344 τῆς

1107 357 1244 394 βασιλείας
1265 360 1280 388 ἠ
1301 359 1378 394 μέθη,
1401 361 1451 384 ποῦ
1476 367 1518 384 σοι
1541 357 1629 384 λοιπὸν
1651 359 1787 394 χρήσιμον
1811 359 1839 383 τὸ
1863 368 1909 388 νη-

1107 404 1225 436 στεύεινς
1242 402 1303 438 Οὐχ
1330 403 1402 439 ὁρᾷς,
1428 404 1467 428 ὅτι
1491 404 1535 428 καὶ
1558 406 1608 427 τῶν
1633 403 1718 428 ἳππων
1733 403 1793 432 τοὺς
1809 401 1908 438 ἀγωνι-

1107 448 1172 478 στὰς
1184 448 1208 473 οἱ
1223 447 1404 484 ἐμπειρότατοι
1427 445 1607 482 πωλοδάμναι,
1624 450 1671 477 τῆς
1695 445 1807 482 ἀγωνίας
1826 457 1910 484 προσ-

1107 489 1256 528 δοκωμένης
1269 491 1336 527 (83),
1352 489 1398 517 διὰ
1417 495 1465 521 τῆς
1489 488 1588 521 ἐνδείας
1602 491 1836 528 προευτρεπίζονσι
1849 500 1856 524 ;
1873 494 1908 517 Σὺ

1107 534 1136 562 δὲ
1160 534 1304 567 ἐξεὸίτηδες
1329 537 1437 562 σεαυτόν
1460 535 1627 566 καταπιεζεις
1650 539 1686 570 τῷ
1709 537 1786 572 κάρῳ·
1809 539 1908 562 τοσοῦ-

1105 590 1148 606 τον
1163 584 1194 617 τῇ
1219 582 1419 617 γαστριμαργίᾳ
1433 582 1478 605 καὶ
1499 581 1532 605 τὰ
1555 579 1638 615 ἄλογα
1660 579 1837 616 παρελαύνεις.
1861 583 1910 606 Βα-

1104 627 1215 662 ρουμένη
1240 627 1344 662 γαστήρ
1370 625 1423 660 οὐχ
1447 627 1516 654 ὅπως
1539 626 1605 661 πρὸς
1630 622 1736 661 δρόμον,
1764 623 1816 650 ἀλλ’
1845 623 1910 651 οὐδὲ

1105 672 1170 707 πρὸς
1194 671 1272 696 ὕπνον
1294 667 1439 698 ἐπιτηδείου
1467 667 1547 703 διότι,
1563 668 1767 705 καταθλιϐομένη
1791 673 1827 704 τῷ
1842 669 1909 699 πλή-

1106 716 1143 742 θει
1158 714 1225 750 (84),
1242 712 1304 741 οὐδὲ
1327 714 1429 752 ἠρεμεῖν
1455 718 1644 750 σνγχωρεῖται,
1667 713 1718 740 ἀλλ’
1731 713 1909 750 ἀναγκάζεται

1104 760 1199 792 πολλὰς
1214 761 1346 786 ποιεῖσθαι
1361 761 1408 790 τὰς
1422 760 1598 796 περιστροφάς
1612 758 1648 796 ἐφ’
1662 759 1781 797 ἑκάτερα.

223 805 330 832 curris.
349 805 455 832 Venter
467 807 595 833 onustus
605 813 667 833 non
683 805 783 833 solum
798 805 838 833 ad
851 813 985 841 cursum,
998 805 1051 834 sed
1066 813 1104 834 ne
1119 807 1159 833 ad
1174 812 1316 833 somnum
1331 803 1455 840 quidem
1470 803 1688 837 accommodus
1702 806 1758 837 est,
1772 811 1807 832 eo
1823 803 1910 840 quod

221 849 352 877 distento
367 849 507 878 ciborum
523 850 620 887 copia,
638 858 699 879 non
713 850 802 881 datur
814 851 980 888 quiescere,
997 851 1050 879 sed
1065 850 1182 887 cogitur
1197 849 1326 878 subinde
1341 851 1436 878 semet
1456 856 1537 877 nunc
1556 849 1587 877 in
1606 849 1758 882 dextrum,
1772 855 1854 876 nunc
1876 849 1908 877 in

221 893 331 922 laevum
347 893 425 922 latus
444 897 568 923 vertere.

259 940 286 966 5.
311 938 463 974 Jejunium
488 941 586 967 servat
611 939 765 976 parvulos,
791 939 925 968 sobrium
952 939 1051 968 reddit

218 983 374 1018 juvenem,
390 983 594 1012 venerabilem
609 984 680 1012 facit
704 993 827 1018 senem;
850 985 1051 1013 venerabilior

223 1027 305 1056 enim
318 1029 364 1055 est
374 1028 498 1056 canities
507 1029 624 1064 jejunio
635 1029 785 1057 decorata.
795 1029 949 1064 Jejunium
964 1028 1049 1056 femi-

222 1072 268 1099 nis
281 1074 406 1100 ornatus
417 1075 462 1100 est
473 1073 777 1108 congruentissimus;
789 1076 876 1102 aetate
891 1082 926 1102 ac
941 1073 1050 1102 robore

221 1116 396 1151 vigentibus
408 1125 464 1154 pro
475 1118 559 1145 freno
571 1121 615 1146 est
627 1128 632 1152 ;
642 1118 792 1154 jejunium
803 1119 989 1147 matrimonii
1001 1127 1051 1147 cu-

221 1161 320 1190 stodia
331 1164 387 1197 est,
401 1162 577 1197 virginitatis
588 1163 841 1200 nutritius.Atque
850 1163 915 1191 haec
925 1163 1049 1200 quidem

221 1206 385 1234 commoda
409 1207 497 1235 atl'ert
514 1207 655 1243 privatim
678 1208 839 1243 jejunium,
864 1208 895 1235 in
924 1208 1050 1244 singulis

221 1250 347 1284 aedibus,
363 1251 394 1279 in
422 1252 534 1288 quibus
559 1252 675 1280 colitur.
692 1255 727 1280 At
751 1253 872 1289 publice
891 1253 1050 1290 quomodo

220 1295 315 1323 vitam
330 1299 467 1325 nostram
483 1296 656 1332 gubernat?
674 1299 777 1326 Totam
801 1297 959 1326 confestim
982 1297 1050 1326 civi-

222 1342 491 1376 tatem,totumque
499 1341 647 1377 populum
663 1341 701 1369 ad
713 1341 957 1378 tranquillitatem
970 1350 1050 1370 com-

221 1384 316 1420 ponit,
332 1385 471 1421 consopit
486 1385 642 1419 clamores,
659 1385 795 1414 eliminat
813 1386 888 1420 lites,
906 1387 1050 1414 conviciis

220 1428 349 1465 imponit
361 1429 522 1458 silentium.
530 1430 621 1466 Cujus
629 1430 768 1466 magistri
776 1431 935 1468 praesentia
944 1439 1051 1467 puero-

220 1481 289 1501 rum
311 1474 451 1510 strepitus
471 1476 532 1502 taln
557 1474 655 1503 subito
669 1475 843 1511 compescit,
858 1484 952 1512 quam
971 1476 1050 1511 jeju-

221 1518 306 1546 nium
326 1518 468 1547 oboriens
487 1520 615 1548 civitatis
639 1520 785 1548 tumultus
812 1521 952 1550 coercet?
977 1520 1049 1554 Quis

221 1566 440 1592 commessator
451 1564 562 1600 prodiit
572 1564 600 1592 in
610 1565 744 1600 jejunio?
755 1566 823 1601 quis
834 1573 971 1601 unquam
980 1565 1050 1593 cho-

219 1614 272 1634 rus
291 1607 453 1636 lasciviens
469 1609 613 1644 ajejunio
628 1612 749 1638 coactus
766 1610 829 1637 est?
843 1610 944 1638 Teneri
960 1610 1048 1642 risus,

1066 911 1085 937 Β

1142 942 1167 967 5.
1188 942 1306 968 Νηστεία
1329 938 1457 975 φυλάσσει
1481 940 1572 972 νήπια,
1597 938 1751 975 σωφρονίζει
1774 939 1817 964 τὸν
1841 941 1907 972 νέον,

1106 985 1197 1020 σεμνὸν
1221 987 1289 1010 ποιεῖ
1312 985 1355 1009 τὸν
1379 982 1537 1020 πρεσϐύτην·
1562 980 1755 1019 αἰδεσιμωτέρα
1781 984 1832 1020 γὰρ
1857 992 1908 1008 πο-

1104 1028 1147 1054 λιά
1171 1031 1279 1064 νηστείᾳ
1302 1030 1495 1064 κεκοσμημένη.
1521 1027 1626 1058 Γυναιξὶ
1647 1029 1746 1064 κόσμος
1770 1025 1908 1064 ἁρμοδιώ-

1104 1083 1191 1105 τατος,
1220 1071 1388 1109 ἀκμαζόντων
1415 1071 1533 1107 χαλινὸς,
1565 1071 1695 1107 συζυγίας
1721 1071 1908 1109 φυλακτήριον,

1104 1118 1244 1154 παρθενίας
1268 1119 1371 1154 τροφός,
1398 1119 1523 1142 Τοιαῦται
1546 1117 1591 1153 μὲν
1616 1117 1644 1142 αἱ
1667 1115 1724 1142 καθ’
1738 1116 1847 1142 ἕκαστον
1873 1115 1909 1142 οῖ-

1104 1171 1148 1188 κον
1173 1161 1254 1192 αὐτῆς
1276 1160 1428 1197 ἐπιμέλειαι.
1450 1163 1570 1197 Δημοσίᾳ
1591 1159 1621 1187 δὲ
1642 1165 1696 1191 πῶς
1711 1164 1747 1196 τῷ
1767 1160 1818 1196 βίῳ
1834 1162 1908 1196 ἡμῶν

1106 1206 1318 1242 ἐμπολιιτεὺεταη
1340 1208 1430 1231 Πᾶσαν
1453 1204 1553 1241 ἀθρόως
1574 1207 1621 1234 τὴν
1645 1205 1728 1238 πόλιν,
1754 1208 1798 1231 καὶ
1822 1206 1910 1231 πάντα

1104 1252 1148 1276 τὸν
1164 1249 1248 1287 δῆμον
1273 1250 1431 1287 μεθαρμόζει
1455 1251 1521 1285 πρὸς
1543 1249 1672 1283 εὐταξίαν,
1689 1249 1803 1285 κοιμίζει
1823 1259 1909 1285 κραυ-

1104 1297 1164 1331 γὴν,
1181 1294 1291 1332 ἐξορίζει
1305 1296 1397 1330 μάχην
1413 1294 1479 1330 (85),
1501 1292 1634 1330 λοιδορίαν
1658 1294 1842 1330 κατασιγάζει.
1859 1296 1908 1320 Τί-

1104 1349 1147 1370 νος
1181 1337 1347 1365 διδασκάλου
1381 1341 1515 1375 παρουσία
1547 1337 1649 1365 παίδων
1684 1338 1792 1375 θόρνϐον
1825 1338 1908 1369 οὕτως

1079 1383 1081 1408 ί
1105 1383 1206 1420 ἀθρόως
1229 1385 1399 1417 καθίστησιν,
1425 1385 1458 1414 ὡς
1483 1384 1496 1412 ἡ
1523 1385 1632 1412 νηστεία
1654 1387 1836 1420 παραφανεῖσα
1860 1393 1908 1409 τα-

220 1651 396 1679 meretriciae
421 1652 588 1687 cantilenae,
613 1653 729 1681 insanae
753 1653 927 1682 saltationes
949 1654 1049 1683 subito
1078 1667 1081 1683 ι

219 1695 381 1730 diffugiunt
390 1705 406 1724 e
417 1697 544 1731 civitate,
562 1705 580 1725 a
591 1698 706 1733 jejunio
720 1700 867 1734 tanquam
877 1698 916 1726 ab
927 1701 1049 1727 austero

220 1740 367 1776 quopiam
379 1741 481 1776 judice
497 1742 527 1769 in
543 1742 682 1770 exsilium
698 1745 783 1770 actae.
802 1743 888 1776 Quod
903 1743 927 1770 si
942 1751 1048 1771 omnes

214 1785 365 1821 jejunium
381 1786 419 1814 ad
430 1794 477 1813 res
489 1787 638 1821 gerendas
649 1787 679 1815 in
689 1787 846 1815 consilium
858 1787 1046 1821 adhiberent,

217 1830 294 1858 nihil
309 1830 444 1859 obstaret
458 1831 622 1867 quominus
638 1840 692 1868 per
707 1832 883 1860 universum
896 1834 1046 1861 terrarum

217 1875 323 1903 orbem
337 1875 399 1903 alta
413 1883 473 1912 pax
487 1879 577 1909 esset,
593 1876 730 1905 videlicet
749 1885 804 1904 nec
820 1877 884 1905 aliis
906 1877 1047 1912 gentibus

216 1920 248 1948 in
259 1919 333 1948 alias
346 1920 585 1955 insurgentibus,
594 1929 649 1948 nec
661 1921 840 1949 exercitibus
849 1929 959 1949 manus
969 1922 1047 1951 inter

217 1972 249 1991 se
265 1965 506 1993 conserentibus.
521 1967 560 1993 Nc
576 1973 662 1994 arma
679 1966 803 2002 quidem
817 1966 1009 2001 cuderentur,
1021 1967 1046 1995 si

217 2008 364 2044 jejunium
380 2009 504 2044 vigeret,
520 2017 577 2037 nec
598 2010 664 2038 fora
681 2011 839 2046 judicialia
861 2013 1047 2039 exstrueren-

217 2055 274 2088 tur,
290 2061 389 2089 neque
405 2054 569 2090 quisquam
584 2054 732 2083 habitaret
742 2055 772 2083 in
792 2055 847 2092 14
863 2056 1045 2086 carceribus.

217 2098 250 2125 In
273 2106 404 2130 summa,
421 2107 477 2127 nec
501 2099 621 2128 deserta
644 2100 792 2129 haberent
810 2100 976 2135 maleficos,
991 2110 1047 2130 nec

216 2142 350 2170 civitates
363 2143 582 2179 sycophantas,
599 2151 653 2172 nec
669 2152 753 2172 mare
765 2144 889 2181 piratas.
903 2145 930 2173 Si
942 2153 1048 2173 omnes

215 2189 318 2215 essent
343 2187 451 2223 jejunii
473 2188 624 2225 discipuli,
645 2197 772 2225 prorsus
796 2197 859 2217 non
883 2190 1046 2224 audiretur,

215 2233 248 2260 ut
268 2232 325 2260 Job
346 2233 426 2272 ait“,
443 2241 500 2261 vox
523 2234 691 2267 exactoris;
714 2242 769 2262 nec
793 2234 856 2262 vita
878 2237 984 2263 nostra
1007 2238 1049 2263 tot

214 2277 364 2313 suspiriis,
376 2280 418 2306 tot
433 2279 614 2307 mmroribtxs
630 2281 708 2307 esset
720 2279 848 2313 diﬂ'crta,
862 2280 887 2307 si
897 2280 1048 2314 jejunium

213 2322 308 2350 vitam
331 2325 467 2351 nostram
490 2324 671 2360 gubernare.
697 2324 872 2360 Perspicum
897 2327 943 2353 est
966 2325 1048 2353 enim

214 2367 298 2404 quod
309 2375 558 2405 unumquemque
568 2369 689 2397 doceret
699 2377 761 2397 non
772 2371 890 2397 tantum
899 2369 929 2396 in
938 2369 1046 2398 eduliis

251 2422 275 2439 ⁶⁰
291 2423 300 2449 l
318 2423 387 2450 Cor.
408 2430 448 2458 v1,
466 2423 508 2450 10.
549 2424 570 2440 δ’
584 2422 640 2451 Job
653 2431 695 2457 ιιι,
711 2424 753 2451 18.
773 2432 787 2437 ’⁷

250 2474 305 2513 (83)
342 2477 411 2511 Reg.
443 2477 560 2512 primus
595 2476 707 2513 ἀγωνίας
738 2479 920 2513 προκειμένης·
951 2485 1045 2513 quam

215 2511 396 2547 scripturam
413 2511 619 2548 sequeremur,
636 2512 692 2540 nisi
709 2511 780 2540 editi
793 2515 821 2540 et
832 2511 882 2540 alii
893 2511 971 2542 mss.
987 2515 1046 2542 vul-

214 2551 317 2582 gatam
342 2547 501 2575 lectionem
527 2550 690 2575 tuerentur.
709 2547 792 2575 Haud
816 2548 904 2583 longe
926 2549 996 2577 editi
1016 2552 1045 2578 et

214 2591 291 2620 mss.
325 2584 492 2620 καταπιέζεις
524 2588 564 2620 τῴΔ
593 2586 671 2620 κάρῳ,
706 2591 766 2611 non
794 2588 982 2617 καταπιαίνεις,
1012 2589 1046 2613 ut,

214 2617 391 2646 Tilmannus
416 2618 446 2646 in
470 2626 523 2645 ora
546 2617 804 2647 libri‘a’dnotarat.
820 2621 877 2648 Nec
892 2621 934 2648 ita
949 2621 1045 2649 inulto

214 2656 283 2690 post
296 2662 369 2681 mss.
386 2654 449 2691 duo
466 2653 609 2691 βουλομένη
623 2656 684 2691 γάρ.

249 2689 448 2728 (81’s)AAntiqui
471 2689 533 2716 duo
548 2689 631 2718 'libri
654 2689 811 2718 {lollierlini
838 2691 1042 2728 καταθλιϐομένη

214 2729 250 2760 τῷ
272 2725 361 2760 ἄχθει.
382 2725 544 2761 Aliquanto
571 2729 640 2762 post
661 2727 729 2761 Reg.
755 2727 873 2763 primus
899 2725 1045 2764 σεμνοποιεῖ

1063 2264 1084 2290 D

1104 1431 1193 1466 ραχην
1218 1428 1315 1459 πόλεως
1338 1427 1523 1461 καταστέλλει;
1549 1431 1627 1458 Ι-Ιοῐος
1650 1431 1793 1464 κωμαστὴς
1820 1427 1843 1453 ἐν
1864 1438 1908 1457 νη-

1107 1475 1181 1509 στείᾳ
1204 1472 1336 1510 προῆλθε;
1365 1475 1440 1503 ποῖος
1460 1474 1543 1509 χορὸς
1567 1471 1680 1507 ἀσελγὴς
1707 1471 1756 1498 ἀπό
1784 1474 1908 1502 νηστείας

1106 1519 1239 1550 συνέστης
1254 1516 1360 1543 Ἀπαλοὶ
1381 1516 1499 1552 γῇωτες,
1526 1519 1570 1542 καὶ
1594 1517 1702 1553 ᾅσματα
1725 1518 1846 1553 πορνικά,
1863 1520 1908 1543 καὶ

1105 1561 1234 1598 ὀρχήσεις
1257 1561 1374 1598 ἐκμανείς
1399 1560 1520 1592 ἐξαπίνης
1548 1565 1596 1591 τῆς
1623 1560 1720 1591 πόλεως
1746 1560 1907 1598 ὑπεξέρχον-

1104 1616 1148 1632 ται
1172 1607 1240 1642 (86),
1266 1608 1352 1642 ὥσπερ
1381 1606 1430 1631 ὑπὸ
1457 1603 1586 1632 δικαστοῦ
1611 1615 1680 1636 τινος
1704 1605 1838 1641 αὐστηροῦ
1859 1610 1908 1637 τῆς

1104 1654 1226 1681 νηστείας
1241 1648 1456 1687 φυγαδευθεῑσαι.
1482 1650 1511 1676 Εἰ
1536 1648 1566 1676 δὲ
1589 1651 1681 1681 πάντες
1705 1650 1786 1679 αὐτὴν
1802 1649 1837 1680 εἰς
1859 1652 1906 1680 τὴν

1103 1697 1166 1733 υπίρ
1196 1700 1246 1722 τῶν
1270 1697 1403 1732 πρακτέων
1425 1694 1569 1731 σύμϐουλον
1597 1694 1802 1731 παρελάμϐανον,
1829 1693 1906 1721 οὐδὲν

1104 1740 1197 1766 ἐκώλυε
1212 1739 1320 1777 βαθεῖαν
1337 1740 1439 1777 εἰρήνην
1462 1740 1526 1765 εἶναι
1549 1740 1617 1765 κατὰ
1637 1742 1724 1765 πᾶσαν
1746 1741 1792 1768 τὴν
1817 1739 1907 1765 οἰκου-

1103 1787 1191 1822 μένην*
1219 1787 1285 1820 μήτε
1315 1783 1392 1810 ἐθνῶν
1427 1783 1634 1820 ἐπανισταμένων
1670 1782 1809 1817 ἀλλήλοις,
1842 1787 1909 1820 μήτε

1104 1827 1288 1866 στρατοπέδων
1331 1828 1557 1866 συρρηγνυμένων.
1596 1828 1651 1854 Οὐκ
1688 1827 1718 1853 ἄν
1752 1827 1908 1864 ἐχαλκεύετο

1103 1874 1178 1907 ὅπλα,
1194 1876 1316 1904 νηστείας
1338 1875 1497 1910 κρατούσης,
1523 1871 1580 1899 οὐδ’
1598 1872 1628 1899 ἂν
1654 1871 1819 1910 δικαστήρια
1843 1883 1908 1899 συν-

1103 1922 1240 1956 εκροτεῖτο,
1266 1916 1323 1944 οὐδ’
1344 1917 1374 1943 ἂν
1396 1920 1479 1944 ὢκονν
1503 1919 1570 1948 τινὲς
1590 1918 1624 1943 τά
1648 1915 1829 1955 δεσμωτήρια,
1852 1916 1909 1944 οὐδ’

1103 1963 1132 1989 ἂν
1157 1963 1221 1993 ὢιως
1243 1961 1315 1998 εἶχον
1340 1965 1367 1988 αί
1389 1962 1496 1999 ἐρημίαι
1517 1964 1577 1993 τοὺς
1599 1965 1821 1999 κακουργοῦντας,
1842 1963 1858 1992 ἡ
1881 1963 1909 1988 αὶ

1102 2007 1188 2038 πόλεις
1212 2009 1273 2037 τοὺς
1302 2007 1466 2042 συκοφάντας
1483 2027 1489 2039 ,
1519 2006 1534 2035 ἣ
1564 2008 1626 2037 τοὺς
1654 2008 1866 2038 καταποντιστὰς
1891 2009 1905 2036 ἠ

1104 2052 1234 2079 θάλασσα.
1251 2051 1281 2077 Εἰ
1295 2052 1388 2081 πάντες
1404 2049 1471 2080 ἦσαν
1493 2051 1610 2087 μαθηταὶ
1631 2055 1680 2082 τῆς
1702 2054 1834 2084 νηστείας,
1851 2050 1908 2078 οὐδ’

1103 2096 1133 2122 ἂν
1157 2097 1276 2126 ἠκούσθη
1300 2095 1372 2128 ὅλως,
1400 2105 1468 2121 κατα
1493 2097 1537 2121 τὸν
1565 2099 1611 2121 τοῦ
1637 2094 1694 2122 Ἰὼϐ
1720 2095 1806 2131 λόγον,
1835 2099 1905 2132 φωνὴ

1103 2141 1255 2178 φορολόγου,
1278 2138 1334 2166 οὐδ’
1347 2139 1377 2165 ἂν
1392 2140 1483 2175 ,οὕτως
1507 2138 1537 2168 ἦν
1553 2140 1606 2175 (8⁸7)
1623 2140 1636 2166 ὁ
1652 2139 1711 2176 βίος
1734 2141 1807 2176 ἡμῶν
1823 2140 1905 2167 πολυ-

1105 2189 1243 2215 στένακτος
1275 2187 1320 2210 καὶ
1348 2187 1490 2220 κατηφείας
1522 2184 1634 2221 πλήρης,
1669 2184 1691 2210 εἰ
1723 2188 1831 2213 νηστεία
1861 2187 1905 2212 τόν

1105 2229 1164 2267 βίον
1189 2231 1261 2266 ἡμῶν
1287 2228 1448 2266 ἑπρντὰνευε.
1475 2229 1554 2258 Δῆλον
1578 2230 1639 2266 γὰρ,
1665 2230 1706 2255 ὅτι
1729 2227 1849 2261 ἐδίδαξεν
1874 2230 1905 2256 ἂν

1103 2276 1203 2306 πάντας
1225 2274 1289 2310 οὐχὶ
1315 2273 1460 2310 βρωμάτων
1484 2276 1560 2310 μόνον
1582 2273 1743 2310 ἐγκράτειαν,
1770 2273 1834 2300 ἀλλὰ
1859 2278 1905 2302 καὶ

1104 2319 1287 2357 φιλαργυρίας,
1309 2320 1355 2344 καὶ
1376 2318 1531 2352 πλεονεξίας,
1555 2320 1599 2344 καὶ¹
1620 2318 1711 2349 πάσης
1731 2321 1826 2350 κακίας
1842 2329 1905 2345 παν-

1101 2364 1158 2394 τελῆ
1177 2366 1261 2401 φυγὴν
1282 2366 1327 2390 καὶ
1347 2361 1524 2399 ἀλλοτρίωσιν.
1542 2363 1590 2390 ⁷Ων
1614 2361 1802 2400 ἐξαιρεθέντων,
1829 2362 1904 2390 οὐδὲν

1100 2473 1144 2498 τὸν
1160 2470 1318 2507 πρεσϐύτηνς
1334 2468 1530 2507 αἰδεσιμωτάτη
1544 2472 1604 2507 γάρ.

1137 2505 1195 2542 (85')
1216 2506 1292 2534 Editi
1306 2505 1451 2542 ἐξομαλίξει
1465 2505 1624 2542 μάχην.Ἀῐ
1648 2506 1729 2540 Regii
1749 2508 1807 2535 tres
1830 2515 1904 2537 mss.

1101 2543 1269 2583 ettotidcm
1287 2541 1448 2570 Colbertini
1466 2541 1596 2570 et'Coisl.
1614 2541 1733 2579 ἐξορίζει,
1748 2543 1844 2571 multo
1862 2552 1906 2571 re-

1101 2581 1192 2676 Οιιέὲῖὶ.)
1212 2613 1295 2642 C011).
1309 2613 1426 2649 primus
1442 2613 1538 2644 πόλεως
1551 2613 1712 2654 ἐξέρχονται.

1146 2651 1188 2676 87)
1221 2649 1321 2676 Codex
1354 2648 1490 2676 Combef.
1529 2651 1572 2675 τὸν
1613 2650 1663 2676 ιωϐ
1696 2651 1817 2676 idea-4....
1852 2651 1880 2676 ad

1146 2651 1188 2680 87)
1221 2648 1321 2677 Codes
1354 2648 1490 2678 Combet'.
1529 2651 1572 2675 τὸν
1591 2648 1663 2676 “luit?
1696 2651 1817 2686 λόγον....
1852 2649 1903 2676 οὐδ

1101 2685 1130 2711 ἂν
1146 2686 1189 2714 ἦν.
