2029 3136
274 132 324 160 190

953 131 981 159 8.
1004 128 1129 158 BASILII
1147 129 1268 157 MAGNI.

1903 129 1956 158 200

272 194 467 229 gniﬁcantem
490 192 699 229 apprehendit,
725 200 865 221 sermone
888 192 969 221 velut
990 191 1095 228 cymba

1157 190 1332 228 ἐποχουμένη,
1359 190 1513 230 διαπερῶσα
1540 192 1584 218 τὸν
1613 191 1684 228 ἀέρα,
1714 191 1741 218 ἐκ
1765 195 1810 218 τοῦ
1839 193 1954 229 φθεγγο-

270 238 407 275 quadam
418 237 544 272 vehitur,
557 239 586 265 et
598 245 699 265 aerem
712 237 915 272 transvolans,
929 245 947 265 a
959 237 1100 273 loquente

271 283 377 311 transit
397 282 435 310 ad
456 282 641 310 audientem.
658 282 770 315 Quodsi
786 285 876 310 nacta
900 281 989 310 fuerit
1008 281 1100 310 altam

272 327 518 361 tranquillitatem
534 335 569 354 ac
581 327 725 364 quietem,
736 330 796 355 tum
809 335 909 355 sermo
926 325 1018 354 veluti
1031 333 1100 362 por-

271 375 336 401 tum
346 372 511 409 quemdam
523 372 678 409 placidum
687 370 1100 408 actranquillum,discipulo-

270 425 339 446 rum
356 425 445 445 aures
461 417 560 451 subit;
574 417 620 445 sin
631 420 732 445 autem
746 418 891 446 excitatus
905 416 944 445 ab
955 415 1099 445 auditori-

270 462 329 490 bus
340 462 589 498 tumultus,quasi
596 462 852 499 asperaquaedam
858 464 1022 498 tempestas
1030 468 1100 489 con-

269 510 315 535 tra
330 506 479 543 aspirarit,
495 507 596 534 medio
607 507 637 534 in
650 515 718 535 aere
731 507 895 535 dissolutus
905 506 1099 541 naufragium

270 551 350 579 facit.
367 552 438 579 Date
459 550 550 586 igitur
565 551 697 587 quietem
717 551 850 579 sermoni
864 559 918 588 per
935 550 1097 578 silentium.

271 597 302 623 ln
314 603 350 624 eo
361 596 441 623 enim
455 595 581 624 fortasse
596 595 747 623 videbitur
757 595 871 632 aliquid
887 595 967 629 utile,
981 602 1036 622 nec
1050 594 1099 622 in-

269 640 399 675 dignum
414 640 497 676 quod
513 640 584 668 hinc
599 640 759 668 vobiscum
777 640 949 676 exportetis.
968 638 1098 667 Difﬁcilis

269 686 360 720 captu
370 686 415 712 est
428 684 558 712 veritatis
574 692 686 716 sermo.
701 692 736 712 ac
752 684 839 712 facile
854 686 953 720 potest
967 683 1098 719 effugere

269 735 331 756 non
344 730 483 756 attentos.
500 728 542 756 Ita
557 729 638 757 enim
652 729 745 756 voluit
763 728 890 764 Spiritus
904 730 1026 756 sanctus
1039 735 1098 756 ser-

270 781 392 801 monem
406 781 496 801 suum
507 775 696 801 contractum
703 781 769 802 esse
778 781 812 801 ac
823 772 1099 808 brevem,utpaucis

270 817 367 846 multa
382 818 539 852 signiﬁcet,
556 817 699 854 nulloque
714 818 836 853 negotio
856 817 894 846 ob
919 817 1098 845 brevitatem

269 861 369 890 valeat
384 862 471 890 facile
492 862 641 890 memoria
662 862 793 890 retineri.
817 864 890 890 Nam
915 865 944 890 et
960 861 1098 890 naturale

269 907 418 935 sermonis
428 915 540 935 munus
550 909 705 943 est,neque
721 907 903 935 obscuritate
917 907 969 942 17
984 914 1020 935 ea
1029 914 1097 943 quae

270 951 458 986 signiﬁcatur
470 951 633 987 occultare,
647 959 745 988 neque
758 959 1020 988 supervacaneum
1033 959 1098 979 esse

269 998 299 1024 et
312 1004 437 1027 vanum,
463 1004 499 1024 ac
527 998 635 1024 temere
654 996 745 1024 rebus
769 996 990 1024 circumﬂuum.
1014 997 1098 1024 Certe

269 1040 419 1076 ejusmodi
430 1042 499 1068 sunt
510 1049 545 1069 ea
552 1040 723 1077 verbaque
738 1041 831 1069 modo
841 1040 930 1069 nobis
941 1049 977 1068 ex
987 1040 1097 1076 Moysis

268 1085 353 1113 libris
369 1085 492 1113 recitata
507 1087 585 1118 sunt,
604 1094 736 1122 quorum
751 1086 877 1113 omnino
895 1085 1098 1114 recordamini

269 1137 322 1158 vos
334 1130 386 1166 qui
400 1129 526 1158 studiosi
536 1130 619 1165 estis,
637 1130 696 1158 nisi
709 1130 783 1158 forte
804 1131 843 1158 ob
863 1138 951 1158 suam
966 1130 1097 1158 brevita-

269 1176 329 1202 tem
342 1176 458 1202 vestras
469 1173 721 1210 prteterﬂuxerint
728 1182 826 1202 aures.
838 1176 879 1203 lta
889 1177 991 1203 autem
1002 1177 1033 1203 se
1045 1174 1098 1202 ha-

267 1218 320 1246 bet
331 1218 478 1246 scntentia
489 1227 496 1246 :
509 1218 640 1246 Attende
652 1219 778 1254 tibiipst,
787 1227 826 1247 ne
834 1219 956 1255 quando
964 1219 1019 1253 ﬁat
1030 1226 1097 1247 ver-

269 1262 338 1290 bum
354 1263 503 1291 occultum
519 1263 550 1290 in
566 1263 655 1291 corde
671 1266 722 1291 tuo
738 1264 892 1299 iniquitas.
914 1265 1025 1292 Sumus
1041 1271 1097 1291 nos

267 1307 408 1335 homines
424 1307 464 1335 ad
477 1310 602 1343 peccata
617 1307 835 1342 cogitationum
851 1307 1006 1344 proclives.
1022 1309 1098 1341 Qua-

267 1354 390 1388 propter
399 1352 451 1388 qui
461 1352 554 1380 corda
564 1355 668 1380 nostra
681 1352 855 1388 singillatim
867 1353 998 1387 ﬁnxit”,
1013 1352 1097 1381 haud

268 1396 387 1424 nescius
402 1396 433 1423 in
451 1396 614 1424 voluntatis
633 1396 817 1433 appetitione
841 1397 985 1433 compleri
1004 1397 1098 1425 maxi-

268 1449 351 1469 mam
366 1443 558 1478 peccatorum
574 1444 702 1477 partem,
717 1442 880 1478 puritatem
895 1442 926 1470 in
938 1442 1097 1479 principali

268 1485 377 1514 anima;
390 1488 474 1522 parte
495 1486 596 1521 sitam,
619 1494 674 1514 ceu
684 1486 852 1523 principem
870 1495 905 1514 ac
920 1487 1096 1523 primariam

267 1531 356 1559 nobis
366 1530 552 1558 constituit.N
556 1539 606 1559 am
620 1531 751 1559 maxime
762 1539 823 1567 qua
834 1534 920 1567 parte
933 1531 1017 1560 facile
1029 1539 1096 1568 pro-

267 1575 401 1603 labimur
412 1575 443 1603 in
455 1577 590 1611 peccata,
605 1575 683 1603 hanc
694 1576 836 1603 custodia
848 1583 883 1604 ac
895 1584 967 1604 cura
979 1576 1095 1612 majore

267 1619 411 1655 dignatus
426 1623 481 1648 est.
497 1620 763 1652 Quemadmodum
778 1620 860 1648 enim
875 1621 986 1649 medici
995 1621 1095 1658 provi-

268 1663 418 1692 dentiores
429 1664 626 1692 imbecilliora
636 1672 764 1700 corpora
775 1664 896 1693 monitis
908 1665 1095 1701 quibusdam

269 1707 306 1736 ad
323 1708 495 1737 cautionem
510 1708 652 1737 adhibitis
667 1708 764 1737 multo
780 1711 848 1738 ante
863 1710 1093 1738 communiunt:

267 1753 410 1781 eumdem
431 1753 470 1782 ad
485 1753 612 1781 modum
628 1753 798 1782 communis
813 1757 942 1788 curator,
963 1757 991 1783 et
1005 1763 1095 1783 verus

268 1798 440 1828 animarum
466 1798 614 1833 medicus,
638 1807 732 1835 quam
755 1801 872 1835 partem
883 1800 922 1828 ad
935 1802 1094 1836 peccatum

267 1851 396 1880 pronam
406 1843 437 1871 in
450 1843 538 1871 nobis
553 1844 685 1871 maxime
701 1844 795 1879 novit,
812 1852 879 1872 eam
894 1844 1093 1873 validioribus

267 1888 414 1924 praesidiis
429 1888 630 1924 praemunivit.
650 1888 766 1916 Etenim
788 1897 941 1925 corporeae
959 1890 1093 1918 actiones

267 1935 403 1968 tempore
416 1932 563 1968 indigent,
573 1933 809 1969 opportunitate,
823 1933 938 1968 labore,
949 1934 1093 1970 adjutori-

265 1976 335 2009 bus,
351 1977 481 2012 denique
492 1976 611 2013 reliquo
622 1980 803 2005 commeatu.
816 1978 836 2005 E
850 1977 984 2014 diverso,
1000 1978 1094 2007 animi

267 2023 368 2049 motus
380 2021 453 2049 citra
463 2021 608 2057 temporis
620 2029 739 2049 moram
752 2022 839 2055 ﬁunt,
850 2023 1046 2058 perﬁciuntur
1056 2023 1094 2051 ci-

266 2066 313 2091 tra
321 2063 540 2098 lassitudinem,
555 2063 629 2092 citra
638 2064 790 2099 negotium
807 2064 901 2093 ullum
914 2066 1092 2099 consistunt,

265 2108 409 2137 idoneum
420 2108 495 2145 ipsis
511 2111 555 2137 est
565 2111 685 2145 tempus
698 2117 797 2137 omne.
813 2111 846 2138 Et
864 2118 938 2138 sane
953 2119 1094 2139 nonnun-

266 2161 359 2190 quam
375 2153 524 2182 invenitur
538 2153 591 2190 qui
605 2161 751 2189 arrogans
764 2154 812 2189 sit,
827 2155 1042 2192 superbiatque
1057 2156 1094 2184 de

267 2198 410 2234 gravitate
425 2200 454 2226 et
472 2198 618 2233 castitate,
643 2199 755 2236 quique
777 2200 961 2228 extrinsecus
976 2208 1038 2236 pra;
1063 2209 1094 2229 se

265 2243 363 2271 ferens
372 2243 577 2279 temperantiae
587 2243 713 2278 larvam,
723 2251 758 2272 ac
769 2244 948 2280 plerumque
958 2245 1035 2273 inter
1043 2253 1094 2273 eos

265 2287 318 2324 qui
330 2288 430 2324 ipsum
441 2287 481 2315 ob
490 2288 629 2316 virtutem
639 2287 763 2316 beatum
773 2289 1094 2325 praedicant,desidens

266 2332 469 2367 medius,mox
480 2334 581 2361 tamen
597 2332 778 2368 cogitatione
790 2340 845 2368 per
859 2333 1012 2362 occultum
1027 2342 1092 2362 cor-

265 2376 312 2405 dis
322 2379 438 2405 motum
451 2377 489 2405 ad
501 2377 618 2414 peccati
628 2377 729 2406 locum
742 2378 980 2407 accurrat.Videt
991 2379 1093 2408 animo

266 2421 438 2457 concupita,
452 2422 693 2450 comminiscitur
705 2429 901 2457 congressum
916 2425 1092 2461 quempiam

264 2464 454 2498 indecorum,
470 2474 506 2494 ac
525 2466 656 2502 denique
671 2466 702 2494 in
724 2465 828 2494 abdita
845 2467 941 2495 cordis
959 2468 1092 2504 ofﬁcina,

264 2511 378 2540 claram
403 2511 433 2540 in
461 2511 560 2548 seipso
580 2510 741 2547 voluptatis
763 2511 893 2548 speciem
914 2511 1092 2549 depingens,

264 2555 354 2584 nullis
369 2555 492 2584 testibus
508 2555 586 2584 intra
601 2563 632 2583 se
646 2558 805 2592 peccatum
821 2559 982 2594 perpetrat,
996 2559 1092 2587 omni-

299 2632 324 2650 ⁷⁶
343 2631 536 2666 Psal.xxx1v,
555 2633 596 2660 lt.

301 2711 339 2748 (8‘)
355 2710 384 2736 ln
401 2707 554 2748 aliquibus
569 2708 725 2748 codicibus
741 2709 970 2748 Combeﬁsianis
983 2711 1090 2747 legitur

265 2742 407 2788 ιξυνάμενος
425 2742 551 2784 ixi-gyan.
581 2745 640 2773 Nec
664 2745 705 2774 ita
731 2745 826 2775 multo
849 2749 918 2783 post
934 2749 993 2776 tres
1012 2742 1089 2776 inss.

264 2784 330 2808 ὥστε
345 2784 455 2807 πλεῖστα
470 2791 503 2807 εν.

1155 238 1231 271 μένον
1255 236 1403 272 μεταϐαίνει
1426 239 1492 274 πρὸς
1517 238 1560 262 τόν
1583 236 1719 263 ἀκούοντα·
1745 236 1791 262 κάν
1817 239 1861 273 μὲν
1891 238 1952 275 εὕρῃ

1153 280 1268 316 γαλήνην
1284 280 1392 317 βαθεῖαν
1407 283 1452 307 καὶ
1476 282 1604 317 ἡσυχίαν,
1621 282 1707 318 ὧσπερ
1731 281 1831 317 λιμέσιν
1855 280 1955 312 εὐδίοις

1154 327 1198 350 καὶ
1222 324 1395 362 ἀχειμάστοις
1410 329 1467 356 ταῖς
1483 325 1574 357 ἀκοαῖς
1590 330 1640 351 τῶν
1659 327 1837 362 μανθανόντων
1851 327 1865 352 ὁ
1877 326 1954 362 λόγος

1154 368 1381 406 ἐγκαθορμιζεται⁸
1405 369 1447 396 ἐὰν
1467 368 1497 396 δὲ
1518 369 1571 396 οἷον
1588 369 1652 400 ζάλῃ
1667 380 1707 401 τις
1728 374 1841 407 τραχεῖα
1853 371 1866 396 ὁ
1882 372 1955 408 παρά

1153 417 1203 439 τῶν
1226 413 1370 440 ἀκουόντων
1393 414 1501 452 θόρυϐος
1525 413 1692 450 ἀντιττνεύσῃ,
1716 413 1740 440 ἐν
1761 417 1832 451 μέσῳ
1847 419 1884 450 τῷ
1898 414 1954 452 ἀέρι

1154 456 1286 489 διαλυθεὶς
1313 458 1466 495 ἐνανοίγησι,
1497 461 1629 488 Ποιήσατε
1664 461 1749 484 τοίνυν
1775 459 1890 495 γαλήνην
1918 465 1953 495 τῷ

1152 502 1219 539 λόγῳ
1240 501 1287 530 διὰ
1299 507 1346 534 τῆς
1369 508 1479 534 σιωπῆς.
1503 503 1580 534 Ἴσως
1593 505 1644 540 γὰρ
1668 505 1698 530 οἶν
1718 513 1744 530 τι
1766 506 1853 540 φανείη
1878 507 1953 541 χρη-

1154 557 1229 584 σιμον
1252 550 1319 584 ἔχων
1344 553 1393 574 τῶν
1418 548 1568 584 ἀγωγίμων.
1591 549 1760 585 Δνσθὴρατός
1782 547 1852 574 ἐστιν
1877 550 1890 574 ὁ
1906 553 1953 579 τῆς

1153 591 1274 623 ἀληθείας
1295 593 1380 628 λόγος,
1405 591 1505 630 ῥᾳδίως
1529 591 1671 629 δυνάμενος
1685 592 1815 629 ἐκφεύγειν
1829 593 1869 629 (8)
1893 596 1954 625 τοὺς

1152 639 1187 674 μὴ
1214 640 1403 674 προσέχοντας,
1427 637 1495 663 οὕτω
1520 641 1566 663 τοῦ
1595 639 1743 674 Πνεὺματος
1766 638 1954 674 οἰκονομήσαν-

1152 692 1196 713 τος
1212 683 1412 718 συνεσταλμένον
1428 682 1504 708 αὐτὸν
1519 680 1583 708 εἶναι
1595 685 1639 708 καὶ
1655 681 1772 719 βραχὺν,
1789 682 1857 709 ὣστε
1872 682 1954 709 πολλά

1122 734 1125 737 “
1153 725 1176 752 ἐν
1202 726 1299 762 ὀλίγοις
1321 725 1427 760 δηλοῦν,
1453 729 1497 753 καὶ
1520 725 1566 753 διὰ
1591 729 1732 763 συντομίαν
1761 727 1865 753 εὔκολον
1889 726 1955 753 εἶναι

1110 2140 1132 2168 ῐ)

1152 775 1183 807 τῇ
1201 774 1288 808 μνήμη
1310 771 1568 809 παραατασχέσθαι
1579 771 1625 802 (9).
1652 773 1702 798 Καὶ
1713 772 1764 808 γὰρ
1781 773 1857 808 φύσει
1873 771 1952 809 ἀρετὴ

1152 815 1230 851 λόγου
1251 819 1317 852 μήτε
1339 815 1451 852 ἀσαφείᾳ
1475 817 1597 853 κρύπτειν
1621 817 1654 842 τὰ
1677 818 1865 852 σημαινόμενα,
1887 819 1954 852 μήτε

1153 862 1271 898 περιττόν
1287 859 1352 886 εἶναι
1373 863 1417 886 καὶ
1438 861 1548 897 μάταιον
1564 862 1618 890 είκῆ
1636 864 1691 891 τοῖς
1705 861 1844 898 πράγμασι
1860 861 1953 898 περιρ-

1152 906 1252 943 ρέοντα.
1269 905 1372 936 Ὀποῐος
1386 904 1429 932 οὖν
1453 904 1485 934 δή
1504 905 1560 932 ἐστι
1575 907 1620 931 καὶ
1642 905 1655 931 ὁ
1671 904 1765 942 ἀρτίως
1777 906 1840 941 ἡμῖν
1856 905 1884 931 ἐκ
1904 911 1953 931 τῶν

1153 952 1284 980 Mei-Seio);
1309 949 1405 986 βιελων
1435 949 1624 986 ὼιεγνωσμένος
1649 949 1735 985 λόγος,
1766 949 1795 976 οὗ
1819 951 1955 986 μέμνησθε

1153 995 1254 1025 παντως
1270 993 1293 1020 οἳ
1312 1004 1342 1030 γε
1356 994 1497 1030 φιλόπονοι,
1520 994 1586 1023 πλὴν
1602 994 1623 1020 εἰ
1638 997 1672 1030 μή
1696 1004 1746 1020 πον
1769 992 1816 1020 διὰ
1841 993 1954 1031 βραχύ-

1152 1049 1220 1068 τητα
1232 1037 1396 1076 παρέδραμεν
1412 1040 1482 1075 ὑμῶν
1506 1040 1553 1069 τὰς
1577 1038 1665 1070 ἀκοάς.
1692 1038 1768 1074 Ἐχιι
1790 1037 1819 1064 δὲ
1843 1039 1858 1067 ἡ
1885 1038 1954 1070 λέξις

1153 1084 1252 1115 οὕτως·
1282 1086 1401 1121 ΙΙρόσεχε
1437 1087 1556 1119 σεαυτῷ,
1585 1086 1620 1120 μή
1649 1093 1710 1109 ποτε
1744 1085 1852 1119 γένηται
1878 1084 1954 1120 ῥῆμα

1152 1130 1266 1166 κρυπτὸν
1291 1127 1315 1154 ἐι
1343 1132 1374 1164 τῇ
1403 1125 1502 1164 καρδίᾳ
1520 1138 1564 1154 σον
1581 1127 1712 1164 ἁνόμημα.
1737 1127 1847 1154 Εὗκολοί
1876 1127 1952 1164 ἐσμεν

1152 1175 1218 1210 πρὸς
1249 1174 1296 1204 τὰς
1328 1174 1396 1198 κατα
1433 1170 1551 1198 διάνοιαν
1587 1172 1717 1210 ἁμαρτίας
1745 1173 1769 1198 οἱ
1806 1173 1950 1209 ἅνθρωποι.

1153 1220 1243 1255 Διόπερ
1280 1218 1292 1243 ὁ
1321 1217 1424 1248 πλάσας
1458 1219 1607 1253 καταμόνας
1641 1219 1688 1248 τάς
1723 1215 1836 1254 καρδίας
1865 1218 1950 1253 ἡμῶν,

1152 1261 1238 1296 εἰδὼς,
1264 1262 1304 1288 ὁτι
1331 1264 1360 1288 τό
1386 1261 1506 1288 πλεῖστον
1538 1266 1586 1293 τῆς
1615 1261 1744 1300 ἁμαρτίας
1770 1261 1794 1287 ἑν
1820 1265 1851 1297 τῇ
1881 1263 1949 1298 ὁρμῇ

1151 1307 1296 1345 πληροῦται
1319 1310 1350 1343 τῇ
1376 1308 1444 1333 κατά
1466 1307 1600 1344 πρόθεσιν,
1623 1309 1670 1336 την
1698 1306 1721 1332 ἐν
1744 1311 1778 1342 τῷ
1802 1307 1952 1342 ἡγεμονικῷ

1151 1353 1319 1389 καθαρότητα
1342 1354 1446 1388 πρωτην
1470 1351 1532 1387 ἡμῖν
1557 1349 1705 1382 διετάξατο.
1721 1351 1756 1376 Ὢ
1767 1351 1817 1387 γὰρ
1833 1350 1953 1386 μάλιστα

1151 1399 1299 1433 προχείρως
1334 1395 1559 1433 ἐξαμαρτάνομεν,
1587 1399 1664 1422 τοῦτο
1692 1395 1807 1425 πλείονος
1834 1395 1953 1430 φνλακῆς

1151 1444 1195 1467 καὶ
1217 1440 1361 1477 ἐπιμελείας
1384 1440 1502 1471 ἠξίωσεν.
1533 1439 1632 1477 Ὠσπερ
1666 1441 1716 1476 γὰρ
1741 1444 1791 1465 τῶν
1823 1440 1953 1475 σωμάτων

1151 1486 1184 1512 τὰ
1210 1485 1382 1522 ἀσθενέστερα
1408 1486 1432 1511 οἰ
1457 1485 1667 1522 προμηθέστεροι
1691 1488 1740 1510 τῶν
1771 1483 1865 1520 ἰατρῶν
1894 1488 1953 1514 ταῖς

1150 1529 1371 1567 προφυλακτικαῖς
1405 1529 1551 1560 ὑποθήκαις
1588 1528 1718 1566 πόρρωθεν
1749 1527 1952 1564 ἀσφαλίζονταιν

1151 1574 1232 1606 οὓτως
1258 1575 1270 1600 ὁ
1297 1575 1383 1604 κοινὸς
1406 1571 1538 1610 κηδεμὼν,
1564 1575 1609 1599 καὶ
1632 1571 1752 1603 ἀληθινὸς
1778 1577 1828 1598 τῶν
1853 1572 1953 1608 ψυχῶν

1152 1619 1248 1656 ἰατρὸς,
1275 1618 1288 1644 ὃ
1311 1618 1427 1655 μάλιστα
1450 1619 1523 1654 ἡμῶν
1547 1615 1603 1644 οἶδε
1630 1619 1698 1651 (10)
1726 1618 1790 1653 πρὸς
1820 1617 1953 1654 ἁμαρτίαν

1150 1664 1367 1701 ὀλισθηρότερον,
1403 1667 1480 1689 τοῦτο
1519 1663 1704 1700 ὶσχνροτέραις
1743 1661 1952 1699 προκατελάϐετο

1149 1708 1285 1746 φυλακαῖς.
1310 1709 1342 1735 Αἱ
1356 1709 1400 1744 μεν
1422 1709 1472 1745 γὰρ
1490 1705 1537 1734 διὰ
1557 1711 1603 1733 τοῦ
1628 1709 1749 1743 σώματος
1773 1706 1881 1744 πράξεις
1905 1709 1952 1733 καὶ

1148 1756 1246 1791 χρόνον
1280 1751 1393 1786 δέονται,
1420 1754 1465 1778 καὶ
1492 1751 1634 1789 εὐκαιρίας,
1671 1754 1716 1778 καὶ
1741 1752 1876 1788 καμάτων,
1904 1754 1952 1777 καὶ

1149 1803 1288 1836 συνεργῶν,
1309 1800 1414 1827 καὶτῆς
1427 1796 1520 1828 λοιπῆς
1542 1799 1685 1834 χορηγίας·
1709 1797 1736 1822 αἱ
1760 1794 1789 1822 δὲ
1813 1799 1860 1826 τῆς
1887 1794 1951 1822 31a—

1147 1846 1219 1873 νοίας
1239 1844 1356 1872 κινήσεις
1379 1840 1499 1878 ἀχρόνως
1527 1840 1698 1878 ἐνεργοῦνται,
1734 1839 1838 1870 autem);
1862 1839 1951 1866 ἐπιτε-

1148 1887 1261 1921 λοῦνται,
1289 1885 1511 1923 ἀπραγματεύτως
1541 1887 1721 1918 σννίστανται,
1749 1885 1835 1911 πάντα
1857 1887 1950 1922 καιρὸν

1148 1930 1296 1961 ἐπιτήδειον
1323 1932 1428 1967 ἔχουσι.
1460 1932 1510 1956 Καί
1533 1931 1583 1956 πού
1612 1939 1652 1961 τις
1678 1934 1728 1955 τῶν
1756 1929 1875 1967 σοϐαρῶν
1905 1933 1951 1956 καὶ

1148 1977 1373 2013 κατωφρυωμένων
1399 1974 1440 2001 ἐπὶ
1469 1976 1617 2010 σεμνότητι,
1644 1974 1754 2011 πλάσμα
1779 1976 1951 2011 σωφροσύνης

1149 2022 1238 2053 ἔξωθεν
1258 2022 1442 2058 περικείμενος,
1468 2018 1492 2044 ἐν
1516 2021 1606 2055 μέσοις
1629 2018 1802 2055 καθεζόμενος
1824 2018 1951 2049 πολλάκις

1148 2070 1204 2097 τοῖς
1232 2065 1270 2092 ἐπ’
1300 2064 1376 2101 ἀρετῇ
1406 2063 1483 2090 αὐτὸν
1513 2063 1717 2100 μακαρίζουσιν,
1751 2061 1888 2100 ἀπέδραμε
1917 2067 1948 2099 τῇ

1150 2109 1255 2147 διανοιᾳ
1268 2111 1333 2146 πρὸς
1356 2110 1399 2135 τὸν
1423 2112 1470 2139 τῆς
1492 2107 1622 2145 ἁμαρτίας
1645 2109 1722 2134 τόπον
1743 2106 1768 2133 ἓν
1791 2111 1828 2143 τῷ
1859 2107 1952 2143 ἀφανεῖ

1149 2160 1196 2186 τῆς
1208 2153 1321 2192 καρδίας
1339 2156 1474 2190 κινήματι.
1498 2151 1559 2179 EH:
1583 2156 1614 2188 τῇ
1638 2154 1768 2188 φαντασίᾳ
1782 2153 1814 2178 τὰ
1831 2151 1950 2178 σπονδα-

1149 2202 1254 2238 ζόμενα,
1289 2199 1472 2225 ὰνετυπὼσατό
1505 2207 1564 2223 τινα
1600 2197 1702 2233 ὁμιλίαν
1738 2197 1784 2223 οὐκ
1820 2196 1947 2234 εὐπρεπῆ,

1148 2249 1193 2272 καὶ
1221 2245 1286 2276 ὅλως
1311 2243 1335 2270 ἐν
1362 2247 1398 2279 τῷ
1421 2244 1541 2279 κρυφαίῳ
1562 2245 1610 2273 τῆς
1632 2239 1745 2278 καρδίας
1769 2240 1946 2279 {evan-59W,

1148 2291 1240 2328 ἐναργῆ
1266 2289 1290 2315 ἓν
1315 2288 1396 2324 ἑαυτῷ
1420 2289 1466 2316 τὴν
1493 2285 1588 2316 ἡδονὴν
1616 2286 1802 2323 ζωγραφήσας,
1831 2285 1949 2323 ἀμάρτυ-

1147 2346 1191 2372 ρον
1218 2336 1269 2362 ἔσω
1292 2336 1339 2363 τὴν
1368 2333 1498 2369 ἁμαρτίαν
1525 2331 1675 2368 εἰργάσατο,
1707 2332 1839 2367 ἄγνωστον
1866 2335 1948 2358 πᾶσιν

1147 2381 1195 2411 ἕως
1220 2380 1250 2406 ἂν
1274 2379 1333 2415 ὂ.οῃ
1360 2379 1373 2404 ὁ
1398 2376 1586 2404 ἀποκαλύπτων
1619 2377 1652 2402 τὰ
1676 2377 1781 2412 κρυπτὰ
1805 2379 1852 2401 τοῦ
1887 2378 1948 2402 σκό-

1147 2434 1218 2457 τονς,
1234 2426 1279 2450 καὶ
1303 2426 1414 2459 φανερῶν
1436 2423 1482 2452 τὰς
1499 2421 1596 2458 βουλὰς
1610 2424 1659 2446 τῶν
1680 2418 1806 2457 καρδιῶν.
1833 2420 1948 2452 Φύλαξαι

1148 2469 1202 2503 οὖν,
1219 2472 1253 2505 μή
1271 2477 1332 2495 ποτε
1346 2469 1452 2503 γένηται
1465 2467 1539 2504 ῥῆμα
1552 2467 1666 2502 κρυπτὸν
1682 2464 1705 2490 ἐν
1720 2469 1751 2501 τῇ
1775 2463 1875 2502 καρδία
1900 2475 1947 2491 σον

1149 2514 1281 2550 ἀνόμημα,
1317 2511 1346 2537 Ὀ
1374 2512 1424 2548 γὰρ
1459 2510 1588 2547 ἐμϐλέψας
1612 2512 1717 2545 γυναικὶ
1743 2511 1807 2546 πρὸς
1834 2511 1863 2535 τὸ
1889 2508 1947 2535 ἐπι-

1150 2560 1278 2595 θυμῆσαι,
1307 2554 1362 2585 ἤδη
1406 2555 1558 2592 ἐμοίχευσεν
1594 2553 1617 2579 ἐν
1651 2557 1682 2590 τῇ
1718 2551 1817 2590 καρδία
1855 2553 1945 2580 αὐτοῦ.

1177 2711 1215 2749 (9)
1227 2709 1352 2749 Codices
1365 2705 1577 2749 Combeﬁsiani
1596 2708 1863 2744 παρακατασχέσθαι,
1888 2707 1944 2736 Νο-

1145 2745 1196 2777 stri
1212 2750 1241 2776 et
1255 2747 1327 2776 editi
1342 2745 1581 2781 προσκατέχεσθαι.

1179 2784 1237 2820 (10)
1247 2777 1368 2819 Antiqui
1378 2782 1440 2810 duo
1452 2777 1521 2809 libri
1533 2781 1605 2816 ἡμῶν
1618 2777 1680 2806 dvis.
