2029 3136
80 162 126 188 201
544 164 686 193 HOMlLlA
709 165 744 192 IN
766 166 881 201 ILLUD,
901 166 1090 195 AITENDE
1111 168 1195 196 TIBI
1209 169 1302 197 IPSI.

1711 174 1764 201 202

79 225 147 248 Διότι
172 223 200 248 αἰ
227 225 274 259 μὲν
301 228 345 250 τοῦ
367 227 486 260 σώματος
501 227 607 263 πράξεις
628 229 677 254 ὑπὸ
692 228 790 254 πολλῶν
816 228 869 255 δια-

936 229 995 256 bus
1011 230 1159 265 ignotum,
1174 231 1271 259 donec
1285 231 1385 260 veniat
1404 232 1456 268 qui
1480 232 1624 261 revelabit
1646 234 1763 263 occulta

79 269 228 300 κόπτονται,
253 269 265 293 ὁ
287 267 316 294 δὲ
339 270 405 295 κατὰ
429 271 551 306 πρόθεσιν
567 271 730 309 ἁμαρτάνων,
801 275 879 310 τάχει

78 315 125 336 τῶν
149 313 289 347 νοημάτων
313 315 568 350 σονοιπαρτιζομένην
589 317 642 351 ἔχει
668 319 714 345 τὴν
739 317 878 355 ἁμαρτίαν.

76 359 159 382 Ὅπου
184 354 228 381 οὖν
254 356 300 388 ὀξὺ
321 359 349 382 τὸ
374 359 548 395 παράπτωμα,
570 365 666 396 ταχεῖα
688 360 795 388 δέδοται
817 364 879 399 ἡμῖν

78 400 220 436 ἡφυλακή.
252 404 458 439 Διαμαρτύρεται
479 406 539 440 γὰρ,
557 407 663 434 Μήποτε
678 408 782 442 γένηται
808 408 880 444 ῥῆμα

77 447 192 482 κρυπτὸν
207 445 232 471 ἐν
259 450 290 481 τῇ
306 445 405 484 καρδίᾳ
431 457 478 473 σου
501 448 632 486 ἀνόμημα.
661 451 763 477 Μᾶλλον
788 450 817 478 δὲ
841 452 879 479 ἐπ’

77 489 154 518 αὐτὴν
171 494 217 516 τοῦ
232 490 310 526 λόγου
323 493 368 520 τὴν
385 490 472 529 ἀρχὴν
488 492 687 531 ἀναδριίμωμεν.

935 275 1140 309 tenebrarum,
1158 278 1186 303 et
1200 275 1408 304 manifestabit
1429 277 1554 305 consilia
1574 278 1711 306 cordium
1728 279 1761 306 ⁷⁵.

936 320 1011 348 Cave
1027 320 1117 355 igitur
1131 328 1168 348 ne
1182 321 1304 356 quando
1318 321 1438 350 verbum
1454 323 1605 351 occultum
1620 324 1652 351 in
1675 324 1764 352 corde

936 368 986 392 tuo
998 365 1052 399 ﬁat
1068 365 1221 394 delictum.
1235 366 1371 401 Quisquis
1387 368 1465 395 enim
1476 369 1593 402 aspexit
1606 369 1763 397 mulierem

935 410 976 438 ad
984 411 1253 445 concupiscendum
1264 419 1339 444 eam,
1343 412 1412 446 jam
1423 412 1608 441 adulterium
1617 414 1763 442 commisit

934 455 967 482 in
983 455 1069 483 corde
1089 462 1143 482 suo
1158 455 1193 484 ⁷⁷.
1216 457 1290 483 Nam
1315 456 1448 492 corporis
1471 457 1604 484 actiones
1625 465 1643 485 a
1661 457 1762 485 multis

935 499 1182 535 intercipiuntur:
1200 500 1251 536 qui
1270 508 1342 528 vero
1358 502 1463 536 peccat
1485 501 1648 536 voluntate,
1662 503 1762 530 statim

77 534 165 582 celeri
181 535 399 582 cogitationum
424 539 509 565 motu
529 541 687 574 peccatum
702 541 838 577 explevit.
857 542 910 571 Ubi
919 543 1009 579 igitur
1023 534 1127 580 lapsus
1146 547 1191 572 est
1202 534 1388 581 repentinus,
1405 545 1446 574 ibi
1463 546 1621 582 repentina
1636 534 1763 575 cavendi

76 578 274 625 tacultastuit
286 579 375 625 nobis
390 582 508 610 tradita.
530 583 702 612 obtestatur
712 586 803 619 enim,
819 578 986 623 Nequarido
1005 578 1126 617 veritum
1138 578 1284 618 occultum
1299 590 1331 618 in
1355 578 1441 618 corde
1463 578 1514 618 tuo
1531 592 1587 625 ﬁat
1608 592 1759 621 delictum-

74 623 142 651 Jam
157 624 260 660 potius
273 624 313 652 ad
327 625 427 660 ipsum
444 628 591 655 sermonis
605 636 796 658 recurramus
809 632 976 670 exordium.

109 669 135 695 2.
159 671 290 705 Πρὸσεχε,
308 673 382 705 φησὶ,
399 676 508 707 σεαυτῷ.
524 675 578 698 Τῶν
590 673 662 703 ζώων
685 674 792 701 ἕκαστον
807 678 880 713 παρὰ

74 716 120 738 τοῦ
140 714 176 738 τὰ
198 714 285 739 πάντα
310 717 510 751 συστησαμένου
533 720 600 743 Θεοῦ
623 719 720 745 οἴκοθεν
754 721 810 755 ἔχει
833 722 880 751 τὰς

76 756 194 792 ἀφορμὰς
218 760 283 793 πρὸς
309 760 356 787 τὴν
381 758 495 794 φυλακὴν
525 764 571 791 τῆς
593 761 689 792 οἰκείας
715 765 877 795 συστάσεως.

971 680 998 706 2.
1019 679 1157 713 Attende,
1173 678 1280 715 inquit,
1298 680 1353 707 tibi
1362 680 1428 714 ipsi.
1444 678 1564 708 Animal
1576 680 1706 717 quodvis
1721 682 1761 710 ad

935 730 967 750 se
979 723 1126 751 tuendum
1137 723 1176 750 ab
1187 724 1324 751 omnium
1336 724 1491 752 conditore
1502 726 1563 752 Deo
1578 725 1670 753 habet
1680 725 1761 754 intus

933 767 1078 803 impetum
1096 767 1272 804 quemdam.
1283 769 1420 797 invenias
1438 769 1587 804 itidem,si
1598 774 1689 798 modo
1698 771 1760 799 ani-

76 803 125 827 Καὶ
149 801 235 838 εὕροις
259 801 299 834 ἂν,
315 802 336 828 εἰ
359 805 531 840 καταμάθοις,
548 804 682 841 ἐπιμελῶς,
705 812 755 833 τῶν
780 808 869 845 ὰλόγωτ

93 847 98 853 η
148 846 157 854 κ
178 850 187 854 -
270 846 275 853 ι
290 845 331 854 λιιι
436 849 446 854 ,,
575 852 578 854 .
665 853 668 854 ,
771 852 787 854 η

933 801 1019 839 mum
1043 801 1200 847 diligenter
1217 813 1389 848 attenderis,
1412 813 1578 842 maximam
1600 814 1759 843 brutorum

74 847 105 871 τὰ
128 846 240 872 πλεῖστα
265 845 409 873 ἀδίδακτον
434 849 529 884 ἔχοντα
552 852 598 879 τὴν
623 853 688 888 πρὸς
709 854 737 878 τὸ
763 852 878 889 βλάπτον

73 888 209 919 διαϐολήν
224 893 269 917 καὶ
294 896 390 928 φυσικῇ
414 903 465 918 τινι
493 894 569 920 παλιν
591 895 652 932 ὀλκῇ
669 899 734 932 πρὸς
758 900 804 926 τὴν
828 903 877 924 τῶν

73 934 236 970 ὠφελούντων
269 935 413 962 ἀπόλαυσιν
443 936 602 974 ἐπειγόμενα.
627 941 670 966 Διό
699 943 743 967 καὶ
767 943 829 978 ἡμῖν
864 944 877 969 ὁ

72 977 204 1005 παιδεύων
229 980 300 1015 ἡμᾶς
316 982 380 1010 Θεὸς
403 983 432 1007 τό
457 984 524 1018 μέγα
547 987 622 1010 τοῦτο
645 986 817 1022 παράγγελμα
836 985 877 1013 δέ·

72 1021 163 1057 δωκεν,
191 1023 243 1057 ἱνα,
260 1025 321 1062 ὅπερ
346 1024 450 1057 ἐκείνοις
477 1026 504 1052 ἐκ
531 1029 642 1063 φύσεως,
656 1034 733 1056 τοῦτο
760 1031 822 1066 ἡμῖν
849 1031 876 1057 ἐκ

71 1072 118 1099 τῆς
155 1073 202 1094 τοῦ
237 1068 315 1105 λόγου
352 1069 476 1106 βοηθείας
509 1075 695 1108 προσγένηται.
734 1078 778 1101 καὶ
815 1076 874 1113 ὅπερ

70 1114 246 1149 κατορθοῦται
274 1118 329 1144 τοῖς
360 1114 464 1150 ἀλόγοις
490 1115 677 1151 ἀνεπιστάτως,
709 1124 786 1146 τοῦτο
814 1121 874 1158 παρ’

70 1158 142 1192 ἡμῶν
157 1156 308 1186 ἐπιτελῆται
324 1156 370 1184 διὰ
385 1163 432 1190 τῆς
451 1166 590 1197 προσοχῆς
612 1165 657 1189 καὶ
677 1167 726 1194 τῆς
748 1156 876 1200 συνεχοΰς

70 1207 118 1227 τῶν
147 1202 281 1239 λογισμῶν
307 1205 364 1238 (it)
391 1203 561 1237 ἐπιστάσεως·
590 1210 634 1233 καὶ
667 1208 775 1244 φύλακες
808 1211 874 1246 ὦμεν

71 1246 187 1284 ἀκριϐεῖς
208 1251 258 1273 τῶν
282 1249 354 1284 παρὰ
384 1253 450 1275 Θεοῦ
485 1248 629 1287 δεδομένων
652 1253 713 1289 ἡμῖν
741 1253 872 1291 ἀφορμῶν

69 1293 204 1326 ριύγοντες
225 1294 271 1328 μὶν
293 1295 339 1320 τὴν
362 1292 499 1331 ἁμαρτίαν,
517 1296 603 1333 ὥσπερ
627 1299 660 1323 τὰ
680 1298 763 1333 ἄλογα
787 1300 873 1335 φεύγει

68 1340 116 1361 τῶν
139 1335 289 1372 βρωμάτων
312 1339 345 1363 τὰ
370 1336 529 1375 δηλητήριον
552 1339 689 1373 διώκοντες
710 1341 739 1369 δὲ
762 1346 809 1373 τὴν
832 1343 873 1370 δι-

65 1383 220 1415 καιοσύνην,
246 1382 332 1419 ὥσπερ
355 1382 461 1409 κάκεῖνα
488 1383 645 1420 μεταδιώκει
660 1388 714 1423 (l2)
735 1392 782 1419 τῆς
805 1392 872 1420 πόας

64 1428 91 1451 τὸ
121 1428 259 1462 τρόφιμον.
291 1429 410 1464 Πρόσεχε
435 1427 478 1454 οὖν
504 1435 614 1466 σεαυτῷ,
640 1430 683 1457 ἳνα
706 1431 817 1464 δυνατὸς
840 1433 870 1470 ᾖς

63 1468 208 1507 διακρίνειν
223 1473 253 1497 τὸ
269 1470 385 1508 βλάπτον
410 1472 460 1499 ἀπὸ
483 1479 528 1500 τοῦ
555 1476 693 1507 σώζοντος.
718 1477 822 1508 Ἐπειδὴ
841 1477 870 1505 δὲ

62 1513 172 1541 διπλοῦν
195 1518 225 1543 τὸ
247 1519 398 1552 προσέχειν·
424 1520 453 1543 τὸ
475 1520 530 1555 μὲν,
547 1526 706 1556 σωματικοῖς
729 1522 869 1560 ὀφθαλμοῖς

62 1559 216 1590 ἱνα-ξενίζειν
241 1564 296 1591 τοῖς
318 1563 430 1598 ὁρατοῖς·
453 1565 482 1589 τὸ
508 1562 547 1598 δὲ,
563 1569 594 1601 τῇ
618 1570 693 1602 νοερᾴ
708 1571 755 1598 τῆς
775 1559 869 1604 ψυχῆς

63 1602 175 1640 δυνάμει
207 1604 350 1632 ἐπιϐάλλειν
374 1611 405 1643 τῇ
439 1608 533 1645 θεωρίᾳ
562 1614 611 1635 τῶν
645 1610 800 1648 ἀσωμάτων
826 1613 868 1639 ἐὰν

62 1650 105 1683 μὲν
139 1648 182 1675 ἐπὶ
206 1654 254 1680 τῆς
278 1654 328 1676 τῶν
354 1651 489 1687 ὀφθαλμῶν
514 1652 641 1689 ἐνεργείας
664 1658 767 1682 χεῖσθαι
795 1659 868 1684 εἴπω-

61 1702 105 1728 μεν
131 1695 162 1719 τὸ
186 1695 368 1731 παράγγελμα,
395 1696 470 1727 εὐθὺς
503 1697 583 1723 αὐτοῦ
607 1701 636 1725 τὸ
664 1698 791 1727 ἀδύνατον
815 1701 867 1728 ἀπ-

62 1736 206 1774 ελέγξομεν.
228 1742 286 1769 Πῶς
306 1740 357 1776 γὰρ
382 1740 412 1765 ἄν
433 1751 473 1771 τις
497 1741 553 1767 ὅλον
578 1743 667 1770 ἑαυτὸν
687 1749 722 1780 τῷ
745 1745 867 1782 ὀφθαλμῷ

62 1781 227 1816 καταλάϐοι;
251 1781 321 1809 Οὐδὲ
348 1785 398 1820 γὰρ
424 1785 502 1817 αὑτός
528 1786 564 1822 ἐφ’
582 1788 670 1814 ἑαυτὸν
697 1790 710 1814 ὁ
737 1781 866 1826 ὀρθαλμὸς

61 1829 194 1863 κέχρηται
220 1832 256 1863 τῷ
286 1829 346 1865 ὁρᾷν
371 1830 437 1865 (13)·
466 1830 495 1856 οὐ
523 1836 638 1868 κορυφῆς
663 1833 810 1869 ἐφικνεῖται,
837 1836 865 1861 οὐ

62 1873 94 1897 τὰ
107 1876 179 1898 νῶτα
193 1870 272 1906 οἶδεν,
290 1873 319 1898 οὗ
332 1876 470 1909 πρόσωπα,
485 1876 514 1901 οὐ
538 1879 585 1905 τὴν
608 1877 631 1902 ἐν
656 1882 691 1913 τῷ
716 1879 792 1915 βάθει
816 1885 865 1906 τῶν

63 1916 224 1952 σπλάγχνων
248 1915 376 1945 διάθεσιν.
403 1918 505 1951 Ἀσεϐες
528 1919 571 1946 οὖν
592 1924 622 1948 τὸ
643 1922 724 1958 λέγειν
748 1923 866 1951 ἀδύνατα

62 1959 124 1987 εἶναι
140 1962 175 1987 τὰ
187 1965 234 1987 τοῦ
258 1964 405 1998 Πνεύματος
429 1965 635 2002 παραγγέλματα
649 1967 715 2002 (14).
742 1971 865 1996 Λείπεται

60 2008 144 2031 τοίνυν
161 2005 204 2032 ἐπὶ
226 2010 272 2037 τῆς
294 2009 362 2034 κατά
385 2012 443 2034 νοῦν
467 2008 593 2046 ἐνεργείας
617 2015 662 2037 τοῦ
689 2015 863 2051 προστάγμα-

58 2059 100 2080 τος
121 2049 263 2081 ἐξακούειν.
295 2054 414 2088 Πρόσιχε
436 2051 479 2079 οὖν
505 2059 615 2091 σεαυτῷ·
635 2059 765 2091 τουτέστι,
791 2063 863 2085 Παν-

58 2096 172 2130 ταχόθεν
201 2098 308 2122 σεαυτὸν
342 2100 503 2134 περισκόπει.
540 2099 693 2137 Ἀκοίμητον
722 2104 767 2139 ἲχε
798 2107 862 2141 πρὸς

58 2142 103 2168 τὴν
118 2145 232 2166 σεαυτοῦ
246 2140 362 2176 φυλακὴν
385 2145 414 2168 τὸ
439 2147 485 2174 τῆς
509 2144 601 2180 ψυχῆς
626 2148 707 2183 ὄμμα.
729 2147 768 2175 Ἐν
790 2140 861 2186 μέσῳ
878 2142 899 2169 D

58 2183 179 2220 παγίδων
205 2183 359 2217 διαϐαίνεις.
387 2191 563 2225 Κεκρυμμένοι
589 2189 689 2227 βρόχοι
716 2194 788 2229 παρά
815 2198 860 2220 τοῦ

58 2228 157 2265 ἐχθροῦ
181 2229 338 2266 πολλαγόθεν
367 2235 580 2269 καταπεπήγασι.
610 2237 698 2262 Πάντα
721 2236 764 2262 οὖν
790 2248 861 2275 περι-

59 2276 162 2307 σκόπει,
191 2273 247 2301 Ἰνα
274 2276 346 2312 σώζῃ
370 2277 456 2314 ὥσπερ
484 2275 580 2314 δορκὰς
608 2279 634 2305 ἐκ
670 2280 788 2318 βρόχων,
816 2286 860 2310 καὶ

58 2319 144 2355 ὥσπερ
169 2321 253 2355 ὄρνεον
280 2319 307 2345 ἐκ
333 2319 459 2356 παγίδος.
490 2321 518 2348 Ἡ
546 2325 591 2359 μὲν
612 2325 662 2361 γὰρ
690 2323 787 2363 δορκὰς
814 2327 860 2353 ἁν-

57 2362 155 2394 άλωτος
185 2362 241 2389 ἐστι
266 2367 320 2395 τοῖς
344 2364 456 2401 βρόχοις
479 2365 515 2392 δι’
539 2366 652 2399 ὀξύτητα
676 2374 721 2401 τῆς
735 2372 858 2407 ὁράσεως’

56 2407 114 2433 ὅθεν
138 2410 183 2433 καὶ
210 2407 343 2444 ἐπώνυμός
368 2409 424 2436 ἐστι
447 2415 495 2442 τῆς
516 2411 612 2443 οἰκείας
636 2412 801 2451 ὀξυδορκίας·
831 2418 860 2442 τὸ

57 2449 88 2477 δε
101 2454 186 2488 ᾁονεον
211 2453 298 2488 κούφῳ
313 2457 349 2488 τῷ
371 2459 455 2491 πτερῷ
477 2455 634 2494 ὑψηλότερον
656 2462 704 2490 τῆς
724 2459 860 2492 ἐπιϐουλῆς

934 855 1112 884 animalium
1129 858 1256 892 partem,
1273 857 1357 886 nullo
1380 858 1535 893 magistro,
1552 859 1644 887 noxia
1665 860 1758 888 vitare

933 901 1140 937 aversarique:
1152 905 1257 929 contra
1270 902 1479 935 vero,naturali
1487 903 1621 939 quadam
1630 912 1759 940 propen-

933 944 1016 972 sione
1025 945 1064 973 ad
1073 953 1130 973 sua
1141 946 1313 981 commoda,
1323 947 1472 982 capienda
1486 947 1613 975 incitari.
1624 949 1758 984 Quapro-

931 991 997 1025 pter
1010 992 1038 1017 et
1050 990 1102 1026 qui
1122 998 1179 1018 nos
1199 990 1297 1019 erudit
1322 991 1408 1022 Deus,
1424 999 1573 1026 magnum
1591 992 1649 1020 hoc
1669 993 1757 1021 nobis

931 1037 1115 1070 praeceptum
1126 1035 1217 1068 dedit.
1235 1037 1267 1063 ut
1281 1035 1364 1071 quod
1380 1035 1432 1064 illa
1445 1044 1463 1064 ει
1476 1038 1587 1064 natura
1602 1045 1755 1073 accepere,

930 1079 1062 1115 idipsum
1078 1081 1203 1108 accedat
1217 1080 1305 1109 nobis
1320 1081 1445 1108 rationis
1456 1089 1513 1117 ope
1526 1091 1533 1116 ;
1552 1084 1581 1110 et
1594 1082 1677 1118 quod
1691 1082 1724 1111 ﬁt
1738 1091 1756 1111 a

929 1123 1025 1151 brutis
1051 1124 1282 1157 inconsiderate,
1299 1125 1357 1153 hoc
1379 1133 1397 1153 ο.
1421 1125 1511 1153 nobis
1529 1127 1703 1162 perﬁciatur
1719 1135 1756 1155 ex

930 1169 1024 1196 animi
1035 1170 1198 1197 attentione
1209 1172 1237 1197 et
1245 1170 1371 1198 assidua.
1381 1170 1491 1198 mentis
1498 1171 1738 1200 consideratione
1747 1181 1753 1200 :

929 1212 1009 1248 item,
1024 1216 1056 1241 ut
1066 1213 1154 1242 datos
1168 1213 1258 1242 nobis
1275 1222 1293 1242 a
1302 1215 1363 1242 Deo
1377 1214 1508 1250 impetus
1520 1215 1677 1251 diligenter
1687 1225 1755 1244 cus-

928 1257 1090 1293 todiamus,
1104 1258 1250 1293 fugientes
1261 1262 1420 1295 peccatum
1431 1259 1556 1295 perinde
1565 1263 1655 1296 atque
1665 1260 1755 1289 bruta

928 1301 1072 1330 animalia
1085 1306 1266 1331 venenatum
1282 1303 1431 1340 pabulum
1450 1303 1588 1339 fugiunt;
1606 1306 1754 1333 sectantes

926 1354 998 1374 vero
1009 1347 1167 1381 justitiam,
1182 1347 1260 1375 velut
1270 1347 1321 1375 illa
1335 1348 1446 1376 herbas
1461 1348 1565 1376 edules
1577 1352 1753 1377 consectan-

926 1393 983 1419 tur.
996 1392 1125 1420 Attende
1137 1392 1226 1427 igitur
1237 1393 1293 1420 tibi
1304 1394 1362 1428 ipsi
1372 1395 1404 1421 ut
1417 1393 1514 1429 possis
1533 1393 1589 1428 ιε
1600 1394 1725 1422 noxium
1736 1403 1754 1423 a

926 1436 1249 1472 salubri.discernere.
1274 1438 1424 1470 Quoniam
1449 1441 1551 1466 autem
1575 1439 1686 1474 duplex
1709 1442 1755 1468 est

925 1481 1065 1509 attentio:
1088 1481 1192 1516 altera,
1212 1490 1282 1510 cum
1311 1482 1542 1511 considerantur
1564 1483 1659 1511 oculis
1686 1492 1752 1512 cor-

924 1525 1024 1561 poreis
1039 1526 1184 1560 visibilia;
1202 1526 1307 1561 altera,
1324 1535 1394 1554 cum
1409 1527 1602 1563 speculamur
1613 1528 1753 1564 incorpo-

923 1570 1170 1605 reaiutelligente
1181 1571 1274 1599 animi
1285 1571 1425 1599 facultate
1438 1581 1444 1605 ;
1466 1572 1489 1599 si
1505 1572 1670 1600 dixerimus
1684 1573 1751 1608 qui-

923 1614 992 1642 dem
1008 1615 1065 1642 hoc
1079 1618 1264 1651 praeceptum
1283 1617 1313 1644 in
1329 1616 1486 1644 oculorum
1501 1616 1618 1644 actione
1631 1624 1698 1644 esse
1713 1617 1751 1645 si-

923 1660 997 1693 tum,
1006 1659 1107 1687 statim
1117 1659 1148 1687 id
1158 1660 1222 1688 ﬁeri
1233 1669 1294 1688 non
1307 1669 1398 1696 posse
1409 1661 1684 1697 deprehendemus.
1695 1662 1752 1694 Qui

922 1704 1003 1731 enim
1033 1704 1098 1732 ﬁeri
1119 1707 1229 1740 potest,
1246 1707 1278 1733 ut
1301 1706 1370 1741 quis
1394 1706 1527 1741 seipsum
1542 1708 1639 1733 totum
1662 1707 1750 1735 oculo

922 1748 1156 1784 complectatur?
1169 1751 1270 1785 Neque
1281 1751 1361 1778 enim
1372 1750 1477 1778 oculus
1489 1751 1553 1786 ipse
1564 1751 1603 1778 ad
1615 1751 1749 1787 seipsum

921 1792 1087 1821 videndum
1107 1793 1230 1822 adhibet
1256 1802 1327 1822 suos
1350 1794 1494 1828 obtutus;
1520 1802 1582 1822 non
1607 1796 1749 1830 pertingit

921 1837 960 1865 ad
973 1837 1123 1871 verticem,
1136 1841 1228 1874 terga;
1245 1847 1306 1866 non
1319 1839 1411 1872 novit,
1428 1847 1490 1866 non
1502 1839 1616 1874 vultus,
1629 1847 1691 1867 non
1704 1840 1748 1867 in-

920 1883 1035 1910 ter-nam
1051 1883 1201 1911 viscerum
1214 1883 1459 1920 dispositionem.
1470 1884 1602 1920 Denique
1617 1883 1747 1920 impium

921 1925 1008 1955 fuerit
1025 1927 1140 1955 discere
1156 1931 1306 1964 praecepta
1321 1928 1437 1964 Spritus
1451 1927 1547 1956 sancti
1563 1929 1666 1964 perﬁci
1684 1937 1747 1957 non

918 1978 1018 2006 posse.
1031 1973 1172 2008 Superest
1182 1972 1272 2008 igitur
1282 1975 1313 2000 ut
1328 1973 1402 2000 illud
1412 1975 1597 2009 praeceptum
1613 1973 1650 2000 de
1664 1982 1746 2002 men-

918 2015 955 2043 tis
966 2016 1082 2044 actione
1092 2017 1289 2053 accipiamus.
1298 2017 1429 2046 Attende
1438 2018 1528 2053 igitur
1538 2018 1593 2045 tibi
1602 2018 1676 2052 ipsi:
1687 2018 1745 2046 hoc

917 2062 972 2088 est.
988 2061 1129 2097 Teipsum
1143 2061 1226 2089 omni
1236 2070 1272 2089 ex
1288 2064 1372 2098 parte
1383 2062 1534 2098 conspice.
1549 2062 1661 2090 Habeto
1672 2071 1744 2091 ocu-

916 2104 980 2133 lum
1007 2106 1115 2134 animw
1131 2106 1302 2134 insomnem
1325 2106 1364 2134 ad
1385 2106 1427 2133 tui
1452 2106 1546 2142 ipsius
1562 2107 1742 2134 custodiam.

916 2149 951 2178 In
962 2151 1056 2178 medio
1068 2151 1242 2186 laqueorum
1255 2152 1366 2178 transis
1376 2151 1412 2178 ⁷⁸.
1422 2152 1525 2179 Latent
1534 2150 1633 2186 laquei
1643 2151 1743 2179 multis

915 2195 946 2222 in
956 2194 1030 2222 locis
1041 2195 1079 2222 ab
1091 2195 1176 2223 hoste
1187 2195 1288 2222 detixi.
1300 2195 1502 2231 Circumspice
1511 2195 1601 2229 igitur
1611 2197 1640 2222 et
1650 2195 1744 2223 lustra.

916 2239 1029 2272 omnia,
1047 2240 1083 2267 Ut
1103 2240 1230 2268 serveris
1241 2243 1393 2274 tamquam
1405 2240 1529 2267 damula
1545 2247 1560 2267 e
1576 2239 1699 2274 laqueis,
1715 2243 1743 2268 et

916 2286 1061 2320 tanquam
1086 2285 1150 2312 avis
1170 2292 1184 2313 e
1209 2285 1314 2313 reti”.
1345 2286 1460 2320 Caprea
1474 2284 1554 2311 enim
1573 2292 1634 2319 prae
1660 2284 1741 2312 visus

915 2329 1047 2357 claritate
1064 2329 1131 2365 capi
1150 2329 1266 2365 laqueis
1280 2337 1341 2357 non
1357 2331 1473 2364 potest;
1499 2328 1568 2356 inde
1584 2331 1628 2356 est
1649 2329 1741 2356 etiam

915 2373 998 2409 quod
1017 2373 1048 2401 id
1061 2374 1194 2401 nominis
1211 2373 1359 2409 acceperit
1381 2381 1399 2401 a
1419 2373 1541 2409 proprio
1565 2373 1648 2401 visus
1672 2381 1742 2401 acu-

916 2418 1010 2446 mine:
1023 2418 1088 2446 avis
1102 2426 1181 2452 vero,
1196 2418 1220 2445 si
1230 2418 1323 2446 modo
1339 2417 1395 2445 sibi
1410 2417 1556 2452 attendat,
1570 2417 1628 2445 levi
1640 2425 1742 2453 penna

917 2470 1040 2490 sursum
1055 2465 1161 2499 erecta,
1178 2463 1313 2491 redditur
1328 2462 1414 2491 altior
1429 2471 1523 2499 quam
1538 2465 1572 2491 ut
1586 2462 1700 2491 incidat
1710 2462 1741 2490 in

92 2514 118 2532 ⁷⁸
135 2515 214 2543 [Cor
228 2523 268 2548 ιν,
283 2517 309 2543 5.
325 2516 348 2533 ⁷⁷
364 2517 463 2546 Matth.
478 2526 506 2554 ν,
522 2520 567 2547 28.
583 2520 606 2537 ⁷⁸
622 2521 715 2549 Eccle.
733 2530 771 2557 ix,
789 2523 832 2551 20.
848 2524 869 2542 79

926 2532 970 2553 ογ.
984 2533 1023 2559 v1,
1037 2527 1063 2553 5.

95 2585 152 2627 (t‘t)
174 2585 251 2627 Editi
263 2587 294 2627 et
311 2588 386 2627 illeg.
403 2588 517 2627 tertius
540 2594 590 2616 τῶν
605 2590 695 2627 λόγων.
711 2594 765 2621 Alii
789 2603 862 2624 mss.

55 2620 262 2664 ἴξιν-λογισμῶν,
276 2620 389 2651 lbidefn
400 2623 430 2651 in
442 2626 513 2661 Reg.
527 2626 626 2662 primo
638 2620 865 2664 ῥυοέὲιᾶτῧξῶξ

56 2655 167 2691 legitur
184 2655 338 2689 ἐπι-τάσεως,

95 2694 151 2738 (μιν)
173 2692 249 2721 Editi
265 2691 365 2720 διώκει.
379 2697 414 2723 At
428 2703 502 2724 mss.
514 2696 651 2735 plerique
664 2708 770 2729 omnes
783 2711 862 2738 μετα-

59 2736 450 2807 [ξιιιιε-οοροξᾘθε,
464 2769 493 2795 et
506 2768 578 2807 editi
591 2772 620 2796 τὸ
640 2771 712 2807 ὁρᾷν.
723 2772 780 2801 Alii
799 2780 860 2801 non

58 2800 149 2834 pauci
164 2804 200 2836 τῷ
215 2801 290 2836 ὀρᾲν.
307 2801 412 2829 Statim
423 2800 501 2830 unus
524 2804 620 2834 codex
640 2800 773 2837 do'mbef.
789 2800 859 2836 {sit

293 2847 419 2876 PA'mOL.
433 2848 483 2876 Gn.
497 2850 585 2881 XXXI.

919 2594 972 2622 εἶδε
985 2606 990 2623 :
1007 2604 1076 2633 quae
1088 2596 1238 2633 scriptura
1250 2596 1312 2633 viro
1320 2596 1502 2633 doctissimo
1515 2595 1613 2633 magis
1623 2595 1722 2631 placet
1734 2605 1740 2630 ;

921 2639 977 2672 nec
995 2632 1327 2672 ditﬁtebor'eamnmihi
1346 2640 1469 2672 quoque
1494 2632 1592 2672 magis
1613 2632 1742 2672 placere.

919 2668 1068 2700 Quoniam
1093 2671 1194 2696 tamen
1221 2668 1271 2695 alii
1298 2667 1373 2695 mss.
1402 2667 1554 2702 vulgatam
1581 2668 1743 2696 lectionem

917 2703 1082 2745 prefc‘ru‘nt,
1096 2704 1170 2744 nihil
1183 2703 1365 2745 mutandum
1380 2703 1567 2745 censuimus.
1640 2737 1653 2745 Α

952 2740 1006 2774 (14)
1027 2741 1228 2779 Reg.~pt‘imus
1240 2741 1284 2779 .τὰ
1306 2739 1365 2779 τοᾷ.
1383 2739 1741 2779 Σωτῆρσςλπαραγγέλμαεα,

912 2779 1065 2809 praecepta
1088 2774 1267 2803 salvatoris.
1304 2774 1418 2802 Ibidem
1455 2774 1524 2802 editi
1547 2774 1663 2800 λείπεται
1689 2774 1742 2801 οὖν.

914 2810 994 2838 Multi
1007 2811 1076 2839 libri
1088 2813 1203 2839 veteres
1218 2811 1334 2838 λείπεται
1349 2811 1435 2836 τοίνυν

1591 2857 1608 2884 7
