2029 3136
268 138 321 165 203

270 207 426 236 aucupum
439 198 577 226 insidias.
591 198 668 226 Cave
681 197 780 233 igitur,
794 205 831 226 ne
846 197 944 225 brutis
959 197 1095 225 animan-

269 244 347 272 tibus
360 243 489 271 deterior
499 242 616 270 videare
641 242 680 270 ad
703 242 834 278 teipsum
849 241 1093 274 custodiendum,

267 289 431 325 nequando
439 288 557 324 laqueis
566 288 814 324 irretitus,przeda
824 287 962 315 efﬁciaris
969 286 1093 320 diaboli,

268 334 307 362 ab
322 342 358 362 eo
373 335 479 370 captus
493 335 523 361 et
534 333 574 361 ad
596 333 677 361 illius
692 333 880 361 voluntatem
897 332 1047 360 adductus
1059 332 1092 358 ⁸ο.

302 438 327 465 3.
348 436 479 464 Attende
491 435 593 472 itaque
609 435 665 463 tibi
685 436 762 470 ipsi:
780 436 839 463 hoc
864 437 919 463 est.
942 437 1006 463 Non
1024 434 1090 469 tuis,

264 489 364 517 neque
384 481 429 508 bis
449 488 517 517 quae
537 481 648 508 circum
670 482 697 508 te
718 482 797 514 sunt,
818 480 871 508 sed
893 480 944 507 libi
964 479 1020 515 ipsi
1038 478 1093 506 soli

265 526 397 554 attende.
410 525 499 554 Aliud
515 526 596 554 enim
617 533 723 553 sumus
734 533 790 553 nos
805 525 963 561 ipsi,aliud
977 527 1091 559 nostra,

264 571 345 599 aliud
356 579 424 607 quae
435 570 548 598 circum
559 577 616 598 nos
626 572 706 597 sunt.
721 571 782 597 Nos
795 569 919 605 quidem
931 569 1034 597 anima
1044 577 1092 596 su-

263 623 332 643 mus
347 618 375 642 et
390 623 488 648 mens,
503 617 654 651 quatenus
674 614 714 642 ad
737 614 903 648 imaginem
922 613 1091 641 Conditoris

262 669 368 688 sumus
382 660 472 693 facti;
486 662 626 687 nostrum
642 667 711 687 vero
727 667 838 695 corpus
855 661 910 692 est,
928 662 957 687 et
970 658 1022 694 qui
1037 666 1091 694 per

259 705 362 741 ipsum
388 707 458 732 sunt
471 711 578 732 sensus
594 713 600 737 ;
618 703 731 731 circum
754 711 810 731 nos
825 706 928 731 autem
941 703 1089 739 pecuniae,

260 752 338 778 artes
364 751 394 776 et
421 748 537 784 reliqua
551 749 618 776 vitae
645 748 813 784 suppellex.
830 748 907 781 Quid
935 747 1026 782 igitur
1051 747 1090 775 ait

260 794 411 830 Scriptura
423 793 437 821 ?
453 795 492 821 Ne
509 793 593 820 carni
609 792 740 827 attende,
757 801 811 820 nec
827 792 889 820 ullo
909 791 1002 820 modo
1023 799 1089 827 pro-

257 847 384 875 sequere
397 838 476 866 illius
492 837 1032 874 bona.sanitatem,pulchritudinem,
1041 844 1090 864 vo-

963 136 990 164 S.
1007 135 1131 163 BASlLll
1149 136 1268 165 MAGNI.

1899 145 1954 172 20L

1113 198 1199 224 Ατών
1224 198 1392 236 ἀγρευόντων,
1413 202 1473 227 ὅταν
1506 205 1637 239 προσέχῃ,
1672 205 1779 239 γίνεταί.
1809 204 1878 242 "Ope:
1906 204 1950 232 οὗν

1148 245 1184 278 μὴ
1200 247 1296 281 χείρων
1315 250 1394 282 φανῇς
1412 251 1460 272 τῶν
1481 246 1579 282 ἀλόγων
1601 249 1666 284 πρὸς
1692 251 1738 277 τὴν
1762 254 1872 275 σεαυτοῦ
1899 260 1949 286 φυ-

1148 287 1237 317 λακὴν·
1268 293 1377 326 μήποτε,
1412 295 1469 322 ταῖς
1499 295 1607 327 παγίσιν
1641 292 1727 326 ἁλοὺς,
1757 294 1862 330 θήραμα
1885 297 1947 332 γένῃ

1148 337 1193 358 τού
1221 331 1354 371 διαϐόλου,
1373 335 1550 372 ἐζωγρημένος
1573 336 1616 363 ὑπ’
1638 336 1718 363 αὐτοῦ
1740 337 1776 368 εἰς
1800 340 1829 364 τὸ
1849 337 1948 365 ἐκείνου

1150 377 1257 414 θέλημα.

1182 438 1208 464 3.
1231 439 1350 474 Πρόσιχι
1369 437 1413 464 οὖν
1435 443 1545 475 σεαυτῷ·
1569 442 1701 475 τουτέστι,
1722 443 1794 470 Μήτι
1816 445 1871 472 τοῖς
1891 446 1950 473 σοῖς

1146 482 1212 516 μήτε
1227 485 1282 512 τοίς
1304 485 1364 519 περὶ
1386 484 1424 515 σὲ,
1438 482 1501 509 ἀλλὰ
1521 488 1621 519 σεαυτῷ
1635 487 1704 520 μόνῳ
1726 487 1852 522 πρόσεχε.
1868 485 1948 513 ’Ἄλλο

1145 526 1195 562 γάρ
1221 525 1297 562 ἔσμεν
1326 527 1401 563 ἡμεῖς
1425 528 1508 561 αὐτοὶ,
1538 530 1583 554 καὶ
1606 528 1667 555 ἄλλο
1693 530 1726 555 τὰ
1754 530 1877 567 ἡμέτερα,
1902 534 1948 557 καὶ

1145 570 1207 596 α’λλο
1224 572 1256 597 τὰ
1270 574 1328 609 περὶ
1348 573 1427 607 ἡμᾶς.
1450 572 1537 610 Ἡμεῖς
1551 574 1596 609 μὲν
1614 571 1657 599 οὖν
1673 573 1750 610 ἔσμεν
1769 575 1784 603 ἠ
1807 573 1885 610 ψυχὴ
1902 578 1949 601 καὶ

1145 615 1158 640 ὁ
1180 619 1248 648 νοὺς,
1263 617 1328 642 καθὸ
1355 616 1412 642 κατ’
1433 617 1519 643 εἰκόνα
1545 621 1591 644 του
1613 620 1753 649 κτίσαντος
1775 621 1946 655 γεγενήμεθαο

1144 659 1266 696 ἡμέτερον
1286 658 1316 686 δὲ
1330 662 1359 686 τὸ
1377 665 1453 697 σῶμα
1467 664 1512 688 καί
1527 663 1554 688 αἱ
1574 660 1610 688 δι’
1627 662 1706 688 αὑτοῦ
1722 663 1779 698 (15)
1795 663 1946 695 αἰσθήσεις⁸

1144 707 1202 740 περὶ
1227 705 1295 741 ἡμᾶς
1323 703 1362 738 δὲ,
1387 708 1525 742 χρήματα,
1553 708 1645 742 τέχναι
1675 709 1720 732 καὶ
1751 708 1766 736 ἠ
1794 707 1871 737 λοιπὴ
1899 712 1946 735 τοῦ

1145 748 1206 785 βίου
1221 752 1382 778 κατασκευή.
1403 753 1435 776 Τί
1454 749 1497 776 οὖν
1511 760 1590 786 φησιν
1610 752 1622 776 ὁ
1641 750 1732 786 λόγος;
1753 754 1795 780 Μὴ
1810 756 1841 788 τῇ
1865 756 1946 789 σαρκὶ

1143 795 1268 830 πρόσεχε,
1292 792 1362 830 μηδὲ
1383 796 1412 820 τὸ
1432 796 1529 826 ταύτης
1553 795 1649 832 ἀγαθὸν
1673 795 1701 821 ἐκ
1727 798 1823 827 παντὸς
1845 800 1945 833 τρόπον

1144 835 1232 864 δίωκε’
1261 839 1348 875 ὑγείαν
1372 842 1417 865 καὶ
1438 839 1530 870 κάλλος
1553 843 1598 866 καὶ
1626 838 1727 869 ἡδονῶν
1749 843 1805 875 (i6)
1830 840 1946 868 ἀπολαύ-

255 873 408 919 luptatum
425 891 524 916 usum,
541 882 665 917 longam
680 882 789 916 vitam;
803 890 860 910 nec
875 881 1022 918 pecunias
1037 884 1083 908 aut

1144 891 1206 915 σεις,
1223 885 1268 909 καὶ
1281 873 1471 920 μακροϐίωσιν·
1488 882 1558 920 μηδι
1573 887 1702 922 χρήματα
1724 887 1769 911 καὶ
1792 873 1883 922 δόξαν,
1900 889 1945 912 καὶ

257 927 397 963 gloriam,
414 929 466 954 aut
480 927 646 962 potentiam
663 926 834 960 admirare;
860 933 916 953 nec
931 925 990 953 alia
1004 933 1088 961 quae-

257 979 378 1008 cunque
394 971 571 1007 temporalis
587 973 645 998 tum
655 970 723 998 vitae
736 978 865 998 munera
880 971 1010 1006 explent,
1026 977 1089 998 ma-

256 1024 316 1052 gna
339 1019 391 1044 aut
405 1016 517 1044 eximia
544 1016 620 1043 tanti
647 1015 781 1049 duxeris,
807 1017 840 1043 ut
858 1015 967 1043 horum
988 1015 1088 1042 studio

255 1062 433 1098 primariam
449 1064 531 1089 tuam
546 1061 640 1088 vitam
655 1060 801 1095 negligas,
823 1060 875 1087 sed
891 1060 1013 1088 attende
1034 1060 1090 1087 tibi

254 1107 335 1141 ipsi;
348 1106 406 1134 hoc
422 1108 477 1139 est,
493 1105 603 1134 animae
615 1108 682 1133 tute.
696 1107 814 1132 Exorna
824 1105 953 1140 illam,et
963 1104 1027 1140 ejus
1038 1112 1087 1132 cu-

255 1159 319 1179 ram
338 1159 417 1186 gere,
436 1153 468 1178 ut
484 1150 588 1178 sordes
604 1157 710 1178 omnes
730 1158 766 1177 ex
782 1149 920 1185 nequitia
932 1149 989 1185 ipsi
1003 1157 1085 1177 acce-

255 1196 369 1231 dentes,
383 1195 623 1223 submoveantur
635 1202 689 1230 per
699 1193 794 1222 animi
806 1194 1013 1229 attentionem,
1025 1202 1086 1222 om-

254 1241 362 1276 nisque
379 1239 518 1268 vitiorum
534 1238 689 1274 turpitudo
714 1240 907 1275 expurgatur,
924 1246 959 1266 ac
981 1241 1086 1266 contra

256 1284 474 1312 condecoretur
488 1283 713 1319 illustreturque
726 1283 809 1310 omni
833 1282 948 1310 virtutis
963 1285 1083 1310 ornatu.

255 1329 444 1356 Perscrutare
462 1330 489 1356 te
502 1328 576 1364 ipse,
594 1328 663 1363 quis
678 1327 719 1354 sis
734 1335 741 1360 ;
755 1327 803 1355 fac
821 1333 932 1354 noscas
944 1330 1027 1355 tuam
1040 1327 1085 1363 ip-

256 1373 318 1400 sius
342 1376 493 1406 naturam,
508 1373 652 1400 nimirum
681 1380 791 1409 corpus
806 1371 931 1408 quidem
957 1371 1084 1400 mortale

255 1425 331 1452 esse,
348 1418 483 1446 animam
494 1425 566 1445 vero
583 1417 786 1445 immortalem
804 1425 810 1444 :
835 1417 917 1450 item,
932 1416 1084 1452 duplicem

255 1470 322 1491 esse
337 1463 429 1490 vitam
440 1462 717 1495 nostram,alteram
733 1461 832 1489 carnis
846 1461 1012 1497 propriam,
1027 1461 1084 1489 cito

256 1509 463 1536 transeuntem
478 1515 485 1539 ;
503 1507 630 1535 alteram
655 1506 764 1534 animae
787 1508 960 1541 cognatam,
976 1506 1085 1534 limites

257 1552 357 1580 nullas
370 1552 589 1580 admittentem.
611 1551 742 1579 Attende
751 1558 823 1585 ergo
838 1550 894 1578 tibi
906 1551 973 1585 ipsi,
987 1558 1085 1586 neque

256 1596 293 1624 iis
308 1604 376 1632 qum
399 1595 533 1632 peritura
546 1598 626 1627 sunt,
642 1603 676 1623 ac
693 1595 715 1622 si
729 1597 841 1622 aeterna
856 1597 968 1627 essent,
985 1594 1086 1622 adhae-

257 1640 447 1676 seris,neque
458 1642 570 1668 aeterna
577 1639 665 1676 quasi
675 1639 757 1667 ﬂuxa
767 1639 946 1675 asperneris.
958 1641 1084 1667 Carnem

255 1684 411 1721 despicito,
419 1684 533 1720 quippe
544 1691 612 1720 quas
623 1685 769 1717 transeat;
783 1691 888 1711 curam
899 1683 1013 1711 habeas
1024 1684 1085 1711 ani-

257 1738 314 1758 mae
330 1729 372 1757 rei
389 1730 444 1765 l9
459 1728 654 1757 immortalis.
669 1727 768 1764 LOmni
788 1727 941 1763 diligentia
961 1728 1011 1756 tibi
1029 1729 1084 1764 ipsi

253 1774 387 1809 intende,
405 1777 435 1802 ut
449 1773 533 1809 quod
549 1773 667 1809 utrique
691 1773 884 1809 profuturum
899 1773 948 1805 sit,
963 1773 1084 1801 noveris

253 1819 414 1855 dispertiri,
426 1818 510 1846 carni
523 1818 648 1853 quidem
663 1817 839 1845 alimoniam
851 1819 879 1845 et
894 1820 1081 1852 tegumenta:

254 1864 363 1892 animus
376 1871 448 1898 vero
458 1863 575 1899 pietatis
589 1863 743 1897 dogmata,
760 1861 980 1890 institutionem
992 1862 1082 1890 urba-

252 1916 336 1942 nam,
348 1907 464 1935 virtutis
475 1907 730 1941 exercitationem,
742 1906 883 1934 vitiorum
899 1906 1084 1934 emendatio-

251 1960 333 1980 nem.
351 1953 455 1988 Neque
470 1959 541 1979 vero
552 1951 620 1986 plus
633 1959 723 1987 aequo
737 1950 945 1987 pinguetacias
958 1958 1080 1987 corpus,

251 2004 350 2032 neque
366 1996 407 2024 sis
435 1995 582 2023 sollicitus
596 1995 634 2022 de
649 1995 738 2030 copia
761 1996 910 2023 carnium.
931 1995 1080 2028 Quoniam

251 2041 332 2069 enim
347 2041 425 2069 Caro
439 2041 624 2075 concupiscit
637 2040 780 2068 adversus
789 2041 942 2074 spiritum,
954 2041 1079 2075 spiritus

250 2089 348 2114 autem
360 2086 504 2114 adversus
516 2088 684 2119 carnem,et
697 2085 760 2113 hac
769 2085 960 2113 sibiinvicem
973 2085 1080 2113 adver-

248 2134 357 2160 santur
373 2131 408 2165 ⁸⁸,
425 2139 497 2159 cave
513 2131 679 2166 nequando
697 2130 838 2158 addictus
858 2130 952 2165 carni,
968 2130 1079 2158 multas

247 2175 325 2204 vires
337 2175 450 2203 tribuas
458 2175 608 2202 deteriori.
619 2176 692 2203 Nam
703 2174 965 2211 quemadmodum
977 2174 1007 2202 in
1020 2177 1078 2202 sta-

1143 925 1298 954 δυναστείαν
1328 929 1455 964 θαύμαζε·
1482 927 1552 965 μηδὲ
1573 930 1623 955 ὃσα
1646 939 1688 955 σοι
1712 932 1770 964 (17)
1794 935 1843 961 τῆς
1856 940 1944 968 προσ-

1141 974 1233 1008 καίρου
1269 972 1340 1004 ζωῆς
1367 975 1414 1002 τὴν
1437 973 1580 1010 ὑπηρεσίαν
1606 973 1711 1010 πληροῖ,
1738 978 1821 1000 ταῦτα
1842 975 1946 1010 μεγάλα

1140 1019 1260 1053 νομίσας,
1286 1022 1317 1053 τῇ
1344 1019 1404 1054 περὶ
1429 1022 1514 1044 ταῦτα
1542 1016 1647 1054 σπουδῇ
1677 1023 1725 1050 τῆς
1742 1021 1945 1055 προηγουμιῆιης

1142 1065 1251 1088 σεαυτοῦ
1288 1062 1357 1092 ζωῆς
1394 1062 1541 1099 καταμὲλει·
1575 1061 1640 1088 ἀλλὰ
1676 1066 1792 1100 πρόσεχε
1828 1069 1941 1099 σεαυτῷ·

1139 1108 1269 1139 τουτέστι,
1285 1110 1316 1142 τῇ
1339 1106 1416 1142 ψυχῇ
1435 1117 1492 1134 σου.
1512 1108 1615 1136 Ταύτην
1630 1110 1800 1144 κατακόσμει,
1814 1111 1860 1134 καὶ
1875 1110 1942 1135 ταύ-

1138 1160 1186 1181 της
1212 1149 1342 1187 ἑπιμιλοῡ,
1364 1152 1430 1177 ὦστι
1455 1153 1539 1177 πάντα
1559 1153 1604 1188 μὲν
1628 1153 1671 1178 τόν
1695 1151 1722 1178 ir.
1743 1156 1791 1182 τῆς
1813 1155 1943 1189 πονηρίας

1139 1194 1313 1231 ἐπιγινόμενον
1347 1195 1412 1232 αὐτῇ
1445 1196 1526 1233 ῥύπον
1557 1195 1788 1233 ἀποικονομιῖσθαι
1817 1195 1864 1223 διὰ
1892 1201 1942 1228 τῆς

1137 1244 1260 1277 προσοχῆ
1268 1251 1286 1274 ς,
1303 1243 1354 1267 πᾶν
1377 1239 1405 1266 δὲ
1420 1242 1449 1266 τὸ
1470 1239 1519 1266 ἀπὸ
1535 1243 1628 1272 κακίας
1644 1239 1741 1277 αἶσχος
1761 1241 1940 1279 ἀποκαθαίρε-

1140 1286 1211 1318 σθαι,
1239 1287 1316 1311 παντὶ
1346 1283 1375 1311 δί
1399 1289 1434 1320 τῷ
1465 1284 1491 1316 ἐξ
1526 1285 1618 1322 ἀρετῆς
1642 1285 1728 1312 κάλλει.
1763 1290 1941 1323 κπακοσμιίν

1138 1329 1219 1359 αὐτὴν
1253 1332 1298 1356 καὶ
1333 1328 1492 1366 φαιδρύνιιν.
1530 1329 1665 1361 Ἐξέτασον
1701 1333 1808 1357 σεαυτὸν
1839 1334 1879 1363 τὶς
1907 1331 1939 1365 si,

1137 1375 1219 1410 γνῶθι
1235 1378 1332 1400 σαυτοῦ
1345 1377 1392 1404 τὴν
1405 1376 1492 1410 φύσιν·
1510 1375 1550 1400 ὃτι
1570 1375 1661 1403 θνητόν
1676 1377 1720 1411 μέν
1735 1385 1781 1402 σου
1801 1377 1829 1402 τὸ
1851 1380 1940 1412 σῶμας

1139 1419 1266 1451 ἀθάνατος
1281 1417 1311 1446 δὲ
1325 1420 1340 1448 ἡ
1359 1419 1449 1455 ψυχή’
1472 1422 1516 1445 καὶ
1540 1420 1580 1445 ὅτι
1607 1417 1686 1449 διπλῆ
1708 1422 1747 1451 τίς
1771 1419 1842 1446 ἔστιν
1867 1421 1941 1456 ἡμῶν

1139 1465 1153 1493 ἠ
1170 1465 1234 1494 ζωή·
1256 1465 1271 1493 ἠ
1288 1466 1332 1500 μὲν
1352 1464 1435 1490 οἰκεία
1455 1468 1486 1493 τῆ
1509 1466 1598 1502 σαρκὶ,
1611 1466 1683 1500 ταχὺ
1702 1467 1898 1501 παρερχομένη·
1924 1466 1940 1494 ἠ

1139 1507 1169 1535 δὲ
1198 1511 1326 1545 συγγενὴς
1352 1513 1383 1545 τῇ
1420 1509 1509 1545 ψυχῇ,
1535 1511 1571 1545 μὴ
1597 1507 1727 1545 δεχομένη
1764 1513 1940 1548 περιγραφήν.

1105 1549 1124 1577 C
1140 1557 1259 1592 Πρόσεχε
1282 1552 1326 1580 οὖν
1354 1558 1464 1589 σεαυτῷ,
1492 1557 1558 1590 μήτε
1579 1558 1634 1585 τοῖς
1651 1555 1754 1586 θνητοῖς
1778 1555 1812 1585 ὡς
1841 1553 1942 1587 ᾰῑδίοις

1139 1598 1316 1635 ἕναπομιίνῃς,
1355 1601 1421 1635 μήτε
1458 1602 1507 1624 τῶν
1545 1597 1638 1625 ἀϊδίων
1671 1600 1706 1630 ὡς
1736 1602 1941 1636 παρερχομένων

1139 1645 1350 1679 καταφρονήσῃς.
1388 1641 1512 1679 ’Υπερόρα
1541 1645 1649 1680 σαρκός,
1684 1645 1847 1680 παρέρχεται
1877 1645 1939 1681 γάρ·

1139 1687 1259 1724 ἐπιμελοῦ
1291 1687 1395 1723 ψυχῆς,
1430 1688 1583 1724 πράγματος
1619 1687 1758 1715 ἀθανάτου,
1799 1687 1941 1717 Ἐπίστηθι

1139 1733 1203 1768 μετὰ
1229 1732 1318 1762 πάσης
1344 1730 1477 1768 ἀκριϐείας
1504 1736 1614 1767 σεαυτῷ,
1641 1732 1683 1758 ἵνα
1708 1730 1781 1768 εἰδῇς
1807 1730 1940 1768 διανέμειν

1139 1777 1249 1814 ἑκατέρῳ
1283 1778 1313 1802 τὸ
1348 1778 1505 1813 πρόσφορον,
1531 1779 1609 1813 σαρκὶ
1639 1777 1684 1812 μὲν
1716 1775 1861 1813 διατροφὰς
1893 1779 1940 1803 καὶ

1139 1823 1322 1858 σκεπάσματα,
1349 1820 1426 1857 ψυχῇ
1455 1819 1485 1847 δὲ
1514 1819 1635 1857 δόγματα
1661 1820 1801 1854 εὐσεϐείας,
1831 1820 1938 1857 ἀγωγὴν

1138 1865 1252 1899 ἀστείαν,
1282 1865 1374 1903 ἀρετῆς
1398 1866 1522 1900 οῖσκησιν,
1545 1866 1634 1892 παθῶν
1657 1865 1843 1901 ἐπανόρθωσιν
1871 1868 1940 1902 μήτε

1137 1912 1312 1947 ὑπερπιαίνειν
1348 1912 1377 1936 τὸ
1405 1915 1491 1947 σῶμα,
1522 1913 1588 1946 μήτε
1619 1912 1678 1947 περὶ
1702 1911 1744 1936 τὸν
1775 1909 1855 1945 ὄχλον
1887 1914 1940 1937 τῶν

1138 1960 1240 1992 σαρκῶν
1280 1953 1480 1982 ἐσπουδακέναι.
1517 1953 1622 1984 Ἐπειδὴ
1658 1953 1707 1992 γὰρ
1747 1953 1884 1991 Ἐπιθυμιὶ
1919 1956 1938 1984 ἡ

1137 2000 1204 2037 σὰρξ
1228 1999 1296 2026 κατὰ
1323 2003 1369 2026 τοῦ
1393 2001 1548 2036 πνεύματος,
1569 2000 1599 2025 τὸ
1619 1996 1649 2025 δὲ
1669 2002 1772 2034 πνεῦμα
1796 2000 1865 2025 κατὰ
1890 2004 1941 2031 τῆς

1137 2047 1243 2082 σαρκὸς,
1271 2048 1355 2071 ταῦτα
1383 2042 1412 2070 δέ
1437 2043 1555 2074 αλλήλοις
1578 2043 1722 2069 ἀντίκειται
1744 2043 1877 2080 (18),ὃρα
1899 2047 1936 2080 μή

1134 2099 1206 2123 ποτε,
1228 2090 1403 2127 προσθέμενος
1426 2093 1457 2125 τῇ
1489 2090 1577 2125 σαρκὶ,
1611 2087 1707 2117 πολλὴν
1731 2089 1862 2125 παράσχῃ
1889 2091 1937 2118 τὴν

1135 2132 1291 2160 δυναστείαν
1316 2138 1352 2169 τῷ
1377 2136 1488 2171 χείρονι.
1517 2133 1616 2170 Ὠσπερ
1643 2134 1692 2169 γὰρ
1708 2132 1732 2159 iv
1759 2136 1817 2163 ταῖς
1840 2133 1937 2170 ῥοπαῖς

1134 2183 1183 2204 τῶν
1209 2179 1304 2214 ζυγῶν,
1328 2178 1370 2204 ἐὰν
1393 2180 1455 2214 μίαν
1476 2177 1658 2214 καταϐαρύνης
1678 2177 1840 2213 πλάστιγγα,
1869 2187 1936 2204 κου-

245 2221 377 2247 terarum
388 2219 550 2247 momentis
562 2226 653 2246 unam
665 2218 783 2247 lancem
796 2218 820 2246 si
832 2218 1077 2254 degravabis,ne-

1139 2225 1242 2261 φοι-ἐραν
1279 2224 1380 2254 παντως
1405 2225 1452 2252 τὴν
1488 2221 1664 2259 ἀντικειμένην
1701 2225 1831 2253 ποιήσεις·
1865 2223 1935 2249 οὗτοι

245 2272 328 2291 cesse
337 2266 382 2291 est
390 2264 516 2291 omnino
525 2263 738 2299 utoppositam
748 2263 857 2290 reddas
867 2263 1010 2291 leviorem
1020 2272 1026 2290 :
1035 2264 1077 2293 ita

244 2308 336 2336 etiam
350 2308 381 2336 in
392 2316 518 2344 corpore
529 2310 557 2336 et
577 2309 690 2340 animo,
701 2308 774 2335 dum
797 2316 890 2335 unum
913 2308 1075 2342 redundat,

244 2353 372 2382 alterum
384 2353 559 2380 necessario
570 2352 769 2380 imminuitur.
783 2353 909 2380 Fruente
920 2352 1001 2380 enim
1013 2361 1076 2382 cor-

242 2405 316 2434 pore
331 2397 509 2425 habitudine
525 2397 618 2430 bona,
630 2399 720 2433 atque
735 2396 881 2442 obesitate
897 2401 1073 2442 aggravato’

241 2449 434 2478 consequens
446 2444 491 2469 est
502 2444 534 2469 ut
545 2449 632 2469 mens
644 2442 683 2468 ad
695 2440 862 2477 peculiares
871 2441 927 2469 sibi
940 2440 1074 2471 actiones

238 2487 361 2517 inﬁrma
367 2487 446 2516 sitae
454 2486 577 2521 debilis;
590 2486 811 2521 contra,animo
818 2494 849 2515 se
858 2486 935 2516 bene
942 2487 1073 2517 habente

275 2559 299 2577 ⁸ο
320 2560 343 2587 ll
358 2558 432 2588 Tim.
447 2566 479 2594 ll,
490 2559 535 2586 26.
575 2557 596 2575 θ’
619 2557 714 2586 Galat.
730 2559 819 2598 v,'t7.

270 2650 328 2684 (l5)
349 2650 419 2682 Reg.
436 2648 555 2684 primus
569 2647 595 2684 αἱ
612 2645 659 2673 διὰ
672 2648 778 2684 τούτου.

345 2685 427 2729 [inde
438 2682 540 2729 icpd‘ex
554 2682 655 2729 ὴξονεῶν
668 2682 823 2729 ἀπόλαυσιν(

270 2719 326 2756 (17)
347 2719 468 2756 Antiqui
484 2719 626 2756 duolibri
642 2720 691 2745 ὅσα
707 2729 764 2756 σου.
786 2719 840 2746 Alii
856 2727 930 2747 mss.
951 2722 980 2748 et
993 2720 1065 2750 editi

233 2754 283 2782 ὅσα
298 2765 350 2783 σοι.
364 2754 482 2783 Νρὰίιίι
497 2754 593 2782 multo
610 2758 677 2790 post
692 2755 763 2782 editi
776 2758 804 2782 et
819 2757 888 2788 Reg.
905 2757 1009 2784 tertius
1025 2768 1066 2784 νο-

232 2793 370 2828 μίσας,χαὶ
393 2795 436 2827 τῇ·
459 2790 519 2819 Sed
544 2790 684 2819 voculam
708 2792 753 2816 καί
773 2790 952 2824 delevimus,
970 2792 1063 2822 ﬁdem

1133 2271 1178 2294 καὶ
1200 2267 1241 2294 ἐπὶ
1275 2270 1395 2304 σώματος
1409 2269 1454 2293 καὶ
1478 2266 1605 2302 ψυχῆς,ό
1631 2270 1677 2293 τοῦ
1704 2266 1790 2303 ἐτέρου
1822 2266 1934 2294 πλεονα-

1134 2314 1198 2349 σμὸς
1214 2311 1358 2348 ἀναγκαίαν
1381 2315 1449 2339 ποιεῖ
1469 2314 1516 2341 τὴν
1532 2314 1590 2345 (19)
1606 2310 1745 2338 ἐλάττωσιν
1764 2315 1809 2338 τοῦ
1834 2311 1932 2348 ἑτέρου.

1132 2361 1254 2394 Σὼματος
1277 2359 1322 2394 μὲν
1345 2358 1394 2393 γὰρ
1421 2357 1593 2388 εὐπαθοῦντος
1617 2358 1662 2382 κα)¹
1690 2356 1856 2394 πολυσαρκίᾳ
1878 2356 1933 2393 βα-

1130 2404 1279 2439 ρυνομένου,
1297 2400 1395 2437 ἀνάγκη
1413 2400 1512 2438 ἀδρανῆ
1527 2403 1572 2428 καὶ
1597 2401 1687 2427 ἄτονον
1709 2400 1774 2428 εἶναι
1794 2402 1860 2437 πρὸς
1885 2402 1932 2432 τὰς

1130 2447 1226 2477 οἰκείας
1243 2446 1369 2484 ἐνεργείας
1394 2447 1438 2472 τὸν
1452 2450 1520 2472 νοῦν·
1539 2445 1632 2482 ψυχῆς
1658 2443 1688 2472 δι
1709 2446 1865 2477 ιὺικτούσης
1887 2448 1932 2472 καὶ

1129 2489 1176 2518 διὰ
1190 2495 1237 2522 τῆς
1261 2495 1311 2517 τῶν
1328 2490 1431 2528 ἀγαθῶν
1452 2491 1560 2528 μιλίτης
1581 2492 1647 2528 πρὸς
1661 2492 1690 2517 τὸ
1713 2491 1807 2518 οἰκεῖον
1822 2491 1930 2527 μέγεθος

1125 2651 1214 2682 trium
1227 2649 1375 2681 librorum
1390 2653 1525 2681 veterum
1541 2651 1645 2681 secuti.

1158 2689 1216 2723 (18)
1238 2691 1269 2717 In
1282 2689 1366 2717 Colb.
1386 2689 1471 2716 tertio
1491 2696 1546 2724 pro
1568 2688 1710 2715 ἀντίκειται
1727 2687 1838 2724 legitur
1857 2687 1928 2716 ἀντί-

1123 2733 1230 2751 κιινται.
1254 2725 1319 2752 Mox
1343 2727 1474 2761 quatuor
1498 2733 1571 2752 mss.
1583 2725 1724 2761 παράσχῃ.
1741 2724 1818 2753 Editi
1840 2726 1926 2762 παρά-

1124 2770 1206 2796 σχῇς-

1158 2789 1216 2832 (19]
1237 2795 1358 2832 Antiqui
1368 2797 1427 2824 tres
1439 2794 1510 2824 libri
1524 2797 1637 2822 ποιεῖται
1656 2798 1713 2825 τὴν.
