2029 3136
79 147 120 172 205
505 139 652 167 HOMlLlA
670 138 703 166 1N
726 136 839 170 ILLUD,
859 133 1049 162 ATTENDE
1072 133 1157 161 TIBI
1172 131 1262 161 IPSI.
1674 134 1726 160 206

79 206 213 242 ὑψουμένης,
227 203 343 240 ἑπόμενὸν
368 201 424 228 ἐστι
447 203 494 230 τὴν
509 205 554 227 τοῦ
571 203 692 237 σώματος
704 199 754 230 ἕξιν
768 207 847 224 κατα·
862 213 867 224 Α

923 195 1096 223 tbonorum
1111 194 1305 222 meditatione
1322 193 1360 221 ad
1373 193 1528 229 propriam
1547 192 1729 229 magnitudi-

902 248 973 268 nem
983 241 1097 274 evecto,
1105 238 1242 275 sequitur
1251 238 1366 266 bonam
1376 238 1510 275 corporis
1519 238 1730 268 habitudinem

904 285 1118 313 contabescere
1134 286 1161 312 et
1176 283 1349 318 elanguere.

940 331 967 357 4.
989 330 1080 357 Porro
1102 328 1160 356 hoc
1188 328 1269 356 idem
1291 329 1478 364 praeceptum
1506 336 1576 356 cum
1602 329 1730 357 inﬁrmis

906 374 1060 407 conducit,
1076 376 1139 401 tum
1154 373 1286 401 maxime
1301 373 1439 408 congruit
1456 373 1534 401 bene
1548 373 1730 403 valentibus.

907 420 941 447 Et
954 419 985 446 in
1000 418 1114 446 morbis
1127 417 1253 454 quidem
1266 417 1375 445 medici
1386 417 1585 446 adhortantur
1593 421 1731 454 aegrotos,

907 466 940 491 ut
955 463 1013 491 sibi
1026 463 1084 499 ipsi
1100 463 1268 497 attendant,
1279 462 1413 499 nihilque
1427 470 1531 490 eorum
1544 471 1613 500 quae
1624 464 1663 491 ad
1673 472 1735 492 me-

909 508 1008 536 delam
1033 507 1183 544 pertinent
1202 507 1366 542 negligant.
1383 507 1530 536 Eumdem
1554 511 1594 536 ad
1608 509 1736 537 modum

910 561 1010 581 sermo
1025 553 1127 585 etiam,
1143 553 1316 580 animarum
1330 555 1504 580 nostrarum
1514 553 1661 585 medicus,
1675 554 1738 582 ani-

911 606 993 626 mam
1006 605 1024 625 a
1038 599 1162 633 peccato
1177 597 1257 624 male
1267 597 1407 625 attactam
1418 597 1527 632 exiguo
1538 597 1596 625 hoc
1603 598 1738 626 remedio

911 644 1066 679 persanat.
1078 642 1210 670 Attende
1225 642 1314 676 igitur
1330 642 1383 669 tibi
1393 643 1459 676 ipsi,
1471 644 1504 670 ut
1518 650 1573 678 pro
1584 642 1684 671 delicti
1694 651 1740 671 ra-

914 688 993 716 tione
1000 687 1126 724 recipias
1133 687 1224 714 etiam
1235 686 1406 715 subsidium
1417 687 1591 715 curationis.
1599 689 1740 723 Magnum

915 734 958 760 est
972 734 1131 768 peccatum
1147 733 1176 759 et
1190 739 1293 767 grave,
1309 731 1405 759 multa
1418 731 1470 759 tibi
1480 740 1556 767 opus
1567 735 1612 760 est
1625 733 1742 761 confes-

916 777 1010 810 sione,
1022 776 1166 812 lacrymis
1184 776 1306 810 amaris,
1318 776 1438 804 intentis
1458 776 1573 812 vigiliis,
1590 776 1743 813 jugijeju-

915 821 977 849 nio.
993 823 1067 849 Leve
1080 824 1126 849 est
1139 824 1167 849 et
1182 820 1337 849 tolerabile
1356 821 1498 849 delictum
1513 831 1518 849 :
1535 821 1605 850 huic
1620 830 1743 858 quoque

916 869 1089 903 exaequetur
1108 866 1294 902 poenitentia.
1311 866 1533 894 Tantummodo
1557 866 1676 894 attende
1690 867 1744 895 tibi

916 913 983 949 ipsi,
999 914 1032 939 ut
1054 911 1212 939 sanitatem
1238 911 1331 938 animi
1354 919 1390 939 ac
1412 911 1555 939 morbum
1580 919 1742 947 agnoscas.

917 959 992 986 Sunt
1006 956 1087 984 enim
1099 955 1245 992 plerique,
1260 955 1312 991 qui
1327 963 1390 992 prae
1403 956 1498 984 nimia
1509 956 1602 984 animi
1616 956 1745 984 inconsi—

917 1001 1053 1030 derttntia
1064 1003 1209 1035 aegrotare
1218 1008 1249 1027 se
1261 1007 1298 1027 ne
1307 1002 1417 1028 norunt
1425 1001 1558 1037 quidem,
1567 1009 1745 1037 quanquam

918 1046 1061 1082 gravibus
1077 1045 1192 1073 morbis
1206 1047 1235 1074 et
1249 1045 1469 1073 insanabilibus
1483 1046 1634 1075 laborant.
1649 1046 1707 1074 Sed
1717 1048 1746 1075 et

917 1092 995 1120 bene
1006 1090 1176 1119 valentibus
1184 1090 1214 1117 in
1221 1090 1340 1125 agendo
1348 1098 1409 1118 non
1417 1098 1526 1127 parum
1537 1091 1660 1127 prodest
1670 1091 1746 1119 illud

918 1136 1096 1164 mandatum
1115 1144 1120 1162 :
1138 1143 1233 1170 quare
1256 1135 1314 1162 hoc
1338 1135 1418 1162 idem
1438 1138 1467 1163 et
1487 1143 1584 1170 aegros
1605 1138 1702 1172 sanat,
1718 1138 1745 1164 et

918 1181 1000 1209 sanis
1015 1179 1153 1208 conciliat
1168 1179 1328 1207 sanitatem
1343 1180 1562 1216 perfectiorem.
1576 1182 1650 1208 Nam
1663 1181 1745 1217 quis-

917 1233 977 1262 que
985 1226 1123 1252 nostrum
1134 1223 1266 1260 quiinter
1274 1224 1355 1252 verbi
1363 1224 1530 1260 discipulos
1540 1233 1743 1260 recensemur,

918 1278 1024 1297 sumus
1037 1269 1203 1296 administri
1215 1269 1304 1296 unius
1316 1268 1444 1304 alicujus
1454 1277 1560 1298 eorum
1570 1278 1742 1304 munerum,

917 1323 983 1351 quae
990 1313 1098 1348 nobis,j
1105 1315 1174 1340 uxta
1181 1313 1564 1350 Evangelium,praescripta
1570 1315 1746 1342 sunt.Enim-

917 1366 989 1386 vero
999 1358 1029 1386 in
1044 1357 1266 1393 magnaﬂomo
1283 1357 1414 1385 Ecclesia
1424 1357 1481 1386 hac
1492 1366 1554 1386 non
1564 1359 1657 1387 modo
1671 1367 1746 1388 vasa

919 1405 989 1430 sunt
996 1403 1043 1438 cuj
1050 1409 1207 1438 uscunque
1215 1402 1343 1437 generis,
1352 1410 1443 1430 aurea
1451 1405 1639 1438 etargentea,
1646 1403 1747 1439 lignea

919 1451 947 1476 et
956 1448 1125 1482 testacea",
1134 1447 1187 1474 sed
1194 1449 1264 1474 sunt
1272 1447 1372 1481 etiam,
1380 1450 1459 1475 artes
1465 1448 1644 1483 omnigenus.
1653 1449 1748 1477 Habet

919 1492 1000 1521 enim
1010 1492 1120 1519 domus
1130 1492 1189 1526 Dei,
1196 1499 1264 1526 quae
1273 1494 1317 1519 est
1325 1491 1454 1520 Ecclesia
1464 1492 1514 1520 Dei
1521 1493 1648 1521 viventis
1655 1494 1689 1528 ⁸³,
1699 1502 1748 1522 ve-

887 1540 889 1574 ξ
919 1540 1049 1571 natores,
1059 1536 1201 1568 viatores,
1212 1536 1402 1571 architectos,
1415 1536 1623 1571 rediﬁcatores,
1636 1539 1748 1573 agrico-

888 1580 890 1616 ξ
919 1580 1270 1617 las,pastores,athletas,
1279 1581 1565 1610 milites.Conveniet
1575 1582 1675 1611 brevis
1684 1583 1749 1611 haec

887 1620 889 1628 ¹
922 1626 1011 1653 dictio
1023 1625 1068 1652 his
1081 1624 1234 1660 omnibus,
1249 1625 1424 1661 impertiens
1437 1626 1563 1661 singulis
1575 1629 1639 1655 tum
1650 1627 1749 1663 operis

923 1670 1135 1705 integritatem,
1152 1671 1216 1696 tum
1231 1669 1395 1698 voluntatis
1417 1671 1560 1699 studium.
1578 1673 1706 1700 Venator
1719 1680 1751 1700 es

924 1715 1034 1743 missus
1050 1722 1068 1742 ο.
1083 1714 1210 1741 Domino
1222 1714 1358 1742 dicente:
1374 1715 1453 1743 Ecce
1470 1723 1522 1750 ego
1543 1717 1626 1744 mitto
1641 1718 1752 1745 multos

926 1760 1121 1791 venam-emt
1127 1759 1752 1794 venabuntureossuperomnemmontem“.

927 1803 1053 1832 Attende
1070 1802 1159 1838 igitur
1179 1803 1346 1839 diligenter,
1357 1812 1395 1831 ne
1414 1804 1488 1832 forte
1502 1804 1625 1840 effugiat
1640 1808 1667 1833 te
1679 1814 1752 1841 prae-

927 1849 978 1882 da,
994 1851 1026 1876 ut
1039 1855 1091 1875 eos
1108 1847 1161 1884 qui
1183 1847 1256 1875 vitiis
1273 1848 1388 1877 efferati
1402 1852 1482 1884 sunt,
1496 1858 1635 1878 sermone
1646 1851 1754 1879 verita-

928 1895 965 1922 tis
979 1895 1083 1930 captos
1100 1893 1236 1921 adducas
1251 1894 1415 1922 Servatori.
1437 1895 1537 1923 Viator
1549 1903 1581 1922 es
1593 1903 1654 1923 non
1669 1903 1755 1924 secus

929 1946 964 1967 ac
979 1938 1026 1966 ille
1039 1939 1097 1973 2ο
1113 1938 1166 1974 qui
1185 1938 1227 1966 sic
1241 1939 1440 1974 precabatur:
1453 1941 1577 1968 Gressus
1593 1949 1669 1969 meus
1682 1941 1757 1969 diri-

928 1991 964 2019 ge
974 1983 1008 2016 35,
1018 1983 1138 2010 attende
1150 1982 1203 2010 tibi
1215 1982 1272 2018 ipsi
1282 1991 1320 2010 ne
1331 1983 1473 2012 deﬂectas
1485 1993 1503 2012 a
1512 1985 1614 2017 via,ne
1625 1985 1758 2013 declines

929 2027 969 2055 ad
979 2027 1117 2055 dextram
1128 2029 1180 2054 aut
1196 2027 1360 2061 sinistram,
1375 2028 1423 2056 via
1434 2029 1518 2063 regia
1531 2029 1650 2058 incede.
1664 2030 1759 2057 Jaciat

930 2072 1111 2100 architectus
1129 2071 1252 2099 ﬁrmum
1268 2071 1339 2099 ﬁdei
1359 2071 1698 2109 fundamentum,quod
1714 2076 1760 2101 est

931 2117 1017 2144 Jesus
1035 2115 1180 2143 Christus.
1198 2115 1300 2143 Videat
1315 2116 1490 2150 aedificator,
1511 2125 1572 2153 quo
1584 2120 1674 2153 pacto
1689 2117 1759 2145 mdi—

894 2159 916 2185 D
933 2161 1018 2188 ﬁcet:
1032 2168 1093 2188 non
1105 2160 1233 2194 lignum,
1245 2168 1306 2188 non
1322 2160 1436 2195 fenum,
1452 2169 1514 2189 non
1536 2162 1689 2197 stipulam,
1706 2162 1760 2190 sed

78 250 236 287 μαραίνεσθαι.

105 339 127 366 4.
140 339 171 364 Τὸ
186 336 245 363 αὗτό
261 335 289 362 δὲ
304 339 380 361 τοῦτο
395 333 564 372 παράγγελμα
574 336 619 360 καὶ
632 333 772 359 ἀσθενοῦσι
781 332 850 368 χρή-

77 393 148 418 σιμον,
161 385 202 407 καὶ
224 381 374 419 ἐρρωμένοις
395 378 602 417 ἁρμοδιώτατον.
619 378 658 405 Ἐν
681 379 726 414 μέν
750 386 779 412 γε
793 379 851 406 ταῖς

78 427 201 456 ἀσθενείαις
215 427 239 452 οἱ
254 426 337 462 ἰατροὶ
356 428 410 455 τοῖς
431 425 562 460 κάμνουσι
583 426 751 460 παρεγγυῶσι
771 430 852 458 προσ-

76 474 134 507 έχειν
148 471 235 502 αὐτοὺς
251 471 361 503 ἑαυτοῖς,
386 472 431 495 καὶ
452 467 564 506 μηδενὸς
587 473 637 494 τῶν
662 467 697 497 εἰς
717 467 852 503 θεραπείαν

77 517 173 545 ἡκόντων
200 515 358 551 καταμελείν.
387 514 498 550 Ὁμοίως
527 512 556 539 δὲ
584 515 629 538 καὶ
653 513 665 538 ὁ
688 512 776 548 ἰατρὸς
803 514 853 535 τῶν

76 561 156 595 ψυχῶν
178 561 247 596 ἡμῶν
270 559 345 595 λόγος
368 559 424 594 (20)
447 561 493 587 τὴν
518 559 567 584 ὑπὸ
590 561 637 588 τῆς
660 557 788 594 ἁμαρτίας
810 564 855 580 κε-

78 607 209 641 κακωμένην
224 604 315 640 ψυχὴν
330 602 377 630 δ’ιά
391 607 437 629 τοῦ
457 606 552 639 μικροῦ
575 604 668 628 τούτου
686 600 856 637 βοηθήματος

77 649 168 681 ἔξιᾱται.
195 652 312 686 Ηρόσεχε
334 647 377 675 οὖν
405 652 514 684 σεαυτῷ,
548 648 589 673 ἱνα
621 647 688 672 κατὰ
721 644 857 680 ἀναλογίαν

76 698 112 720 τοῦ
130 694 344 730 πλημμελήματος
368 696 412 719 καὶ
436 695 483 722 τὴν
505 691 533 718 ἐκ
557 695 604 721 τῆς
629 692 767 727 θεραπείας
789 689 858 725 βοή-

77 740 133 765 θειαν
146 737 270 775 καταδέξῃ
288 739 355 774 (21).
372 739 446 773 Μέγα
464 739 508 762 καὶ
530 736 645 772 χαλεπὸν
659 737 687 761 τὸ
704 735 857 771 ἁμάρτημα·

76 783 156 814 πολλῆς
179 793 219 809 σοι
242 785 323 820 χρεία
345 786 393 812 τῆς
417 781 644 817 ἐξομολογησεως,
672 778 791 816 δακρύων
818 788 860 805 πι-

76 832 140 864 κρὼν,
163 830 284 853 συντόνου
308 831 357 858 τῆς
379 826 533 863 ἀγρυπνίας,
559 823 730 851 ἀδιαλείπτου
750 827 798 854 τῆς
817 833 861 852 νη·
877 843 899 871 B

77 874 162 903 στείας.
190 875 290 908 Κοὺφον
314 874 359 897 καὶ
382 872 493 907 φορητὸν
517 871 546 895 τὸ
570 870 746 906 παράπτωμα”
771 867 861 898 ἐξισα-

78 916 149 946 ζέσθω
171 918 213 942 καὶ
234 917 248 945 ἠ
275 916 408 953 μετάνοια.
435 916 518 941 Μόνον
542 916 658 949 πρόσεχε
683 917 792 948 σεαυτῷ,
822 913 863 938 ἱνα

74 961 188 998 γνωρίζῃς
199 961 294 997 ψυχῆς
310 961 452 997 εὐρωστίαν
478 962 523 985 καὶ
546 961 630 985 νόσον.
646 957 735 983 Πολλοὶ
749 958 798 993 γὰρ
812 955 862 982 ἀπὸ

75 1009 113 1035 τῆς
133 1006 183 1041 (22)
212 1007 279 1041 οἰγαν
308 1004 465 1042 ὰπροσεξίας
493 1003 597 1040 μεγάλα
624 1005 669 1028 καὶ
699 1001 792 1028 ἀνίατα
817 1011 861 1027 νο-

77 1054 173 1083 σοῦντες,
197 1048 258 1076 οὐδὲ
280 1049 342 1075 αὐτὸ
365 1053 442 1074 τοῦτο
466 1050 567 1082 ἴσασιν,
584 1050 624 1072 ὅτι
645 1050 765 1073 νοσοῦσι.
789 1047 864 1082 Μέγα

76 1092 99 1120 δὲ
115 1096 140 1120 τὸ
161 1094 186 1120 ἐκ
209 1099 255 1121 τοῦ
279 1093 494 1131 παραῃελματος
518 1092 605 1128 ὄφελος
629 1095 673 1117 καὶ
699 1095 754 1121 τοῖς
787 1090 862 1128 ἐρρω-

75 1141 148 1174 μένοις
166 1142 223 1176 περὶ
244 1140 293 1170 τὰς
313 1139 431 1175 πράξεις·
455 1139 521 1163 ὥστε
544 1139 572 1162 τὸ
598 1137 660 1162 αὐτὸ
685 1137 739 1169 (23)
759 1137 805 1161 καὶ
818 1145 863 1161 νο-

77 1188 172 1215 σουντας
195 1184 277 1216 ὺὶται,
299 1185 343 1209 καὶ
360 1183 523 1218 ὑγιαίνοντας
545 1181 645 1208 τελειοῖ.
669 1180 798 1208 Ἕκαστος
812 1181 862 1216 γὰρ

75 1228 136 1263 ἡμῶν
154 1233 201 1254 τῶν
225 1229 441 1264 μαθητευομένων
463 1231 498 1262 τῷ
522 1226 589 1261 λόγῳ
613 1229 674 1262 μιᾶς
703 1234 771 1254 τινος
792 1225 862 1261 πρά-

76 1271 128 1303 ξεώς
146 1272 213 1298 ἐστιν
238 1274 381 1310 ὑπηρέτης,
410 1276 459 1297 τῶν
482 1272 550 1297 κατὰ
570 1272 598 1296 τὸ
623 1269 778 1305 Εὖαγγέλιον
800 1267 862 1294 δια-

74 1320 218 1353 τεταγμένων
242 1319 317 1353 ἡμῖν.
342 1316 380 1342 Ἐν
405 1317 454 1352 γὰρ
479 1319 510 1351 τῇ
541 1315 637 1351 μεγάλῃ
660 1314 730 1350 οἰκίᾳ
752 1317 781 1350 τῇ
804 1313 863 1339 Ἐκ-

74 1360 159 1397 ιιλησίᾳ
170 1364 250 1398 ταύτῃ
272 1361 300 1387 οὐ
323 1363 399 1397 μόνον
424 1361 502 1388 σκεύη
525 1359 581 1385 ἐστί
594 1357 758 1391 παντοδαπὰ,
773 1360 865 1394 χρυσᾶ

73 1408 109 1430 καὶ
121 1405 226 1443 ἀργυρᾶ,
250 1408 298 1431 καὶ
322 1405 410 1436 ξύλινα
423 1406 480 1440 (24)
500 1406 544 1430 καὶ
569 1403 720 1441 ὀστράκινα,
745 1402 864 1429 ἀλλὰκαὶ

73 1452 155 1485 τέχναι
177 1455 311 1476 παντοῖαι.
337 1449 413 1485 Ἔχει
434 1450 483 1486 γὰρ
507 1450 519 1474 ὁ
543 1446 612 1478 οἶκος
636 1452 681 1474 τοῦ
706 1450 779 1480 Θεοῦ,
805 1449 864 1478 ἥτις

73 1493 132 1520 ἐστὶν
146 1495 289 1524 Ἐκκλησία
312 1498 378 1521 Θεοῦ
404 1494 508 1527 ζῶντος,
534 1494 669 1530 θηρευτὰς,
696 1492 862 1529 ὁδοιπόρους,

74 1537 264 1574 ἀρχιτέκτονας,
284 1536 449 1573 οἰκοδόμους,
471 1539 610 1574 γεωργοὺς,
630 1538 762 1573 ποιμένας,
787 1535 863 1564 ἀθλη-

73 1584 122 1615 τὰς,
145 1587 319 1620 στρατιώτας.
346 1586 415 1608 Πᾱσι
437 1583 539 1611 τούτοις
561 1580 700 1618 ἐφαρμόσει
724 1583 751 1607 τὸ
773 1580 864 1618 βραχὺ

75 1631 143 1653 τοῦτο
157 1629 239 1665 ῥῆμα,
258 1628 360 1663 ἑκάστῳ
376 1629 432 1660 (25)
449 1628 493 1652 καὶ
509 1625 641 1663 ἀκρίῖἷειαν
665 1630 711 1652 τοῦ
736 1627 810 1663 ἔργου
824 1622 867 1650 καὶ

76 1671 186 1701 σπονδὴν
202 1677 251 1703 τῆς
276 1673 451 1709 προαιρέσεως
466 1670 598 1706 ἐμποιοῦν.
620 1673 757 1707 Θηρευτὴς
778 1668 802 1695 εἷ
822 1669 868 1695 ἁπ-

74 1716 220 1753 ισταλμένος
240 1717 291 1742 ὑπὸ
315 1720 360 1742 τοῦ
386 1717 482 1752 Κυρίου
506 1719 551 1740 τοῦ
579 1715 703 1745 εἰπόντος·
727 1713 795 1741 Ἰδοὺ
820 1713 868 1750 ἐγὼ

75 1760 220 1788 ἀποστέλλω
248 1761 358 1791 πολλοὺς
386 1761 522 1797 θηρευτὰς,
550 1762 593 1785 καὶ
620 1761 792 1796 θηρεύσονσιν
822 1759 870 1784 αὐ·-

73 1807 130 1837 τοὺς
165 1805 249 1832 ἐπάνω
282 1807 378 1835 παντὸς
420 1807 504 1841 ὅρους.
548 1807 667 1842 Ηρὸσεχε
704 1804 747 1829 οὖν
781 1803 871 1840 ἐπιμε-

74 1849 178 1887 λῶς,μή
204 1852 256 1877 πού
281 1860 309 1877 σε
333 1848 447 1885 διαφύγῃ
471 1851 500 1874 τὸ
526 1850 641 1886 θήραμα,
668 1849 718 1881 ἵνα,
744 1847 872 1874 συλλαϐο-

74 1904 143 1931 μενος
165 1899 202 1930 τῷ
227 1895 296 1930 λόγῳ
323 1898 371 1924 τῆς
396 1892 528 1926 ἀληθείας,
554 1895 614 1923 τοὺς
633 1894 683 1919 ὑπὸ
705 1897 752 1923 τῆς
779 1894 873 1923 κακίας

75 1938 245 1976 ἀγριωθέντας
270 1939 442 1975 προσαγάγῃς
465 1941 501 1972 τῷ
526 1937 647 1967 σῴζοντι.
673 1935 828 1973 Ὀδοιπόρος
852 1935 876 1963 εἴ

73 1984 164 2019 ὁμοίως
226 1984 287 2020 (26)
303 1982 446 2018 εὐχομένω·
470 1983 508 2008 Τὰ
532 1980 685 2018 διαδήματα
704 1991 753 2017 μου
778 1983 873 2008 κατεύ-

75 2029 153 2055 θννον.
172 2031 297 2066 illaec-exe
311 2031 420 2062 σεαυτῷ,
446 2029 482 2062 μὴ
497 2030 671 2064 παρατραπῇς
685 2030 733 2057 τῆς
748 2024 822 2060 ὁδοῦ,
836 2028 871 2063 μὴ

74 2072 187 2110 ἐκκλίνῃς
208 2072 287 2108 δεξιᾲ
302 2072 316 2101 ἡ
334 2071 469 2109 ὰριστερᾴο
491 2069 545 2106 ὀδῷ
563 2070 689 2107 βασιλικῇ
711 2073 831 2108 πορεύου.
845 2071 874 2096 Ὁ

76 2116 236 2154 ἁρχιτέκτων
265 2116 385 2153 ἀσφαλῶς
401 2119 444 2143 τὸν
468 2115 581 2152 θεμέλιον
603 2115 803 2141 καταϐαλλέσθω
818 2117 875 2150 (27)

75 2165 259 2195 τῆςπίστεως,
279 2163 306 2192 ὃς
331 2161 399 2187 ἔστιν
424 2161 526 2191 Ἰησοῦς
551 2161 704 2197 ὀΧριο-τός.
720 2160 749 2186 Ὀ
773 2158 875 2186 οκὶοδο-

75 2216 120 2242 μος
143 2206 265 2244 βλεπέτω
286 2210 341 2236 πῶς
363 2203 540 2241 ἐποικοδομεῖ·
561 2207 595 2241 μὴ
619 2204 691 2239 ξύλα,
705 2206 741 2241 μὴ
766 2207 874 2243 χόρτον,

75 2254 108 2287 μὴ
139 2252 276 2289 καλάμην,
310 2250 373 2276 ἀλλὰ
400 2252 524 2286 χρυσίον,
560 2248 692 2286 ἀργύριον,
720 2249 808 2280 λίθους
834 2259 876 2275 τι-

75 2299 159 2332 μίους.
175 2296 206 2323 Ὀ
222 2298 333 2332 ποιμὴν,
350 2295 466 2333 πρόσεχε
481 2296 515 2331 μή
534 2303 560 2320 τι
578 2293 693 2331 παρέλθῃ
710 2298 759 2320 τῶν
775 2293 878 2321 ἐπιϐαλ-

77 2396 103 2423 Η
127 2359 201 2423 ⁸1⁵211
223 2358 301 2387 Tim.
323 2366 353 2392 ιι,
373 2359 420 2386 20.
481 2356 506 2374 ⁸⁸
530 2357 540 2384 Ι
563 2356 636 2384 Tim.
661 2364 702 2390 ιιι,
730 2358 773 2385 15.

108 2417 116 2430 ,
135 2416 179 2423 ....

110 2457 168 2492 (20)
181 2456 313 2492 Codices
322 2454 463 2492 permulti
478 2454 550 2490 ἡμῶν
563 2453 647 2492 λόγος.
665 2454 741 2492 Editi
754 2455 767 2492 ὁ
781 2454 866 2492 λόγος,

108 2488 167 2527 (21)
182 2494 258 2530 Reg.
271 2488 387 2530 primus
398 2488 521 2530 βοήθειαν
532 2488 887 2530 xafetdéxzt.stati_ri1itiem

75 2530 172 2564 codex
195 2526 316 2564 χαλεπὸν
338 2528 367 2552 τό
388 2527 567 2564 παρρίπτωμα.
583 2527 640 2554 Nec
654 2526 697 2554 ita
711 2526 807 2555 multo
820 2529 889 2564 post

74 2563 165 2603 idem,
172 2561 258 2603 [ti-ss:
272 2564 383 2603 φορητὸν
395 2561 589 2603 τοζάμαρτῃμα.

110 2601 169 2635 (2'2)
187 2597 315 2637 Aptitjui
330 2597 390 2637 duo
405 2597 473 2637 libri
489 2597 642 2637 ξιολλοὶγὰρ
659 2597 708 2622 ὑπὸ
723 2601 754 2627 τῆ
761 2607 780 2628 ς,

111 2632 170 2670 (23)
189 2635 242 2663 Sic
255 2632 329 2661 ὧδε.
346 2635 381 2660 At
396 2632 466 2660 editi
482 2633 548 2670 ᾤστε
564 2633 626 2670 αὐτο
642 2636 727 2670 more.

112 2667 170 2705 (-24)
191 2670 271 2698 Editi
294 2672 323 2697 et
348 2670 416 2705 Heg.
440 2668 542 2695 tertius
564 2668 675 2705 ἀργυρᾶ,
691 2667 756 2705 αλια
777 2671 822 2695 καὶ
843 2668 890 2705 to.

112 2678 170 2705 (24)
191 2678 271 2698 [sum
294 2678 323 2697 et
349 2678 415 2703 Heg.
440 2678 542 2695 tertius
564 2678 580 2693 α
597 2678 675 2705 γυρα,
693 2678 756 2694 dum
777 2679 822 2695 και
843 2678 890 2699 ςυ-

75 2706 143 2734 λινα.
161 2706 222 2735 Alii
239 2708 300 2744 tres
313 2712 388 2744 _mss_.
407 2703 507 2744 ἀργυρρ
520 2706 564 2744 καὶ
580 2678 804 2744 ξύλιναηιῂιᾱεῃ]
821 2704 892 2744 editi

77 2744 243 2781 έστράκινα,
261 2740 325 2781 ἀλλὰ
339 2742 395 2781 καί,
410 2739 466 2768 etc.
483 2739 539 2767 Sed
554 2747 615 2767 vox
630 2739 692 2766 ἀλλά
706 2739 765 2768 hoc
778 2740 846 2768 loco
860 2740 892 2768 in

77 2776 150 2814 Reg.
166 2776 263 2806 tertio
274 2776 367 2804 deest.

830 2357 854 2376 ⁸⁸
878 2358 990 2387 Jerem.
1011 2366 1070 2391 xvr,
1098 2359 1141 2385 t6.

932 2213 1052 2238 aurum,
1068 2207 1238 2240 argentum,
1249 2205 1366 2241 lapides
1381 2205 1529 2241 pretiosos
1539 2207 1573 2234 ³⁵.
1589 2208 1692 2234 Pastor
1706 2208 1761 2235 es?

933 2251 1053 2279 attende
1075 2258 1112 2278 ne
1129 2252 1156 2277 te
1179 2250 1350 2286 quidquam
1375 2259 1481 2278 eorum
1505 2259 1573 2288 qua:
1592 2252 1632 2280 ad
1651 2260 1762 2280 munus

933 2294 1085 2332 pastorale
1095 2295 1232 2330 attinent,
1242 2297 1412 2331 praetereat.
1427 2296 1496 2324 Haec
1507 2299 1608 2324 autem
1621 2297 1696 2333 quid
1705 2297 1763 2326 sibi

1198 2357 1221 2375 ⁸⁵
1239 2357 1316 2386 Psal.
1341 2366 1436 2394 cxvm,
1462 2361 1522 2388 133.
1571 2360 1594 2377 ⁸⁸
1611 2359 1621 2386 Ι
1638 2361 1705 2388 Cor.
1721 2368 1763 2395 ιιι,

965 2457 1022 2493 (25)
1037 2454 1302 2493 Veteres__aliqu_ot
1327 2455 1396 2484 libri
1420 2456 1544 2493 ἑκάστου.
1559 2458 1673 2486 ibidem
1690 2458 1764 2493 Reg.

941 2492 1059 2532 primus
1073 2494 1101 2518 et
1120 2490 1201 2519 Colb.
1222 2490 1340 2526 primus
1355 2494 1421 2518 κατὰ
1441 2492 1583 2530 ἀκρίϐειαν,
1597 2494 1688 2522 male.
1710 2490 1769 2523 Néc

942 2530 982 2553 ita
996 2527 1090 2553 multo
1104 2528 1172 2553 post
1186 2526 1247 2553 duo
1262 2535 1335 2553 mss.
1352 2529 1423 2553 παρὰ
1435 2533 1480 2553 τοῦ
1495 2532 1601 2553 Κυρίου.

942 2527 982 2555 ita
996 2527 1090 2554 multo
1104 2528 1172 2567 post
1186 2527 1247 2553 duo
1262 2535 1335 2554 mss.
1352 2529 1423 2565 παρὰ
1435 2527 1480 2554 τοὺ
1495 2532 1602 2566 Κυρίου.

979 2564 1035 2602 (26)
1059 2562 1133 2602 Edltl
1146 2564 1185 2602 _et
1209 2561 1292 2602 ροιι).
1316 2563 1418 2591 tertius
1446 2565 1545 2602 Euam;
1557 2570 1602 2601 τῷ,
1624 2566 1729 2595 similis
1745 2566 1772 2594 ei

944 2600 1005 2638 qui,
1022 2601 1076 2626 etc.
1091 2601 1127 2625 At
1141 2599 1227 2638 _Regii_
1246 2606 1362 2634 primus
1378 2599 1522 2638 etter'tius
1535 2599 1628 2638 ὁμοίως
1647 2607 1693 2638 τῷ,
1707 2609 1773 2636 per-

944 2635 1016 2673 inde
1030 2638 1121 2673 atque
1135 2634 1159 2661 is
1174 2634 1236 2669 qui,
1252 2637 1320 2666 etc..
1343 2635 1462 2663 rectius.
1482 2634 1630 2673 Hoc'ipso
1651 2634 1691 2665 na"
1705 2634 1773 2667 loco

946 2670 1030 2698 Colb.
1044 2670 1158 2705 primus
1174 2672 1388 2706 προσευχομένῳ,

983 2707 1040 2741 (27)
1063 2706 1183 2741 Veteres
1198 2705 1261 2733 duo
1284 2705 1549 2735 Ιὼήκαταϐαλέτω.
1567 2709 1669 2737 Codex
1689 2708 1777 2737 Com-

947 2741 1008 2770 bet.
1025 2740 1215 2768 καταϐαλλέτω.
