2029 3136
83 133 134 160 209

546 131 690 159 HOMILIA
709 131 743 158 ΙΝ
763 130 877 164 ILLUD,
897 128 1089 157 ATTENDE
1108 129 1195 157 TIBI
1211 129 1303 157 IPSI.

1714 129 1768 156 2t0

85 199 148 235 οῖγαν
171 198 262 229 ἀνοίας
287 198 423 224 ἀπολαύειν
448 195 558 224 δοκοῦσι
579 201 628 223 τῶν
658 197 827 224 ἐλπισθέντων
853 198 881 227 ὡς

943 191 1054 228 ipsum.
1071 193 1138 219 Haec
1149 191 1251 219 omnia
1261 190 1314 218 ubi
1326 190 1469 218 inanibus
1485 189 1578 218 animi
1591 190 1770 218 commentis

84 242 136 273 ἤδη
162 245 299 280 παρόντων
323 245 368 269 καὶ
394 242 417 268 ἐν
445 245 509 268 ποσὶ
536 244 656 278 κειμένων
681 242 778 272 αὐτοῖς.
803 239 886 268 Ἵὸιον

85 288 249 325 ἀρρώστημα
263 285 340 313 τοῦτο
356 286 438 323 ἀργῆς
457 289 501 313 καὶ
524 287 642 324 ῥᾳθύμου
664 286 766 322 ψυχῆς,
784 285 888 312 ἐνύπνια

84 332 187 369 βλέπειν
222 332 397 369 ἐγρηγορότος
424 335 469 357 τοῦ
506 334 635 368 σώματος.
666 332 767 360 Ταύτην
801 333 887 356 τοίνυν

82 380 127 406 τὴν
149 379 307 413 χαυνότητα
330 381 377 407 τῆς
393 374 521 409 διανοίας,
537 378 582 402 καὶ
603 378 650 405 τὴν
675 376 815 412 φλεγμονὴν
837 379 886 401 τῶν

81 422 215 458 λογισμῶν
240 421 403 451 χαταπιέζων
426 421 438 446 ὁ
461 420 546 456 λόγος,
570 423 614 446 καὶ
639 421 691 447 οἷον
715 419 815 456 χαλινῷ
836 429 887 445 τινι

82 466 232 502 ἀνακρούων
266 470 314 496 τῆς
350 463 466 496 διανοίας
495 466 524 491 τὸ
553 465 686 498 ἄστατον,
716 464 886 501 παραγγέλλει

82 513 110 537 τὸ
147 513 218 547 μέγα
250 514 327 536 τοῦτο
360 512 404 536 καὶ
435 511 513 546 σοφὸν
544 510 734 546 παράγγελμα·
765 513 885 544 Σεαυτῷ,

82 558 166 591 φησὶ,
195 557 313 592 πρόσεχε
330 565 336 571 ·
371 556 406 590 μὴ
437 555 618 591 ὑποτιθέμενος
646 556 679 580 τά
714 554 883 591 ἀνύπαρκτα,

83 600 144 626 ἀλλά
178 601 212 626 τὰ
240 601 356 636 παρόντα
384 600 449 635 πρὸς
478 600 507 624 τὸ
538 601 666 636 συμφέρον
696 596 883 634 διατιθέμενος.

82 643 164 681 Οξιιαι
178 643 218 678 δὲ,
235 643 337 670 κάκεῖνο
352 645 381 669 τὸ
402 644 485 674 πάθος
500 642 652 680 ἐξαιροῦντα
672 647 719 674 τῆς
735 644 883 676 συνηθείας,

81 690 162 725 ταύτῃ
199 689 360 726 χρήσασθαι
394 692 425 724 τῇ
465 690 615 724 παραινέσει
650 689 693 714 τόν
733 688 882 724 νομοθέτην.

80 732 185 762 Ἐπειδὴ
222 731 316 770 ῥᾴδιον
347 732 448 768 ἑκάστῳ
483 734 556 769 ἡμῶν
591 732 814 770 πολυπραγμονεῖν
851 734 884 759 τὰ

82 777 215 815 ἀλλότρια,
237 778 253 806 ἦ
279 778 312 803 τὰ
334 777 417 803 οἰκεῖα
441 777 533 804 ἑαυτοῦ
549 775 755 804 διασκέπτεσθαι
767 788 773 794 -
791 778 832 803 ἵνα
845 779 880 814 μὴ

81 827 156 849 τοῦτο
181 822 340 858 πάσχωμεν,
357 825 473 855 Παῦσαι,
497 824 571 858 φησὶ,
588 823 622 848 τὰ
640 826 685 848 τοῦ
709 820 791 853 δεῖνος
815 823 884 848 κακά

81 867 312 903 περιεργαζόμενος
325 878 331 884 -
346 869 381 903 μή
404 864 482 893 δίδου
506 866 606 902 σχολήν
628 870 681 897 τοῖς
703 866 840 903 λογισμοῖς
854 868 882 892 τὸ

80 911 213 948 ἀλλότριον
238 910 364 942 ἐξετάζειν
391 910 571 948 ἀρρώστημα·
596 910 659 937 ἀλλά
686 915 774 946 σαυτῷ
797 913 882 948 πρόσ-

81 966 141 992 εχει
168 958 315 989 τουτέστιν,
342 955 383 981 ἐπὶ
405 958 452 985 τὴν
476 955 572 982 οἰκείαν
595 957 696 993 ἔρευναν
722 958 813 992 στρέφε
836 966 881 981 σου

80 1003 107 1026 τὸ
126 1003 200 1038 ὄμμα
215 1001 262 1032 της
284 1000 388 1036 ψυχῆς.
404 1000 496 1026 Πολλοὶ
514 1001 576 1037 γὰρ,
593 1001 661 1026 κατά
674 1002 717 1026 τὸν
739 1000 813 1036 λόγον
837 1005 882 1026 τοῦ

81 1048 188 1082 Κυρίου,
203 1046 232 1070 τὸ
256 1047 300 1081 μὲν
320 1046 418 1082 κάρφος
439 1047 467 1071 τὸ
490 1044 515 1070 ἐν
537 1049 574 1080 τῷ
596 1044 717 1081 ὀφθαλμῴ
739 1049 784 1070 τοῦ
805 1043 883 1071 ἁδελ-

81 1094 125 1126 ςνοῡ
147 1093 318 1125 κατανοοῦσι,
341 1091 389 1118 τὴν
411 1088 440 1115 δὲ
462 1088 485 1115 ἐν
502 1094 536 1125 τῷ
552 1089 637 1125 οἰκείῳ
661 1089 783 1125 ὀφθαλμῷ
806 1087 883 1115 δοκόν

80 1134 124 1160 οὐκ
158 1133 327 1170 ἐμϐλέπουσι.
357 1136 399 1162 Μὴ
436 1135 526 1170 παύσῃ
563 1136 648 1160 τοὶνυν
687 1132 882 1170 διερευνώμενος

81 1180 198 1211 σεαυτὸν,
221 1180 242 1204 εἰ
265 1187 308 1204 σοι
331 1178 388 1204 κατ’
415 1177 516 1207 ἐντολὴν
541 1179 554 1203 ὁ
579 1177 638 1214 βίος
660 1180 796 1215 πρόεισιν
821 1178 884 1204 ἀλλὰ

78 1225 111 1259 μή
141 1224 177 1249 τὰ
204 1223 252 1254 ἔξω
280 1225 442 1260 περισκόπει,
470 1224 492 1249 εἳ
525 1224 574 1248 πού
603 1232 672 1254 τινος
699 1227 788 1259 μῶμον
817 1222 883 1254 ἐξευ-

77 1271 127 1303 ρεῖν
153 1265 297 1298 δυνηθείης
317 1269 381 1300 (33),
409 1268 477 1293 κατὰ
500 1269 543 1293 τὸν
569 1270 709 1304 Φαρισαῖον
731 1269 774 1293 τὸν
798 1267 882 1304 βαρὺν

77 1311 169 1338 ἐκεῖνον
200 1314 245 1337 καὶ
275 1311 407 1345 ἀλαζόνα,
436 1311 463 1342 ὃς
490 1312 604 1340 εἱστήκει
632 1311 721 1338 ἑαυτὸν
751 1310 880 1345 δικαιῶν,

75 1359 119 1382 καὶ
144 1357 190 1382 τὸν
218 1356 328 1385 τελώνην
354 1356 539 1386 κατευτελίζων
556 1366 562 1372 ·
592 1355 654 1382 ἀλλά
682 1358 789 1383 σεαυτὸν
817 1355 881 1382 ἀνα-

76 1403 168 1438 κρίνων
194 1402 230 1436 μὴ
258 1399 384 1437 διαλίπῃς
397 1401 462 1433 (34),
479 1403 514 1436 μή
532 1410 557 1426 τι
572 1402 639 1426 κατά
665 1402 711 1431 τὰς
728 1400 882 1437 ἐνθυμήσεις

76 1447 201 1481 ἥμαρτες,
225 1447 260 1481 μή
290 1454 317 1470 τι
344 1446 358 1474 ἡ
381 1445 490 1480 γλῶσσα
515 1445 663 1481 παρώλισθε
688 1449 735 1476 τῆς
763 1444 881 1476 διανοίας

75 1488 317 1526 προεκδραμοῦσα,
341 1492 376 1525 μὴ
403 1489 427 1515 ἐν
451 1493 506 1520 τοῖς
530 1491 614 1526 ἔργοις
637 1494 686 1515 τῶν
713 1494 809 1527 χειρῶν
834 1492 881 1516 πέ-

75 1537 190 1570 πρακταί
219 1544 246 1560 τι
271 1538 321 1559 τῶν
347 1533 506 1563 ἀϐουλήτων.
534 1534 586 1560 Κᾶν
615 1535 691 1570 εὕρῃς
718 1533 742 1560 ἐν
768 1539 804 1570 τῷ
830 1534 881 1571 βίῳ

79 1582 188 1604 σεαυτοῦ
214 1578 297 1604 πολλὰ
320 1580 352 1604 τὰ
373 1579 551 1615 ἁμαρτήματα
570 1579 699 1616 (εὑρήσεις
725 1577 754 1605 δε
778 1579 882 1610 πάντως

77 1624 212 1660 ἅνθρωπος
236 1625 293 1656 ὧν),
318 1623 373 1659 λεγε
397 1624 431 1649 τὰ
456 1627 501 1649 τοῦ
530 1623 657 1650 τελώνουι
680 1623 709 1649 Ὀ
732 1626 806 1656 Θεὸς,
823 1624 880 1650 ἱλά-

79 1668 157 1696 σθητί
172 1677 218 1704 μοι
239 1671 276 1702 τῷ
292 1667 445 1703 ἁμαρτωλῷ.
462 1670 581 1704 Πρόσεχε
603 1672 646 1693 οῦν
673 1673 782 1703 σεαυτῷ.
799 1672 881 1694 Τοῦτο

78 1721 119 1738 σοι
147 1713 176 1738 τό
205 1712 279 1748 ῥῆμα
309 1714 354 1737 καὶ
378 1711 503 1748 λαμπρῶς
533 1712 700 1749 εὐημεροῦντί
727 1722 807 1746 ποτε,
837 1715 881 1739 καὶ

76 1757 174 1786 παντὸς
206 1759 252 1781 τοῦ
282 1754 343 1792 βίου
370 1756 438 1781 κατά
463 1756 524 1793 ῥοῦν
553 1759 710 1792 φερομένου,
738 1759 882 1794 χρησίμως

75 1802 288 1836 παραστήσεται,
305 1801 392 1836 ὥσπερ
414 1809 455 1830 τις
481 1799 577 1836 ἀγαθὸς
600 1800 746 1836 σύμϐουλος
761 1802 880 1838 ὑπόμνη-

77 1853 117 1870 σιν
134 1845 217 1881 φέρων
242 1848 290 1869 τῶν
313 1843 489 1880 ἀνθρωπίνων.
509 1847 558 1871 Καί
579 1847 666 1881 μέντοι
690 1847 735 1871 καὶ
759 1846 808 1872 ὑπὸ
833 1856 879 1872 πε-

74 1889 223 1926 ριστάσεων
236 1889 293 1923 (35)
308 1889 452 1925 πιεζομένῳ
476 1888 499 1915 ἔν
515 1893 598 1926 καιρῷ
614 1889 643 1915 ἂν
658 1891 756 1925 γένοιτο
771 1891 802 1927 τῇ
818 1900 880 1928 καρ-

76 1931 121 1968 δίᾳ
145 1931 375 1968 κατεπᾳδόμενον,
400 1935 434 1964 ὡς
457 1936 523 1969 μήτε
546 1935 617 1970 τύφῳ
641 1944 705 1971 προς
730 1934 879 1965 ἀλαζονείαν

74 1979 216 2014 ὑπέρογκον
246 1977 408 2014 ἐπαρθῆναι,
439 1980 504 2014 μήτε
532 1978 676 2014 ἀπογνώσει
709 1981 775 2016 πρὸς
801 1979 876 2016 ἀγενῆ

75 2021 227 2058 δυσθυμίαν
249 2027 414 2050 καταπεσεῖν.
429 2023 534 2059 Πλούτῳ
561 2026 653 2060 κομᾷς,
677 2027 721 2050 καὶ
745 2024 787 2051 ἐπὶ
811 2035 877 2062 προ-

74 2069 158 2102 γόνοις
193 2069 261 2103 μέγα
296 2071 418 2104 φρονεῖς
447 2070 491 2093 καὶ
527 2067 658 2104 ἐπαγάλλῃ
695 2067 806 2105 πατρίδι
832 2072 877 2095 καὶ

74 2111 159 2137 κάλλει
189 2113 327 2147 σώματος,
353 2114 398 2137 καὶ
432 2115 490 2142 ταῖς
524 2113 597 2149 παρά
631 2113 731 2138 πάντων
767 2117 874 2149 τιμαῖς;

75 2159 196 2193 Προσεχε
221 2160 331 2191 σεαυτῷ,
357 2155 397 2182 ὃτι
420 2157 512 2186 θνητὸς
536 2156 567 2190 εἶ,
583 2156 643 2182 ’Ὁτι
661 2161 693 2192 γῆ
718 2156 748 2190 εἷ,
774 2160 818 2183 καὶ
841 2158 876 2189 εἰς

74 2204 121 2235 γῆν
149 2199 290 2236 ἀπελεύσῃ.
322 2199 479 2237 Περίϐλεψαι
514 2202 652 2237 τοὺς.πρὸ
683 2205 730 2227 σοῦ
766 2201 789 2227 ἐν
818 2206 875 2233 ταῖς

75 2245 178 2280 ὁμοίαις
199 2247 375 2280 περιφανείαις
399 2244 589 2275 ἐξετασθέντας.
614 2239 667 2271 ῙΪοὺ
690 2247 714 2272 οἱ
736 2248 783 2277 τὰς
804 2247 875 2273 πολι-

942 244 1134 270 recensuere,
1151 236 1208 264 sibi
1226 244 1289 272 prae
1305 236 1398 264 nimia
1420 235 1580 263 stoliditate
1595 236 1648 270 21
1668 234 1770 262 viden-

942 284 991 310 tur
1012 281 1138 318 speratis
1162 281 1245 309 velut
1265 283 1331 316 jam
1356 280 1557 316 praesentibus
1580 281 1608 308 et
1623 279 1680 308 sibi
1701 282 1770 308 ante

941 326 1036 363 pedes
1061 325 1165 362 positis
1179 325 1247 353 frui.
1269 325 1392 361 Propria
1411 325 1476 353 haec
1501 327 1547 352 est
1568 325 1657 352 otiosi
1672 333 1708 352 ac
1723 332 1771 352 so-

943 370 1042 398 cordis
1058 370 1153 398 animi
1168 369 1326 405 aegritudo,
1337 369 1368 397 in
1383 369 1465 404 vigili
1480 377 1605 405 corpore
1617 369 1770 397 insomnia

942 423 1073 445 cernere.
1090 417 1172 443 Hanc
1186 415 1288 451 itaque
1311 414 1419 442 mentis
1442 414 1596 442 laxitatem
1615 416 1643 442 et
1657 414 1769 449 cogitu-

941 461 1059 489 tionum
1075 463 1224 488 tumorem
1240 460 1444 496 comprimens
1468 459 1629 495 Scriptura,
1646 461 1674 486 et
1687 458 1768 486 velut

941 505 1026 533 freno
1062 505 1200 542 quodam
1234 504 1343 532 mentis
1377 503 1614 531 inconstantiam
1646 511 1766 536 arcens,

941 558 1088 585 magnum
1114 550 1171 577 hoc
1193 558 1228 577 ac
1251 549 1372 585 sapiens
1386 550 1572 584 praeceptum
1587 547 1766 576 annuntiat:

945 595 1011 622 Tibi
1024 595 1092 630 ipsi,
1106 594 1214 630 inquit,
1231 594 1362 628 attende,
1378 601 1575 629 nequaquam
1590 592 1767 628 promittens

939 639 993 667 tibi
1006 647 1073 675 quae
1087 647 1150 667 non
1165 639 1320 673 exsistunt,
1335 638 1388 666 sed
1409 637 1571 674 prmsen’tia
1594 637 1633 664 ad
1659 636 1767 664 utilita-

939 686 1000 712 tem
1023 686 1106 711 tuam
1126 683 1270 718 dirigens.
1293 683 1435 710 Existimo
1459 684 1561 710 autem
1584 681 1652 709 ideo
1677 689 1766 708 usum

939 728 1030 756 fuisse
1040 728 1097 756 hac
1110 727 1316 755 admonitione
1326 727 1581 761 legislatorem,ut
1589 725 1664 753 illud
1674 725 1766 753 etiam

938 773 1044 801 vitium
1053 773 1091 801 ab
1100 773 1258 800 hominum
1268 771 1485 800 consuetudine
1494 770 1681 798 amandaret.
1691 770 1766 803 Quia

939 818 1101 854 unicuique
1112 820 1250 845 nostrum
1263 816 1380 844 facilius
1390 819 1434 844 est
1444 815 1543 844 aliena
1553 815 1669 843 curiose
1679 815 1766 843 inda-

903 873 923 900 B
939 870 1019 897 gare,
1032 870 1125 898 quam
1137 870 1191 890 sua
1201 861 1296 897 ipsius
1308 869 1343 889 ac
1357 860 1481 897 propria
1493 860 1675 896 expendere,
1685 862 1717 887 ut
1727 867 1764 887 ne

938 907 1028 935 nobis
1046 907 1078 935 id
1102 907 1240 935 accidat:
1258 906 1372 939 Desine,
1397 906 1503 942 inquit,
1524 905 1644 933 alterius
1667 904 1767 940 cujus-

939 953 1020 988 piam
1040 952 1121 980 mala
1137 951 1312 988 explorare;
1329 959 1403 978 cave
1418 949 1651 985 cogitationibus
1669 949 1765 977 otium

938 997 1057 1025 dederis
1075 996 1207 1024 alienum
1220 995 1361 1023 morbum
1377 994 1562 1031 inquirendi:
1575 994 1628 1021 sed
1643 993 1696 1022 tibi
1706 994 1765 1030 ipsi

938 1041 1058 1069 attende
1071 1050 1077 1069 :
1093 1041 1151 1069 hoc
1160 1043 1215 1074 est,
1233 1040 1272 1068 ad
1286 1040 1413 1076 teipsum
1426 1039 1678 1076 perscrutandum
1691 1047 1764 1067 con-

938 1089 1020 1114 verte
1034 1085 1139 1114 oculos
1155 1086 1248 1113 animi
1264 1085 1405 1113 tui.'Sunt
1425 1084 1503 1112 enim
1524 1092 1580 1112 nec
1595 1083 1696 1120 pauci,
1711 1083 1764 1119 qui

935 1131 1023 1166 juxta
1039 1130 1156 1158 Domini
1172 1130 1264 1158 verba
1274 1131 1309 1163 93,
1324 1129 1472 1157 festucam
1486 1128 1610 1165 quidem
1623 1128 1763 1156 animad-

937 1177 1058 1204 vertunt
1068 1177 1099 1203 in
1114 1175 1201 1203 oculo
1213 1175 1325 1206 fratris,
1337 1174 1454 1202 trabem
1468 1182 1540 1201 vero
1555 1174 1586 1201 in
1599 1181 1669 1201 vero
1682 1173 1764 1210 ipso-

937 1228 1006 1248 rum
1021 1220 1109 1248 oculo
1123 1227 1185 1248 non
1200 1219 1309 1247 vident.
1327 1220 1404 1247 Cave
1414 1218 1503 1254 igitur
1513 1226 1611 1246 cesses
1627 1226 1763 1254 perscru-

939 1265 993 1293 tari
1010 1265 1149 1301 teipsum,
1158 1272 1196 1292 an
1208 1266 1358 1301 praecepto
1373 1265 1573 1298 congruenter
1584 1262 1765 1291 convenien-

937 1312 1040 1345 terque
1064 1310 1125 1337 vita
1146 1309 1199 1336 tibi
1215 1308 1359 1344 procedat
1372 1317 1379 1336 :
1394 1315 1429 1335 ea
1444 1310 1547 1336 autem
1571 1315 1638 1344 quae
1653 1307 1764 1335 extrin-

937 1362 1023 1382 secus
1045 1356 1116 1382 sunt
1134 1362 1172 1381 ne
1196 1353 1404 1389 circumspice,
1424 1352 1570 1380 numcubi
1594 1352 1764 1388 cujuspiam

935 1398 1176 1434 reprehendendi
1184 1398 1284 1426 locum
1293 1397 1392 1434 possis
1399 1397 1543 1430 invenire,
1551 1396 1765 1432 gravemillum

935 1445 1189 1479 arrogantemque
1216 1442 1400 1470 Pharismum
1428 1442 1573 1475 imitatus,
1601 1442 1653 1478 qui
1683 1443 1765 1469 stans

936 1488 1068 1524 seipsum
1076 1487 1272 1523 justiticabat,
1280 1494 1314 1514 ac
1323 1486 1522 1523 publicanum
1530 1485 1766 1522 babebatdespi-

935 1533 1014 1561 catui
1025 1534 1059 1560 99.
1076 1534 1138 1560 imo
1150 1540 1222 1560 vero
1237 1540 1275 1559 ne
1298 1531 1479 1559 intermittas
1496 1532 1625 1567 teipsum
1641 1539 1764 1567 percon-

935 1577 1000 1609 tari,
1007 1576 1147 1612 nunquid
1154 1576 1315 1612 deliqueris
1323 1576 1389 1611 cogi
1394 1576 1655 1612 tatione,nunquid
1662 1576 1766 1611 lingua

934 1621 1042 1650 labarit
1057 1623 1189 1649 mentem
1205 1629 1404 1657 praecurrens,
1419 1620 1559 1657 nunquid
1571 1620 1602 1648 in
1616 1628 1763 1648 manuum

934 1665 1077 1702 operibus
1090 1666 1205 1694 factum
1222 1665 1438 1702 sitquidquam
1458 1665 1661 1693 temerarium.
1678 1665 1765 1698 Quod

935 1712 961 1739 si
974 1711 1005 1738 in
1019 1711 1081 1739 vita
1102 1713 1155 1738 tua
1170 1713 1197 1738 te
1216 1710 1311 1738 multa
1326 1710 1489 1746 deliquisse
1502 1710 1653 1738 inveneris
1667 1711 1764 1747 (pror-

936 1764 987 1783 sus
1007 1758 1109 1783 autem
1122 1754 1269 1787 invenies,
1287 1755 1380 1782 homo
1396 1763 1466 1783 cum
1488 1755 1549 1790 sis),
1561 1755 1652 1783 verba
1664 1755 1764 1791 profer

934 1800 1107 1837 publicani:
1127 1802 1212 1834 Deus,
1225 1800 1378 1833 propitius
1394 1802 1454 1827 esto
1477 1799 1554 1827 mihi
1579 1801 1761 1834 peccatori‘,

934 1845 1074 1879 Attende,
1086 1844 1177 1880 igitur
1188 1843 1243 1872 tibi
1256 1845 1323 1879 ipsi.
1336 1845 1395 1872 Hoc
1406 1844 1531 1872 verbum
1547 1844 1609 1877 tibi,
1619 1847 1647 1872 et
1662 1844 1762 1880 splen-

933 1891 1006 1919 dido
1019 1898 1054 1918 ac
1069 1889 1145 1918 felici
1158 1897 1260 1917 rerum
1276 1898 1419 1918 successu
1435 1889 1539 1925 utenti,
1550 1892 1578 1917 et
1592 1890 1685 1918 vitam
1696 1898 1761 1918 om-

932 1943 1003 1964 nem
1015 1934 1150 1963 secundo
1160 1934 1284 1962 ﬂumine
1298 1934 1476 1969 traducenti,
1484 1934 1631 1962 assidebit
1642 1934 1760 1969 utiliter,

933 1980 1010 2008 sicut
1036 1979 1126 2015 quasi
1149 1979 1249 2007 bonus
1270 1979 1422 2015 quispiam
1446 1979 1635 2007 consiliarius
1658 1987 1759 2007 rerum

931 2025 1136 2052 humanarum
1162 2027 1305 2059 suggerat
1320 2024 1509 2052 memoriam.
1526 2026 1558 2052 Et
1580 2032 1758 2060 quanquam

932 2069 1083 2097 afﬂicteris
1093 2069 1228 2097 adversis
1242 2069 1375 2102 casibus,
1386 2071 1555 2105 opportune
1569 2072 1668 2105 potest
1677 2069 1760 2097 cordi

931 2116 983 2142 tuo
1000 2114 1104 2149 accini,
1116 2115 1148 2142 ut
1158 2122 1256 2149 neque
1267 2114 1348 2142 fastu
1362 2114 1497 2141 tumidus
1513 2114 1648 2141 eveharis
1661 2114 1700 2141 ad
1712 2114 1759 2149 ja-

905 2150 907 2195 ἶ
930 2159 1047 2187 ctantise
1062 2159 1184 2193 vitium;
1196 2166 1294 2194 neque
1309 2159 1519 2195 desperatione
1529 2158 1568 2186 ad
1578 2158 1758 2193 degenerem

905 2192 907 2205 i

892 2227 912 2254 D

74 2290 148 2319 ταάς
176 2286 333 2319 δυναστείας
353 2288 582 2326 περιϐεϐλημένοι;
605 2294 655 2316 ποῦ
678 2292 702 2316 οὶ
728 2289 875 2328 δυσμαχώ-
896 2307 898 2320 ι

74 2343 146 2359 τατοι
171 2333 298 2370 pii-rapis;
321 2337 370 2360 που
396 2335 420 2359 οὶ
443 2335 490 2364 τὰς
513 2336 671 2370 πανηγύρεις
697 2333 872 2370 διατιθέντες

74 2378 97 2403 οἱ
120 2377 237 2414 λαμπροὶ
261 2378 425 2414 ἱπποτρόφοι,
450 2379 474 2404 οἱ
503 2381 655 2415 στρατηγοὶ,
682 2380 706 2405 οἱ
731 2381 873 2417 σατράπαι,
893 2383 895 2413 ζ

73 2422 96 2447 οἱ
117 2423 240 2459 τύραννοι
253 2430 259 2454 ;
274 2422 311 2447 Οὐ
333 2423 418 2448 πάντα
441 2424 511 2454 κόνις
523 2431 530 2455 ;
544 2423 573 2449 οὐ
597 2424 683 2450 πάντα
702 2425 802 2460 μῦθος;
820 2426 875 2451 Οὐκ
891 2441 893 2445 ι

74 2465 96 2491 ἐν
120 2465 219 2501 ὀλίγοις
244 2465 342 2497 ὀστέοις
367 2468 400 2492 τὰ
424 2469 579 2504 μνημόσυνα
590 2467 648 2503 (56)
670 2472 717 2499 τῆς
740 2469 810 2500 ζωῆς
825 2470 894 2496 αὒ-¹

713 2535 721 2553 ¹
743 2535 816 2564 ibid.
837 2539 879 2565 l3.

109 2601 169 2637 {33)
184 2599 258 2637 Editi
271 2598 408 2637 δυνηθῇς.
423 2600 542 2637 Antiqui
564 2609 616 2629 sex
631 2600 700 2630 libri
723 2601 872 2635 δυνηθείης.

75 2637 137 2664 Mox
152 2636 216 2663 duo
229 2635 390 2664 Colbertini
405 2635 512 2672 τελόένῃν
524 2636 695 2667 ἐξευτελίζων.

108 2672 162 2706 (34)
182 2673 255 2712 _Reg.
268 2671 389 2712 primus
402 2674 436 2712 μίὴ
452 2670 598 2712 διαλείπῃ.
613 2673 699 2712 Haud
713 2674 802 2710 longe
813 2678 873 2703 tres

77 2714 154 2769 uisse
165 2706 276 2743 γλῶσσα
287 2706 483 2744 παρωλὶσθησε.
499 2706 574 2736 Editi
599 2710 627 2736 et
641 2708 702 2737 duo
718 2706 792 2740 mss.
810 2721 874 2748 παρ-

78 2752 96 2767 ω
112 2752 139 2768 ισ
158 2752 178 2769 ε.

78 2752 178 2814 ωλξέἒῗ
189 2778 221 2806 In
240 2777 324 2806 Colb.
339 2777 424 2806 tertio
443 2786 500 2815 pro
523 2780 699 2815 περιστάσεων
711 2781 818 2818 legitur
832 2792 875 2809 πε-

107 2534 131 2551 ⁹⁸
153 2533 255 2562 Atatth.
270 2541 322 2566 vn,
337 2535 364 2561 3.
402 2535 426 2551 9³
447 2534 517 2561 Luc.
533 2542 612 2568 xvm,
631 2537 672 2563 tt.

930 2204 1104 2232 mcestitiam
1119 2198 1280 2231 delabaris’.
1296 2203 1398 2231 Etferis
1413 2203 1453 2231 ob
1468 2203 1607 2231 divitias?
1617 2203 1714 2238 jactas
1731 2205 1757 2231 te

930 2249 970 2278 ob
986 2249 1135 2284 majorum
1150 2248 1357 2276 nobilitatem?
1372 2248 1409 2276 de
1422 2248 1521 2284 patria
1541 2256 1577 2276 ac
1591 2248 1757 2285 pulchritu-

929 2294 998 2322 dine
1009 2293 1153 2330 corporis,
1164 2293 1262 2330 deque
1272 2293 1378 2321 delatis
1388 2293 1427 2321 ab
1437 2293 1579 2321 omnibus
1588 2294 1756 2323 honoribus

930 2338 1086 2374 gloriaris?
1109 2338 1236 2366 Attende
1259 2338 1313 2366 tibi
1340 2338 1410 2374 ipsi,
1441 2339 1523 2375 quod
1548 2339 1684 2367 mortalis
1711 2347 1755 2374 es,

931 2382 1016 2415 Quod
1032 2384 1115 2409 terra
1134 2389 1174 2414 es,
1194 2384 1221 2410 et
1244 2381 1275 2409 in
1291 2384 1404 2409 terram
1419 2382 1576 2410 reverteris
1587 2383 1608 2409 ³.
1624 2382 1755 2410 Circum-

930 2426 1012 2462 spice
1027 2434 1077 2454 eos
1092 2425 1145 2462 qui
1160 2428 1228 2454 ante
1243 2428 1272 2454 te
1287 2426 1436 2461 degerunt
1449 2426 1480 2454 in
1495 2426 1644 2455 similibus
1659 2427 1757 2463 splen-

931 2470 1065 2500 doribus.
1081 2471 1136 2499 Ubi
1150 2473 1221 2499 sunt
1233 2471 1287 2507 qui
1297 2471 1492 2506 magistratus
1504 2471 1604 2500 civiles
1617 2473 1755 2507 gessere?

919 2538 929 2555 ²
950 2539 1054 2566 Genes.
1066 2546 1107 2572 nl,
1126 2539 1168 2566 l9.

928 2605 1095 2642 ριστάσεως..
1115 2604 1285 2642 Aliquando
1309 2605 1474 2642 postediti
1487 2606 1557 2641 τύφῳ
1572 2615 1613 2642 1i.
1621 2605 1682 2642 Sed
1706 2613 1755 2633 V0-

928 2640 1029 2681 culam
1057 2651 1084 2666 τι
1112 2640 1329 2677 οχρῐωΧὶωιιέ,
1357 2640 1416 2669 ﬁde
1445 2640 1579 2669 veterum
1606 2641 1755 2670 librorum

1042 2714 1112 2748 Reg.
1127 2712 1244 2749 primus
1259 2714 1288 2749 τό
1300 2709 1476 2749 μνημόσυνον.
1493 2713 1562 2740 Mox
1576 2712 1649 2749 editi
1661 2712 1756 2748 Ἐγκυ-

928 2747 977 2783 ψον
1001 2747 1025 2774 ἐν
1047 2747 1112 2779 τοῖς.
1129 2747 1247 2777 Ὓοοιιια
1271 2747 1395 2777 ἐν’θιῖο
1421 2757 1496 2777 mss.
1524 2748 1659 2777 Combef.
1674 2747 1704 2777 et
1724 2748 1755 2776 in

928 2784 1039 2812 nostris
1055 2784 1149 2812 deest.
