2029 3136
242 128 292 153 2H
932 127 960 154 S.
983 126 1106 153 BASILII
1126 126 1234 153 MAGNI
1869 130 1922 154 2i2

241 188 295 216 ubi
308 189 444 216 rhetores
463 187 505 216 illi
519 189 794 224 inexpugnabiles?
810 188 861 216 ubi
887 188 940 224 qui
960 188 1069 215 consti-
1087 212 1089 216 .

1142 191 1192 220 6w;
1209 188 1341 224 ,Ἐγκυῲθν
1365 193 1418 220 τοῖς
1441 191 1541 224 τάφοις,
1559 189 1581 215 εἰ
1603 187 1704 225 δυνήσῃ
1728 188 1861 226 διακρῖναι
1882 192 1924 220 τίς

241 236 364 262 tuerunt
385 236 552 261 conventus
574 233 736 269 publicos?
752 234 804 262 ubi
827 234 958 262 illustres
978 241 1069 268 equo-

1155 233 1265 266 οἰκέτης,
1280 236 1325 259 καὶ
1349 236 1390 264 τίς
1403 234 1415 259 ὁ
1432 232 1563 264 δεσπότης
1576 244 1582 250 -
1598 236 1638 264 τίς
1659 235 1671 259 ὁ
1686 236 1803 270 πτωχὸς,
1824 237 1870 260 καὶ
1885 237 1924 265 τίς

241 287 312 307 rum
326 279 446 312 altores,
458 279 643 306 exercituum
656 278 761 313 duces,
774 282 915 315 satrapae.
928 278 1071 314 tyranni?
1102 282 1104 314 ᾗ

243 325 352 352 Annon
379 323 483 351 omnia
516 323 643 359 pulvis?
672 332 775 352 annon
801 324 906 352 omnia
938 322 1072 351 fabula?

243 369 352 395 Annon
381 368 447 395 vitae
476 367 614 404 ipsorum
644 368 792 396 memoria
820 370 1018 396 conservatur
1041 367 1072 395 in

243 412 350 449 paucis
365 411 508 440 ossibus?
522 412 694 448 Conspicito
710 413 859 448 sepulcra,
876 421 950 440 num
975 412 1072 448 possis

244 465 364 485 servum
378 457 417 485 ab
432 457 516 491 hero,
528 459 556 485 et
571 465 737 494 pauperem
754 466 772 486 ο.
783 458 876 486 divite
891 458 1071 485 discernere.

1126 278 1138 303 ὁ
1162 277 1295 309 πλούσιος.
1320 280 1463 316 Διάκρινον,
1486 280 1507 304 εἴ
1530 280 1569 309 τίς
1595 288 1636 304 σοι
1662 277 1783 315 δύναμις,
1809 281 1853 305 τὸν
1878 277 1924 305 δέ-

1127 332 1202 358 σμιον
1225 321 1274 348 ἀπὸ
1294 327 1340 349 τοῦ
1356 322 1484 359 βασιλέως
1497 333 1503 339 ·
1524 325 1567 349 τὸν
1584 323 1695 360 ἰσχυρὸν
1716 323 1766 349 ἀπὸ
1788 327 1834 349 τοῦ
1850 322 1927 349 ἀσθε-

1125 371 1195 401 νοῦς,
1224 369 1268 394 τὸν
1294 368 1406 405 εὐπρεπῆ
1430 367 1480 394 ὰπὸ
1506 371 1553 394 τοῦ
1578 366 1730 399 δυσειδοῦς.
1757 370 1927 404 Μεμνημένος

1127 410 1170 438 οὖν
1193 417 1251 446 τῆς,
1278 414 1388 449 φύσεως,
1412 413 1458 438 οὐκ
1484 412 1621 450 ἐπαρθήσῃ
1642 414 1723 439 ποτέ·
1747 416 1868 450 μεμνήσῃ
1896 410 1928 438 δὶ

1128 461 1225 483 σαυτοῦ
1239 458 1307 493 (37),
1322 457 1365 484 ἐὰν
1380 459 1515 495 προσέχῃς
1531 461 1641 493 σεαυτῷ.

245 502 394 535 Discerne,
412 502 436 529 si
459 509 521 538 quo
536 501 628 529 modo
649 505 744 538 potes,
759 503 895 531 vinctum
911 511 929 531 ο
950 510 1030 538 rege,
1043 501 1150 529 fortem
1166 510 1183 530 a
1198 502 1300 536 debili,
1315 502 1484 531 formosum
1508 510 1526 530 a
1541 502 1679 530 deformi.
1695 503 1798 539 Itaque
1811 504 1930 530 natura!

246 546 272 574 si
286 546 471 580 memineris,
487 554 648 582 nunquam
663 549 690 574 te
705 546 826 575 extolles
839 556 845 580 ;
863 555 980 575 memor
994 548 1096 574 autem
1111 545 1202 573 fueris
1218 547 1260 574 tui
1273 547 1382 583 ipsius,
1399 547 1423 574 si
1442 547 1605 575 attenderis
1618 547 1671 575 tibi
1686 547 1754 583 ipsi.

283 593 311 620 6.
331 592 446 619 Rursus
457 591 598 626 ignobilis
610 592 701 620 homo
713 600 744 620 es
757 594 785 620 et
794 592 1076 628 inglorius,pauper

248 644 286 665 ex
301 636 489 672 pauperibus
504 637 664 670 oriundus,
682 637 746 664 sine
760 637 832 671 lare,
850 637 913 665 sine
929 637 985 672 22
1003 636 1075 664 civi-
1110 635 1112 639 '

248 683 319 716 tate,
334 680 484 713 inﬁrmus,
508 681 679 717 quotidiani
697 681 796 709 victus
818 681 950 716 indigus,
968 681 1077 708 timens

249 727 397 762 potentes,
406 734 511 754 omnes
521 725 723 754 reformidans
735 726 775 754 ob
782 726 849 755 vitee
860 725 1078 754 humilitatem?

250 771 374 805 Pauper
381 770 470 803 enim,
477 770 584 806 inquit,
590 778 649 798 non
657 772 782 799 sustinet
790 771 1048 799 comminationem
1055 770 1077 805 ⁸,

1166 593 1192 619 6.
1214 591 1294 629 ῌάλιν
1319 590 1449 628 δυσγενής
1470 602 1510 622 τις
1534 590 1558 627 εἴ
1577 590 1879 632 καιἺ-ᾅιδρξωτωχός
1902 591 1931 618 ἐκ

1129 636 1254 671 πτωχῶν,
1279 636 1405 670 ἀνέστιος⁷
1432 636 1532 669 οἶπολις,
1554 636 1674 670 ἀσθενὴς,
1695 636 1805 674 Ἦσαν-ἐφ’
1831 638 1931 673 ἡμέραν

1132 679 1230 719 ἐνδεὴς,
1251 683 1349 718 τρέμων
1371 683 1431 712 τοὺς
1453 681 1476 707 ἐν
1500 679 1642 717 δυναστείᾳ
1655 674 1723 716 (38),
1740 682 1839 711 πάντας
1863 682 1932 707 ὐπο-

1131 728 1257 754 πτὴσσων
1274 724 1320 751 διὰ
1341 727 1513 754 ταπεινότητα
1526 720 1606 762 βίου;
1624 723 1736 762 Πτωχὸς
1756 727 1817 762 γὰρ,
1840 728 1930 761 φησίν,

1102 759 1185 805 ίοῦχ
1198 770 1474 807 ἐφίστὴαταιμίιπειλήν.
1495 773 1538 799 Μὴ
1559 772 1644 796 τοίνυν
1664 770 1783 806 iur-07%};
1808 773 1930 803 σεαυτοῦ,

252 815 292 843 Ne
300 814 400 851 itaque
408 813 599 850 despondeas
608 814 756 847 animum,
764 823 819 843 nec
827 818 988 851 propterea
995 813 1080 850 quod

1142 813 1198 843 ιηδ¹
1214 816 1254 840 ὅτι
1278 813 1353 841 οὐδὲν
1373 815 1488 845 ζηλωτὸν
1504 815 1527 841 ἐν
1547 819 1582 851 τῷ
1601 818 1711 851 παρόντι
1735 825 1778 841 σοι
1792 817 1931 852 πρόσεστι,

252 858 327 887 nihil
347 859 480 895 suppetit
502 859 554 886 tibi
576 867 681 887 eorum
697 868 766 895 qum
781 860 880 896 expeti
894 860 1002 893 solent,
1018 867 1080 887 om-

1142 862 1220 885 τάσαν
1236 858 1337 895 ἀγαθὴν
1361 859 1509 897 ἀποῤῥίψῃς
1528 858 1620 886 ἐλπίδα
1632 870 1638 877 ο
1656 859 1709 886 ἀλλ’
1725 859 1839 895 ἀνάγαγε
1853 868 1933 885 σεαυ-

252 911 324 932 nem
337 903 454 932 bonam
468 912 553 940 spem
566 904 706 939 abjicias:
720 905 794 940 quin
804 905 904 940 potius
915 905 1008 932 evehe
1019 903 1081 932 ani-

253 956 341 977 mum
356 950 451 983 tuum,
463 950 528 976 tum
544 949 582 976 ad
599 956 634 976 ea
646 949 729 976 bona
743 957 811 985 qua:
824 950 888 984 jam
903 949 957 977 tibi
970 949 1082 976 tradita

256 995 329 1021 sunt
341 1001 360 1021 a
375 994 445 1027 Deo,
457 995 522 1020 tum
537 993 577 1021 ad
590 1001 625 1021 ea.
640 1001 707 1029 quae
721 994 788 1030 ipso
803 993 973 1030 pollicente,
984 994 1038 1021 tibi
1051 994 1081 1020 in

256 1037 393 1065 futurum
407 1038 541 1074 reposita
557 1040 635 1065 sunt.
648 1038 782 1066 Primum
797 1039 932 1075 quidem,
943 1039 1035 1066 homo
1051 1046 1082 1066 es

258 1082 340 1110 solus
354 1090 390 1110 ex
406 1082 548 1110 omnibus
563 1082 772 1110 animantibus
788 1091 805 1110 a
819 1084 878 1111 Deo
902 1084 1049 1111 formatus
1060 1083 1081 1110 ‘.

258 1129 367 1155 Annon
390 1126 464 1154 illud
488 1127 552 1161 tibi,
569 1127 593 1154 si
618 1127 709 1155 modo
724 1128 820 1164 probe
840 1127 1083 1164 judicaveris,ad

259 1180 412 1200 summam
435 1171 655 1207 jucunditatem
679 1172 838 1207 suffecerit,
853 1173 937 1209 quod
951 1173 990 1200 ab
1009 1172 1085 1208 ipsis

261 1216 314 1244 Dei
335 1216 488 1250 manibus,
503 1216 556 1252 qui
577 1217 681 1245 omnia
700 1217 845 1251 condidit,
861 1217 1007 1246 formatus
1023 1217 1086 1245 sis?

260 1261 369 1289 deinde
381 1261 573 1297 etiam,quod
586 1261 625 1289 ad
636 1261 799 1298 imaginem
811 1262 907 1290 factus
919 1262 1087 1290 Conditoris

260 1306 315 1340 tui,
322 1306 420 1342 possis
428 1313 482 1342 per
488 1305 580 1333 vitam
591 1305 668 1333 bene
676 1306 845 1334 institutam
855 1307 894 1334 ad
902 1315 1006 1343 parem
1018 1314 1087 1334 cum

262 1350 379 1385 angelis
395 1350 573 1384 dignitatem
595 1350 738 1378 accedere
748 1351 762 1378 ‘I
777 1351 921 1378 Animum
936 1354 1041 1379 nactus
1057 1359 1088 1379 es

262 1394 450 1429 intelligendi
460 1394 600 1422 facultate
613 1395 786 1431 praeditum,
797 1404 859 1432 quo
873 1398 965 1423 Deum
979 1404 1090 1431 cogno-

264 1439 335 1472 scis,
343 1438 483 1475 exploras
492 1447 594 1466 rerum
604 1442 745 1468 naturam
757 1448 811 1476 per
818 1440 1088 1476 ratiocinationem,

264 1484 418 1521 sapientiae
434 1483 566 1512 fructum
580 1485 799 1512 suavissimum
813 1485 958 1521 decerpis.
975 1486 1091 1513 Terres-

264 1530 321 1558 tria
331 1530 436 1558 omnia
446 1529 590 1557 animalia
600 1529 700 1557 cicura
710 1529 835 1565 perinde
847 1532 936 1566 atque
947 1530 1090 1565 agrestia,

264 1574 368 1602 omnia
378 1574 449 1601 item
463 1573 494 1601 in
507 1574 595 1609 aquis
610 1574 761 1609 degentia,
775 1576 803 1602 et
813 1582 882 1610 quae
897 1582 998 1602 aerem
1010 1575 1092 1602 hunc

263 1618 432 1655 pervolant,
443 1618 651 1652 serviunttihi,
661 1621 774 1654 tuoque
785 1619 912 1655 imperio
922 1619 989 1654 subj
994 1621 1091 1648 acent.

265 1664 371 1691 Nonne
392 1664 472 1690 artes
495 1662 635 1690 invenisti
659 1664 702 1698 tu,
725 1671 759 1690 ac
786 1663 948 1691 condidisti
976 1663 1093 1691 urbes?

265 1715 367 1736 nonne
383 1709 411 1735 et
421 1715 489 1744 qua:
500 1707 540 1735 ad
550 1707 642 1736 vitam
653 1708 826 1736 necessaria
841 1710 921 1743 sunt,
933 1710 960 1736 et
970 1717 1038 1745 quae
1054 1708 1093 1736 ad

265 1752 453 1790 voluptatem
475 1752 644 1789 luxumque
659 1753 809 1789 pertinent
823 1753 1021 1788 excogitasti?
1036 1756 1092 1781 An-

266 1805 330 1826 non
353 1798 469 1826 ratione
492 1797 568 1825 duce
588 1797 684 1826 maria
703 1798 757 1826 tibi
777 1798 856 1826 facta
880 1801 950 1826 sunt
967 1798 1093 1834 pervia?

266 1844 372 1871 Nonne
386 1850 437 1871 aer
448 1842 619 1879 caelumque
632 1845 660 1870 et
673 1843 827 1870 stellarum
842 1843 925 1871 chori
938 1851 1024 1871 suam
1042 1842 1093 1870 tibi

268 1888 447 1923 expandunt
457 1887 614 1915 ordinem?
625 1887 702 1918 Quid
713 1887 803 1923 igitur
811 1887 920 1923 pusillo
933 1895 965 1914 es
980 1887 1093 1919 animo,

268 1931 352 1968 quod
365 1939 479 1967 equum
494 1939 555 1959 non
576 1932 692 1959 habeas
707 1934 852 1965 argenteo
867 1931 951 1959 freno
966 1931 1095 1959 adorna-

268 1976 354 2004 tum?
364 1977 399 2003 At
418 1975 514 2003 habes
534 1975 702 2011 solem,qui
716 1976 925 2012 pernicissimo
940 1984 1031 2003 cursu
1042 1983 1096 2012 per

269 2022 367 2049 totum
381 2020 461 2048 diem
476 2020 579 2048 lumen
593 2020 776 2048 suumveluti
787 2020 884 2048 facem
898 2020 952 2048 tibi
966 2020 1095 2056 praefert.

271 2066 361 2093 Cares
372 2065 488 2099 argenti
498 2067 527 2092 et
541 2065 607 2093 auri
621 2065 754 2100 fulgore:
768 2065 820 2093 sed
830 2065 935 2093 lunam
946 2065 1041 2094 habes
1051 2065 1096 2093 in-

272 2110 353 2145 genti
363 2118 418 2137 suo
430 2109 589 2146 splendore
602 2112 630 2137 te
641 2110 877 2139 collustrautem.
886 2112 949 2138 Non
958 2118 1099 2138 conscen-

272 2155 319 2184 dis
328 2163 434 2183 currus
442 2155 609 2183 inauratos:
618 2157 648 2183 at
655 2155 748 2192 pedes
754 2155 848 2183 habes
854 2156 1011 2192 proprium
1019 2155 1099 2183 vehi-

273 2201 386 2235 culum,
394 2202 422 2228 et
430 2200 482 2228 tibi
491 2200 641 2228 innatum.
651 2201 738 2233 Quod
746 2201 837 2236 igitur
848 2203 890 2228 est
900 2201 983 2236 quod
994 2201 1099 2228 beatos
1113 2213 1136 2240 Ι)

273 2246 419 2282 praedices
433 2253 486 2274 eos
496 2245 548 2282 qui
558 2246 749 2282 marsupium
758 2246 884 2282 plenum
896 2245 1062 2282 possident,
1072 2247 1101 2273 et

258 2335 283 2359 λ..
311 2317 323 2334 ⁸
341 2318 428 2346 Prov.
441 2325 503 2351 xm,
519 2319 545 2345 8.
584 2318 595 2335 ⁴
615 2318 719 2346 Genes.
735 2324 765 2351 η,
778 2320 806 2344 7.

313 2389 370 2425 (37)
391 2389 468 2417 Libri
480 2390 604 2424 veteres,
613 2390 677 2417 tum
685 2387 864 2425 nostri,tum
875 2387 1100 2425 Combeﬁsiani,

277 2423 388 2453 σαυτοῦ.
415 2425 491 2453 Editi
521 2425 624 2452 ἑαυτοῦ.
652 2424 755 2452 Statim
788 2431 860 2451 mss.
890 2423 1102 2452 Combeﬁsiani

277 2463 424 2525 ἰτροξέχῃς
438 2461 518 2497 αὐτῷ.
536 2460 650 2488 Ibidem
671 2460 703 2487 in
728 2459 811 2488 Colb.
834 2459 920 2487 tertio
946 2467 1002 2496 pro
1025 2459 1101 2486 πάλιν

289 2505 336 2525 em
350 2505 386 2525 ur
396 2507 448 2524 εαν.
945 2508 948 2511 ι

350 2506 386 2524 ιΙΓ
396 2507 448 2524 εαν.
945 2508 948 2511 ’

289 2505 386 2533 egnur
396 2507 448 2524 εαν.
945 2508 947 2511 ι

314 2534 368 2568 (38)
391 2532 474 2568 Colb.
489 2531 593 2568 tertius
607 2532 711 2568 79510.va
721 2531 767 2562 τὰς
782 2529 947 2568 δυναστείας.

623 2557 628 2567 ⁸
640 2557 675 2597 εἷς
698 2557 815 2604 ὕστερον.
846 2557 1008 2603 Aliquanto
1033 2568 1103 2603 post

277 2602 367 2632 idem
375 2603 470 2631 codex
486 2602 588 2639 ἐξαρκεῖ
600 2604 639 2630 τό.

316 2640 373 2674 (40)
393 2640 508 2666 Rursus
521 2637 603 2666 idem
617 2638 712 2675 codex
728 2637 813 2675 εἰκόνα
826 2640 1002 2675 γεγενημένος.

315 2672 371 2710 (In)
391 2676 461 2709 Reg.
476 2674 593 2710 primus
608 2676 640 2700 τὰ
652 2674 757 2709 πελάγει
770 2672 826 2702 διά.

316 2711 370 2746 (42)
391 2709 606 2745 ροιδξριεὶωιιε
622 2710 674 2746 οὐχ
696 2711 792 2743 ἕπεται,
810 2717 870 2738 ηοη
883 2710 1028 2746 sequitur.
1048 2709 1102 2737 Alii

316 2721 370 2746 (ιζ)
391 2721 474 2738 μου).
491 2721 606 2745 primus
622 2721 650 2736 ου
696 2721 792 2743 επεται,
810 2721 870 2738 nun
883 2721 1028 2745 sequitur.
1048 2721 1102 2737 All]

279 2753 352 2774 mss.
369 2748 396 2774 et
409 2746 481 2774 editi
495 2746 542 2772 οὐκ
557 2747 636 2773 ἔστιν.
649 2721 765 2773 {bidem
777 2745 936 2774 Colbertini
948 2745 1064 2781 primus
1076 2748 1103 2773 et

278 2782 383 2811 tertius
393 2782 600 2819 ἀργυροχαλινος
610 2782 624 2811 ἣ
639 2781 846 2819 χρυσοχάλινος.
858 2780 941 2810 Colb.
950 2780 1103 2810 secundus

1133 908 1180 929 τοῦ
1200 906 1246 932 τὴν
1268 903 1358 940 ψυχὴν
1382 907 1446 941 προς
1467 914 1494 930 τε
1512 906 1545 930 τὰ
1560 903 1614 933 ἤδη
1638 905 1790 941 ὑπηργμένα
1806 913 1849 930 σοι
1863 905 1934 940 παρὰ

1134 952 1180 974 τοῦ
1204 952 1270 974 Θεοῦ
1295 948 1390 984 ἀγαθὰ,
1407 952 1452 974 καὶ
1476 951 1542 985 πρὸς
1567 950 1599 975 τὰ
1620 948 1654 975 δὶ¹
1680 948 1833 984 ἐπαγγελίας
1855 948 1935 974 ὕστε-

1135 1002 1179 1028 ρον
1199 993 1256 1028 (39)
1281 991 1446 1029 ἀποκείμενα.
1471 997 1573 1029 Πρῶτον
1602 994 1646 1029 μεν
1674 991 1716 1019 οὖν
1741 993 1877 1029 ἄνθρωπος
1903 991 1933 1026 εἷ,

1136 1039 1211 1073 μόνον
1236 1041 1285 1063 τῶν
1311 1037 1382 1067 ζώων
1408 1037 1582 1064 θεόπλαστον·
1600 1035 1639 1074 ἆρ’
1654 1037 1701 1064 οὐκ
1723 1037 1825 1073 ἐξαρκεῖ
1848 1041 1934 1070 τοῦτο,

1138 1084 1276 1118 σωφρόνως
1298 1081 1466 1118 λογιζομένῳ,
1492 1085 1557 1119 πρὸς
1581 1082 1705 1119 εὐθυμίαν
1728 1084 1774 1111 τὴν
1799 1081 1934 1114 ἀνωτάτω,

1138 1128 1166 1153 τὸ
1191 1126 1235 1152 ὑπ’
1255 1127 1339 1152 αὐτῶν
1366 1132 1416 1152 τῶν
1440 1132 1535 1164 χειρῶν
1559 1131 1605 1153 τοῦ
1630 1131 1697 1153 Θεοῦ
1722 1131 1768 1152 τοῦ
1792 1128 1826 1152 τὰ
1853 1128 1936 1152 πάντα

1140 1174 1340 1208 συστησαμένου
1366 1170 1585 1205 διαπλασθῆναι;
1613 1171 1691 1198 ἔπειθ’
1719 1172 1758 1197 ὅτι
1786 1173 1850 1204 καὶ,
1881 1169 1936 1196 κατ’

1140 1216 1226 1241 εἰκόνα
1246 1217 1447 1253 ’γενόμενοςωω
1461 1220 1507 1242 τοῦ
1530 1219 1669 1246 κτίσαντος
1684 1226 1722 1251 σε,
1739 1214 1853 1242 δύνασαι
1874 1217 1938 1252 πρὸς

1140 1262 1187 1289 τὴν
1202 1264 1252 1286 τῶν
1272 1259 1385 1296 ἀγγέλων
1401 1262 1538 1298 όμοτιμίαν
1555 1259 1591 1287 δι’
1607 1260 1708 1297 ἀγαθῆς
1727 1260 1860 1290 πολιτείας
1875 1259 1937 1285 ἁνα-

1143 1303 1272 1342 δραμεῖν;
1298 1307 1392 1341 Ψυχὴν
1417 1305 1504 1336 ἔλαϐες
1526 1307 1633 1341 νοερὰν,
1659 1303 1694 1331 δι’
1719 1305 1751 1336 ἧς
1775 1307 1840 1331 Θεὸν
1864 1314 1939 1340 περι-

1141 1354 1216 1383 νοεῐς,
1237 1353 1287 1375 τῶν
1312 1352 1388 1376 ὀντων
1403 1352 1450 1379 τὴν
1471 1352 1547 1386 φύσιν
1573 1350 1691 1386 λογισμῷ
1705 1350 1829 1386 καθορᾷς,
1847 1350 1941 1384 σοφίας

1143 1393 1226 1432 δρέπῃ
1251 1397 1350 1432 καρπον
1376 1394 1495 1424 ἣδιστον.
1522 1397 1610 1421 Πάντα
1634 1397 1678 1431 μέν
1704 1404 1746 1420 σοι
1768 1395 1801 1420 τὰ
1824 1397 1941 1431 χερσαῖα

1144 1440 1209 1473 ζῶα,
1228 1441 1311 1476 ἥμερα
1325 1450 1351 1466 τε
1367 1442 1412 1466 καὶ
1435 1441 1525 1477 ἄγρια,
1540 1441 1624 1465 πάντα
1639 1438 1668 1465 δε
1682 1440 1715 1465 τὰ
1729 1438 1753 1465 ἐν
1768 1437 1852 1465 ὕδασι
1869 1437 1941 1464 διαι-

1143 1487 1254 1521 τώμενοι,
1269 1486 1313 1510 καὶ
1337 1486 1388 1511 ὅσα
1409 1486 1452 1510 τόν
1473 1483 1535 1521 ἀέρα
1559 1482 1718 1510 διαπέταται
1738 1487 1839 1517 τοῦτον,
1863 1481 1943 1508 δοῦλα

1110 1529 1202 1562 Ciam
1230 1532 1275 1555 καὶ
1306 1530 1456 1566 ὑποχείρια.
1475 1529 1512 1554 Οὐ
1540 1530 1572 1554 σὺ
1596 1530 1684 1565 μέντοι
1711 1530 1806 1564 τέχνας
1835 1526 1942 1564 ἐξεῦρες,

1145 1576 1190 1600 καὶ
1212 1574 1299 1605 πόλεις
1324 1577 1485 1607 συνεστήσω,
1512 1575 1557 1599 καὶ
1582 1575 1632 1599 ὅσα
1659 1572 1799 1609 ἀναγκαῖα,
1825 1574 1872 1598 καὶ
1896 1572 1946 1598 ὃσα

1144 1621 1211 1656 πρὸς
1234 1621 1329 1656 τρυφήν
1353 1618 1513 1652 ἐπενόησας;
1531 1618 1568 1644 Ou’
1594 1617 1699 1654 βάσιμα
1724 1627 1766 1643 σοι
1790 1618 1822 1642 τὰ
1845 1616 1944 1652 πελάγη

1146 1662 1193 1690 διὰ
1208 1663 1264 1699 (In)
1283 1665 1327 1689 τὸν
1341 1663 1436 1699 λόγον;
1453 1663 1491 1688 Οὐ
1515 1667 1548 1698 γῆ
1569 1665 1614 1688 καὶ
1639 1662 1754 1688 θάλαττα
1774 1662 1898 1698 ὑπηρετεί
1910 1665 1945 1695 τῷ

1147 1707 1199 1744 βίῳ
1214 1712 1250 1743 τῷ
1267 1710 1322 1744 σῲ;
1345 1708 1400 1734 Οὐκ
1420 1707 1469 1744 ἀὴρ
1494 1710 1539 1733 καὶ
1559 1707 1676 1744 οὐρανὸς,
1693 1709 1738 1732 καὶ
1765 1704 1880 1743 ἀστέρων
1894 1714 1946 1741 χο-

1147 1756 1214 1790 ρεῖαι
1243 1755 1284 1779 σοὶ
1311 1755 1357 1782 τὴν
1385 1752 1479 1779 ἑαυτῶν
1508 1750 1700 1778 ἐπιδείκνυνται
1726 1750 1817 1783 τάξιν;
1844 1752 1878 1776 Τί
1904 1747 1946 1775 οὖν

1148 1798 1334 1835 μικροψυχεῖς,
1356 1799 1396 1824 ὅτι
1416 1798 1493 1828 ἵππος
1514 1807 1556 1823 σοι
1575 1796 1622 1823 οὐκ
1637 1798 1707 1822 ἔστιν
1723 1796 1777 1830 (4-2)
1792 1794 1946 1832 ἁργυροχά-

1148 1843 1233 1876 λινος;
1258 1842 1324 1869 Ἀλλ’
1346 1842 1416 1871 ἣλιον
1439 1843 1509 1878 ἔχεις
1532 1841 1648 1877 όξυτάτῳ
1674 1839 1763 1878 δρόμῳ
1789 1838 1835 1866 διὰ
1859 1840 1948 1869 πάσης

1149 1889 1248 1925 ἡμέρας
1263 1886 1452 1923 δᾳδουχοῦντα
1469 1896 1510 1912 σοι
1525 1888 1571 1915 τὴν
1585 1884 1722 1922 λαμπάδα.
1748 1885 1803 1910 Οὐκ
1819 1886 1891 1920 ἔχεις
1907 1883 1950 1920 ἆρ-

1148 1934 1228 1969 γύρου
1254 1933 1299 1958 καὶ
1323 1935 1428 1969 χρυσοῦ
1451 1929 1632 1967 λαμπηδόνας,
1658 1929 1723 1956 ἀλλὰ
1747 1929 1856 1957 σελήνην
1881 1930 1951 1964 ἔχεις

1150 1978 1235 2015 μυρίῳ
1260 1986 1288 2003 σε
1312 1977 1348 2011 τῴ
1370 1976 1432 2013 παρ1
1457 1976 1539 2006 αὐτῆς
1558 1985 1623 2011 φωτι
1643 1975 1699 2009 (43)
1724 1973 1949 2010 περιλάμπουσαν.

1152 2022 1207 2048 Οὐκ
1231 2020 1387 2051 ἐπιϐέϐηκας
1413 2020 1534 2058 ἁρμάτων
1561 2018 1791 2056 χρυσοκολλήτων,
1818 2017 1882 2043 ἀλλὰ
1909 2019 1953 2043 πό-

1153 2066 1202 2097 δας
1218 2068 1289 2102 ἔχεις
1312 2066 1404 2092 οἰκεῖον
1420 2067 1512 2101 ὄχημα
1527 2067 1572 2090 καὶ
1599 2065 1714 2100 συμφυὲς
1738 2066 1848 2097 σεαυτῷ.
1865 2063 1898 2088 Τί
1911 2059 1952 2087 οὖν

1153 2111 1309 2149 μακαρίζεις
1323 2112 1384 2140 τοὺς
1407 2112 1436 2136 τὸ
1452 2108 1533 2146 ἁδρὸν
1550 2108 1688 2145 βαλάντιον
1710 2108 1893 2143 κεκτημένους,
1911 2107 1953 2131 καὶ

1154 2157 1292 2193 ἀλλοτρίων
1313 2154 1401 2182 ποδῶν
1424 2154 1459 2185 εἰς
1481 2156 1527 2182 τὴν
1556 2152 1700 2189 μετάϐασιν
1732 2150 1890 2187 δεομένους;
1916 2149 1952 2176 Οὔ

1153 2199 1290 2231 καθεύδεις
1305 2199 1347 2226 ἐπὶ
1370 2199 1460 2230 κλίνης
1479 2197 1650 2234 ἐλεφαντίνης,
1667 2196 1720 2223 ἀλλ’
1743 2197 1814 2232 ἔχεις
1836 2197 1883 2224 τὴν
1905 2199 1952 2230 γῆν

1153 2245 1252 2273 πολλῶν
1277 2244 1415 2282 ἐλεφάντων
1440 2245 1498 2278 (44)
1520 2244 1686 2280 τιμιωτέραν,
1701 2243 1747 2268 καὶ
1771 2240 1893 2277 γλυκεῖαν
1915 2238 1952 2266 ἐπ’

1155 2388 1277 2417 inverso
1292 2386 1406 2420 ordine,
1418 2385 1616 2423 χρυσοχάλινος
1630 2385 1651 2423 ᾖ.
1662 2382 1881 2423 ἀργυροχαξλινος.
1897 2380 1951 2421 Sed

1155 2424 1194 2464 in.
1202 2423 1377 2464 repetitione
1401 2417 1616 2462 r'ocis'iahvé;
1634 2417 1829 2464 deprehendo
1840 2417 1953 2464 imperi

1157 2456 1315 2495 aliquidret
1329 2456 1519 2495 inconcinni}
1535 2457 1733 2495 suspicprque
1752 2456 1953 2495 itauscrigtum

1156 2489 1248 2523 fuisse
1259 2494 1298 2522 ab
1314 2494 1425 2529 aliquo,
1436 2493 1487 2529 qui
1499 2492 1528 2519 in
1540 2489 1696 2529 aliquibus:
1707 2489 1863 2529 codicibus
1875 2489 1954 2524 ἀργυ-

1157 2531 1305 2568 ροχάλινος,
1314 2530 1343 2557 in
1355 2525 1422 2557 aliis
1433 2525 1631 2565 χρυσοχάλινος
1640 2526 1770 2568 legisset.
1784 2525 1891 2568 Quare,
1901 2531 1953 2568 γης,

1158 2561 1288 2594 ὲὶῗιηειω
1300 2561 1423 2593 tantum
1433 2561 1549 2591 Vocem
1565 2564 1699 2599 poneret,
1715 2561 1867 2600 falleretur
1880 2561 1951 2595 ipse,

1158 2602 1293 2635 aliosque
1308 2601 1430 2630 falleret,
1447 2595 1733 2635 utramq‘ueponere
1749 2595 1866 2635 maluit.

1194 2629 1252 2672 (43)
1270 2638 1354 2676 Unus
1370 2636 1464 2676 codex
1490 2629 1627 2662 Combet'.‘
1639 2635 1723 2671 μυρίῳ
1740 2641 1769 2658 σε
1784 2633 1858 2668 φωτί.
1874 2629 1953 2658 Alius

1157 2682 1229 2702 mss.
1244 2683 1279 2699 τω
1294 2682 1345 2699 παο
1371 2681 1473 2701 εαυτης,

1193 2700 1248 2744 (44)
1265 2701 1387 2744 ‘Antiqui
1412 2706 1473 2744 duo
1494 2705 1560 2733 libri
1584 2707 1612 2732 et
1635 2703 1713 2744 editi_
1730 2702 1828 2729 πολλῶν
1853 2700 1952 2744 ἐλεφαν-

1157 2735 1293 2772 τίνὶριἷίΑι
1308 2735 1387 2778 Regii
1412 2742 1527 2778 primus
1549 2739 1754 2778 etﬁsecundus
1778 2745 1848 2766 cum
1871 2735 1950 2765 Cblb.

1157 2780 1242 2809 tertio
1258 2776 1518 2815 πολλῶνέλεῷάντων,
1536 2776 1654 2804 melius.
