2029 3136
111 128 160 154 2ιὸ

111 188 190 218 αὐτῆς
204 189 248 216 τὴν
266 185 422 218 ἀνάπαυσιν,
439 187 525 220 ταχὺν
540 186 583 211 τὸν
609 184 686 211 ὒπνον
711 187 756 211 καὶ
781 187 908 222 μερίμνης
921 188 945 214 Α

109 232 314 268 ἀπηλλαγμένον.
345 231 382 256 Οὐ
404 231 560 256 κατάκεισαι
586 231 636 256 ὑπὸ
661 234 781 267 χρυσοῦν
807 232 906 266 Epopeu-

108 277 162 303 ἀλλ’
190 276 298 312 οὐρανὸν
323 277 393 310 ἔχεις
416 278 470 305 τοῖς
490 274 612 312 ἀρρήτοις
637 279 686 300 τῶν
709 274 824 311 ἀστέρων
848 274 908 300 κάλ-

107 322 162 348 λεσι
186 322 240 356 (45)
260 319 469 358 περιστίλϐοντα.
486 323 575 346 Ταῦτα
589 321 634 356 μὲν
650 318 684 349 δὴ
701 321 734 346 τὰ
749 319 907 356 ἀνθρώπινον

107 368 138 392 τὰ
162 364 190 392 δ’
214 367 252 391 ἔτι
273 365 365 401 μείζω.
389 365 436 390 Διά
462 365 491 390 σε
515 366 579 394 Θεὸς
603 364 627 390 ἐν
649 364 804 401 ἀνθρώποις,
831 365 909 390 Πνεύ-

107 421 187 447 ματος
211 410 288 446 ἁγίου
314 407 436 445 διανομὴ,
464 409 576 435 θανάτου
612 409 766 442 κατάλυσις,
796 407 909 435 ἀναστά-

108 465 171 486 σεως
201 454 283 489 ἱλπὶς,
312 454 368 480 θεῖα
395 454 588 490 προστάγματα
615 453 759 480 τελειοῦντά
789 463 836 479 σου
863 455 907 482 τὴν

107 499 185 532 ζωὴν,
207 500 301 535 πορεία
322 499 387 535 πρὸς
411 500 474 524 Θεὸν
496 496 542 524 διὰ
568 502 618 524 τῶν
643 497 758 530 ἐντολῶν,
785 497 909 533 βασιλεία

106 548 153 570 τῶν
189 541 306 580 οὖρανῶν
332 542 456 580 εὐτρεπής
489 545 556 576 (46),
582 544 702 579 στέφανοι
736 540 908 573 δικαιοσύνης

105 590 201 624 ἕτοιμοι
223 589 286 622 τοὺς
312 588 376 624 ὑπὲρ
394 591 442 618 τῆς
457 587 551 625 άριτῆς
577 586 670 624 ἀρετῆς
682 588 776 617 πόνους
789 589 825 623 μὴ
840 585 907 613 ἀπο-

106 631 208 669 δράντι.

570 123 718 151 HOMlLlA
739 124 772 151 lN
793 122 1111 157 lLLUD,ATTENDE
1134 123 1217 150 TIBI
1235 122 1328 150 IPSI.

1741 123 1794 149 214

964 185 1069 213 alienis
1084 185 1214 221 pedibus
1230 185 1369 219 indigent
1391 183 1431 211 ad
1447 182 1620 211 faciendum
1636 183 1691 211 iter
1702 184 1716 211 ‘I
1729 185 1793 212 Non

963 229 1079 257 dormis
1095 230 1124 257 in
1139 229 1215 257 lecto
1231 229 1364 257 eburneo
1381 237 1387 256 :
1406 230 1435 256 at
1455 231 1565 256 terram
1588 228 1683 256 habes
1698 228 1794 257 multo

963 273 1054 302 ebore
1075 274 1297 310 pretiosiorem,
1324 276 1414 310 atque
1429 273 1547 301 dulcem
1563 273 1593 300 in
1609 281 1645 300 ea
1658 273 1795 309 requiem

963 319 1108 355 capessis,
1120 327 1155 346 ac
1165 319 1259 346 veloci
1271 326 1379 346 somno
1390 318 1531 354 curisque
1541 317 1793 352 liberoindulges.

963 365 1029 391 Non
1041 363 1198 391 decumbis
1214 363 1270 391 sub
1282 363 1396 391 fornice
1412 370 1447 390 ac
1469 365 1547 390 tecto
1562 370 1664 398 aureo,
1687 365 1717 390 at
1736 370 1795 390 cm-

961 407 1026 435 lum
1042 408 1138 436 habes
1147 407 1342 436 inenarrabili
1349 407 1502 435 stellarum
1510 407 1734 443 pulchritudine
1740 407 1795 435 cir-

963 452 1166 487 cumfulgens.
1175 455 1270 489 Atque
1279 453 1343 480 haec
1349 452 1472 488 quidem
1488 452 1623 480 humana
1634 455 1706 480 sunt
1718 461 1724 486 ;
1737 452 1792 480 sed

962 505 1030 534 quae
1045 500 1212 533 sequuntur
1220 497 1338 533 majora
1350 499 1420 524 sunt
1439 499 1467 524 et
1477 497 1697 533 praestantiora.
1712 496 1793 525 Deus

961 544 1084 578 propter
1097 544 1124 570 te
1147 543 1224 570 inter
1247 542 1387 570 homines
1410 544 1548 569 versatus
1568 544 1613 569 est
1624 543 1647 577 ⁵,
1668 542 1794 578 Spiritus

961 587 1059 615 sancti
1073 587 1244 615 distributio
1256 588 1277 621 ⁸,
1289 587 1393 615 mortis
1403 586 1568 614 destructio
1578 587 1600 618 ⁷,
1614 595 1685 623 spes
1694 594 1792 614 resur-

961 631 1101 660 rectionis
1115 632 1125 650 ⁸
1141 632 1243 660 divina
1258 634 1410 668 praecepta
1425 631 1519 660 vitam
1535 633 1620 659 tuam
1636 631 1791 667 perﬁcien-

106 677 152 710 lia,
165 676 313 713 profectio
330 676 370 704 ad
385 677 478 704 Deum
495 684 550 713 per
564 676 710 704 mandata
727 677 749 711 θ,
763 677 905 712 paratum
916 684 1044 712 regnum
1055 677 1202 704 ccelorum
1219 677 1251 708 ιο,
1266 677 1389 712 justitlm
1405 684 1525 704 coronas
1542 677 1575 712 “,
1601 676 1638 710 ei,
1668 675 1722 712 qui
1744 675 1790 704 la-

104 721 193 749 bores
205 729 264 757 pro
274 721 384 749 virtute
399 729 460 749 non
474 721 563 756 fugit,
579 724 703 758 paratae.

140 767 166 793 7.
183 765 245 792 Ἐὰν
257 767 396 803 προσέχῃς
423 770 533 802 σεαυτῷ,
549 770 635 792 ταῦτα
646 768 691 792 καὶ
703 767 740 793 ἔτι
751 765 832 792 πλείω
851 765 907 801 (47)

105 811 223 847 εὑρήσεις
244 812 300 848 περ)
331 812 449 836 σεαυτόν
465 812 511 836 καὶ
531 810 688 842 ἀπολαύσεις
709 812 754 847 μὲν
777 814 827 836 τῶν
842 820 907 847 παρ-

104 857 189 888 όντων,
221 855 251 880 οὐ
279 854 496 892 μικροψυχὴσιις
518 853 547 881 δὲ
573 857 638 892 πρὸς
664 857 693 881 τὸ
719 854 813 882 ἐνδέον.
841 858 906 881 Παν-

103 903 187 935 ταχοῦ
221 909 264 925 σοι
300 900 493 936 παριστάμενον
528 902 557 926 τό
591 900 765 937 παράγγελμα
792 899 906 936 μεγάλην

103 944 239 980 παρέξεται
265 946 310 972 τὴν
338 942 472 980 βοῇθειαν.
502 942 572 977 Οἷον,
597 944 660 981 ὀργή
689 954 736 970 σου
764 949 813 970 τῶν
837 944 906 979 λογι-

103 992 172 1024 σμῶν
190 989 373 1025 κατεκράτησε
389 988 453 1023 (48),
475 991 519 1014 καὶ
533 988 624 1026 ἐκφέρῃ
654 990 703 1015 ὑπὸ
732 990 814 1025 θυμοῦ
840 991 906 1025 πρὸς

102 1042 127 1058 τε
153 1033 264 1070 ῥήματα
290 1032 391 1070 ἀπρεπῆ
422 1035 467 1059 καὶ
481 1033 589 1071 πράξεις
611 1034 729 1069 χαλεπάς
751 1036 796 1059 καὶ
811 1034 905 1070 θηριώ-

104 1075 183 1108 δεις;
213 1078 274 1103 Ἐὰν
294 1080 431 1114 προσέχῃς
459 1083 569 1113 σεαυτῷ,
597 1078 762 1108 καταστελεῖς
789 1079 834 1114 μὲν
859 1079 903 1103 τὸν

103 1121 180 1158 θυμὸν
208 1122 298 1158 ὥσπερ
325 1122 384 1147 τινὰ
411 1121 494 1148 πῶλον
521 1121 613 1151 ἀπειθῆ
639 1125 683 1148 καὶ
700 1121 834 1156 δυσήνιον,
857 1125 901 1158 τῇ.

103 1166 184 1202 πληγῇ
205 1170 253 1192 τοῦ
283 1165 359 1201 λόγου
379 1166 454 1192 οἱονεὶ
478 1167 589 1202 μάστιγι
604 1168 808 1203 καθαπτόμενος.
831 1170 901 1203 Κρα-

103 1213 188 1241 nim;
219 1209 250 1237 δε
276 1212 320 1236 καὶ
344 1210 476 1246 γλώσσης,
500 1212 547 1241 τὰς
563 1210 593 1237 δε
615 1215 710 1249 χεῖρας
724 1213 771 1237 οὐκ
792 1213 844 1243 (49)
860 1210 902 1237 ἐπ-

103 1258 209 1290 αφήσεις
235 1259 274 1290 τῷ
298 1255 480 1292 παροξύναντι.
522 1256 601 1283 Πάλιν
626 1255 763 1292 ἐπιθυμίαι
789 1258 902 1292 πονηραὶ

103 1299 274 1336 ἔξοιστρῶσαί
303 1308 350 1325 σου
378 1302 424 1328 τὴν
453 1299 555 1336 ψυχὴν,
573 1302 610 1330 εἰς
625 1301 708 1336 ὁρμὰς
723 1299 842 1337 ἀκρατεῖς
856 1302 901 1326 καὶ

103 1341 262 1374 ἀκολάστους
286 1343 469 1380 ἐμϐάλλουσιν.
493 1345 550 1371 Ἐὰν
573 1343 616 1370 οὖν
637 1347 775 1382 προσέχῃς
789 1349 898 1380 σεαυτῷ,

102 1390 143 1414 καί
166 1389 299 1425 μνησθῇς,
329 1389 369 1414 ὅτι
388 1393 464 1415 τοῦτο
481 1398 526 1425 μεν
542 1399 584 1415 σοι
596 1391 625 1415 τὸ
641 1391 722 1427 παρὸν
739 1389 792 1419 ἡδὺ
809 1390 844 1421 εἰς
859 1399 901 1416 πι-

102 1434 158 1469 κρόν
184 1435 346 1462 καταντήσει
378 1434 468 1469 πέρας,
496 1436 541 1459 καὶ
565 1435 577 1459 ὁ
599 1437 647 1460 νῦν
669 1434 696 1460 ὲκ
721 1438 769 1465 τῆς
802 1433 901 1465 ἡδονῆς

103 1475 259 1513 ἐγγινόμενος
287 1482 323 1513 τῷ
353 1480 455 1514 σώματι
490 1479 563 1515 ἡμῶν
596 1478 787 1516 γαργαλισμὸς,
826 1477 901 1509 οὗτος

102 1524 212 1556 γεννήσει
239 1523 285 1547 τὸν
312 1521 409 1548 ἰοϐόλον
438 1523 561 1552 σκώληκα
587 1523 704 1550 ἀθάνατα
735 1524 795 1559 (50)
825 1523 934 1555 χολαὶ-(ι

102 1565 174 1605 ζοντα
187 1567 261 1602 ἡμᾶς
275 1565 299 1592 ἐν
315 1570 345 1602 τῇ
363 1569 460 1603 γεέννῃ,
488 1570 531 1593 καὶ
554 1569 569 1596 ἡ
597 1569 714 1605 πύρωσις
732 1572 778 1599 τῆς
802 1570 898 1605 σαρκὸς

100 1612 181 1647 μήτηρ
205 1612 344 1646 γενήσεται
369 1615 414 1637 τοῦ
442 1612 546 1638 αἰωνίου
559 1614 651 1649 πυρὸς·
674 1612 749 1644 εὐθὺς
768 1613 898 1648 οἰχήσον-

99 1662 139 1680 ται
150 1654 355 1690 φυγαδευθεῖσαι
373 1657 399 1682 αἱ
413 1654 517 1690 ἡδοναὶ,
534 1659 578 1684 καὶ
596 1658 732 1693 θαυμαστή
757 1667 796 1688 τις
825 1656 897 1683 ἔνδον

102 1699 193 1734 γαλήνη
217 1703 278 1737 περὶ
299 1703 347 1729 τήν
373 1701 466 1737 ψυχὴν
491 1704 536 1728 καὶ
560 1703 665 1739 ἡσυχία
683 1705 827 1738 γενήσεται,
844 1701 897 1729 οἷον

101 1743 287 1779 θεραπαινίδων
324 1744 474 1771 ἀκολάστων
513 1746 621 1783 θορὺϐον
658 1748 896 1782 χατασιγασθεντος

101 1785 236 1819 δεσποίνης
249 1790 319 1820 τινὸς
340 1792 471 1826 σώιρρονος
494 1793 635 1827 παρουσίᾳ.
664 1794 783 1827 Πρόσεχε
811 1794 896 1817 τοίνυν

102 1837 206 1867 σεαυτῷ,
235 1836 280 1860 καὶ
312 1835 402 1869 γνῶθι,
434 1835 473 1860 ὅτι
502 1837 531 1861 τὸ
560 1837 605 1872 μὲν
639 1835 740 1871 λογικόν
769 1835 825 1861 ἐστι
851 1838 896 1862 καὶ

101 1878 178 1913 νοερόν
202 1881 249 1908 τῆς
279 1877 382 1914 ψυχῆς,
405 1880 435 1904 τὸ
454 1877 483 1905 δὲ
508 1880 652 1908 παθητικόν
673 1889 700 1906 τι
727 1882 772 1905 καὶ
792 1879 893 1916 ἀλογον.

102 1923 147 1947 Καὶ
174 1926 208 1957 τῷ
228 1924 273 1959 μὲν
302 1924 377 1958 φύσει
403 1925 432 1949 τὸ
458 1928 560 1960 κρατεῖν
587 1924 711 1962 ὑπάρχει,
739 1928 794 1955 τοῖς
823 1923 852 1951 δὲ
865 1926 893 1951 τὸ

99 1965 229 1992 ὑπακούειν
253 1971 292 2002 τῷ
316 1967 383 2002 λόγῳ
405 1971 450 1994 καὶ
472 1970 686 1999 καταπείθεσθαι,
716 1972 824 1998 Μήποτε
849 1968 893 1996 οὖν

99 2008 170 2045 ἐάσῃς
198 2010 471 2048 ἐξανδραποδισθέντα
492 2015 535 2039 τὸν
563 2017 621 2039 νοῦν
655 2012 746 2040 δοῦλον
773 2016 893 2050 γενέσθαι

98 2057 142 2079 τῶν
164 2056 250 2081 παθῶν
277 2057 347 2091 (51)·
373 2055 440 2092 μηδ’
460 2055 492 2083 αὖ
519 2057 596 2084 πάλιν
612 2057 753 2096 ἐπιτρέψῃς
774 2063 828 2089 τοῖς
843 2060 892 2095 πᾴ-

98 2097 149 2124 θεσι
166 2100 389 2131 κατεξαναστῆναι
418 2100 463 2127 τοῦ
496 2102 583 2138 λόγου,
621 2106 665 2129 καὶ
694 2103 729 2134 εἰς
763 2103 843 2129 ἑαυτά
862 2106 891 2130 τὸ

97 2142 182 2186 κράτος
200 2149 247 2175 τῆς
268 2144 362 2180 ψυχῆς
378 2151 548 2182 περιστῆσαι.
578 2147 661 2178 Ὂλως
687 2146 718 2174 δέ
733 2158 775 2174 σοι
790 2149 805 2178 ὴ
818 2147 891 2186 ἀκρι-

98 2185 140 2217 ϐὴς
165 2193 275 2215 σεαυτοῦ
301 2192 460 2222 κατανόησις
488 2192 605 2229 αὐτάρκη
631 2191 736 2230 παρέξει
760 2202 924 2235 χειραγω-Ι)

96 2232 148 2264 γίαν
171 2235 214 2258 καὶ
225 2235 290 2270 πρὸς
304 2236 352 2262 τὴν
367 2236 463 2261 ἔννοιαν
478 2240 524 2262 τοῦ
554 2239 627 2264 Θεοῦ.
646 2237 704 2263 Ε’ὰν
730 2238 780 2274 γὰρ
809 2247 889 2275 προσ-

98 2275 157 2311 έχῃς
185 2276 296 2313 σεαυτῷ,
321 2277 396 2305 οὐδὲν
427 2278 509 2317 δεήσῃ
540 2280 568 2306 ἐκ
592 2285 638 2313 τῆς
661 2286 710 2307 τῶν
732 2281 795 2308 ὅλων
811 2292 889 2309 κατα-

98 2323 185 2352 σκευῆς
207 2324 250 2348 τὸν
275 2326 437 2361 Δημιουργὸν
461 2324 611 2361 ἐξιχνεύειν,
643 2325 696 2352 ἀλλ’
725 2325 749 2352 ἰν
776 2331 886 2363 σεαυτῷ,

613 2400 623 2417 τ
645 2401 654 2427 1
671 2402 736 2428 Cor.
752 2409 802 2434 xv,
822 2401 868 2434 26,
883 2404 927 2430 55.

129 2394 139 2412 ⁵
157 2396 332 2436 Ιοιιη.ι,γί4,
345 2400 382 2436 ᾖε
400 2399 486 2427 Hebr.
503 2407 530 2436 ιι,
548 2399 575 2428 4.

99 2436 162 2466 xxv,
180 2434 223 2460 34.
264 2434 285 2452 ¹¹
306 2434 330 2461 lI
343 2434 417 2462 Tim.
433 2443 473 2468 ιν,
489 2437 514 2463 8.

128 2506 232 2548 (iii-46)
247 2508 346 2548 Codex
356 2509 483 2548 quidam
494 2510 627 2548 Combef.
649 2510 763 2548 ἀστέρων
784 2512 884 2548 τάξεσι,

97 2542 252 2582 Stellarum
263 2542 426 2582 ordinibus.
440 2546 511 2582 Mox
523 2546 593 2574 editi
606 2549 635 2574 et
647 2542 716 2582 Reg:
728 2542 832 2575 tertius
842 2542 885 2574 πελ

96 2577 253 2619 ριστίλϐοντά
276 2589 326 2619 σεε.
339 2581 396 2619 Sed
413 2581 444 2609 in
469 2581 644 2619 tribusaliis
654 2577 726 2619 mss.
739 2583 846 2611 vocula
856 2593 886 2610 σε

95 2617 151 2656 non
165 2613 281 2656 legitur,
305 2617 362 2656 l\_'ec
383 2616 424 2644 ita
447 2617 541 2645 multo
566 2617 644 2646 infra
665 2618 747 2647 Colb.
769 2619 884 2656 primus

94 2646 231 2675 τελειοῦντά
243 2646 285 2676 σοι
294 2654 350 2680 τήν.

190 2686 307 2727 Xete‘res
319 2687 383 2727 duo
397 2687 467 2727 libri
481 2690 517 2716 ἔτι
529 2688 646 2727 πλείονα.

137 2719 263 2762 ξῷεῶὶί
279 2723 388 2762 etch.
405 2724 507 2752 tertius
532 2725 594 2762 ὀργῇ
622 2735 669 2752 σου
693 2727 882 2756 κατεχράτησε.

95 2751 146 2781 Alii
158 2751 216 2784 tres
228 2764 304 2785 mss.
324 2751 400 2787 utin
411 2751 562 2790 contektu'.

556 2437 578 2454 ”
594 2437 649 2463 lsa.
667 2444 745 2471 vax,
758 2438 793 2464 24-
806 2446 813 2471 ;
827 2438 915 2466 Marc.
936 2446 974 2471 ix,
990 2439 1035 2469 43,
1055 2439 1101 2472 45,
1116 2439 1160 2465 47.

997 769 1023 794 7.
1045 767 1130 799 Quod
1147 767 1172 794 si
1188 766 1240 794 tibi
1265 766 1324 802 ipsi
1347 765 1520 796 attenderis,
1545 765 1609 793 hinc
1635 767 1728 802 atque
1743 764 1790 793 his

961 810 1048 847 plura
1063 811 1163 839 adhuc
1178 811 1256 839 circa
1267 811 1395 847 teipsum
1406 810 1613 846 deprehendes
1626 819 1632 844 ;
1645 812 1672 837 et
1682 809 1789 838 frueris

922 849 942 877 Β
961 856 1082 893 quidem
1095 856 1304 892 przesentibus.
1313 863 1368 882 nec
1375 855 1414 882 ob
1421 863 1530 890 eaquae
1537 855 1672 889 deerunt,
1681 855 1737 890 23
1746 855 1790 882 fu-

960 900 1045 926 turus
1051 906 1083 926 es
1090 899 1191 926 animo
1199 898 1317 934 pusillo.
1326 898 1513 933 Praeceptum
1521 897 1595 924 illud
1608 897 1658 925 tibi
1666 897 1705 924 ob
1717 905 1787 924 ocu-

958 943 1004 970 los
1010 943 1033 970 si
1045 943 1156 979 ubique
1173 943 1357 976 observetur,
1370 942 1453 970 haud
1471 941 1616 969 mediocri
1630 941 1787 977 adjumen-

959 989 989 1015 to
999 987 1054 1015 erit
1064 987 1124 1015 tibi.
1138 987 1270 1023 Exempli
1281 994 1374 1014 causa
1387 996 1393 1014 :
1406 987 1445 1014 ab
1455 986 1499 1014 ira
1510 986 1638 1014 vincitur
1656 987 1744 1019 ratio,
1758 988 1787 1016 et

958 1031 1184 1068 prasiracundia
1196 1034 1259 1058 tum
1266 1031 1306 1059 ad
1316 1031 1408 1059 verba
1419 1031 1563 1058 indecora
1571 1033 1635 1058 tum
1646 1030 1685 1058 ad
1696 1030 1787 1058 actio-

956 1083 1011 1104 nes
1022 1076 1171 1104 immanes
1182 1084 1216 1103 ac
1227 1075 1337 1103 ferinas
1348 1075 1494 1111 abriperis
1504 1075 1518 1103 ?
1528 1075 1556 1102 Si
1567 1075 1682 1111 tibiipsi
1693 1077 1786 1103 atten-

956 1120 1022 1155 des,
1033 1121 1110 1148 iram
1119 1120 1197 1148 velut
1208 1120 1325 1156 pullum
1335 1120 1502 1156 quemdam
1512 1119 1740 1154 immorigerum
1749 1128 1785 1148 ac

955 1164 1109 1192 frenorum
1116 1165 1333 1201 impatientem,
1342 1164 1502 1197 coercebis,
1512 1164 1603 1200 plaga
1609 1164 1785 1193 rationisve-

955 1210 998 1236 lut
1008 1209 1103 1244 ﬂagro
1113 1209 1248 1246 quodam
1270 1209 1369 1245 ipsam
1388 1216 1594 1244 compescens.
1612 1209 1785 1237 Continebis

955 1253 1139 1289 etlinguam,
1151 1262 1249 1290 neque
1259 1253 1290 1281 in
1300 1261 1370 1281 eum
1381 1253 1433 1289 qui
1447 1255 1473 1281 te
1488 1252 1656 1288 irritaverit,
1672 1261 1784 1282 manus

954 1299 1079 1334 injicies.
1095 1301 1208 1327 Rursus
1223 1298 1303 1326 mala
1318 1298 1468 1326 desideria
1492 1306 1528 1326 ac
1546 1297 1685 1326 libidines
1704 1298 1785 1327 velut

954 1347 1044 1372 oestro
1054 1343 1188 1380 quodam
1203 1343 1337 1371 animam
1348 1345 1432 1371 tuam
1443 1343 1640 1377 exagitantes,
1661 1343 1692 1370 in
1716 1343 1783 1371 libi-

954 1388 1077 1416 dinosos
1093 1397 1127 1416 ac
1141 1388 1272 1416 lascivos
1287 1387 1418 1424 impetus
1435 1390 1462 1415 te
1479 1387 1655 1422 conjiciunt.
1666 1388 1743 1416 Sane
1758 1389 1784 1416 si

953 1433 1005 1461 tibi
1016 1433 1073 1469 ipsi
1083 1433 1258 1465 attenderis,
1271 1431 1504 1468 meminerisque
1515 1434 1694 1468 praesentem
1704 1432 1783 1460 hanc

954 1478 1136 1514 voluptatem
1149 1479 1179 1506 in
1195 1477 1287 1505 ﬁnem
1310 1477 1536 1508 amarulentum
1558 1477 1735 1510 desituram,
1755 1480 1784 1506 et

953 1522 1016 1550 fore
1028 1525 1058 1550 ut
1068 1522 1207 1552 titillatio.
1223 1530 1292 1558 quae
1311 1530 1392 1550 nunc
1413 1530 1450 1549 ex
1472 1522 1625 1558 voluptate
1649 1523 1783 1558 corporis

951 1569 1054 1595 nostra
1065 1566 1240 1600 innascitur,
1258 1574 1391 1594 vermem
1406 1567 1428 1584 ¹²
1450 1569 1635 1594 venenatum
1649 1566 1699 1602 qui
1723 1575 1780 1595 nos

951 1614 1097 1648 perpetuo
1112 1612 1142 1640 in
1154 1611 1292 1646 gehenna
1302 1611 1463 1648 puniturus
1480 1611 1527 1646 sit,
1540 1611 1654 1646 gignat,
1670 1611 1783 1647 ﬁatque

951 1656 1157 1689 carnisardor,
1173 1656 1251 1691 ignis
1272 1656 1373 1684 aeterni
1385 1656 1408 1674 ¹³
1429 1663 1549 1692 parens,
1561 1655 1662 1684 statim
1672 1655 1783 1691 fugatae

949 1701 1090 1729 libidines
1114 1704 1303 1735 evanescent,
1329 1709 1365 1729 ac
1388 1701 1532 1729 mirabilis
1546 1701 1690 1736 quaedam
1701 1704 1781 1729 tran-

949 1746 1082 1782 quillitas
1097 1748 1126 1773 et
1145 1746 1230 1781 quies
1250 1746 1329 1773 intus
1354 1745 1385 1773 in
1402 1745 1505 1773 animo
1527 1745 1690 1779 oborietur,
1716 1753 1780 1774 non

950 1799 1037 1819 secus
1052 1799 1087 1818 ac
1102 1790 1127 1817 si
1140 1791 1220 1818 herae
1235 1789 1395 1825 cujusdam
1407 1790 1525 1826 pudica,
1538 1790 1669 1818 adventu
1696 1790 1780 1818 seda-

948 1838 1031 1863 retur
1041 1835 1219 1863 ancillarum
1234 1834 1454 1862 lascivientium
1468 1834 1624 1862 tumultus.
1649 1835 1780 1863 Attende

949 1880 1038 1915 igitur
1051 1880 1106 1907 tibi
1120 1880 1189 1914 ipsi,
1206 1881 1233 1907 rt
1245 1879 1320 1907 scito
1334 1879 1459 1906 alteram
1474 1879 1583 1907 animat
1598 1881 1714 1915 partem
1731 1887 1779 1907 ra-

948 1924 1112 1953 tiocinandi
1122 1923 1368 1960 intelligendlque
1377 1923 1518 1952 facultate
1529 1932 1595 1951 esse
1606 1923 1775 1959 praeditam,

947 1969 1073 1997 alteram
1089 1977 1160 1996 vero
1176 1967 1387 1996 affectionibus
1400 1968 1564 1995 obnoxiam
1577 1971 1605 1995 et
1619 1967 1776 1996 irrationa-

946 2014 1016 2043 lem.
1030 2015 1062 2042 Et
1069 2014 1146 2041 illius
1155 2012 1280 2049 quidem
1289 2012 1425 2040 naturale
1434 2021 1547 2040 munus
1556 2015 1601 2041 est
1608 2012 1774 2041 dominari:

945 2059 1037 2094 hujus
1057 2066 1137 2093 vero,
1159 2057 1282 2085 obedire
1307 2065 1342 2084 ac
1366 2057 1575 2094 obtemperare
1598 2057 1718 2085 rationi.
1734 2059 1774 2085 Ne

944 2103 1034 2138 igitur
1048 2111 1186 2139 unquam
1198 2102 1279 2130 sinas
1299 2104 1431 2129 mentem
1441 2101 1472 2129 in
1493 2101 1665 2130 servitutem
1684 2101 1770 2130 reda-
1815 2122 1818 2124 -

945 2151 1036 2181 ctam,
1052 2147 1246 2175 affectionum
1261 2146 1438 2174 vitiosarum
1450 2154 1567 2173 servam
1577 2146 1641 2173 ﬁeri
1656 2153 1773 2181 :neque

944 2200 1048 2220 rursus
1058 2191 1213 2228 permittas
1223 2190 1410 2218 turbulentos
1423 2190 1547 2218 affectus
1556 2190 1710 2225 insurgere
1721 2190 1773 2218 ad-

944 2245 1048 2265 versus
1063 2236 1221 2267 rationem.
1234 2235 1405 2271 animmque
1415 2234 1575 2271 imperium
1586 2234 1617 2262 in
1630 2242 1661 2262 se
1673 2236 1770 2262 trans-

943 2282 1032 2311 ferre.
1060 2281 1193 2317 Denique
1217 2281 1345 2315 diligens
1365 2280 1407 2308 tui
1434 2280 1528 2316 ipsius
1557 2280 1770 2316 contemplatio

944 2327 1014 2357 satis
1029 2329 1055 2355 te
1071 2326 1200 2354 deducet
1210 2325 1239 2353 in
1255 2326 1305 2354 Dei
1320 2325 1534 2362 cognitionem.
1549 2327 1625 2354 Nam
1635 2325 1660 2353 si
1674 2327 1770 2354 atten-

966 2403 977 2420 ι
993 2401 1068 2435 Ibid,
1096 2403 1137 2434 ιο,
1162 2403 1207 2429 22.
1246 2402 1256 2418 τ’
1277 2401 1377 2438 matth.
1398 2409 1456 2434 XIX,
1480 2403 1522 2438 l7,
1538 2402 1582 2430 21.
1622 2402 1645 2419 ιο
1664 2401 1766 2430 Matth.

1201 2437 1224 2454 ¹⁸
1243 2437 1342 2465 Matth.
1357 2445 1426 2468 xxv.
1441 2439 1486 2465 41.

976 2513 1034 2549 (749)
1056 2512 1137 2541 Colb.
1154 2513 1267 2549 tertius_
1275 2513 1370 2549 χεῖράς
1386 2522 1444 2540 σου.
1472 2512 1577 2549 Statim
1601 2519 1673 2540 mss.
1702 2519 1765 2541 non

939 2548 1012 2591 nulli
1024 2548 1204 2586 παροξύνοντι.
1220 2547 1353 2576 Subinde
1375 2549 1446 2584 Reg.
1473 2548 1588 2585 primus
1605 2550 1765 2577 καταντήσοι

1051 2619 1127 2648 Editi
1152 2618 1288 2647 ἀθάνατον.
1318 2621 1437 2648 Veteres
1461 2621 1593 2656 quatuor
1613 2619 1681 2648 libri
1701 2619 1764 2646 ἀθά-

938 2665 1012 2682 νατα.

975 2692 1031 2726 (51)
1046 2692 1078 2719 In
1093 2691 1188 2719 tribus
1203 2699 1275 2719 mss.
1296 2699 1351 2728 pro
1366 2692 1455 2718 παθῶν
1481 2691 1627 2728 scriptum
1649 2691 1763 2719 inveni-

938 2728 986 2756 tur
1000 2728 1171 2764 παθημάτων.
