2029 3136
249 109 301 135 215

935 105 964 132 S.
988 104 1113 132 BASILII
1133 104 1181 130 MA
1188 105 1247 132 GNI

1877 109 1928 134 216

249 169 328 197 deris
356 168 410 196 tibi
434 168 501 204 ipsi,
529 167 605 200 nihil
626 175 703 204 opus
728 168 782 196 erit
803 175 840 195 ex
863 167 1074 195 universorum

1134 167 1208 193 οἱονεὶ
1232 171 1317 204 μικρῷ
1339 177 1390 192 τινι
1416 165 1554 203 ὃιακόσμῴ
1660 169 1706 196 τὴν
1734 167 1848 203 μεγάλην
1868 179 1929 195 κατ-

249 216 398 242 structura
407 213 506 249 ipsum
518 213 662 249 Opiﬁcem
673 213 865 248 investigare,
878 213 930 241 sed
940 213 970 240 in
982 212 1075 249 teipso

248 259 328 287 velut
357 259 387 286 in
414 258 562 286 concinno
589 258 726 294 quodam
763 266 866 286 rerum
896 258 1074 293 summario,

248 312 394 339 magnam
408 303 573 331 conditoris
585 303 628 331 tui
640 302 820 339 sapientiam
831 302 1021 330 contuebere.
1035 304 1076 330 Ex

249 350 350 377 anima
360 348 538 384 incorporea
547 356 613 384 quae
624 348 654 375 in
666 350 692 375 te
703 347 822 382 residet,
834 347 963 382 intellige
980 349 1073 375 Deum

249 401 313 422 esse
322 393 545 429 incorporeum,
557 400 688 428 eumque
699 392 781 420 nullo
791 392 857 420 loco
868 391 1075 420 circumscribi

249 447 318 466 cum
329 446 366 465 ne
381 440 431 465 tua
441 437 564 473 quidem
580 444 666 464 mens
678 445 696 465 a
711 445 742 464 se
760 437 857 473 primo
872 438 1074 465 commoretur

249 483 279 511 in
291 483 358 510 loco
369 482 423 509 sed
437 481 477 509 ob
492 489 580 509 suam
596 490 665 509 cum
682 489 806 518 corpore
828 481 1074 517 cunjunctionem

247 528 360 556 inloco
374 529 560 563 permaneat.
573 526 755 554 Invisibilem
776 528 868 554 Deum
888 534 955 554 esse
974 527 1072 560 crede,

248 575 307 601 tum
321 572 417 608 ipsius
440 571 548 599 animae
572 571 822 604 consideratione,
847 579 917 599 cum
938 579 994 599 nec
1007 571 1074 607 ipsa.

227 646 234 650 ι
248 618 344 654 possit
354 616 449 645 oculis
460 617 611 653 corporeis
623 617 700 653 capi.
719 619 819 653 Neque
835 617 915 644 enim
941 617 1073 644 colorata

249 665 294 691 est
316 669 414 698 neque
429 661 534 696 ﬁguris
547 661 697 696 insignita,
719 669 817 697 neque
841 661 988 698 corporali
1013 661 1073 689 ullo

248 707 419 734 charactere
435 706 663 742 comprehensa,
685 706 739 734 sed
758 714 794 734 ex
813 706 983 734 actionibus
1003 706 1073 734 solis

247 750 469 779 internoscitur.
487 752 581 783 Quare
596 759 664 778 eam
676 751 878 786 cognitionem
889 759 957 787 quae
970 750 1073 778 oculo-

246 804 316 824 rum
331 803 389 831 ope
400 795 574 831 acquiritur,
589 794 621 822 in
635 796 696 823 Deo
715 803 753 823 ne
768 795 923 831 quaesieris
937 805 943 823 :
955 795 1008 823 sed
1024 796 1074 823 ad-

1131 212 1189 248 όψει
1215 216 1260 238 τοῦ
1289 214 1432 241 κτίσαντος
1457 221 1486 238 σε
1513 214 1614 248 σοφίαν.
1648 213 1798 249 ’Λσὼματον
1822 216 1874 240 νόει
1886 216 1928 240 τόν

1131 259 1194 284 Θεὸν
1209 257 1236 283 ἐκ
1247 261 1293 288 τῆς
1317 257 1517 294 ἐνυπαρχούσης
1543 266 1585 282 σοι
1605 257 1698 292 ψυχῆς
1720 257 1872 294 ἀσωμάτου,
1894 262 1928 295 μή

1130 304 1347 339 περιγραφόμενον
1368 304 1449 337 τόπῳ·
1478 299 1567 330 ἐπειδὴ
1594 299 1655 328 οὐδὲ
1677 302 1690 327 ὀ
1710 304 1754 333 σὸς
1781 307 1840 334 νοῦς
1862 313 1927 339 προ-

1130 349 1274 383 ηγουμένην
1299 348 1355 382 ἔχει
1382 349 1428 375 τὴν
1443 345 1467 372 ἐν
1480 349 1550 382 τόπῳ
1575 345 1724 383 διατριϐὴν,
1742 346 1805 373 ἀλλὰ
1819 346 1868 373 διὰ
1881 352 1928 379 τῆς

1128 394 1193 428 πρὸς
1208 394 1237 418 τὸ
1254 396 1330 428 σῶμα
1345 393 1483 428 συναφείας
1499 391 1523 417 ἐν
1538 394 1608 427 τόπῳ
1620 393 1720 427 γίνεται
1736 393 1802 426 (53).
1835 392 1928 430 Ἀόρα-

1128 447 1170 463 τον
1198 435 1262 463 εἶναι
1284 439 1326 463 τόν
1354 438 1414 464 Θεὸν
1441 439 1558 469 πίστευε,
1586 439 1633 465 τὴν
1649 438 1758 464 σεαυτοὺ
1782 437 1874 473 ψυχὴν
1890 437 1927 463 ἑν-

1127 484 1232 515 νοὴσας,
1263 481 1353 511 ἐπειδὴ
1377 484 1421 508 καὶ
1441 481 1506 510 αὐτὴ
1529 485 1688 517 σωματικοῖς
1704 481 1844 518 ὀφθαλμοῖς
1867 482 1928 511 ἄλη-

1127 530 1191 558 πτός
1204 527 1282 556 ἐστιν,
1305 529 1372 554 Οὔτε
1386 529 1436 564 γὰρ
1456 529 1616 564 κέχρωσται,
1640 529 1698 553 οὔτε
1718 526 1926 564 ἐσχημάτισται,

1128 574 1186 598 οὔτε
1208 574 1259 598 τινὶ
1297 576 1437 608 σωματικῷ
1466 576 1618 609 χαρακτῆρι
1653 571 1843 608 περιείληπται,
1873 571 1927 597 ἀλλ’

1128 616 1154 642 ἐκ
1169 620 1219 642 τῶν
1244 617 1373 654 ἐνεργειῶν
1394 617 1549 653 γνωρίζεται
1576 618 1651 652 μόνον
1673 616 1735 650 (Si).
1758 615 1834 647 Ὠςτι
1862 619 1927 651 μήτε

1128 661 1170 687 ἐπὶ
1184 665 1250 688 Θεοῦ
1267 662 1386 698 ζητήσῃς
1401 663 1448 690 τὴν
1475 659 1512 687 δι’
1527 660 1664 697 ὀφθαλμῶν
1679 663 1845 693 κατανόησιν,
1863 660 1928 686 ἀλλὰ

1128 709 1158 742 τῇ
1188 704 1292 742 διανοίᾳ
1318 705 1458 742 ἐπιτρέψας
1485 708 1533 735 τὴν
1559 708 1656 739 πίστιν,
1686 708 1779 734 νοητὴν
1809 706 1854 740 ἔχε
1880 707 1926 734 τὴν

1128 753 1186 788 περὶ
1220 751 1300 777 αὑτοῦ
1326 750 1483 786 κατάληψιν.
1514 751 1637 788 Θαύμαζε
1665 752 1708 776 τὸν
1724 752 1857 786 τεχνίτην,
1873 754 1927 780 πῶς

1128 800 1175 826 τῆς
1189 795 1283 831 ψυχῆς
1296 805 1343 821 σου
1358 798 1405 824 τὴν
1419 794 1528 832 δύναμίν
1540 797 1604 832 πρὸς
1625 797 1655 821 τὸ
1682 799 1757 832 σῶμα
1773 793 1925 826 συνέδησεν,

246 840 354 868 hibens
368 839 461 867 menti
475 839 578 871 ﬁdem,
593 840 694 876 ipsum
710 839 855 876 spirituali
865 840 958 868 modo
968 848 1074 876 appre-

1134 843 1162 871 ῗδς
1198 843 1280 877 μέχρι
1307 844 1357 866 τῶν
1399 841 1517 877 περάτων
1549 840 1629 866 αὐτοῦ
1666 838 1858 875 διικνουμένην,
1896 840 1929 866 τὰ

245 884 356 912 hende.
372 883 527 912 Admirare
543 883 699 917 artiﬁcem,
712 884 868 920 quomodo
884 885 994 912 animus
1015 887 1073 913 tuae

245 929 307 957 vim
323 929 361 956 ad
375 937 486 965 corpus
501 928 656 964 colligarit,
668 931 700 956 ut
710 937 806 965 usque
816 929 854 957 ad
870 932 1018 957 extremas
1031 930 1073 966 ip-

247 973 309 1001 sius
323 976 424 1009 partes
437 972 620 1009 pervadens,
637 973 776 1001 membra
798 973 875 1001 inter
892 982 923 1001 se
944 974 1072 1002 multum

246 1018 352 1046 dissita
367 1018 407 1046 ad
421 1025 515 1046 unam
536 1017 738 1054 eamdemque
762 1018 1018 1054 conspirationem
1037 1026 1073 1046 ac

247 1063 420 1091 societatem
432 1063 576 1091 adducat.
596 1062 751 1099 Perpende
766 1063 895 1099 quezﬁ,
907 1063 951 1091 vis
961 1062 1000 1091 ab
1012 1064 1074 1091 ani-

246 1115 298 1136 ma
310 1108 429 1144 corpori
443 1107 641 1144 impertiatur,
657 1110 686 1136 et
700 1115 768 1143 quae
781 1115 800 1135 θ.
813 1116 939 1144 corpore
950 1108 990 1136 ad
1008 1108 1072 1136 ani~

246 1161 330 1181 mam
345 1152 450 1180 redeat
461 1152 654 1180 necessitudo
668 1152 831 1180 affectuum
846 1160 1052 1189 sensuumque
1064 1162 1071 1187 ;

246 1197 404 1234 quomodo
415 1205 524 1234 corpus
534 1198 659 1234 quidem
669 1198 762 1225 vitam
774 1197 813 1225 ab
824 1198 927 1226 anima.
938 1198 1073 1235 recipiat,

248 1243 351 1271 anima
361 1251 432 1271 vero
443 1242 719 1279 doloresacorpore
731 1251 738 1276 ;
749 1242 856 1278 quales
867 1243 978 1271 habeat
989 1243 1076 1271 disci-

249 1287 402 1323 plinarum
417 1287 528 1320 cellas;
544 1295 598 1315 cur
611 1287 702 1315 rebus
716 1287 799 1323 prius
823 1288 950 1322 cognitis
975 1296 1076 1315 succe-

250 1331 387 1359 dentium
401 1332 533 1360 accessio
545 1331 620 1360 nihil
629 1331 767 1359 oﬂ‘undat
782 1331 928 1367 caliginis,
952 1332 1006 1360 sed
1026 1340 1078 1368 po-

251 1375 309 1405 tius
324 1376 478 1403 memoriee
491 1378 647 1404 serventur
661 1376 801 1404 distincte
813 1376 887 1406 citra
901 1376 994 1404 ullam
1008 1385 1079 1405 con-

251 1421 413 1456 fusionem,
429 1420 588 1456 principali
599 1420 708 1448 animm
723 1421 802 1456 parti
820 1421 902 1448 velut
911 1429 994 1449 zereae
1021 1421 1079 1449 cui-

252 1465 325 1493 dam
339 1465 488 1493 columnse
501 1465 662 1502 inscriptae.
675 1467 791 1495 Intuere
799 1466 956 1501 quomodo
966 1466 1080 1494 vitiosis

1127 885 1248 911 πλεῖστον
1285 883 1414 911 διεστῶτα
1442 884 1505 921 μέλη
1535 887 1598 922 πρὸς
1625 887 1685 921 μίαν
1714 885 1860 920 σύμπνοιαν
1886 881 1928 910 καὶ

1128 932 1258 955 κοινωνίαν
1278 931 1359 965 οἴγειν.
1376 932 1467 956 Σκόπει
1480 931 1520 960 τίς
1541 930 1555 958 ἠ
1581 928 1631 955 ἀπὸ
1651 929 1743 964 ψυχῆς
1772 926 1926 964 ἐνδιδομένην

1126 978 1158 1010 τῇ
1187 976 1265 1011 σαρκὶ
1293 972 1414 1011 δύναμις
1437 976 1476 1005 τίς
1505 975 1520 1003 ἡ
1537 974 1587 1000 ἀπὸ
1618 975 1713 1010 σαρκὸς
1738 975 1802 1010 πρὸς
1835 972 1928 1008 ψυχὴν

1128 1017 1271 1045 ἐπανιοῦσα
1297 1020 1456 1055 συμπάθεια-
1487 1023 1540 1049 πῶς
1569 1017 1678 1054 δέχεταί
1695 1019 1740 1054 μὲν
1755 1020 1802 1046 τὴν
1819 1017 1886 1047 ζωὴν
1901 1017 1928 1043 ἐκ

1127 1067 1174 1094 τῆς
1198 1063 1291 1099 ψυχῆς
1319 1065 1346 1089 τὸ
1372 1068 1457 1100 σῶμα,
1484 1062 1592 1099 δέχεται
1612 1062 1641 1089 δε
1654 1061 1801 1098 ἀλγηδόνας
1817 1062 1868 1088 ἀπὸ
1883 1065 1928 1088 τοῦ

1129 1111 1248 1144 σώματος
1277 1110 1291 1137 ἡ
1319 1108 1405 1144 ψυχή·
1435 1111 1513 1139 ποίας
1542 1108 1677 1138 ἀποθήκας
1704 1111 1754 1133 τῶν
1767 1108 1927 1143 μαθημάτων

1128 1156 1194 1188 ἔχει·
1208 1152 1254 1180 διὰ
1269 1155 1295 1179 τί
1308 1153 1355 1179 οὐκ
1383 1151 1517 1179 ἐπισκοτεῖ
1542 1157 1573 1189 τῇ
1596 1155 1690 1188 γνώσει
1715 1156 1765 1178 τῶν
1788 1151 1928 1188 προλαϐόνλ

1128 1208 1178 1225 των
1205 1199 1220 1228 ἡ
1242 1201 1291 1224 τῶν
1313 1197 1494 1234 ἐπιγινομένων
1516 1198 1665 1235 προσθήκη,
1696 1196 1749 1223 ἀλλ’
1779 1195 1928 1232 ἁσύγχντοι

1129 1245 1175 1269 καὶ
1204 1242 1327 1279 εὐκρινεῖς
1347 1244 1375 1268 αἰ
1403 1247 1513 1279 μνῆμαι,
1539 1242 1591 1268 οοῖν
1613 1241 1701 1278 χαλκῇ
1727 1251 1778 1267 τινι
1793 1241 1877 1277 στήλη
1893 1245 1928 1276 τῷ

1130 1289 1275 1324 ἡγεμονικῳ
1291 1292 1338 1318 τῆς
1362 1287 1455 1322 ψυχῆς
1471 1286 1706 1324 ἐγκεχαραγμέναι,
1737 1285 1927 1322 διαφυλάττον-

1131 1341 1185 1358 ται·
1213 1336 1267 1362 πῶς
1282 1333 1337 1368 μὲν,
1359 1334 1424 1369 πρὸς
1452 1334 1485 1357 τὰ
1510 1336 1557 1362 τῆς
1582 1334 1677 1368 σαρκὸς
1706 1330 1930 1357 ὑπολισθαίνουσα

1131 1378 1216 1410 πάθη,
1245 1379 1274 1402 τὸ
1304 1377 1395 1403 οἰκεῖον
1417 1376 1546 1402 ἀπόλλυσι
1568 1375 1671 1406 καλλος·
1685 1380 1739 1406 πῶς
1756 1374 1785 1401 δὲ
1797 1375 1886 1407 πάλιν,
1901 1377 1929 1401 τό

1134 1421 1184 1448 ἀπὸ
1212 1424 1303 1452 κακίας
1328 1425 1425 1456 αἶσχος
1451 1420 1680 1457 ἀποκαθηραμένη,
1707 1418 1743 1446 δι’
1759 1419 1852 1457 ἀρετῆς
1868 1421 1930 1457 πρὸς

1133 1469 1181 1496 τὴν
1191 1467 1314 1503 ὁμοίωσιν
1330 1465 1468 1502 ἀνατρέχει
1483 1469 1529 1491 τοῦ
1543 1468 1696 1496 Κτίσαντος.

253 1510 352 1538 carnis
366 1510 524 1538 atIectibus
541 1510 757 1544 succumbens,
773 1518 861 1538 suam
871 1511 966 1547 ipsius
986 1510 1104 1538 amittat
1117 1511 1374 1547 pulchritudinem
1387 1519 1393 1543 ;
1411 1513 1439 1537 et
1454 1518 1558 1537 rursus
1573 1517 1708 1546 quonam
1719 1511 1809 1545 pacto
1827 1516 1933 1544 expur-

253 1557 325 1590 gata
336 1555 398 1582 vitii
412 1555 608 1591 turpitudine,
626 1563 680 1591 per
690 1555 829 1582 virtutem
844 1557 1012 1583 revertatur
1024 1556 1064 1584 ad
1076 1555 1244 1584 Conditoris
1257 1554 1494 1583 similitudinem.

289 1602 315 1628 8.
336 1601 500 1636 Postquam
523 1600 659 1628 animam
686 1600 860 1636 speculatus
888 1609 930 1634 es,
957 1600 1078 1629 attende
1094 1601 1114 1628 C

252 1645 353 1680 etiam,
367 1645 392 1672 si
405 1645 459 1673 tibi
471 1644 630 1679 videbitur,
646 1644 686 1672 ad
697 1645 831 1681 corporis
844 1648 1035 1681 structuram,
1052 1647 1080 1674 et

252 1689 404 1718 admirare
413 1689 569 1725 quomodo
593 1689 694 1725 ipsum
704 1689 848 1718 idoneum
860 1698 895 1718 ac
907 1690 1018 1718 decens
1028 1690 1080 1718 do-

252 1733 400 1762 micilium
416 1734 525 1762 animae
544 1733 684 1762 rationali
701 1733 870 1762 condiderit
885 1735 990 1762 artifex
1003 1734 1080 1771 opti-

251 1787 331 1807 mus.
347 1779 443 1807 Finxit
455 1779 611 1807 hominem
623 1778 722 1806 solum
737 1787 773 1806 ex
787 1778 929 1806 omnibus
941 1779 1080 1807 animan-

252 1824 334 1852 tibus
357 1826 457 1852 erecta
476 1823 562 1856 facie,
581 1825 614 1851 ut
630 1831 666 1851 ex
684 1823 750 1859 ipsa
772 1823 871 1858 ﬁgura
887 1824 965 1851 scias
986 1824 1080 1852 vitam

253 1871 338 1898 tuam
353 1877 369 1897 e
385 1877 518 1905 superno
533 1876 643 1904 genere
658 1869 740 1897 oriri.
755 1870 829 1897 Nam
843 1869 1080 1905 quadrupedum

253 1921 350 1948 genus
375 1921 467 1942 omne
480 1913 601 1949 respicit
615 1915 737 1948 terram,
753 1915 781 1941 et
793 1913 824 1940 in
838 1915 973 1941 ventrem
1000 1913 1082 1941 incli-

253 1960 344 1987 natur
355 1967 361 1986 :
373 1957 489 1986 homini
498 1965 570 1985 vero
581 1959 662 1993 patet
670 1957 710 1985 ad
720 1957 830 1985 coelum
840 1959 989 1994 aspectus,
1001 1960 1034 1985 ut
1044 1965 1081 1985 ne

252 2002 633 2038 indulgeatventri,neque
641 2002 786 2034 venereis,
799 2002 1006 2038 sedimpetum
1017 2010 1081 2030 om-

252 2056 324 2076 nem
335 2048 375 2076 ad
387 2055 554 2083 supernum
564 2047 620 2075 iter
628 2047 748 2081 dirigat.
761 2047 806 2074 Ad
816 2047 880 2075 hEEC
890 2047 989 2083 posito
999 2048 1029 2075 in
1041 2047 1080 2075 al-

253 2092 369 2122 tissimo
383 2092 450 2120 loco
466 2092 572 2128 capite,
584 2092 755 2128 praecipuos
770 2092 800 2120 in
814 2100 849 2120 eo
866 2100 972 2120 sensus
989 2092 1079 2120 collo-

252 2138 340 2166 cavit.
356 2137 406 2165 Hic
418 2136 511 2172 visus,
523 2136 655 2169 auditus,
672 2139 789 2171 gustus,
800 2137 957 2170 odoratus,
971 2145 1079 2164 omnes

251 2182 511 2219 haudproculase
523 2182 650 2210 invicem
662 2181 764 2210 sedem
776 2182 959 2210 obtinentes.
972 2183 1003 2209 Et
1012 2181 1081 2210 licet

252 2227 310 2256 sint
321 2227 352 2255 in
366 2227 467 2255 locum
479 2227 556 2255 adeo
567 2227 709 2261 exiguum
718 2227 897 2259 coarctati,'n
903 2226 979 2254 ullus
988 2225 1078 2254 vicini

252 2272 403 2300 actionem
413 2271 548 2308 impedit.
559 2271 772 2307 Oculiquidem
782 2273 1079 2307 occuparuntspecu—

250 2316 313 2344 lam
326 2315 516 2351 altissimam,
530 2318 563 2343 ut
576 2315 661 2343 nulla
675 2315 809 2352 corporis
822 2323 892 2351 pars
908 2315 982 2351 ipsis
998 2318 1079 2343 tene-

249 2361 321 2389 Lras
328 2360 589 2391 obducat,sedsub
595 2360 704 2395 exigua
710 2360 845 2396 quadam
853 2360 1080 2396 superciliorum

248 2406 423 2444 projectura
435 2405 616 2440 desidentes,
634 2413 649 2433 e
660 2405 809 2441 superiori
830 2411 867 2432 ac
888 2405 1080 2433 eminentiori

286 2514 342 2550 (52)
364 2514 476 2543 Omnes
505 2511 574 2541 libri
591 2513 715 2550 _veteres
732 2513 803 2550 tum
810 2511 903 2539 nostri
914 2513 978 2539 tum
993 2513 1078 2540 Com-

248 2546 410 2585 be'ﬁsi'aini,
425 2553 510 2586 μικρῷ
523 2559 574 2574 τινι
585 2546 722 2586 διακόσμῳ
732 2547 805 2586 Edlti
819 2552 904 2586 μικρῷ
914 2558 964 2586 τινι
976 2550 1076 2584 κόσμῳ,

250 2583 442 2622 ξαηᾳιιαιηϋι
451 2583 547 2622 pareo
558 2584 686 2622 quodam
700 2584 822 2610 mundo.
832 2583 905 2612 de.
924 2583 986 2622 duo
1001 2583 1075 2622 mss}

249 2618 327 2647 ἓννόὲι
341 2624 394 2647 τόν.
409 2618 541 2649 Subinde
564 2618 635 2647 editi
663 2619 688 2645 ἑν
705 2622 784 2654 τόπῳ.
808 2622 843 2647 At
869 2619 978 2647 vocula
997 2618 1021 2644 ἐν
1045 2620 1075 2648 in

248 2666 322 2685 mss.
339 2656 441 2684 multis
454 2656 547 2684 deest.
564 2655 615 2683 Hic
627 2655 749 2684 additur
762 2655 793 2682 in
816 2655 918 2683 codice
939 2655 1073 2683 Combet‘.

249 2702 264 2723 η
279 2702 378 2729 χρονῳ-

279 2702 425 2764 ἴὲἕῖῗίεεξ
441 2726 596 2764 primus}?
610 2729 681 2764 τόπῳ
695 2729 709 2757 ἦ
726 2729 813 2764 χρόνῳ
827 2729 936 2763 γίνεται.
967 2727 1072 2755 statim

247 2763 309 2794 duo
322 2772 397 2793 mss.
412 2763 465 2791 ἐπεὶ
480 2765 525 2790 καὶ
537 2763 614 2794 αὐτή.

1170 1601 1195 1627 8.
1211 1602 1341 1636 Πρόσεχε,
1357 1601 1378 1626 εὶ
1394 1598 1467 1625 δοκεῖ
1481 1609 1532 1634 σοι,
1547 1600 1612 1635 μετὰ
1622 1600 1669 1628 τὴν
1683 1603 1731 1630 τῆς
1754 1599 1847 1635 ψυχῆς
1873 1599 1932 1624 θεω-

1133 1647 1200 1682 ρίαν,
1213 1647 1258 1670 καὶ
1277 1649 1308 1680 τῇ
1331 1648 1377 1670 τοῦ
1402 1646 1522 1680 σώματος
1543 1648 1702 1680 κατασκευῇ,
1728 1645 1773 1669 καὶ
1798 1644 1931 1678 θαύμασον

1134 1691 1202 1720 ὅπως
1217 1690 1313 1726 πρέπον
1328 1689 1391 1714 αὐτὸ
1404 1691 1564 1724 καταγώγιον
1580 1692 1610 1725 τῇ
1628 1688 1717 1723 λογικῆ
1739 1688 1815 1724 ψυχῇ
1838 1688 1850 1713 ὁ
1873 1689 1930 1724 ἀρι-

1135 1735 1278 1770 στοτέχνης
1293 1734 1347 1769 (55)
1372 1732 1590 1770 ἑδημιούργησεν.
1611 1733 1718 1770 ’Ὀρθιον
1741 1732 1836 1759 ἔπλασε
1856 1734 1931 1768 μόνον

1133 1783 1183 1805 τῶν
1213 1781 1283 1810 ζώων
1302 1780 1345 1804 τὸν
1367 1779 1510 1815 ἄνθρωπον,
1535 1777 1566 1803 ἶν’
1585 1777 1612 1809 ἐξ
1627 1779 1707 1804 αὑτοῦ
1726 1781 1772 1804 τοῦ
1792 1780 1932 1813 σχήματος

1134 1823 1217 1860 εἰδῇς,
1234 1824 1274 1849 ὅτι
1289 1823 1317 1849 ἐκ
1340 1827 1386 1854 τῆς
1411 1823 1504 1849 ἄνωθεν
1521 1825 1669 1858 συγγενείας
1694 1821 1763 1848 ἐστὶν
1774 1823 1789 1851 ἡ
1808 1823 1861 1853 ζωή
1875 1831 1931 1848 σου.

1134 1870 1172 1895 Τὰ
1200 1870 1245 1904 μὲν
1273 1869 1322 1904 γὰρ
1348 1865 1497 1904 τετράποδα
1520 1868 1605 1893 πάντα
1628 1868 1692 1904 πρὸς
1723 1869 1770 1895 τήν
1799 1870 1847 1902 γῆν
1872 1865 1933 1902 βλί-

1134 1923 1186 1947 πει,
1213 1915 1258 1939 καὶ
1282 1914 1347 1949 πρὸς
1371 1915 1417 1941 τὴν
1451 1914 1566 1948 γαστέρα
1599 1914 1720 1938 νένευκεν·
1750 1910 1876 1947 ἀνθρώπῳ
1906 1908 1935 1936 δὲ

1136 1958 1225 1994 ἑτοίμη
1242 1959 1306 1993 πρὸς
1323 1958 1379 1992 (56)
1395 1957 1501 1994 οὐρανὸν
1517 1958 1531 1985 η
1550 1956 1699 1991 ἁνάϐλεψις,
1716 1958 1780 1985 ἠστε
1802 1957 1837 1991 μὴ
1870 1965 1935 1990 σχο-

1135 2002 1222 2033 λάζειν
1233 2004 1336 2038 γαστρὶ,
1353 2000 1422 2038 μηδι
1447 2005 1501 2033 τοῖς
1526 2002 1575 2027 ὑπὸ
1599 2003 1714 2038 γαστέρα
1734 2001 1854 2033 πάθεσιν,
1880 1999 1935 2026 ἀλλ’

1135 2047 1195 2076 ὅλην
1219 2049 1289 2083 ἔχειν
1311 2049 1357 2075 τὴν
1380 2048 1461 2083 ὁρμὴν
1481 2048 1544 2083 πρὸς
1564 2049 1608 2076 τὴν
1622 2048 1674 2072 οἰνω
1697 2048 1812 2083 πορείαν.
1827 2048 1936 2071 Ἔπειτα

1134 2095 1181 2121 τήν
1204 2091 1315 2128 κεφαλὴν
1339 2091 1378 2117 ἐπὶ
1403 2093 1452 2117 τῶν
1477 2091 1646 2126 ὑψηλοτάτων
1677 2092 1736 2124 θεὶς,
1753 2089 1777 2116 ἐν
1806 2089 1871 2126 αὐτῇ
1889 2091 1934 2120 τὰς

1133 2137 1255 2164 πλείστου
1280 2137 1354 2168 ἀξίας
1382 2141 1432 2162 τῶν
1460 2136 1608 2164 αἰσθήσεων
1638 2133 1831 2171 καθιδρύσατο.
1867 2134 1935 2160 Ἐκεῖ

1134 2181 1193 2217 ὂψις
1209 2184 1254 2207 καὶ
1266 2181 1341 2214 ἀκοὴ,
1359 2184 1403 2207 καὶ
1414 2185 1514 2217 γεῦσις,
1531 2183 1576 2206 καὶ
1590 2182 1729 2217 ὄσφρησις,
1750 2183 1834 2205 πᾶσαι
1856 2178 1935 2214 ἐγγὺς

1134 2226 1248 2255 ἀλλήλων
1276 2228 1479 2262 κατῳκισμέναι.
1508 2227 1557 2251 Καὶ
1582 2224 1664 2255 οὓτως
1689 2226 1745 2261 πιρὶ
1765 2223 1857 2261 βραχύ
1879 2234 1933 2259 χω-

1133 2274 1186 2309 ρίον
1216 2272 1466 2308 στενοχωρούμεναι,
1505 2268 1581 2296 οὐδὲν
1608 2269 1704 2298 ἑκάστη
1740 2266 1933 2305 παρεμποδίζιι

1133 2321 1164 2353 τῇ
1201 2316 1313 2352 ἐνεργείᾳ
1341 2319 1388 2346 τῆς
1415 2317 1538 2350 γείτονος.
1573 2313 1715 2350 Ὀφθαλμοί
1745 2315 1791 2349 μέν
1825 2322 1853 2348 γι
1889 2314 1933 2341 τὴν

1134 2361 1301 2396 ὑψηλοτάτην
1324 2361 1433 2387 nam?“
1455 2359 1651 2395 κατειλήφασιν,
1680 2360 1747 2385 ὥστε
1773 2359 1854 2394 μηθέν
1882 2359 1932 2383 αύ-

1133 2405 1189 2438 τοῖς
1221 2409 1271 2432 τῶν
1295 2409 1352 2432 ’τοῦ
1385 2408 1505 2441 σώματος
1540 2406 1637 2442 μορίων
1665 2403 1840 2441 ἑπιπροσθιῖν,
1869 2401 1933 2428 ἄλλα

1340 2511 1443 2553 tertius
1453 2511 1608 2553 γνωρίζεται
1624 2512 1717 2553 μόνων.
1771 2546 1808 2553 υ,
1866 2542 1930 2553 Am

1168 2542 1225 2584 (56)
1247 2548 1329 2576 Colb.
1343 2542 1482 2584 primuer
1498 2542 1606 2584 ἄριστος
1622 2542 1755 2584 τεχνίτης.
1770 2546 1835 2572 Mox
1863 2542 1932 2584 editi

1133 2581 1220 2621 ὄρθιόῆ
1230 2581 1487 2621 σελκδθλάῖὀουιειω
1500 2581 1528 2608 σι
1542 2582 1611 2621 inde
1621 2581 1807 2620 sustulimus,
1820 2581 1931 2616 quippe

1131 2617 1199 2656 quas
1213 2619 1340 2656 inlibris
1355 2619 1582 2656 veteribusnon
1598 2617 1779 2656 inveniatur.
1823 2653 1827 2656 ι

1164 2656 1222 2691 (56)
1250 2655 1341 2692 Colb._
1362 2654 1477 2692 primus
1507 2653 1632 2690 ἀνθρώπῳ
1657 2652 1686 2679 δὲ
1700 2653 1760 2692 ἄνω.
1781 2653 1854 2692 προς.
1872 2649 1929 2692 Ali-

1151 2687 1242 2719 uanto
1257 2694 1323 2726 post
1334 2687 1372 2718 in‘
1382 2690 1475 2718 tribus
1495 2687 1566 2717 mss.
1593 2691 1733 2725 corrupte
1752 2687 1861 2722 legitur
1884 2687 1929 2715 τὰς

1126 2726 1265 2756 πλείστους
1280 2726 1364 2760 ἀξίας,
