2029 3136
281 128 333 155 219

955 128 983 154 S.
1011 125 1136 153 BASlLIl
1159 126 1280 154 MAGNI.

1906 127 1960 153 220

281 189 339 218 hac
353 189 447 218 animi
458 188 634 224 aegritudine
649 188 803 220 laborans,
819 189 1029 217 excusationes
1041 195 1107 215 cau-

1163 186 1322 225 ἀρῥωστῶν,
1352 187 1541 224 προφασίζεται
1562 188 1633 221 (64)
1660 196 1803 223 προφασεις
1831 187 1856 213 ἐν
1879 187 1963 224 ἀμαρ-

281 237 362 262 setur
377 235 407 262 in
422 234 552 270 peccatis
565 235 597 268 ιθ,
608 242 644 262 ac
659 236 782 270 propter
797 242 883 262 suam
899 234 929 261 in
945 233 1108 262 observan-

280 278 327 307 dis
349 279 503 315 praeceptis
518 278 745 314 negligentiam,
770 279 973 314 legislatorem
995 278 1109 313 ipsum,

281 325 426 361 tanquam
440 323 491 360 qui
507 331 574 359 quae
588 323 652 351 ﬁeri
669 331 728 351 non
740 326 867 359 possunt
883 324 1109 358 sanciat,repre-

280 368 420 396 hensioni
432 368 600 396 obnoxium
613 367 740 396 reddere
756 371 891 396 conetur.
905 370 1006 404 quue
1019 367 1108 395 dicit:

281 413 335 446 Qui
349 413 413 441 ﬁeri
435 415 542 448 potest,
566 415 599 440 ut
620 421 739 448 semper
754 413 916 448 gaudeam,
932 420 1001 440 cum
1014 412 1045 440 in
1061 420 1109 439 me

280 457 383 493 gaudii
394 465 493 485 causas
505 465 566 485 non
578 457 636 485 sint
651 457 730 485 sitae?
741 458 888 486 Nimirum
900 465 968 494 quae
979 457 1110 485 laetitiam

279 505 395 537 creant,
421 502 460 529 ab
484 502 613 530 czternis
633 504 786 538 petuntur,
811 510 867 530 nec
891 502 1006 530 suntin
1020 501 1109 529 nobis

280 547 397 583 posita:
413 546 502 575 amici
517 547 676 577 adventus.
693 546 836 574 diuturna
851 555 920 575 cum
931 545 1108 582 parentibus

280 591 464 626 congressio,
476 599 548 628 opes
562 591 699 627 inventae,
712 591 803 619 delati
814 591 852 619 ab
867 591 1041 619 hominibus
1053 591 1107 618 ho-

279 636 495 669 nores,reditus
510 644 546 664 ex
557 636 684 663 molesta
694 636 874 671 aegritudine
885 636 925 664 ad
937 635 1107 669 sanitatem,

279 680 398 717 reliqua
407 681 474 708 vita:
485 680 619 713 felicitas;
631 681 741 708 domus
751 680 888 708 omnium
900 681 1050 708 bonorum
1061 687 1108 707 co-

280 725 332 761 pia
343 724 515 758 abundans,
526 724 696 753 exuberans
708 725 932 760 mensa,idonei
942 724 1049 752 laetitiis
1061 731 1108 751 εο-

281 769 329 803 cii,
341 777 387 797 res
397 769 503 797 auditu
514 771 543 797 et
553 769 779 804 visujucundas,
792 777 898 797 eorum
909 769 962 805 qui
973 776 1108 796 mamma

279 814 439 842 nobiscum
455 814 678 842 necessitudine
690 814 787 849 juncti
800 816 872 842 sunt
883 814 1009 847 sanitas,
1021 816 1107 841 crete-

1163 234 1242 264 τίαις,
1278 234 1305 263 ὃς
1334 231 1380 258 διὰ
1413 234 1441 258 τὸ
1470 234 1528 269 περὶ
1559 233 1605 261 τὴν
1634 234 1746 267 τήρησιν
1776 235 1826 257 τῶν
1856 231 1962 258 ἐντολῶν

1163 276 1271 313 ὀκνηρὸν
1293 282 1328 312 τῷ
1356 278 1479 314 νομοθέτῃ
1508 279 1667 314 περιτρέπειν
1696 277 1741 307 τὰς
1769 276 1882 313 μέμψεις
1911 275 1963 302 ἑπι-

1163 325 1258 358 χειρεῐ,
1272 323 1308 352 ὡς
1323 320 1441 348 ἀδύνατα
1456 321 1609 359 διορίζοντι.
1634 323 1684 348 Καί
1700 331 1774 357 φησι·
1797 324 1855 352 Πῶς
1880 319 1961 347 δυνα-

1163 368 1206 392 τόν
1230 376 1275 402 μοι
1295 368 1405 393 πάντοτε
1427 369 1541 403 χαίρειν,
1564 370 1613 392 τῶν
1641 366 1729 392 αἰτιῶν
1744 370 1791 396 τῆς
1812 368 1901 403 χαρᾶς
1917 365 1962 391 οὐκ

1164 409 1201 436 ἐπ’
1216 410 1273 447 ἐμοὶ
1298 413 1437 447 κειμένων;
1465 411 1575 442 Ἔξωθεν
1597 412 1648 447 γάρ
1674 409 1730 436 ἔστι
1750 411 1784 436 τὰ
1802 412 1856 439 (65)
1882 420 1961 438 ποιη-

1163 456 1224 481 τικὰ
1244 459 1290 482 τοῦ
1311 459 1426 492 χαίρειν,
1449 458 1494 482 καὶ
1515 456 1562 482 οὐκ
1583 455 1607 481 ἐν
1627 456 1690 492 ἡμῖν
1706 454 1871 491 ἆποκεὶμενα⁸
1889 455 1960 490 φίλου

1162 503 1305 537 παρουσία,
1321 500 1413 536 γονὶων
1437 502 1532 537 χρονία
1555 502 1696 536 συντυχία,
1721 500 1868 536 χρημάτων
1889 500 1961 535 εὑρέ-

1164 554 1227 580 σεις,
1257 547 1333 581 τιμαὶ
1363 546 1435 582 παρά
1467 549 1517 571 τῶν
1548 544 1701 581 ἀνθρώπων,
1722 546 1788 581 πρὸς
1815 545 1905 578 ὑγείαν
1936 543 1962 569 ἐκ

1162 589 1280 624 χαλεπῆς
1296 589 1443 627 ἀρρωστίας
1456 589 1680 623 ἀποκατάστασις,
1697 590 1712 618 ἠ
1733 589 1808 618 λοιπὴ
1834 592 1881 614 τοῦ
1901 588 1961 624 βίου

1162 633 1286 670 εὖημερία
1304 645 1310 651 ·
1344 633 1413 666 οἶκος
1445 634 1557 663 εὐθηνῶν
1598 632 1646 660 διὰ
1675 634 1800 666 πάντων,
1844 632 1963 669 τρὰπεζα

1161 677 1315 712 πλήθουσα,
1340 681 1458 705 κοινωνοὶ
1485 684 1534 709 τῆς
1560 678 1720 715 εὐφροσύνης
1747 678 1771 704 οἱ
1799 675 1961 711 ἐπιτήδειοι,

1162 721 1318 759 ἀκούσματα
1331 726 1376 750 καὶ
1404 725 1520 760 θεάματα
1547 722 1644 752 ἡδονὴν
1671 724 1789 759 φέροντα,
1815 722 1890 757 ὑγεία
1913 725 1961 747 τῶν

1162 767 1344 801 οἰκειοτάτων,
1367 770 1411 794 καὶ
1439 769 1454 797 ἡ
1485 768 1562 797 λοιπὴ
1589 767 1677 798 αὐτοῖς
1698 771 1743 793 τοῦ
1774 766 1836 803 βίου
1863 766 1959 802 εὒροια.

1162 813 1278 850 Λυπηρὰ
1304 813 1353 850 γὰρ
1380 813 1409 839 οὐ
1433 814 1466 839 τὰ
1493 814 1556 849 ἡμῖν
1582 814 1780 850 προσπίπτοντα
1811 813 1888 847 μόνον
1913 815 1961 836 τῶν

280 867 384 894 raque,
394 867 462 895 quae
473 858 604 886 faustam
615 867 650 886 ac
658 859 779 887 beatam
791 858 866 894 ipsis
876 859 970 886 vitam
980 858 1107 886 reddere

1163 856 1292 892 ἀλγεινῶν,
1318 856 1382 883 ἀλλά
1407 859 1452 883 καὶ
1477 859 1510 883 τὰ
1538 857 1627 894 φίλους
1649 859 1693 883 καὶ
1716 860 1847 892 συγγενεῖς
1874 855 1962 881 ἀνιῶν-

280 906 418 939 possunt.
431 905 530 939 Neque
543 903 623 930 enim
639 903 773 930 molestae
785 906 856 930 sunt
868 903 967 930 solum
978 911 1045 939 qum
1057 910 1108 930 no-

281 947 328 975 bis
340 947 480 975 accidunt
489 947 696 982 mrumnaa,sed
709 955 751 975 eae
767 948 857 975 etiam
868 955 935 983 quae
947 947 1061 975 amicos
1073 954 1108 974 ac

281 993 471 1028 propinquos
488 992 604 1019 tristitia
615 992 761 1019 afﬁciunt.
774 993 871 1025 Quare
884 992 972 1020 fuerit
986 999 1108 1019 necesse

281 1037 426 1072 gaudium
437 1039 465 1064 et
473 1037 582 1064 animae
593 1037 773 1065 hilaritatem
785 1045 822 1065 ex
832 1037 877 1064 bis
885 1036 1028 1064 omnibus
1038 1043 1108 1064 con-

281 1081 356 1109 ﬂari.
371 1083 575 1117 Praetereaque
590 1081 614 1108 si
629 1081 755 1117 quando
770 1081 926 1115 contingat
937 1081 1037 1108 videre
1051 1081 1106 1108 ini-

280 1125 429 1154 micorum
453 1126 583 1159 ruinam,
598 1126 705 1162 plagas
719 1126 943 1160 insidiatorum,
963 1133 1107 1161 repensas

280 1170 424 1199 beneﬁcis
438 1170 529 1203 vices,
544 1173 572 1198 et
586 1171 616 1198 in
632 1179 763 1202 summa,
778 1171 802 1198 si
817 1170 900 1199 nulla
917 1170 1042 1198 omnino
1057 1170 1109 1198 ad-
1134 1194 1135 1198 η

281 1215 374 1242 sitaut
382 1217 571 1250 exspectetur
581 1214 800 1251 molestiaque
811 1218 946 1243 nostram
956 1214 1109 1251 perturbet

279 1259 381 1294 vitam,
394 1259 433 1287 ita
444 1259 568 1287 demum
579 1259 681 1287 anima
693 1260 825 1294 gaudere
837 1267 871 1287 ac
886 1259 979 1287 laetari
990 1259 1107 1295 poterit.
1138 1295 1139 1298 η

281 1303 440 1336 Quomodo
455 1312 527 1338 ergo
537 1304 642 1332 datum
659 1304 747 1332 nobis
764 1307 808 1332 est
823 1303 1109 1340 praeceptumquod

280 1347 436 1375 voluntate
451 1356 514 1376 non
530 1349 693 1384 peragitur,
710 1349 764 1376 sed
781 1357 816 1376 ex
829 1349 896 1376 aliis
912 1349 1011 1376 causis
1026 1350 1109 1384 prius

281 1392 458 1420 memoratis
466 1392 632 1428 dependet?
643 1394 904 1429 Rursus,quanam
912 1392 1025 1420 ratione
1036 1393 1109 1420 assi-

281 1436 341 1464 due
351 1436 509 1472 precabor,
521 1437 752 1465 necessitatibus
766 1438 900 1474 corporis
913 1437 1108 1465 attentionem

281 1481 375 1509 animi
385 1480 425 1508 ad
440 1489 470 1508 se
485 1482 655 1509 necessario
666 1482 876 1516 avocantibus,
889 1490 957 1509 cum
969 1482 1033 1509 ﬁeri
1047 1489 1110 1510 non

281 1525 378 1561 possit
393 1528 424 1553 ut
433 1534 520 1554 mens
535 1527 565 1553 in
578 1527 655 1554 duas
666 1527 756 1554 simul
768 1535 857 1554 curas
865 1526 1073 1555 distrahatur?
1124 1537 1144 1563 ο

316 1571 344 1596 2.
357 1570 445 1606 Atqui
457 1570 488 1597 in
503 1571 647 1598 omnibus
662 1571 845 1607 imperatum
860 1571 934 1599 mihi
956 1574 1001 1599 est
1019 1578 1109 1605 agere

280 1613 403 1648 gratias.
418 1617 552 1649 Agamne
573 1615 686 1649 gratias
702 1615 860 1643 tormentis
880 1616 1032 1649 admotus,
1045 1623 1110 1651 per-
1129 1645 1131 1652 ,

281 1664 399 1692 cussus,
413 1658 444 1685 in
458 1661 525 1685 rota
540 1658 698 1694 distentus,
710 1659 805 1686 oculis
818 1659 959 1687 effossis?
970 1662 1016 1686 An
1030 1658 1110 1694 turpi
1127 1658 1131 1692 ί

280 1701 373 1738 plaga
387 1701 426 1729 ab
443 1710 482 1730 eo
497 1702 550 1739 qui
570 1703 678 1738 oderit,
694 1707 829 1740 accepta,
845 1706 946 1739 grates
965 1703 1109 1731 habebo?

281 1754 320 1774 an
335 1746 444 1782 frigore
458 1747 609 1781 astrictus,
633 1747 713 1776 fame
738 1748 930 1785 praefocatus,
947 1748 1064 1776 vinctus
1078 1748 1109 1776 in

281 1791 422 1827 equuleo,
448 1792 548 1820 liberis
574 1793 674 1821 subito
702 1793 837 1828 orbatus,
866 1797 918 1822 aut
938 1793 1028 1821 etiam
1043 1794 1110 1829 ipsa

280 1844 373 1864 uxore
386 1836 533 1872 spoliatus
543 1838 556 1865 ?
566 1845 606 1865 an
617 1838 766 1866 bonorum
779 1839 867 1874 copia
877 1847 1001 1866 eversus
1016 1838 1055 1866 ob
1066 1846 1109 1866 re-

280 1882 438 1916 pentinum
445 1882 653 1916 naufragium?
664 1883 722 1918 26
730 1883 868 1918 nunquid
879 1883 902 1910 si
909 1883 985 1910 mari
994 1883 1024 1910 in
1031 1882 1109 1918 pira-

282 1928 338 1958 tas,
354 1925 401 1952 vel
413 1925 438 1952 si
452 1928 531 1953 terra
545 1926 703 1954 inciderim
714 1927 744 1954 in
759 1927 911 1954 latrones?
922 1935 996 1954 num
1007 1927 1109 1954 vulne-

280 1971 373 2004 ratus,
390 1970 542 2005 appetitus
553 1970 722 2003 calumniis,
734 1971 980 2006 vagabundus,in
989 1979 1109 1999 carcere

280 2012 430 2041 inclusus?
445 2014 514 2041 Haec
528 2017 555 2042 et
570 2015 670 2042 adhuc
685 2015 731 2042 his
743 2015 840 2052 plura,
854 2015 1055 2051 legislatorem
1067 2016 1109 2043 in-

281 2057 469 2092 simulantes,
486 2059 640 2094 colligunt,
656 2067 692 2087 ac
704 2068 758 2088 sua
769 2060 905 2096 ipsorum
921 2063 1045 2097 peccata
1060 2069 1108 2088 εις

280 2110 385 2130 cusare
402 2106 517 2138 putant,
534 2103 606 2132 dum
621 2103 693 2132 data
708 2105 797 2132 nobis
812 2108 974 2142 praecepta,
984 2105 1108 2142 perinde

280 2155 316 2176 ac
331 2147 356 2175 si
370 2147 488 2184 impleri
499 2152 661 2185 nequeant,
678 2149 909 2178 calumniantur.
927 2150 1004 2183 Quid
1018 2151 1108 2187 igitur

280 2192 431 2220 dicemus?
441 2193 598 2228 Nimirum,
613 2194 696 2230 quod
706 2194 775 2222 licet
788 2194 846 2222 alio
861 2197 972 2231 spectet
982 2197 1107 2231 Aposto-

279 2235 337 2271 lus,
352 2240 539 2274 coneturque
553 2246 569 2266 θ
585 2239 700 2266 terrain
715 2238 844 2267 sublime
853 2240 979 2267 evehere
990 2240 1107 2267 animas

279 2283 411 2316 nostras,
429 2284 519 2317 atque
530 2282 566 2310 ad
585 2283 734 2310 caelestem
750 2283 918 2319 quamdam
932 2283 1051 2312 vivendi
1063 2292 1108 2312 ra-

279 2324 392 2354 tionem
405 2334 462 2354 nos
473 2327 642 2354 transferre:
658 2329 757 2354 tamen
770 2327 817 2355 isti
827 2327 921 2355 altum
931 2327 1109 2363 legislatoris

281 2377 405 2397 sensum
416 2378 477 2398 non
488 2371 627 2405 assecuti,
642 2371 696 2398 sed
713 2371 792 2399 circa
805 2373 916 2400 terram
931 2375 960 2400 et
974 2380 1107 2408 carnem,

281 2416 313 2442 ut
327 2423 444 2443 vermes
458 2415 488 2443 in
504 2423 601 2449 cinno,
622 2416 664 2444 ita
682 2415 713 2443 in
737 2417 871 2452 corporis
893 2417 1107 2452 cupiditatibus

278 2459 415 2494 volutati,
429 2460 586 2497 possintne
601 2460 768 2497 apostolica
785 2461 932 2490 mandata
945 2461 1055 2490 conﬁci
1065 2462 1108 2490 in-

318 2550 341 2568 ”
361 2549 442 2578 Psal.
459 2557 523 2585 cn,
538 2551 565 2577 4.

317 2639 372 2672 (64)
400 2639 518 2676 Veteres
547 2638 682 2675 quinque
709 2638 777 2667 libri
804 2639 1004 2676 προφασίζεται.
1034 2640 1108 2669 Editi

280 2674 488 2710 προφασίζηται.

317 2710 374 2748 (ῆὸ)
400 2711 471 2748 Reg.
493 2709 612 2748 primus
635 2709 745 2742 Ἒξωθςι
771 2712 819 2748 γάρ
844 2711 895 2748 τίσι
918 2711 960 2738 τά.
980 2712 1044 2748 ,Νεο
1067 2711 1107 2748 ita

282 2745 377 2784 multo
392 2747 460 2784 post
483 2745 553 2784 duo;
569 2754 644 2784 mss,
663 2745 814 2784 mnsam;
837 2747 947 2784 tam“,
961 2746 1107 2784 VSubinde

281 2782 353 2817 Reg.
369 2780 486 2819 primus
497 2783 527 2810 et
538 2781 621 2811 Colb.
637 2780 741 2810 itidem
754 2780 871 2819 τράπεζά
882 2782 932 2812 πλη
938 2783 1060 2810 θύνουσα.

1136 1859 1138 1876 l

1161 910 1203 928 τα.
1224 900 1304 928 ⁴Ωστε
1325 901 1352 928 ἐκ
1372 903 1474 928 πάντων
1498 903 1594 928 τούτων
1619 901 1717 937 ἀνάγκη
1742 900 1914 938 ἁθροίζεσθαι
1933 902 1961 926 τό

1161 947 1303 983 περιχαρὲς
1326 949 1371 972 καὶ
1398 947 1512 982 εῶθυμον
1540 951 1589 976 τῆς
1611 946 1715 982 ψυχῆς.
1741 947 1792 971 Καὶ
1813 947 1879 982 πρός
1904 945 1961 970 τοὺ-

1162 999 1226 1023 τοις,
1253 992 1312 1016 ὅταν
1341 992 1403 1028 όρᾷν
1432 991 1540 1027 ὑπάρχῃ
1567 990 1668 1027 ἐχθρῶν
1692 992 1885 1021 καταπτώσεις,
1909 988 1961 1014 ἔπι-

1163 1033 1259 1061 ϐούλων
1282 1035 1393 1071 πληγὰς,
1420 1034 1557 1072 εὐεργετῶν
1581 1034 1701 1071 ἀμοιϐὰς,
1727 1036 1771 1060 καὶ
1804 1033 1961 1064 ἁπαξαπλῶς

1162 1077 1204 1105 ἰὰν
1225 1082 1290 1115 μήτε
1311 1082 1393 1117 παρόν
1415 1089 1441 1106 τι
1463 1084 1513 1106 τῶν
1543 1077 1688 1111 δυο-κόλων⁹
1715 1081 1778 1115 μήτε
1803 1076 1960 1113 προσδοκὼ-

1161 1134 1235 1161 μενον
1259 1124 1322 1155 ὅλως
1349 1126 1397 1153 τὴν
1421 1125 1490 1155 ζωὴν
1517 1125 1590 1160 ἡμῶν
1619 1123 1794 1160 ἐπιταράσσῃ·
1829 1124 1888 1147 τότε
1911 1119 1959 1147 δυ-

1161 1171 1237 1195 νατὸν
1251 1168 1401 1205 ἐγγίνεσθαι
1420 1173 1452 1205 τῇ
1475 1169 1551 1204 ψυχῇ
1568 1170 1615 1198 τὴν
1630 1169 1726 1205 χαράν.
1752 1170 1811 1197 Πῶς
1822 1164 1868 1192 οὖν
1882 1167 1960 1202 πρόσο

1162 1222 1250 1249 ταγμα
1265 1215 1326 1250 ἡμῖν
1341 1212 1449 1240 δέδοται
1463 1215 1492 1239 τό
1512 1215 1548 1249 μὴ
1572 1212 1599 1238 ἐκ
1622 1214 1797 1249 προαιρέσεως
1820 1211 1959 1247 κατορθού-

1162 1268 1257 1295 μενον,
1297 1257 1351 1284 ἀλλ’
1390 1258 1590 1294 ἐπακολούθημα
1630 1257 1719 1294 ἑτέρων
1760 1257 1958 1293 προηγουμένων

1140 1305 1142 1309 “
1163 1303 1302 1341 ὑπάρχονς
1325 1307 1382 1334 Πῶς
1397 1302 1426 1330 δὲ
1445 1305 1489 1329 καὶ
1511 1301 1684 1333 ἀδιαλείπτως
1707 1301 1896 1338 προσεύξομαι,
1912 1303 1959 1325 τῶν

1141 1346 1209 1385 ξτοῡ
1239 1351 1358 1384 σώματος
1389 1351 1486 1385 χρειῶν
1522 1346 1668 1383 ἀναγκαίως
1702 1347 1749 1375 τὴν
1785 1346 1883 1372 ἔννοιαν
1915 1348 1960 1373 τῆς

1163 1391 1257 1428 ψυχῆς
1276 1397 1500 1429 περιστρεφουσῶν
1524 1394 1590 1429 πρός
1613 1392 1716 1425 ἑαυτὰς,
1740 1388 1872 1416 ἀδυνάτου
1893 1390 1960 1418 ὄντος

1163 1439 1232 1463 κατὰ
1251 1439 1345 1464 ταυτὸν
1370 1439 1435 1476 πρὸς
1459 1435 1508 1464 δύο
1530 1438 1656 1474 μερίιινας
1677 1438 1723 1465 τὴν
1748 1433 1866 1461 διάνοιαν
1885 1442 1961 1459 κατα-

1165 1483 1302 1518 τέμνεσθαι
1312 1491 1319 1516 ;

1199 1573 1226 1599 2.
1245 1570 1321 1597 Ἀλλὰ
1335 1573 1380 1597 καὶ
1392 1570 1416 1597 ἓν
1431 1572 1510 1596 παντί
1524 1580 1569 1606 μοι
1587 1569 1756 1606 εὐχαριστεῖν
1783 1566 1961 1594 διατέτακται.

1164 1615 1361 1653 Εὑχαριστήσω
1378 1615 1586 1652 στρεϐλούμενος,
1602 1614 1775 1650 αἰκιζόμενος,
1799 1612 1842 1638 ἐπὶ
1865 1614 1963 1649 τροχοῦ

1164 1662 1388 1696 κατατεινόμενος,
1419 1661 1480 1690 τοὺς
1508 1659 1655 1696 ὀφθαλμοὺς
1683 1657 1887 1694 ἐκκοπτόμενοςς
1913 1655 1963 1682 Εὖ-

1164 1707 1323 1742 χαριστήσω
1344 1705 1569 1740 τυπτόμενος(66)
1586 1705 1630 1733 τὴν
1652 1704 1744 1739 ἄτιμον
1768 1702 1871 1737 πληγὴν
1894 1701 1964 1736 παρὰ

1163 1754 1209 1776 τοῦ
1229 1753 1391 1787 μισοὺντος;
1421 1751 1583 1786 πηγνύμενος
1610 1749 1660 1775 ὑπὸ
1686 1751 1731 1773 τοῦ
1758 1747 1872 1784 κρύους,
1897 1745 1963 1781 λιμῷ

1164 1796 1370 1830 καταγχόμενος,
1395 1793 1438 1820 ἐπὶ
1465 1797 1511 1819 τοῦ
1537 1793 1612 1824 ξύλου
1642 1790 1787 1828 δεδεμένος,
1812 1790 1963 1819 ἀτεκνωθεὶς

1165 1839 1274 1876 ἁθρόως,
1290 1839 1304 1868 ἢ
1324 1840 1369 1865 καὶ
1388 1843 1437 1869 τῆς
1463 1839 1586 1874 γυναικὸς
1615 1837 1698 1868 αὐτῆς
1724 1836 1913 1873 ἐστερημένοςς
1938 1834 1963 1860 ἐκ

1163 1886 1293 1920 ναυαγίων
1335 1882 1456 1918 ἐξαίφνης
1489 1882 1602 1908 ἐκπεσὼν
1645 1881 1794 1917 εὐπορίας;
1828 1882 1963 1916 πειραταῖς

1163 1930 1231 1954 κατὰ
1259 1927 1412 1960 θάλασσαν,
1451 1926 1466 1956 ἢ
1495 1926 1608 1963 λῃσταῖς
1634 1925 1693 1951 κατ’
1727 1926 1833 1961 ἤπειρον
1861 1933 1965 1960 περιτυ-

1163 1976 1220 2009 χών
1243 1974 1317 2004 (67);
1347 1973 1485 2008 τραύματα
1511 1972 1597 2007 ἔχων,
1622 1970 1859 2006 συκοφαντούμενος
1873 1989 1879 2001 ,
1905 1967 1965 1996 ἄλη-

1163 2019 1252 2050 τεύων,
1274 2018 1303 2042 τό
1328 2015 1509 2052 δεσμωτήριον
1531 2016 1627 2049 οἰκῶν;
1651 2018 1741 2041 Ταῦτα
1761 2016 1806 2040 καὶ
1828 2015 1866 2040 ἔτι
1888 2012 1964 2039 πλεὶω

1163 2063 1270 2095 τούτων,
1300 2064 1504 2098 κατηγοροῦντες
1535 2064 1580 2086 τοῦ
1608 2060 1758 2096 νομοθέτου,
1790 2066 1962 2094 συνειρουσιν,

1163 2106 1304 2142 ἀπολογίαν
1345 2110 1395 2132 τῶν
1441 2105 1616 2142 ἀμαρτμάτων
1661 2103 1762 2134 ἑαυτοῖς
1807 2101 1964 2139 εὐτρεπίζειν

1163 2152 1301 2188 ἡγούμενοι
1329 2152 1376 2179 τὴν
1410 2149 1453 2176 ἐπὶ
1483 2153 1538 2180 τοῖς
1569 2147 1781 2185 διατεταγμένοις
1813 2147 1897 2183 ἡμῖν,
1932 2146 1964 2175 ὡς

1163 2194 1312 2228 ἀδυνάτοις,
1327 2193 1462 2223 διαϐολήν.
1479 2196 1511 2220 Τί
1525 2192 1569 2220 οὖν
1589 2202 1688 2230 quis»;
1712 2192 1781 2225 Ὅτι,
1802 2193 1869 2227 πρὸς
1893 2191 1964 2227 ἔτερα

1163 2240 1302 2277 βλέποντος
1327 2243 1372 2265 τοῦ
1400 2238 1575 2272 ’Δποστόλου,
1602 2241 1647 2264 κα).
1684 2239 1731 2268 τὰς
1762 2236 1856 2272 ψυχὰς
1891 2237 1962 2272 ἡμῶν

1162 2287 1319 2322 πειρωμένου
1353 2284 1470 2320 χαμόθεν
1502 2285 1567 2321 πρὸς
1600 2283 1666 2319 ὕψος
1699 2282 1883 2320 μετεωρίζειν,
1918 2282 1961 2306 καὶ

1163 2328 1204 2355 ἐπὶ
1241 2331 1271 2355 τὸ
1308 2328 1425 2365 οὐράνιον
1463 2329 1628 2364 μετατιθέναι
1664 2327 1826 2363 πολίτευμα,
1866 2327 1892 2351 οἱ
1925 2326 1959 2360 μὴ

1163 2373 1338 2410 ὶφικνούμενοι
1370 2376 1418 2403 τῆς
1445 2372 1614 2409 μεγαλονοίας
1637 2375 1682 2398 τοῦ
1715 2371 1875 2408 νομοθέτου,
1905 2371 1961 2406 περὶ

1162 2422 1210 2454 γῆν
1225 2420 1270 2443 καὶ
1291 2418 1401 2454 σάρκας,
1431 2416 1466 2448 ὠς
1493 2419 1552 2453 περὶ
1573 2416 1654 2453 τέλμα
1681 2416 1822 2448 σκώληκες,
1844 2413 1960 2440 ἰλυσπώ-

1162 2471 1234 2499 μενοι
1249 2461 1275 2488 ὶυ
1288 2465 1343 2493 τοῖς
1366 2465 1412 2487 τοῦ
1440 2464 1561 2498 σώματος
1585 2462 1691 2495 πάθεσι,
1718 2462 1748 2487 τὸ
1775 2458 1887 2486 δυνατὸν
1913 2461 1960 2484 τῶν

1198 2640 1256 2675 (66)
1276 2639 1362 2673 Illud,
1389 2640 1578 2676 εὐχαριστῂσῳ
1593 2640 1759 2676 τυπτόμενος,
1786 2637 1958 2676 addidimus

1162 2674 1361 2704 ex'veteribus
1375 2674 1491 2712 septem
1505 2675 1598 2712 libris.
1616 2674 1681 2712 mox
1695 2679 1753 2712 tres
1764 2681 1826 2701 mss
1852 2674 1902 2699 ὑπὸ
1917 2674 1958 2698 τοῦ

1162 2713 1266 2748 κρύους.
1285 2711 1396 2739 Aberat
1410 2710 1555 2748 articulus
1571 2710 1745 2748 a__vulgalis.

1199 2747 1252 2783 (67)
1273 2748 1390 2775 Veteres
1418 2746 1552 2783 quinque
1578 2745 1650 2783 libri
1671 2748 1775 2783 ἤπειρον
1799 2745 1955 2782 περιτυχών.

1162 2781 1406 2821 Εὰὶίῖπεριπισών,
1418 2781 1652 2811 11³υᾶᾱὶςεὶωῶ
1662 2781 1764 2810 sensu.
