2029 3136
85 144 129 169 221

615 141 759 169 llOMlLlA
779 141 823 167 DE
843 140 1045 169 GRATIARUM
1065 143 1226 170 ACTIONE.

1710 141 1762 167 222

84 203 255 230 ἁποστολικὼν
292 201 433 233 διατάξεων
467 201 633 230 ἀπαιτοῦσιν.
655 203 683 228 Ὀ
712 201 742 229 δὲ
774 211 875 239 προκα-

936 202 1063 238 quirunt.
1073 205 1236 240 Apostolus
1249 206 1347 232 autem
1355 212 1416 232 non
1425 203 1491 239 jam
1498 211 1512 229 ξι
1519 201 1630 238 mplius
1637 201 1668 229 in
1675 209 1763 229 carne

82 248 157 274 λεῖται
172 247 228 282 (68)
244 247 281 278 εἰς
303 250 332 274 τό
347 249 456 274 πάντοτε
479 249 583 285 χαίρειν
607 248 671 284 οὐχὶ
686 250 729 274 τὸν
748 250 874 283 τυχόντα,

82 292 139 318 ἀλλὰ
154 294 197 318 τὸν
223 293 276 324 οἶος
302 292 379 323 αὐτὸς
403 291 443 326 ἧν,
466 293 552 319 οὐκέτι
574 293 624 323 ζῶν
649 293 673 319 ἐν
699 295 788 329 σαρκὶ,
813 291 877 318 ἀλλά

83 337 161 368 ζῶντα
181 338 250 372 ἔχων
276 336 300 362 ἂν
322 336 404 372 ἑαυτῷ
427 339 470 363 τὸν
495 339 620 374 Χριστὸν,
644 339 678 368 ὡς
701 342 750 368 τῆς
767 338 833 374 πρὸς
847 338 876 362 τὸ

82 381 219 418 ἀκρότατον
241 385 292 407 τῶν
317 380 421 416 ἀγαθῶν
443 384 581 418 συναφείας
604 381 736 418 μηδαμῶς
756 385 802 411 τὴν
826 380 876 407 ἀπὸ

81 430 126 452 τῶν
159 425 284 462 ὀχληρῶν
315 430 362 456 τῆς
396 428 493 463 σαρκὸς
524 428 687 463 συμπάθειαν
721 425 875 463 δεχομένης.

81 470 151 497 Ἀλλὰ
177 470 227 496 κᾶν
257 469 435 500 διακόπτηται
463 471 478 500 ἡ
509 472 585 508 σὰρξ,
612 472 627 501 ἡ
661 475 709 502 τῆς
741 473 878 506 συνεχείας

83 514 199 546 διάλυσις
243 514 391 551 ἔναπομένει
428 519 465 550 τῷ
506 517 646 542 πεπονθότι
678 519 724 542 τοῦ
759 518 878 552 σώματος

81 562 156 596 μέρει,
190 563 240 590 τῆς
274 557 422 590 διαδόσεως
451 563 497 586 τοῦ
529 559 670 591 λυποῦντος
700 560 729 586 οὐ
763 558 877 596 δυναμέ-

80 614 122 636 νης
149 603 311 630 διικνεῖσθαι
337 606 403 640 πρὸς
426 606 455 630 τὸ
480 607 566 642 νοερὸν
588 609 636 636 τῆς
657 605 760 641 ψυχῆς.
778 605 807 631 Εἰ
827 606 878 641 γὰρ

81 649 253 685 ἓνεκρώσαμεν
281 650 314 674 τὰ
346 648 409 684 μέλη
441 649 474 674 τὰ
503 648 545 675 ἐπὶ
575 653 623 680 τῆς
649 653 709 685 γῆς,
741 650 809 675 κατὰ
832 650 879 679 τὰς

82 694 210 724 ὑποθήκας
234 696 283 719 τοῦ
312 692 490 727 Ἀποστόλου,
522 695 567 719 καὶ
599 695 646 722 τὴν
678 695 803 730 νέκρωσιν
833 696 879 719 τοῦ

81 737 161 766 Ἰησοῦ
185 737 210 764 ἐν
234 742 273 773 τῷ
303 741 404 774 σώματι
431 740 611 774 περιεφέρομεν
635 739 703 773 (69),
735 737 880 773 ἀναγκαίως

83 783 95 812 ἠ
119 781 167 808 ἀπὸ
190 786 240 808 τοῦ
265 784 450 818 νενεκρωμένου
476 785 596 818 σώματος
620 782 707 818 πληγὴ
739 784 805 818 πρὸς
832 784 879 811 τήν

84 826 266 863 ἀπολελυμένην
291 831 338 857 τῆς
363 828 502 862 συναφείας
525 827 604 853 αὑτοῦ
628 826 718 862 ψυχήν
740 826 769 852 οὐ
785 828 879 863 χωρή-

931 246 1046 282 vivens,
1058 249 1109 276 sed
1124 249 1271 277 viventem
1284 249 1399 278 habens
1410 248 1438 276 in
1450 247 1549 283 scipso
1562 246 1710 274 Christum
1727 246 1762 279 ιτ,

932 299 993 320 non
1003 293 1177 328 quemlibet.
1186 295 1237 322 sed
1249 295 1295 322 sui
1308 294 1435 322 similem
1450 293 1487 320 ad
1501 292 1677 320 continuum
1690 297 1761 326 gau‘

932 336 1016 364 dium
1032 338 1137 367 invitat
1152 347 1157 366 :
1173 339 1286 375 quippe
1297 339 1369 375 quia
1381 345 1487 373 graves
1499 345 1534 364 ac
1545 336 1687 364 molestas
1699 333 1763 363 car—

933 381 979 409 nis
994 382 1168 411 affectiones
1183 391 1245 411 non
1267 383 1395 412 admittit
1419 382 1524 410 isthaec
1548 389 1617 409 cum
1643 387 1763 408 summo

933 425 1016 454 bono
1028 428 1211 462 conjunctio.
1229 430 1291 456 imo
1303 436 1374 455 vero
1385 426 1504 455 etiamsi
1515 425 1670 453 scindatur
1681 431 1762 456 caro,

933 471 964 499 in
979 479 1015 499 ea
1029 472 1165 508 corporis
1181 475 1265 509 parte
1280 481 1349 509 qum
1373 472 1453 500 male
1473 471 1612 504 afﬁcitur,
1627 470 1764 498 remanet

934 517 1138 545 continuitatis
1150 517 1318 549 dissolutio,
1331 525 1385 545 nec
1397 524 1533 552 unquam
1546 515 1584 543 ad
1597 514 1762 548 intelligen-

934 563 994 589 tem
1004 561 1096 589 animi
1104 565 1217 598 partem
1225 565 1392 598 pertingere
1402 563 1499 598 potest
1506 560 1618 588 doloris
1628 566 1763 587 commu-

934 606 1053 634 nicatio.
1066 607 1180 634 Etenim
1192 608 1215 635 si
1224 607 1310 642 juxta
1321 606 1454 644 Apostoli
1467 607 1651 642 praeceptum
1664 611 1760 631 mem-

933 650 990 678 bra
998 659 1066 686 quae
1077 654 1147 678 sunt
1157 659 1246 687 super
1257 654 1365 679 terram
1375 649 1661 682 mortiﬁcaremus",
1672 649 1762 683 atque

934 692 963 720 in
975 701 1101 728 corpore
1112 693 1372 722 circumferremus
1383 690 1761 722 mortiﬁcationemJesu”,

935 745 1057 765 necesse
1071 741 1148 766 esset
1159 741 1190 766 ut
1205 738 1377 766 mortificati
1392 737 1527 773 corporis
1539 736 1631 772 plaga
1646 735 1685 762 ad
1700 733 1762 762 aui-

935 789 1016 809 mam
1026 781 1065 810 ab
1072 783 1137 818 ejus
1144 783 1356 819 conjunctione
1367 783 1498 810 solutam
1509 789 1570 809 non
1582 779 1760 816 perveniret.

935 827 1008 854 Nam
1021 826 1382 864 iguominiw,damnaque
1392 830 1420 855 et
1430 826 1671 863 propinquorum
1680 831 1761 851 mors

85 881 128 899 σει.
157 871 278 907 Ἀτιμίαι
305 869 334 896 δὴ
360 873 405 896 καὶ
433 871 536 908 ζημίαι,
561 873 607 897 καὶ
640 871 739 898 οἰκείων
774 872 878 896 Θάνατοι

936 871 1173 908 haudquaquam
1182 873 1346 901 ascendent
1354 873 1392 901 ad
1403 875 1550 904 mentem;
1560 877 1658 907 neque
1668 867 1761 896 animi

84 915 125 942 οὐκ
148 915 327 944 ἀναϐήσονται
350 917 416 952 πρὸς
438 917 482 941 τὸν
505 919 573 949 νοῦν,
596 914 658 942 οὐδὲ
681 915 879 950 καταστέψουσι

85 963 109 986 τὸ
131 960 229 996 ὑψηλὸν
251 964 301 991 τῆς
323 960 417 996 ψυχῆς
437 962 503 998 πρὸς
518 963 564 990 τὴν
587 959 639 987 ὧδε
660 962 832 997 συμπάθειαν.
849 960 879 986 Εἰ

84 1008 122 1043 μὲν
145 1007 195 1043 γὰρ
230 1007 265 1031 τὰ
298 1006 365 1031 αὐτὰ
396 1010 519 1042 φρονοῦσι
546 1010 582 1041 τῷ
616 1004 748 1041 σνουδαίῳ
771 1007 796 1032 οὶ
821 1009 879 1036 ταῖς

86 1049 230 1082 δυσκολίαις
245 1053 438 1087 περιπεσόντες,
467 1051 496 1076 οὐ
520 1050 662 1087 παρέξουσι
685 1050 767 1081 λύπας
791 1050 877 1087 ἑτέρῳ,

86 1097 106 1121 οἳ
128 1105 155 1131 γε
180 1093 245 1132 μηδ’
273 1094 349 1121 αὐτοὶ
375 1094 497 1131 λυπηρῶς
527 1093 690 1132 διαφέροντες
716 1096 750 1121 τὰ
779 1097 880 1131 συμπί-

87 1150 183 1166 πτοντα·
209 1140 231 1166 εἰ
258 1138 290 1166 δὲ
313 1141 382 1165 κατὰ
405 1141 490 1177 σάρκα
511 1139 602 1173 ζῶσιν,
626 1138 682 1166 οὐδ’
703 1140 770 1166 οὕτω
793 1139 880 1168 λυπὴ-

88 1194 171 1210 σονσιν
191 1185 258 1221 (70),
284 1183 336 1210 ἀλλ’
359 1183 459 1210 ελεεινοὶ
482 1185 664 1221 κριθήσονται,
681 1185 710 1211 οὐ
731 1188 781 1210 τῶν
805 1194 880 1220 περι-

89 1230 195 1255 στάσεων
221 1228 330 1265 μᾶλλον,
365 1229 380 1258 ἦ
412 1233 458 1255 τοῦ
491 1231 526 1265 μὴ
558 1230 742 1266 προαιρεῖσθαι
769 1229 824 1263 (71)
847 1229 881 1254 τὰ

89 1271 181 1300 δέοντα.
197 1273 284 1304 ὀλως
299 1271 329 1299 δὲ
343 1273 432 1309 ψυχὴ,
448 1274 463 1302 ἡ
481 1273 551 1304 ἅπαξ
565 1272 743 1310 προσδεθεῖσα
758 1278 794 1308 τῷ
808 1274 880 1308 πόθῳ

88 1322 127 1343 τοῦ
153 1320 307 1350 κτίσαντος,
332 1320 378 1343 καὶ
404 1321 458 1348 τοῖς
487 1317 539 1344 ἐκεῖ
569 1317 688 1344 κάλλεσιν
719 1317 878 1354 ἐνειθισμένη

88 1360 280 1399 ραιδρύνεσθαι,
302 1363 332 1388 τὸ
355 1363 497 1399 περιχαρες
520 1362 601 1393 αὐτῆς
624 1365 669 1388 καὶ
694 1363 802 1398 εὔθυμον
829 1363 879 1388 ὑπὸ

88 1411 128 1438 τῆς
153 1407 275 1438 ποικίλης
301 1410 489 1443 μεταπτώσεως
515 1411 565 1433 τῶν
595 1411 726 1444 σαρκικῶν
753 1408 879 1444 παθημά-

87 1460 130 1477 των
143 1452 171 1477 οὐ
187 1451 335 1488 μεταϐαλεῖι
358 1450 420 1476 ἀλλὰ
444 1452 476 1477 τά
499 1455 553 1482 τοῖς
577 1451 663 1482 ἄλλοις
682 1451 787 1488 λυπηρὰ
798 1461 880 1489 προσ-

88 1495 160 1524 θήκην
182 1496 344 1532 εὐφροσύνης
366 1498 515 1525 ποιήσεται.
542 1494 602 1526 Οἶος
627 1494 657 1525 ἧν
680 1497 692 1521 ὁ
712 1495 876 1529 ’Δποστολος,

88 1538 190 1566 εὐδοκῶν
213 1540 237 1567 ὲν
268 1539 418 1574 ἁνθενείαις,
444 1539 468 1565 ἐν
494 1540 621 1576 θλίψεσιν,
648 1539 671 1566 ἐν
697 1539 832 1577 διωγμοῖς,
854 1540 878 1567 ἐν
894 1553 914 1581 C

88 1583 212 1620 ἀνάγκαις,
230 1587 398 1621 καυχήματα
413 1585 503 1611 ἑαυτοῦ
523 1586 570 1615 τὰς
594 1583 693 1616 ἐνδείας
715 1587 877 1622 ποιούμενος-

88 1627 108 1653 iv
121 1628 183 1664 λιμῷ
206 1631 251 1655 καὶ
279 1627 362 1663 δίψει,
379 1628 403 1654 ἐν
422 1629 506 1665 ψύχει
531 1631 575 1655 καὶ
596 1632 749 1666 γυμνότητι,
767 1629 790 1656 ἐν
813 1628 879 1656 διω-

87 1676 154 1708 γμοῖς
177 1676 219 1699 καὶ
248 1676 440 1710 στενοχωρίαις
462 1674 528 1708 (72),
553 1673 588 1709 ἐφ’
611 1675 649 1706 οἶς
674 1674 746 1700 ἄλλοι
766 1673 880 1701 δυσανα-

89 1722 207 1752 σχετοῦσι
221 1720 267 1743 καὶ
287 1720 353 1754 πρὸς
374 1720 417 1744 τὸν
443 1717 499 1754 βίον
524 1717 741 1756 ἀπαγορεύουσιν,
758 1718 800 1745 ἐπὶ
823 1721 881 1746 τού-

89 1769 137 1791 τοις
151 1761 225 1792 αὐτὸς
236 1761 434 1798 ἁγαλλιώμενος.
452 1763 485 1788 0i.
496 1765 582 1788 τοίνυν
599 1761 764 1794 ἀπαιδεύτως
776 1765 882 1802 ἔχοντες

89 1808 130 1835 τῆς
146 1804 316 1836 ἀποστολικῆς
337 1804 465 1839 διανοίας,
490 1809 535 1832 καὶ
555 1808 590 1842 μὴ
609 1808 746 1839 συνιέντες,
763 1807 803 1832 ὅτι
816 1809 880 1844 πρὸς

90 1850 130 1876 τήν
149 1849 313 1885 ε’ὶαγγελικὴν
340 1852 410 1886 ἡμᾶς
434 1850 620 1888 προσκαλεῖται
654 1851 732 1883 ζωὴν,
766 1851 880 1888 τολμῶσι

91 1898 228 1930 κατηγορεῖν
243 1899 290 1921 τοῦ
311 1895 424 1927 Παύλου,
442 1896 476 1925 ὡς
489 1893 606 1921 ἀδύνατα
628 1896 690 1931 ἡμῖν
706 1893 878 1934 διορίζοντος.

92 1936 158 1964 Ἀλλὰ
179 1941 229 1975 μὴν
262 1937 486 1966 διδασκέσθωσαν
520 1940 581 1966 ὅσαι
613 1944 658 1966 τοῦ
693 1941 747 1975 (73)
775 1945 878 1978 χαίρειν

92 1981 187 2018 εὐλόγως
202 1985 228 2009 αἱ
251 1983 368 2020 ἀφορμαὶ
393 1982 439 2010 δία
463 1988 510 2014 τῆς
532 1988 577 2010 τοῦ
603 1988 669 2011 Θεοῦ
682 1984 877 2022 μεγαλοδωρίας

91 2026 144 2061 ἡμῖν
158 2030 313 2064 πρόκεινται.
341 2029 522 2066 Ηαρήχθημεν
545 2029 579 2060 εὶς
601 2030 630 2054 τὸ
655 2028 728 2062 εἶναι,
745 2032 781 2065 μὴ
798 2032 876 2061 οντες

90 2070 138 2096 κατ’
167 2072 248 2098 εἰκόνα
284 2077 332 2099 τοῦ
374 2075 513 2104 κτίσαντος
546 2072 708 2108 ἐγενήθημεν
743 2078 801 2100 νοῦν
833 2077 878 2100 καὶ

90 2112 153 2149 λάγον
175 2116 377 2154 συμπληροῦντα
400 2118 473 2153 ἡμῶν
501 2119 549 2145 τὴν
574 2118 650 2153 φύσιν
672 2118 776 2153 ἔχομεν,
794 2116 830 2144 δι’
848 2116 878 2145 οὖ

92 2161 147 2185 Θεὸν
174 2160 356 2199 ἐγνωρίσαμεν.
386 2165 435 2188 Καὶ
457 2163 490 2187 τὰ
523 2161 603 2190 κάλλη
632 2166 679 2192 τῆς
712 2165 820 2194 κτίσεως
842 2163 878 2189 ἒν-

934 916 1139 944 celsitudinem
1148 916 1189 944 ita
1195 917 1392 949 demitteut,ut
1398 925 1497 945 rerum
1504 914 1696 952 praesentium
1703 922 1762 940 sen'

935 969 969 988 su
985 964 1220 989 commoveatur.
1234 961 1388 990 Enimvero
1404 961 1593 998 quotquotin
1609 965 1760 987 aerumnas

934 1005 1155 1035 delabuntur.si
1165 1005 1244 1034 idem
1255 1007 1337 1043 quod
1349 1007 1394 1034 vir
1401 1006 1517 1043 probus
1527 1004 1761 1037 sentiuntmego-

936 1050 1009 1078 tium
1021 1050 1171 1078 facessent
1184 1051 1316 1084 nemini;
1333 1052 1445 1087 quippe
1461 1050 1512 1087 qui
1523 1058 1558 1077 ne
1569 1047 1760 1085 ipsiquidem

936 1094 1102 1122 accidentia
1113 1094 1168 1122 sibi
1181 1095 1260 1123 mala
1270 1103 1348 1130 aegre
1360 1093 1581 1127 ferant.()uodsi
1592 1091 1760 1120 secundum

935 1146 1056 1166 carnem
1070 1138 1173 1166 vivunt
1180 1139 1214 1172 ιο,
1226 1147 1323 1175 neque
1332 1139 1374 1167 sic
1382 1138 1563 1167 exhibebunt
1574 1136 1758 1168 molestiam;

936 1183 988 1211 sed
999 1183 1192 1211 habebuntur
1203 1183 1400 1216 miserabiles,
1412 1191 1473 1211 non
1483 1183 1551 1210 ideo
1566 1182 1665 1218 potius
1675 1180 1760 1216 quod

935 1228 1027 1256 iubas
1034 1228 1221 1256 calamitates
1230 1228 1493 1265 inciderint,quam
1500 1226 1582 1263 quod
1593 1233 1661 1262 quae
1669 1223 1760 1252 ofﬁcii

935 1275 1017 1305 sunt,
1029 1272 1085 1300 sibi
1095 1272 1232 1300 facienda
1243 1280 1303 1300 non
1310 1272 1532 1309 proposuerint.
1544 1272 1576 1298 Et
1584 1270 1614 1297 in
1626 1276 1757 1302 summa,

934 1325 1002 1353 quas
1013 1317 1116 1344 anima.
1126 1316 1217 1344 semel
1228 1317 1394 1345 Conditoris
1400 1316 1547 1344 desiderio
1554 1313 1759 1348 tenetur.ejus-

934 1369 994 1397 que
1004 1361 1226 1397 pulchritudine
1237 1362 1391 1389 consuevit
1405 1361 1557 1393 delectari,
1570 1359 1676 1393 ingens
1686 1356 1762 1384 illud

935 1405 1082 1439 gaudium
1093 1407 1121 1432 et
1130 1405 1317 1433 deliciashac
1327 1405 1503 1433 multiformi
1514 1403 1679 1432 carnalium
1691 1401 1761 1429 affe-

935 1452 1036 1478 ctuum
1052 1449 1192 1477 varietate
1216 1449 1340 1477 minime
1355 1449 1554 1478 commutabit
1570 1457 1576 1475 :
1593 1446 1707 1477 contra.
1723 1453 1761 1473 ex

934 1494 1045 1530 quibus
1056 1494 1225 1522 molestiam
1241 1493 1362 1530 capiunt
1373 1494 1481 1527 cieteri,
1494 1501 1529 1521 ea
1538 1492 1616 1520 illius
1628 1491 1762 1526 volupta-

935 1541 994 1566 tem
1009 1538 1173 1573 augebunt.
1188 1539 1339 1573 Ejusmodi
1355 1541 1417 1566 erat
1431 1537 1603 1574 Apostolus,
1615 1535 1667 1572 qui
1678 1535 1708 1562 in
1717 1534 1761 1561 in-

934 1582 1136 1616 lirmitatibus,
1153 1583 1182 1610 in
1197 1583 1347 1616 terumnis,
1360 1584 1390 1610 in
1400 1581 1659 1619 persecutiouibus
1669 1581 1761 1615 atque

933 1627 1163 1655 necessitatibus
1174 1627 1367 1662 complacens
1378 1627 1433 1655 sibi
1445 1627 1545 1662 gloriae
1553 1625 1684 1653 ducebat
1693 1631 1761 1658 ege-

935 1674 1075 1701 statem"
1107 1673 1138 1699 In
1165 1672 1246 1700 fame
1269 1675 1298 1700 et
1321 1672 1375 1708 siti,
1392 1672 1421 1700 in
1438 1672 1546 1706 frigore
1570 1674 1598 1698 ct
1611 1669 1758 1702 nuditate,

923 1716 965 1745 'in
980 1717 1240 1753 persecutiouibus
1263 1719 1291 1744 et
1308 1717 1498 1751 angustiis”,
1521 1716 1551 1744 in
1575 1715 1685 1751 quibus
1710 1712 1760 1741 alii

935 1769 1014 1796 aegre
1024 1762 1123 1789 ferunt
1133 1762 1257 1798 seipsos,
1270 1763 1298 1788 et
1311 1769 1329 1788 a
1339 1761 1401 1788 vita
1412 1760 1574 1788 abhorrent
1594 1760 1624 1787 in
1634 1759 1670 1786 iis
1682 1762 1760 1794 Apo-

936 1806 1029 1834 stolus
1040 1805 1234 1838 exsultat.Qui
1246 1805 1412 1840 igitursunt
1423 1805 1574 1832 sententiae
1585 1803 1759 1839 apostolicis

935 1850 1042 1886 ignari,
1059 1858 1114 1878 nec
1129 1849 1249 1878 invitari
1264 1857 1320 1878 nos
1334 1849 1373 1877 ad
1387 1848 1592 1883 evangelicam
1608 1847 1700 1875 vitam
1715 1846 1758 1874 in-

934 1896 1081 1931 telligunt,
1093 1894 1217 1923 Paulum
1229 1903 1371 1922 accusare
1382 1902 1443 1922 non
1454 1895 1603 1926 verentur,
1616 1893 1670 1928 27
1690 1895 1758 1920 tan-

933 1949 1028 1978 quam
1039 1941 1090 1976 qui
1101 1948 1169 1976 quaa
1179 1939 1242 1967 ﬁeri
1253 1947 1314 1967 non
1326 1942 1462 1976 possunt,
1473 1938 1658 1975 praescribat.
1670 1937 1758 1973 Atqui

933 1987 1054 2014 discant
1074 1988 1147 2021 quot
1158 1985 1253 2020 justas
1269 1984 1373 2019 gaudii
1387 1984 1562 2012 occasiones
1578 1982 1666 2011 nobis
1686 1990 1760 2018 prae-

933 2029 1060 2058 beatDei
1070 2028 1282 2056 muniﬁcentia.
1293 2029 1374 2061 Quod
1385 2036 1490 2055 sumus
1501 2035 1518 2055 a
1529 2029 1588 2055 Deo
1598 2026 1757 2059 habemus,

934 2083 1003 2102 cum
1016 2075 1104 2101 antea
1114 2080 1174 2100 non
1186 2081 1321 2100 essemus
1335 2082 1341 2106 ;
1354 2081 1459 2100 sumus
1470 2072 1508 2100 ad
1520 2071 1666 2099 Creatoris
1680 2071 1757 2098 ima-

934 2119 1033 2153 ginem
1055 2117 1174 2150 facti";
1191 2118 1320 2144 mentem
1348 2119 1437 2153 atque
1451 2116 1598 2144 rationem
1615 2115 1694 2142 nacti
1709 2123 1757 2142 su-

934 2171 1012 2196 mus,
1029 2162 1114 2198 queis
1133 2164 1242 2190 natura
1264 2163 1368 2189 nostra
1389 2161 1565 2197 completur,
1586 2161 1723 2194 Deusque
1739 2166 1757 2186 a

91 2204 178 2239 τίχνως
201 2207 448 2243 καταμανθάνοντες,
470 2204 506 2232 δι’
520 2206 613 2240 αὐτῶν,
635 2207 711 2233 οἱονεὶ
731 2205 748 2233 δ
752 2209 778 2233 ιὰ
796 2218 879 2245 γραμ-

936 2207 1022 2236 nobis
1036 2206 1236 2240 cognoscitur.
1245 2206 1315 2234 Item
1324 2213 1423 2234 rerum
1435 2205 1558 2233 solerter
1567 2203 1757 2232 conditarum

92 2249 169 2282 μάτων
194 2255 288 2284 τινῶν,
317 2253 364 2280 τήν
391 2251 504 2287 μεγάλην
530 2254 575 2276 τοῦ
607 2254 673 2277 Θεοῦ
704 2254 763 2288 περὶ
795 2253 879 2278 πάντα

125 2293 143 2310 ¹ῖ
160 2295 250 2323 Galat.
269 2305 296 2329 u,
313 2298 358 2324 20.
399 2297 422 2314 ¹⁸
436 2296 546 2324 Coloss.
564 2303 603 2330 ui,
619 2298 646 2324 5.

92 2334 128 2361 ιι,
142 2331 183 2357 27.
221 2331 245 2349 ³⁸
257 2332 362 2359 Genes.
378 2339 397 2365 ι,
412 2334 458 2360 26.

93 2374 176 2432 meiut?
190 2376 262 2404 Editi
278 2376 473 2413 προσκαλεῖται.
486 2378 521 2404 At
533 2376 669 2412 quinque
687 2383 762 2404 mss.
783 2386 884 2413 προκα-

103 2417 176 2436 ειται.

116 2445 177 2483 ,(69)
191 2447 313 2483 Antiqui
337 2449 398 2475 tres
416 2447 486 2475 libri
508 2449 699 2485 περιεφέρομεν.
715 2447 791 2476 Editi
809 2458 885 2486 περι-

94 2488 200 2514 φερομεν.

133 2517 175 2554 ῩΟ)
189 2515 252 2542 Οὐδ’
268 2518 342 2554 ,οὕτω
362 2518 532 2547 λπσήουσιν.
553 2519 597 2546 Ne
612 2518 731 2554 quidem
746 2519 789 2546 sic
803 2519 885 2547 exhi-

95 2547 192 2590 bebqu
211 2553 390 2590 molestiam,
407 2553 528 2590 Supple,
541 2547 809 2588 hominiper/‘ecto.
822 2554 883 2590 qui,

95 2562 192 2579 υσυαηι
211 2562 390 2581 mammam.
407 2562 445 2581 su
470 2562 528 2589 pte,
541 2562 809 2588 nommzper/ecw.
822 2563 883 2590 qui,

94 2587 123 2622 tit
134 2586 285 2622 aliquanto
300 2593 369 2616 ante
381 2562 507 2616 Basilius
524 2590 609 2622 dixit,
621 2590 782 2618 mortificat
792 2598 884 2618 mem-

94 2617 142 2648 bra
156 2617 221 2661 quae
242 2627 312 2661 sunt
333 2633 424 2660 super
440 2617 687 2661 terram,quique
706 2625 739 2661 in,
759 2617 885 2660 corpore

94 2657 347 2687 mortiﬁcationem
358 2657 426 2688 Jesu
439 2657 621 2688 circumfert.
638 2657 720 2688 ilunc
733 2657 834 2688 locum
845 2661 885 2689 ita

94 2695 210 2732 verterat
221 2694 367 2731 interpres
380 2705 386 2723 :
400 2696 484 2729 Quod
493 2696 519 2723 si
530 2695 692 2724 secundum
705 2704 826 2723 rarncm
843 2697 884 2724 2:2"-

95 2731 196 2768 gcermt,
204 2737 241 2758 ne
253 2732 296 2768 sic
306 2733 359 2768 uni
369 2732 499 2768 cuipiam
508 2731 755 2768 fuerintAmolesti
765 2741 771 2766 ;
783 2739 845 2768 qua
855 2733 885 2760 in

96 2764 329 2799 mterpretatione
348 2764 448 2803 inepte
463 2764 602 2796 additum
622 2766 730 2802 fuerat,
749 2764 804 2796 uni
821 2769 884 2796 cui-

686 2297 708 2314 "
720 2297 742 2324 ll
757 2297 824 2325 Cor.
838 2306 876 2332 1v,
895 2299 936 2326 t0.

933 2250 1189 2289 pulchritudinem
1205 2250 1411 2286 percipientes,
1428 2257 1481 2280 Der
1501 2249 1593 2282 illam,
1609 2251 1757 2284 tanquam

975 2297 999 2314 ὀ
1014 2295 1102 2323 Rom.
1119 2303 1175 2329 vni,
1193 2297 1234 2323 l3.
1274 2296 1295 2313 ³¹
1313 2297 1335 2322 ll
1347 2296 1412 2323 Cor.
1429 2303 1474 2329 xu,
1492 2296 1518 2330 9,
1532 2296 1573 2322 l0.
1613 2295 1637 2311 "
1652 2294 1675 2320 ll
1690 2294 1757 2322 Cor.

932 2377 1028 2412 piam,
1044 2383 1118 2412 cumq
1134 2375 1204 2412 ejus
1226 2374 1283 2403 loci
1306 2375 1463 2409 sententia,
1483 2382 1578 2412 eaque
1597 2373 1760 2410 pulcherri-

934 2410 996 2445 ina,
1012 2412 1069 2439 hoc
1082 2410 1289 2438 additamento
1302 2419 1364 2439 non
1380 2419 1488 2447 parum
1504 2410 1692 2438 obscuretur.

970 2448 1026 2483 (7t)
1046 2448 1117 2484 Reg.
1132 2447 1247 2482 primus
1263 2450 1309 2472 τοῦ
1323 2449 1358 2483 μὴ
1376 2448 1515 2484 αἱρεῖσθαι.
1527 2448 1592 2475 Mox
1607 2448 1668 2473 duo
1682 2453 1756 2475 mss.

935 2484 1077 2520 περιχαρες
1090 2482 1166 2510 ἑαυτῆ
1173 2492 1194 2512 ς.

970 2516 1168 2558 (7'2)_'_Veteres
1190 2520 1321 2558 quatuor
1344 2517 1412 2545 libri
1433 2516 1560 2558 διωγμοῖς
1579 2517 1603 2544 ἓν
1625 2527 1758 2558 στενοχω-

934 2553 1014 2594 piatis,
1029 2555 1086 2581 Nec
1101 2553 1142 2594 ita
1157 2553 1253 2594 multo
1268 2553 1346 2581 infra
1369 2553 1591 2594 quatuormss,
1608 2553 1758 2594 «eratet

933 2589 1106 2626 θαλλδμενοςη
1122 2589 1257 2626 _S_ubiude
1286 2597 1361 2626 mss,
1390 2592 1435 2616 καὶ
1458 2592 1493 2626 μὴ
1521 2592 1661 2626 συνιέντες..
1684 2589 1759 2626 Editi

936 2623 1061 2662 συνέντες.
1088 2624 1212 2662 Ibidem,
1230 2626 1299 2662 Heg.
1316 2625 1431 2662 primus
1445 2623 1485 2651 ὅτι
1505 2627 1570 2662 πρὸς
1588 2628 1635 2655 τήν
1651 2623 1759 2662 ἀγγελι-

934 2664 992 2690 κήν.
1011 2661 1121 2697 Rursus
1136 2660 1194 2687 hoc
1207 2661 1274 2696 ipso
1289 2660 1320 2688 in
1335 2661 1401 2688 loco
1416 2660 1564 2697 duqmss.
1579 2660 1759 2697 προκαλεῖται,

971 2697 1026 2729 (73)
1048 2695 1122 2723 Edili
1146 2698 1174 2723 et
1195 2693 1325 2732 quatuor
1348 2704 1420 2732 mss.
1438 2693 1667 2732 διδασκέσᾷωσαν,
1684 2698 1718 2727 ὡς
1731 2696 1761 2723 αἰ

934 2735 990 2759 του.
1008 2732 1053 2759 At.
1070 2732 1140 2767 Reg.
1157 2729 1259 2759 tertius
1281 2735 1310 2759 et
1333 2731 1414 2760 Colb.
1429 2734 1556 2767 quartus
1572 2729 1761 2758 διδασκέσθω-

936 2777 983 2794 σαν
997 2767 1047 2794 ὃσα
1060 2771 1140 2795 τοῦ...
1155 2768 1182 2793 αἱ
1196 2767 1320 2806 ἀφορμαί,
1335 2767 1454 2795 rectius.
