2029 3136
248 141 301 168 223

937 141 966 168 S.
987 140 1112 167 BASILII
1132 138 1241 167 MAGNI

1874 141 1926 168 224

247 210 301 239 per
312 202 423 230 litteras
432 201 528 238 quan
534 209 583 229 am
591 209 743 230 summam
751 202 888 230 Deicirca
895 201 998 230 omnia
1008 209 1075 237 pro-

1131 203 1249 238 πρόνοιαν
1291 205 1336 229 καὶ
1377 205 1468 238 σοφίαν
1508 201 1725 239 ἀναγινώσκομεν.
1764 206 1927 240 Διακριτικοί

247 247 411 274 videntiam
423 246 664 282 sapientiamque
678 246 818 281 legimus.
833 246 1013 275 Facultatem
1024 245 1075 273 ha-

247 291 357 318 bemus
369 291 543 318 secernendi
555 290 671 318 bonum
688 299 705 318 a
719 291 800 319 malo
814 300 821 319 :
838 291 946 325 eligere
958 299 1006 318 res
1022 290 1075 318 uti-

247 335 300 369 les,
312 339 340 363 et
352 335 460 363 noxias
470 335 584 369 fugere,
597 335 636 363 ab
647 336 893 371 ipsametnatura
902 335 1072 363 didicimus.

248 380 413 408 Abalienati
437 389 455 408 a
477 382 536 408 Deo
559 388 613 416 per
636 383 806 416 peccatum,
821 389 924 408 rursus
942 380 1074 408 revocati

247 425 358 453 fuimus
372 425 402 452 in
417 425 482 460 ejus
504 425 736 453 familiaritatem
761 434 795 454 ac
811 425 1072 459 necessitudinem,

245 478 300 505 per
315 470 464 504 Unigeniti
477 470 658 505 sanguinem
669 478 705 498 ex
719 471 923 505 ignominiosa
934 470 1074 498 servitute

247 515 388 550 exempti.
405 515 641 542 Resurrectionis
657 523 736 551 spes,
753 515 958 550 angelicorum
977 515 1075 542 bono-

245 565 313 586 rum
328 559 490 595 possessio,
506 567 634 594 regnum
649 559 778 593 caeleste,
788 560 973 596 repromissa
982 559 1073 590 bona,

246 603 306 631 vim
320 606 348 630 et
361 604 468 631 mentis
484 606 512 631 et
527 604 651 632 rationis
663 606 847 640 superantia.

283 650 308 675 3.
322 648 481 680 Quomodo
492 648 613 676 credere
624 657 680 685 par
689 652 743 681 est,
756 649 899 683 gaudium
913 657 1020 685 perpes
1028 649 1074 684 ju~

247 699 376 728 gemque
387 692 520 720 laetitiam
538 701 573 720 ex
586 693 632 720 his
643 693 737 721 creari
752 701 813 721 non
833 701 933 729 posse,
945 693 1000 720 sed
1012 693 1074 729 opi-

246 736 313 764 nari
329 745 397 764 eum
413 737 466 773 qui
478 738 574 765 ventri
583 737 717 773 inservit,
730 738 932 774 tibiarumque
945 737 1075 765 modulis

247 781 422 815 oblectatur,
434 782 547 818 quique
558 783 710 810 volutatur
719 783 749 810 in
766 782 848 810 molli
858 782 944 815 lecto,
958 791 993 810 ac
1004 786 1075 810 ster-

247 825 289 858 tit,
302 825 426 860 dignam
436 826 548 861 gaudio
561 827 652 854 vitam
663 827 790 861 degere?
801 829 861 861 Ego
872 835 940 854 vero
950 826 1074 854 dixerim

1129 245 1204 282 ἐσμεν
1230 246 1327 282 ἀγαθοῦ
1353 249 1398 274 καὶ
1426 251 1471 273 τοῦ
1495 249 1613 284 χείρονος
1647 248 1714 282 (74)’
1740 247 1847 283 ἐκλογὴν
1880 252 1926 274 τοῦ

1130 294 1303 328 συμφέροντος
1326 295 1371 318 καὶ
1396 291 1562 328 ἀποστροφὴν
1587 295 1631 318 τοῦ
1657 290 1784 329 βλαϐεροῦ
1804 292 1830 323 ἐξ
1845 293 1927 323 αὐτῆς

1128 339 1175 366 τῆς
1199 337 1299 371 φύσεως
1322 335 1514 373 διδιδάγμεθα.
1540 336 1762 373 Ἀλλοτριωθὲντες
1786 340 1853 364 Θεοῦ
1881 336 1928 363 διὰ

1127 384 1174 411 τῆς
1190 380 1328 417 ἁμαρτίας,
1345 381 1421 407 πάλιν
1444 381 1479 411 εἰς
1501 383 1549 410 τὴν
1574 382 1721 410 οἰκειότητα
1740 380 1927 417 ἀνεκλήθημεν,

1127 429 1163 460 τῷ
1189 426 1280 461 αἵματι
1309 429 1354 451 τοῦ
1382 429 1541 460 Μονογενοῦς
1568 425 1595 451 ἐκ
1616 429 1663 456 τῆς
1689 425 1782 462 ἀτίμου
1807 424 1928 456 δουλείας

1128 468 1306 506 ἐξαιρεθέντες.
1338 470 1516 500 Ἀναστάσεως
1545 468 1656 503 ἐλπίδες,
1689 469 1830 506 ἀγγελικῶν
1865 470 1929 506 ἆγα-

1129 514 1178 539 θών
1193 513 1358 547 ἀπολαύσεις,
1374 515 1389 543 ἠ
1418 515 1442 540 ἐν
1457 514 1575 552 οὐρανοῖς
1600 513 1732 551 βασιλεία,
1753 515 1786 540 τὰ
1810 514 1833 541 ἓν
1849 514 1929 551 ἐπαγ-

1127 557 1224 593 γελίαις
1238 558 1332 594 ἀγαθὰ,
1355 561 1400 585 καὶ
1424 557 1541 589 διανοίας
1555 562 1600 584 καί
1623 558 1698 594 λόγου
1721 557 1832 595 δύναμιν
1852 559 1930 596 ὑπερ-

1128 601 1257 630 ϐαίνοντα.

1164 649 1193 675 3.
1217 651 1275 678 Πῶς
1299 647 1363 684 οὐχὶ
1385 652 1468 674 ταῦτα
1490 650 1619 685 προσήκει
1639 650 1727 685 χαρᾶς
1748 647 1862 676 ἀλήκτου
1883 652 1928 675 καὶ

1129 691 1287 727 εὐφροσύνης
1311 691 1446 723 διηνεκοῦς
1471 692 1584 728 ἐξαρκεῖν
1611 692 1723 728 νομίζειν
1756 693 1839 725 αἴτια,
1875 692 1929 718 ἀλλ’

1128 737 1230 762 οἴεσθαι
1255 738 1299 762 τὸν
1323 737 1538 774 γαστριζόμενον,
1566 739 1611 763 καὶ
1637 736 1854 773 καταυλούμενον.
1884 739 1930 764 καὶ

1129 779 1171 806 ἐπὶ
1181 780 1301 816 μαλακῆς
1315 783 1406 811 κοίτης
1420 784 1477 811 (‘75)
1495 780 1715 818 ἀνατετραμμένον
1728 784 1773 807 καὶ
1784 781 1927 818 ῥέγχοντα,

1128 827 1219 850 τοῦτον
1239 823 1317 855 ἀξίως
1336 828 1422 862 χαρᾶς
1443 823 1558 861 διαζῇν;
1576 825 1640 860 Ἐγὼ
1666 823 1695 851 δί
1719 827 1820 856 τούτοις
1834 827 1881 862 μεν
1900 828 1929 852 τό

246 869 302 897 hos
314 870 438 906 quidem
455 871 563 905 dignos
579 879 645 899 esse
659 871 710 907 qui
725 871 894 899 doﬂeantur
914 871 954 899 ab
971 871 1005 899 iis
1021 871 1072 908 qui

1131 869 1282 905 θρηνεῖσθαι
1298 872 1373 905 φαίην
1393 869 1423 895 ἂν
1438 872 1543 907 πρέπειν
1562 872 1634 906 παρὰ
1648 874 1698 896 τῶν
1721 874 1780 896 νοῦν
1802 870 1927 906 ἐχόντων·

247 918 346 942 mente
361 915 477 950 praediti
488 918 576 943 sunt:
592 918 704 949 contra,
717 915 821 944 beatos
829 916 896 951 jure
906 917 1022 952 optimo
1032 916 1075 944 di-

248 959 360 986 cendos
375 967 440 987 esse
457 967 508 987 eos
524 960 587 996 qui,
604 963 726 996 propter
748 969 832 997 spem
852 961 940 988 futuri
963 961 1074 995 saeculi,

247 1006 428 1038 praesentem
443 1004 535 1031 vitam
559 1005 715 1039 sustinent,
731 1013 765 1032 ac
785 1005 943 1041 praesentia
957 1006 1075 1033 aeternis

249 1051 444 1076 commutant.
461 1050 526 1076 Sive
547 1053 648 1077 autem
672 1050 702 1077 in
724 1050 848 1077 ﬂamma
862 1047 974 1084 degant
987 1050 1007 1077 ii
1022 1050 1075 1086 qui

249 1093 309 1120 Deo
323 1093 560 1129 conjunguntur,
583 1094 625 1121 uti
639 1097 698 1122 tres
718 1095 801 1130 pueri
817 1095 847 1122 in
864 1095 1017 1130 Babylone
1028 1095 1051 1112 ‘5
1066 1103 1072 1122 :

249 1137 312 1164 sive
322 1137 517 1165 includantur
527 1147 596 1166 cum
607 1138 786 1172 leonibus“,
797 1139 858 1166 sive
869 1147 887 1167 δ.
899 1142 963 1167 ceto
974 1139 1075 1167 absor-

247 1179 473 1217 beantur",ipsi
481 1185 580 1210 tamen
589 1182 874 1218 praedicandisunta
884 1183 973 1211 nobis
984 1183 1074 1217 beati,

249 1232 284 1252 ac
299 1233 351 1253 eos
365 1226 395 1253 in
415 1226 528 1261 gaudio
540 1227 632 1254 vitam
643 1228 810 1262 transigere
820 1230 946 1264 oportet,
958 1236 1075 1264 nequa-

247 1276 342 1305 quam
353 1269 488 1298 dolentes
498 1271 536 1299 de
547 1272 817 1307 presentibus,sed
827 1272 866 1300 ob
875 1281 960 1309 spem
970 1281 1076 1300 eorum

248 1321 316 1349 quae
330 1314 418 1342 nobis
434 1316 464 1343 in
478 1318 634 1351 posterum
647 1316 778 1352 reposita
791 1319 860 1343 sunt
870 1316 1014 1344 laetantes.
1027 1321 1077 1344 Ar-

249 1357 344 1386 bitror
354 1367 487 1396 namque
506 1363 662 1389 strenuum
683 1361 826 1389 athletam
837 1361 873 1388 ad
885 1361 1002 1397 pietatis
1017 1364 1076 1389 sta-

248 1403 333 1430 dium
347 1404 439 1431 semel
452 1408 587 1437 exutum,
598 1405 703 1441 plagas
714 1406 954 1433 adversariorum
962 1406 1077 1434 fortiter

248 1446 323 1475 ferre
331 1448 451 1481 debere,
457 1457 509 1485 spe
517 1449 617 1484 gloria
625 1458 661 1477 ex
671 1450 790 1478 coronis
796 1450 1078 1486 consequendam-

249 1491 327 1519 enim
337 1494 520 1529 quotquotin
528 1494 677 1530 gymnicis
687 1494 903 1522 certaminibus
911 1497 979 1522 sunt
987 1495 1078 1531 palae-

249 1537 344 1564 stricis
357 1537 515 1566 laboribus
535 1540 657 1572 assueti,
679 1540 816 1567 animum
836 1547 897 1567 non
916 1540 1076 1568 demittunt

249 1581 289 1608 ob
304 1581 401 1617 plagae
416 1583 552 1610 dolorem
566 1593 572 1615 ;
597 1584 659 1611 imo
675 1592 746 1611 vero
761 1584 867 1619 spretis
880 1584 920 1612 ob
935 1585 1076 1620 praacouii

248 1625 433 1654 desiderium
444 1627 597 1655 laboribus
609 1629 817 1664 prmsentibus,
830 1629 1018 1657 adversarios
1028 1637 1077 1657 co-

248 1671 349 1698 minus
365 1671 551 1700 adoriuntur.
569 1674 652 1700 Hunc
676 1673 714 1701 ad
730 1673 856 1701 modum
871 1673 989 1701 etiamsi
1011 1675 1075 1702 viro

247 1715 364 1743 virtutis
376 1716 511 1744 studioso
520 1717 637 1745 accidat
650 1717 722 1753 quid
735 1718 844 1754 asperi,
855 1718 995 1746 tenebras
1005 1726 1075 1753 gau-
1084 1714 1090 1719 ’

247 1758 298 1786 dio
305 1767 366 1786 non
375 1759 515 1788 obducet.
527 1762 601 1788 Nam
611 1762 956 1796 Tribulatiopatientiam
970 1770 1076 1797 opera-

247 1805 305 1836 tur,
317 1805 451 1839 patientia
465 1807 559 1833 autem
568 1806 905 1843 probationem,probatio
915 1815 977 1834 vero
990 1815 1075 1842 spem,

246 1856 305 1883 spes
328 1851 421 1876 autem
441 1858 497 1877 non
520 1851 707 1885 confundit".
724 1851 915 1887 Quapropter
929 1855 957 1879 et
971 1851 1031 1879 alio
1044 1852 1075 1879 in

246 1892 313 1920 loco
328 1893 366 1920 ab
380 1894 488 1921 eodem
501 1894 647 1929 jubemur
662 1895 805 1931 patientes
825 1904 890 1923 esse
906 1896 936 1923 in
951 1895 1075 1923 tribula-

245 1937 337 1970 tione,
349 1941 378 1964 et
396 1945 449 1974 spe
463 1938 595 1973 gaudere
606 1940 641 1967 ’⁸.
661 1941 734 1975 Spes
754 1940 856 1975 itaque
871 1943 917 1967 est
930 1948 998 1976 quae
1013 1939 1074 1967 eﬂi-

246 1981 294 2014 cit,
312 1984 343 2009 ut
359 1982 505 2017 gaudium
517 1984 620 2011 animo
632 1984 686 2011 viri
698 1984 784 2020 probi
800 1984 835 2012 sit
846 1984 1074 2013 contubernale.

247 2025 322 2058 Quin
339 2029 367 2053 et
381 2026 460 2054 idem
475 2028 635 2063 Apostolus
652 2028 737 2064 jubet
752 2029 842 2056 etiam
854 2028 924 2056 ﬂere
935 2037 990 2056 nos
1006 2037 1075 2056 cum

245 2069 386 2097 ﬂentibus
398 2071 438 2102 '9;
455 2079 560 2099 rursus
574 2072 611 2099 ad
629 2072 746 2100 Galatas
763 2073 991 2109 [Philippenses]
1005 2073 1075 2100 scri-

245 2114 332 2148 bens,
350 2114 482 2143 deﬂebat
502 2116 641 2145 inimicos
667 2118 764 2146 crucis
788 2117 894 2146 Christi
906 2118 940 2144 ³ο.
962 2117 1074 2154 Ecquid

245 2166 322 2194 opus
333 2162 378 2187 est
394 2168 636 2190 commemorare
651 2162 809 2190 Jeremiam
822 2162 945 2190 ﬂentem
958 2163 992 2195 ³¹,
1010 2164 1075 2190 Eze-

244 2203 371 2232 chielem
389 2205 439 2233 Dei
451 2206 539 2241 jussu
562 2206 734 2243 principum
758 2207 990 2235 lamentationes
1006 2207 1075 2235 scri-

243 2247 366 2276 bentem
379 2250 414 2282 3‘,
431 2253 459 2277 et
474 2250 586 2279 multos
608 2251 683 2279 alios
707 2254 827 2279 sanctos
842 2251 978 2286 lugentes
989 2252 1003 2279 ?
1018 2253 1076 2279 Hei

245 2293 331 2327 mihi,
341 2297 447 2329 mater,
458 2302 552 2330 quare
561 2303 607 2324 me
617 2297 785 2331 genuisti”,-
795 2299 822 2324 et
831 2305 837 2323 :
847 2297 905 2324 Hei
914 2296 1075 2332 mihi.quia

306 2355 329 2372 "
344 2357 423 2391 Dan.
445 2365 483 2391 ill,
497 2359 543 2385 2t.

608 2358 632 2375 ’⁵
650 2359 723 2386 Dan.
737 2366 797 2393 xxv,
813 2360 857 2386 30.

244 2391 269 2408 ⁸ο
291 2390 417 2427 Philipp.
435 2390 529 2425 nI,18.

586 2393 608 2411 ³¹
625 2393 731 2421 Thren.
744 2402 762 2427 ι,
781 2396 791 2421 l
811 2401 895 2430 seqq.

359 2453 433 2493 Editi
449 2453 548 2490 ἀγαθοῦ
561 2465 588 2481 τε
603 2458 648 2481 καὶ
661 2458 789 2492 χείρονος.
807 2457 925 2484 Veteres
944 2459 1075 2493 quatuor

242 2489 311 2518 libri
328 2489 426 2528 ᾆγριθοῡ
442 2489 486 2516 καὶ
501 2494 547 2517 τοῦ
561 2489 690 2528 χείρονος,

280 2525 336 2560 (75)
358 2527 475 2563 Veteres
504 2525 635 2562 quatuor
658 2526 727 2554 libri
753 2526 873 2563 μαλακῆς
896 2527 995 2559 κλίνης.
1021 2527 1074 2556 Alii

243 2569 317 2589 mss.
333 2564 361 2588 et
377 2562 447 2590 editi
463 2564 562 2593 κοίτης.

279 2597 335 2635 (76ὶ
353 2597 430 2635 Editi
455 2596 584 2633 διάγωσιν
605 2599 639 2629 ὡς
654 2599 686 2635 ,οἱ
700 2603 769 2635 τρεῖς
783 2597 877 2630 παῖδες
897 2598 938 2625 ἐπὶ
954 2602 1076 2635 7173;130:-

244 2631 380 2671 βυλωνίας⁷
408 2634 432 2658 οί
542 2631 720 2671 συνημμένοιί
735 2635 855 2671 Antiqui
878 2643 929 2671 sex
953 2634 1023 2671 libri
1045 2637 1078 2662 ut

243 2668 273 2706 in
287 2668 739 2706 contextuLalioiordine,eoque
751 2668 953 2698 concinniore.
962 2670 1077 2697 Ibidem

244 2703 487 2746 RegL‘se‘cundus
505 2705 554 2731 ὦσι
568 2703 759 2746 καθειργμένοιι.

281 2740 336 2777 (77)
356 2739 478 2777 Antiqui
510 2743 624 2777 septem
644 2739 720 2769 "libri
745 2741 892 2777 ἀγωνιστὴν
918 2746 968 2767 τῶν
992 2740 1078 2777 καλῶν

245 2775 322 2805 recti
344 2782 380 2804 ac
407 2775 524 2804 honesti
541 2775 812 2813 propugnatorem.
828 2777 904 2806 Editi
927 2778 970 2804 τὸν
991 2776 1078 2804 καλόν.

926 2359 950 2376 ³⁵
966 2358 1034 2386 Jon.
1048 2367 1075 2390 ιι,
1095 2361 1119 2387 l.

951 2394 975 2411 ³²
992 2394 1095 2423 Ezech.
1111 2403 1139 2428 ιι,
1155 2397 1181 2423 9.

1128 914 1283 950 μακαρίζειν
1309 913 1338 940 δὲ
1363 916 1423 945 τοὺς
1447 914 1485 941 ἐπ’
1507 914 1594 941 ἐλπίδι
1609 919 1654 941 τοῦ
1678 915 1812 951 μέλλοντος
1836 916 1929 946 αἰῶνος

1128 960 1175 987 τὴν
1203 963 1338 996 παροῦσαν
1372 960 1441 989 ζωήν
1471 958 1649 995 διαφέροντας,
1678 963 1723 986 καὶ
1749 961 1781 985 τὰ
1811 962 1930 996 παρόντα

1127 1007 1178 1028 τῶν
1208 1003 1317 1030 αἰωνίων
1343 1003 1537 1040 ἀμειϐομένους,
1565 1004 1611 1030 κᾶν
1636 1003 1661 1030 ἐν
1694 1004 1768 1040 φλογὶ
1798 1003 1928 1040 διάγωσιν

1128 1048 1152 1073 οἱ
1168 1052 1224 1083 Θεῷ
1238 1050 1406 1085 συνημμένοι,
1425 1051 1459 1079 ὡς
1482 1050 1507 1075 οἱ
1527 1052 1595 1086 τρεῖς
1610 1047 1703 1079 παῖδες
1716 1049 1759 1075 ὶπὶ
1779 1053 1826 1080 τῆς
1847 1048 1928 1075 Βαϐυ-

1127 1092 1219 1122 λωνίας
1247 1093 1312 1126 (76),
1339 1092 1387 1118 κᾶν
1412 1093 1514 1119 λέουσιν
1541 1093 1592 1119 ὧσι
1617 1094 1859 1130 συγκαθειργμένοι,
1882 1093 1927 1119 κᾶν

1129 1137 1178 1163 ὑπό
1198 1140 1295 1168 κήτους
1317 1139 1513 1171 καταποθέντες,
1528 1137 1568 1173 ὑφ’
1582 1138 1654 1174 ἡμῶν
1674 1148 1700 1164 τε
1715 1142 1815 1175 χρῆναι
1839 1148 1927 1174 μακα-

1128 1181 1259 1218 ρίζεσθαι,
1285 1184 1329 1207 καὶ
1360 1182 1454 1213 αὐτοὺς
1486 1181 1510 1208 ἐν
1542 1185 1617 1218 χαρᾲ
1647 1180 1758 1217 διάγειν,
1789 1182 1853 1217 οὐχὶ
1873 1186 1928 1212 τοῖς

1128 1230 1257 1262 παροῦσιν
1282 1225 1478 1262 ἀλγυνομένους,
1493 1225 1558 1252 ἀλλὰ
1580 1230 1611 1262 τῇ
1627 1224 1715 1252 ἐλπίδι
1726 1230 1776 1252 τῶν
1790 1226 1824 1256 εὶς
1855 1227 1928 1252 ὕστε-

1128 1280 1172 1307 ρον
1203 1271 1264 1306 ἡμῖν
1299 1270 1470 1307 ἀποκειμένων
1508 1271 1730 1307 εὐφραινομένους.
1764 1269 1848 1306 Οἶμαι
1877 1272 1927 1307 γὰρ

1128 1318 1171 1341 τὸν
1190 1314 1334 1351 ἀγωνιστὴν
1348 1317 1391 1342 τὸν
1407 1315 1483 1341 καλὸν
1496 1315 1565 1350 (77),
1585 1315 1655 1346 ἅπαξ
1673 1314 1714 1341 ἐπὶ
1737 1316 1766 1341 τὸ
1788 1319 1836 1346 τῆς
1859 1315 1928 1341 εὐσε-

1129 1358 1200 1389 ϐείας
1224 1357 1332 1385 στάδιον
1358 1357 1501 1392 ἀποδύντα,
1523 1360 1605 1396 φέρειν
1623 1363 1723 1395 χρῆναι
1746 1361 1868 1394 γενναίως
1883 1360 1928 1390 τὰς

1129 1403 1231 1439 πληγὰς
1246 1409 1295 1430 τῶν
1311 1403 1454 1430 ἀντιπάλων
1470 1402 1557 1430 ἐλπίδι
1577 1408 1625 1434 τῆς
1647 1402 1726 1435 δόξης
1739 1407 1786 1434 τῆς
1808 1403 1859 1430 ἀπὸ
1878 1408 1928 1430 τῶν

1131 1450 1271 1485 στεφάνων,
1287 1451 1336 1475 Καὶ
1350 1451 1400 1486 γὰρ
1425 1448 1449 1475 ἐν
1470 1452 1525 1479 τοῖς
1545 1453 1685 1484 γυμνικοῖς
1708 1447 1805 1484 ἄγωσιν
1823 1450 1847 1474 οἱ
1863 1450 1929 1475 κατὰ

1129 1494 1176 1524 τὰς
1195 1493 1360 1530 παλαίστρας
1385 1497 1440 1524 τοῖς
1463 1495 1551 1523 πόνοις
1574 1493 1787 1529 προσεθισθέντες
1816 1493 1871 1528 (78)
1900 1492 1928 1519 οὐ

1129 1539 1194 1574 πρὸς
1226 1540 1254 1563 τὸ
1287 1537 1403 1573 ἀλγεινὸν
1437 1537 1621 1563 συστελλονται
1653 1542 1702 1568 τῆς
1731 1536 1842 1572 πληγῆς,
1879 1536 1929 1563 ἀλλ’

1130 1583 1209 1618 ὁμόσε
1223 1586 1345 1619 χωροῦσι
1360 1582 1413 1612 τοῖς
1439 1581 1587 1612 ἀντιπάλοις
1603 1581 1729 1617 ἐπιθυμίᾳ
1749 1585 1797 1611 τῆς
1818 1580 1929 1618 ἁναρρή-

1130 1637 1213 1660 σεως,
1247 1631 1296 1652 τῶν
1333 1628 1482 1664 παραυτίκα
1513 1627 1596 1652 πόνων
1634 1626 1817 1662 ὑπερορῶντες.
1854 1626 1928 1652 οὕτω

1129 1676 1165 1707 τῷ
1194 1669 1331 1706 σπουδαίῳ
1358 1670 1404 1697 κὰν
1429 1675 1498 1708 παρῇ
1529 1680 1554 1697 τι
1580 1674 1630 1696 τῶν
1663 1672 1854 1707 τραχυτέρων,
1882 1670 1929 1696 οὐκ

1130 1716 1295 1745 ἐπισκοτήσει
1324 1716 1379 1751 (79)
1409 1720 1445 1751 τῷ
1473 1718 1587 1752 χαίρειν.
1615 1715 1727 1741 ΔιότιΊΙ
1757 1714 1845 1750 θλίψις
1867 1716 1929 1741 ὑπο-

1129 1763 1209 1797 μονὴν
1237 1761 1434 1797 κατεργάζεται·
1462 1761 1477 1789 ἠ
1504 1758 1534 1786 δὲ
1557 1760 1673 1796 ὑπομονὴ
1704 1757 1826 1795 δοκιμὴν·
1856 1760 1871 1788 ἡ
1897 1758 1926 1785 δί

1131 1804 1227 1842 δοκιμὴ
1258 1803 1359 1831 ἐλπίδα·
1384 1806 1398 1833 ἠ
1425 1803 1454 1830 δι
1478 1803 1550 1834 ἐλπὶς
1568 1804 1598 1830 οὗ
1622 1805 1804 1839 καταισχύνει.
1822 1805 1866 1830 Διό
1881 1806 1926 1830 καὶ

1130 1850 1234 1886 ἑτέρωθι
1258 1854 1288 1885 τῇ
1317 1849 1402 1884 θλίψει
1425 1849 1567 1885 ὑπομένειν,
1593 1851 1638 1874 καὶ
1659 1852 1690 1884 τῇ
1716 1846 1803 1874 ἐλπίδι
1822 1850 1926 1885 χαίρειν

1129 1895 1200 1930 παρὰ
1221 1898 1266 1920 τοῦ
1289 1893 1368 1919 αὐτοὺ
1390 1894 1618 1929 προσετάχθημεν.
1641 1891 1726 1923 Ἐλπὶς
1750 1890 1794 1918 οὖν
1818 1891 1889 1918 ἔστιν
1911 1893 1925 1920 ή

1129 1941 1172 1967 τὴν
1183 1940 1270 1975 χαρὰν
1282 1940 1399 1964 σύνοικον
1407 1942 1438 1974 τῇ
1454 1937 1531 1974 ψυχῇ
1550 1942 1594 1963 τοῦ
1607 1935 1752 1964 σπουδαίου
1763 1938 1929 1974 παρασκευά-

1130 1983 1223 2013 ζουσα.
1251 1982 1315 2008 Ἀλλ’
1330 1982 1432 2012 ὀαὺτός
1452 1981 1608 2012 Ἀπόστολος
1631 1984 1676 2007 καὶ
1704 1981 1800 2007 κλαίειν
1828 1986 1931 2018 χρῆναι

1129 2029 1199 2064 ἡμᾶς
1213 2028 1376 2064 προστάσσει
1395 2028 1460 2063 μετὰ
1480 2026 1628 2052 κλαιόντων·
1654 2028 1698 2051 καὶ
1712 2026 1840 2056 Γαλάταις
1861 2028 1930 2063 γρά-

1129 2083 1191 2108 φων,
1213 2071 1296 2098 ἔκλαιε
1318 2074 1377 2108 περὶ
1400 2075 1450 2097 τῶν
1466 2070 1567 2108 ἐχθρῶν
1591 2074 1637 2097 τοῦ
1656 2075 1770 2106 σταυροῦ
1795 2074 1840 2096 τοῦ
1861 2075 1930 2106 Χρι-

1130 2121 1205 2144 στοῦ.
1228 2119 1278 2143 Καὶ
1292 2118 1317 2142 τί
1334 2114 1376 2142 δεῖ
1392 2115 1473 2151 λέγειν
1498 2115 1619 2152 Ἰερεμίαν
1640 2115 1782 2148 κλαίοντα;
1807 2117 1852 2140 καὶ
1883 2115 1929 2141 Ἰε-

1130 2162 1217 2193 ζεκιὴλ
1246 2163 1356 2198 θρήνους
1393 2160 1527 2197 ἀρχόντων
1563 2160 1590 2186 ἐκ
1623 2162 1827 2197 προστάγματος
1863 2164 1930 2187 Θεοῦ

1128 2208 1270 2244 γράφοντα,
1300 2208 1344 2232 καὶ
1377 2205 1486 2236 πολλοὺς
1519 2203 1548 2231 δὲ
1571 2209 1621 2230 τῶν
1641 2204 1720 2240 ἁγιων
1748 2205 1928 2241 οἰμώζοντας;

1130 2254 1219 2288 Οῖμοι,
1244 2255 1336 2287 μῆτερ,
1362 2251 1396 2281 ὡς
1415 2260 1473 2276 τινα
1496 2260 1527 2286 με
1552 2251 1633 2280 ἔτεκες
1658 2250 1731 2285 (80);
1761 2252 1817 2283 καὶ,
1839 2251 1928 2286 Οἳμοι,

1129 2298 1170 2323 ὅτι
1198 2295 1324 2322 ἀπόλωλεν
1351 2294 1462 2326 εὐλαϐὴς
1494 2294 1544 2321 ἀπὸ
1568 2298 1617 2325 τῆς
1640 2298 1700 2330 γῆς,
1727 2295 1772 2320 καὶ
1792 2294 1805 2319 ὁ
1832 2304 1929 2331 κατορ-

1176 2359 1198 2376 ’τ
1212 2359 1297 2386 Rom.
1313 2366 1341 2392 v,
1358 2359 1388 2385 3.
1447 2357 1470 2375 "
1487 2358 1572 2384 Rom.
1589 2365 1635 2388 xu,
1650 2358 1692 2384 l2.
1748 2357 1772 2374 ²⁹
1789 2355 1864 2384 lbid.
1881 2359 1925 2384 l5.

1239 2393 1263 2410 ⁸³
1278 2393 1387 2421 Jerem.
1404 2401 1451 2427 xv,
1467 2394 1509 2420 lo.

1129 2456 1299 2485 Lectionem
1310 2457 1471 2491 utramque
1481 2454 1572 2491 recipi
1585 2462 1684 2491 posse,
1696 2462 1798 2489 nemo,
1810 2455 1928 2491 opinor,

1129 2492 1222 2520 homo
1238 2499 1301 2519 non
1316 2491 1409 2519 videt.

1167 2527 1322 2563 (78,-7Unus
1336 2526 1431 2554 codex
1444 2526 1528 2554 Colb.
1544 2529 1572 2554 et
1588 2526 1658 2554 editi
1668 2528 1756 2556 πόνοις
1767 2527 1931 2563 προεθισθίν-

1130 2572 1185 2601 τεσ.
1200 2562 1404 2601 Ali_i_quinque
1420 2570 1493 2589 mss.
1509 2563 1734 2601 «pcvsﬂta'ﬂévrxg.
1806 2599 1810 2601 _
1886 2599 1889 2601 _

1165 2599 1223 2634 (79)
1242 2597 1363 2634 Veteres
1387 2601 1519 2633 quatuor
1530 2597 1602 2626 libri
1622 2597 1669 2624 οὐκ
1691 2597 1862 2634 ἐπισκοτίσει.
1879 2597 1931 2624 Alii

1131 2633 1192 2661 duo
1207 2637 1235 2661 et
1247 2633 1316 2661 editi
1332 2633 1509 2662 ἐπισκοτήσιι.
1520 2635 1580 2661 Hoc
1589 2633 1653 2669 ipso
1666 2633 1695 2661 in
1706 2633 1773 2661 loco
1787 2636 1846 2660 tres
1858 2641 1929 2660 mss.

1131 2672 1160 2696 τὸ
1175 2672 1289 2706 χαίρειν.
1306 2669 1360 2696 Alii
1375 2669 1498 2706 totidem
1513 2677 1585 2696 mss.
1601 2668 1630 2696 ὲκ
1643 2668 1714 2696 editi
1729 2669 1764 2704 τῲ
1779 2671 1895 2706 χαίρεινέ

1167 2704 1231 2739 (λ’ογ
1242 2706 1323 2732 Unus
1336 2704 1432 2732 codex
1444 2705 1515 2739 Reg.
1532 2707 1647 2736 τέτοκας.
1664 2706 1728 2733 Mox
1743 2712 1821 2732 unus
1832 2704 1931 2732 'codex

1133 2740 1216 2770 Colb.
1232 2740 1269 2766 ἐπ’
1281 2739 1436 2778 ἀνθρώποις.
