2029 3136
249 119 300 144 227

939 108 968 135 S.
990 106 1115 135 BASILII
1134 106 1241 136 MAGNI

1882 110 1938 136 228

249 186 327 212 sam,
342 175 454 212 gaudio
471 172 587 201 Domini
601 171 716 206 dignati
732 171 772 199 ob
789 170 902 199 effusas
915 178 971 207 pro
989 170 1076 198 fratre

1134 174 1183 195 τῶν
1199 170 1233 201 εἰς
1249 172 1291 196 τὸν
1307 169 1416 207 ἀδελφὸν
1430 169 1760 211 δακρύωνιτῆςχαρᾶςτόῡ
1767 172 1865 207 Κυρίου
1881 171 1938 206 (90)

249 222 411 257 lacrymas.
424 220 518 252 Quare
534 217 611 245 beati
622 219 692 244 sunt
706 216 758 252 qui
771 215 852 248 ﬂent,
864 215 945 243 beati
958 222 1079 251 quoque

250 267 303 303 qui
313 266 425 300 lugent,
437 262 582 298 quoniam
594 261 651 297 ipsi
662 260 908 292 consolabuntur,
921 261 949 287 et
960 259 1081 295 ipsimet

251 310 405 338 ridebunt.
417 309 519 335 Risum
531 308 632 334 autem
644 305 725 338 dicit,
737 313 798 333 non
808 305 965 340 strepitum
976 311 1080 340 quem-
1112 328 1115 344 ε

250 354 322 382 dam
333 361 386 390 per
401 360 494 387 genas
510 351 549 378 ab
562 350 774 378 effervescente
790 349 938 384 sanguine
954 348 1078 380 editum,

250 398 304 426 sed
319 397 499 425 hilaritatem
511 402 630 431 puram,
638 397 666 422 et
675 393 773 421 omnis
784 393 907 421 tristitiae
918 395 1077 420 exsortem.

249 443 392 476 Quocirca
406 442 508 475 lugere
517 447 586 467 cum
594 438 766 474 lugentibus
778 439 800 455 “
814 438 881 465 licet
890 445 942 473 per
953 439 1080 473 Aposto-

248 487 323 521 lum,
339 486 423 523 quod
436 486 482 514 hae
501 485 643 520 lacrymaa
658 483 738 511 velut
751 482 853 517 gaudii
864 482 966 510 aeterni
977 489 1080 510 semen

247 532 324 560 ﬁant
337 535 366 560 et
376 531 471 558 fenus.
485 528 620 556 Ascende
634 527 826 561 mihimente,
838 529 866 554 et
875 526 1080 554 conditionem

249 577 365 605 intuere
380 574 569 609 angelorum,
586 580 625 600 an
641 571 803 600 conveniat
816 571 858 598 eis
874 574 981 606 printer
1006 577 1079 604 gau-

250 620 336 648 dium
348 623 376 647 et
390 619 524 646 ltetitiam
532 617 612 645 ullus
619 616 695 643 alius
702 618 795 643 status
805 624 811 643 :
823 615 936 651 quippe
947 614 1018 650 quia
1029 615 1079 641 ha-

248 665 302 693 biti
318 667 387 692 sunt
397 663 490 698 digni,
505 662 555 698 qui
568 663 665 689 astent
681 662 750 695 Deo,
763 668 798 687 ac
809 659 1002 687 inenarrabili
1014 658 1079 695 pul-

248 708 418 738 chritudine
425 707 525 742 glorise
534 705 702 733 Conditoris
710 705 801 732 nostri
810 704 1012 740 perfruantur.
1027 705 1080 731 ita.-

249 761 308 789 que
321 753 360 781 ad
376 753 455 780 hanc
476 750 595 778 vivendi
607 750 753 777 rationem
769 749 900 776 invitans
914 757 970 776 nos
982 751 1078 784 Apos-

247 797 336 830 tolus,
358 803 478 832 semper
493 795 625 830 gaudere
641 802 699 822 nos
710 794 811 829 jussit.

285 844 311 870 5.
324 841 438 874 Quodsi
451 840 594 868 Dominus
603 839 754 874 lacrymas
762 846 853 874 super
865 839 1008 866 Lazarum
1020 837 1078 873 29

247 889 276 916 et
291 894 381 923 super
393 886 543 913 civitatem
554 883 700 920 profudit,
717 883 790 910 illud
804 883 903 910 dicere
917 882 1077 916 habemus,

247 932 350 965 ipsum
359 933 387 958 et
395 929 561 958 comedisse
573 931 600 956 et
610 927 732 960 bibisse,
744 927 957 963 nihilalioquin
969 926 1078 954 horum

248 975 408 1009 indigum:
434 973 487 1001 sed
503 972 611 1000 modos
627 980 662 1000 ac
685 971 760 998 ﬁnes
781 971 891 1006 quibus
916 970 1078 998 necessarii

249 1019 358 1048 animae
367 1018 494 1045 affectus
505 1017 724 1049 contineantur,
739 1015 789 1042 tibi
798 1015 966 1051 reliquisse.
976 1017 1078 1050 Itaque

248 1064 291 1091 sic
302 1054 390 1091 etiam
402 1063 586 1098 lacryiuatus
614 1063 668 1094 est,
684 1063 716 1088 ut
725 1060 920 1088 immodicam
931 1059 1079 1096 querulo-

248 1116 315 1137 rum
333 1115 368 1136 ac
396 1107 493 1134 luctus
519 1106 687 1134 amantium
698 1105 738 1132 ad
751 1104 887 1132 ﬂendum
903 1104 1078 1141 propensio-

248 1160 330 1187 nem,
343 1151 497 1187 animique
508 1159 614 1178 eorum
630 1150 847 1177 demissionem
860 1152 992 1177 sanaret.
1002 1151 1076 1177 Nam

249 1198 274 1226 si
285 1197 358 1233 quid
369 1196 462 1229 aliud,
475 1195 640 1232 praesertim
651 1194 792 1230 lacrymis
803 1202 881 1230 opus
892 1194 1005 1222 habent
1014 1202 1077 1221 mo-

248 1241 403 1269 deramine
423 1240 566 1268 rationis:
595 1239 782 1276 quibusnam
808 1238 1022 1274 illacrymetur,
1050 1240 1078 1266 et

248 1290 408 1322 quantum,
423 1288 452 1313 et
464 1284 602 1321 quando,
613 1287 642 1312 et
652 1284 807 1320 quomodo
816 1291 872 1319 par
881 1283 978 1311 fuerit.
991 1282 1077 1316 Quod

248 1330 329 1358 enim
344 1330 419 1358 citra
430 1329 523 1356 ullam
536 1329 629 1356 animi
641 1328 885 1363 commotionem,
899 1327 951 1355 sed
962 1327 1000 1354 ad
1012 1335 1077 1354 eru-

247 1373 376 1402 diendos
391 1381 447 1400 nos
461 1373 645 1408 lacrymatus
659 1374 704 1399 est
719 1371 873 1407 Dominus,
887 1373 1077 1407 perspectum

249 1421 293 1446 est
306 1426 341 1446 ac
357 1417 552 1445 manifestum
568 1425 603 1444 ex
615 1417 678 1444 illo:
695 1417 828 1444 Lazarus
843 1417 957 1444 amicus
977 1419 1077 1444 noster

248 1463 369 1494 dormit,
381 1463 432 1491 sed
443 1463 519 1490 vado
530 1465 592 1490 uta
607 1469 708 1489 somno
728 1461 853 1489 excitem
874 1462 981 1489 eum“.
1004 1461 1075 1493 Quis

248 1510 385 1535 nostrum
391 1507 617 1535 deﬂetamicum
624 1506 929 1542 dormientem,quem
935 1505 1075 1542 aliquan—

248 1555 279 1580 to
290 1554 358 1588 post
369 1554 471 1587 sperat
483 1551 727 1587 expergefactum
737 1550 796 1578 iri?
814 1551 938 1586 Lazare,
951 1551 1020 1578 veni
1031 1551 1077 1584 fo-

247 1604 299 1624 ras
310 1597 345 1624 ⁸⁸.
355 1597 421 1623 Iam
435 1598 571 1623 mortuus
582 1595 783 1623 revocabatur
794 1595 832 1622 ad
839 1595 931 1622 vitam
941 1604 948 1622 :
958 1595 1023 1630 jam
1034 1595 1075 1622 al-

247 1640 358 1675 ligatus
367 1639 820 1668 ambulabat.lnestmiraculum
830 1639 858 1666 in
868 1639 1076 1667 miraculo.Pe-

247 1685 301 1713 des
311 1684 483 1719 ligabantur
492 1684 610 1718 institis,
620 1691 676 1711 nec
688 1687 789 1712 tamen
804 1692 821 1712 θ.
835 1687 919 1712 motu
932 1684 1075 1720 prohibe-

246 1729 465 1757 batur.Etenim
475 1728 631 1756 aderatvis
639 1728 780 1765 quaedam
791 1729 877 1757 obice
887 1729 1076 1765 major.Quo-

246 1773 339 1802 modo
351 1774 440 1809 igitur
451 1773 729 1809 Dominus,quierat
740 1774 810 1802 talia
820 1774 1075 1807 facturus,casum

245 1817 330 1846 illum
337 1818 481 1854 lacrymis
492 1817 618 1853 dignum
622 1817 632 1852 j
638 1818 803 1846 udicasset?
811 1821 847 1846 At
856 1827 917 1846 non
924 1819 1025 1855 palam
1032 1822 1076 1847 est

244 1863 347 1899 ipsum
361 1863 567 1891 inﬁrmitatem
585 1865 723 1890 nostram
743 1863 878 1900 undique
898 1864 1075 1892 suffulcien-

244 1910 371 1941 tem,eas
379 1907 552 1935 affectiones
559 1915 627 1942 qua:
633 1907 822 1935 inevitabiles
830 1911 933 1936 suntet
939 1917 1075 1937 necessu-

245 1953 310 1985 riae,
320 1953 399 1980 intra
406 1952 514 1979 modos
520 1951 671 1988 quosdam
678 1960 713 1980 ac
719 1953 862 1980 terminos
870 1953 1074 1982 continuisse?

246 1996 409 2033 Apathiam
421 1996 545 2032 quidem
556 1995 656 2024 vitavit
667 1998 813 2032 tanquam
835 1997 982 2033 quiddam
1006 1998 1076 2026 feri-

246 2049 339 2070 num:
362 2040 458 2069 noluit
472 2043 574 2068 tamen
596 2041 718 2068 maerori
741 2050 776 2069 ac
799 2042 924 2070 tristitiae
953 2043 1073 2071 deditus

246 2094 322 2120 esse,
338 2094 372 2114 ac
388 2085 517 2113 multum
527 2085 698 2121 lacrymari,
711 2086 794 2122 quod
804 2086 862 2114 hoc
874 2086 1017 2115 illiberale
1024 2096 1073 2116 es—

245 2133 291 2159 set
303 2133 332 2158 et
343 2130 709 2165 ignavum.Quamobrem
718 2131 815 2159 amico
825 2131 965 2161 deﬂendo
975 2135 1073 2161 osten-

1134 214 1344 251 καταξιούμενοι.
1369 217 1417 241 Διὰ
1439 220 1516 242 τοῦτο
1536 217 1661 252 μακάριοι
1678 216 1703 240 οἱ
1727 215 1868 248 κλαίοντες,
1890 219 1938 241 καὶ

1134 260 1260 295 μακάριοι
1283 261 1307 285 οἰ
1330 261 1490 293 πενθοῦντες,
1514 261 1554 286 ὅτι
1570 260 1644 286 αὐτοὶ
1672 259 1937 296 παρακληθήσονται,

1134 306 1180 329 καὶ
1195 303 1269 330 αὐτοὶ
1283 304 1435 340 γελάσουσι.
1453 305 1553 331 Γέλωτα
1568 303 1598 331 δὲ
1612 304 1680 340 λέγει
1695 304 1724 330 οὗ
1747 306 1790 329 τὸν
1814 302 1860 329 διὰ
1885 309 1937 329 τῶν

1113 353 1117 379 ζ
1134 353 1245 386 παρειῶν
1260 348 1417 376 ἐκπίπτοντα
1432 349 1515 386 ψόφον
1530 349 1556 376 ἂν
1570 354 1607 386 τῷ
1629 351 1738 385 αἳματος
1762 348 1936 385 ὰναϐρασμῷ,

1113 391 1114 394 “
1135 392 1199 418 ἀλλὰ
1219 395 1265 422 τὴν
1285 394 1398 430 ἄκρατον
1420 396 1464 420 καὶ
1484 393 1564 431 ἀμιγῆ
1586 396 1682 424 παντὸς
1705 394 1862 429 σκυθρωποῦ
1883 393 1939 418 ἰλα-

1135 440 1242 474 ρότητα.
1261 438 1362 465 κλαίειν
1377 437 1421 465 οὖν
1435 440 1501 475 μετὰ
1514 439 1653 466 κλαιόντων
1667 441 1804 475 συγχωρεῖ
1824 439 1838 463 ὸ
1861 437 1939 464 Ἀπό-

1114 492 1116 501 ι
1136 482 1236 515 στολος,
1258 481 1347 512 ἐπειδὴ
1368 485 1397 509 τὸ
1417 482 1531 520 δάκρυον
1555 487 1633 510 τοῦτο
1655 484 1731 509 οἱονεὶ
1757 484 1861 519 σπέρμα
1891 484 1938 507 καὶ

1136 524 1265 562 δάνεισμα
1279 529 1378 562 γίνεται
1392 531 1440 559 τῆς
1455 527 1560 553 αἰωνίου
1580 530 1677 563 χαρᾶς.
1698 526 1793 552 Ἀνάϐα
1808 535 1854 562 μοι
1877 526 1936 560 (9i)

1135 575 1165 607 τῇ
1197 569 1310 608 διανοίᾳ,
1336 575 1380 598 καὶ
1407 573 1499 598 θέασαι
1518 574 1565 601 τὴν
1594 571 1730 607 ἀγγελικὴν
1758 571 1936 603 κατάστασιν,

1136 616 1157 641 εί
1171 616 1235 644 ἄλλη
1251 626 1291 647 τις
1306 617 1395 648 αὐτοῖς
1410 619 1501 654 πρέπει
1516 617 1690 650 κατάστασις,
1707 615 1773 645 πλὴν
1797 619 1843 642 τοῦ
1869 618 1938 651 χαί-

1134 670 1187 697 ρειν
1202 664 1246 687 καὶ
1261 660 1474 697 διενθυμεῐσθαι·
1496 663 1535 688 ὅτι
1551 661 1674 693 ἠξίωνται
1689 661 1850 697 παρεστάναι
1866 664 1936 695 Θεῷ,

1134 708 1179 731 καὶ
1196 705 1332 732 ἀπολαύειν
1348 710 1393 733 τοῦ
1412 706 1561 743 ἀπορρήτου
1586 706 1694 736 κάλλους
1716 709 1762 735 τῆς
1785 703 1866 735 δόξης
1890 708 1938 730 τοῦ

1134 751 1272 781 κτίσαντος
1288 751 1366 787 ἡμᾶς.
1384 752 1452 787 Πρὸς
1474 750 1566 776 ἐκεῖνον
1587 748 1630 776 οὖν
1650 751 1693 775 τὸν
1717 748 1775 785 βίον
1793 753 1938 785 παρορμῶν

1134 795 1230 830 ἡμᾶςὸ
1250 794 1415 828 Ἀπόστολος,
1435 795 1545 821 πάντοτε
1569 797 1673 830 χαίρειν
1697 795 1758 830 ἡμῖν
1784 791 1936 823 διετάξατο,

1170 841 1195 866 5.
1216 838 1292 865 Ἀλλὰ
1307 842 1357 875 μὴν
1373 842 1437 876 πρὸς
1451 849 1480 875 γε
1493 841 1523 866 τὸ
1548 838 1682 876 δακρῦσαι
1705 840 1748 864 τὸν
1774 839 1870 874 Κύριον
1894 837 1937 863 ἐπὶ

1133 885 1248 919 Λαζάρῳ
1272 886 1317 909 καὶ
1339 883 1381 910 ἐπὶ
1405 888 1437 920 τῇ
1460 884 1532 910 πόλει
1557 883 1635 909 ἐκεῖνο
1660 883 1737 909 εἰπεῖν
1765 883 1872 918 ἔχομεν,
1896 882 1937 908 ὅτι

1133 930 1176 953 καὶ
1206 929 1292 964 ἔφαγε,
1318 931 1362 954 καὶ
1391 930 1469 962 ἔπιεν,
1501 929 1548 955 οὐκ
1573 928 1652 959 αὐτὸς
1677 929 1775 954 τούτων
1802 925 1935 962 δεόμενος,

1134 971 1198 998 ἀλλὰ
1214 982 1255 998 σοι
1270 975 1351 1009 μέτρα
1366 975 1410 998 καὶ
1425 974 1500 1010 ὅρους
1526 977 1577 999 τῶν
1601 972 1748 1008 ἀναγκαίων
1771 975 1819 1002 τῆς
1841 971 1937 1006 ψυχῆς

1133 1017 1294 1052 παθημάτων
1309 1017 1521 1053 καταλιμπάνων,
1538 1017 1613 1043 Οὕτω
1636 1020 1698 1052 γοῦν
1722 1017 1766 1042 καὶ
1790 1013 1934 1052 ἐδάκρυσε,

1133 1065 1182 1086 τῶν
1206 1059 1351 1097 ὀδυρτικῶν
1375 1064 1419 1087 καὶ
1445 1061 1604 1098 φιλοθρὴνων
1635 1063 1664 1087 τὸ
1697 1061 1762 1097 ἄγαν
1792 1060 1936 1096 περιπαθὲς

1100 845 1118 872 Β

1132 1111 1177 1135 καὶ
1200 1112 1319 1136 ταπεινὸν
1344 1109 1570 1147 ἐπανορθούμενος.
1599 1110 1628 1136 Εἰ
1650 1111 1701 1147 γάρ
1732 1119 1758 1135 τι
1781 1108 1853 1140 ἄλλο,
1888 1111 1934 1134 καὶ

1132 1156 1161 1179 τὸ
1182 1152 1304 1192 δακρύειν
1319 1159 1367 1186 τῆς
1383 1155 1410 1181 ἐκ
1424 1153 1469 1181 τοῦ
1489 1155 1565 1191 λόγου
1582 1157 1742 1192 συμμετρίας
1763 1151 1934 1191 προσδεῖται·

1133 1197 1174 1224 ἐπὶ
1188 1201 1243 1224 τίσι
1259 1201 1316 1234 (92)
1331 1201 1460 1235 γίνεσθαι,
1476 1202 1521 1225 καὶ
1541 1199 1582 1225 ἐπὶ
1605 1201 1697 1232 πόσον,
1720 1201 1764 1224 καὶ
1789 1200 1861 1231 ποτε,
1887 1199 1934 1224 καὶ

1132 1243 1200 1274 ὅπως
1215 1249 1355 1280 προσῆκεν.
1371 1244 1431 1271 ’Ότι
1445 1246 1495 1281 γὰρ
1511 1244 1558 1270 οὐκ
1577 1243 1689 1280 ἐμπαθὲς
1713 1242 1742 1272 ἧν
1762 1245 1791 1269 τὸ
1817 1241 1934 1280 δάκρυον

1132 1292 1177 1313 τοῦ
1195 1291 1301 1325 Κυρίου,
1324 1288 1387 1314 ἀλλὰ
1413 1287 1613 1321 διδασκαλικὸν,
1638 1288 1732 1314 ἐκεῖθεν
1757 1286 1846 1317 δῆλον·
1875 1288 1934 1314 Λοξ-

1132 1334 1212 1370 ζαρος
1244 1334 1256 1358 ὁ
1284 1333 1354 1369 φίλος
1388 1334 1460 1369 ἡμῶν
1493 1335 1658 1369 κεκοίμηται,
1694 1332 1758 1358 ἀλλὰ
1789 1333 1935 1369 πορεύομαι

1486 1380 1532 1409 Τίς
1569 1378 1642 1414 ἡμῶν
1678 1377 1736 1412 (93)
1773 1379 1934 1412 κοιμώμενον

1108 1452 1109 1455 η
1132 1421 1255 1458 ὀδύρεται
1277 1422 1357 1458 φίλον,
1375 1422 1401 1447 ὃν
1421 1424 1513 1458 μικρὸν
1537 1422 1644 1459 ὕστερον
1667 1419 1807 1458 προσδοκᾲ
1830 1419 1934 1447 διυπνί-

1134 1469 1185 1499 ζειν
1201 1477 1208 1502 ;
1225 1468 1340 1504 Λάζαρε,
1357 1465 1434 1505 δεῦρο
1451 1467 1507 1498 ἔξω.
1523 1470 1573 1494 Καὶ
1599 1468 1611 1492 ὁ
1635 1469 1723 1503 νεκρὸς
1747 1465 1914 1496 ἐζωοποιεῖτο
1925 1475 1933 1483 ο

1095 1517 1116 1544 C
1133 1513 1206 1538 καὶὸ
1227 1511 1362 1548 δεδεμένος
1383 1513 1542 1548 περιεπάτει.
1559 1516 1655 1548 Θαῡμα
1677 1510 1700 1537 ἐν
1722 1512 1855 1547 θαύματι·
1881 1519 1933 1536 κει-

1132 1560 1202 1594 ρίαις
1217 1555 1343 1583 δεδέσθαι
1357 1559 1417 1588 τοὺς
1437 1555 1531 1590 πόδας,
1560 1559 1605 1582 καὶ
1633 1558 1668 1592 μή
1694 1555 1839 1581 κωλύεσθαι
1866 1556 1934 1592 πρὸς

1131 1604 1178 1630 τὴν
1191 1605 1303 1630 κίνησιν.
1320 1602 1415 1631 Μεῖζον
1430 1603 1480 1638 γὰρ
1494 1600 1524 1637 ᾖν
1544 1603 1573 1627 τό
1595 1601 1717 1637 ἐνισχύον
1733 1600 1789 1636 (94)
1813 1603 1859 1625 τοῦ
1889 1598 1933 1635 έμ-

1131 1645 1295 1676 ποδίζοντος.
1324 1650 1380 1677 Ιὶνλις
1400 1645 1444 1672 οὖν
1466 1647 1479 1672 ὁ
1499 1650 1610 1672 τοιαῦτα
1633 1645 1739 1682 ἐνεργεῖν
1763 1644 1859 1681 μέλλων
1884 1642 1934 1670 δα‹

1131 1691 1215 1727 κρύων
1230 1691 1301 1722 ἄξιον
1317 1693 1346 1716 τὸ
1367 1690 1468 1726 συμϐὰν
1482 1692 1596 1727 ἔκρινεν;
1623 1690 1657 1716 ’Ἠ
1674 1688 1763 1722 δῆλον,
1788 1690 1838 1722 ὅτι,
1868 1698 1933 1714 παν-

1131 1736 1244 1771 ταχόθεν
1272 1737 1302 1761 τὸ
1331 1734 1435 1766 ἀσθενὲς
1462 1736 1535 1771 ἡμῶν
1564 1732 1717 1772 ὑπερείδων,
1745 1735 1850 1770 μέτροις
1873 1735 1930 1759 τισὶ

1131 1782 1176 1805 καὶ
1205 1781 1274 1816 ὅροις
1302 1781 1335 1806 τὰ
1360 1779 1490 1815 ἀναγκαῖα
1517 1778 1651 1816 περιέλαϐε
1684 1779 1776 1810 πάθης
1816 1779 1847 1803 τὸ

1131 1824 1285 1860 ἁσυμπαθὲς
1308 1825 1343 1855 ὡς
1367 1822 1496 1860 θηριῶδες
1519 1823 1648 1857 ἐκκλίνων,
1672 1824 1702 1849 τό
1730 1821 1760 1848 δὲ
1791 1821 1930 1858 φιλόλυπον

1131 1871 1175 1895 καὶ
1200 1869 1360 1906 πολύθρηνον
1384 1869 1441 1904 (95)
1463 1870 1498 1898 ὡς
1523 1867 1610 1904 ἀγενες
1635 1868 1851 1905 παραιτούμενος.
1877 1868 1932 1892 Διό-

1129 1923 1188 1950 περ,
1211 1912 1393 1950 ἐπιδακρύσας
1416 1917 1452 1948 τῷ
1476 1912 1549 1949 φίλῳ,
1575 1912 1653 1942 αὐτὸς
1673 1921 1701 1938 τε
1723 1913 1770 1940 τὴν
1796 1913 1931 1937 κοινωνίαν

1129 1962 1177 1988 τῆς
1201 1957 1361 1995 ἀνθρωπείας
1390 1959 1489 1994 φύσεως
1522 1956 1680 1990 ἐπεδείξατο,
1710 1958 1755 1982 καὶ
1781 1957 1850 1992 ἡμᾶς
1880 1959 1931 1981 τῶν

1130 2002 1167 2039 ἐφ’
1190 2003 1299 2039 ἑκάτερα
1324 2002 1470 2040 ὑπερϐολῶν
1506 2001 1674 2039 ἠλευθέρωσε·
1713 2002 1779 2037 μήτε
1813 2009 1932 2036 καταμα-

1129 2047 1284 2077 λακίζεσθαι
1310 2049 1374 2084 πρὸς
1402 2048 1436 2073 τὰ
1456 2048 1537 2080 πάθη,
1567 2049 1631 2083 μήτε
1663 2045 1828 2075 ἀναισθήτως
1860 2045 1932 2080 ἔχειν

1129 2097 1179 2118 τῶν
1207 2092 1329 2130 λυπηρῶν
1357 2091 1507 2129 ἐπιτρέπων.
1538 2091 1582 2121 Ὠς
1608 2088 1651 2117 οὖν
1689 2088 1847 2120 κατεδέξατο
1884 2091 1932 2118 τὴν

1104 2134 1105 2162 Ϊ
1129 2139 1240 2163 πεῖνανό
1256 2139 1360 2174 Κύριος,
1384 2141 1432 2167 τῆς
1457 2139 1562 2174 στερεᾶς
1588 2139 1685 2172 τροφῆς
1710 2133 1931 2164 διαπνευσθείσης

1107 1400 1108 1403 η
1133 1380 1174 1404 ἱνα
1199 1378 1328 1408 ἐξυπνίσω
1360 1377 1448 1404 αὐτόν.

245 2175 288 2203 dit
299 2175 545 2203 communionem
556 2174 698 2202 humanae
708 2178 825 2203 naturae
838 2185 844 2210 ;
856 2177 1007 2214 simulque
1018 2185 1073 2205 nos

1130 2182 1209 2217 αὐτῷ,
1227 2184 1270 2208 καὶ
1285 2184 1331 2211 τὴν
1343 2180 1425 2217 δίψαν
1450 2183 1612 2218 προσήκατο,
1637 2184 1684 2210 τῆς
1707 2180 1850 2216 ὑγρότητος
1870 2178 1931 2204 ἁνα-

245 2220 285 2248 ab
293 2228 417 2248 excessu
425 2220 456 2247 in
467 2222 626 2255 utramque
639 2223 752 2255 partem
760 2219 1009 2257 liberavit,neque
1017 2230 1073 2250 nos

245 2264 365 2292 mollius
376 2264 475 2298 frangi
486 2263 735 2300 adversis,neque
746 2264 823 2292 inter
835 2265 991 2293 molestias
1003 2274 1073 2293 sen—

246 2317 298 2336 sus
310 2316 376 2337 esse
383 2311 518 2344 expertes
525 2308 978 2344 permittens.Quemadmodum
985 2310 1075 2345 igitur

246 2354 391 2381 Dominus
402 2353 506 2380 solidis
517 2352 592 2381 cibis
607 2353 730 2388 digestis
750 2353 861 2381 famem
871 2355 1022 2389 sustinuit,
1039 2355 1074 2384 si-

245 2398 360 2435 timque
375 2398 507 2432 admisit,
528 2398 656 2426 humore
672 2399 807 2434 corporis
832 2403 1023 2437 consumpto,
1046 2403 1075 2430 et

287 2488 311 2506 “
324 2488 409 2516 Rom.
426 2495 472 2521 xu,
487 2489 529 2515 t5.
567 2487 590 2505 ⁴⁵
603 2487 803 2523 Ιοαιιεκιῇη,
842 2488 866 2506 ⁸⁸
885 2488 958 2517 ibid.
974 2491 1022 2519 43.

280 2579 337 2615 (90)
351 2579 426 2615 Reg.
444 2576 596 2615 secundus
610 2578 699 2615 χαρᾶς
718 2580 766 2602 τῶν
781 2574 898 2615 δικαίων,
917 2579 1015 2614 e/fectz‘
1032 2581 1075 2609 di-

244 2611 299 2651 gn'i
309 2611 421 2652 gaudio
432 2614 598 2652 justogugn.
610 2611 733 2652 Necilta
749 2612 844 2640 multo
859 2611 1075 2652 pest'quinque

245 2647 320 2679 ᾖ]δεῖ
334 2647 498 2687 γελάσονται.
516 2647 740 2687 Summi-adticis
756 2656 784 2687 ip
798 2658 829 2676 ’s.
846 2647 985 2687 κλαίειν-δὲ
997 2647 1072 2687 μὶτά,

282 2682 473 2720 (91)’Δῐηίειιιὶ
499 2691 609 2711 novem
623 2683 692 2720 libri
714 2682 796 2709 ἀνάιῗῖι
823 2694 877 2720 μοι.
913 2682 1073 2714 Εό1ῑ1’ἀνά-

245 2721 308 2761 λαϐέ
322 2731 380 2761 μοι,
391 2719 541 2761 cornup‘te.
557 2719 641 2761 l-laud
651 2719 741 2754 longe
757 2719 827 2761 ηαξ-ζ
839 2721 991 2761 secundus
1003 2733 1073 2761 παρ-

247 2754 352 2784 ιστάνάι
367 2754 434 2791 Θεῷ.
454 2754 585 2791 Subinde
598 2754 660 2782 duo
671 2762 746 2791 mss.
763 2756 831 2791 ἡμᾶς
843 2754 990 2788 διετάξατο.

284 2794 340 2827 (92)
351 2790 436 2826 Vulg.
451 2790 493 2816 ίπὶ
508 2792 564 2816 τισί
577 2790 756 2819 Emendatio
770 2790 872 2821 Obvia.
888 2793 963 2821 Em.

1106 2255 1108 2269 ‘1
1128 2225 1256 2257 λωθείσης
1276 2231 1323 2256 τῆς
1339 2225 1363 2251 ἐν
1377 2230 1414 2261 τῷ
1430 2228 1533 2261 σώματι
1546 2236 1551 2241 ·
1577 2227 1621 2250 καὶ
1636 2223 1768 2258 ἐκοπίασε,
1785 2227 1834 2249 τῶν
1859 2226 1931 2259 μυῶν
1968 2251 1972 2255 _

1108 2282 1110 2295 ι
1129 2274 1174 2298 καὶ
1190 2275 1239 2297 τῶν
1252 2272 1346 2307 νεύρων
1364 2270 1391 2296 ἐκ
1415 2274 1462 2300 τῆς
1484 2268 1636 2306 ὁδοιπορίας
1661 2268 1854 2305 ὑπερταθέντων
1869 2277 1876 2283 ·
1901 2266 1931 2292 ού

1109 2319 1110 2346 Ἰ
1129 2320 1176 2346 τῆς
1194 2316 1313 2345 θεότητος
1327 2318 1363 2350 τῷ
1378 2315 1486 2350 καμάτῳ
1503 2312 1697 2350 δαμαζομένης,
1719 2311 1783 2338 ἀλλὰ
1805 2314 1851 2337 τοῦ
1882 2313 1932 2336 σώ-

1130 2369 1210 2396 ματος
1239 2361 1272 2385 τὰ
1298 2358 1325 2384 ἐκ
1356 2360 1457 2394 φύσεως
1492 2357 1715 2384 ἐπακολουθοῦντα
1748 2357 1931 2392 συμπτώματα

1132 2403 1287 2442 δεχομένων
1304 2403 1371 2430 οὕτω
1385 2406 1431 2430 καὶ
1450 2404 1479 2430 τὸ
1507 2401 1622 2440 δάκρυον
1645 2404 1809 2440 προσήκατο,
1832 2402 1862 2427 τὸ
1886 2410 1930 2436 φυ-

1168 2582 1224 2618 (93)
1238 2582 1360 2610 Veteres
1373 2580 1509 2618 quinque
1522 2580 1591 2609 libri
1605 2582 1645 2611 τίς
1659 2581 1741 2618 ἡμῶν,
1758 2579 1835 2618 Editi
1848 2579 1927 2618 ὑμᾱεν.

1168 2614 1223 2654 (94)
1240 2618 1358 2655 Legitur
1370 2614 1401 2655 in
1419 2614 1546 2655 quatuor
1556 2625 1630 2644 mss.
1642 2614 1820 2655 τᾷἐνιοχὺον,
1827 2615 1858 2643 in
1866 2614 1929 2642 'edi—

1130 2652 1252 2682 tis’ve‘ro
1268 2652 1296 2682 εἷ
1306 2655 1336 2681 in
1350 2653 1416 2681 aliis
1428 2652 1550 2680 duobus
1570 2661 1643 2680 mss.
1663 2652 1768 2688 ¹σχύον.
1797 2652 1863 2679 Mox
1876 2658 1928 2678 ve-

1130 2693 1206 2718 teres
1221 2690 1354 2727 quinque
1368 2688 1436 2727 libri
1450 2688 1691 2727 τοιαῦτανὲνεργεῖν.

1165 2713 1437 2761 (ξιέλιῡῖιῗὲξὸἆέ
1543 2713 1722 2761 τὸγᾷίλίὸπονον
1734 2725 1779 2749 καὶ
1795 2721 1927 2761 πολύθρη-

1128 2758 1181 2795 νον,
1197 2758 1288 2790 male.
1297 2761 1404 2789 Statim
1418 2762 1564 2796 tres‘mss.
1580 2758 1628 2790 τῆς
1643 2758 1806 2796 ἀνθρωπίνης
1816 2759 1925 2794 φύσεως.

1129 2794 1207 2825 Editi
1219 2800 1248 2825 et
1260 2797 1310 2825 alii
1325 2805 1397 2825 mss.
1413 2800 1460 2827 τῆς
1476 2794 1644 2833 ἀνθρωπηίας.
