2029 3136
79 124 126 150 229

598 122 744 151 HOMILIA
763 123 808 149 DE
828 121 1031 158 GRATIARUM
1049 123 1212 152 ACTIONE.

1689 128 1744 155 230

81 186 148 211 σικὸν
173 188 204 220 τῇ
234 186 312 221 σαρκὶ
341 182 504 219 ὶπινγίνεσθαι
532 186 681 221 σύμπτωμα
709 188 866 221 συγχωρῶν.

928 184 1103 220 ietatigatus
1117 188 1161 213 est
1171 194 1207 213 ex
1217 185 1319 214 itinere
1331 186 1364 219 ιτ,
1377 186 1520 214 musculis
1528 194 1563 215 ac
1572 188 1670 215 nervis
1679 188 1749 224 plus

79 229 151 266 Ὀπερ
175 227 320 265 συμϐαίνει,
346 228 407 254 ὅταν
431 230 464 255 τὰ
487 229 544 264 (96)
565 229 639 255 κοῖλα
658 233 703 256 τοῦ
718 228 868 265 ἐγκεφάλου,
887 244 888 248 η

80 278 123 300 τῶν
147 273 174 299 ἐκ
200 277 247 304 τῆς
268 273 354 304 λύπης
382 273 579 310 ἀναθυμιάσεων
606 274 783 311 πληρωθέντα,
817 274 871 299 οἷον

80 316 111 344 δι’
135 318 231 353 ὀχετῶν
264 327 340 344 τινων
364 322 414 344 τῶν
440 319 508 344 κατὰ
535 321 596 350 τοὺς
622 318 766 355 ὁφθαλιιοός
786 320 871 354 πόρων

78 366 118 388 τοῦ
131 363 211 398 ύγροῦ
225 363 254 388 τό
280 361 361 399 βάρος
381 361 605 393 ἁποσκευάζηται.
620 363 696 390 Ὀθεν
712 362 777 399 ἧχοί
795 372 871 397 τινες,

77 409 117 432 καὶ
144 406 249 442 ῖλιγγοι,
274 409 319 433 καὶ
348 410 491 438 σκοτώσεις
517 407 559 434 ἰπὶ
583 412 642 439 ταῖς
665 406 804 439 ἀδοκήτοις
822 412 872 434 τῶν

77 450 189 487 λυπηρῶν
215 449 307 482 ἀκοαῖς
329 450 484 487 εγγίνονται,
509 451 728 490 πιριδονουμὲνης
756 457 804 483 τῆς
833 461 873 478 ιε-

77 495 152 531 φαλῆς
176 496 225 521 ὑπὸ
250 499 300 522 τῶν
322 494 410 532 ἀτμῶν
425 497 494 532 (97),
510 496 556 528 οὕς
579 498 594 526 ἠ
621 496 662 523 ἆπὶ
685 499 714 523 τὸ
731 496 815 533 βάθος
827 493 889 523 τοῦῐ

78 540 164 576 θερμοῦ
189 540 306 577 συστολὴ
337 539 492 577 ὰναπίμπει.
521 539 596 575 Εἶτα,
622 540 705 578 οἶμαι,
731 542 818 578 ὥσπερ
843 543 872 567 τὸ

76 586 140 620 νέφος
163 584 198 615 εἰς
220 582 336 619 ψικοίδα,
358 585 441 616 οὕτως
464 587 493 611 τὸ
517 587 606 621 πάχος
628 586 687 620 (98)
707 590 757 612 τῶν
785 585 889 623 ἀτμῶνη

76 629 108 659 εἰς
133 627 247 666 δάκρυον
274 627 419 657 διαλύεται.
443 629 531 656 Ἔνθεν
560 633 605 656 καὶ
637 629 718 660 ἠδονή
748 633 787 657 τίν
815 631 872 658 ἔστι

76 676 124 703 τοῖς
149 673 319 709 λυπουμένοις
342 675 403 710 περί
425 673 469 700 τόν
499 675 601 711 θρῆνον,
628 675 802 707 λανθανόντως
825 674 872 702 διὰ

74 721 115 743 τοῦ
137 717 233 743 κλαίειν
258 720 409 754 κενουμένου
434 718 524 749 αὐτοῖς
546 723 592 745 τοῦ
617 718 784 756 βαρύνοντος.
812 724 871 747 Συν-

76 764 161 790 ίστησι
177 760 206 788 δε
220 766 268 788 τοῦ
282 762 360 799 λόγου
379 764 408 789 τὸ
423 762 517 795 ἀληθὲς
531 764 546 793 ἡ
566 767 643 800 πεῖρα
655 769 704 790 τῶν
720 766 868 801 γινομένων.

75 806 178 838 Πολλούς
199 809 251 844 γὰρ
281 808 392 844 ἔγνωμεν
418 807 442 833 ἰν
467 812 614 846 συμφοραῖς
637 808 788 840 ἀνηκέστοις
809 809 870 836 ἁπο-

924 237 1012 266 aequo
1023 230 1169 258 distentis,
1181 238 1240 258 non
1253 231 1469 259 succumbente
1476 231 1572 260 labori
1583 232 1749 267 divinitate,

925 274 977 302 sed
993 283 1118 311 corpore
1139 283 1207 311 quin
1223 275 1316 311 ipsius
1335 278 1474 303 naturam
1498 277 1636 304 comitari
1652 277 1750 306 solent

925 319 1118 356 suscipiente:
1128 320 1207 347 hunc
1216 319 1254 347 ad
1263 319 1387 347 modum
1396 320 1516 348 admisit
1523 329 1645 357 quoque
1655 321 1750 358 lacry-

926 372 1002 396 mas,
1014 364 1096 392 carni
1110 364 1212 392 sinens
1223 364 1359 392 accidere
1373 365 1457 400 quod
1475 365 1501 393 ei
1520 368 1582 393 erat
1601 366 1748 395 naturale.

927 410 986 436 Hoc
1001 411 1102 436 autem
1119 409 1264 444 contingit
1274 411 1339 437 tum
1358 417 1428 437 cum
1447 409 1562 437 cerebri
1576 418 1661 442 cava,
1673 411 1751 439 exci-

928 454 995 482 tatis
1014 462 1032 482 a
1048 453 1165 482 tristitia
1187 453 1352 490 vaporibus
1375 453 1492 488 referta,
1517 461 1571 490 per
1593 455 1750 484 oculorum

926 501 1044 526 meatus
1058 498 1139 526 velut
1151 506 1205 535 per
1219 498 1371 534 quosdam
1387 498 1509 526 canales
1524 498 1658 526 humoris
1671 507 1749 528 onus

926 545 1060 578 egerunt.
1078 542 1283 575 Quamobrem
1298 551 1367 572 cum
1380 550 1428 570 res
1443 550 1551 577 graves
1568 551 1602 571 ac
1618 544 1750 572 molestas

925 590 1033 624 printer
1044 588 1299 624 exspectationem
1317 587 1491 622 audiuntur,
1503 587 1536 615 ﬁt
1548 588 1673 616 tinnitus
1687 589 1751 624 qui-

925 632 1007 665 dam,
1019 632 1205 668 vertigoque,
1216 635 1244 659 et
1257 631 1414 659 oculorum
1426 631 1521 666 caligo
1533 640 1539 659 :
1552 632 1701 668 siquidem
1711 633 1750 660 ob

925 684 1053 712 vapores
1064 684 1141 713 quos
1152 676 1233 704 calor
1242 675 1272 703 in
1289 675 1431 704 interiora
1449 679 1619 704 contractus
1630 684 1751 704 sursum

925 720 1162 756 emittit,vacillat
1172 723 1263 756 caput
1272 723 1301 747 et
1311 720 1534 754 circumagitur.
1545 720 1666 755 Deinde,
1683 729 1751 750 mea

924 765 1047 802 quidem
1060 764 1479 800 sententia,quemadmodum
1489 763 1587 792 nubes
1597 765 1627 792 in
1638 767 1751 800 guttas,

925 810 966 838 sic
977 818 1085 838 crassae
1093 816 1238 845 vaporum
1252 811 1350 844 partes
1359 808 1580 836 resolvunturin
1588 808 1751 845 lacrymas.

76 851 162 883 στάξαι
194 853 223 877 τὸ
259 849 375 889 δάκρυον
407 851 504 888 βιαίως
527 852 781 890 ίγκαρτιρὴσαντας·
815 853 870 881 εἶτα

928 854 999 882 Hinc
1013 854 1103 882 etiam
1116 853 1256 889 voluptas
1268 853 1409 889 qutedam
1424 853 1500 880 inter
1514 852 1679 888 lugendum
1692 854 1750 889 30

74 897 126 926 τοὺς
147 897 191 931 μεν
215 896 254 927 εἰς
277 895 408 925 ἀνήκεστα
430 896 589 933 ἐμπεσόντας
609 899 692 931 πάθη,
707 898 870 930 ἀποπληξίας

76 939 88 968 ἦ
108 939 278 977 παραλύσεις,
305 942 367 971 τοὺς
393 939 432 974 δὲ,
455 943 501 967 καὶ
524 941 654 973 παντελῶς
675 941 867 977 ἁποψύξαντας,

76 984 153 1021 ὥσπερ
169 983 323 1021 ἐρείσματος
342 984 466 1016 ἀσθενοῦς
485 986 552 1021 (99),
569 990 617 1017 τῆς
637 985 771 1023 δυνάμεως
786 987 870 1013 αὐτῶν

75 1032 106 1064 τῷ
126 1027 201 1066 βάρει
226 1032 277 1060 τῆς
296 1028 381 1059 λύπης
403 1029 623 1061 ὑποκλασθείσης.
646 1030 679 1057 Ὀ
698 1033 746 1068 γὰρ
768 1031 809 1057 ἐπὶ
823 1036 871 1063 τῆς

76 1072 160 1108 φλογὸς
185 1074 250 1110 όρᾴν
274 1073 399 1110 ὑπάρχει,
423 1073 472 1099 ὑπὸ
497 1078 543 1100 τοῦ
567 1075 663 1101 οἰκείου
676 1075 757 1104 αὐτὴν
772 1080 870 1103 καπνοῦ

75 1118 285 1153 καταπνίγεσθαι,
302 1120 337 1154 μὴ
352 1117 510 1153 ὑπεξιόντος,
527 1118 590 1145 ἀλλὰ
604 1122 663 1156 περὶ
684 1121 765 1150 αὐτὴν
787 1122 870 1148 εἱλου-

75 1163 153 1196 μένου,
168 1164 248 1188 τοῦτό
264 1172 328 1198 φασι
349 1165 394 1189 καὶ
413 1162 455 1189 ἰπὶ
478 1168 526 1194 τῆς
548 1164 736 1200 οἰκονομούσης
755 1168 784 1192 τό
805 1166 870 1196 ζῶον

77 1203 201 1242 δυνάμεως
233 1207 367 1241 γίνεσθαι·
395 1206 623 1244 ἀπομαραίνεσθαι
655 1210 706 1246 γὰρ
740 1210 790 1235 ὑπὸ
821 1215 870 1236 τῶν

77 1248 213 1288 ὀδυνηρῶν,
239 1252 286 1277 καὶ
310 1250 547 1286 κατασϐέννυσθαι,
576 1251 709 1290 μηδεμιᾶς
734 1257 871 1291 γινομένης

77 1293 114 1321 ἐπί
127 1297 154 1321 τὸ
169 1295 216 1326 ἔξω
232 1293 372 1326 ὃιαπνοῆς.

925 898 1040 926 accedit
1055 897 1260 930 merentibus,
1275 897 1347 933 quia
1361 897 1444 933 quod
1456 896 1540 932 ipsos
1550 896 1751 932 aggravabat,

924 943 953 971 id
967 942 1092 970 latenter
1113 949 1166 978 per
1181 941 1332 977 ploratum
1348 941 1503 976 ejectatur.
1520 942 1631 969 Horum
1651 943 1752 969 autem

924 988 1087 1015 verborum
1099 986 1254 1014 veritatem
1274 985 1386 1013 stabilit
1397 985 1464 1021 ipsa
1483 993 1584 1013 rerum
1598 985 1751 1021 experien-

924 1032 974 1059 tia.
989 1031 1131 1060 Novimus
1144 1038 1276 1066 namque
1288 1030 1398 1057 multos
1409 1029 1439 1057 in
1452 1029 1637 1064 gravissimis
1648 1029 1754 1057 adver-

925 1076 1063 1104 sitatibus
1074 1075 1130 1102 sibi
1141 1082 1194 1111 per
1209 1075 1270 1102 vim
1284 1082 1302 1102 θ.
1316 1074 1459 1109 lacrymis
1470 1076 1665 1110 temperasse,
1676 1081 1752 1109 quo-

924 1128 992 1149 rum
1003 1119 1051 1148 alii
1063 1119 1190 1155 posthac
1204 1119 1235 1146 in
1251 1118 1487 1146 immedicabiles
1504 1118 1628 1146 morbos
1642 1118 1753 1145 incide-

925 1165 1038 1198 runt,in
1044 1163 1236 1200 apoplexiam
1248 1162 1484 1198 paralysimque;
1496 1162 1622 1189 aliivero
1628 1162 1753 1190 omnino

926 1216 1101 1246 supremum
1113 1207 1192 1235 diem
1204 1207 1353 1239 obierunt,
1363 1206 1445 1242 quod
1456 1214 1561 1234 eorum
1571 1206 1753 1242 vires,quasi

926 1253 1016 1282 debili
1029 1252 1165 1289 quodam
1190 1251 1284 1279 fulcro
1306 1250 1464 1282 destitutae,
1482 1250 1616 1286 pondere
1631 1250 1752 1278 tristitie;

926 1299 1146 1333 frangerentur.
1163 1297 1237 1324 Nam
1259 1295 1342 1331 quod
1362 1294 1463 1322 videre
1485 1294 1515 1322 in
1534 1294 1658 1322 ﬂamma
1673 1294 1752 1328 licet,

79 1347 165 1375 quam
175 1339 280 1368 fumus
290 1340 432 1377 proprius
443 1341 467 1369 si
477 1348 540 1369 non
549 1344 646 1375 exeat,
658 1343 713 1370 sed
721 1343 986 1375 circumvolvatur,
999 1341 1136 1374 sufiocat,
1148 1339 1179 1368 id
1190 1340 1279 1368 etiam
1293 1339 1323 1366 in
1334 1339 1474 1366 facultate
1484 1346 1546 1375 qua
1557 1337 1670 1366 animal
1681 1346 1753 1365 con-

79 1383 215 1419 stituitur,
225 1384 292 1412 ﬁeri
308 1384 423 1420 dicunt,
438 1385 583 1414 nimirum
598 1386 791 1416 extabescere
805 1389 888 1418 illam
905 1391 934 1418 et
948 1385 1098 1422 exstingui
1112 1393 1175 1422 prie
1188 1383 1355 1418 doloribus,
1369 1383 1392 1411 si
1411 1382 1512 1411 nullus
1527 1383 1586 1411 sibi
1604 1382 1700 1411 exitus
1712 1382 1754 1412 ad

77 1428 220 1457 exteriora
236 1429 402 1465 aperiatur.

107 1474 132 1502 6.
151 1475 192 1502 Μὴ
208 1476 296 1500 τοίνυν
312 1473 348 1504 εἰς
372 1476 530 1511 συνηγορίαν
550 1478 596 1501 τοῦ
616 1475 712 1502 οἰκείου
731 1478 831 1509 πάθους
843 1479 872 1504 τὸ

962 1477 989 1505 ϐ.
1001 1475 1057 1509 Qui
1078 1474 1167 1510 igitur
1186 1472 1423 1509 tristitiaa{dediti
1445 1473 1525 1507 sunt,
1536 1479 1574 1499 ne
1588 1471 1619 1499 in
1634 1479 1696 1499 suae
1710 1470 1754 1499 in-

76 1521 118 1543 τοῦ
137 1520 233 1555 Κυρίου
255 1517 493 1555 προϐαλλέσθωσαν
519 1519 557 1555 (1)
582 1517 696 1556 δάκρυον
720 1522 744 1547 οὶ
766 1521 872 1557 φιλόλυ-

76 1571 126 1589 ποι.
148 1562 191 1594 Ὠς
216 1565 268 1600 γὰρ
297 1563 312 1592 ἡ
339 1562 451 1600 βρῶσις,
480 1563 510 1593 ἣν
537 1564 550 1590 ὁ
578 1566 674 1601 Κύριος
699 1567 800 1602 ἔφαγεν,
826 1567 873 1593 οὐκ

77 1607 141 1632 ἔστιν
164 1605 330 1638 ἡδυπαθείας
354 1608 417 1644 ἡμῖν
439 1607 554 1646 ἀφορμὴ,
567 1611 597 1635 τὸ
619 1608 730 1636 ὶναντίον
745 1612 790 1647 μὶν
817 1609 871 1645 οὗν,

77 1649 219 1688 ἄγκρατείας
245 1653 291 1678 κα)
323 1651 481 1689 αὐταρκείας
504 1654 562 1690 ὅρος
593 1654 606 1679 ὁ
640 1653 771 1681 ἀνωτάτω·
806 1656 873 1682 οὕτω

77 1698 118 1721 καὶ
140 1698 169 1722 τὸ
194 1694 309 1734 δάκρυον
332 1696 380 1722 οὐκ
402 1698 459 1723 ἔστι
473 1698 613 1733 νομοθεσία
627 1701 691 1735 πρὸς
711 1701 739 1725 τὸ
761 1700 872 1737 θρηνεῖν,

78 1739 138 1766 ἀλλὰ
170 1742 262 1777 μέτρον
295 1740 542 1777 εὐσχημονέστατον
575 1742 684 1777 ἰκτςθεν,
714 1746 759 1770 καὶ
791 1747 873 1770 κανὼν

77 1782 195 1821 ἀκριϐὴς,
220 1784 278 1811 καθ’
300 1784 326 1811 ὃν
357 1790 474 1822 προσῆκι
506 1791 604 1823 σεμνῶς
629 1790 674 1814 καὶ
702 1788 874 1825 εὐσχημόνως

76 1832 127 1860 τοῖς
141 1833 189 1859 τῆς
202 1830 301 1865 φύσεως
317 1830 387 1866 ὅροις
401 1829 556 1866 ἐμμένοντας
570 1829 701 1869 διαφέρειν
715 1834 748 1858 τὰ
758 1833 872 1870 λυπηρά.

62 1871 197 1914 TWa-33‘s
209 1873 336 1910 γυναιξὶν,
360 1875 419 1900 οὔτε
442 1873 570 1912 ἀνδράσιν
595 1875 781 1914 επιτέτραπται
793 1877 831 1912 (2)
845 1878 873 1903 τὸ

62 1917 218 1952 ἶφιλοπενθίς
244 1920 291 1945 καὶ
317 1917 480 1955 πολύδρακυ,
513 1919 565 1946 ἀλλ’
595 1921 655 1947 ὅσον
683 1920 874 1957 ὶπιστυγνάσαι

64 1964 125 1993 ἕτοῐς
137 1962 276 2000 λυπηροῖς,
291 1965 336 1990 καὶ
360 1966 452 2001 μικρόν
467 1974 493 1990 τι
516 1962 630 2002 δὰκρυον
656 1964 814 2000 ἀποστάξαι,
830 1969 875 1992 καὶ

68 2004 145 2046 ἔτοῡτο
172 2008 280 2043 ἡσυχῆ,
305 2009 341 2044 μὴ
370 2007 591 2045 ἁναϐρυχώμενον
615 2009 684 2046 μηδε
709 2010 873 2043 ὄλολύζοντα,

67 2042 139 2087 ’μηδι
156 2052 375 2090 καταρῤηγνύντα
397 2057 510 2088 χιτῶνα,
537 2053 553 2082 ἢ
578 2057 648 2081 κόνιν
670 2057 873 2091 καταχεόμενον,

60 2119 62 2137 ,
76 2094 134 2131 μηδ’
144 2097 205 2123 ἄλλο
218 2106 245 2123 τι
259 2101 378 2123 τοιοῦτον
399 2097 606 2134 ἀσχημονοῦντα
624 2104 675 2126 τῶν
690 2098 876 2136 ἐπιτηδευομέ-

927 1520 1076 1549 ﬁrmitatis
1088 1518 1288 1555 patrocinium
1301 1516 1417 1545 Domini
1428 1516 1752 1552 lacrymasopponant.

928 1567 963 1594 Ut
973 1566 1053 1594 enim
1064 1564 1227 1599 cibus,quo
1239 1561 1383 1590 Dominus
1393 1560 1580 1592 vescebatur,
1593 1560 1755 1596 voluptatis

928 1610 1015 1638 nobis
1023 1608 1142 1637 occasio
1153 1614 1215 1635 non
1227 1608 1280 1639 est,
1294 1607 1356 1634 imo
1366 1613 1437 1633 vero
1448 1604 1653 1641 temperantia:
1663 1608 1754 1641 atque

927 1653 1105 1689 frugalitatis
1116 1659 1258 1688 suprema
1265 1649 1369 1686 regula
1375 1653 1419 1678 est
1427 1653 1455 1678 et
1465 1649 1562 1678 forma
1570 1657 1577 1677 :
1584 1649 1625 1678 ita
1632 1656 1756 1686 quoque

927 1699 1071 1735 lacrymae
1082 1705 1143 1725 non
1164 1698 1236 1724 sunt
1254 1696 1344 1723 nobis
1358 1695 1422 1723 vice
1432 1694 1517 1730 legis,
1529 1703 1591 1731 qua
1601 1694 1703 1730 lugere
1717 1697 1755 1722 te-

928 1751 1055 1772 neamur
1069 1751 1075 1769 :
1093 1741 1148 1769 sed
1162 1739 1448 1768 convenientissima
1460 1739 1601 1775 quaedam
1613 1746 1757 1767 mensura

928 1794 1097 1822 normaque
1108 1787 1247 1813 accurat't
1258 1784 1289 1812 in
1297 1784 1344 1812 his
1350 1784 1439 1811 nobis
1447 1783 1601 1819 proposita
1612 1786 1666 1816 est,
1670 1783 1680 1818 j
1687 1785 1756 1811 uxta

928 1839 1023 1869 quam
1034 1839 1089 1867 par
1099 1829 1276 1858 tueritintra
1289 1830 1404 1855 natura;
1424 1827 1569 1855 terminos
1588 1827 1715 1862 graviter
1730 1829 1759 1855 et

928 1877 1055 1905 honeste
1066 1875 1286 1911 permanere,et
1297 1872 1391 1901 tristia
1399 1872 1648 1908 perlerreJtaque
1658 1879 1758 1908 neque

930 1920 1107 1949 mulieribus
1117 1926 1216 1954 neque
1237 1917 1308 1945 viris
1329 1917 1536 1952 lacrymarum
1553 1915 1686 1943 studium
1705 1917 1758 1944 aut

929 1965 1019 2001 copia
1031 1964 1180 2001 permissa
1191 1964 1272 1996 sunt,
1285 1961 1338 1990 sed
1350 1964 1479 1994 tantum,
1492 1963 1643 1997 quantum
1656 1960 1702 1988 t'as
1713 1962 1759 1989 est

930 2009 1066 2038 afﬂictari
1082 2007 1120 2036 de
1131 2006 1277 2041 adversis,
1291 2008 1320 2034 et
1339 2013 1448 2041 parum
1462 2004 1643 2040 lacrymari;
1665 2004 1759 2041 idque

929 2054 1017 2082 tacite
1024 2053 1086 2081 sine
1097 2051 1341 2084 fremitibus.sine
1348 2050 1599 2085 ejulatibus.adeo
1608 2051 1758 2077 utvestem

931 2098 1050 2127 scindat
1073 2104 1175 2131 nemo,
1190 2104 1246 2124 nec
1267 2095 1399 2123 cinerem
1421 2094 1592 2130 inspergat;
1609 2101 1664 2122 nec
1677 2093 1760 2122 aliud

59 2138 60 2155 ‘
76 2150 120 2166 νων
133 2143 204 2179 παρά
215 2146 268 2168 τῶν
282 2140 447 2173 ἀπαιδεύτως
457 2142 570 2179 ἐχόντων
581 2145 646 2181 πρός
660 2146 692 2170 τὰ
706 2144 816 2180 οὐράνια

930 2142 1099 2180 quidquam
1111 2148 1217 2169 eorum
1231 2140 1374 2168 indecore
1384 2141 1464 2173 agat,
1475 2146 1544 2174 quae
1555 2138 1652 2166 facere
1663 2138 1760 2166 solent

78 2188 116 2211 Διῖ
127 2187 177 2222 γὰρ
201 2188 246 2212 τὸν
272 2187 461 2223 κεκαθαρμένον
486 2192 522 2223 τῷ
548 2189 607 2224 θείῳ
628 2186 806 2224 διδασκαλίῳ,
823 2189 876 2215 οἷον

54 2250 56 2260 ,
78 2228 163 2267 ὀχυρῷ
175 2239 228 2256 τινι
252 2233 347 2267 τιιχίῳ
369 2235 405 2267 τῷ
420 2231 488 2269 ὀρθῳ
502 2231 571 2269 λόγῳ
591 2234 753 2270 πεφράχθαι,
769 2235 814 2260 καὶ
830 2232 876 2259 ἁν-

79 2271 166 2311 δρείως
189 2277 235 2302 καὶ
257 2280 389 2313 καρτερῶς
409 2277 456 2308 τὰς
477 2281 528 2303 τῶν
549 2278 673 2304 τοιούτων
692 2279 781 2304 παθῶν
796 2287 878 2315 προσ-

78 2317 152 2350 ϐολὰς
165 2318 357 2356 ἀπαμύνασθαι
379 2321 430 2357 (4)·
448 2323 492 2348 καὶ
514 2323 551 2358 μὴ
576 2323 692 2360 καθάπιρ
717 2324 754 2354 εἷς
773 2333 801 2350 τι
823 2333 878 2360 χω-

111 2382 132 2399 ”
150 2383 239 2411 Joan.
254 2390 295 2417 iv,
317 2385 343 2411 6.

120 2427 166 2464 νδ)
186 2430 230 2456 Ita
245 2427 364 2464 antiqui
377 2429 511 2464 quatuor
523 2428 602 2457 libri.
619 2429 696 2458 Editi
712 2429 754 2456 ὅτι
768 2430 810 2456 τά.

120 2462 167 2499 97)
178 2464 249 2499 Reg.
264 2462 541 2501 secundiis_&1r6_-rév
553 2464 649 2501 ἀτμῶν.
661 2467 719 2493 Nec
731 2465 773 2494 ita
784 2464 879 2494 multo

119 2498 353 2538 {aiunus‘codex
366 2499 449 2538 (‘o_l_b.
461 2498 549 2538 ὀῖμαι,
566 2498 615 2534 ὅτι,
630 2500 728 2538 ὣσπιρ.

187 2534 313 2570 Antiqui
327 2538 386 2572 tres
401 2535 468 2563 libri
481 2534 563 2567 οὕτως
575 2537 604 2562 τὸ
619 2534 705 2572 παχύξ

119 2570 164 2606 99)
185 2570 480 2610 [inus_codex_‘l_ieg.
496 2573 525 2599 et
549 2570 769 2610 Colb.__prit_nus
791 2571 878 2610 ὥσπερ

78 2605 170 2642 ἔρισμα
183 2608 214 2646 τὸ
230 2605 346 2646 {la-Ouk.
373 2606 428 2635 Alii
449 2615 524 2635 mss.
550 2609 580 2636 et
601 2605 672 2636 editi
695 2608 782 2644 ὥσπερ
807 2605 878 2646 ἐριίέ

80 2641 174 2676 σματος
190 2641 328 2672 ἀσθενοῦς.

110 2677 149 2716 (_I_)
169 2679 244 2716 Reg.
260 2677 382 2716 primus
393 2679 427 2716 τὸ,
437 2682 483 2716 τοῦ
496 2682 615 2715 Χριστοῦ
630 2678 877 2716 προϐαλλέσθωσαν.

80 2711 158 2751 Colb.
174 2711 544 2751 teﬂilfs‘rrpoceqtyatiqe‘ar.

111 2747 149 2784 (2)
167 2748 295 2785 Antiqui
309 2747 361 2777 Sex
388 2748 457 2778 libri
475 2749 670 2789 ἕπιτίτραπται.
691 2750 766 2780 Editi
780 2749 879 2788 but-pl-

78 2496 84 2504 ο

76 2505 104 2525 1n

919 2416 922 2419 Ι
932 2438 1019 2456 πει-αι.
1036 2427 1119 2455 Colb.

930 2195 1031 2216 rerum
1042 2185 1206 2214 cmlestium
1223 2183 1365 2220 imperiti.
1382 2184 1505 2218 Oportet
1523 2182 1603 2210 enim
1618 2190 1688 2210 eum
1706 2181 1760 2218 qui

931 2232 1034 2260 divina
1046 2231 1185 2260 doctrina
1205 2231 1351 2266 purgatus
1365 2230 1420 2262 est,
1437 2230 1518 2255 recta
1536 2227 1663 2261 ratione,
1678 2225 1762 2255 velut

931 2277 1021 2305 ﬁrmo
1030 2275 1166 2312 quodam
1183 2281 1282 2308 muro,
1296 2272 1459 2309 obseptum
1475 2279 1550 2304 esse,
1562 2274 1591 2300 et
1601 2271 1705 2300 talium
1717 2271 1760 2300 ato

931 2321 1095 2350 lectionum
1108 2319 1242 2348 assultus
1254 2317 1376 2346 viriliter
1386 2325 1421 2345 ac
1433 2319 1553 2345 strenue
1568 2316 1760 2353 propulsare.

1144 2425 1263 2463 primus
1284 2424 1460 2463 ἐπιτέτακται.
1483 2423 1671 2463 Statim__t_res
1686 2431 1759 2463 mss.

933 2466 969 2501 μὴ
998 2459 1225 2502 ἀναϐρυχὼμενον.
1252 2461 1340 2502 Ιίρἱί⁹
1352 2463 1382 2502 et
1403 2469 1477 2502 mss.
1492 2459 1630 2488 nonnulli
1649 2459 1761 2502 ὰναξρυ-

933 2496 1128 2536 ῥεόμενονίΝὸο
1141 2496 1204 2536 'ita_
1218 2497 1313 2536 multo
1332 2496 1456 2524 inferius
1478 2504 1528 2524 sex
1537 2504 1614 2536 mss.
1630 2496 1762 2536 καταρῥηο

932 2531 1029 2572 ίίνΰντα
1047 2538 1157 2570 χιτῶνα.
1185 2532 1262 2561 Editi
1287 2534 1316 2561 et
1338 2539 1418 2560 unus
1442 2540 1517 2560 mss.
1537 2532 1612 2566 Reg.
1630 2531 1761 2570 καταρρη-

951 2573 1065 2597 νύιιενον.

933 2581 1065 2608 γνυμενον.
1589 2602 1606 2608 u

961 2606 1008 2647 ρ)
1028 2606 1100 2647 ινξε-
1119 2604 1244 2647 .ρξ·ίειιιξε
1265 2604 1330 2640 πρὸς
1408 2602 1525 2647 eiseis-
1547 2601 1608 2647 ei?!
1621 2610 1706 2647 ,mrs-
1733 2604 1762 2647 βε

934 2639 1005 2670 editi
1020 2639 1085 2678 πρὸς
1097 2639 1303 2677 τὸίὰνθρὼπινα,
1316 2639 1357 2678 ρο
1372 2639 1518 2678 ίγζιῃρνίίίξ
1536 2645 1638 2678 rerum
1659 2639 1763 2667 huma-

932 2672 1054 2706 narum'.
1071 2678 1137 2705 Mox
1149 2672 1207 2704 tre's
1224 2684 1294 2703 mss.
1312 2675 1371 2710 θείῷ
1387 2672 1576 2710 διδασκαλείῳ.

970 2715 1008 2749 (Ii)
1028 2714 1146 2749 Veteres
1170 2711 1286 2749 aliquot
1305 2710 1383 2749 libri‘
1403 2709 1594 2749 ἀπαμύνεσθαι.
1620 2709 1694 2749 Reg,
1718 2717 1763 2737 se-

934 2745 1053 2778 cuhdus
1073 2745 1231 2785 ἀμύνεσθαιιῖ
1243 2748 1308 2776 Mox
1322 2745 1406 2775 Colb.
1422 2745 1540 2782 primus
1559 2746 1594 2777 εἶς
1617 2754 1644 2771 τι
1657 2747 1760 2781 χόριον.
