2029 3136
245 142 298 169 235

925 140 954 168 S.
974 139 1098 166 BASILH
1119 139 1234 169 MAGNI

1870 147 1923 172 236

243 203 386 235 vicerant,
413 203 530 229 mutata
548 200 682 228 secunda
709 201 840 232 fortuna,
861 199 1048 237 spectaculur

1105 203 1196 234 κείων,
1212 206 1417 241 περιτραπείσης
1443 204 1530 234 αὐτοῖς
1567 208 1614 235 τῆς
1642 204 1789 241 εὐημερίας,
1819 205 1922 231 ἐλεεινόν

245 246 418 274 miserabile
432 245 502 273 {acti
517 247 587 272 sunt
597 248 626 273 et
641 245 754 273 fabula.
767 246 811 273 Ad
828 246 892 273 lizec
907 247 1011 280 gentes
1024 243 1068 271 in-

244 293 334 326 tegra),
343 299 377 318 ac
388 290 505 323 insulae,
512 290 646 326 potentia
653 298 714 317 non
725 290 867 318 mediocri
879 298 945 317 com
951 290 1067 324 parata,

244 335 350 363 erectis
373 337 451 362 terra
475 334 612 369 marique
634 333 736 361 multis
759 334 891 370 tropaeis,
919 331 1068 366 congestis

243 387 280 407 ex
290 378 405 406 exuviis
417 378 528 414 opibus
543 377 653 411 multis,
667 380 719 405 aut
731 381 894 414 aSsumptae
910 380 981 404 sunt
995 379 1067 404 tem-

243 431 326 460 pore,
339 425 391 451 aut
405 423 436 450 in
451 422 654 458 captivitatem
670 423 809 456 redactae,
825 422 965 450 servitute
978 421 1065 448 liber-

241 471 332 496 tatem
347 470 513 495 mutarunt.
530 467 601 494 Etin
613 475 742 499 summa,
752 467 956 503 quodcunque
973 465 1066 493 maxi-

241 521 361 541 morum
374 515 403 539 et
431 511 665 539 iutolerabilium
682 511 831 539 malorum
846 511 944 547 possis
958 510 989 537 in
1004 517 1065 537 me-

240 557 325 585 dium
350 556 494 593 proferre,
509 556 620 583 nullius
640 564 701 583 non
729 556 868 591 exempla
882 555 972 582 habet
998 556 1064 582 acta

237 603 301 638 jam
317 604 400 629 mtas.
417 600 682 633 Quemadmodum
698 601 788 635 igitur
804 600 887 628 librae
903 598 1063 627 momentis

238 646 438 674 discernimus
463 645 609 681 pondera,
627 648 655 673 et
680 646 746 673 auri
766 645 926 673 discrimen
943 653 978 672 ex
993 643 1063 671 coti-

237 691 312 719 cuiae
326 690 444 718 aﬁ‘rictu
458 690 654 725 exploramus
669 701 675 716 :
689 690 731 718 ita
745 690 769 717 si
785 692 912 717 statutos
933 688 1023 716 nobis
1044 696 1062 715 a

237 735 362 762 Domino
372 734 449 762 fines
465 741 500 761 ac
515 733 624 760 modos
640 736 813 770 repetamus
824 733 980 766 memoria,
996 740 1061 759 nus-

234 787 328 817 quam
344 778 509 815 prudeutias
524 786 559 806 ac
583 778 799 806 moderationis
814 779 959 805 terminos
978 784 1061 804 exce-

234 825 352 852 demus.
371 825 447 858 Ergo
462 823 487 850 si
498 823 622 858 quando
637 822 688 850 tibi
705 823 817 858 aliquid
835 821 992 856 contigerit
1006 821 1059 848 ad-

231 869 320 901 versi,
336 868 467 896 maxime
484 875 553 894 cum
573 870 705 894 mentem
724 867 789 902 jam
812 867 906 902 probe
931 867 1058 894 instruc-
1077 879 1099 905 Β

232 916 293 941 tam
309 913 436 944 habeas,
455 919 492 939 ne
507 911 654 939 turberis:
672 911 781 939 deinde
800 919 883 944 vero,
898 910 1058 947 praesentia

230 958 324 986 facias
337 957 449 984 leviora
464 964 518 992 spe
534 956 716 983 futurorum.
740 957 774 983 Ut
798 956 878 983 enim
900 955 930 984 ii.
946 954 1058 990 quibus

230 1002 310 1030 oculi
324 1001 436 1029 inﬁrmi
447 1003 527 1032 sunt,
544 1000 669 1028 obtutus
681 1008 752 1028 suos
765 1008 782 1028 a
796 1000 886 1027 rebus
899 999 990 1027 nimis
1002 999 1056 1027 ful-

229 1046 308 1081 gidis
321 1045 494 1077 deﬂectunt,
511 1052 623 1080 eosque
642 1044 754 1072 ﬂorum
775 1046 804 1072 et
826 1044 990 1072 herbarum
1010 1052 1055 1071 re-

228 1091 507 1125 ereantconspectu
524 1097 531 1116 :
546 1089 589 1116 ita
607 1097 730 1124 quoque
745 1097 807 1116 non
835 1088 924 1116 debet
952 1088 1054 1116 anima

228 1143 348 1171 semper
363 1134 420 1162 sibi
442 1141 488 1162 res
504 1134 601 1161 tristes
618 1141 730 1169 ponere
750 1133 789 1161 ob
807 1133 922 1166 oculos,
939 1141 994 1160 nec
1007 1134 1054 1169 ju-

227 1179 304 1215 giter
331 1179 361 1207 in
388 1178 589 1215 praesentibus
605 1178 752 1206 aerumnis
777 1177 881 1214 deﬁgi,
895 1179 948 1205 sed
970 1178 1053 1206 bona

225 1231 297 1251 vera
313 1223 472 1260 speculari.
488 1224 529 1250 lla
545 1222 680 1250 futurum
696 1225 750 1256 est,
768 1225 800 1250 ut
813 1223 957 1250 continuo
980 1230 1052 1257 gau-

225 1268 276 1296 dio
292 1267 433 1299 afﬁciare,
449 1267 474 1294 si
495 1274 616 1302 semper
629 1266 689 1294 vita
711 1269 763 1295 tua
778 1267 923 1294 referatur
936 1267 973 1294 ad
1000 1268 1052 1295 De-

224 1321 288 1346 um,
304 1313 329 1340 si
339 1319 408 1347 spes
433 1310 687 1339 remunerationis
709 1319 859 1338 erumnas
874 1312 939 1338 vitae
958 1311 1052 1339 leniat

224 1364 260 1385 ac
271 1356 421 1384 sublevet.
436 1355 584 1390 Accepisti
600 1354 815 1382 contumeliam
828 1355 841 1382 ‘2
861 1355 913 1382 sed
934 1355 973 1382 ad
989 1355 1050 1390 glo-

222 1401 299 1429 riam
314 1408 383 1436 quae
393 1399 446 1428 tibi
471 1407 525 1435 per
549 1399 725 1435 patientiam
740 1399 771 1426 in
797 1399 877 1427 caelis
901 1403 1048 1432 servatur,

223 1445 350 1481 respice.
365 1444 473 1473 Fecisti
484 1443 633 1473 damnum
647 1445 660 1471 ‘I
676 1447 711 1471 At
728 1444 848 1471 divitias
862 1444 1006 1478 caelestes,
1023 1447 1050 1472 et

1126 246 1208 282 θέαμα
1234 250 1278 273 καὶ
1303 246 1422 284 διήγημα
1443 251 1553 284 γέγονεν.
1574 248 1652 278 ’Ἐθνη
1670 247 1699 275 δὲ
1719 249 1764 275 ὅλα
1786 252 1831 275 καί
1847 255 1922 279 νῆσοι

1124 289 1164 316 ἐπὶ
1186 294 1253 326 μέγα
1278 290 1413 328 δυνάμεως
1435 293 1617 330 προελθοῦσαι,
1635 295 1679 319 καὶ
1695 293 1776 319 πολλά
1796 296 1841 330 μὲν
1854 295 1922 320 κατὰ

1122 339 1181 370 γῆν,
1204 335 1287 361 πολλὰ
1315 335 1344 362 δὲ
1376 339 1444 363 κατὰ
1469 337 1602 365 θάλασσαν
1633 337 1765 374 ἐγείρασαι
1796 341 1919 374 τρόπαια,

1122 378 1200 404 πολὺν
1223 378 1252 406 δὲ
1280 380 1389 407 πλοῦτον
1414 381 1441 407 ἐκ
1468 381 1586 418 λαφύρων
1611 381 1779 419 ὰθροίσασαι,
1794 382 1808 411 ἡ
1831 385 1920 420 χρόνῳ

1121 424 1341 453 καταναλώθησαν
1372 427 1437 459 (23},
1455 427 1469 455 ἡ
1497 426 1662 462 αἰχμάλωτοι
1687 430 1832 462 γενόμεναι,
1859 425 1920 453 δου-

1119 468 1188 494 λείαν
1212 474 1260 500 τῆς
1286 469 1428 507 ἐλευθερίας
1453 471 1606 502 ἠλλάξαντο.
1630 474 1680 497 Καὶ
1704 471 1777 502 ὅλως,
1802 473 1864 508 ὅπερ
1890 472 1919 497 ἂν

1121 514 1194 549 εἴπῃς
1215 518 1265 539 τῶν
1284 517 1413 550 μεγίστων
1438 517 1482 540 καὶ
1507 514 1642 551 ἀφορήτων
1665 520 1760 548 κακῶν,
1775 514 1827 544 ἤδη
1852 525 1919 551 προ-

1119 556 1203 582 λαϐὼν
1230 559 1242 584 ὁ
1267 558 1328 594 βίος
1349 560 1405 594 ἔχει
1430 561 1461 585 τα
1483 557 1674 595 ὑποδείγματα.
1698 560 1797 596 Ὠσπερ
1818 558 1862 585 οὖν
1887 561 1920 585 τὰ

1119 601 1189 638 βάρη
1204 606 1261 632 ταῖς
1276 603 1318 629 ἐπὶ
1340 608 1385 629 τοὺ
1408 604 1488 639 ζυγοά
1512 605 1605 640 ῥοπαῖς
1621 603 1796 641 διακρίνομεν,
1811 607 1856 630 καὶ
1871 608 1918 630 τοῦ

1118 651 1222 682 χρυσοῦ
1244 649 1290 676 τὴν
1306 645 1433 684 διαφορὰν
1457 653 1488 684 τῇ
1509 648 1573 683 λίθῳ
1586 650 1640 683 (24)
1657 648 1856 685 προστρίϐοντες
1870 647 1918 674 δο-

1117 691 1271 726 κιμάζομεψ
1297 692 1363 717 οὕτω
1389 693 1454 728 πρὸς
1472 693 1504 717 τὰ
1533 691 1665 718 ἐκτεθέντα
1691 693 1753 728 ἡμῖν
1776 693 1849 729 παρά
1870 695 1917 718 τοῦ

1119 737 1215 770 Κυρίου
1243 737 1325 772 μέτρα
1348 738 1394 764 τὴν
1424 740 1528 772 μνήμην
1563 736 1771 774 ἐπαναφέροντες,
1796 735 1916 773 οὐδαμοῦ

1116 779 1146 803 οἶν
1173 783 1222 804 τῶν
1244 781 1309 817 ὅρων
1338 785 1385 810 τῆς
1409 782 1577 817 σωφροσύνης
1599 781 1760 817 ἐκπέσοιμεν.
1793 780 1915 808 Ἐπειδὰν

1116 820 1159 848 οὖν
1183 826 1223 849 σοί
1248 833 1310 850 ποτε
1333 827 1469 861 προσπέσῃ
1498 830 1547 850 των
1569 825 1718 854 ἀϐουλήτων
1739 836 1774 859 τι,
1798 825 1916 862 μάλιστα

1114 868 1159 902 μὲν
1180 872 1216 902 τῷ
1239 871 1481 905 προευτρεπισμένῳ
1506 870 1563 905 (25)
1585 874 1632 900 τῆς
1655 867 1773 900 διανοίας
1796 873 1843 899 τὴν
1865 880 1914 896 τα-

1113 914 1198 948 ραχήν
1217 914 1252 948 μὴ
1270 913 1369 946 παθεῖν,
1385 914 1474 939 ἔπειτα
1490 912 1519 939 δὲ
1538 918 1568 950 τῇ
1591 912 1679 940 ἐλπίδι
1700 919 1750 940 τῶν
1770 914 1914 951 μελλόντων

1113 959 1256 993 κουφότερα
1276 961 1356 983 ποιεῖν
1380 959 1412 983 τα
1435 960 1560 994 παρόντα.
1586 957 1685 994 Ὥσπερ
1709 959 1760 995 γὰρ
1785 960 1809 984 οι
1835 958 1914 985 ἀσθε-

1111 1004 1161 1030 νεῖς
1186 1002 1218 1026 τὰ
1244 1003 1359 1037 ὄμματα,
1377 1007 1425 1027 τῶν
1451 1004 1515 1038 οἰγαν
1541 1002 1664 1039 λαμπρῶν
1690 1005 1736 1033 τὰς
1760 1003 1833 1038 ἅψεις
1857 1003 1912 1030 ἀπ-

1111 1045 1225 1079 άγοντες,
1241 1045 1266 1070 ἐν
1290 1046 1380 1072 ἄνθεσι
1403 1049 1447 1072 καὶ
1467 1049 1544 1077 ποαις
1567 1049 1825 1084 προσαναπαύονσιν·
1842 1049 1911 1074 οὓτω

1109 1092 1163 1125 χρὴ
1184 1092 1229 1115 καὶ
1247 1093 1292 1119 τὴν
1312 1089 1406 1126 ψυχὴν
1423 1093 1458 1127 μὴ
1481 1096 1599 1127 συνεχῶς
1620 1091 1789 1118 καταϐλέπειν
1810 1094 1839 1118 τὸ
1861 1092 1909 1118 λυ-

1108 1136 1201 1170 πηρὸν,
1231 1133 1301 1170 μηδὲ
1324 1139 1379 1166 τοῖς
1411 1140 1540 1172 παροῦσιν
1575 1135 1690 1173 ἀνιαροῖς
1721 1138 1907 1173 προσκεῖσθαι,

1107 1177 1171 1204 ἀλλὰ
1194 1181 1259 1214 πρὸς
1280 1181 1326 1208 τὴν
1350 1181 1456 1216 θεωρίαν
1476 1185 1525 1206 των
1550 1183 1627 1211 οντως
1649 1180 1752 1216 ἀγαθῶν
1775 1182 1907 1217 περιάγειν

1106 1223 1189 1254 αὐτῆς
1212 1225 1241 1249 τὸ
1265 1225 1346 1260 ᾧιμα.
1372 1225 1447 1250 Οὕτω
1471 1226 1710 1260 κατορθωθήσεται,
1729 1235 1771 1251 σοι
1790 1228 1818 1252 τό
1843 1227 1907 1252 πάν-

1105 1277 1163 1294 τοτε
1185 1271 1300 1305 χαίρειν·
1327 1268 1397 1294 ἐὰνό
1417 1271 1461 1305 μὲν
1487 1269 1545 1305 βίος
1570 1279 1612 1295 σοι
1636 1269 1675 1296 ἀεὶ
1691 1272 1749 1304 (26)
1759 1272 1824 1307 πρὸς
1840 1273 1905 1297 Θεὸν

1106 1311 1250 1349 ἀποϐλέπῃ,
1271 1314 1285 1341 ἡ
1316 1311 1346 1338 δὲ
1370 1312 1441 1344 ἐλπὶς
1464 1317 1511 1343 τῆς
1535 1312 1693 1344 ἀντιδόσεως
1716 1315 1828 1351 κουφίζῃ
1857 1319 1904 1341 τοῦ

1107 1355 1167 1392 βίον
1189 1358 1221 1382 τὰ
1235 1356 1349 1394 λυπηρά,
1365 1358 1546 1393 ’Πτιμάσθης;
1569 1358 1646 1384 Ἀλλὰ
1667 1360 1731 1394 πρὸς
1747 1361 1790 1387 τὴν
1811 1357 1903 1395 δόξαν,

1105 1403 1149 1430 τὴν
1165 1400 1212 1427 διὰ
1234 1406 1281 1432 τῆς
1302 1402 1433 1437 ὑπομονῆς
1455 1402 1480 1428 ἐν
1504 1406 1558 1433 τοῖς
1577 1402 1695 1439 οὐρανοῖς
1720 1401 1902 1439 ἁποκειμενης,

1105 1444 1259 1481 ἀπόϐλεψον.
1282 1445 1467 1482 Ἐζημιωθηςς
1487 1446 1555 1472 Ἀλλ’
1574 1449 1716 1472 ἐνατένισον
1740 1452 1776 1482 τῷ
1800 1447 1904 1483 πλούτῳ

224 1491 399 1519 thesaurum
415 1497 508 1526 quem
525 1491 586 1517 tute
603 1489 655 1516 tibi
678 1497 731 1525 per
749 1489 833 1516 bona
848 1497 940 1524 opera
964 1498 1048 1525 repo-

1105 1495 1139 1525 τῴ
1155 1490 1297 1527 ἐπουρανίῳ
1321 1494 1366 1516 καὶ
1385 1496 1420 1526 τῲ
1445 1492 1579 1527 θησαυρῷ,
1597 1491 1623 1517 ὃν
1640 1490 1735 1518 ἀπέθου
1756 1493 1812 1527 (27)
1828 1502 1905 1518 σεαυ-

224 1534 320 1568 suisti,
337 1534 458 1562 intentis
473 1533 568 1561 oculis
592 1536 743 1560 contuere.
766 1533 882 1568 Ejectus
908 1541 925 1561 a
952 1534 1050 1569 patria

222 1579 277 1607 es?
301 1579 338 1606 At
352 1577 481 1614 patriam
493 1577 590 1604 habes
606 1577 757 1604 cmlestem
771 1577 946 1604 Jerusalem.
959 1577 1049 1606 Orba-

222 1627 271 1651 tus
286 1631 318 1650 es
332 1622 418 1650 ﬁlio?
439 1623 477 1649 At
495 1621 592 1649 habes
613 1621 749 1656 angelos,
763 1622 945 1657 quibuscum
969 1623 1048 1650 circa

222 1668 274 1696 Dei
288 1667 431 1694 thronum
446 1665 636 1702 tripudiabis,
648 1668 738 1702 atque
750 1666 850 1694 laetitia
865 1667 1048 1703 sempiterna

220 1712 329 1740 fruere.
346 1713 448 1747 itaque
465 1710 487 1737 si
509 1710 567 1738 hoc
584 1709 677 1737 modo
688 1711 889 1745 praesentibus
905 1712 1047 1739 {erumnis

219 1757 321 1785 futura
343 1755 426 1783 bona
449 1755 641 1791 opposueris,
656 1754 734 1782 hanc
756 1755 849 1782 animi
865 1756 1045 1784 hilaritatem

218 1800 526 1837 tranquillitatemque
541 1799 581 1827 ad
596 1807 689 1835 quam
711 1800 845 1835 Apostoli
860 1804 1045 1837 praeceptum

218 1854 276 1874 nos
288 1845 437 1877 hortatur,
454 1843 633 1871 conciliabis
649 1843 834 1879 tibimetipsi.
852 1846 953 1880 Neque
973 1853 1045 1873 vero

218 1889 418 1919 immodicum
434 1888 580 1923 gaudium
601 1888 710 1916 animae
727 1892 785 1916 tute
799 1889 919 1924 pariant
935 1889 994 1917 laeti
1009 1897 1044 1917 ac

217 1934 307 1964 fausti
320 1941 421 1961 rerum
437 1933 643 1960 humanarum
660 1940 819 1960 successus
835 1942 841 1960 τ
863 1941 961 1968 neque
978 1933 1043 1961 ulla;

215 1988 264 2008 res
279 1979 377 2007 tristes
392 1980 421 2005 et
435 1977 571 2004 adversae
586 1985 648 2012 prie
661 1977 780 2005 tristitia
796 1981 886 2013 atque
909 1981 1043 2006 contrae-

216 2026 297 2053 tione
311 2031 379 2051 eam
393 2022 430 2050 de
444 2021 513 2049 laeto
524 2029 580 2049 suo
594 2030 629 2049 ac
640 2022 762 2049 sublimi
776 2025 856 2050 statu
870 2023 1040 2051 deturbent.

215 2069 276 2097 Nisi
294 2067 375 2095 enim
401 2074 438 2094 ea
466 2074 532 2102 quas
562 2065 601 2094 ad
627 2066 722 2094 vitam
737 2069 885 2102 spectant.
901 2067 942 2094 sic
958 2067 1041 2103 prius

213 2112 305 2142 fueris
320 2111 454 2146 edoctus,
471 2117 631 2146 nunquam
657 2112 779 2138 acturus
795 2118 827 2137 es
838 2110 989 2146 placidam
1004 2119 1039 2139 ac

211 2155 408 2193 tranquillam
435 2154 538 2182 vitam.
564 2154 622 2182 Sed
649 2154 735 2182 facile
759 2154 790 2182 id
814 2163 987 2191 assequerc,
1013 2155 1038 2183 si

209 2203 393 2238 praeceptum
409 2207 471 2235 quo
487 2198 526 2226 ad
541 2206 660 2234 semper
679 2198 877 2234 gaudendum
890 2199 1036 2234 invitaris,

207 2246 356 2274 familiare
375 2243 492 2271 habeas
512 2246 603 2279 atque
623 2243 854 2271 contubernale.
873 2243 918 2271 Sic
944 2245 1036 2280 enim,

207 2289 378 2319 amandalis
391 2288 488 2316 carnis
504 2287 787 2323 molestiis,col]iges
800 2288 912 2322 gaudia
922 2289 1016 2317 animi
1028 2298 1034 2322 ;

205 2335 248 2364 sic
264 2342 366 2363 rerum
384 2332 580 2370 praesentium
603 2339 694 2359 sensu
710 2332 848 2368 superior
873 2332 970 2361 factus
996 2334 1034 2362 ad

203 2383 384 2408 aeternorum
406 2378 557 2405 bonorum
581 2384 667 2411 spem
682 2379 814 2404 mentem
835 2379 919 2404 tuam
939 2378 1034 2416 inten_

200 2425 265 2459 des,
281 2431 414 2460 quorum
425 2421 472 2449 vel
482 2420 547 2449 sola.
558 2421 689 2456 cognitio
701 2424 799 2457 potest
813 2421 948 2450 animam
961 2431 1032 2458 gau-

235 2507 292 2546 (23)
312 2502 434 2539 Antiqui
450 2502 519 2546 ‘dqo
552 2501 619 2530 libri
644 2501 876 2531 κατηναλώθησαν.
903 2503 977 2533 Editi
1003 2507 1031 2534 et

199 2538 250 2571 alii
263 2549 338 2568 mss.
350 2538 582 2566 καταναλώθησαν,

231 2578 286 2613 (Ἀ)
304 2575 403 2613 liditio
431 2573 522 2613 Paris,
547 2575 575 2600 et
599 2580 678 2600 unus
698 2572 794 2613 codex
815 2575 885 2610 Reg.
902 2579 938 2610 τῷ
952 2576 1026 2613 φίλῳ,

194 2609 289 2641 Editio
303 2609 394 2638 Basil.
411 2612 440 2637 et
455 2612 571 2644 septem
584 2616 659 2636 mss.
671 2613 702 2645 τῇ
714 2609 787 2645 λίθῳ,

229 2645 380 2684 (25)_Editi
407 2645 607 2684 εὐτρεπισμένῳ.
643 2646 679 2672 At
705 2653 778 2673 mss.
806 2649 1026 2684 προευτρεπισμέ-

190 2682 237 2720 νῳ,
252 2682 299 2710 vel
310 2682 568 2721 προςηυτρεπισμένιρ.
584 2715 589 2720 ⁷

226 2714 281 2751 (⁷26)
300 2714 420 2751 Antiqui
446 2714 497 2743 sex'
523 2714 591 2743 libri
604 2714 662 2750 βίος
690 2725 733 2742 σοι
755 2715 803 2744 ἀει.
818 2716 901 2744 Alius
926 2718 1022 2746 codex

226 2725 281 2751 (26)
300 2725 366 2746 Anti
392 2725 420 2743 ut
446 2725 497 2743 sex
523 2725 662 2750 nomine;
690 2725 733 2742 σοι
755 2725 803 2744 «at.
818 2725 901 2744 Alius
926 2725 1020 2746 codex

189 2755 249 2796 βίος
275 2764 333 2796 σον.
352 2725 427 2780 ΕἍίίὶ
451 2751 510 2788 βίος
527 2751 576 2779 ἀεί.
601 2752 668 2780 Mox
691 2752 761 2788 Reg.
792 2753 946 2781 secundus
972 2759 1020 2786 τῆς

187 2789 285 2818 ἆνταπο
289 2789 319 2817 ὃό
323 2798 373 2816 σεω
377 2798 398 2819 ς.

1103 1539 1138 1570 τῷ
1163 1533 1210 1560 διὰ
1233 1539 1282 1560 τῶν
1305 1534 1408 1570 ἀγαθῶν
1424 1536 1516 1571 ἔργων.
1537 1535 1667 1567 Ἐξέπεσες
1687 1540 1735 1566 τῆς
1752 1535 1902 1574 πατρίδος

1104 1579 1171 1605 Ἀλλ’
1207 1581 1278 1615 ἔχεις
1301 1578 1418 1615 πατρίδα
1455 1582 1499 1608 τὴν
1535 1579 1686 1616 ἐπουράνιον
1719 1580 1900 1618 Ἰερουσαλήμ.

1101 1626 1193 1650 Τέκνον
1218 1623 1359 1657 ἀπέϐαλες;
1383 1623 1449 1650 Ἀλλ’
1474 1624 1597 1660 ἀγγελους
1622 1626 1704 1660 ἔχεις,
1724 1625 1779 1661 μεθ’
1804 1625 1838 1650 ὧν
1853 1636 1902 1662 χο-

1101 1670 1202 1704 ρεύσεις
1227 1671 1286 1705 περὶ
1314 1670 1356 1694 τὸν
1381 1669 1470 1706 θρόνον
1493 1679 1538 1695 του
1564 1673 1640 1700 Θεοῦ,
1664 1672 1708 1695 καὶ
1732 1669 1898 1706 εὖφρανθήσῃ

1100 1715 1148 1742 τὴν
1170 1713 1271 1738 αἰώνιον
1291 1713 1460 1750 εὐφροσύνην.
1487 1714 1577 1743 Οὕτως
1599 1712 1737 1744 ἀντιτιθεὶς
1760 1717 1815 1744 τοῖς
1834 1723 1901 1751 παρ-

1100 1761 1173 1783 οῦσιν
1201 1757 1314 1794 ἀνιαροῖς
1347 1759 1379 1783 τὰ
1409 1755 1615 1794 προσδοκώμενα
1651 1757 1748 1793 ἀγαθὰ,
1778 1758 1899 1794 φυλάξεις

1101 1806 1200 1828 σεαυτώ
1213 1804 1242 1828 τὸ
1258 1802 1354 1828 οἱλυπον
1364 1802 1419 1838 (28)
1435 1807 1482 1833 τῆς
1505 1802 1599 1838 ψυχῆς
1622 1805 1666 1828 καὶ
1690 1801 1835 1840 ἀτάραχον,
1860 1803 1899 1840 ἐφ’

1099 1846 1111 1872 ὃ
1139 1847 1304 1883 προκαλεῖται
1330 1848 1399 1883 ἡμᾶς
1427 1848 1442 1876 ἡ
1474 1848 1614 1883 νομοθεσία
1650 1851 1696 1873 τοῦ
1724 1847 1897 1876 Ἀποστόλου.

1098 1894 1170 1920 Mira
1190 1893 1222 1917 τὰ
1246 1890 1345 1927 φαιδρὰ
1366 1895 1415 1917 τῶν
1439 1891 1605 1928 ἀνθρωπίνων
1634 1893 1795 1928 πραγμάτων
1821 1902 1898 1930 περι-

1097 1938 1207 1972 χαρείας
1231 1935 1357 1972 ἀμέτρους
1381 1935 1518 1972 ἐμποιείτω
1546 1946 1593 1962 σου
1615 1940 1646 1972 τῇ
1669 1935 1759 1972 ψυχῇ,
1783 1939 1850 1973 μήτε
1865 1938 1900 1963 τὰ

1096 1979 1200 2016 λυπηρὰ
1223 1982 1377 2016 κατηφείαις
1401 1983 1446 2006 καὶ
1469 1979 1609 2010 συστολαῖς
1636 1982 1664 2006 τὸ
1688 1985 1785 2017 γαῦρον
1814 1981 1899 2012 αὐτῆς

1095 2027 1139 2050 καὶ
1163 2023 1262 2059 ὑψηλὸν
1283 2027 1451 2052 ταπεινούτω.
1475 2028 1517 2054 Μὴ
1538 2026 1587 2062 γὰρ
1612 2025 1680 2051 οὕτω
1703 2023 1899 2062 προπεπαιδευ-

1094 2071 1169 2105 μένος
1196 2072 1255 2106 περὶ
1279 2074 1329 2095 τῶν
1355 2071 1423 2096 κατά
1442 2071 1485 2096 τὸν
1508 2069 1577 2106 βίον,
1600 2068 1663 2096 οὐδὲ
1688 2079 1749 2096 ποτε
1778 2069 1898 2106 ἀκύμονα

1096 2114 1163 2144 ζωὴν
1187 2116 1232 2140 καὶ
1254 2113 1389 2151 ἀτάραχον
1412 2115 1481 2151 ζήσῃ
1500 2115 1568 2150 (29).
1586 2118 1668 2140 Τοῦτο
1689 2112 1718 2140 δὲ
1735 2124 1776 2141 σοι
1793 2113 1896 2151 ῥᾳδίως

1092 2159 1332 2195 κατορθωθήσεται,
1358 2158 1399 2184 ἐὰν
1423 2160 1489 2195 ἔχῃς
1509 2162 1556 2188 τὴν
1577 2158 1678 2188 ἐντολὴν
1699 2160 1828 2192 σύνοικον,
1845 2162 1894 2189 τήν

1091 2204 1201 2229 πάντοτε
1233 2206 1337 2240 χαίρειν
1371 2213 1414 2230 σοι
1450 2208 1638 2241 παραινοῦσαν·
1677 2203 1892 2240 ἀποπεμπόμενος

1091 2249 1135 2283 μεν
1157 2249 1189 2274 τὰ
1210 2247 1314 2284 ὀχληρά
1328 2253 1376 2280 τῆς
1392 2250 1498 2285 σαρκὸς,
1517 2250 1634 2285 συνάγων
1655 2247 1684 2275 δὲ
1703 2249 1750 2279 τὰς
1770 2253 1818 2280 τῆς
1836 2249 1891 2284 ψυ-

1089 2296 1145 2328 χῆς
1166 2292 1338 2330 εὐφροσύνας
1362 2295 1407 2319 καὶ
1429 2298 1478 2318 τῶν
1503 2294 1548 2329 μὲν
1572 2295 1704 2330 παρόντων
1728 2296 1772 2322 τὴν
1795 2295 1890 2323 αἰσθη-

1090 2346 1131 2362 σιν
1159 2336 1327 2373 ὑπερϐαίνων,
1352 2339 1418 2374 πρὸς
1450 2336 1480 2364 δὲ
1508 2340 1552 2367 τὴν
1584 2335 1681 2364 ἐλπίδα
1703 2342 1753 2364 τῶν
1779 2338 1887 2364 αἰωνίων

1088 2380 1227 2408 ἀποτείνων
1256 2385 1300 2411 τήν
1331 2383 1440 2416 ἔννοιαν,
1464 2383 1497 2408 ὧν
1530 2385 1575 2409 καὶ
1607 2384 1672 2419 μόνη
1706 2383 1720 2411 ἡ
1757 2385 1889 2419 φαντασία

1086 2425 1188 2463 ἄξαρκεῖ
1213 2429 1260 2456 τὴν
1287 2426 1380 2463 ψυχὴν
1411 2427 1571 2464 εὐφροσύνης
1603 2427 1751 2465 πληρῶσαι,
1776 2430 1822 2454 καὶ
1856 2429 1886 2454 τὸ

1120 2507 1177 2541 (27)
1195 2506 1277 2534 Colb.
1285 2507 1387 2535 tertius
1397 2507 1424 2533 ὃν
1435 2507 1567 2534 ἐναπέθου.
1580 2507 1684 2535 Statim
1694 2507 1775 2535 idem
1786 2507 1884 2536 codex

1083 2549 1154 2570 cum
1170 2543 1230 2570 Rex
1245 2543 1380 2570 secundo
1395 2543 1528 2574 ἐξέπεσας.

1119 2579 1176 2612 (28)
1198 2578 1312 2615 Editirb
1327 2578 1429 2613 ἄλυτον,
1448 2579 1633 2614 negligentia
1655 2586 1831 2615 operarum.
1845 2580 1882 2607 At

1082 2620 1154 2640 mss.
1168 2615 1197 2638 τὸ
1212 2613 1320 2640 ἄλυπον.

1117 2649 1171 2688 (29)
1189 2650 1259 2684 Reg.
1285 2649 1441 2688 secundus
1453 2650 1552 2688 ζήσεις.
1571 2651 1602 2678 ln
1615 2650 1675 2688 ﬁne
1688 2649 1882 2688 orationis‘li-

1077 2684 1170 2721 brarii
1193 2693 1248 2712 suo
1270 2685 1385 2721 quique
1400 2685 1555 2721 arbitratu,
1571 2688 1602 2713 ut
1627 2684 1878 2721 solentLiioxolo-

1078 2720 1158 2760 giam
1169 2720 1374 2760 scripserunt:
1393 2720 1445 2748 sed
1455 2720 1486 2748 id
1500 2721 1645 2749 adnotare
1657 2729 1712 2749 nec
1726 2720 1810 2752 libet,
1822 2728 1878 2748 nec

1077 2756 1149 2784 utile
1165 2755 1262 2785 fuerit.
