2029 3136
89 121 138 149 2H

635 119 782 148 HOMlLlA
798 120 832 147 ΙΝ
847 118 1039 171 ὲίΑΗΤὶἪΕΜ
1055 118 1222 146 ΙΗΙᾹΤΤΑΜ

1728 118 1780 146 242

89 181 159 220 μηδι
187 185 235 212 τὴν
260 187 308 214 τῆς
335 184 435 218 φύσεως
455 182 588 209 ἀσθένειαν
613 182 835 219 προφασίζεσθαι.
851 181 877 207 Ἐ

930 180 1020 207 .dem
1041 187 1078 207 ex
1097 187 1159 216 qua
1179 179 1235 208 viri
1250 179 1320 216 ipsi,
1337 186 1448 207 massa.
1471 179 1516 207 Ad
1540 178 1591 206 Dei
1613 178 1779 215 imaginem

88 233 135 254 τοῦ
155 228 238 254 αὑτοῦ
257 228 417 265 φυράματος,
441 227 562 262 λέγουσα,
593 230 648 258 τοῖς
663 225 790 262 ἀνδράσιν
806 226 892 265 ἐσμέν,

90 273 155 300 Κατ’
179 273 266 299 εἰκόνα
295 275 361 298 Θεοῦ
385 274 534 308 “Ir/erupta,
557 273 592 302 ὡς
611 274 656 297 καὶ
676 271 756 298 οὗτοι.
787 271 893 308 Ἀρετῆς

89 317 209 344 δικτικὸν
236 319 265 343 τὸ
291 317 355 346 θῆλυ
377 318 509 353 ὁμοτίμως
531 321 568 352 τῷ
583 316 670 354 ἄρρενι
691 318 762 352 παρά
777 319 822 342 τοῦ
838 316 892 341 κτί-

89 372 184 393 σαντος
194 364 292 398 γέγονε.
311 364 362 388 Καὶ
386 364 412 388 τί
431 363 479 398 γὰρ
504 362 519 391 ἡ
546 365 679 397 συγγενεῖς
702 365 756 391 τοῖς
778 359 892 397 ἀνδράσι

87 405 135 434 διὰ
161 408 263 433 πάντων
287 405 362 442 ἐσμέν
379 415 385 438 ς
404 406 441 432 Οὐ
463 407 512 443 γὰρ
533 405 600 442 σὰρξ
623 408 699 442 μόνον
715 405 810 441 ἐλήφθη
826 406 890 441 πρὸς

85 453 210 487 γυναικὸς
232 453 405 483 κατασκευὴν,
430 450 494 476 ἀλλὰ
508 452 553 476 καὶ
569 450 663 476 ὀστοῦν
677 449 705 476 ἐκ
720 453 769 476 τῶν
782 449 887 475 ὀστέων.

85 495 169 522 Ὠστι
201 497 230 521 τό
262 495 377 533 στερρὸν,
407 497 452 521 καὶ
475 497 585 528 εὔτονον,
611 497 657 520 καὶ
687 495 887 530 ὑπομονητικὸν,

85 540 113 572 ἕξ
126 542 188 566 ἴσου
207 544 262 571 τοῖς
292 538 405 577 ἀνδράσι
417 542 462 566 καὶ
476 539 536 577 παρ’
550 541 622 576 ἡμῶν
637 539 764 576 ὀφείλεταί
785 537 821 574 τῷ
841 542 888 565 Δε-

85 588 184 621 σπότῃ.
213 589 303 612 Ταῦτα
327 585 445 617 εἰποῦσα,
470 587 534 621 πρὸς
556 587 602 614 τὴν
627 586 710 622 πυρὰν
725 584 803 613 ἥλατο
819 585 886 616 (45).

82 633 98 660 ἡ
118 629 148 657 δὶ
162 634 333 668 πιρισχοῡσα
346 634 393 660 τῆς
408 629 486 665 ἁγίας
500 631 530 655 τὸ
554 633 639 665 σῶμα,
666 630 752 666 ὥσπερ
772 638 811 659 τις
837 629 886 654 θοι-

81 675 166 712 λαμος
201 677 332 711 φωτεινὸς,
363 677 410 704 τὴν
435 675 480 711 μὶν
513 674 604 710 ψυχὴν
633 674 675 700 ἐπὶ
702 676 749 703 τὴν
768 673 886 710 οὐράνιον

82 723 186 757 χώραν,
208 722 253 746 καὶ
273 722 318 748 τὴν
337 721 486 756 πρέπουσαν
511 719 576 755 αὐτῇ
592 719 665 750 λῆξιν
693 718 833 754 ἀνέπεμψε,
855 719 885 744 τὸ

82 763 114 791 δί
132 767 218 800 τίμιον
241 768 317 800 σῶμα
341 763 460 800 ἀκέραιον
484 762 632 790 διεσώσατο
654 767 708 794 τοῖς
731 766 884 800 προσήκου-

83 819 136 835 σιν·
163 810 224 846 ὅπερ
254 809 279 835 ἓν
309 813 344 844 τῷ
371 808 499 844 καλλίστῳ
524 811 733 845 προτιμνίσματι
762 813 810 839 τῆς
835 810 905 839 uri-1‘

887 209 916 270 λ
948 225 1075 261 perinde
1089 209 1180 261 atque
1200 225 1241 252 illi
1254 209 1366 252 fuimus
1379 224 1518 252 conditas.
1544 224 1657 259 Mulier,
1678 209 1778 260 perae-

948 277 1015 306 qute
1031 278 1066 298 ac
1082 270 1135 303 vir,
1151 278 1170 298 a
1185 270 1341 298 conditore
1356 269 1435 298 facta
1466 271 1511 298 est
1531 269 1647 297 virtutis
1669 278 1776 306 capax.

948 315 1061 351 Ecquid
1075 315 1156 343 enim
1170 315 1183 342 ?
1199 323 1300 343 nonne
1311 323 1418 342 sumus
1430 315 1502 342 viris
1517 318 1654 350 cognatae
1667 315 1698 343 in
1714 323 1778 344 om-

945 359 1059 387 nibus?
1074 362 1131 388 Nec
1147 360 1228 388 enim
1243 362 1401 396 assumpta
1411 362 1456 387 est
1470 367 1540 387 caro
1560 359 1625 388 sola
1641 359 1680 388 ad
1705 367 1776 388 con-

944 404 1077 432 dendam
1091 405 1258 438 mulierem,
1272 405 1325 433 sed
1338 407 1365 432 et
1384 412 1418 432 os
1438 412 1475 432 ex
1488 404 1608 432 ossibus
1619 405 1653 432 5°.
1677 405 1774 437 Quare

944 449 1122 482 constantia,
1148 449 1301 483 fortitudo,
1327 456 1362 476 ac
1384 448 1557 485 patientiaa
1582 449 1670 477 nobis
1683 449 1774 478 etiam

943 493 1068 529 perinde
1081 496 1172 530 atque
1187 502 1205 521 a
1220 494 1290 521 viris
1302 493 1431 521 Domino
1446 493 1583 521 debetur.
1601 493 1649 521 His
1673 494 1771 526 dictis,

942 537 1087 574 prosilivit
1107 538 1138 566 in
1157 546 1278 573 rogum,
1295 538 1348 574 qui
1359 540 1506 574 tanquam
1516 538 1633 572 fulgens
1647 538 1773 574 quidam

942 582 1096 610 thalamus
1119 583 1254 611 mulieris
1273 585 1386 611 sancite
1403 591 1514 619 corpus
1537 583 1770 619 circumplexus,

941 628 1338 662 transmissainreligionem
1349 627 1514 662 crelestem,
1521 630 1550 655 et
1559 627 1772 656 inconvenien-

940 673 1000 699 tem
1011 672 1036 699 ei
1047 672 1181 707 requiem
1192 672 1305 706 anima,
1323 672 1532 699 venerandum
1548 680 1658 707 corpus
1673 679 1772 700 neces-

939 716 1025 743 sariis
1033 724 1068 744 ac
1079 717 1258 753 propinquis
1265 717 1415 751 integrum
1428 716 1455 744 ei
1465 716 1617 744 incolume
1624 716 1769 752 servavit":

938 761 1021 796 quod
1037 761 1067 788 in
1082 761 1288 796 pulcherrimo
1305 761 1393 788 unius
1407 761 1509 797 templi
1522 761 1603 788 urbis
1621 761 1770 790 vestibulo

904 810 906 826 ι
938 805 1132 838 tumulatum,
1149 808 1213 833 tum
1228 805 1285 841 ipsi
1297 805 1375 839 loco,
1404 807 1468 833 tum
1486 805 1533 839 iis,
1555 805 1608 841 qui
1628 805 1668 833 ad
1688 806 1770 834 hunc

82 853 145 885 λιως
183 856 298 890 κείμενον
331 854 433 890 ἁγιάζει
461 855 507 890 μὲν
532 856 576 879 τὸν
611 857 698 885 τόπον,
723 853 825 888 ἁγιάζει
854 852 878 880 δὲ

936 849 1038 878 locum
1054 850 1212 884 accedunt,
1229 851 1419 878 sanctitatem
1433 849 1558 878 confert.
1568 851 1656 878 Terra
1666 853 1770 879 autem

83 901 143 930 τοὺς
169 899 205 930 ιίς
229 898 308 925 αὑτὸν
329 901 473 929 συνιόντας.
499 901 534 927 Γῆ
564 896 593 924 δὲ
619 899 634 927 ἡ
661 898 883 934 κατευλογηθεῐσα

83 948 113 979 τῇ
142 942 271 980 ἐπιδημίᾳ
293 947 339 974 τῆς
364 946 503 980 μακαρίρς,
532 943 560 969 ἔκ
586 947 636 969 τῶν
650 943 749 969 οἰκείων
767 942 882 978 λαγόνων

82 987 179 1019 ὕδατος
206 990 284 1024 φύσιν
312 990 491 1025 χαριεστάτην
520 987 622 1018 ἀνῆκεν·
655 989 720 1014 ὥστε
749 990 793 1017 τὴν
817 989 882 1025 μάρ-
908 994 910 1011 l

82 1042 147 1070 τυρα
169 1032 225 1059 ἀντὶ
244 1034 342 1069 μητρὸς
365 1035 502 1069 γενομένην
525 1034 578 1058 οἷον
604 1043 653 1058 τινι
674 1032 786 1068 γάλακτι
805 1037 882 1068 κοινῷ
907 1053 908 1057 η

82 1078 250 1106 τιθηνεῖσθαι
265 1079 324 1109 τοὺς
345 1077 371 1104 ἐν
397 1082 428 1114 τῇ
458 1077 540 1104 πόλει.
571 1081 652 1104 Τοῦτο
674 1080 719 1104 καὶ
744 1078 881 1113 ὑγαίνουσι

81 1122 268 1159 φυλακτήριον,
284 1125 329 1148 καὶ
344 1127 462 1160 τρυφῶσι
478 1124 615 1159 σωφρόνως
630 1120 728 1153 ἡδονῆς
753 1125 879 1160 χορηγία,

79 1169 123 1192 καὶ
149 1166 316 1204 ἀρρωστοῦσι
333 1168 499 1204 παραμυθία·
530 1169 574 1196 τὴν
598 1172 644 1193 τοῦ
659 1167 810 1193 Ἐλισσαίου
828 1169 880 1203 χά-

78 1221 119 1248 ριν
148 1211 185 1242 εἰς
209 1211 419 1248 Ίεριχουντίους,
445 1213 543 1240 ταύτην
563 1211 598 1242 εἰς
625 1213 694 1248 ἡμᾶς
704 1214 879 1249 παρασχομέ-

78 1265 122 1287 νης
145 1260 194 1286 τῆς
220 1257 363 1293 μάρτυρος,
393 1258 422 1282 τὸ
450 1256 563 1293 ἁλμυρὴν
591 1260 638 1287 τῆς
666 1261 754 1288 κοινῆς
780 1259 880 1293 φύσεως

77 1304 125 1326 τῶν
147 1303 210 1338 πιρὶ
232 1302 275 1326 τὸν
301 1303 378 1327 τόπον
400 1299 503 1326 ὑδάτων
530 1301 565 1332 εἰς
577 1300 697 1336 γλυκεῖαν
721 1303 766 1327 καὶ
780 1301 878 1331 ἁπαλὴν

75 1347 120 1370 καὶ
132 1349 253 1381 προσηνῆ
271 1348 350 1371 πᾶσιν
365 1346 491 1374 αἴσθησιν
513 1343 560 1371 διὰ
585 1350 632 1376 τῆς
655 1345 772 1381 εὐλογίας
796 1356 877 1383 μετα-

75 1388 219 1420 ϐαλούσης.
233 1391 265 1415 Οἱ
279 1388 382 1427 ἄνδρες,
397 1392 431 1426 μὴ
458 1389 638 1422 καταδέξησθε
652 1395 780 1426 γυναικῶν
807 1391 877 1418 ἐλάτ-

73 1443 134 1464 τους
161 1433 273 1470 ὄφθῆναί
302 1436 365 1471 πρὸς
394 1437 440 1464 τὴν
465 1434 604 1462 εὐσέϐειαν.
628 1436 660 1461 Αἱ
687 1439 816 1471 γυναῖκες,
841 1439 875 1472 μὴ

72 1477 248 1514 ἀποληφθῆτε
276 1483 322 1505 τοῦ
351 1477 554 1516 ὑποδείγματος·
587 1479 641 1505 ἀλλ’
671 1479 873 1517 ἀπροφασίστως

72 1527 120 1553 τῆς
147 1522 279 1553 εὐσιϐείας
307 1523 448 1560 ἀντέχεσθε
472 1525 539 1558 (403}-
566 1525 632 1560 ἔργῳ
656 1528 745 1561 πεῖραν
774 1525 872 1552 λασοῦ-
889 1535 909 1562 C

74 1576 128 1600 σαι,
151 1568 192 1594 ὅτι
212 1570 279 1605 πρὸς
303 1566 378 1594 οὐδὲν
400 1569 459 1605 ὑμῖν
492 1573 542 1595 τῶν
564 1568 667 1605 ἀγαθῶν
694 1571 722 1596 τὸ
738 1569 873 1608 ἐλάττωμα

72 1616 120 1642 τῆς
131 1613 232 1648 φύσεως
247 1611 394 1649 ἐμποδίζει.

108 1658 134 1684 3.
164 1656 250 1683 Πολλά
278 1660 336 1693 περὶ
360 1662 409 1688 τῆς
431 1659 562 1694 μάρτυρος
587 1657 665 1684 εἰπεῖν
680 1660 841 1696 ὡρμημένον,
857 1661 870 1686 ὸ

71 1702 137 1736 χθὲς
161 1703 223 1737 ἡμῖν
247 1703 362 1732 κινηθεὶς
389 1702 473 1738 λόγοςν
500 1702 592 1733 ἀτελὴς
615 1703 801 1740 καταλειφθεὶς,
823 1707 870 1733 τὴν

71 1745 108 1771 ἐτὶ
139 1746 225 1772 πλεῖον
265 1745 288 1772 ἐν
324 1748 426 1777 τούτοις
463 1745 601 1785 διατριϐὴν
640 1748 686 1774 οὐκ
727 1748 867 1786 ἐπιτρέπει.

71 1792 213 1826 Δυσχιρής
242 1788 271 1816 δὲ
294 1800 333 1821 τις
360 1791 410 1827 ἐγὼ
430 1793 504 1827 φύσει
526 1794 590 1829 πρὸς
605 1795 655 1818 πᾶν
675 1794 704 1819 τὸ
725 1792 868 1821 ἀτελεστον.

69 1833 191 1871 Ἀτερπὲς
225 1836 271 1870 μιν
308 1837 357 1873 γὰρ
392 1837 485 1872 θέαμα,
520 1839 566 1864 καὶ
593 1837 666 1863 εἰκὼν
693 1837 720 1868 ἐξ
746 1839 868 1874 ἡμισείας

69 1881 115 1907 τὴν
143 1881 259 1915 μίμησιν
283 1881 393 1915 ἔχουσα,
410 1881 549 1917 ἄχρηστος
566 1879 596 1908 δὲ
611 1880 764 1918 ὁδοιπορίας
779 1885 866 1916 πόνος,

67 1925 103 1958 μὴ
143 1925 208 1960 πρὸς
243 1926 272 1949 τὸ
309 1927 473 1961 προκείμενον
497 1928 585 1962 πέρας,
620 1925 689 1962 μηδὲ
717 1929 782 1964 πρὸς
808 1930 869 1959 τοὺς

67 1969 228 2004 ὡρισμένους
256 1969 389 2005 σταθμοὺς
427 1969 607 2001 ἀποσωθέντος
633 1975 678 1997 τοῦ
712 1970 865 2009 ὁδοιπόρου.

67 2015 116 2038 Καὶ
147 2014 228 2049 θήρας
255 2015 283 2039 τὸ
313 2015 384 2050 παρά
412 2017 505 2051 μικρὸν
534 2017 591 2041 ἴσον
607 2012 663 2042 ἐστὶ
680 2015 864 2053 τοΰμηδενός·

63 2059 108 2082 καὶ
132 2058 157 2082 οἱ
179 2059 316 2094 τρέχοντες
338 2057 361 2084 ἐν
381 2062 435 2088 τοῖς
462 2058 593 2092 σταδίοις,
621 2060 657 2086 ivi
672 2061 795 2092 πολλάκις
811 2061 865 2098 βή-

65 2111 126 2137 ματι
156 2104 227 2138 μόνῳ
265 2101 456 2136 ἐλαττωθέντες,
482 2109 531 2129 τῶν
574 2103 701 2142 βραϐιίων
736 2105 863 2137 ἐξέπεσον.

66 2148 114 2172 Καὶ
140 2147 216 2182 ἡμεῖς
242 2149 327 2172 τοίνυν
356 2147 554 2184 ὲπὶμνῐισθέντες
569 2153 618 2175 τῶν
641 2154 686 2176 τοῦ
703 2149 864 2177 Ἀποστὸλου

63 2191 187 2227 ῥημάτων
213 2192 288 2227 χθὶς,
315 2194 359 2217 καὶ
397 2191 421 2218 ἔν
450 2192 581 2229 βραχέσιν
610 2193 755 2225 ίλπίςοντες
782 2205 865 2233 παρα-

65 2231 226 2270 δραμεὶσθαι
265 2236 349 2262 αὐτῶν
382 2239 430 2266 τὴν
467 2236 585 2264 διάνοιαν
621 2239 689 2274 (47),
726 2240 863 2277 εὑρέθημῇν

62 2278 247 2305 πολλαπλάσια
281 2284 331 2306 τῶν
360 2283 498 2318 εἰρημένων
535 2283 734 2320 παραλιπόντες-
771 2283 862 2322 διόπερ

61 2321 205 2358 ἀναγκαίαν
230 2324 364 2360 ἡγούμεθα
392 2326 452 2361 ὑμῖν
480 2327 534 2359 (48)
562 2332 612 2352 τῶν
626 2327 801 2364 ἐλλειφθέντων
816 2321 862 2359 τὴν

59 2368 168 2395 ἔκτισιν.
188 2367 302 2404 Ἐλέγετο
325 2372 410 2395 τοίνυν
432 2373 502 2407 ποιρά
525 2375 571 2397 τοῦ
597 2372 766 2399 ’Λποστόλου-
792 2375 862 2400 Πάν-

59 2421 116 2438 τοτι
145 2414 266 2448 χαίρετε,
293 2411 467 2445 ἀδιαλείπτως
509 2417 701 2452 προσῖᾶχεσθε,
731 2417 755 2443 ἐν
784 2421 862 2445 παντὶ

59 2456 253 2492 εὐχαριστεῖτε.
285 2460 347 2495 Περὶ
373 2460 418 2494 μὲν
451 2458 494 2485 οὖν
531 2464 577 2486 τοὺ
614 2462 724 2488 πάντοτε
758 2465 862 2500 χαίρειν

59 2505 170 2532 χρῆναι,
197 2501 218 2527 εἰ
242 2504 285 2528 καὶ
311 2505 347 2532 μὴ
373 2508 404 2532 τῆ
422 2504 543 2530 ὑποθέσει
558 2504 715 2532 ἀρκούντως.
732 2506 786 2532 ἀλλ’
801 2508 862 2532 ἡιιῖν
886 2471 894 2532 i

58 2505 170 2544 χρῆναι,
197 2501 218 2527 εἰ
241 2504 285 2544 καὶ
311 2505 347 2538 μὴ
373 2508 404 2539 τῇ
422 2504 543 2530 ὑποθέσει
558 2504 715 2544 ἀρκούντως,
732 2506 786 2533 ἀλλ’
801 2508 862 2544 ἡμῖν

57 2546 85 2571 γε
102 2539 199 2566 ἱκανῶς
228 2539 328 2574 εἴρηται
350 2543 380 2568 τῆ
403 2543 556 2577 προτεραίᾳ·
575 2539 605 2567 ἐἰ
633 2539 663 2568 δὲ
691 2545 734 2568 καὶ
749 2541 791 2569 δεῖ

93 2608 117 2626 ⁵⁵
128 2608 235 2636 Genes.
252 2616 283 2641 ιι,
299 2611 325 2637 5.
365 2610 386 2627 ⁵⁷
400 2611 437 2637 IV
450 2612 519 2646 Reg.
531 2619 562 2645 η,
574 2614 619 2640 2t.

85 2671 140 2709 (lis)
153 2669 233 2709 Egiiti
245 2670 473 2709 ﬁl)uro._Veteres
482 2673 863 2709 aliquotlibriii).aro,recte.

162 2707 233 2747 lteg.
247 2707 399 2747 secundus
414 2713 461 2738 τῆς
482 2707 614 2747 σωτηρίας
631 2707 780 2747 memet

95 2742 153 2773 (47)
168 2742 284 2769 Rursus
300 2742 395 2770 codex
412 2742 564 2772 secundus
579 2746 658 2772 αὐτοϋ
674 2742 720 2776 την
735 2746 864 2776 διάνοιαν.

95 2777 149 2812 (48)
163 2777 242 2805 Edili
252 2781 280 2806 et
293 2778 372 2806 duos
387 2787 460 2806 mss.
478 2781 611 2817 ἡγούμεθα
633 2783 710 2818 ἡμῖν.
733 2783 788 2811 Alii
814 2791 868 2812 sex

882 2129 905 2155 D

937 895 1034 922 beatae
1045 895 1136 930 hujus
1153 895 1286 922 adventu
1297 895 1322 930 3
1330 895 1354 931 5
1367 903 1513 931 prospera
1524 894 1641 929 etfecta,
1653 902 1768 931 aquam

938 939 1142 973 gratissimam
1170 947 1185 967 e
1207 939 1275 967 sinu
1290 947 1346 966 suo
1369 939 1466 967 emisit
1482 947 1489 972 ;
1506 939 1582 967 adeo
1597 941 1629 968 ut
1653 942 1769 976 martyr

937 983 999 1011 vice
1015 984 1119 1011 matris
1134 983 1217 1012 velut
1227 983 1382 1012 communi
1396 983 1498 1019 aliquo
1509 984 1586 1012 lacte
1611 984 1689 1012 cives
1713 993 1768 1014 nu.

937 1028 1014 1056 triat.
1033 1029 1099 1056 Hzec
1115 1036 1196 1064 aqua
1210 1031 1237 1056 et
1254 1029 1337 1056 sanis
1353 1028 1455 1062 tutela,
1470 1031 1499 1057 et
1514 1029 1612 1057 sobrie
1622 1029 1766 1058 delician-

936 1072 1016 1100 tibus
1041 1073 1204 1109 voluptatis
1225 1073 1354 1108 largitio,
1376 1075 1404 1100 et
1429 1073 1517 1108 aegris
1540 1073 1681 1102 solatium
1710 1076 1765 1102 est.

937 1117 1023 1149 Quod
1036 1117 1218 1146 collocatum
1231 1120 1275 1145 est
1288 1117 1328 1145 ab
1352 1118 1456 1145 Elisaao
1472 1118 1502 1146 in
1528 1118 1765 1147 Hierichuntinos

934 1161 1117 1189 beneﬁcium
1129 1163 1163 1194 ⁵⁷,
1178 1162 1235 1190 hoc
1249 1162 1331 1190 idem
1353 1165 1469 1197 martyr
1483 1162 1514 1190 in
1535 1171 1592 1190 nos
1614 1163 1741 1191 contulit
1756 1173 1763 1198 ;

913 1203 914 1207 “
934 1214 1004 1234 cum
1021 1206 1205 1241 salsuginem
1220 1214 1289 1242 quae
1300 1206 1329 1234 in
1345 1207 1501 1234 communi
1516 1215 1667 1243 aquarum
1693 1208 1763 1236 huic

932 1250 1001 1278 loco
1016 1250 1220 1285 adjacentium
1236 1254 1346 1279 natura
1361 1251 1533 1287 percipitur.
1563 1251 1593 1279 in
1619 1260 1762 1288 saporem

933 1295 1053 1323 dulcem
1068 1303 1286 1332 amoenumque
1301 1298 1330 1323 et
1341 1296 1484 1324 omnibus
1495 1304 1620 1324 suavem
1641 1296 1763 1325 benedi-

932 1339 1029 1367 ctione
1044 1340 1268 1368 transmutavit.
1285 1340 1358 1373 Viri,
1373 1340 1465 1368 nolite
1479 1340 1573 1368 videri
1593 1341 1703 1377 pietate
1718 1341 1762 1369 in-

930 1383 1054 1411 feriores
1073 1383 1260 1412 mulieribus.
1285 1384 1433 1420 Mulieres,
1451 1392 1489 1412 ne
1509 1385 1695 1413 desciveritis
1719 1385 1758 1414 ab

929 1428 987 1456 hoc
1002 1428 1141 1464 exemplo
1155 1440 1161 1456 :
1174 1429 1228 1456 sed
1238 1431 1313 1457 citra
1325 1428 1416 1457 ullam
1428 1431 1653 1458 excusationem
1665 1430 1758 1466 pieta-

929 1475 989 1500 tem
1004 1472 1232 1508 amplectimini,
1249 1481 1319 1501 cum
1334 1473 1433 1509 reipsa
1443 1477 1575 1509 expertas
1588 1474 1703 1502 fueritis
1714 1482 1757 1502 se-

927 1525 984 1544 xus
1004 1517 1210 1545 inﬁrmitatem
1237 1517 1323 1546 vobis
1348 1518 1567 1554 impedimento
1595 1526 1657 1547 non
1678 1527 1755 1554 esse,

926 1561 1001 1597 quin
1015 1561 1132 1589 bonum
1147 1561 1304 1598 quodlibet
1320 1564 1439 1598 patrare
1454 1563 1587 1599 possitis.

951 1651 977 1678 3.
989 1649 1207 1686 Multaquidem
1214 1651 1251 1678 de
1258 1653 1390 1687 martyre
1396 1651 1495 1680 dicere
1501 1660 1690 1688 paraveram:
1699 1653 1755 1681 sed

924 1703 1024 1723 sermo
1034 1696 1097 1724 heri
1109 1696 1196 1724 nobis
1207 1697 1366 1732 increptus,
1378 1700 1405 1725 et
1415 1697 1609 1734 imperfectus
1619 1698 1752 1735 relictus,

923 1739 1008 1768 haud
1017 1740 1161 1776 permittit
1172 1740 1202 1768 in
1212 1741 1258 1768 his
1269 1741 1382 1768 diutius
1393 1741 1561 1770 immorari.
1572 1744 1632 1777 Ego
1642 1743 1754 1772 scilicet

923 1784 964 1812 sic
980 1793 1048 1812 sum
1063 1787 1171 1813 natura
1184 1787 1379 1821 comparatus
1394 1789 1426 1814 ut
1436 1786 1753 1824 quidquidimperfec-

923 1831 987 1857 tum
998 1831 1043 1857 est
1052 1829 1179 1857 moleste
1190 1829 1295 1858 feram.
1305 1831 1418 1858 Etenim
1428 1831 1753 1868 injucundumspecta-

922 1874 1024 1902 culum
1036 1877 1080 1902 est
1089 1877 1118 1902 et
1128 1875 1241 1910 imago,
1252 1883 1321 1911 quae
1332 1875 1459 1904 dimidia
1469 1884 1505 1904 ex
1516 1879 1600 1912 parte
1611 1878 1751 1914 exprimi-

922 1920 980 1952 tur,
991 1921 1020 1946 et
1029 1919 1142 1947 itineris
1152 1919 1239 1948 labor
1246 1920 1360 1948 inutilis
1373 1920 1492 1949 futurus
1502 1923 1558 1956 est,
1570 1921 1594 1949 si
1604 1922 1700 1950 viator
1710 1923 1750 1951 ad

920 1964 1109 2000 propositum
1121 1964 1213 1992 finem
1229 1967 1256 1992 et
1266 1965 1305 1992 ad
1318 1965 1496 1993 constitutas
1520 1966 1663 1994 stationes
1686 1975 1749 1996 non

919 2009 1100 2044 pervenerit.
1117 2009 1229 2037 Parum
1244 2017 1280 2037 ex
1293 2012 1406 2038 venatu
1420 2018 1538 2046 capere,
1554 2011 1636 2039 idem
1656 2014 1699 2040 est
1713 2020 1748 2042 ac

920 2052 994 2080 nihil
1017 2061 1125 2089 capere
1145 2063 1151 2087 ;
1175 2056 1203 2082 et
1225 2054 1276 2090 qui
1299 2054 1330 2082 iu
1353 2055 1458 2082 stadiis
1473 2058 1606 2091 currunt,
1628 2057 1748 2085 etiamsi

919 2098 1029 2133 saepius
1041 2106 1102 2127 uno
1112 2099 1262 2127 duntaxat
1272 2107 1378 2134 gressu
1388 2100 1570 2135 posteriores
1581 2102 1749 2130 exstiterint

918 2142 1234 2171 amittuntvictoriam.
1260 2145 1362 2179 Itaque
1387 2151 1444 2171 nes
1467 2152 1590 2180 quoque
1610 2145 1662 2182 qui
1683 2146 1748 2174 heri

917 2187 1051 2222 Apostoli
1061 2187 1154 2215 verba
1164 2187 1346 2223 protulimus
1356 2188 1385 2215 in
1393 2188 1539 2221 medium,
1550 2189 1663 2226 quique
1673 2198 1747 2226 pau-

918 2231 960 2258 cis
974 2239 1100 2259 sensum
1115 2234 1143 2259 et
1169 2232 1398 2268 intelligentiam
1427 2233 1605 2262 eorumdem
1624 2235 1746 2271 perstri-

917 2279 1018 2304 cturos
1031 2284 1087 2304 nos
1098 2276 1308 2313 sperabamus,
1319 2277 1432 2306 inventi
1441 2286 1547 2306 sumus
1559 2279 1648 2314 longe
1659 2280 1746 2316 plura

917 2329 1011 2358 quam
1021 2321 1164 2355 diximus,
1178 2321 1314 2350 omisisse
1327 2330 1333 2355 ;
1345 2325 1530 2360 quapropter
1538 2325 1746 2354 necessarium

889 2363 890 2366 “
917 2366 1068 2400 ducimus,
1084 2369 1117 2394 ut
1131 2366 1217 2394 vobis
1229 2367 1438 2403 dependamus
1449 2368 1562 2402 relicta,
1574 2370 1746 2398 et-exsolva-

917 2419 993 2438 mus.
1023 2412 1088 2438 Haec
1112 2411 1203 2445 igitur
1224 2414 1309 2440 erant
1332 2412 1464 2448 Apostoli
1490 2413 1584 2441 verba
1600 2422 1607 2441 ε
1622 2415 1747 2450 Semper

915 2456 1055 2491 gaudete.
1067 2456 1132 2484 sine
1141 2457 1361 2485 intermissione
1370 2461 1464 2491 orate,
1476 2458 1508 2486 in
1523 2459 1659 2487 omnibus
1677 2467 1748 2495 gra—

917 2501 976 2528 (ias
983 2501 1101 2535 agite“.
1111 2501 1145 2528 Et
1155 2501 1281 2537 quidem
1291 2501 1329 2529 de
1337 2501 1347 2537 j
1355 2502 1403 2538 ugi
1413 2510 1449 2530 ac
1460 2503 1604 2531 continuo
1622 2504 1746 2540 gaudio,

917 2544 971 2573 etsi
981 2552 1042 2572 non
1054 2545 1125 2573 satis
1137 2545 1252 2574 dictum
1258 2548 1302 2574 est
1307 2554 1363 2582 pro
1370 2548 1541 2582 argumenti
1551 2547 1696 2583 dignitate
1704 2556 1710 2582 ;
1719 2554 1749 2581 at

659 2613 682 2631 ⁵⁸
703 2613 714 2640 Ι
730 2614 832 2643 Thess.
849 2623 878 2650 v,
893 2617 984 2645 l6-t8.

919 2679 989 2718 ὑμίν.
1020 2678 1182 2718 Aliquanto
1210 2681 1279 2716 post
1297 2680 1368 2718 e_diti
1392 2682 1456 2718 Περὶ
1480 2682 1525 2718 μὶν
1547 2685 1605 2710 τοῦ.
1634 2683 1751 2712 Veteres

921 2713 1057 2752 quinque
1071 2713 1140 2743 libri
1155 2713 1221 2752 ΙΙερῗ
1231 2718 1275 2752 μὲν
1291 2714 1334 2743 οὖν
1347 2719 1405 2745 τοῦ.

958 2750 1016 2785 (49)
1033 2751 1150 2780 Veteres
1169 2750 1301 2788 quatuor
1314 2751 1384 2780 libri
1400 2751 1422 2778 εἰ
1437 2750 1467 2779 δὲ
1481 2755 1527 2779 καὶ
1540 2754 1607 2789 χρή.
