2029 3136
212 117 263 143 247

898 115 926 142 S.
948 114 1071 141 BASILH
1091 113 1210 143 MAGNI.

1842 118 1895 146 248

214 178 386 208 transibunt
389 178 496 214 ,slella’
505 177 613 205 cadent
623 177 658 205 de
669 178 752 211 c0210,
764 178 809 206 sol
819 177 1039 210 obscurabitur,

1103 181 1205 204 σοῦνται
1219 188 1224 194 -
1248 179 1260 204 ὁ
1282 178 1354 209 ἣλιος
1375 179 1596 206 σκοτισθήσεται·
1617 179 1631 207 ἡ
1652 178 1743 208 σελήνη
1767 180 1795 206 οὐ
1813 179 1895 207 δώσει

216 224 291 251 (una
306 231 366 251 non
382 223 466 250 dabit
488 223 588 250 lumen
603 230 700 250 suum.
716 222 792 255 Quid
807 222 897 257 igitur
918 222 1040 256 mirum,

215 268 308 296 sinos
319 275 451 304 quoque,
460 274 528 294 cum
540 275 612 302 pars
623 266 718 294 simus
733 267 962 295 mundi.eorum
973 274 1041 302 quae

215 312 323 340 mundi
333 311 580 348 sunt,participes
593 311 706 339 simus?
717 311 764 339 His
775 311 1042 345 consideratis,ubi

216 359 244 385 te
255 356 344 384 etiam
360 356 513 384 adorietur
533 356 741 384 communium
760 364 861 384 rerum
876 364 947 392 pars
962 364 1042 392 quie-

216 401 317 438 piam;
332 400 375 428 fer
394 400 500 428 tacitus
516 408 550 428 ac
575 400 748 435 connivens,
764 409 826 428 non
850 401 914 428 sine
933 400 1043 428 affectu

216 445 289 477 ullo,
310 447 362 474 aut
381 453 472 473 sensu
493 445 570 481 (quae
593 448 638 473 est
663 445 744 473 enim
768 445 940 473 indolentia
964 453 1042 473 mer-

218 491 317 523 ces?):
331 489 384 517 sed
398 497 468 517 cum
487 497 601 523 magno
617 489 731 523 labore,
748 498 817 517 cum
838 489 940 518 multis
961 489 1043 517 dolo-

216 535 312 563 ribus.
333 536 441 563 Verum
464 537 565 562 tamen
584 534 683 570 perfer
705 535 787 562 velut
807 537 945 563 strenuus
964 535 1044 571 quis-

217 580 300 616 piam
312 579 433 614 athleta,
448 579 500 614 qui
511 579 604 606 robur
619 587 655 607 ac
666 579 870 607 fortitudinem
886 587 948 607 non
963 580 994 607 in
1009 587 1044 607 eo

218 624 317 652 solum
341 623 482 658 ostendit,
498 623 581 660 quod
604 624 751 660 percutiat
771 624 973 657 adversarios,
991 624 1045 652 sed

218 668 302 705 quod
315 668 443 696 inﬂictas
458 668 548 696 etiam
563 668 621 695 sibi
636 668 675 696 ab
689 668 763 704 ipsis
779 668 885 704 plagas
901 672 1044 697 constan-

218 716 263 742 ter
286 713 414 742 toleret:
439 714 509 741 item
539 716 685 749 tanquam
715 713 825 750 aliquis
849 713 1044 749 gubernator,

219 758 272 794 qui
290 758 413 793 sapiens
429 757 475 791 sit,
492 759 520 785 et
534 765 596 793 prae
618 765 732 792 magna
752 758 918 793 navigandi
940 759 1046 794 peritia.

218 802 404 838 impavidus,
426 802 539 838 quique
558 802 695 830 animum
719 805 834 831 rectum
858 803 1046 831 immersabi-

1096 223 1125 247 τὸ
1146 224 1237 258 φέγγος
1260 223 1351 253 αὐτῆς.
1379 225 1410 248 Τί
1435 221 1478 248 οὖν
1503 223 1662 258 θαυμαστὸν,
1690 223 1711 249 εἰ
1734 227 1779 250 καὶ
1807 223 1892 260 ἡμεῖς,

1095 269 1172 303 μέρος
1199 269 1266 298 ὤτες
1298 271 1343 293 τοῦ
1376 270 1487 303 κόσμου,
1521 267 1681 304 ἀπολαύομεν
1714 273 1763 294 τῶν
1790 268 1817 294 ἐκ
1849 273 1894 294 τοῦ

1095 313 1215 347 κόσμον;
1239 314 1307 348 Πρὸς
1333 316 1416 338 ταῦτα
1444 311 1607 345 ἀποϐλέπων,
1637 313 1696 338 ὅταν
1724 315 1769 338 καὶ
1797 312 1839 339 ἐπὶ
1866 314 1895 339 σὲ

1096 355 1155 392 ἢθη
1178 360 1228 381 τῶν
1248 360 1338 381 κοινῶν
1358 358 1386 381 τὸ
1411 359 1502 392 μέρος,
1528 357 1610 392 ἔνεγκε
1631 358 1731 392 μύσας,
1757 357 1804 383 οὐκ
1829 356 1895 383 ἁπα-

1098 400 1164 433 θῶς,
1199 399 1260 427 οὐδὲ
1293 401 1457 431 ἀναισθήτως
1489 401 1540 434 (τίς
1571 402 1620 437 γὰρ
1654 402 1749 437 μισθὸς
1782 401 1894 438 ἀναλγη-

1099 445 1199 479 σίαςζ),
1228 444 1281 471 ἀλλ’
1315 444 1441 476 ἐπιπόνως
1465 446 1510 481 μεν
1540 447 1585 471 καὶ
1615 447 1661 471 σὺν
1689 444 1820 481 ἀλγηδόσι
1847 456 1897 482 μυ-

1096 490 1179 524 ρίαις.
1217 488 1287 518 Πλὴν
1320 490 1448 525 ὑπένεγκε,
1483 490 1569 526 ὥσπερ
1603 499 1643 520 τις
1678 492 1790 525 γενναῖος
1825 489 1896 525 ἀγω-

1097 535 1188 565 νιστὴς
1209 534 1279 569 (63),
1304 536 1351 563 τήν
1377 534 1457 570 ἰσχὺν
1481 537 1525 560 καὶ
1549 536 1595 564 τὴν
1618 532 1738 571 ἀνδρείαν
1766 535 1795 561 οὐ
1820 537 1897 571 μόνον

1098 577 1121 604 ἐν
1146 582 1191 604 τοῦ
1216 580 1320 605 τύπτειν
1345 581 1405 609 τοὺς
1432 578 1604 613 ἀντιπάλους,
1631 579 1694 606 ἀλλὰ
1720 583 1764 606 καὶ
1795 579 1823 606 ἐκ
1851 584 1898 606 τοῦ

1099 624 1181 660 φέρειν
1208 623 1321 660 στεῤῥὼς
1345 625 1392 655 τὰς
1419 624 1481 660 παρ1
1507 623 1590 650 αὐτῶν
1618 624 1720 660 πληγὰς
1748 623 1898 651 ἐπιδεικνύ-

1098 677 1190 704 μενος·
1213 670 1259 693 καὶ
1282 669 1367 704 ὥσπερ
1396 678 1435 699 τις
1459 668 1617 706 κυϐερνήτης
1633 671 1711 705 σοφὸς
1730 671 1774 695 καὶ
1798 669 1899 706 ἀτάρα-

1098 722 1149 748 χος
1173 713 1222 738 ὑπό
1243 716 1291 744 τῆς
1316 713 1377 748 ἆγον
1400 715 1460 750 περὶ
1479 714 1522 739 τὸν
1547 713 1625 739 πλοῦν
1650 713 1793 751 ἐμπειρίας,
1819 714 1899 750 ὀρθὴν

1099 759 1143 782 καὶ
1175 755 1346 790 ἀϐάπτιστον,
1373 759 1419 783 καὶ
1453 759 1549 788 παντὸς
1576 762 1705 794 χειμῶνος
1737 758 1900 795 ὑψηλοτέραν

1099 803 1145 830 τὴν
1169 800 1261 837 ψυχὴν
1282 800 1431 832 διασὼζων.
1453 800 1553 833 Παιδὸς
1575 802 1721 838 ἀγαπητοῦ,
1745 803 1759 832 ἦ
1777 804 1900 839 φυνοιικᾲς

218 846 349 881 lemque,
371 848 400 874 et
421 854 603 883 quacunque
627 849 805 882 tempestate
828 847 964 875 altiorem
984 855 1044 875 ser-

1103 847 1264 882 καταθυμίας
1280 847 1348 882 (64),
1378 847 1393 876 ἦ
1424 846 1501 873 ἄλλον
1530 849 1599 878 τινὸς
1622 851 1672 873 τῶν
1699 847 1826 884 φιλτάτων
1855 850 1900 874 καὶ

218 893 279 919 vet.
298 890 363 918 Filii
386 890 567 925 charissimi,
587 893 639 918 aut
662 891 762 919 uxoris
786 891 977 926 gratisstmaa,
994 894 1046 920 aut

219 935 342 965 alterius
361 935 534 971 cujuspiam
556 943 661 962 eorum
685 936 738 971 qui
764 938 834 964 sunt
862 936 1045 972 amicissimi,

220 983 249 1009 et
272 979 356 1008 omni
381 979 591 1007 benevolentia
616 982 706 1015 atque
730 980 952 1008 necessitudine
979 989 1047 1009 con-

218 1024 324 1061 juncti,
335 1023 474 1060 privatio,
491 1023 732 1060 haudquaquam
747 1024 847 1052 futura
861 1027 904 1052 est
919 1025 1048 1052 molesta

1099 893 1167 916 κατὰ
1199 894 1286 917 πᾶσαν
1316 893 1414 917 εὔνοιαν
1450 894 1617 928 συνημμένων
1650 894 1790 929 στέρησις,
1825 890 1901 918 οὐδὲν

1102 933 1184 961 δεινὸν
1209 940 1245 971 τῷ
1270 938 1477 973 προεσκεμμένῳ,
1500 938 1545 962 καὶ
1571 938 1613 962 τὸν
1643 936 1718 973 ὀρθὸν
1741 936 1815 972 λόγον
1837 937 1902 972 ἡγε-

1101 982 1166 1016 μόνα
1185 984 1232 1011 τῆς
1257 980 1326 1011 ζωῆς
1348 982 1446 1016 ἔχοντι,
1464 980 1528 1006 ἀλλὰ
1542 983 1576 1017 μὴ
1601 982 1669 1007 κατὰ
1690 982 1828 1011 συνήθειάν
1844 991 1904 1007 τινα

1100 1027 1273 1061 πορευομένῳ.
1308 1024 1401 1056 ’Ἐθους
1434 1026 1483 1062 γὰρ
1516 1027 1654 1062 χωρισμὸς
1684 1028 1728 1052 καὶ
1757 1029 1810 1056 τοῖς
1845 1024 1903 1052 ἁλο-

221 1071 250 1097 et
271 1068 370 1104 gravis
398 1068 513 1096 homini
541 1069 680 1104 provido,
707 1071 736 1096 et
762 1071 875 1097 rectam
898 1070 1048 1097 rationem

1103 1079 1159 1104 γοις
1184 1068 1240 1095 ἐστὶ
1264 1068 1476 1106 δυσφορώτατος.
1504 1072 1553 1096 Καὶ
1578 1080 1640 1096 ποτε
1664 1068 1732 1097 εἶδον
1759 1069 1807 1106 ἐγὼ
1839 1070 1903 1106 βοῦν

220 1114 289 1142 vitae
304 1113 414 1141 ducem
435 1113 571 1146 habenti,
587 1121 650 1141 non
665 1116 765 1142 autem
781 1122 817 1142 ex
832 1115 1050 1143 consuetudine

221 1157 357 1195 quadam
381 1157 542 1186 incedenti.
572 1159 649 1186 Nam
673 1158 901 1186 acerbissimum
931 1161 975 1187 est
1002 1159 1050 1187 vel

220 1203 294 1239 ipsis
321 1202 418 1230 brutis
447 1202 652 1230 animantibus
675 1211 694 1231 a
714 1203 932 1231 consuetudine
951 1203 1050 1232 avelli.

222 1246 370 1284 Equidem
383 1254 439 1282 ego
452 1247 516 1283 ipse
529 1247 591 1274 vidi
606 1247 773 1283 aliquando
788 1247 899 1276 bovem
924 1248 955 1276 in
971 1256 1050 1283 prte-

223 1291 288 1328 sepi
310 1291 562 1327 illacrymantem,
585 1294 691 1328 pastus
711 1300 746 1320 ac
767 1292 833 1327 jugi
855 1292 936 1320 socio
957 1295 1052 1320 morte

226 1336 285 1364 sibi
305 1338 462 1372 prarepto.
491 1336 569 1369 Quin
598 1336 689 1364 etiam
716 1336 819 1364 videre
851 1339 896 1364 est
921 1336 1053 1373 reliquas

225 1380 343 1408 belluas
367 1380 577 1407 consuetudini
598 1379 688 1408 valde
712 1380 880 1408 admodum
905 1381 1054 1409 adhaeres-

227 1432 305 1453 cere.
316 1425 356 1452 Tu
378 1431 450 1452 vero
473 1432 535 1452 non
554 1424 594 1452 ita
610 1424 751 1455 didicisti.
767 1433 865 1461 neque
877 1425 918 1453 ita
931 1425 1054 1453 edoctus

1082 1115 1084 1150 ξ
1104 1113 1145 1140 ἐπὶ
1169 1115 1265 1149 φάτνης
1291 1112 1449 1150 δακρύοντα,
1462 1118 1507 1140 τοῦ
1533 1117 1659 1151 συννόμου
1683 1115 1752 1150 αὐτῷ
1775 1118 1819 1141 καὶ
1843 1116 1904 1151 ὁμο-

1086 1158 1184 1197 ὶζύγου
1221 1158 1430 1196 τελευτήσαντος.
1466 1162 1516 1185 Καὶ
1549 1161 1583 1185 τὰ
1614 1159 1692 1185 λοιπὰ
1725 1163 1774 1185 τῶν
1804 1159 1903 1195 ἀλόγων

1087 1199 1092 1235 ἠ
1107 1201 1228 1240 σφοδρῶς
1251 1208 1298 1234 τῆς
1323 1205 1460 1235 συνηθείας
1484 1205 1553 1230 ἔστιν
1582 1202 1645 1230 ἰδεῖν
1670 1204 1838 1240 ἀντεχόμενα.
1869 1207 1903 1230 Σὺ

1091 1242 1135 1286 id";
1158 1247 1209 1283 οὐχ
1234 1248 1314 1279 οὕτως
1340 1249 1440 1284 ἔμαθες,
1458 1247 1519 1275 οὐδὲ
1542 1247 1701 1285 ἐδιδάχθης.
1724 1249 1790 1274 Ἀλλ’
1817 1249 1905 1285 ἀρχὴν

1093 1288 1151 1329 lim
1179 1292 1263 1328 φιλίας
1291 1292 1428 1328 λαμϐάνειν
1453 1292 1480 1318 ἐκ
1507 1297 1608 1330 μακρᾶς
1638 1293 1740 1330 ὁμιλίας
1767 1295 1812 1319 καὶ
1835 1304 1906 1330 χρο-

1094 1338 1162 1374 λνίου
1191 1337 1264 1368 ἔθους
1289 1335 1365 1363 οὐδὲν
1395 1337 1499 1368 ἀπεικός
1517 1348 1522 1353 ·
1550 1336 1691 1374 ὀδύρεσθαι
1717 1336 1747 1364 δὲ
1775 1340 1817 1364 τὸν
1847 1349 1907 1374 χω·-

1096 1377 1202 1418 Ξρισμὸν
1219 1380 1265 1407 διὰ
1286 1384 1332 1410 τὴν
1348 1381 1390 1408 ἐπὶ
1405 1381 1525 1408 πλεῖστον
1541 1383 1602 1418 ἡμῖν
1617 1385 1753 1419 γενομένην
1767 1381 1908 1419 διατριϐὴν

1110 1425 1239 1457 παντελῶς
1253 1426 1355 1462 ἄλογον.

227 1477 273 1498 es.
286 1471 424 1497 Attamen
443 1468 620 1496 indecorum
635 1477 695 1497 non
721 1469 808 1497 fuerit
826 1478 862 1497 ex
879 1469 971 1504 longo
990 1477 1155 1504 congressu
1170 1470 1311 1499 diuturna
1326 1471 1542 1500 consuetudine
1564 1471 1682 1499 initium
1703 1471 1842 1499 amicitiae
1857 1471 1912 1499 du-

229 1522 313 1548 cere;
325 1514 378 1541 sed
397 1513 498 1541 dolere
513 1513 550 1541 de
565 1513 766 1549 disjunctione
781 1514 820 1542 ob
835 1514 983 1542 diutinam
998 1516 1134 1542 nostram
1150 1516 1422 1550 conversationem,
1439 1516 1558 1551 penitus
1572 1515 1741 1544 absurdum
1757 1518 1812 1544 est.

265 1561 292 1586 5.
313 1558 448 1594 Exempli
459 1558 598 1593 gratiam,
609 1558 715 1593 obtigit
727 1558 779 1586 tibi
790 1567 866 1586 uxor
879 1559 946 1586 vitae
961 1559 1054 1592 socia,
1075 1559 1095 1586 C

230 1612 298 1640 qua:
310 1603 362 1631 tibi
372 1611 495 1631 omnem
506 1603 574 1631 vitae
585 1603 771 1640 voluptatem
785 1604 915 1637 exhibet,
927 1612 1056 1640 qumque

231 1648 337 1677 artifex
351 1651 396 1676 est
409 1648 527 1684 laetitiae,
540 1651 568 1676 et
587 1648 772 1676 conciliatrix
788 1648 972 1684 deliciarum,
988 1658 1056 1686 qum

231 1693 322 1721 simul
332 1693 412 1721 bona
425 1695 515 1729 auget
524 1696 552 1721 et
564 1701 650 1729 opes,
662 1695 690 1721 et
699 1693 875 1721 attlictatum
886 1696 912 1722 te
923 1695 1057 1723 maxime.

231 1737 438 1766 molestiarum
449 1740 535 1774 parte
545 1737 638 1771 levat;
650 1738 715 1766 haec
726 1738 825 1766 subito
840 1741 926 1774 rapta
936 1739 1054 1767 interiit.

231 1784 292 1811 Hac
305 1783 363 1810 ista
375 1782 536 1811 afﬂictione
548 1791 586 1811 ne
599 1783 801 1819 exaspereris;
819 1791 891 1812 cave
906 1784 989 1812 dicas
1006 1792 1056 1812 eo-

229 1836 299 1856 rum
312 1836 379 1865 quae
394 1828 471 1856 ﬁunt
485 1828 579 1856 fatum
596 1828 754 1864 quoddam
770 1836 836 1856 esse
853 1829 912 1864 38
926 1831 1056 1857 temera-

230 1873 319 1908 rium,
328 1873 417 1909 quasi
426 1876 524 1901 rector
532 1873 633 1901 nullus
643 1873 724 1900 hunc
735 1873 885 1901 mundum
895 1874 1054 1908 gubernet;

231 1925 331 1954 neque
360 1918 481 1945 malum
509 1917 675 1954 quemdam
704 1917 845 1953 opificem
874 1919 1054 1951 constituas,

231 1963 405 1997 excogitans
419 1962 470 1990 tibi
483 1963 549 1998 ipse
564 1970 625 1998 prae
641 1962 804 1990 immodico
820 1970 948 1990 maerore
962 1963 1057 1999 impia

230 2007 390 2042 dogmata:
403 2009 624 2042 contra,neque
635 2007 778 2034 terminos
786 2007 916 2034 excedas
927 2007 1054 2043 pietatis,

230 2052 347 2080 Etenim
363 2059 433 2079 cum
446 2051 507 2080 duo
529 2052 656 2080 omnino
669 2052 700 2079 in
716 2059 806 2079 carne
821 2060 882 2079 una
896 2052 1009 2080 fueritis
1020 2054 1054 2087 δε,

229 2096 314 2125 alteri
339 2096 518 2124 divisionem
534 2105 570 2125 ac
585 2096 805 2132 conjunctionis
825 2097 1055 2133 diremptionem

229 2141 354 2169 moleste
371 2141 476 2169 ferenti
491 2142 594 2170 danda
609 2144 654 2169 est
666 2141 753 2169 venia
764 2141 875 2175 multa;
888 2141 940 2169 sed
955 2145 1054 2170 tamen

228 2194 290 2214 non
304 2186 450 2223 profuerit
463 2187 516 2214 tibi
536 2195 602 2214 eam
616 2186 655 2214 ob
671 2194 795 2215 causam
807 2189 858 2214 aut
874 2187 1053 2222 excogitare,

1195 1560 1266 1593 Οἷον,
1282 1563 1346 1595 γυνὴ
1370 1560 1551 1597 συνεκληρώοη
1576 1570 1618 1587 σοι
1632 1562 1700 1586 κατὰ
1713 1563 1760 1590 τὴν
1775 1563 1911 1586 κοινωνίαν

1111 1607 1156 1629 τοῦ
1173 1603 1245 1640 βίον,
1261 1607 1347 1630 πᾶσαν
1372 1603 1469 1634 ἡδονήν
1491 1615 1532 1631 σοι
1557 1607 1624 1631 κατὰ
1647 1607 1689 1630 τὸν
1714 1605 1772 1642 βίον
1794 1615 1911 1641 παρεχο-

1110 1650 1184 1684 μένη,
1211 1649 1335 1684 εὐθυμίας
1363 1647 1535 1686 δημιουργὸς,
1561 1648 1696 1686 θυμηδιῶν
1721 1649 1854 1687 πρόξενος,
1879 1651 1912 1675 τὰ

1111 1694 1220 1729 χρηστὰ
1247 1694 1412 1725 συναύξουσα
1437 1695 1502 1730 (65),
1531 1694 1554 1720 ἐν
1578 1699 1636 1725 ταῖς
1662 1694 1756 1724 λύπαις
1778 1696 1807 1720 τὸ
1837 1694 1910 1720 πλεῖ-

1111 1747 1171 1763 στον
1192 1740 1268 1775 μέρος
1289 1743 1338 1764 τῶν
1362 1738 1471 1775 ἀνιαρῶν
1494 1738 1668 1776 ἀφαιρουμένη
1696 1739 1761 1767 αὕτη
1790 1738 1910 1774 ἐξαίφνης

1112 1781 1309 1820 ἁναρπασθεῖσα
1348 1785 1464 1819 οἲχεται.
1500 1786 1542 1812 Μὴ
1583 1782 1707 1820 ἀγριάνῃς
1747 1787 1783 1818 τῷ
1813 1784 1909 1810 πάθει-

1111 1825 1179 1863 μηδε
1199 1827 1345 1863 αὐτόματόν
1369 1837 1427 1853 τινα
1451 1829 1524 1863 sine;
1546 1826 1610 1853 εἶναι
1635 1829 1779 1863 συντυχίαν
1803 1831 1854 1853 τῶν
1873 1837 1913 1862 γι-

1110 1873 1229 1907 νομένων,
1256 1873 1289 1902 ὡς
1310 1870 1423 1907 μηδενὸς
1445 1873 1595 1908 προστάτου
1619 1873 1661 1897 τὸν
1690 1874 1788 1908 κόσμον
1816 1871 1913 1898 οἰκονο-

1111 1913 1219 1952 μοῦντος
1237 1926 1243 1932 ·
1268 1914 1337 1951 μηδὲ
1360 1919 1439 1942 κακόν
1455 1918 1511 1952 (66)
1535 1926 1593 1942 τινα
1615 1915 1777 1953 δημιουργὸν
1802 1917 1911 1952 ὑποθης,

1111 1959 1138 1986 ἐκ
1163 1964 1210 1990 τῆς
1238 1962 1305 1986 κατὰ
1333 1963 1378 1989 τὴν
1404 1960 1488 1989 λύπην
1516 1960 1640 1998 ἀμετρίας
1665 1962 1766 1997 πονηρά
1792 1959 1914 1997 δόγματα

1111 2004 1291 2041 ὑποτιθέμενος
1318 2009 1435 2040 σεαυτῷ·
1460 2005 1523 2031 ἀλλὰ
1546 2004 1615 2041 μηδὲ
1639 2004 1751 2041 ἐκπέσῇς
1774 2009 1825 2031 τὼν
1848 2007 1912 2042 ὅρων

1110 2054 1157 2079 τῆν
1187 2049 1326 2080 εὐσεϐείας.
1354 2048 1460 2079 Ἐπειδὴ
1491 2051 1539 2087 γὰρ
1575 2050 1638 2080 ὅλως
1667 2049 1781 2085 ἐγένεσθε
1810 2050 1835 2075 οἱ
1864 2048 1912 2076 δύο

1111 2094 1147 2125 εἰς
1169 2095 1254 2130 σάρκα
1277 2097 1349 2130 μίαν,
1365 2095 1444 2123 πολλὴ
1467 2097 1608 2130 συγγνώμη
1634 2099 1670 2129 τῲ
1688 2097 1735 2123 τήν
1751 2092 1911 2130 διχοτομίαν

1110 2141 1153 2165 καὶ
1179 2141 1226 2168 τὴν
1256 2144 1304 2170 τῆς
1334 2142 1473 2175 συναφείας
1504 2137 1632 2175 διαίρεσιν
1661 2140 1725 2175 μετά
1754 2137 1911 2175 ἀλγημάτων

1111 2182 1244 2220 δεχομένῳ
1257 2194 1263 2200 ·
1281 2184 1310 2209 οὐ
1334 2186 1384 2220 μὴν
1408 2185 1501 2209 τούτου
1516 2193 1544 2219 γε
1560 2183 1638 2209 ἕνεκεν
1663 2183 1676 2212 ἦ
1704 2181 1866 2209 διανοεῖσθαί
1885 2193 1910 2209 τι

229 2231 373 2267 autloqui
385 2231 554 2267 quidquam
567 2231 716 2268 ineptum.
730 2232 807 2258 Nam
824 2234 921 2259 tecum
934 2235 1050 2267 reputes

1110 2233 1158 2254 τῶν
1184 2229 1213 2254 οὐ
1237 2231 1420 2265 προσηκόντων
1434 2228 1531 2264 (67),ἧ
1559 2229 1715 2264 φθέγγεσθαί
1740 2238 1780 2254 σοι
1803 2227 1908 2254 λυσιτε-

227 2275 329 2309 velim,
346 2276 430 2312 quod
453 2277 541 2310 Deus,
558 2276 610 2312 qui
629 2275 771 2304 formavit
783 2283 839 2303 nos
859 2277 886 2303 et
901 2276 1052 2310 animavit,

227 2320 336 2348 animm
352 2320 472 2348 cuilibet
485 2321 621 2348 tribuerit
633 2320 789 2356 propriam
805 2319 972 2356 quamdam
987 2320 1053 2348 vitae

226 2372 356 2399 moram,
373 2367 402 2393 et
422 2364 488 2393 aliis
510 2365 585 2393 alios
608 2365 705 2392 exitus
725 2364 868 2392 terminos
885 2365 1051 2400 prmﬁxerit.

262 2445 287 2463 ⁸²
307 2445 412 2479 Genes,
426 2453 456 2473 ιι.
473 2447 525 2480 24;
541 2445 642 2475 Matth.
657 2453 715 2479 xxx,
733 2446 759 2472 5.

260 2526 315 2563 (63)
334 2526 456 2563 Antiqui
479 2526 541 2554 duo
560 2526 629 2563 libri
654 2527 683 2553 et
699 2524 770 2553 editi
791 2528 905 2561 γενναῖος
925 2524 1049 2556 ἀθλητής,

221 2562 277 2590 Alii
292 2571 343 2590 sex
358 2561 432 2590 mss.
449 2567 563 2598 γενναῖος
578 2561 734 2598 ἀγωνιστής.

256 2599 310 2633 (64)
332 2596 457 2625 Veteres
477 2598 538 2626 duo
559 2596 626 2626 libri
652 2600 679 2625 et
702 2596 773 2625 editi
797 2597 970 2633 καταθυμίοο.
995 2596 1050 2624 Alii

220 2633 355 2670 quinque
371 2635 545 2670 καταθυμίας.

257 2671 312 2704 (65)
332 2671 401 2707 ῌθε.
419 2669 536 2705 primus
550 2669 691 2707 πρόξενος·
713 2673 762 2695 τῶν
787 2669 931 2707 χρημξὶτων
955 2669 1049 2693 συναύ-

221 2705 313 2748 ζουσα,
329 2704 353 2731 ἐν
377 2703 445 2735 ταῖς.
469 2706 526 2733 Nec
547 2703 589 2734 ita
613 2706 707 2733 multo
730 2708 799 2741 post
819 2703 953 2739 quinque
973 2711 1045 2731 mss.

219 2751 328 2772 αγριανη
336 2751 354 2772 ς.

239 2751 354 2778 remi:-
966 2773 970 2778 _
988 2773 992 2779 ,

255 2779 310 2813 (66)
332 2778 449 2805 Veteres
472 2779 603 2814 quatuor
625 2776 692 2805 libri
716 2776 785 2814 μηδὲ
805 2779 899 2802 κακῶν.
922 2774 995 2801 Editi
1018 2775 1048 2802 et

1109 2273 1158 2303 λές.
1185 2273 1318 2302 Ἐννόησον
1343 2274 1402 2310 γὰρ,
1428 2274 1468 2299 ὅτι
1492 2273 1504 2298 ὸ
1527 2272 1629 2302 πλάσας
1653 2273 1723 2308 ἡμᾶς
1749 2274 1793 2298 καὶ
1815 2272 1909 2308 ψυχῶ-

1110 2328 1158 2349 σας
1180 2320 1244 2348 Θεὸς
1267 2316 1336 2344 ἰδίαν
1361 2316 1454 2344 ἔδωκεν
1479 2317 1575 2353 ἑκάστῃ
1605 2317 1681 2352 ψυχῇ
1705 2319 1751 2345 τὴν
1775 2321 1821 2342 τοῦ
1847 2316 1908 2352 βίον

1109 2361 1253 2399 διαγωγὴν,
1277 2365 1321 2389 καὶ
1347 2361 1433 2394 ἀλλοις
1466 2361 1558 2392 ἄλλους
1589 2362 1664 2398 ὅρους
1690 2361 1765 2393 ἔπηξε
1794 2365 1842 2391 τῆς
1871 2360 1908 2391 ἐξ·

1106 2531 1183 2585 Ense.1
1188 2522 1339 2563 _nonnulli
1354 2525 1443 2549 κακόν.
1460 2522 1512 2550 Hic
1534 2521 1714 2550 Manichaaos
1735 2520 1909 2557 perstringit

1128 2567 1172 2585 as1
1186 2567 1241 2585 ius.

1106 2559 1241 2587 Basilius.

1141 2595 1197 2628 (67)
1217 2593 1298 2629 Regii
1324 2594 1441 2630 primus
1465 2596 1493 2622 et
1518 2593 1619 2621 tertius
1650 2595 1679 2620 et
1700 2592 1782 2630 alius
1811 2592 1906 2620 codex

1105 2628 1187 2658 Colb.
1200 2628 1292 2655 τούτου
1304 2628 1383 2656 ἕνεκεν
1400 2628 1561 2655 διανοεῖσθαί
1575 2639 1600 2655 τι
1615 2633 1664 2654 τῶν
1678 2629 1706 2654 οὐ
1721 2630 1904 2663 προσηκόντων

1104 2665 1260 2701 ἀναγκαῖον,
1286 2673 1346 2693 non
1373 2667 1510 2693 convenit
1537 2665 1701 2700 quidquam
1731 2663 1904 2701 indecorum

1103 2699 1284 2736 excogitare,
1301 2709 1405 2736 neque,
1423 2704 1476 2728 etc.
1501 2699 1555 2728 Alii
1572 2709 1644 2727 mss.
1669 2702 1698 2727 ct
1723 2699 1794 2726 editi
1820 2702 1852 2736 u_t
1873 2699 1903 2726 in

1103 2734 1252 2764 contextu.
1268 2734 1438 2772 Aliquando
1457 2740 1525 2772 post
1540 2740 1599 2763 tres
1615 2744 1687 2763 mss.
1704 2737 1750 2764 τὴν
1765 2738 1810 2760 τοῦ
1828 2734 1899 2771 βίον,

1102 2772 1213 2800 Vocula
1227 2776 1274 2801 τήν
1290 2773 1396 2799 aberat
1411 2780 1429 2799 a
1445 2772 1584 2806 vulgatis.
