2029 3136
260 120 309 146 251

950 120 978 147 S.
1002 119 1126 147 BASlLll
1146 118 1256 146 MAGNI

1889 115 1943 141 252

261 183 377 209 utentes
389 181 513 209 videres.
523 183 600 210 Cave
611 182 702 216 igitur
712 190 749 210 ne
760 182 833 210 forte
843 182 1089 210 charissimorum

1154 184 1237 217 ζωμεν,
1266 183 1400 217 παρόντων
1426 180 1471 215 μὲν
1500 179 1547 205 οὐκ
1579 178 1770 214 αἰσθανόμενοι,
1796 176 1942 213 παρελθόν-

259 226 459 262 privationem
480 226 568 253 nobis
591 226 665 262 ipsis
689 226 854 254 reddamus
875 226 1087 259 necessariam,

261 278 330 297 cum
342 278 401 298 non
413 269 579 298 efficiamur
589 270 710 298 illorum
720 271 890 307 praesentia,
899 271 951 298 sed
962 271 1090 298 amissos

261 314 632 347 desideremus.0uoniam
639 315 719 343 enim
727 323 782 350 pro
792 315 992 351 prtesentibus
1001 314 1090 342 bonis

262 366 280 386 a
292 359 348 386 Deo
359 359 474 386 collatis
485 361 583 393 grates
593 367 653 387 non
668 360 882 395 persolvimus;
899 359 966 387 ideo
976 359 1088 395 privati

261 411 318 431 nos
331 403 367 431 iis
383 412 506 432 necesse
522 407 575 436 est,
591 407 623 432 ut
637 405 763 432 affectus
784 407 886 433 noster
898 411 1088 432 commovea-

261 450 318 476 tur.
333 448 598 481 Quemadmodum
614 449 694 477 enim
716 457 776 477 non
793 449 895 477 vident
914 448 991 476 oculi
1006 448 1089 484 quod

261 492 330 529 plus
340 501 429 529 tequo
439 494 598 521 admotum
608 494 718 528 est,sed
724 494 899 528 congruenti
911 493 1012 529 aliquo
1022 500 1089 529 spa-

262 537 302 565 tio
326 537 471 571 indigent,
488 539 529 566 ita
553 541 582 566 et
604 539 728 573 ingratae
745 539 854 566 animee
869 546 922 574 per
936 537 1087 565 bonorum

263 581 516 610 abalienationem
530 583 671 611 videntur
693 583 730 610 de
754 583 866 611 amisso
891 590 925 611 ac
940 581 1088 618 praeterito

262 625 410 653 beneﬁcio
421 626 509 654 affici.
518 628 592 654 Nam
604 635 672 654 cum
684 627 852 655 fruerentur
863 627 962 659 bonis,
975 625 1088 653 nullam

263 671 328 697 tum
343 670 470 703 gratiam
487 671 642 699 habebant
663 671 808 706 largitori,
826 671 879 698 sed
900 670 950 698 ubi
970 672 1038 697 sunt
1054 669 1090 696 iis

264 713 409 750 spoliatae,
418 714 548 750 idipsum
559 716 641 751 quod
652 716 784 750 evanuit,
794 715 920 743 laudant
930 715 1092 742 aestimant-

263 765 333 793 que.
343 760 430 786 Porro
441 767 531 787 nemo
542 762 679 787 nostrum
690 760 835 787 immunis
845 762 888 787 est
898 767 916 787 a
927 758 1092 793 gratiarum

265 803 382 831 actione
393 804 432 831 ob
440 803 532 831 ullam
544 805 611 831 vitae
622 805 712 840 hujus
721 812 932 832 mrumnamac
942 803 1093 831 calamita-

1143 235 1192 250 των
1223 224 1252 251 δι
1285 227 1476 262 περιεχόμενοι.
1513 221 1618 252 Ἐπειδὴ
1657 223 1706 258 γὰρ
1746 222 1943 259 παρακειμένων

1142 273 1192 295 τῶν
1220 269 1247 295 ἐκ
1267 273 1333 295 Θεοῦ
1361 268 1462 304 ἀγαθῶν
1491 267 1538 293 οὐκ
1564 267 1782 303 εὐχαριστοῦμεν,
1812 264 1945 299 ἀναγκαία

1143 316 1205 350 ἡμῖν
1229 315 1242 343 ἡ
1269 313 1405 350 ἀφαίρεσις
1427 311 1473 339 διὰ
1492 315 1539 341 τὴν
1561 312 1686 340 αἴσθησιν
1711 313 1820 346 γίνεται.
1842 309 1944 345 Ὠσπερ

1142 359 1193 394 γὰρ
1226 359 1250 384 οὶ
1284 358 1411 394 ὀφθαλμοὶ
1441 359 1469 383 τὸ
1498 358 1564 392 οἶγαν
1591 357 1776 393 προσκείμενον
1808 355 1866 389 (71)
1892 353 1946 388 οὐχ

1143 404 1249 440 ὁρῶσιν,
1279 402 1341 428 ἀλλὰ
1369 401 1472 428 δέονται
1497 403 1645 438 συμμέτρου
1673 401 1742 429 τινὸς
1762 398 1944 427 ἀποστάσεως-

1143 447 1211 473 οὖτω
1239 450 1283 473 καὶ
1305 448 1332 473 αὶ
1357 446 1501 483 ἀχάριστοι
1516 446 1606 481 ψυχαὶ
1630 445 1745 470 ἐοίκασιν
1769 443 1793 469 ἐν
1818 446 1850 478 τῇ
1874 441 1947 467 ἀλλο-

1142 496 1249 528 τριώσει
1275 493 1329 526 (72)
1357 497 1407 518 τῶν
1428 492 1532 527 ἀγαθῶν
1557 495 1604 521 τῆς
1630 488 1812 526 παρελθούσης
1832 488 1948 523 χάριτος

1143 537 1358 565 ἐπαισθάνεσθαι.
1385 536 1446 562 Ὀτε
1478 537 1528 573 γὰρ
1557 535 1682 561 ἀπέλαυον
1717 537 1765 559 τῶν
1798 533 1949 569 χρηστοτέ-

1143 591 1203 618 ρων,
1220 580 1345 618 οὐδεμίαν
1368 583 1449 617 χάριν
1473 585 1508 616 τῷ
1531 578 1660 606 δεδωκότι
1682 581 1864 614 γινώσκοντες,
1882 576 1948 611 μετά

1142 629 1190 655 τὴν
1215 628 1337 663 στέρησιν
1364 628 1393 652 τὸ
1426 625 1550 663 παρελθὸν
1577 623 1776 661 μακαρίζουσιν.
1803 620 1873 647 Ἀλλ’
1906 619 1949 645 οὗ-

1145 670 1200 702 δεὶς
1223 672 1295 707 ἡμῶν
1319 670 1481 696 ἀποκλείεται
1501 673 1547 695 τοῦ
1572 669 1739 705 εὐχαριστεῖν
1761 668 1804 692 ὑπ’
1819 663 1949 700 οὐδεμιᾶς

1145 717 1324 753 περιστάσεως
1341 715 1413 751 βίου,
1431 715 1474 740 ἐὰν
1494 714 1660 750 εὐγνωμόνως
1674 713 1732 748 (73)
1755 711 1866 737 ἕκαστον
1888 709 1949 734 ἐπι-

1146 760 1300 795 λογίζεσθαι
1324 760 1397 796 θέλῃ.
1416 759 1516 790 Πολλὰς
1539 760 1589 795 γὰρ
1618 757 1806 794 ἀναθεωρήσεις
1830 757 1876 780 καὶ
1901 753 1949 779 οὐχ

1149 805 1267 842 ἀτερπεῖς
1299 806 1312 831 ὀ
1345 805 1456 831 ἑκάστου
1490 805 1563 840 ἡμῶν
1597 802 1655 839 βίος
1687 804 1820 831 κέκτηται,
1856 798 1948 834 ἐάνπερ

264 850 335 881 tem,
344 848 366 875 si
374 848 435 875 vult
442 848 562 883 singula
573 849 771 885 animomquo
782 849 973 885 perpendere.
980 847 1092 875 Etenim

1154 850 1200 887 ὶρα
1226 847 1429 885 καταδεξώμεθα
1454 850 1518 885 πρὸς
1543 849 1572 874 τὸ
1601 846 1762 876 ὑποϐεϐηχὸς
1780 843 1948 873 ἀποϐλέπειν,

263 892 325 920 vita
340 892 578 929 uniuscujusque
589 897 724 922 nostrum
737 894 827 922 habet
840 902 901 921 non
917 901 1016 929 pauca
1025 900 1093 928 qua;

264 944 428 973 possumus
438 945 735 974 recensere,qua2que
745 938 911 972 injucunda
918 946 978 965 non
985 936 1093 968 sunt,si

265 981 359 1009 modo
369 982 517 1017 respicere
530 983 568 1010 ad
577 983 719 1010 inferiora
730 983 867 1013 velimus,
879 983 981 1018 sicque
992 990 1028 1009 ex
1039 982 1094 1008 ista

267 1033 335 1053 eum
347 1033 376 1052 re
388 1026 876 1063 deterioricomparatione,quanti
886 1027 969 1062 pretii
980 1027 1036 1054 hoc
1045 1034 1095 1053 no-

268 1073 362 1098 strum
374 1070 488 1098 bonum
495 1071 531 1099 sit
541 1072 760 1107 expendamus.
767 1072 932 1100 Servuses?
943 1071 1035 1098 Adest
1045 1070 1095 1098 ali-

267 1114 369 1149 quiste
377 1114 534 1149 dejectior;
546 1116 657 1150 gratias
665 1116 895 1152 repende,quod
903 1115 1094 1149 uniprtestes,

267 1158 348 1194 quod
360 1167 420 1186 non
432 1159 616 1188 sisaddictus
626 1161 765 1196 pistrino,
773 1160 856 1196 quod
865 1160 971 1196 plagas
983 1167 1042 1186 non
1050 1167 1097 1186 ac-

268 1202 374 1238 cipias.
390 1207 431 1231 Ac
447 1212 484 1231 ne
499 1204 568 1232 huic
590 1205 712 1240 quidem
728 1205 893 1240 gratiarum
908 1203 1096 1239 agendarum

269 1246 416 1275 defutura:
445 1252 514 1277 sunt
542 1257 656 1277 causae.
689 1251 789 1286 Neque
818 1249 898 1276 enim
923 1251 1038 1276 tenetur
1065 1249 1096 1276 in

271 1292 483 1328 compedibus,
499 1301 597 1330 neque
609 1294 720 1328 ligatus
739 1296 769 1321 in
791 1294 872 1329 ligno
892 1297 945 1321 est.
964 1293 1039 1321 Satis
1052 1295 1098 1320 est

269 1343 370 1364 causae
385 1337 483 1365 vincto
493 1338 532 1366 ad
543 1339 656 1373 gratias
667 1339 866 1366 exsolvendas
883 1339 953 1373 ipsa
971 1337 1041 1365 vita.
1054 1337 1097 1364 Vi-

273 1380 325 1408 det
339 1381 445 1414 solem,
459 1382 566 1418 spiritu
588 1391 688 1410 aerem
713 1383 806 1414 ducit,
822 1383 929 1410 borum
945 1382 1040 1416 gratia
1055 1390 1099 1409 re-

269 1425 375 1460 pendit
385 1426 505 1460 gratias.
519 1426 838 1455 Plecterisimmerito?
858 1427 961 1454 Gaude
983 1434 1036 1462 spe
1056 1426 1099 1454 iu-

271 1470 417 1497 turorum.
434 1470 502 1497 Jure
517 1471 737 1498 condemnatus
754 1471 810 1499 es?
832 1471 878 1499 Sic
893 1471 983 1498 etiam
1001 1472 1098 1505 grates

273 1520 340 1547 age,
354 1514 438 1549 quod
448 1514 497 1542 hic
507 1514 625 1542 dederis
635 1515 782 1543 scelerum
798 1522 917 1551 poenas,
928 1523 989 1542 non
1000 1517 1100 1542 autem
1116 1522 1136 1550 ρ

273 1556 313 1584 sis
324 1557 364 1584 ob
374 1558 523 1594 impunita
533 1562 658 1595 peccata
669 1559 818 1595 supplicio
829 1562 941 1587 aeterno
953 1562 1102 1586 servatus.

275 1601 358 1629 Hunc
370 1602 406 1629 ad
419 1603 545 1630 modum
558 1606 657 1639 potest
666 1604 717 1639 qui
729 1607 830 1639 gratus
841 1610 895 1638 est,
906 1604 936 1631 in
945 1603 1028 1631 omni
1043 1603 1105 1630 vita

275 1648 304 1672 et
314 1645 344 1673 in
355 1647 439 1674 omni
449 1647 585 1676 instituto
603 1656 657 1684 pro
669 1649 866 1683 prmsentibus
886 1649 974 1676 bonis
986 1647 1105 1684 amplas

277 1689 478 1719 benefacienti
494 1693 604 1726 gratias
619 1701 773 1729 peragere.
788 1695 871 1720 Nunc
893 1695 1006 1725 autem,
1021 1691 1105 1728 quod

277 1736 408 1763 morosis
427 1736 602 1765 hominibus
612 1738 731 1767 accidit.
742 1739 771 1765 id
783 1739 929 1773 contingit
944 1737 1104 1774 plerisque,

276 1778 415 1808 videlicet
431 1784 462 1808 ut
481 1782 641 1816 praesentia
658 1782 825 1814 fastidiunt,
836 1781 1023 1810 ita’absentia
1033 1788 1106 1808 con-

276 1824 447 1859 cupiscunt.
465 1827 565 1862 Neque
585 1826 664 1854 enim
689 1834 742 1854 e05
761 1827 813 1862 qui
828 1826 933 1862 seipsis
952 1825 1107 1853 inferiores

274 1871 345 1895 sunt
362 1873 588 1905 cnumerantes,
601 1870 734 1905 largitori
758 1870 893 1899 beneﬁco
910 1878 964 1906 pro
986 1870 1021 1897 iis
1039 1878 1106 1905 quas

276 1911 389 1940 habent
414 1914 524 1948 gratias
548 1915 746 1951 persolvunt:
763 1915 824 1942 imo
848 1915 912 1950 ejus
932 1914 1014 1950 quod
1030 1922 1104 1949 prae-

276 1957 404 1985 stantius
414 1961 459 1986 est
469 1959 705 1994 comparatione,
714 1962 861 1995 quantum
873 1961 1052 1994 superentur
1062 1966 1105 1985 re-

277 2003 429 2036 putantes,
441 2002 481 2030 ita
496 2007 623 2030 maerent
637 2006 665 2030 et
689 2006 916 2039 conqueruntur
934 2003 1022 2030 bonis
1037 2002 1105 2030 alie-

277 2045 324 2073 nis
334 2046 452 2082 privati,
464 2055 500 2074 ac
514 2048 537 2075 si
554 2048 617 2075 suis
634 2048 845 2084 spoliarentur.
859 2049 967 2076 Servus
982 2047 1034 2083 qui
1049 2050 1103 2079 est,

276 2090 455 2126 permoleste
471 2091 525 2119 fert
539 2091 668 2120 liberum
690 2100 722 2120 se
746 2100 807 2120 non
823 2100 888 2119 esse
905 2101 910 2119 :
927 2099 1006 2127 aegre
1021 2094 1066 2119 est
1079 2090 1106 2118 ei

275 2135 327 2171 qui
340 2135 370 2162 in
382 2135 517 2164 libertate
529 2136 587 2173 4ο
599 2137 745 2165 educatus
757 2137 823 2170 fuit,
834 2137 915 2173 quod
927 2137 1043 2171 generis
1054 2144 1106 2164 no-

274 2179 389 2208 bilitate
405 2189 468 2208 non
483 2181 675 2216 insigniatur,
687 2181 770 2218 quod
781 2189 842 2209 non
853 2185 1046 2209 recenseatur
1059 2181 1105 2208 in-

275 2226 320 2251 ter
333 2232 384 2252 eos
395 2225 445 2261 qui
461 2225 607 2253 natalium
621 2226 781 2261 splendore
794 2226 948 2261 conspicui
959 2229 1038 2258 sunt,
1050 2233 1105 2253 nec

275 2276 436 2297 numerare
447 2270 542 2306 possit
552 2273 631 2297 retro
642 2278 715 2297 avos
728 2273 856 2306 septem,
866 2270 919 2305 qui
930 2270 1030 2297 eximii
1045 2270 1105 2297 fue-

275 2312 335 2340 rint
348 2321 497 2349 equorum
513 2314 686 2347 nutritores,
703 2317 754 2341 aut
765 2322 839 2349 opes
855 2322 926 2341 suas
939 2313 968 2340 in
985 2313 1106 2348 gladia-

276 2359 357 2385 tores
372 2357 599 2394 insumpserint.
623 2358 793 2391 Queritatur
815 2358 869 2394 qui
884 2365 992 2392 genere
1005 2358 1104 2385 clarus

276 2404 331 2433 est,
342 2402 426 2438 quod
438 2410 498 2430 non
509 2402 644 2430 abundet
653 2402 764 2430 divitiis
777 2411 783 2435 ;
797 2402 882 2430 dives
899 2401 1060 2430 afﬂictatur
1069 2410 1105 2430 ac

276 2446 367 2482 dolet,
377 2447 460 2483 quod
473 2447 663 2475 dominatum
674 2447 705 2474 in
721 2447 834 2483 oppida
846 2447 913 2474 etin
929 2450 1031 2482 gentes
1042 2455 1104 2474 non

313 2501 369 2535 (7t)
389 2501 471 2528 Unus
498 2500 593 2528 codex
617 2501 687 2533 Reg.
708 2503 739 2537 et
763 2500 833 2537 editi
852 2502 880 2526 τό
901 2501 966 2536 οἶγαν
987 2500 1104 2537 λαμπρον

277 2539 472 2573 προσκείμενον,
487 2543 548 2573 rem
562 2537 652 2573 valde
664 2536 854 2573 sptendz'dam
867 2537 936 2571 plus
950 2544 1033 2573 κοῖαι)
1049 2536 1104 2564 ad-

278 2571 399 2611 motani.
417 2573 478 2599 Vox
491 2571 610 2611 λαμπρόν
633 2571 662 2598 in
686 2571 888 2611 aliis'septem
913 2580 985 2611 mss.
1000 2572 1102 2611 deest;

277 2609 458 2669 Sectmirum
473 2609 498 2634 si
510 2609 596 2643 desit,
605 2615 674 2634 cum
685 2614 744 2634 non
756 2609 797 2634 ita
808 2609 976 2635 necessaria
987 2615 1054 2634 esse
1065 2609 1106 2634 νι-

299 2649 335 2669 ea
350 2651 394 2670 ur.

315 2679 369 2715 (72)
389 2679 461 2715 Reg.
481 2677 597 2713 primus
615 2680 644 2715 et
663 2677 764 2705 tertius
789 2677 812 2703 ἐν
834 2681 865 2713 τῇ
889 2677 1103 2715 annumin-im,

279 2712 386 2741 eadem
398 2712 489 2749 plane
503 2713 660 2742 sententia.

314 2750 371 2785 (73)
387 2748 481 2777 Editio
503 2749 595 2777 Paris.
618 2752 649 2776 et
673 2757 751 2777 unus
769 2757 842 2777 mss.
863 2748 904 2775 ἐάν
919 2758 959 2780 τις
974 2749 1106 2786 εὐγνωμό-

1148 896 1192 919 καὶ
1221 894 1302 924 οὕτως
1330 893 1357 918 ἔκ
1385 897 1432 923 τῆς
1460 894 1526 929 πρὸς
1551 894 1580 918 τὸ
1611 895 1700 928 χεῖρον
1729 889 1894 926 συγκρίσεως
1919 889 1948 913 τὸ

1149 940 1270 976 ὑπάρχον
1303 939 1365 974 ἡμῖν
1397 937 1512 973 ἀγαθὸν,
1545 940 1629 963 πόσου
1663 938 1730 966 τινὸς
1761 934 1832 965 ἄξιόν
1867 932 1949 963 ἐστιν,

1149 984 1292 1020 ἐκμετρεῑν,
1322 983 1432 1013 Οἰκέτης
1457 981 1603 1017 εἶςἘχεις
1629 983 1671 1008 τὸν
1699 983 1808 1006 σεαυτοῦ
1832 979 1950 1004 ταπεινό-

1149 1038 1230 1065 τερον·
1246 1029 1410 1065 εὐχαρίστει,
1436 1028 1476 1053 ὅτι
1501 1027 1555 1057 ἑνὸς
1578 1028 1723 1063 ύπερέχεις,
1741 1026 1780 1050 ὅτι
1803 1026 1838 1060 μὴ
1867 1022 1892 1048 ἐν
1914 1026 1950 1056 τῷ

1149 1073 1247 1110 μυλῶνι
1277 1070 1503 1103 καταδεδίκασαί,
1529 1072 1569 1097 ὃτι
1598 1073 1633 1106 μὴ
1663 1070 1765 1105 πληγὰς
1792 1066 1946 1103 λαμϐάνεις.

1150 1117 1205 1144 Οὐκ
1239 1117 1413 1152 ἐπιλείψουσιν
1446 1115 1508 1142 οὐδε
1536 1119 1625 1141 τοῦτον
1652 1116 1680 1140 αἱ
1706 1118 1751 1140 τοῦ
1782 1113 1951 1148 εὐχαριστεῖν

1152 1161 1279 1199 ἀφορμαί.
1309 1162 1346 1187 Οὐ
1371 1163 1421 1198 γὰρ
1445 1162 1501 1196 ἔχει
1525 1158 1619 1191 πέδας,
1642 1159 1671 1185 οὐ
1695 1156 1800 1184 δέδεται
1816 1156 1839 1181 ἐν
1864 1155 1946 1189 ξύλῳ.

1149 1207 1178 1233 Ὀ
1194 1205 1332 1243 δεσμώτης
1357 1207 1413 1241 ἔχει
1436 1208 1466 1232 τὸ
1492 1205 1539 1241 ζῇν
1564 1204 1694 1241 ἀρκοῦσαν
1709 1202 1827 1239 ἀφορμὴν
1851 1200 1887 1230 εἰς
1907 1199 1950 1225 εὐ-

1151 1254 1305 1288 χαριστίαν·
1320 1250 1393 1280 ἣλιον
1418 1252 1475 1287 ὁρᾷ,
1499 1250 1604 1276 ἀναπνεῖ
1625 1251 1667 1275 τὸν
1693 1247 1765 1284 ἀέρα1
1786 1245 1827 1272 ἒπὶ
1849 1246 1951 1274 τούτοις

1151 1287 1314 1332 εὐχαριστεῖ.
1333 1294 1444 1325 Ἀδίκως
1469 1295 1587 1331 χολάζης
1616 1297 1652 1329 Τῇ
1678 1297 1728 1318 τῶν
1751 1290 1894 1327 μελλόντων
1914 1287 1951 1313 ἕλ-

1151 1338 1213 1366 πίδι
1228 1341 1315 1376 χαῖρε.
1342 1341 1434 1370 Δικὶως
1457 1337 1669 1370 κατεδικάσθηςς
1696 1338 1746 1362 Καὶ
1768 1334 1850 1364 οὓτως
1867 1333 1951 1368 τὶχα-

1152 1387 1246 1421 ρίστει,
1274 1382 1383 1410 ἐνταῦθα
1411 1386 1455 1412 τὴν
1483 1381 1561 1412 δίκην
1587 1386 1637 1408 τῶν
1664 1380 1857 1416 τετολμημένων
1892 1377 1954 1403 ἀπο-

1152 1431 1246 1462 τιννυς⁷
1273 1429 1338 1455 ἀλλὰ
1361 1431 1399 1466 μὴ
1425 1427 1464 1454 ἐπ’
1487 1427 1617 1463 ἀκεραίοις
1642 1429 1698 1456 τοῖς
1721 1424 1897 1460 ἁμαρτήμασι
1921 1425 1951 1457 τῇ

1153 1474 1244 1509 αἰωνίᾳ
1267 1473 1373 1499 κολάσει
1392 1473 1547 1510 ταμιευθείς.
1566 1472 1639 1497 Κατά
1662 1468 1694 1498 δὴ
1718 1471 1761 1495 τὸν
1780 1468 1860 1493 αὐτὸν
1879 1466 1955 1501 λόγον

1157 1518 1198 1545 ἐπὶ
1226 1520 1322 1548 παντὸς
1345 1517 1406 1554 βίου
1434 1520 1479 1543 καὶ
1501 1518 1603 1543 πάντων
1627 1512 1840 1549 ἐπιτηδευμάτων
1873 1511 1956 1542 ἔξεστι

1157 1567 1193 1598 τῷ
1209 1563 1348 1599 εὐγνώμονι
1373 1562 1487 1598 μεγάλας
1510 1565 1560 1586 τῶν
1581 1562 1715 1597 παρόντων
1735 1554 1896 1583 ἀποδιδόναι
1921 1558 1956 1588 τῷ

1159 1607 1276 1643 εὐεργέτῃ
1302 1608 1348 1637 τὰς
1369 1608 1483 1643 ’χάριτας
1508 1607 1577 1641 (74).
1594 1609 1648 1632 Nino
1670 1602 1700 1630 δὲ
1722 1604 1751 1629 τὸ
1776 1606 1826 1627 τῶν
1847 1599 1958 1636 δυσαρε-

1160 1655 1305 1689 στουμένων
1344 1653 1503 1678 πεπόνθασιν
1540 1652 1564 1676 οἱ
1596 1649 1698 1676 πολλοί⁸
1731 1649 1759 1672 τὸ
1797 1648 1842 1682 μὲν
1876 1646 1956 1681 παρὸν

1160 1698 1340 1734 ἀτιμάζοντες,
1362 1701 1412 1722 τὼν
1438 1698 1466 1722 κε
1490 1695 1606 1721 ἀπόντων
1631 1694 1825 1729 ἐπιθυμοῦντες.
1842 1690 1881 1716 Οὐ
1906 1691 1956 1726 γὰρ

1160 1745 1220 1773 τοὺς
1242 1740 1446 1778 ὑποδεεστέρους
1469 1738 1553 1766 αὗτῶν
1579 1738 1810 1775 ἁπαριθμούμενοι,
1827 1737 1873 1763 τὴν
1895 1735 1956 1769 ὑπὲρ

1161 1786 1194 1812 ὧν
1210 1788 1303 1822 ἔχουσι
1327 1788 1406 1823 χάριν
1431 1784 1612 1821 ἀποπληροῡσι
1633 1787 1670 1818 τῷ
1692 1782 1823 1818 εὐεργέτῃ⁸
1837 1778 1904 1804 ἀλλὰ
1924 1781 1954 1813 τῇ

1161 1833 1224 1868 πρὸς
1244 1833 1272 1857 τὸ
1293 1822 1421 1868 ὑπερέχον
1442 1831 1588 1866 συγκρίσει,
1605 1829 1664 1854 ὅσον
1689 1825 1873 1852 ἀπολείπονται
1887 1822 1957 1857 λογι-

1162 1877 1273 1912 ζόμενοι,
1301 1877 1335 1906 ὡς
1364 1875 1465 1900 οἰκείων
1492 1874 1656 1910 στερούμενοι
1678 1876 1727 1897 τῶν
1754 1870 1850 1905 ἑτέροις
1877 1877 1957 1904 προσ-

1160 1924 1247 1952 όντων,
1275 1920 1356 1950 οΰτως
1385 1919 1504 1945 ἀνιῶνται
1530 1920 1573 1944 καὶ
1600 1918 1820 1952 καταμέμφονται.
1844 1913 1874 1938 Ὀ
1898 1910 1959 1938 δον-

1159 1964 1213 1997 λος,
1237 1966 1277 1991 ὃτι
1301 1967 1335 2001 μὴ
1362 1964 1490 2000 ἐλεύθερός
1515 1962 1580 1995 ἐστι,
1611 1960 1792 1996 δυσχεραίνει·
1807 1959 1820 1983 ὁ
1846 1957 1871 1982 ἐν
1893 1956 1959 1982 ἐλευ-

1161 2011 1231 2046 θερίᾳ
1254 2012 1369 2046 τραφεὶς,
1395 2010 1435 2035 ὃτι
1459 2010 1494 2044 μὴ
1518 2005 1687 2043 εὐπατρίδης,
1716 2001 1784 2040 μηδὲ
1814 2007 1863 2028 τῶν
1885 2010 1960 2036 περι-

1161 2054 1273 2080 ϐλέπτων
1289 2053 1329 2080 ἐπ’
1355 2054 1478 2089 εὐγενείᾳ,
1509 2050 1574 2088 μηδ’
1599 2052 1639 2077 ὅτι
1664 2050 1730 2076 ἑπτα
1752 2049 1877 2077 πάππους
1905 2048 1960 2081 ἔχει

1161 2099 1277 2136 ἀριθμεῖν
1298 2099 1333 2129 εἰς
1357 2100 1385 2124 τὸ
1409 2099 1470 2128 οἱνω,
1490 2098 1663 2133 ἱπποτρόφους
1676 2094 1823 2130 λαμπροὺς,
1845 2091 1859 2120 ῖς
1881 2100 1959 2126 μονο-

1160 2145 1259 2180 μάχοις
1288 2145 1330 2168 τὸν
1363 2143 1471 2168 πλοῦτον
1505 2141 1716 2172 ἓξαναλώσαντας
1747 2138 1818 2168 (75).
1836 2135 1866 2161 Ὀ
1895 2136 1960 2160 κατὰ

1122 2190 1230 2224 Πγένος
1262 2190 1399 2224 περιφανὴς
1431 2186 1605 2223 σχετλιάζει,
1639 2185 1679 2210 ὁτι
1707 2185 1741 2219 μὴ
1779 2181 1822 2207 ἐπὶ
1856 2179 1959 2214 πλούτῳ

1159 2236 1238 2269 κομᾷ·
1268 2234 1280 2258 ό
1313 2232 1437 2262 πλούσιος
1468 2231 1587 2257 λυπεῖται
1619 2231 1664 2254 καὶ
1697 2225 1830 2263 ὀδύρεται,
1861 2226 1903 2250 ὅτι
1926 2226 1958 2260 μὴ

1159 2277 1255 2303 πόλεων
1282 2279 1326 2302 καὶ
1347 2276 1423 2302 ἐθνῶν
1451 2275 1521 2301 ἐστιν
1547 2274 1637 2311 ἄρχων
1661 2273 1729 2306 (76)·
1754 2272 1767 2296 ό
1797 2271 1958 2306 στρατηγὸς⁷

1160 2325 1200 2350 ὅτι
1226 2324 1261 2359 μὴ
1289 2320 1431 2358 βασιλεύει·
1453 2321 1466 2345 ὁ
1495 2319 1629 2356 βασιλεὺς,
1657 2318 1697 2343 ὃτι
1718 2318 1753 2352 μὴ
1780 2316 1869 2344 πάσης
1894 2314 1958 2349 ὁμοῦ

1159 2372 1207 2397 τῆς
1226 2357 1371 2402 tyana
1396 2368 1497 2402 κρασεῖ,
1527 2363 1582 2389 ἀλλ’
1607 2364 1678 2388 ἓστ¹ν
1705 2362 1763 2389 ἔθνη
1798 2362 1854 2389 τοίς
1879 2357 1958 2383 αὖτού

1160 2415 1304 2449 σκήπτροις
1331 2413 1365 2446 μὴ
1391 2411 1583 2449 ὑποκύπτοντα.
1609 2407 1653 2449 Ἐνι
1665 2407 1766 2432 πάντων
1799 2402 1828 2445 ds
1861 2404 1958 2445 τούτοιν

1161 2442 1301 2483 συνάγεται
1325 2442 1353 2472 τό
1374 2445 1416 2471 ἐπὶ
1440 2443 1534 2482 μηδενὶ
1559 2445 1601 2470 τὸν
1628 2442 1761 2479 εὐεργέτην
1788 2442 1958 2476 εὐχαριστεί-

1159 2512 1218 2532 mg.
1239 2500 1332 2527 Editio
1349 2499 1436 2527 liasil.
1453 2501 1480 2525 et
1495 2501 1609 2533 septem
1625 2504 1698 2533 mss.
1713 2494 1754 2520 ἐάν
1766 2494 1941 2533 εὐγνωμονως.

1196 2531 1255 2571 (74)
1276 2535 1395 2572 Antiqui
1417 2535 1478 2562 duo
1499 2531 1565 2561 libri
1589 2537 1625 2568 τῷ
1641 2531 1759 2568 εὐεργέτῃ
1776 2531 1822 2559 τὰς
1848 2531 1959 2564 εὐχαρι-

1161 2582 1246 2603 στιας.

1194 2599 1250 2643 (7:3)
1269 2608 1398 2643 Utraque
1409 2605 1538 2643 editioret
1548 2611 1626 2643 unus
1636 2602 1731 2643 codex
1743 2599 1826 2643 golb:
1840 2600 1962 2641 ίπποτρο-

1161 2635 1217 2680 φοις
1239 2635 1385 2679 λαμπρὸξὴ
1409 2642 1571 2677 μονομάχοις
1595 2641 1638 2664 τὸν
1662 2637 1720 2674 βίον
1740 2635 1959 2667 ἐξαναλώσαντας.

1161 2677 1214 2707 Alii
1231 2677 1297 2706 octo
1313 2677 1389 2705 mss.
1411 2679 1443 2703 ut
1462 2677 1490 2703 in
1508 2677 1657 2703 contextu.
1890 2705 1895 2710 ἱ

1198 2717 1249 2748 ίῖο)
1266 2715 1347 2741 Unus
1365 2721 1421 2740 ms.
1439 2715 1467 2739 et
1481 2711 1549 2739 editi
1564 2710 1640 2736 ἐθνῶν
1651 2711 1740 2746 ἄρχει.
1753 2707 1806 2735 Alii
1817 2714 1870 2733 sex
1886 2707 1960 2732 ἐθνῶν

1161 2750 1231 2776 ἐστιν
1248 2751 1349 2786 άρχων.
