2029 3136
235 116 287 142 255

922 115 951 142 S.
973 111 1096 140 BASlLll
1115 111 1226 140 MAGNI

1857 109 1910 138 256

231 176 283 204 tibi
300 178 400 205 tamen
415 176 504 204 veluti
517 177 568 204 tua
590 176 674 204 danti
693 175 821 211 gratiam
845 176 993 210 integram
1011 182 1055 202 re-

1112 176 1174 210 ἡμῖν
1195 182 1202 206 ;
1225 173 1262 200 Οὐ
1291 175 1342 211 γὰρ
1371 172 1478 210 ἁφίιμαι
1503 177 1551 204 τῆς
1579 176 1664 208 φωνῆς
1689 176 1734 198 τοῦ
1759 175 1909 210 “(sopri-:09,

231 220 296 249 fert.
313 220 391 255 Quid
400 220 489 254 igitur
503 218 701 250 retribuemus
717 221 841 248 Domino
849 228 906 254 pro
920 219 1055 248 omnibus

231 273 296 300 qua:
311 265 447 293 retribuit
459 265 541 292 nobis
557 265 570 291 ί]
582 266 645 292 Non
656 265 736 293 enim
750 265 855 293 desero
867 272 973 292 vocem
987 265 1056 291 Pro-

231 309 441 345 phetaprobe
457 309 673 344 addubitantis,
696 317 731 337 ac
747 309 881 344 inopiam
898 317 987 336 suam
1003 308 1056 336 cir-

231 353 466 389 cumspicientis,
479 353 534 389 al
552 354 642 381 talem
658 353 793 381 videlicet
808 353 835 380 ei
847 356 879 382 ut
894 353 967 380 nihil
983 361 1057 388 sup-

231 400 342 434 peteret
353 398 480 433 dignum
491 398 574 434 quod
587 398 806 426 retribueretur.
820 398 964 426 Dominus
975 397 1056 424 enim

231 446 300 478 post
313 442 461 470 beneﬁcia
476 442 553 470 adeo
566 450 679 477 magna
695 442 926 479 splendidaque,
944 449 999 469 nec
1014 443 1056 469 ta-

230 494 300 514 men
319 486 403 514 omni
414 494 522 521 genere
538 487 723 524 praestantia,
739 487 827 515 nobis
843 487 873 514 iu
902 489 1056 523 posterum

230 530 324 558 multo
335 531 453 566 majora
461 530 627 567 pollicetur,
635 531 769 567 paradisi
779 530 1056 565 delicias,dandam

228 575 260 602 in
270 583 363 610 regno
379 575 518 610 gloriam,
534 576 665 604 honores
680 575 858 610 angelorum
889 575 1056 603 honoribus

229 618 313 646 haud
327 619 471 654 impares,
487 619 616 655 denique
629 621 679 648 Dei
693 620 896 654 cognitionem
911 629 917 647 :
929 619 960 647 id
972 618 1057 655 quod

228 663 276 697 iis,
291 664 342 699 qui
355 663 439 698 digni
454 664 549 692 habiti
566 667 645 696 sunt,
658 673 812 692 summum
825 668 938 692 bonum
949 667 1013 696 est;
1025 663 1054 692 id

230 708 313 744 quod
337 708 435 736 omnis
462 712 571 737 natura
595 709 709 739 ratione
736 709 862 745 praedita
882 709 993 745 expetit
1008 708 1057 742 ;id

230 752 315 788 quod
325 753 440 781 utinam
455 756 484 780 et
498 761 564 786 nos.
585 753 637 781 ubi
652 761 671 781 ο.
685 753 784 781 carnis
807 753 964 781 aﬂectibus
988 761 1058 781 nos-

230 797 375 833 metipsos
386 806 420 825 ex
426 798 667 833 purgaverimus.
675 798 890 833 adipiscamur.
898 797 1056 831 Quomodo

230 841 328 876 igitur,
346 842 589 879 inquietaliquis,
605 843 901 871 commiserationem
915 843 1056 870 socialem
1072 853 1092 879 Β

231 888 319 922 atque
333 887 511 915 charitatem
527 887 620 923 (quod
636 887 788 915 bonorum
813 887 944 922 primum
960 889 1004 914 est
1029 890 1057 915 et

231 930 495 965 periectisdmum,
507 939 575 958 cum
588 931 741 967 plenitudo
756 931 829 966 legis
840 931 958 959 dilectio
974 932 1010 959 sit
1021 932 1057 966 17)

231 982 373 1009 proxtmo
386 977 491 1003 nostro
507 983 610 1003 sumus
627 975 776 1003 ostensuri
792 976 806 1003 ξ’
820 976 968 1009 Quoniam
979 976 1004 1004 si
1019 975 1058 1004 ad

232 1018 348 1054 aliquos
360 1019 479 1053 magnis
492 1019 719 1048 calamitatibus
734 1028 770 1047 ac
784 1020 926 1048 aerumnis
936 1028 1059 1056 oppres-

232 1071 282 1090 sos
290 1063 483 1097 accedamus.
491 1072 687 1100 nequaquam
693 1073 762 1092 cum
769 1064 843 1100 ipsis
851 1064 1002 1099 ﬂebimus,
1009 1067 1060 1093 aut

231 1107 529 1143 collacrymabimus;
546 1108 604 1136 imo
615 1108 654 1136 de
669 1109 714 1143 iis,
726 1117 794 1144 qua:
806 1109 979 1140 acciderint:
992 1117 1061 1144 βεεν

231 1160 299 1179 mus
315 1153 438 1186 gratias.
453 1156 493 1180 Ac
508 1153 632 1189 quidem
649 1162 738 1181 suam
753 1153 848 1190 ipsius
865 1153 1058 1182 afﬂictionem

230 1204 300 1224 cum
314 1197 478 1231 gratiarum
499 1198 615 1226 actione
628 1198 769 1234 perferre,
784 1198 936 1234 patientiae
957 1201 1004 1226 est
1019 1201 1061 1226 at-

229 1249 289 1277 que
303 1241 481 1270 constantiae
499 1245 714 1277 argumentum
730 1251 736 1276 ;
754 1242 807 1270 sed
821 1250 875 1278 pro
886 1242 1061 1271 calamitati-

229 1284 287 1312 bus
315 1286 420 1313 alienis
445 1288 505 1314 Deo
526 1287 654 1321 gratiam
677 1286 800 1319 habere,
819 1286 991 1314 insultantis
1015 1288 1062 1315 est

230 1329 319 1357 malis
332 1330 435 1358 alienis
448 1333 476 1358 et
489 1331 632 1359 irritantis
645 1331 782 1364 afﬂictos,
797 1332 963 1366 praesertim
991 1340 1060 1360 cum

230 1373 270 1402 ab
282 1375 424 1410 Apostolo
435 1375 597 1410 jubeamur
611 1384 681 1403 cum
696 1375 838 1403 ﬂentibus
850 1375 921 1404 ﬂere
933 1377 967 1404 ⁷⁸.
982 1377 1059 1409 Quid

230 1418 319 1453 igitur
329 1419 368 1447 ad
379 1419 443 1447 haec
453 1420 613 1448 dicemus?
626 1422 712 1449 Estne
722 1429 831 1448 rursus
842 1429 965 1449 necesse
975 1421 1060 1449 vobis

231 1463 261 1491 in
275 1465 453 1493 memoriam
467 1465 608 1493 reducere
622 1465 851 1499 Dominiverba,
863 1465 1060 1501 quibusjussi

231 1516 337 1536 sumus
347 1509 377 1536 in
389 1509 541 1546 aliquibus
559 1510 703 1544 gaudere,
715 1510 746 1537 in
757 1510 909 1546 aliquibus
932 1510 1034 1545 lugere
1045 1511 1059 1538 ?
1073 1527 1093 1553 ο

231 1553 376 1586 Gaudete,
386 1553 491 1589 inquit,
499 1557 526 1582 et
536 1555 685 1582 exsultate
692 1555 832 1590 quoniam
842 1563 949 1583 merces
959 1558 1058 1583 vestra

231 1599 349 1632 copiosa
361 1601 401 1626 eu
412 1599 444 1626 in
455 1599 538 1626 caelis
549 1600 583 1626 πθ.
598 1600 629 1626 Et
642 1599 748 1626 iterum
762 1608 768 1626 :
780 1599 868 1626 Filia
878 1600 1057 1631 Jerusalem,

229 1642 323 1670 nolite
330 1643 402 1676 ﬂere
411 1651 501 1677 super
509 1651 563 1677 me,
575 1644 627 1671 sed
636 1644 704 1678 ﬂete
713 1651 804 1679 super
810 1645 888 1677 ﬁlios
900 1648 1012 1672 vestros
1022 1645 1056 1672 ⁸⁸³.

1110 218 1194 249 καλῶς
1223 217 1390 256 ἀποροῦντος,
1418 220 1463 245 καὶ
1498 221 1719 254 περισκοποῦντος
1742 217 1835 244 ἑαυτοῦ
1863 220 1910 246 τὴν

1111 266 1208 292 πενίαν.
1238 264 1279 291 ὃτι
1307 261 1382 291 οὒδὶν
1413 264 1470 299 ἔχει
1495 264 1560 299 πρὸς
1589 260 1723 289 ἀντίδοσιν
1752 262 1834 293 ἀξιον.
1863 262 1911 293 ⁵’ος

1110 307 1148 344 ἐφ’
1177 308 1244 335 οὕτω
1267 307 1392 344 μεγάλαις
1427 310 1471 334 καὶ
1499 307 1630 343 λαμπραῖς
1664 307 1832 343 εὐεργεσίαις,
1864 307 1911 333 οὐ-

1110 356 1201 388 μενοῦν
1226 352 1352 387 ἐχούσαις
1376 351 1530 389 ὑπερϐολὴν,
1554 350 1764 378 πολλαπλασίονα
1778 352 1841 388 ἡμῖν
1853 351 1911 386 (83)

1110 398 1143 422 τὰ
1166 397 1202 426 εἰς
1230 397 1336 433 ὕστερον
1374 395 1565 432 ἐπαγγᾶλλεταιι
1603 393 1766 432 παραδείσου
1799 398 1909 432 τρυφὴν,

1110 443 1155 466 καὶ
1179 439 1258 471 δόξαν
1282 440 1305 466 ἒν
1331 440 1465 477 βασιλείᾳ,
1494 443 1539 466 καὶ
1573 439 1725 475 ἰσαγγέλονς
1752 441 1840 476 τιμὰς,
1866 442 1912 465 καὶ

1111 489 1178 513 Θεοῦ
1206 487 1375 514 κατανόησιν·
1409 485 1469 522 ὅπερ
1492 487 1547 515 τοῖς
1572 484 1706 516 ἁξιωθεῖσι
1732 489 1781 510 τῶν
1806 484 1911 519 ἀγαθῶν

1111 529 1167 555 ἔστι
1186 531 1214 555 τὸ
1236 529 1389 566 ἀκρότατον·
1419 529 1448 556 οὗ
1474 533 1547 556 πᾶσα
1573 528 1670 565 ἐφίεται
1698 528 1789 564 λογικὴ
1819 529 1910 565 φύσις·

1111 575 1141 601 οὗ
1164 577 1208 600 καὶ
1230 575 1305 610 ἡμεῖς
1325 573 1504 610 ἔπιτύχοιμεν,
1532 573 1559 599 ἐκ
1583 578 1632 600 τῶν
1647 574 1735 600 παθῶν
1751 577 1798 603 τῆς
1814 574 1913 610 σαρκὸς

1111 618 1218 649 ἑαυτοὺς
1243 618 1439 655 ἐκκαθάραντες.
1465 622 1524 649 Πῶς
1553 616 1607 651 οὖν,
1638 620 1713 654 φησι,
1740 619 1768 644 τὸ
1790 627 1913 644 κοινωνι-

1110 664 1155 689 κὸν
1179 665 1223 689 καὶ
1249 663 1416 699 φιλόστοργον
1448 663 1470 697 (ὁ
1499 664 1598 699 πρῶτόν
1636 662 1692 689 ἐστι
1730 666 1779 688 τῶν
1809 661 1913 698 ἀγαθῶν

1110 710 1155 733 καὶ
1187 707 1354 740 τελειότατον,
1390 705 1460 733 διότι
1494 707 1622 744 πλήρωμα
1650 709 1729 742 νόμον
1748 707 1763 735 ἠ
1792 706 1908 742 ἀγάπη)-

1111 754 1176 789 πρὸς
1210 754 1270 783 τοὺς
1306 752 1417 781 πλησίον
1452 750 1634 788 ὲπιδειξόμιθα
1659 760 1666 784 ;
1691 750 1823 785 Ἐπειδὰν,
1846 753 1913 788 πρός

1111 806 1183 827 τινας
1210 797 1260 822 ὑπὸ
1293 796 1414 833 μεγάλων
1446 801 1584 833 συμφορῶν
1614 798 1805 832 κατεχομένους
1834 796 1913 822 εἰσελη

1113 842 1208 875 θόντις,
1233 843 1269 877 μὴ
1298 841 1478 877 ωγκλαίωμιν
1494 841 1591 875 αὐτοῖς,
1608 839 1677 877 μηδὲ
1697 839 1912 878 συνδακρύωμιν,

1113 885 1166 912 ἀλλ’
1191 885 1388 922 εὐχαριστοῦμεν
1418 885 1459 912 ἐπὶ
1487 889 1543 916 τοῖς
1567 887 1723 922 γενομένοις.
1752 886 1911 921 οἰκεῖονμὶν

1112 931 1162 966 γὰρ
1200 931 1283 961 πάθος
1321 930 1375 966 μετ’
1410 930 1582 967 εὐχαριστίας
1602 931 1748 966 ὑπενεγκιῐν
1777 931 1910 966 ὑπομονῆς

1113 976 1169 1010 ἔχει
1200 977 1244 1001 καὶ
1272 977 1409 1012 καρτερίας
1434 973 1568 1006 ἀπόδειξιν
1581 976 1647 1009 (84)·
1664 974 1702 1001 ἐπ’
1725 974 1874 1011 ἀλλοτρίαις
1886 973 1913 1000 δὲ

1114 1023 1261 1056 συμφοραῖς
1287 1020 1455 1056 εὐχαριστεῖν
1479 1024 1515 1055 τῷ
1548 1024 1605 1054 Θεῷ
1638 1019 1822 1057 ἐπιχαίροντός
1858 1018 1914 1045 ἔστι

1113 1064 1168 1094 τοῖς
1200 1067 1291 1095 κακοῖς
1331 1066 1376 1090 καὶ
1405 1063 1592 1101 παροξύνοντος
1631 1066 1692 1094 τοὺς
1725 1063 1912 1100 λυπουμένους

1113 1110 1158 1134 καὶ
1190 1112 1273 1134 ταῦτα
1296 1112 1342 1134 τοῦ
1371 1108 1529 1136 Ἀποστόλον
1549 1108 1729 1145 ἰπιτρέποντος
1739 1110 1800 1144 ἡμῖν
1816 1107 1913 1134 κλαίειν

1114 1154 1179 1189 μετὰ
1207 1152 1355 1179 κλαιόντων.
1386 1155 1418 1179 Τί
1446 1151 1490 1179 οὖν
1518 1152 1622 1190 ἐροῦμεν
1650 1155 1716 1190 πρὸς
1743 1156 1857 1187 Tacita;
1881 1152 1913 1178 Ἦ

1114 1197 1191 1223 πάλιν
1223 1196 1371 1232 ἀναγκαίως
1402 1201 1452 1223 τῶν
1487 1201 1533 1223 τοῦ
1572 1200 1666 1234 Κυρίον
1692 1197 1773 1232 λόγων
1799 1198 1914 1233 ὑπομνή-

1116 1251 1192 1278 σομεν
1217 1243 1284 1279 ὑμᾶς
1309 1244 1377 1278 (83),
1401 1245 1432 1269 πὶ
1467 1241 1535 1268 ἔτίσι
1561 1245 1664 1279 χαίρειν
1683 1242 1914 1279 προσοτάχθηρεν,

1114 1290 1159 1313 καὶ
1182 1286 1224 1312 ἐπὶ
1251 1296 1307 1312 τισι
1328 1287 1427 1313 πενθεῖν
1453 1296 1459 1318 ;
1487 1289 1606 1323 Χαίρετε,
1647 1289 1721 1323 φησι,
1756 1289 1801 1312 καὶ
1831 1285 1914 1322 ἀγαλ-

1113 1331 1215 1364 λιᾶσθε,
1249 1332 1289 1357 ὅτι
1315 1332 1327 1357 ό
1353 1331 1449 1366 μισθὸς
1475 1333 1546 1367 ὑμῶν
1571 1331 1650 1362 πολὺς
1684 1330 1708 1356 ὸ
1745 1335 1800 1361 τοῖς
1839 1331 1915 1367 οὖρα-

1113 1379 1175 1406 νοῖς·
1203 1378 1248 1401 καὶ
1275 1375 1362 1401 πάλιν·
1392 1377 1538 1412 Θυγατέρες
1563 1375 1742 1412 Ἰερουσαλὴμ,
1763 1377 1799 1411 μὴ
1814 1374 1915 1402 κλαίετε

1114 1420 1153 1447 ἐπ’
1192 1420 1244 1457 ἐμὲ,
1287 1419 1351 1446 ἀλλὰ
1388 1420 1518 1446 κλαύσατε
1561 1419 1602 1446 ἐπὶ
1641 1421 1674 1446 τὰ
1713 1422 1791 1446 τέκνα
1831 1421 1912 1456 ὑμῶν.

1114 1465 1214 1491 Οὐκοῦν
1249 1463 1362 1495 δικαίοις
1391 1465 1437 1501 μὶν
1467 1468 1612 1501 συσκιρτᾴν
1641 1467 1685 1490 καὶ
1706 1464 1915 1500 συναγείλλεσθαι

1113 1510 1126 1535 ὀ
1165 1511 1232 1540 θεῖος
1265 1509 1341 1545 λόγος
1376 1510 1434 1543 (86)
1464 1510 1526 1545 ἡμῖν
1560 1508 1699 1546 ἐπιτρέπει,
1735 1513 1790 1540 τοῖς
1824 1507 1854 1534 δέ
1888 1508 1914 1534 ἐκ

1113 1556 1249 1590 μετανοίας
1278 1553 1377 1589 ἀφιεῖσι
1401 1552 1515 1590 δάκρυον
1546 1554 1699 1590 συμπενθεῖν
1727 1556 1771 1579 καὶ
1797 1551 1914 1579 συνοδύ-

1113 1600 1215 1636 ρεσθαι,
1238 1599 1253 1628 ἣ
1283 1601 1344 1629 τοὺς
1371 1597 1521 1634 ἀναλγήτως
1559 1597 1740 1635 διακειμένους
1777 1597 1914 1625 ἀποκλαιο-

1115 1646 1186 1677 σθαι,
1203 1645 1243 1670 ὃτι
1258 1642 1320 1670 οὔδε
1334 1645 1411 1670 ἴσασι
1425 1648 1479 1674 πῶς
1493 1643 1660 1670 ἀπόλλυνται.

231 1687 332 1722 Itaque
348 1687 484 1723 praecipit
497 1687 584 1716 nobis
600 1696 701 1715 sermo
716 1687 851 1720 divinus,
865 1691 896 1715 ut
911 1696 981 1716 cum
999 1689 1087 1724 justis
1098 1689 1222 1725 quidem
1240 1688 1426 1716 exsultemus
1436 1696 1471 1716 ac
1486 1688 1622 1716 laetemur
1637 1697 1643 1722 ;
1659 1688 1821 1722 lugeamus
1843 1695 1913 1715 vero

229 1731 258 1758 et
277 1729 473 1759 lamentamur
493 1740 562 1760 cum
582 1732 618 1759 iis
640 1732 692 1768 qui
707 1740 743 1760 ex
766 1732 948 1768 puenitentia‘
970 1732 1130 1761 effundunt
1154 1733 1308 1769 lacrymas
1325 1742 1331 1760 :
1349 1735 1401 1760 aut
1415 1732 1505 1760 etiam
1531 1740 1582 1760 eos
1604 1732 1656 1769 qui
1676 1732 1771 1760 multo
1797 1731 1911 1760 doloris

229 1782 321 1802 sensu
333 1777 505 1810 tanguntur,
526 1776 729 1812 deploremus,
745 1776 829 1813 quod
843 1777 938 1812 perire
956 1785 988 1805 se
999 1785 1037 1804 ne
1049 1777 1218 1812 intelligant
1232 1777 1366 1813 quidem.

257 1820 283 1846 8.
293 1820 438 1847 Caeterum
445 1820 617 1856 implevisse
625 1820 804 1848 mandatum
812 1821 1055 1857 haudquaquam

228 1863 382 1898 putandus
395 1866 440 1892 est
462 1865 514 1900 qui
524 1865 683 1892 hominum
708 1867 835 1893 mortem
856 1865 1003 1901 deplorat,
1028 1868 1056 1893 ct

227 1915 297 1935 cum
307 1907 479 1943 lugentibus
490 1909 551 1937 edit
561 1909 735 1938 clamorem.
748 1912 848 1946 Neque
859 1910 939 1938 enim
950 1910 1055 1938 lauda-

226 1951 323 1980 verim
333 1952 497 1987 medicum,
509 1953 562 1989 qui
572 1962 641 1981 cum
653 1962 742 1990 opem
753 1954 968 1989 aegrotantibus
979 1954 1055 1982 ferre

227 1996 360 2030 deberet,
371 1997 485 2025 morbis
496 1998 560 2033 ipse
572 1999 735 2034 repleretur
748 2009 753 2032 ;
766 2007 863 2035 neque
877 1999 1054 2027 nauclerum

227 2040 279 2076 qui
295 2048 366 2068 cum
381 2041 504 2069 deberet
518 2042 734 2077 navigantibus
749 2051 892 2078 praeesse,
908 2043 1054 2071 adversus

226 2087 333 2112 ventos
347 2093 493 2121 pugnare,
505 2086 614 2114 ﬂuctus
624 2086 716 2114 vitare
727 2095 762 2114 ac
776 2087 943 2115 timidiores
964 2081 1053 2115 solari

226 2132 386 2158 nausearet
400 2130 475 2166 ipse,
488 2133 517 2159 et
532 2139 593 2159 una
605 2139 674 2159 cum
689 2131 725 2159 iis
737 2132 789 2168 qui
803 2132 846 2160 rei
857 2132 986 2160 nauticae
1000 2133 1053 2160 im-
1068 2142 1089 2169 ι)

225 2174 313 2210 periti
330 2177 409 2210 sunt,
423 2175 526 2203 animo
542 2176 721 2204 concideret.
739 2176 893 2211 Ejusmodi
911 2179 955 2204 est
973 2177 1054 2213 quis-

225 2218 293 2254 quis
309 2219 370 2246 adlt
384 2219 531 2253 lugentes,
542 2228 598 2248 nec
617 2223 719 2248 tamen
747 2221 863 2249 ratione
890 2229 944 2248 sua
970 2229 1053 2256 usus,

225 2262 396 2298 quidquam
410 2263 453 2291 eis
468 2265 600 2300 impertit
612 2265 806 2293 emolumenti
818 2275 825 2299 ;
841 2265 893 2293 sed
905 2265 1004 2301 potius
1018 2273 1054 2293 ex

225 2306 330 2334 alienis
344 2307 501 2336 affectibus
512 2309 644 2337 dedecus
655 2310 812 2337 contrahit.
826 2311 882 2338 Par
894 2311 983 2345 igitur
993 2310 1054 2338 iue-

224 2351 262 2379 rit
275 2351 313 2379 de
328 2352 433 2379 alienis
454 2353 678 2382 calamitatibus
701 2363 736 2382 ac
751 2355 894 2382 aerumnis
905 2354 1052 2383 aﬂlictari.

224 2397 299 2425 Nam
310 2396 367 2424 hoc
382 2399 471 2432 pacto
485 2396 665 2425 attlictorum
677 2399 892 2426 conciliaturus
903 2398 955 2426 tibi
968 2406 999 2427 es
1011 2399 1052 2427 fa-

259 2458 282 2475 “¹⁷
294 2459 378 2486 Rom.
390 2466 454 2492 xm,
472 2461 515 2488 ιο.
551 2460 576 2477 τι
590 2461 675 2488 Rom.
690 2468 741 2494 ιιι,
760 2463 801 2488 t5.

331 2520 454 2559 qui68§
470 2521 718 2559 aliquotchczégmév
732 2532 787 2550 σοι.

259 2556 313 2597 (§3)
328 2556 424 2597 Editio
439 2556 773 2597 Parisinnonaﬁaatovd‘
794 2567 832 2597 σε.
865 2559 947 2597 Unus
973 2566 1047 2585 mss.

224 2591 437 2629 πολλαπλασίονα
453 2591 491 2629 δέ.
506 2592 588 2620 Alius
607 2593 818 2620 πολλαπλασίονα
832 2603 867 2620 τε.
893 2593 948 2620 Alii
978 2601 1051 2629 qua;

224 2628 293 2664 tuor
307 2627 389 2654 nulla
401 2635 432 2655 re
451 2628 607 2663 interjecta
630 2629 838 2655 πολλαπλασίονα
862 2629 934 2664 ἡμῖν.
965 2627 1049 2656 Haud

222 2662 317 2701 longe
326 2665 385 2701 tr_es
399 2671 470 2690 mss.
487 2662 596 2701 τρόφας.

261 2699 321 2736 (84)
338 2699 411 2736 Beg.
429 2698 580 2736 secundus
593 2702 731 2736 καρτερίας
746 2698 887 2736 ἁνοίςὴιξιν.

260 2734 317 2768 (85)
338 2734 455 2770 Veteres
478 2735 604 2770 quidam
628 2734 698 2763 libri
719 2737 747 2762 et
768 2735 839 2762 editi
866 2736 1048 2770 ὑπομνήσομεν

223 2771 339 2806 ίαντούς.
357 2769 412 2798 Alii
428 2769 497 2797 tres,
513 2779 586 2801 mss,
602 2771 785 2808 ὑπομνήσομεν
814 2771 890 2807 ὑμᾶς,
908 2769 964 2798 Pro
982 2769 1048 2797 ὑπο-

839 2461 863 2478 ηθ
877 2460 978 2492 Matth.
989 2468 1019 2495 ν,
1037 2462 1079 2489 η.

1146 1823 1173 1849 8.
1190 1822 1262 1857 Οὐχὶ
1291 1820 1321 1848 δε
1348 1821 1390 1848 ἐπὶ
1407 1822 1508 1858 θανὰτῳ
1524 1820 1664 1858 ἀνθρώπων
1678 1821 1909 1848 καταχλαύσαντσο

1109 1868 1153 1891 καὶ
1183 1866 1240 1901 (87)
1269 1865 1480 1894 συνεκϐοήσαντα
1508 1869 1563 1896 τοῖς
1604 1866 1738 1899 πενθοῦσι,
1770 1865 1909 1903 πληρωτὴν

1109 1913 1236 1947 προσήκει
1274 1911 1388 1946 νομίζειν
1421 1908 1485 1935 εἶναι
1516 1913 1564 1940 τῆς
1602 1909 1714 1940 ἐντολῆς.
1756 1911 1824 1936 Οὔτε
1858 1912 1909 1947 γὰρ

1111 1955 1197 1991 ἰατρὸν
1227 1953 1331 1987 ἐπαινῶ,
1353 1956 1396 1980 τὸν
1426 1953 1483 1980 ἀντὶ
1505 1958 1551 1980 τοῦ
1564 1953 1670 1990 βοηθεῖν
1685 1957 1740 1984 τοῖς
1754 1955 1908 1990 κάμνουσιν,

1110 1999 1187 2025 αὐτόν
1211 2003 1261 2025 τῶν
1294 1999 1449 2034 νοσημάτων
1483 1998 1718 2035 ἀναπιμπλάμενον·
1745 2000 1802 2024 οὔτε
1821 1998 1912 2036 κυϐερ-

1109 2046 1200 2074 νήτην,
1225 2042 1282 2069 ἀντὶ
1306 2048 1352 2069 τοῦ
1375 2047 1477 2080 κρατεῖν
1507 2048 1556 2069 τῶν
1593 2042 1760 2079 ἐμπλεόντων,
1789 2045 1833 2069 καὶ
1857 2047 1911 2074 τοῖς

1109 2090 1239 2124 πνεύμασι
1259 2089 1405 2124 μάχεσθαι,
1429 2090 1473 2113 καὶ
1498 2086 1646 2123 διαφεύγειν
1675 2089 1708 2113 τὰ
1735 2089 1849 2124 κύματα,
1867 2090 1911 2114 καὶ

1110 2133 1321 2169 παραμυθεῖσθαι
1340 2135 1400 2162 τοὺς
1423 2131 1591 2169 δειλοτέρους,
1617 2136 1761 2158 ναυτιὼιτα
1781 2135 1827 2158 καὶ
1852 2142 1911 2158 συν-

1110 2177 1221 2203 αλύοντα
1235 2181 1290 2207 τοῖς
1317 2176 1558 2214 ἀπειροθαλάττοις.
1583 2180 1706 2207 Τοιοῦτος
1731 2178 1782 2214 γάρ
1807 2176 1878 2203 ἔστιν
1897 2177 1910 2202 ὀ

1108 2224 1173 2258 πρὸς
1202 2223 1261 2252 τοὺς
1285 2222 1441 2252 πενθοῦντας
1463 2223 1560 2254 εἰσιὼν,
1587 2223 1632 2247 καί
1656 2222 1690 2258 μῆ
1720 2225 1767 2252 τῆς
1800 2221 1828 2247 ἐκ
1862 2225 1908 2247 τοῦ

1108 2266 1204 2292 οἰκείου
1230 2266 1308 2301 λόγοῡ
1338 2265 1459 2301 ὠφελείας
1484 2264 1654 2301 μεταδιδοὺς,
1672 2264 1736 2291 ἀλλά
1750 2270 1798 2296 τῆς
1819 2265 1908 2291 ἐκτῶν

1109 2310 1247 2347 ἀλλοτρίων
1272 2311 1360 2336 παθῶν
1390 2309 1583 2346 ἀσχημοσύνης
1603 2309 1815 2346 μεταλαμϐάνων.
1832 2310 1907 2336 Ἐπι-

1109 2355 1260 2390 στυγνάξειν
1295 2356 1340 2390 μὲν
1371 2353 1415 2380 οὖν
1452 2358 1510 2385 ταῖς
1537 2358 1684 2392 συμφοραῖς
1710 2359 1760 2380 τῶν
1789 2355 1908 2381 πθθούν-

1107 2409 1156 2425 των
1173 2399 1239 2434 (88),
1263 2398 1413 2426 ἀκόλουθον.
1441 2399 1517 2425 Οὕτω
1538 2400 1587 2436 γὰρ
1605 2399 1693 2425 ἑαυτὸν
1713 2398 1835 2435 οἰκειώσιρ
1854 2402 1907 2427 τοῖς

1118 2460 1142 2478 ⁸⁵⁵
1163 2462 1231 2488 Luc.
1254 2468 1329 2494 χχιιι,
1344 2460 1390 2488 28.

1106 2524 1236 2558 μνήσομεν
1252 2521 1283 2549 ἱιι
1296 2521 1448 2558 aliquibus
1459 2529 1533 2558 mss.
1548 2521 1657 2556 legitur
1671 2522 1870 2558 ὑπομνὴσῳμεν.

1140 2547 1198 2592 (εει
1215 2547 1698 2592 Adiiqiii‘tiésﬁiitiri'656238;“,
1716 2547 1770 2585 lex‘
1793 2547 1905 2585 divina.

1105 2628 1134 2656 d_
1143 2591 1197 2628 (87)
1209 2591 1351 2621 Voculam
1368 2595 1413 2618 καί
1423 2600 1459 2620 ex
1470 2592 1603 2628 antiquis
1618 2591 1713 2620 tribus
1726 2592 1810 2620 libris
1821 2591 1906 2620 addi-

1127 2637 1216 2656 imus.

1127 2637 1216 2656 lmUS.

1142 2665 1199 2697 (88)
1223 2665 1293 2698 Reg.
1316 2663 1418 2692 tertius
1441 2666 1470 2691 et
1492 2663 1541 2691 alii
1572 2663 1632 2691 duo
1656 2671 1728 2690 mss.
1745 2661 1906 2690 Colbertini

1106 2703 1253 2736 συμφοραῖς
1280 2704 1338 2736 ea»
1378 2700 1570 2736 πεπονθότωνζ
1581 2700 1645 2736 MO}:
1666 2701 1806 2736 quatuor
1832 2706 1903 2725 mss.

1104 2734 1238 2772 οἰαειώσῃ.
1256 2735 1310 2762 Alii
1323 2737 1381 2763 tres
1395 2735 1531 2761 οἰκειώσει.
1550 2734 1628 2762 Editi
1647 2735 1798 2765 οἰκειώσεις.
