2029 3136
211 133 265 159 259

872 131 902 158 S.
922 129 1049 157 BASILII
1069 129 1187 157 MAGNI.

1836 134 1888 160 260

211 193 287 221 Talis
302 195 365 220 erat
376 193 428 229 qui
441 192 578 220 dicebat:
606 192 738 227 Delectio
764 193 860 220 animi
874 193 968 220 lenuit
990 200 1025 218 m1

1093 193 1136 216 τόν
1160 189 1269 227 ἀδελφόν
1294 190 1461 228 ἀπωδύρατο.
1477 195 1599 222 Τοιοῦτος
1619 191 1649 228 ᾖν
1663 193 1675 218 ὀ
1694 193 1772 229 λέγων
1786 204 1792 210 ·
1808 193 1887 221 Ἀθν-

209 246 265 271 pro
280 237 483 272 peccatoribus
499 237 777 272 derelinquentibus
802 237 891 271 legem
908 239 991 263 tuam
1000 236 1034 262 ⁸².

211 283 290 316 Luge
297 281 408 318 peccati
416 281 627 308 causa.Anime
634 281 861 316 nagritudinoest
868 283 1035 317 peccatum;

211 334 292 354 mors
304 326 463 353 estanima)
474 325 654 353 immortalis
668 333 674 357 ;
687 328 843 360 peccatum
853 325 935 352 luctu
945 327 1037 360 atque

208 370 376 407 irrequietis
390 369 529 397 lamentis
544 369 671 404 dignum
684 373 740 398 est.
757 370 800 397 0b
816 370 873 397 hoc
888 369 983 397 ﬂuant
996 368 1036 397 la-

209 423 320 451 crymaa
341 421 456 447 omnes,
473 422 528 441 nec
545 417 664 442 cessent
683 414 752 441 duci
773 422 809 441 ex
833 416 952 450 pectore
975 413 1037 440 imo

209 458 463 495 suspiria.Paulus
475 458 605 486 deﬂebat
620 458 759 486 inimicos
774 458 870 486 crucis
886 458 1034 485 Christi".

207 503 351 532 Jeremias
370 502 501 530 deﬂebat
516 503 566 538 qui
582 511 617 530 ex
631 503 743 539 populo
764 502 921 538 peribant;
945 502 1036 530 idem-

208 556 267 585 que
286 556 355 575 cum
370 546 426 574 sibi
442 547 594 575 naturales
608 547 750 583 lacrymae
763 555 825 575 non
840 547 911 575 satis
926 549 1036 581 essent,

206 593 410 629 lacrymarum
423 592 536 620 fontem
552 592 723 628 inquirebat
734 595 762 620 et
774 596 941 620 extremam
952 599 1037 619 man-

208 637 336 665 sionem.
349 637 386 664 Et
394 636 506 670 sedebo,
516 636 622 672 inquit,
634 639 661 664 et
667 636 793 670 plorabo
801 636 945 671 populum
958 635 1036 663 hunc

207 681 310 709 diebus
327 681 441 714 multis,
457 688 504 708 eos
525 681 577 716 qui
596 683 724 715 pereunt
736 681 770 709 ⁸⁸.
785 680 938 715 Scriptura
961 680 1037 707 inter

207 725 407 754 beatitudines
430 724 582 760 lacrymas
608 727 636 752 et
650 724 766 753 luctum
781 724 931 760 ejusmodi
946 732 1036 760 repo-

206 770 292 805 nit",
314 777 375 797 non
400 768 636 805 propensionem
659 768 699 796 ad
726 768 876 796 tristitiam
900 776 1033 797 omnem.

205 822 266 842 non
282 813 497 850 proclivitatem
521 813 561 841 ad
576 813 690 849 ﬂetum,
705 814 756 849 qui
772 821 862 841 omne
877 813 1036 840 occasione

1092 235 1140 270 μὶα
1167 238 1281 271 κατέσχε
1309 246 1341 272 με
1374 236 1424 262 ἀπὸ
1458 236 1614 273 ἁμαρτωλῶν
1647 242 1696 262 τῶν
1725 237 1886 275 ἔγκαταλιμ-

1081 278 1220 305 ’πανόντων
1254 282 1297 306 τόν
1334 283 1409 317 νόμον
1444 290 1501 308 σου,
1536 280 1613 317 ’Υπὲρ
1643 281 1772 318 ἁμαρτίας
1805 283 1885 311 κλαῖε.

1093 324 1162 352 Αὕτη
1188 323 1321 361 ἀρρωστία
1344 325 1436 360 ψυχῆς
1449 336 1455 341 -
1472 325 1538 354 αὕτη
1559 326 1668 356 θάνατός
1681 325 1736 352 ἔστι
1758 331 1806 357 τῆς
1825 326 1887 353 ἀθα-

1091 369 1188 394 νάτου·
1213 369 1278 397 αὕτη
1303 370 1410 400 πένθους
1434 368 1495 400 ἀξία
1521 372 1566 395 καὶ
1593 368 1714 406 ὀδυρμῶν
1743 370 1885 406 ἁσιγήτων.

1092 415 1141 439 Επὶ
1170 414 1250 449 ταύτῃ
1267 416 1336 445 ,πᾶν
1376 412 1490 450 δάκρυον
1525 415 1589 451 ῥέοι,
1617 417 1662 440 καὶ
1691 417 1726 450 μὴ
1758 413 1888 442 διαλείποι

1092 460 1235 494 στεναγμός
1259 457 1287 484 ἐκ
1314 458 1414 494 βάθους
1448 458 1562 497 καρδίας
1585 461 1641 495 (95)
1666 459 1887 497 ἀναπεμπόμενος,

1090 502 1189 528 Ἐκλαιε
1205 503 1306 533 Παῠλος
1321 505 1381 534 τοὺς
1404 503 1514 540 ἐχθρούς
1538 508 1584 530 τοῦ
1612 509 1725 542 σταυροῦ
1749 509 1794 531 τοῦ
1819 510 1888 542 Χρι-

1092 551 1165 573 στοῦ.
1192 547 1316 584 Ἱερεμίας
1343 548 1440 574 ἔκλαιεν
1470 548 1512 574 ἐπὶ
1540 552 1594 579 τοῖς
1629 548 1813 585 ἀπολλυμένοις
1842 554 1888 576 τοῦ

1090 590 1153 617 λαοῦ
1166 601 1172 607 ”
1186 591 1213 622 ὃς
1227 602 1256 627 γε
1271 593 1336 627 (96),
1353 590 1442 621 ἐπειδὴ
1459 592 1505 618 οὐκ
1528 595 1602 629 ἤρκει
1624 595 1652 619 τὸ
1677 592 1704 619 ix
1726 595 1825 629 φύσεως
1842 592 1890 619 δά-

1090 646 1177 673 κρυον,
1192 639 1280 671 πηγὴν
1300 636 1418 667 ἐπεζήτει
1434 635 1554 673 δακρύων
1570 640 1614 663 καὶ
1631 638 1746 674 σταθμόν
1761 639 1889 674 ἔσχατον,

1092 684 1142 707 Καὶ
1177 682 1339 717 καθήσομαι,
1370 691 1446 717 φησι,
1480 684 1525 708 καὶ
1561 681 1710 718 κλαύσομαι
1747 684 1791 708 τόν
1827 682 1889 709 λαόν

1090 731 1179 753 τοῦτον
1222 729 1319 764 ἡμέρας
1364 727 1469 761 πολλὰς,
1507 730 1569 759 τοὺς
1612 728 1811 764 ἀπολλυμένους.
1852 731 1888 755 Τό

1090 775 1205 797 τοιοῦτον
1235 770 1348 808 δάκρυον
1372 775 1417 797 καὶ
1452 774 1481 798 τό
1508 777 1625 799 τοιοῦτον
1653 774 1744 803 πένθος
1770 774 1783 799 6
1812 773 1890 809 λόγος

1090 816 1248 852 μακαρίζει·
1273 816 1303 842 οὐ
1327 819 1356 842 τό
1380 818 1445 854 πρός
1467 821 1553 843 πᾶσαν
1577 817 1661 847 λύπην
1685 818 1826 853 εὐάγωγον,
1842 821 1889 844 καὶ

1507 730 1569 759 τοὺς
1612 728 1811 765 ἀπολλυμένους.

205 859 328 887 cieatur.
345 860 407 886 Non
428 858 469 886 ita
494 857 611 885 dudum
636 858 695 885 vidi
720 857 872 894 quosdam
898 857 1025 893 volupta-

1089 860 1118 887 ἐκ
1144 862 1233 891 πάσης
1260 860 1412 897 προφάσεως
1446 861 1618 899 εὐκατάφορον
1646 863 1713 898 πρὸς
1739 864 1800 892 τοὺς
1827 863 1890 900 θρη-

183 927 187 929 _
205 903 275 938 rios,
287 903 339 939 qui
354 902 518 930 immodico
534 902 697 938 voluptatis
718 910 822 930 amore
837 901 967 938 pellecti,
981 909 1036 937 per

205 947 335 984 speciem
345 945 529 983 expellenda:
539 945 596 982 43
611 946 734 974 tristitia:
750 946 789 974 ad
803 946 960 982 crapulam
970 954 1034 973 sese

205 992 458 1025 converterent,et
468 990 507 1018 ad
518 990 693 1018 ebrietatem
706 1000 712 1023 ;
729 998 879 1026 suamque
892 997 1035 1018 conaren-

204 1038 252 1064 tur
275 1042 419 1064 excusare
445 1034 709 1070 intemperantiam
732 1034 831 1062 verbis
852 1033 1032 1068 Salomonis,

204 1080 256 1116 qui
268 1080 325 1108 ait:
343 1080 420 1107 Date
435 1080 535 1107 vinum
553 1080 589 1106 iis
606 1080 658 1114 qui
672 1080 703 1106 in
719 1079 844 1106 tristitia
858 1082 927 1106 sunt
939 1078 972 1105 ⁸⁸.
984 1079 1033 1106 Est

204 1127 304 1153 autem
311 1124 375 1152 haec
386 1123 575 1151 sententiain
588 1123 816 1157 Proverbio,nec
829 1125 928 1151 tamen
940 1122 1033 1151 ebrie-

202 1171 294 1197 tatem
308 1168 420 1196 licitam
445 1167 553 1200 reddit,
571 1167 623 1195 sed
648 1167 788 1196 humanae
802 1167 870 1195 vitae
892 1166 1029 1195 consulit.

204 1213 317 1241 Etenim
342 1214 374 1240 ut
396 1211 586 1240 reconditum
612 1212 703 1247 hujus
731 1211 882 1239 sententiae
907 1219 1028 1239 sensum

203 1259 352 1292 omittam,
370 1264 431 1292 quo
444 1256 547 1284 vinum
562 1256 663 1284 laetitia
678 1256 834 1284 rationalis
849 1255 958 1284 dicitur
971 1264 977 1288 ;
992 1263 1030 1283 ne

202 1302 311 1330 obvius
329 1301 453 1338 quidem
478 1309 586 1328 sensus
605 1309 713 1337 parum
730 1301 821 1329 habet
834 1301 1029 1335 providentiae

203 1354 238 1375 ac
249 1353 338 1381 curas,
351 1352 388 1373 ne
399 1345 536 1373 videlicet
547 1345 564 1372 ii
573 1345 625 1381 qui
637 1352 715 1380 aegre
729 1344 966 1373 consolationem
978 1350 1029 1373 ad-

202 1391 333 1425 mittunt,
349 1392 378 1417 et
392 1389 476 1424 gravi
490 1389 574 1417 luctu
589 1389 768 1424 obruuntur,
781 1389 862 1417 cibos
874 1389 1029 1424 negligant

201 1438 231 1464 et
244 1434 397 1467 alimenta,
413 1433 532 1469 ploratu
554 1433 775 1461 vehementiore
794 1433 949 1470 absorpti:
975 1433 1028 1461 sed

201 1479 311 1516 partim
333 1486 412 1515 pane
437 1486 488 1506 cor
502 1478 633 1506 luctuosi
653 1478 785 1506 hominis
800 1478 945 1512 ﬁrmetur,
962 1486 1028 1514 par-

201 1524 254 1552 tim
277 1524 348 1551 vino
372 1522 512 1559 collapsos
536 1523 613 1551 vires
639 1522 860 1551 suffulciuntur.
881 1524 1027 1551 Caeterum

200 1568 298 1596 vinosi
308 1567 447 1596 homines
458 1575 493 1595 ac
504 1567 578 1595 ebrii
589 1575 750 1595 maerorem
761 1567 844 1595 haud
856 1567 1028 1595 demulcen-

199 1612 310 1645 tes.sed
321 1614 471 1639 mutantes
482 1610 564 1639 mala
574 1611 712 1644 malis,ac
722 1619 849 1647 pravam
859 1611 1027 1647 quamdam

199 1656 369 1694 pactionem
383 1655 538 1690 facientes,
551 1656 687 1692 corporis
700 1656 823 1684 morbos
836 1656 951 1684 morbis
962 1656 1027 1684 ani-

192 1702 241 1731 mi
251 1703 378 1736 mutant,
388 1708 500 1737 easque
511 1700 562 1736 qui
573 1700 682 1728 trutina
693 1703 846 1729 momenta
855 1703 1026 1737 exaequant,

198 1746 483 1780 imitantes,tautum
493 1745 656 1773 detrahunt
669 1745 803 1779 tristitiae,
814 1748 963 1782 quantum
972 1745 1026 1774 ad-

196 1790 274 1820 dunt
288 1789 445 1826 voluptati.
464 1789 607 1817 Existimo
623 1789 746 1826 quidem
766 1790 936 1825 juvandam
957 1798 1025 1818 esse

196 1835 267 1864 vino
276 1837 432 1863 naturam:
447 1833 500 1861 sed
514 1833 637 1861 minime
648 1833 883 1870 permittendum
894 1837 938 1862 est
951 1836 1025 1863 meri

197 1881 312 1908 tantam
327 1879 445 1915 copiam
455 1878 584 1911 infundi,
596 1881 628 1906 ut
643 1878 751 1906 rationi
760 1878 919 1913 caliginem
928 1879 1024 1908 offun-

197 1924 260 1952 dat.
277 1926 376 1960 Neque
391 1923 472 1951 enim
499 1922 591 1950 simul
605 1931 675 1950 cum
691 1923 760 1951 vino
781 1923 882 1951 efﬂuet
896 1923 1022 1960 tristitia,

196 1968 250 1996 sed
265 1967 415 1996 ebrietatis
430 1966 545 1995 malum
561 1967 663 1995 animo
683 1967 817 1996 accedet.
834 1967 920 2000 Quod
936 1968 962 1996 si
975 1976 1023 1996 ra-

195 2013 237 2042 tio
249 2011 385 2040 medicus
397 2014 441 2039 est
455 2011 591 2045 tristitiae,
607 2011 696 2039 fuerit
709 2011 800 2047 plane
815 2011 944 2040 ebrietas
958 2021 1023 2041 ma-

195 2057 294 2086 lorum
313 2056 491 2089 maximum,
505 2064 575 2084 cum
597 2055 744 2084 medelam
760 2056 904 2092 impediat
917 2057 1021 2085 animi.

195 2101 254 2131 Sed
265 2102 330 2138 jam
345 2100 463 2136 singula
474 2108 542 2137 quae
554 2101 635 2129 dicta
646 2103 726 2134 sunt,
738 2101 842 2129 animo
855 2104 968 2138 repete;
980 2102 1021 2131 ita

193 2147 361 2183 comperies
368 2145 509 2174 etcontici
519 2153 607 2182 posse
618 2148 645 2173 et
659 2145 728 2173 utile
738 2153 805 2173 esse
820 2146 1019 2182 apostolicum

1089 915 1157 936 νους.
1174 904 1245 935 Ἤδη
1271 904 1300 932 δὲ
1324 916 1396 936 τινας
1417 904 1487 932 εἶδον
1512 910 1560 932 τῶν
1586 905 1731 942 φιληδόνων
1747 905 1791 934 δι’
1805 908 1889 944 ὑπερ-

1089 950 1166 979 ϐολὴν
1194 948 1357 981 ἡδυπαθείας
1392 949 1435 976 ἐπι
1462 952 1590 986 προφάσει
1622 956 1671 982 τῆς
1699 951 1787 982 λύπης
1821 953 1888 989 πρὸς

1088 994 1235 1032 κραιπάλην
1260 997 1305 1021 καὶ
1330 996 1410 1031 μέθην
1439 994 1648 1032 ἐκτρεπομένους,
1673 998 1718 1021 καὶ
1746 998 1775 1022 τό
1800 995 1889 1033 ἀκρι-

1088 1041 1128 1070 τες
1153 1038 1237 1065 αὐτῶν
1266 1039 1293 1065 ἔκ
1321 1044 1370 1065 τῶν
1400 1043 1445 1065 τοῦ
1475 1039 1635 1076 Σολομῶντος
1659 1040 1740 1076 λόγων
1765 1051 1889 1077 παραμυ-

1089 1084 1190 1110 θεῖσθαι
1218 1086 1401 1120 πειρωμένους,
1430 1083 1565 1119 λέγοντος·
1595 1087 1656 1111 Δότε
1684 1083 1750 1111 οἶνον
1778 1089 1835 1116 τοῖς
1862 1085 1888 1111 ἐν

1086 1127 1190 1158 λύπαις.
1216 1127 1292 1154 Ἔστι
1316 1126 1345 1154 δι
1381 1129 1393 1154 6
1427 1131 1603 1165 παροιμιακὸς
1630 1128 1706 1164 λόγος
1724 1129 1789 1165 οὐχὶ
1803 1131 1888 1165 μεθης

1086 1171 1176 1199 ἄδειαν
1211 1174 1398 1209 παρεχόμενος,
1424 1172 1488 1198 ἀλλὰ
1523 1175 1640 1208 συνέχων
1672 1175 1719 1202 τὴν
1756 1172 1888 1211 ἀνθρωπί-

1085 1226 1130 1245 νην
1157 1217 1237 1247 ξωήν.
1266 1216 1320 1243 Ὶνα
1347 1218 1396 1253 γὰρ
1430 1216 1459 1243 τό
1483 1215 1674 1253 αἰνιγματῶδες
1695 1218 1775 1243 αὑτοῦ
1802 1228 1887 1255 παρα-

1084 1262 1162 1288 λείπω
1184 1262 1251 1296 (97),
1278 1259 1344 1287 οἶνον
1370 1261 1485 1296 λεγοντος
1507 1263 1554 1290 τὴν
1579 1261 1687 1297 λογικὴν
1714 1262 1885 1300 εὐφροσύνην,

1084 1304 1146 1332 οὔδε
1167 1306 1180 1331 ό
1203 1307 1345 1342 πρόχειρος
1367 1309 1426 1336 νοῦς
1449 1307 1545 1342 μικρὰν
1569 1306 1626 1341 ἔχει
1649 1308 1696 1335 τὴν
1725 1306 1885 1342 ἔπιμέλειαν,

1085 1351 1126 1376 ἳνα
1146 1352 1181 1386 μὴ
1206 1354 1242 1385 τῷ
1270 1348 1376 1385 σφοδρῷ
1401 1353 1447 1375 τοῦ
1475 1351 1583 1381 πένθους
1613 1352 1809 1384 καταποθέντες,
1835 1356 1884 1377 τῶν

1082 1399 1181 1432 τροφῶν
1212 1393 1339 1430 ἀμελῶσιν
1367 1395 1392 1419 οἱ
1422 1392 1656 1431 δυσπαρηγόρητοι
1681 1398 1726 1421 καὶ
1750 1394 1884 1431 βαρυπεν-

1085 1440 1153 1469 θείς·
1169 1438 1231 1464 ἀλλ’
1255 1439 1326 1474 ἄρτῳ
1351 1440 1396 1474 μὲν
1417 1439 1577 1475 στηρίζηται
1598 1440 1613 1468 ἡ
1639 1437 1738 1476 καρδία
1750 1443 1798 1465 τοὺ
1815 1440 1884 1475 φιλο-

1082 1483 1174 1515 λύπου,
1191 1484 1251 1518 οἴνῳ
1275 1481 1304 1509 δὲ
1328 1484 1357 1508 τὸ
1380 1485 1568 1518 συμπεπτωκὸς
1583 1487 1630 1513 τῆς
1651 1481 1785 1520 δυνάμεως
1807 1485 1883 1521 ὑπερ-

1043 1538 1062 1565 c
1083 1526 1187 1556 είδηται
1208 1528 1274 1562 (98).
1292 1529 1324 1553 Οἱ
1349 1525 1379 1553 δὲ
1403 1527 1512 1563 φίλοινοι
1538 1530 1583 1553 καί
1609 1527 1764 1564 οἰνόφλυγες,
1781 1528 1811 1554 οὐ
1835 1531 1881 1558 τήν

1081 1571 1164 1601 λύπην
1188 1570 1510 1608 καταπρκῗινουτεςρὰλλὰ
1538 1573 1607 1598 κακὰ
1632 1577 1717 1598 κακῶν
1743 1571 1881 1609 διαμειϐό-

1081 1626 1161 1653 μενοι,
1186 1618 1232 1642 καὶ
1254 1618 1362 1652 πονηροί
1387 1625 1453 1646 τινες
1476 1618 1605 1652 γινόμενοι
1634 1616 1818 1650 συναλλάκται,
1841 1627 1881 1643 νο-

1083 1663 1197 1697 σήματα,
1214 1660 1309 1696 ψυχῶν
1334 1658 1501 1696 διαμείϐουσι
1524 1662 1697 1696 νοσημάτων·
1719 1660 1744 1687 οἲ
1758 1663 1818 1692 τοὺς
1839 1661 1880 1688 ἐπὶ

1080 1710 1128 1736 τῆς
1160 1706 1288 1742 τρυτάνης
1314 1705 1359 1735 τὰς
1387 1705 1469 1741 ῥοπὰς
1495 1704 1681 1736 ἔπανισοῡντας
1713 1707 1879 1742 μιμούμενοι,

1080 1753 1204 1775 τοσοῦτον
1234 1749 1376 1785 ὑφαιροῦσι
1400 1748 1456 1784 (99)
1480 1752 1528 1780 τῆς
1552 1748 1647 1783 λύπης,
1675 1750 1735 1775 ὅσον
1769 1750 1880 1781 αὔξουσι

1079 1795 1108 1819 τό
1131 1791 1277 1829 φιλήδονον.
1291 1792 1364 1819 Ἀλλ’
1388 1791 1462 1828 οἶμαι
1487 1797 1587 1830 χρῆναι
1611 1793 1734 1830 βοήθειαν
1755 1798 1786 1830 τῇ
1804 1795 1879 1830 φύσει

1078 1840 1203 1875 παρεχειν
1222 1839 1265 1863 τόν
1289 1836 1355 1863 οἶνον
1368 1847 1375 1853 -
1399 1840 1445 1863 καὶ
1468 1840 1503 1873 μὴ
1527 1841 1650 1864 τοσοῦτον
1672 1837 1817 1874 ἐπιτρέπειν
1838 1838 1880 1874 ἄγ-

1078 1883 1203 1918 χείσθται
1224 1884 1267 1908 τόν
1291 1882 1414 1918 ἄκρατον,
1431 1882 1498 1907 ὥστε
1523 1884 1651 1908 σκότωσιν
1673 1886 1727 1913 τοῖς
1741 1882 1880 1919 λογισμοῖς

1078 1926 1202 1963 ὶμποιεῖν.
1220 1925 1286 1952 Οὒτε
1309 1926 1359 1962 γὰρ
1377 1929 1578 1962 συνεκρυήσεται
1599 1930 1630 1962 τῇ
1656 1928 1715 1962 οἴνῳ
1741 1929 1771 1953 τὸ
1791 1926 1879 1957 λυπη-

1078 1973 1122 2008 ρόν
1136 1981 1142 1987 ·
1160 1973 1205 1996 καὶ
1230 1972 1259 1996 τό
1275 1974 1323 2001 τῆς
1344 1971 1424 2006 μέθης
1448 1972 1527 1996 κακόν
1550 1969 1581 2007 τῇ
1700 1974 1879 2008 προσγενήσε-

1078 2024 1131 2042 ται.
1157 2014 1187 2041 Εἰ
1209 2012 1238 2040 δε
1263 2014 1348 2045 λύπης
1368 2014 1455 2051 ἰατρός
1479 2014 1549 2041 ἔστιν
1571 2016 1584 2041 ό
1605 2015 1741 2052 λογισμός,
1765 2017 1880 2052 ἔσχατον

1079 2058 1109 2085 ἂν
1134 2060 1172 2088 εἴη
1201 2063 1251 2085 τῶν
1279 2063 1365 2085 κακῶν
1393 2059 1408 2087 ἡ
1436 2060 1514 2095 μέθη,
1533 2063 1564 2095 τῇ
1592 2059 1693 2096 ἰατρείᾳ
1715 2064 1762 2091 τῆς
1786 2060 1880 2096 ψυχῆς

1080 2101 1271 2140 ἔμποδιζουσα.
1294 2102 1367 2130 Ἀλλ’
1386 2102 1496 2129 ἁνα⁷λα6ε
1519 2108 1555 2139 τῷ
1576 2103 1644 2139 λόγῳ
1668 2108 1717 2129 τῶν
1742 2102 1880 2141 εἷρημένων

1079 2148 1198 2181 ἕκαστον,
1219 2150 1264 2173 καὶ
1288 2148 1407 2184 εὑρήσεις
1428 2150 1457 2173 τό
1483 2157 1510 2174 τε
1534 2146 1648 2174 δυκατὸν
1672 2153 1719 2179 τῆς
1742 2147 1881 2175 ἀποστολι-

193 2191 384 2219 mandatum.
404 2189 564 2224 lntelliges,
580 2189 736 2226 quomodo
760 2189 860 2225 possis
887 2191 1020 2225 gaudere

1080 2196 1126 2223 κῆς
1153 2193 1307 2228 νομοθεσίας
1333 2194 1378 2217 καὶ
1400 2193 1430 2217 τὸ
1459 2192 1604 2228 ὠφέλιμον·
1625 2197 1679 2224 πῶς
1701 2194 1746 2229 μὲν
1770 2194 1879 2219 πάντοτε

194 2242 325 2270 semper,
342 2234 366 2262 si
381 2234 528 2262 rationem
544 2236 656 2261 rectam
680 2234 839 2269 sequaris;
863 2235 1020 2270 quomodo

192 2278 397 2307 indesinenter
410 2285 508 2309 orare,
521 2277 678 2313 quomodo
689 2277 801 2312 gratias
813 2286 902 2313 agere
917 2279 947 2306 in
957 2287 1021 2307 om-

193 2322 293 2357 nibus,
301 2321 458 2358 quomodo
468 2321 599 2357 denique
612 2321 713 2349 valeas
723 2320 851 2349 afﬂictos
858 2323 1019 2358 consolari,

228 2385 253 2403 ⁸²
268 2383 345 2412 Psal.
360 2390 457 2419 cxvul,
473 2383 518 2410 53.
555 2383 581 2400 ⁸³
591 2382 717 2419 Philipp.
733 2390 776 2418 ιιι,
794 2385 835 2411 18.

227 2447 282 2482 χ93)
299 2447 381 2474 Unus
405 2453 461 2484 ms:
478 2447 507 2471 et
522 2444 601 2484 _editi
688 2444 788 2484 βάθους
810 2444 933 2484 καρδίας,
953 2447 989 2475 ab

195 2480 251 2522 uno
264 2485 393 2522 pectore:
399 2521 402 2522 ν
409 2481 462 2508 Alii
476 2480 611 2522 quinque
626 2480 653 2506 ἐκ
663 2480 878 2522 μέσης
885 2489 924 2510 ea:
932 2491 988 2522 me:

193 2502 357 2546 ἅὲὶῖἔὶἶέιὶέζ
367 2502 616 2557 ὒιὲξξέἷίιῖιῖιῑὶ
626 2502 747 2548 ῖὶἕέέ
807 2502 890 2545 ""2;

193 2558 354 2590 utramque
381 2558 475 2589 rectpt
497 2557 632 2595 posse“,
873 2573 884 2588 ι

192 2588 314 2618 tebitur.
498 2602 502 2603 ν
539 2590 598 2599 "“
867 2600 884 2621 ‘.

227 2625 306 2657 (19L

193 2519 242 2546 dio
256 2518 355 2546 corde.
373 2517 444 2554 Utra
464 2517 616 2554 scriptura
629 2517 907 2554 vei-amo:
920 2518 991 2554 _sed

193 2558 354 2598 Et!!!“
497 2551 884 2598 ΡδδέἳριῊι
911 2552 991 2582 ἀπθ-

192 2588 314 2639 tear;

192 2577 354 2618 {aitEn-3"
381 2577 475 2589 "'T
497 2577 554 2603 τέ
555 2577 632 2598 1""
867 2577 884 2621 ζ
912 2577 977 2582 “““

227 2625 238 2659 (
876 2628 892 2651 ,ν
935 2623 991 2652 un

947 2739 988 2753 ιν.

874 2384 899 2402 ⁸³
911 2384 1021 2414 Jerem.
1037 2393 1076 2421 Ix,
1094 2389 1119 2415 t.

1077 2239 1184 2273 χαρήσῃ
1212 2241 1248 2271 τῷ
1274 2235 1342 2273 ὀρθῷ
1367 2236 1434 2272 λόγῳ
1454 2236 1594 2273 ἑπόμενος·
1615 2242 1670 2267 πῶς
1694 2235 1724 2263 δε
1746 2237 1876 2274 προσεύξῃ

1077 2279 1261 2313 ἀδιαλείπτως,
1277 2284 1332 2311 πῶς
1348 2278 1378 2306 δε
1402 2279 1426 2306 ἐν
1447 2283 1525 2307 παντί
1540 2281 1746 2318 εὖχαριστησεις
1757 2292 1764 2298 ⁸
1781 2284 1833 2307 τίνι
1848 2280 1878 2308 δί

1075 2328 1163 2362 τρόπῳ
1193 2324 1383 2362 παρακαλέσεις
1412 2327 1473 2356 τοὺς
1502 2325 1677 2362 λυποτμένους
1699 2325 1751 2360 (1),
1784 2327 1827 2352 ἱνα
1850 2325 1878 2352 ἐκ

1158 2387 1182 2404 ⁸⁵
1197 2386 1302 2415 Matth.
1320 2395 1351 2421 v,
1368 2389 1394 2415 5.

1081 2448 1414 2486 (98)‘Veteres_daliquot
1439 2448 1509 2476 libri
1532 2451 1561 2477 et
1585 2448 1876 2486 εάίίὶηστηρίζεται....

1044 2482 1218 2527 ύπλερείδεται.
1240 2483 1296 2512 Alii
1319 2482 1452 2520 quatuor
1473 2492 1546 2512 mss.
1573 2482 1777 2521 mpiEnrai....
1802 2486 1878 2522 ὑπερο

1045 2529 1081 2545 ειο
1089 2529 1159 2548 ηται.

1081 2556 1220 2592 \99)7Reg.
1238 2555 1353 2591 primus
1366 2559 1493 2592 τοσούτον
1509 2554 1679 2592 ἀφαιροῦσιν.

1080 2592 1119 2625 (1)
1134 2591 1218 2627 Unus
1238 2590 1320 2618 ’mss.
1343 2593 1372 2619 et
1398 2590 1469 2618 editi
1492 2590 1766 2627 napaialio’ue'rob;
1792 2590 1877 2618 θλιϐο-

1044 2628 1145 2663 μένους.
1162 2626 1219 2663 Alii
1245 2629 1362 2663 septem
1392 2626 1582 2663 παρακαλέσεις
1605 2629 1666 2657 τοὺς
1689 2626 1874 2663 λυπουμένους.

1047 2662 1110 2689 Una
1124 2661 1250 2699 quidem
1266 2661 1353 2690 lectio
1372 2661 1466 2699 altera
1494 2662 1600 2699 melior
1627 2670 1689 2689 non
1713 2661 1779 2696 est;
1802 2663 1876 2699 quia

1045 2696 1146 2724 tamen
1173 2696 1243 2725 libri
1266 2700 1381 2726 veteres
1409 2697 1524 2725 ultimas
1553 2697 1666 2734 favent,
1685 2705 1753 2727 eam
1780 2696 1876 2726 secuti

1044 2739 1162 2762 sumus.

1432 2387 1457 2404 “
1473 2386 1560 2415 Prov.
1577 2395 1657 2421 un,
1672 2388 1698 2415 6.
