2029 3136
221 161 274 188 259

882 158 911 185 S.
931 155 1058 184 BASILII
1078 156 1196 183 MAGNI.

1846 159 1901 185 260

220 221 297 250 Talis
312 223 374 248 erat
386 221 437 256 qui
451 220 588 248 dicebat:
615 220 748 254 De/ectio
774 220 869 247 animi
884 220 979 246 tenuit
1000 226 1035 245 7m

1103 219 1146 243 τον
1170 216 1279 253 ἀδελφὸν
1304 216 1471 254 ἀπωδύρατο.
1487 221 1609 247 Τοιοῦτος
1629 216 1685 254 ᾖνό
1704 219 1783 254 λέγων
1796 230 1801 235 ·
1819 218 1899 246 ’Λθυ-

218 274 275 300 pro
290 265 493 300 peccatoribus
509 264 787 299 deretinquenlibus
813 264 902 298 legem
918 263 1044 290 tuam".

221 312 300 345 Luge
307 309 418 346 peccati
425 309 637 336 causa.Anime
644 308 821 343 mgritudino
828 309 1045 344 estpeccatum;

220 363 302 382 mors
314 355 473 382 estanima)
484 352 664 380 immortalis
678 360 684 384 ;
697 355 854 388 peccatum
863 352 945 379 luctu
955 353 1047 386 atque

219 398 386 435 irrequietis
400 398 539 425 lamentis
554 397 681 431 dignum
694 399 749 425 est.
767 397 810 424 0b
825 397 883 424 hoc
897 396 994 423 ﬂuant
1006 395 1046 423 la-

219 451 331 479 crymae
352 449 466 475 omnes,
482 450 538 469 nec
555 444 674 469 cessent
693 442 762 468 duci
783 449 819 468 ex
843 443 962 476 pectore
985 440 1047 467 imo

220 486 474 523 suspiria.Paulus
485 485 616 514 detlebat
630 486 769 513 inimicos
784 485 880 513 crucis
896 484 1044 512 Christi".

217 532 361 560 Jeremias
380 530 512 558 deﬂebat
526 531 577 566 qui
592 538 628 558 ex
641 530 753 566 populo
774 529 931 565 peribant;
956 529 1046 556 idem-

219 585 277 613 que
297 584 366 604 cum
381 574 436 602 Sibi
452 574 604 603 naturales
618 574 761 610 lacrymae
774 582 836 602 non
851 574 922 602 satis
936 576 1046 608 essent,

217 621 421 657 lacrymarum
433 620 547 647 fontem
562 619 733 655 inquirebat
745 622 772 647 et
785 623 951 647 extremam
963 626 1047 646 man-

219 666 347 693 sionem.
359 664 517 698 Etsedebn,
527 663 632 699 inquit,
645 667 671 692 et
679 663 804 698 plorabo
811 663 956 698 populum
969 662 1047 689 hunc

218 710 320 737 diebus
338 710 452 742 multis,
468 716 515 736 eos
536 709 588 743 qui
607 711 735 742 pereunt
747 708 781 736 ⁸⁸.
796 707 949 742 Scriptura
972 706 1048 734 inter

218 753 418 782 beatitudines
441 752 594 788 lacrymas
619 754 647 779 et
661 752 777 780 luctum
792 751 942 787 ejusmodi
957 758 1047 786 repo—

217 798 303 833 nit",
325 805 386 825 non
411 796 648 832 propensionem
671 796 710 824 ad
737 795 887 823 tristitiam
911 802 1044 823 omnem.

216 850 278 870 non
292 841 508 878 proclivitatem
533 841 573 868 ad
588 840 701 876 ﬂetum,
716 841 767 876 qui
783 848 873 867 omne
889 839 1047 867 occasione

217 888 340 916 cieatur.
356 888 419 914 Non
440 886 480 914 ita
505 885 622 913 dudum
648 885 708 913 vidi
731 885 884 921 quOsdam
909 884 1046 920 volupta-

194 955 198 958 .
216 932 287 966 rios,
298 931 350 966 qui
365 930 529 957 immodico
545 929 709 965 voluptatis
730 937 833 957 amore
848 929 978 964 pellecti,
993 936 1047 963 per

216 976 347 1012 speciem
356 973 541 1010 expellendae
550 973 607 1010 43
623 973 746 1001 tristitiae
761 973 800 1001 ad
814 973 972 1009 crapulam
981 980 1046 999 sese

216 1021 470 1053 converterent,et
480 1018 518 1045 ad
530 1018 705 1046 ebrietatem
718 1028 724 1051 ;
740 1025 890 1053 suamque
903 1024 1046 1044 conaren-

215 1067 264 1092 tur
287 1071 431 1092 excusare
457 1062 721 1098 intemperantiam
744 1061 843 1089 verbis
864 1060 1043 1094 Salomonis,

216 1109 269 1145 qui
280 1109 337 1136 ait:
354 1108 432 1135 Date
447 1108 548 1134 vinum
564 1108 601 1134 iis
617 1107 669 1142 qui
684 1107 715 1133 in
731 1106 855 1133 tristitia
870 1108 939 1133 sunt
951 1105 984 1131 ⁸⁸.
995 1106 1045 1132 Est

216 1155 316 1181 autem
323 1153 387 1180 haec
398 1151 546 1179 sententia
557 1151 587 1178 in
600 1150 828 1184 Proverbio,nec
841 1152 941 1178 tamen
952 1149 1044 1177 ebrie-

215 1199 306 1225 tatem
320 1196 433 1224 licitam
457 1195 565 1228 reddit,
583 1195 635 1223 sed
660 1194 799 1222 humanae
814 1195 882 1222 vitae
903 1193 1041 1221 consulit.

216 1241 330 1269 Etenim
354 1243 387 1268 ut
409 1239 598 1268 reconditum
624 1239 716 1274 hujus
743 1238 894 1266 sententia
919 1246 1041 1266 sensum

215 1287 364 1320 omittam,
382 1292 443 1320 quo
456 1284 559 1312 vinum
574 1283 675 1311 laetitia
690 1283 846 1311 rationalis
861 1282 989 1315 dicitur;
1004 1289 1042 1310 ne

214 1330 323 1358 obvius
341 1329 466 1366 quidem
490 1337 598 1356 sensus
618 1337 726 1364 parum
743 1328 833 1355 habet
847 1327 1041 1362 providentia:

216 1383 251 1403 ac
261 1382 350 1409 curae,
363 1381 400 1400 ne
410 1373 549 1400 videlicet
559 1372 577 1399 ii
586 1372 638 1408 qui
650 1380 727 1407 aegre
741 1372 978 1399 consolationem
991 1376 1041 1399 ad<

215 1420 345 1453 mittunt,
362 1421 390 1445 et
405 1417 489 1452 gravi
502 1417 586 1444 luctu
602 1416 780 1451 obruuntur,
794 1416 875 1444 cibos
886 1415 1041 1450 negligant

214 1466 244 1492 et
257 1463 410 1495 alimenta,
425 1461 545 1497 ploratu
566 1460 787 1488 vehementiore
807 1460 962 1496 absorpti:
988 1460 1041 1487 sed

213 1507 324 1544 partim
345 1514 425 1543 pane
450 1514 501 1533 cor
514 1505 646 1534 luctuosi
666 1505 797 1533 hominis
813 1505 958 1538 firmetur,
975 1512 1041 1540 par-

213 1553 267 1580 tim
289 1552 361 1579 vino
385 1550 525 1586 collapsm
549 1550 626 1578 vires
651 1549 872 1577 suffulciuntur.
894 1550 1040 1577 Cteterum

212 1597 310 1624 vinosi
321 1595 460 1623 homines
471 1603 505 1622 ac
517 1594 590 1622 ebrii
602 1602 763 1622 mmrorem
774 1593 857 1621 haud
869 1593 1041 1621 demulcen-

212 1640 322 1673 tes,sed
333 1642 484 1667 mutantes
494 1638 577 1666 mala
587 1638 725 1671 malis,ac
735 1646 862 1674 pravam
872 1638 1040 1674 quamdam

212 1685 382 1722 pactionem
396 1683 551 1717 facientes,
564 1683 700 1719 corporis
713 1683 836 1711 morbos
849 1683 963 1710 morbis
976 1683 1040 1710 ani-

205 1730 255 1758 mi
264 1731 392 1764 mutant,
401 1736 513 1764 eosque
524 1728 575 1763 qui
586 1727 695 1755 trutina
706 1730 860 1755 momenta
869 1729 1039 1763 exaequant,

211 1775 496 1808 imitantes,tantum
507 1772 669 1800 detrahunt
682 1772 817 1805 tristitiae,
827 1774 977 1808 quantum
986 1772 1039 1800 ad-

210 1819 288 1847 dunt
301 1817 458 1854 voluptati.
478 1817 620 1845 Existimo
636 1816 760 1853 quidem
779 1816 949 1852 juvandam
971 1824 1039 1845 esse

210 1863 280 1892 vino
290 1865 446 1891 naturam:
461 1861 514 1889 sed
527 1861 650 1889 minime
662 1861 896 1897 permittendum
907 1864 952 1889 est
965 1862 1039 1890 meri

210 1910 325 1936 tantam
341 1907 459 1942 copiam
468 1905 598 1938 infundi,
610 1908 642 1933 ut
656 1905 765 1933 rationi
774 1905 932 1940 caliginem
942 1905 1038 1934 offun-

211 1952 274 1980 dat.
290 1954 390 1987 Neque
405 1950 486 1979 enim
513 1950 604 1977 simul
619 1958 688 1977 cum
704 1950 773 1978 vino
795 1950 895 1978 efﬂuet
909 1950 1036 1986 tristitia,

210 1996 264 2024 sed
279 1995 429 2024 ebrietatis
443 1994 559 2022 malum
574 1994 676 2022 animo
696 1993 831 2022 accedet.
847 1994 934 2026 Quod
950 1995 976 2022 si
989 2002 1037 2022 ra-

210 2041 251 2070 tio
263 2039 398 2068 medicus
411 2041 455 2067 est
468 2038 604 2072 tristitiae,
621 2038 709 2066 fuerit
723 2038 814 2074 plane
828 2038 957 2067 ebrietas
971 2047 1037 2067 ma-

209 2085 308 2114 lorum
327 2084 504 2116 maximum,
519 2091 589 2111 cum
611 2082 758 2110 medelam
773 2082 918 2119 impediat
932 2083 1035 2112 animi.

210 2129 269 2159 Sed
279 2130 344 2165 jam
359 2128 477 2164 singula
488 2136 556 2164 quae
568 2128 649 2156 dicta
660 2130 740 2161 sunt,
753 2127 856 2156 animo
869 2131 983 2164 repete;
994 2129 1035 2157 ita

208 2172 522 2210 comperiesetconﬁci
533 2180 621 2209 posse
632 2174 660 2200 et
674 2171 742 2200 utile
752 2180 819 2200 esse
835 2173 1034 2208 apostolicum

207 2219 398 2264 mandatum.
419 2217 577 2264 Intelliges,
594 2216 750 2252 quomodo
774 2217 874 2264 possis
901 2217 1034 2264 gaudere
1050 2237 1071 2264 Β

209 2270 339 2299 semper,
357 2262 380 2289 si
395 2261 542 2289 rationem
559 2263 670 2288 rectam
695 2261 853 2296 sequaris;
878 2262 1034 2297 quomodo

207 2307 411 2335 indesinenter
424 2313 522 2337 orare,
536 2304 692 2340 quomodo
703 2304 815 2339 gratias
828 2313 917 2340 agere
931 2306 962 2333 in
972 2314 1035 2334 om-

208 2351 307 2386 nibus,
316 2349 472 2386 quomodo
482 2349 614 2385 denique
627 2348 727 2376 valeas
737 2348 865 2377 afﬂictos
873 2350 1034 2384 consolari,

243 2413 267 2431 ⁸²
282 2411 359 2440 Psal.
374 2419 471 2447 cxvui,
488 2411 532 2438 53.
570 2411 595 2428 ³³
605 2409 732 2446 Philipp.
748 2417 789 2446 ιιι,
808 2412 850 2438 18.

242 2475 297 2511 (93)
314 2475 395 2503 Unus
419 2481 475 2511 ms:
493 2474 522 2500 et
536 2471 616 2511 _editi
645 2472 674 2511 ἐκ
703 2471 802 2508 βάθους
825 2471 947 2511 καρδίας,
968 2474 1004 2502 ab

208 2507 266 2540 ἰηίο
278 2507 409 2548 pectore:
423 2508 477 2537 Alii
491 2507 626 2548 quinque
641 2507 668 2533 ἐκ
678 2507 763 2548 μέσης
770 2507 892 2548 καρδίας,
901 2517 938 2538 ex
947 2517 1004 2548 me:

207 2547 256 2575 dio
271 2544 370 2574 corde.
388 2546 458 2573 Utra
479 2544 630 2580 scriptura
644 2551 717 2571 vera
741 2544 786 2577 sit,
800 2544 922 2573 nescio:
952 2545 1005 2573 sed

207 2585 368 2645 ptlratmque
396 2579 489 2616 recipi
513 2579 614 2616 pesse,
642 2587 743 2610 nemo,
778 2580 897 2616 opinor,
927 2580 1005 2608 diffi-

219 2626 235 2645 e
259 2626 266 2644 1
284 2625 327 2644 ur.

207 2617 266 2646 tebi
271 2620 327 2645 tur.

243 2654 301 2687 (96)
317 2652 436 2679 Veteres
457 2650 519 2687 duo
542 2649 610 2687 libri
625 2652 652 2678 et
676 2649 747 2678 editi
769 2650 842 2687 λαοιξ,
860 2651 886 2681 ὃς
901 2661 937 2687 γε.
952 2651 1006 2679 Alii

207 2685 267 2716 tres
281 2685 343 2713 λαοῦ
359 2687 378 2711 ὦ
392 2696 431 2722 γε.
445 2686 547 2722 btatim
559 2685 620 2714 duo
635 2694 708 2713 mss.
722 2688 809 2722 πηγήν
825 2685 922 2716 ἐζήτει,

244 2724 299 2759 (97)
317 2721 547 2759 Εά-ἱῑίπαροιλίπω.
562 2723 598 2749 At
607 2729 682 2759 mss.
699 2729 750 2749 sex
763 2721 924 2759 παραλείπω.
941 2724 1006 2750 Mox

208 2756 294 2786 unus
302 2757 400 2786 Codex
413 2756 541 2794 Cblbgt‘t,
554 2759 580 2784 et
592 2757 661 2794 editi
671 2756 822 2794 τὴν-νοητήν
834 2757 1003 2794 εὐφροσύνην.

207 2794 264 2823 Alii
275 2802 326 2822 sex
339 2801 413 2821 mss.
430 2795 476 2822 τὴν
487 2792 595 2829 λογικὴν
611 2792 681 2830 dep.
699 2792 782 2821 Idem
793 2795 840 2822 est
854 2792 973 2823 sensus.

1063 891 1081 917 Β

888 2411 913 2429 ⁸⁸
926 2411 1036 2441 Jerem.
1052 2420 1090 2448 ιιι,
1109 2415 1133 2441 1.

1102 262 1150 297 μὶα
1177 264 1291 297 κατέσχε
1319 272 1351 298 με
1384 262 1434 288 ἀπὸ
1468 262 1624 298 ἁμαρτωλῶν
1657 267 1707 288 τῶν
1736 262 1898 300 ἐγκαταλιμ-

1090 305 1231 331 ⁴πανόντων
1264 308 1307 332 τὸν
1343 309 1420 342 νόμον
1455 316 1511 333 σου.
1545 306 1623 343 ’Υπὲρ
1653 306 1782 343 ἁμαρτίας
1815 308 1898 336 κλαῖε,

1103 350 1172 379 Αὕτη
1199 349 1331 387 ἀρρωστία
1354 350 1447 386 ψυχῆς
1459 361 1465 367 ·
1482 351 1548 379 αὕτη
1570 351 1679 382 θάνατός
1692 350 1747 377 ἔστι
1768 356 1816 382 τῆς
1835 351 1899 378 ἀθα-

1101 395 1198 420 νάτουι
1223 395 1288 423 αὕτη
1314 396 1420 426 πένθους
1445 394 1506 426 ἀξία
1531 398 1577 421 καὶ
1603 393 1724 431 ὀδυρμῶν
1754 395 1897 432 ἆσιγὴτων.

1102 441 1152 465 Eni.
1180 440 1261 475 ταύτῃ
1278 442 1346 470 ,πᾶν
1386 437 1500 476 δάκρυον
1536 440 1599 476 ῥέοι,
1628 442 1673 466 καὶ
1702 442 1737 476 μὴ
1768 439 1900 467 διαλείποι

1103 486 1246 520 στεναγμὸς
1270 483 1297 510 ἐκ
1325 484 1424 520 βάθους
1459 483 1572 522 καρδὶας
1595 487 1652 520 (95)
1677 485 1898 522 ἀναπεμπόμενος,

1101 528 1200 555 Ἐκλαιε
1216 529 1317 559 Παῦλος
1332 532 1391 560 τοὺς
1414 529 1525 566 ἐχθροὺς
1549 533 1595 555 τοὺ
1623 534 1736 567 σταυροῦ
1760 535 1805 556 τοὺ
1830 534 1899 567 Χρι-

1103 577 1176 599 στου.
1203 573 1327 610 Ἱερεμίας
1354 573 1450 600 ἔκλαιεν
1480 574 1523 600 ἐπὶ
1550 577 1605 604 τοῖς
1640 573 1823 610 ἀπολλυμένοις
1853 579 1899 601 τοῦ

1101 617 1164 643 λαοῦ
1176 627 1182 634 ·
1197 617 1223 648 ὃς
1238 628 1267 653 γε
1281 619 1347 654 (96),
1364 616 1453 647 ἐπειδὴ
1469 618 1516 644 οὐκ
1539 620 1613 654 ἤρκει
1635 620 1663 644 τὸ
1688 617 1715 644 ἐκ
1737 620 1836 654 φύσεως
1853 617 1901 644 δά-

1101 672 1188 700 κρυον,
1203 665 1290 697 πηγὴν
1310 662 1429 692 ἐπεζήτει
1444 661 1565 699 δακρύων
1581 665 1625 688 καὶ
1641 663 1757 699 σταθμόν
1772 664 1900 699 ἔσχατον.

1103 710 1153 733 Καὶ
1188 708 1350 742 καθήσομαι,
1381 717 1456 743 φησι,
1491 709 1535 733 καὶ
1572 707 1721 743 κλαύσομαι
1759 709 1802 733 τὸν
1837 707 1900 733 λαὸν

1101 758 1191 779 τοῦτον
1232 755 1329 789 ἡμέρας
1375 753 1480 787 πολλὰς,
1518 755 1579 784 τοὺς
1623 753 1822 790 ἀπολλυμένους.
1863 756 1899 780 Τὸ

1101 802 1216 824 τοιοῦτον
1247 796 1359 834 δάκρυον
1383 801 1428 823 καὶ
1463 800 1492 824 τὸ
1519 802 1636 824 τοιοῦτον
1664 799 1755 828 πένθος
1782 799 1794 824 ὁ
1823 798 1900 834 λόγος

1101 843 1259 879 μακαρίζει·
1285 842 1314 868 οὐ
1338 844 1367 868 τὸ
1391 845 1456 879 πρὸς
1478 846 1564 868 πᾶσαν
1588 842 1672 872 λύπην
1697 843 1838 878 εὐάγωγον,
1853 846 1899 869 καὶ

1101 887 1129 913 ἐκ
1156 888 1244 917 πάσης
1271 886 1423 923 προφάσεως
1457 887 1629 924 εὐκατάφορον
1657 888 1724 923 πρὸς
1750 889 1811 917 τοὺς
1838 888 1901 925 θρή-

1100 942 1168 962 νους.
1186 930 1256 960 Ἤδη
1283 929 1312 957 δὲ
1335 941 1407 962 τινας
1428 930 1498 958 εἷὸον
1523 935 1572 957 τῶν
1597 930 1743 968 φιληδόνων
1759 930 1802 959 δι’
1817 932 1899 969 ὑπιρ-

1101 976 1177 1005 ϐολήν
1205 974 1369 1006 ἡδυπαθείας
1403 975 1446 1002 ἐπι
1473 977 1602 1012 προφάσει
1634 981 1682 1007 τῆς
1711 976 1797 1007 λύπης
1832 978 1899 1014 πρὸς

1100 1020 1246 1058 κραιπάλην
1272 1024 1316 1046 καὶ
1342 1022 1422 1057 μέθην
1451 1020 1659 1058 ἐκτρεπομένους,
1685 1023 1730 1046 καὶ
1758 1023 1787 1047 τὸ
1812 1020 1900 1058 ἄκροις

1099 1067 1139 1096 τες
1164 1065 1248 1091 αὐτῶν
1278 1065 1305 1091 ἐκ
1333 1070 1382 1091 τῶν
1412 1069 1457 1091 τοῦ
1486 1065 1647 1101 Σολομῶντος
1670 1065 1752 1101 λόγων
1777 1075 1899 1102 παραμυ-

1101 1111 1202 1136 θεῖσθαι
1230 1112 1413 1146 πειρωμένους,
1441 1109 1576 1144 λέγοντος·
1608 1111 1668 1136 Δότε
1696 1108 1762 1136 οἶνον
1791 1114 1846 1141 τοῖς
1873 1109 1898 1136 ἐν

1098 1154 1202 1184 λύπαις.
1228 1154 1304 1180 Ἐστι
1327 1152 1357 1180 δί
1392 1154 1405 1180 ὁ
1439 1155 1615 1190 παροιμιακός
1642 1153 1718 1189 λόγος
1736 1154 1801 1190 οὐχ),
1815 1156 1898 1191 μεθης

1098 1197 1188 1225 ἄδειαν
1223 1200 1410 1235 παρεχόμενος,
1436 1197 1501 1224 ἀλλὰ
1535 1200 1651 1233 συνέχων
1684 1200 1731 1227 τὴν
1769 1198 1898 1236 ἀνθρωπί-

1097 1253 1142 1272 νην
1170 1243 1249 1273 ζωήν.
1278 1242 1332 1270 Ἶνα
1359 1244 1408 1279 γὰρ
1442 1242 1471 1268 τὸ
1495 1241 1686 1278 αἰνιγματῶδες
1707 1243 1787 1269 αὑτοῦ
1814 1253 1898 1280 παρα-

1096 1288 1174 1314 λείπω
1196 1288 1263 1322 (97),
1290 1285 1356 1312 οἶνον
1382 1286 1498 1322 λέγοντος
1519 1289 1566 1315 τὴν
1592 1287 1699 1322 λογικὴν
1726 1287 1896 1325 εὐφροσύνην,

1097 1331 1158 1358 οὐδε
1179 1333 1192 1358 ὁ
1215 1334 1357 1368 πρόχειρος
1380 1335 1437 1361 νοῦς
1461 1332 1557 1367 μικρὰν
1582 1332 1638 1367 ἔχει
1662 1334 1708 1360 τὴν
1738 1331 1896 1367 ἐπιμέλειαν,

1097 1377 1138 1402 ἶνα
1158 1378 1193 1412 μὴ
1219 1380 1254 1411 τῷ
1282 1373 1388 1411 σφοδρῷ
1413 1379 1459 1401 τοῦ
1488 1376 1595 1406 πένθους
1625 1377 1821 1409 καταποθέντες,
1847 1381 1897 1402 τῶν

1095 1425 1194 1457 τροφῶν
1224 1419 1351 1456 ἀμελῶσιν
1380 1421 1404 1445 οἰ
1434 1417 1669 1457 δυσπαρηγόρητοι
1694 1423 1739 1446 καὶ
1763 1419 1897 1457 βαρυπεν-

1097 1467 1165 1495 θείς·
1182 1464 1243 1490 ἀλλ’
1268 1465 1338 1500 ἄρτῳ
1364 1465 1408 1500 μὲν
1430 1464 1589 1500 στηρίζηται
1611 1465 1625 1493 ἠ
1651 1462 1751 1501 καρδία
1762 1469 1810 1490 τοῦ
1827 1465 1897 1500 φιλο-

1095 1509 1187 1541 λύπου,
1204 1510 1263 1544 οἴνῳ
1288 1506 1317 1534 δὲ
1341 1510 1369 1534 τὸ
1393 1510 1581 1544 συμπεπτωκὸς
1596 1512 1643 1538 τῆς
1664 1507 1797 1544 δυνάμεως
1820 1509 1896 1545 ὑπερ-

1056 1564 1075 1591 C
1095 1552 1199 1582 είδηται
1220 1554 1287 1587 (98).
1304 1555 1337 1578 Οἱ
1362 1551 1391 1578 δὲ
1415 1552 1524 1588 φίλοινοι
1550 1555 1595 1578 καί
1622 1553 1776 1588 οἰνόφλυγες,
1794 1553 1823 1579 οὐ
1848 1555 1895 1583 τὴν

1094 1597 1177 1627 λύπην
1201 1597 1436 1634 καταπραύνοντες,
1458 1597 1522 1623 ἀλλὰ
1550 1598 1620 1623 κακὰ
1645 1602 1730 1623 κακῶν
1756 1595 1894 1633 διαμειϐό-

1094 1652 1174 1679 μενοι,
1199 1644 1244 1668 καὶ
1267 1643 1375 1677 πονηροί
1401 1650 1466 1672 τινες
1489 1643 1617 1678 γινόμενοι
1647 1641 1831 1675 συναλλάκται,
1853 1652 1895 1668 νο-

1095 1689 1211 1723 σήματα,
1227 1685 1322 1721 ψυχῶν
1347 1683 1514 1722 διαμείϐουσι
1537 1687 1692 1722 νοσημάτων
1705 1695 1711 1701 ’
1733 1685 1756 1711 οἳ
1771 1688 1832 1716 τοὺς
1852 1685 1894 1713 ἐπὶ

1093 1736 1140 1762 τῆς
1173 1731 1301 1768 τρυτάνης
1327 1731 1372 1761 τὰς
1399 1730 1482 1767 ῥοπὰς
1508 1729 1694 1761 ἐπανισοῦντας
1726 1732 1893 1767 μιμούμενοι,

1093 1779 1217 1801 τοσοῦτον
1248 1775 1389 1811 ὑφαιροῦσι
1413 1774 1470 1809 (99)
1493 1778 1541 1805 τῆς
1566 1774 1660 1808 λύπης,
1689 1775 1749 1800 ὅσον
1783 1775 1894 1806 αὔξουσι

1092 1821 1121 1846 τὸ
1144 1817 1291 1855 φιλήδονον.
1305 1817 1378 1845 Ἀλλ’
1401 1817 1475 1854 οἶμαι
1500 1822 1600 1855 χρῆναι
1625 1818 1747 1855 βοήθειαν
1769 1823 1800 1855 τῇ
1817 1820 1893 1855 φύσει

1092 1866 1216 1900 παρέχειν
1235 1865 1278 1889 τὸν
1303 1862 1387 1888 οἶνον·
1412 1865 1458 1888 καὶ
1481 1865 1516 1899 μὴ
1541 1867 1664 1889 τοσοῦτον
1686 1863 1830 1899 ἐπιτρέπειν
1851 1863 1894 1899 ἐγ-

1092 1909 1217 1945 χεῖσθται
1237 1909 1281 1933 τὸν
1305 1908 1427 1944 ἄκρατον,
1444 1907 1511 1933 ὥστε
1536 1909 1665 1933 σκότωσιν
1687 1911 1740 1938 τοῖς
1755 1907 1893 1944 λογισμοῖς

1092 1953 1216 1989 ἐμποιεῖν.
1234 1951 1300 1977 Οὓτε
1323 1953 1373 1988 γὰρ
1390 1954 1592 1987 ωνεκρυήσεται
1613 1955 1644 1988 τῇ
1670 1953 1729 1987 οἴνῳ
1755 1953 1784 1978 τὸ
1805 1951 1893 1981 λυπη-

1092 1999 1136 2034 ρόν
1150 2007 1156 2013 ·
1173 1999 1218 2022 καὶ
1244 1998 1273 2022 τὸ
1288 2000 1336 2026 τῆς
1357 1997 1438 2032 μέθης
1461 1998 1540 2022 κακὸν
1564 1995 1595 2032 τῇ
1714 1999 1893 2033 προσγενήσε-

1092 2051 1145 2068 ται.
1171 2040 1201 2067 Εἰ
1223 2038 1252 2066 δι
1277 2040 1361 2071 λύπης
1382 2040 1468 2078 ἰατρὸς
1493 2039 1562 2066 ἐστιν
1585 2041 1597 2066 ὁ
1618 2040 1754 2077 λογισμὸς,
1778 2042 1894 2077 ἔσχατον

1093 2085 1123 2111 ἃν
1148 2087 1186 2114 εἴη
1215 2089 1265 2111 τῶν
1293 2089 1379 2110 κακῶν
1407 2085 1422 2113 ἡ
1450 2085 1528 2120 μέθη,
1547 2089 1578 2120 τῇ
1606 2084 1706 2121 ἰατρείᾳ
1729 2089 1776 2116 τῆς
1799 2084 1894 2121 ψυχῆς

1094 2128 1286 2166 ἔμποὸιξουσα.
1307 2128 1381 2156 Ἀλλ’
1400 2127 1510 2155 ἁνοίλαϐε
1532 2133 1568 2164 τῷ
1590 2128 1658 2164 λόγῳ
1682 2133 1731 2155 τῶν
1755 2127 1894 2166 εἶρημένων

1093 2175 1212 2207 ἕκαστον,
1232 2176 1277 2199 καὶ
1302 2174 1420 2210 εὑρήσεις
1441 2175 1470 2199 τό
1497 2182 1524 2199 τε
1548 2171 1662 2199 δυκατὸν
1686 2177 1733 2204 τῆς
1756 2172 1895 2199 ἀποστολι-

1093 2223 1140 2250 κῆς
1168 2219 1321 2254 νομοθεσίας
1347 2220 1392 2243 καὶ
1415 2219 1444 2243 τὸ
1473 2217 1618 2254 ὠφῦιιμον·
1639 2222 1693 2248 πῶς
1715 2219 1760 2254 μὲν
1784 2218 1894 2244 πάντοτε

1091 2265 1198 2300 χαρήσῃ
1226 2266 1262 2297 τῷ
1289 2261 1356 2299 ὀρθῷ
1381 2261 1448 2298 λόγῳ
1468 2261 1608 2298 ἑπόμενος·
1629 2266 1684 2292 πῶς
1708 2260 1738 2288 δὲ
1761 2262 1891 2299 προσεύξῃ

1092 2306 1275 2339 ἀδιαλείπτως,
1291 2310 1346 2337 πῶς
1363 2304 1392 2332 δί
1416 2305 1440 2331 ἓν
1462 2309 1540 2332 παντὶ
1555 2306 1760 2344 εὐχαριστησεις
1772 2317 1778 2322 ·
1795 2308 1848 2332 τίνι
1863 2305 1893 2332 δὲ

1090 2354 1178 2388 τρόπῳ
1208 2350 1397 2388 παρακαλέσας
1426 2352 1487 2381 τοὺς
1516 2350 1692 2387 λυποτμενους
1714 2351 1766 2385 (1),
1799 2351 1842 2377 ἱνα
1865 2349 1893 2376 ἐκ

1172 2413 1196 2431 ⁸⁵
1212 2412 1316 2441 Matth.
1335 2421 1365 2447 v,
1382 2414 1408 2440 5.

1096 2475 1287 2511 (θεινειθτεξ
1311 2474 1429 2511 aliquot
1453 2473 1523 2502 libri
1547 2476 1576 2502 et
1600 2473 1890 2511 θάὶιιηστηρίςιται....

1059 2509 1232 2572 ύῖὲερείδεται.
1255 2509 1311 2538 Alii
1335 2509 1467 2546 quatuor
1488 2518 1561 2538 mss.
1588 2509 1792 2546 στηρίξηται....
1817 2511 1892 2546 ὑπερ-

1060 2555 1081 2572 ει
1103 2555 1174 2572 ηται.

1060 2555 1096 2572 εισ
1103 2555 1174 2572 ηται.

1103 2556 1174 2574 ηται.

1096 2583 1148 2615 (99)
1164 2582 1235 2616 Reg.
1252 2581 1368 2617 primus
1381 2584 1508 2617 τοσοῦτον
1524 2579 1693 2617 ἀφαιροῦσιν.

1095 2618 1133 2652 (1)
1150 2615 1234 2645 Urnis
1253 2615 1335 2644 _mss.
1359 2619 1387 2645 et
1414 2616 1484 2644 editi
1507 2615 1781 2652 nuptialia-nereia;
1807 2615 1892 2642 θλιϐο-

1059 2651 1160 2688 μένους.
1177 2652 1234 2680 Alii
1261 2655 1377 2688 septem
1407 2651 1597 2688 παρακαλέσεις
1621 2653 1680 2683 τοὺς
1704 2651 1889 2688 λυπουμένους.

1063 2689 1125 2716 Una
1140 2688 1265 2724 quidem
1281 2687 1368 2715 lectio
1388 2687 1481 2724 altera
1509 2687 1615 2724 melior
1642 2695 1704 2715 non
1729 2687 1795 2722 est;
1818 2688 1891 2724 quia

1060 2722 1160 2752 tamen
1188 2723 1258 2751 libri
1281 2726 1396 2752 veteres
1425 2722 1539 2751 ultimas
1568 2722 1681 2760 favent,
1701 2730 1768 2752 eam
1796 2722 1892 2751 secuti

1060 2767 1177 2789 sumus.

1447 2412 1472 2429 ⁸⁵
1487 2412 1574 2440 l‘rov.
1591 2419 1671 2446 nm,
1687 2413 1712 2440 6.
