2029 3136
42 135 78 161 261

419 131 563 160 HOMILIA
583 131 617 159 IN
638 131 751 163 lLLUD,
777 129 991 157 DESTRUAM
1011 130 1174 158 HORRE'A
1194 130 1292 158 MEA.

1644 135 1698 162 262

45 196 128 221 πάντων
142 195 229 230 ἄρτιος
243 194 274 230 ᾖς
293 196 338 220 καὶ
357 196 571 230 κατηρτισμένος,
595 196 625 228 τῇ
644 192 754 229 βοηθείᾳ
773 195 818 217 τοῦ

887 195 907 219 it.
920 192 1003 219 omni
1019 200 1055 219 ex
1070 194 1154 228 parte
1171 192 1285 226 integer
1300 193 1342 219 sis
1357 196 1386 220 et
1409 193 1557 229 perfectus
1573 195 1699 231 Spiritus

45 239 105 275 ἁγίου
122 240 274 274 Πνεύματος,
289 241 333 264 καὶ
347 243 379 274 τῇ
400 238 573 267 ἐπισκηνώσει
586 241 632 268 τῆς
647 238 760 274 χάριτος
773 241 818 262 τοὺ

48 286 127 320 Κυρίου
139 284 210 319 ἡμῶν
224 283 311 311 Ἰησοῦ
333 287 460 320 Χριστούα
517 283 531 311 ἡ
557 280 622 313 δόξα
643 284 686 307 καὶ
707 283 735 306 τὸ
753 282 819 318 κρά-

47 338 78 358 τος
91 328 122 358 εἰς
131 330 188 358 τοὺς
203 327 298 357 αἰῶνας
312 331 361 353 τῶν
377 327 484 354 αἰώνων.
502 326 594 362 Ἀμήν.

130 450 176 473 ΕΙΣ
195 450 238 473 ΤΟ
258 450 368 473 PHTON
387 449 452 473 ΤΟΥ
472 449 559 472 ΚΑΤΑ
585 448 722 472 ΛΟΥΚΑΝ

48 500 185 536 Εὐαγγιλίου
291 511 304 524 ‹‹
322 500 431 526 Καθαλῶ
458 509 507 535 μου
536 501 582 529 τὰς
607 498 752 530 ἀποθήκας,
778 499 823 523 καὶ

103 545 217 581 μείζονας
237 543 435 580 οἰκοδομήσω»
449 546 493 570 καὶ
513 545 573 580 περὶ
593 543 745 574 πλεονεξίας.

74 601 94 625 t.
110 598 213 624 Διπλοῠν
229 600 258 624 τὸ
275 596 344 628 εἶδος
359 602 408 623 τῶν
421 601 583 634 πειρασμῶν.
599 596 631 623 Ἢ
647 597 698 633 γὰρ
720 597 747 622 αὶ
767 595 823 622 θλί-

45 640 92 675 ψεις
105 639 279 676 βασανίζουσι
303 641 350 670 τὰς
365 637 488 676 καρδίας,
509 640 596 675 ὥσπερ
618 640 720 676 χρυσὸν
734 638 759 664 ἐν
774 648 824 664 κα·-

46 687 107 720 μίνῳ,
126 683 169 710 διὰ
188 689 236 714 τῆς
260 685 392 720 ὑπομονῆς
415 686 444 709 τό
465 682 585 719 δοκίμιον
607 683 691 708 «ira»:
715 682 824 718 ἀπελέγ-

46 730 168 765 χουσαιεῄ
195 731 239 754 καὶ
263 729 387 759 πολλάκις
407 728 484 754 αύταὶ
509 730 536 754 αἱ
559 727 677 757 εύθηνίαι
698 731 743 754 τοῦ
763 726 824 764 βίον

46 773 91 799 ἀντὶ
108 776 273 810 πειρατηρίου
297 776 413 809 γίνονται
437 777 490 803 τοῖς
513 772 626 803 πολλοῖς,
645 772 756 808 Ὁμοίως
774 773 824 809 γάρ

47 818 91 844 ἐστὶ
111 818 221 854 χαλιπὸν
248 819 272 844 ἰν
296 827 324 844 τι
347 817 553 852 δυσκολίαιςβ)
575 819 735 854 πραγμάτων
760 815 825 842 ἀτα-

874 236 967 264 sancti
980 244 1048 272 ope,
1062 239 1152 272 atque
1165 236 1352 264 inhabitante
1368 238 1464 271 gratia
1477 239 1592 266 Domini
1606 240 1700 268 nostri

873 280 943 307 Jesu
954 280 1062 308 Christi
1076 289 1081 308 :
1095 281 1142 308 cui
1156 280 1253 315 gloria
1264 283 1292 308 et
1306 281 1465 317 imperium
1479 282 1509 310 in
1520 283 1630 312 saecula
1646 292 1700 312 sae-

875 324 1023 352 culorum.
1041 326 1148 352 Amen.

1335 405 1366 412 _.

1033 445 1066 471 IN
1089 445 1191 472 ILLUD
1213 445 1342 473 DlCTUM
1362 446 1547 474 EVANGELII

876 498 1039 525 secundum
1052 499 1181 526 Lucam:
1193 510 1204 523 ς
1215 499 1374 526 Destruam
1389 498 1497 528 horrea
1511 508 1587 536 mea,
1599 505 1625 529 et
1640 510 1701 530 ma-

947 543 1014 576 iora
1035 543 1186 577 aediﬁcabo
1198 543 1219 560 ⁸⁷
1234 552 1240 571 :
1258 554 1271 567 »
1292 544 1419 579 itemque
1433 545 1470 572 de
1479 547 1626 574 avaritia.

915 597 938 622 t.
956 595 1070 631 Duplex
1080 596 1273 624 esttentation
1280 605 1328 624 um
1338 599 1505 631 genus.Aut
1519 599 1599 626 enim
1610 600 1703 628 corda

877 638 958 666 vrlut
973 647 1081 667 aurum
1095 639 1124 667 in
1142 640 1263 667 fornace
1280 640 1409 676 probant
1427 649 1570 670 aerumnae
1582 643 1616 678 ⁸⁸,
1633 652 1702 672 cum

877 691 931 720 per
944 684 1120 719 patientiam
1136 684 1336 719 integritatem
1347 693 1451 713 eorum
1467 691 1646 722 coarguunt,
1657 692 1703 717 at-

877 735 937 765 que
950 728 1116 756 bonitatem
1128 736 1135 756 :
1152 732 1203 756 aut
1218 729 1308 756 etiam
1319 737 1379 757 non
1394 737 1462 758 raro
1478 730 1544 765 ipsa
1557 732 1625 760 vitae
1638 741 1704 768 pro-

879 774 1005 809 speritas
1019 774 1191 802 tentationis
1217 773 1284 802 loco
1302 777 1346 802 est
1365 776 1584 811 compluribus.
1606 778 1704 814 Eque

879 817 958 845 enim
975 818 1106 845 arduum
1122 821 1166 845 est
1181 818 1211 846 in
1228 818 1319 846 rebus
1332 818 1505 847 diﬁcilibus
1518 822 1627 849 servari
1641 823 1704 850 ani-

46 866 149 889 πείνωτον
162 865 208 891 τὴν
223 862 317 898 ψυχὴν
341 861 539 896 διασώσασθαι,
563 864 609 888 καὶ
633 861 656 888 ἓν
680 866 738 892 ταῖς
756 871 827 897 περι-

887 870 962 890 nam
977 863 1138 890 sublimem
1153 865 1180 890 et
1192 862 1384 898 indejectam,
1394 867 1485 899 atque
1498 865 1528 892 in
1539 866 1629 894 rebus
1638 875 1705 903 pro-

47 910 145 942 φιαιίαις
167 910 201 944 μὴ
219 909 258 943 (4)
286 908 432 945 ἐπαρθῆναι
455 909 520 944 πρὸς
543 907 627 944 ὕϐριν.
653 904 826 942 Παράὸειγμα

48 950 121 978 ista!)
143 954 187 988 μὲν
206 954 336 990 προτέρου
362 950 449 983 εἴδους
470 956 519 978 τῶν
543 955 694 988 πειρασμῶν
709 952 722 976 ὁ
745 950 826 987 μέγας

47 996 102 1029 Ἰὼϐ,
122 998 134 1022 ό
154 996 369 1032 ἀκαταγώνιστος
391 996 512 1026 ἀθλητής·
535 996 571 1030 ὃς,
598 999 685 1022 πᾶσαν
707 1000 752 1022 τον
768 994 826 1022 δια-

48 1040 108 1067 ϐόλου
127 1044 171 1070 τὴν
200 1040 274 1077 βίαν,
305 1042 391 1078 ὥσπερ
416 1040 562 1078 χειμάρρου
590 1042 688 1077 φορὰν,
712 1039 826 1076 ἁσείστῳ

47 1084 129 1122 καρδίᾳ
145 1089 188 1111 καὶ
213 1086 352 1121 λογισμοῖς
377 1085 512 1121 ἀτρέπτοις
541 1083 741 1121 ύποδιξάμινος,
762 1093 826 1110 τοσ-

49 1132 101 1164 ούτῳ
125 1131 217 1166 μείζων
243 1134 293 1156 τῶν
308 1131 348 1165 (5)
374 1133 524 1166 πιιρασμῶν
547 1128 668 1165 ἀνεφάνη,
698 1129 751 1164 ὅσῳ
779 1138 827 1164 μι-

48 1174 102 1208 Ίιῖλα
125 1175 193 1210 αὐτῷ
214 1177 261 1200 καὶ
288 1172 436 1200 δύσὲκλυτα
458 1172 543 1200 ἐδόκει
570 1175 642 1210 παρὰ
664 1177 709 1199 τοῦ
729 1173 827 1210 ἐχθροῦ

50 1218 223 1254 προϐεϐλῆσθαι
238 1220 272 1244 τὰ
296 1218 477 1254 παλαίσματα.
502 1222 557 1244 Τῶν
578 1217 606 1244 δι
626 1219 694 1244 κατά
721 1220 767 1247 τὴν
783 1217 828 1243 εύ-

50 1266 140 1299 ιμιρίαν
161 1267 206 1289 τοῦ
231 1262 294 1299 βίον
323 1267 473 1299 πειρασμῶν
497 1261 679 1298 ὑποδιίγματα
705 1261 769 1288 ἄλλα
802 1271 828 1287 τι

49 1309 103 1340 τινὰ,
117 1311 159 1334 καὶ
182 1308 260 1338 οὗτος
274 1308 287 1333 ό
301 1311 345 1334 νύν
360 1308 423 1344 ἡμῖν
445 1306 618 1342 ἀναγνωσθεὶς
644 1307 778 1337 πλούσιος·
801 1305 828 1336 ὃς

50 1354 82 1377 τὸν
91 1354 130 1387 μὲν
145 1351 199 1388 ιῖχε
222 1351 344 1384 πλοῦτον,
369 1354 412 1377 τόν
434 1349 464 1378 δὴ
484 1351 587 1381 ἤλπιζε·
615 1355 661 1377 τοῦ
681 1351 829 1387 φιλανθρώ-

50 1405 89 1421 nou
107 1401 167 1423 Θεοῦ
191 1396 217 1427 ἕξ
240 1395 429 1433 ἀρχῆς-αὐτὸν
455 1395 497 1422 ἐπὶ
525 1400 555 1432 τῇ
584 1395 753 1432 ἀγνωμοσύνῃ
779 1399 829 1420 τῶν

49 1443 133 1476 τρόπων
148 1444 181 1477 μή
206 1443 411 1477 κατακρίναντος
425 1441 474 1475 (6),
497 1439 550 1466 ἀλλ’
574 1439 614 1466 ἀεὶ
637 1445 673 1476 τῷ
696 1440 830 1476 προϋπάρ-

49 1494 113 1520 χοντι
133 1486 231 1521 πλούτῳ
258 1485 369 1511 πλοῦτον
397 1485 481 1521 ἕτερον
504 1485 698 1522 προστιθέντος,
733 1485 755 1510 εἰ
774 1493 830 1514 πως

50 1529 108 1564 αὐτῷ
124 1532 196 1566 κόρον
220 1530 370 1566 ἕμποιήσας
390 1530 462 1562 ποτὶ,
485 1531 550 1565 πρὸς
573 1531 608 1555 τὰ
623 1530 770 1554 κοινωνικόν
785 1530 829 1554 καὶ

50 1574 130 1610 ᾖμερον
149 1576 194 1603 τήν
221 1574 317 1610 ψυχὴν
345 1574 425 1599 αὐτοῦ
454 1573 632 1599 iudicatum
668 1572 828 1609 Ἀνθρώπου,

49 1619 91 1654 γάρ
105 1628 179 1654 φησι,
195 1619 321 1645 πλουσίου
342 1618 489 1655 ηύφὸρησεν
503 1619 543 1653 (7)
565 1619 580 1647 ἠ
600 1621 688 1654 χώρα,
711 1620 756 1643 καὶ
779 1615 831 1643 διι-

50 1661 154 1697 λογίζετο
185 1663 242 1689 καθ’
275 1663 376 1689 ἁαυτόν·
408 1664 440 1688 Τί
469 1665 600 1695 ποιήσω;
645 1662 748 1688 Καθελῶ
781 1671 831 1697 μου

51 1705 89 1737 τὰς
118 1706 259 1741 ἀποθήκας,
293 1710 338 1733 καὶ
367 1707 489 1743 μείζονας
522 1704 710 1742 οἰκοδομήσω.
739 1707 786 1732 Διὰ
807 1707 833 1732 τί

51 1748 87 1775 οὖν
111 1752 254 1789 ηύφόρησεν
278 1753 293 1780 ἠ
319 1754 398 1787 χώρα
421 1749 556 1787 ἀνθρώπου
583 1749 666 1787 μηδὲν
690 1749 785 1786 ἆγοθόν
806 1749 833 1776 ἐκ

52 1796 219 1832 τῆςσύφορίας
242 1799 356 1825 ποιήσειν
369 1795 527 1832 μίλλοντοςς
551 1794 607 1821 Ἵνα
629 1794 724 1831 μᾶλλον
748 1795 764 1823 ἠ
788 1798 833 1820 τοῦ

52 1842 104 1866 Θεοῦ
129 1842 297 1878 μακροθυμία
319 1845 383 1877 φανῇ
400 1842 449 1876 (ξς),
472 1843 516 1867 καὶ
537 1842 619 1877 μέχρι
638 1845 687 1866 τῶν
711 1841 834 1866 τοιούτων

53 1883 210 1922 ίκτιινομὲνης
244 1886 324 1912 αύτοῡ
352 1889 399 1916 τῆς
431 1887 626 1922 χρηστότητος·
662 1887 754 1920 Βρίχιι
783 1885 834 1920 γὰρ

53 1928 88 1955 ἐπὶ
115 1929 233 1962 δικαίους
274 1933 319 1956 καὶ
361 1928 471 1960 ἀδίκους
487 1951 494 1962 ,
535 1932 580 1956 καὶ
621 1928 750 1955 ἀνατέλλει
791 1930 835 1954 τὸν

53 1973 113 2002 ἣλιον
147 1975 224 2002 αὐτοῦ
259 1975 299 2001 ἐπὶ
333 1976 463 2011 πονηρούς
493 1977 538 2000 καὶ
572 1973 687 2009 ἀγαθούς
704 1994 710 2000 .
742 1973 771 1999 Ἠ
806 1971 836 1999 6“:

52 2020 145 2049 τοιαύτη
167 2024 213 2047 τοῦ
238 2023 305 2046 Θιοῦ
332 2018 464 2055 ἀγαθότης
496 2019 604 2055 μείζονα
640 2019 746 2054 σννάγιι
781 2021 836 2048 τοῖς

53 2067 248 2101 πονηρευομένοις
275 2067 322 2094 τὴν
348 2063 474 2091 κόλασιν.
498 2063 607 2098 ”Ηνεγκε
634 2064 695 2093 τοὺς
723 2062 837 2099 ὄμϐρους

54 2106 87 2133 ἰπὶ
107 2111 150 2138 τήν
170 2110 219 2136 ὑπὸ
246 2113 296 2135 τῶν
320 2108 502 2134 πλεονεκτικῶν
521 2111 618 2144 χειρῶν
639 2109 836 2143 γεωργουμένην

53 2155 102 2186 γῆν
122 2152 199 2180 ἕδωκι
224 2155 270 2180 τὸν
296 2152 368 2182 ἣλιον
395 2151 529 2178 ἐκθάλπειν
553 2153 586 2177 τὰ
615 2153 762 2188 σπέρματα,
790 2153 836 2177 καὶ

54 2195 258 2229 πολυπλασιάζειν
282 2199 343 2228 τοὺς
365 2198 482 2233 καρπούς
504 2194 550 2222 διὰ
568 2200 616 2227 τῆς
638 2195 768 2232 εύφορίας.
786 2198 836 2222 Καὶ

53 2241 80 2266 τὰ
95 2244 136 2277 μὲν
150 2244 220 2280 παρὰ
234 2245 302 2269 Θεοῦ
324 2245 442 2274 τοιαῦτα,
467 2244 518 2276 γῆς
541 2238 733 2273 ἂπιτηδειότης,
757 2239 836 2276 ἀέρων

84 2330 103 2348 ³⁷
123 2331 190 2360 Luc.
204 2339 258 2367 xu,
276 2333 318 2360 t8.
332 2331 356 2349 ⁸⁸
373 2331 443 2367 Sap.
458 2337 501 2366 iu,
514 2331 540 2358 6.
552 2329 575 2347 "
591 2328 663 2357 Luc.
678 2336 731 2363 xu,
745 2329 834 2356 t6-t8.

83 2420 115 2454 (2)
131 2421 171 2448 Ita
183 2420 295 2455 legitur
309 2421 340 2448 in
362 2419 445 2448 Colb.
463 2418 559 2453 tertio,
580 2422 631 2445 Τοῦ
650 2418 731 2455 «tiret?
751 2417 787 2449 εἰς
809 2419 839 2444 τὸ

54 2453 122 2492 ante»
135 2460 178 2482 τοῦ
194 2453 351 2492 Εὖαγνελίου
367 2456 435 2481 κατὰ
450 2458 563 2492 Λουκᾷν,
579 2457 638 2492 περὶ
647 2454 837 2492 πλουτούντων.

54 2489 183 2524 Ejusdem
199 2493 231 2520 in
247 2489 359 2520 dictum
373 2491 532 2526 Evangelii
541 2489 704 2519 secandum
716 2490 838 2523 Lucam,

55 2525 85 2562 de
107 2528 259 2556 divitibus.
285 2526 411 2555 Additur
425 2526 456 2554 in
484 2527 554 2561 Reg.
579 2526 688 2562 primo,
711 2527 756 2552 καὶ
772 2526 840 2551 κατὰ

55 2560 196 2595 πλιονεξίας,
214 2566 242 2592 et
259 2566 365 2591 contra
380 2562 555 2590 avaritiam.

83 2600 119 2630 (3|
131 2600 200 2633 Reg.
218 2599 322 2627 tertius
338 2598 363 2624 ἐν
375 2601 406 2633 τῇ
424 2595 563 2633 δυσκολίᾳ.

84 2633 119 2668 (4)
133 2632 200 2669 Reg.
224 2633 376 2662 secundus
391 2632 505 2669 θιγεόὶιὶ
520 2635 695 2669 περιφανείαις
717 2636 762 2659 τοῦ
775 2632 839 2669 βίον

56 2670 95 2701 μή.
111 2669 164 2698 Alii
174 2668 312 2706 quinque
332 2668 508 2706 simpliciter
521 2668 696 2706 περιφανιίαις
709 2670 757 2704 μή.
775 2668 839 2706 κίοι

56 2703 194 2740 π-ιριφάνειᾶ
207 2703 327 2733 Vidétur
341 2703 479 2740 hoc’rtoco
491 2703 640 2740 usurpata
649 2703 742 2731 fuisse
755 2711 774 2730 a
789 2704 839 2740 Ba:

57 2738 115 2775 sitio
125 2749 178 2775 pro
190 2741 282 2769 rebus
296 2739 450 2770 secundis,
462 2747 530 2766 cum
541 2738 608 2775 eam
624 2742 759 2775 opponat
772 2738 839 2766 voci

58 2749 113 2767 51110
146 2749 178 2768 ΓΟ
190 2749 282 2769 renus
296 2749 450 2770 SCCUDUIS,
462 2749 530 2766 cum
541 2749 608 2766 eam
624 2749 759 2775 opponat
774 2749 839 2766 VOCI

58 2749 183 2811 iungat,
197 2785 261 2814 qua
274 2784 321 2805 res
334 2776 468 2804 adversae
477 2774 691 2810 signiﬁcantur.
697 2775 792 2803 Potest
801 2776 840 2804 ta-

851 2328 876 2346 90

879 906 972 941 speris
986 906 1024 934 ad
1041 907 1180 942 injuriam
1197 907 1366 936 faciendam
1380 916 1442 936 non
1455 908 1563 945 abripi.
1580 911 1612 938 Et
1627 911 1705 946 prio-

880 951 920 978 ris
930 951 1053 987 quidem
1065 952 1263 980 tentationum
1272 953 1389 986 generis
1401 953 1574 990 exemplum
1585 958 1630 983 est
1638 956 1703 990 Job,

882 1003 1012 1029 magnus
1035 996 1082 1024 ille
1106 999 1134 1024 et
1156 996 1286 1024 invictus
1300 996 1422 1030 athleta,
1439 998 1492 1033 qui
1505 998 1567 1026 vim
1581 1007 1705 1028 omnem

881 1039 992 1068 diaboli
1003 1040 1082 1068 velut
1093 1041 1228 1069 torrentis
1238 1041 1384 1076 impetum
1393 1043 1578 1071 inconcusso
1586 1046 1706 1080 pectore

881 1092 917 1112 ac
932 1084 1058 1113 immoto
1073 1085 1228 1121 proposito
1241 1086 1402 1121 excipiens,
1412 1088 1495 1114 tanto
1509 1088 1646 1124 superior
1657 1097 1705 1116 ex-

882 1129 953 1157 stitit
963 1130 1187 1162 tentationibus,
1197 1133 1312 1166 quanto
1325 1129 1409 1158 illata
1424 1131 1479 1159 sibi
1491 1132 1530 1159 ab
1545 1132 1631 1161 hoste
1642 1141 1705 1162 cer-

882 1174 998 1202 tamina
1011 1175 1129 1209 majora
1141 1174 1331 1210 videbantur,
1344 1177 1433 1211 atque
1443 1176 1705 1206 inextricabiliora.

882 1222 918 1247 At
930 1226 1000 1246 vero
1015 1219 1214 1246 tentationum
1236 1219 1267 1246 in
1288 1219 1379 1247 rebus
1400 1221 1541 1249 secundis
1567 1222 1707 1259 exempla

884 1271 953 1291 cum
969 1262 1028 1290 alia
1041 1262 1100 1298 44
1113 1263 1209 1290 multa
1233 1265 1314 1296 sunt,
1331 1266 1394 1291 tum
1408 1264 1457 1292 hic
1472 1273 1551 1292 nunc
1567 1266 1654 1293 nobis
1667 1267 1707 1294 le-

883 1310 949 1335 ctus
963 1306 1112 1343 dives,qui
1124 1307 1256 1335 habebat
1271 1307 1345 1335 alias
1358 1308 1482 1344 quidem
1494 1309 1624 1345 divitias,
1633 1310 1707 1339 alias

884 1351 1118 1387 verosperabat;
1133 1359 1187 1379 nec
1197 1354 1297 1380 tamen
1308 1352 1542 1388 benignissimus
1552 1355 1628 1383 Deus
1635 1363 1707 1383 eum

884 1396 924 1424 ob
936 1397 1086 1431 ingratam
1097 1396 1231 1424 indolem
1243 1397 1328 1424 initio
1338 1397 1562 1432 condemnavit,
1571 1399 1624 1427 sed
1631 1407 1708 1428 sem-

884 1448 937 1476 per
947 1448 1020 1476 opes
1033 1439 1108 1468 alias
1123 1439 1233 1475 adjecit
1247 1440 1414 1476 prioribus;
1429 1441 1526 1477 siquo
1537 1443 1629 1471 modo
1643 1446 1708 1472 tan-

884 1485 954 1512 dem
969 1483 1130 1512 accedente
1146 1484 1290 1518 satietate,
1318 1484 1455 1512 animum
1470 1486 1536 1521 ejus
1551 1491 1654 1523 p0sset
1667 1488 1708 1516 ad

884 1529 1093 1557 liberalitatem
1105 1530 1195 1565 atque
1211 1529 1474 1557 mansuetudinem
1485 1532 1710 1566 provocare.Ait

885 1573 964 1601 enim
976 1581 982 1600 :
994 1573 1132 1601 Hominis
1148 1574 1248 1601 divitis
1262 1573 1365 1601 uberes
1377 1574 1499 1608 fruetus
1509 1582 1583 1611 ager
1591 1577 1708 1611 attulit,

884 1621 912 1646 et
918 1617 1065 1652 cogitabat
1072 1619 1154 1645 intra
1162 1625 1201 1645 se:
1215 1617 1293 1651 Quid
1296 1618 1426 1652 faciam?
1434 1619 1592 1647 Destruam
1600 1620 1710 1650 horrea

885 1669 960 1697 mea,
976 1665 1003 1689 et
1018 1663 1136 1696 majora
1148 1661 1345 1696 wdiﬁcabo".
1364 1663 1422 1690 Cur
1437 1662 1527 1698 igitur
1545 1663 1649 1693 fertilis
1661 1673 1711 1694 ex-

887 1706 961 1734 stitit
975 1713 1047 1740 ager
1061 1705 1204 1739 hominis,
1224 1706 1277 1741 qui
1291 1706 1366 1733 nihil
1389 1710 1452 1734 erat
1465 1706 1535 1735 boni
1549 1708 1589 1736 ob
1609 1708 1711 1737 fertili-

887 1753 978 1778 tatem
993 1749 1152 1777 t'acturus?
1173 1750 1207 1777 Ut
1228 1749 1341 1777 scilicet
1362 1750 1461 1785 magis
1486 1751 1641 1786 effulgeret
1661 1753 1712 1781 Dei

887 1793 1276 1828 tolerantia,cujusbonitas
1285 1794 1323 1821 ad
1334 1793 1408 1822 tales
1420 1795 1510 1822 etiam
1520 1803 1552 1822 se
1559 1797 1710 1825 extendat:

887 1838 1207 1875 quippeSuperjustos
1217 1841 1244 1866 et
1254 1839 1382 1872 injustas
1388 1839 1617 1876 pluit,faeitque
1624 1844 1657 1869 ut
1667 1842 1713 1869 sol

887 1891 959 1911 suus
977 1883 1099 1910 oriatur
1118 1889 1209 1917 super
1219 1883 1312 1910 malos
1323 1886 1350 1910 et
1361 1883 1650 1919 bonos°°.Ejusmodi
1661 1893 1714 1913 au-

888 1930 948 1956 tem
966 1927 1018 1954 Dei
1034 1926 1153 1954 bonitas
1167 1926 1348 1963 supplicium
1368 1928 1470 1963 majus
1482 1928 1637 1956 inducitin
1652 1937 1714 1958 sce-

888 1971 992 1999 lestos.
1008 1970 1120 1999 Eﬂ'udit
1134 1971 1252 2007 pluvias
1274 1971 1304 1999 in
1321 1973 1431 2000 terram
1446 1973 1547 2000 avaris
1570 1973 1714 2002 manibus

889 2016 1018 2050 cultam;
1044 2015 1128 2044 dedit
1153 2015 1250 2044 solem
1269 2015 1321 2052 qui
1337 2016 1439 2044 foveat
1458 2017 1585 2052 semina,
1610 2026 1646 2046 ac
1661 2026 1715 2054 per

889 2061 1058 2089 ubertatem
1084 2060 1198 2088 fructus
1219 2060 1405 2096 multiplicet.
1427 2062 1459 2089 Et
1476 2061 1601 2097 quidem
1621 2070 1639 2090 a
1654 2064 1714 2091 Deo

890 2105 1043 2141 accipiunt
1053 2107 1085 2132 ut
1094 2103 1243 2132 beneﬁcia
1253 2104 1415 2139 ejusmodi,
1425 2107 1503 2133 terra
1513 2105 1716 2139 idonea,aeris

890 2152 1076 2185 temperatus
1092 2151 1196 2184 status,
1213 2148 1364 2176 seminum
1380 2149 1478 2185 copia,
1500 2150 1595 2178 boum
1610 2158 1714 2186 opera,

891 2194 951 2223 alia
964 2193 996 2222 id
1010 2201 1116 2229 genus,
1128 2193 1240 2229 quibus
1259 2193 1336 2221 solet
1349 2193 1535 2228 agricultura
1543 2194 1583 2222 ad
1598 2194 1717 2224 uberta-

890 2241 950 2267 tem
961 2237 1086 2274 perduci
1101 2240 1191 2274 atque
1206 2237 1246 2266 ad
1260 2237 1391 2273 copiam.
1409 2237 1515 2271 Qualia
1527 2246 1599 2267 vero
1612 2238 1644 2267 in
1658 2239 1717 2268 hoc

891 2327 979 2356 Matb.
993 2335 1022 2361 ν,
1033 2328 1078 2355 45.

894 2424 975 2451 men,
991 2416 1015 2444 si
1024 2415 1134 2453 mavis,
1145 2415 1182 2443 ad
1191 2415 1318 2453 verbum
1329 2415 1530 2452 interpretari,
1540 2425 1571 2446 ιη
1581 2417 1719 2453 splendo-

894 2454 990 2485 ribus,
1003 2453 1034 2480 in
1055 2452 1142 2480 rebus
1154 2451 1332 2486 splendidis.

930 2489 967 2524 (5)
982 2487 1064 2526 Col_b.
1093 2487 1196 2526 tertius
1209 2487 1305 2522 μείζων
1327 2486 1354 2513 ἐκ
1375 2491 1437 2515 τῶν.
1461 2487 1624 2525 Aliquanto
1648 2491 1720 2526 post

893 2523 975 2552 idem
988 2523 1084 2550 codex
1098 2523 1111 2548 ὁ
1126 2526 1169 2547 νῦν
1184 2523 1254 2558 ὑμῖν.

928 2560 965 2595 (6)
982 2558 1057 2586 Edlti
1083 2559 1291 2594 κατακρίνοντας.
1314 2559 1350 2586 At
1377 2567 1450 2587 mss.
1480 2559 1568 2587 multi
1591 2562 1719 2596 κατακρι-

893 2603 968 2621 ναντο
973 2605 993 2625 ς.

929 2632 970 2665 (7)
985 2630 1017 2668 In
1032 2629 1135 2658 multis
1151 2637 1226 2656 mss.
1239 2628 1288 2656 hic
1303 2630 1332 2657 et
1345 2629 1425 2658 infra
1439 2638 1494 2666 pro
1516 2630 1662 2668 ηὐφόρησιν
1677 2630 1720 2659 le-

894 2666 974 2702 gitur
990 2666 1140 2702 εὐφόρησεν.

894 2699 912 2764 ἐ
930 2702 967 2737 (8)
982 2699 1056 2746 Reg.-
1065 2701 1181 2738 primus
1205 2703 1272 2726 Θεοῦ
1288 2699 1467 2736 φιλανθρωπία
1481 2703 1526 2728 καὶ
1549 2703 1721 2739 μακροθυμία

915 2747 1018 2764 ιαοανη.

915 2747 1006 2774 ιαφανη
1012 2756 1018 2762 ι
