2029 3136
209 93 258 122 291
895 91 925 120 8.
946 90 1033 119 BASH

1089 91 1198 119 MAGNI

1831 89 1887 118 292

202 154 262 182 bus
270 153 439 182 visibilibus
453 152 605 190 antiquius
615 161 650 181 ac
667 153 768 181 carius
782 153 906 188 habere,
918 152 970 181 sed
986 160 1032 181 or-

1089 155 1264 190 γεγανωμένην
1292 154 1416 188 ἄνθεσιν,
1442 151 1522 186 οἴδα,
1553 153 1593 178 ὅτι
1628 150 1703 182 οὗτος
1731 149 1806 177 οὐδὲν
1835 155 1887 177 τῶν

203 207 276 227 nare
291 198 448 233 diligenter
462 198 638 230 inanimata.
653 199 787 226 animam
800 206 872 227 vero
886 198 1032 226 incultam

202 243 381 279 relinquere.
394 243 486 275 Quem
497 242 932 279 tandem,quzeso,ampliorem
943 250 1032 270 usum

203 288 346 316 exhibent
355 288 488 322 argentei
498 287 692 321 lecti,mensae
706 289 866 323 argenteas,
879 287 933 316 tori
947 287 1037 315 ebur-.

202 333 251 361 nei
264 335 292 361 et
302 332 381 360 sellas
392 332 589 367 eburnem,sic
601 335 631 361 ut
644 333 753 361 horum
765 341 858 361 causa
872 332 982 361 divitiae
993 332 1031 360 ad

201 385 351 414 pauperes
366 385 426 405 non
435 379 598 411 transeant,
607 386 785 414 quanquam
795 377 945 406 innumeri
955 378 1034 405 stant

202 430 257 458 pro
269 422 396 456 foribus,
408 422 523 450 nullam
537 430 599 450 non
611 422 781 450 emittentes
794 430 901 451 vocem
912 422 1032 450 misera-

201 466 308 495 bilem?
322 467 363 494 Tu
374 474 446 494 vero
457 474 552 501 negas
563 468 590 494 te
605 466 760 500 daturum,
771 468 878 503 aisque
894 467 1032 495 sufficere

201 513 230 539 te
241 519 302 539 non
314 519 401 547 posse
411 511 605 546 rogantibus.
617 513 650 539 Et
661 511 765 547 lingua
775 511 898 548 quidem
908 512 994 547 juras
1006 513 1032 539 te

202 564 264 584 non
276 564 376 592 posse,
394 556 447 583 sed
458 564 475 584 ε.
490 564 584 584 manu
600 556 754 592 argueris:
772 557 828 584 etsi
840 557 920 584 enim
930 556 981 584 illa
992 560 1033 584 ta-

201 603 256 636 cet,
275 601 473 628 mendacium
490 603 684 629 tamentuum
695 601 830 630 declarat
841 601 945 629 annuli
961 601 1033 637 palo.

202 653 378 674 coruscans.
404 646 482 678 Quot
497 648 598 681 potest
623 649 693 674 tuus
716 646 849 674 annulus
874 654 952 674 unus
974 654 1032 674 tere

202 691 301 719 alieno
323 691 474 719 liberare?
497 693 573 727 quot
586 694 694 719 domos
708 694 882 720 corruentes
893 691 1006 726 erigere
1019 691 1033 718 ‘2

202 738 278 764 Arca
292 737 342 764 tua
357 735 498 764 vestiaria
508 735 553 763 vel
568 736 657 764 unica
668 738 767 772 potest
778 738 873 764 totum
884 735 1032 772 populum

201 780 312 816 frigore
325 781 471 815 rigentem
482 781 614 814 amicire;
627 783 655 809 et
670 783 770 809 tamen
781 781 912 809 sustines
922 788 1034 818 paupe-

1087 198 1220 234 ὁρωμένων
1236 201 1390 235 τιμιώτερον
1415 201 1549 231 κέκτηται,
1575 195 1638 223 ὰ).λὰ
1661 197 1694 222 τὰ
1789 195 1888 232 ἄψυχα

1087 242 1253 276 καλλωπίζει,
1279 245 1325 273 τὴν
1348 241 1378 270 δὲ
1405 242 1498 279 ψυχὴν
1526 242 1675 278 ἀκόσμητον
1697 242 1762 276 ἔχει.
1794 243 1884 273 Ποίαν,

1087 289 1141 314 cmi
1167 297 1221 324 μοι,
1252 290 1345 325 χρείαν
1367 289 1555 325 περισσοτέραν
1584 289 1747 322 παρέχουσιν
1772 284 1887 323 ἀργυραῖ

1087 331 1171 358 κλῖναι
1199 335 1244 359 καὶ
1272 333 1401 370 τράπεζαι
1427 332 1550 370 ἀργυραῖ,
1574 331 1732 367 ἐλιφάντιναι
1761 328 1887 361 mea“

1087 378 1131 402 καὶ
1148 376 1304 412 ἐλεφάντινοι
1320 375 1420 415 δίφροι,
1441 377 1508 403 ὥστε
1533 378 1576 402 τὸν
1600 375 1709 402 πλοῦτον
1735 372 1782 401 διά
1802 379 1886 401 ταῦτα

1087 423 1122 457 μὴ
1140 419 1282 447 διαϐαίνειν
1304 413 1372 458 πρὸς.
1389 413 1604 457 τοὺςίπτωχοὺς,
1621 422 1707 446 καίτοι
1726 421 1815 456 μυρίοι
1841 419 1885 455 ἰγ-

1088 470 1179 493 εστᾱσι
1195 466 1252 501 (10)
1265 470 1295 503 τῇ
1315 467 1389 504 θύρᾳ,
1417 470 1504 492 πᾶσαν
1530 465 1637 494 ἐλεεινὴν
1652 464 1766 501 ἀφιέντες
1781 467 1884 500 φωνήη

1087 513 1119 537 Σὺ
1136 509 1165 537 δὲ
1180 510 1242 548 ἀρνῇ
1260 513 1306 540 τὴν
1327 509 1414 545 δόσιν,
1431 505 1559 537 ἀδύνατον
1582 509 1646 536 εἶναι
1667 509 1746 545 λέγων
1767 508 1887 545 ἐπαρκεῖν

1087 560 1141 586 τοῖς
1153 556 1331 583 «inﬂammat
1351 560 1382 592 τῇ
1406 558 1450 592 μὲν
1475 556 1582 592 γλώσσῃ
1606 554 1756 590 ἐξόμνυσαι,
1781 554 1831 580 ὑπὸ
1858 552 1888 579 δι

1087 605 1134 632 τῆς
1149 603 1240 638 χειρός
1253 599 1390 638 διελέγχῇ·
1409 605 1537 627 σιωπῶσα
1557 601 1607 637 γὰρ
1638 608 1685 626 σου
1709 600 1724 628 ἡ
1754 601 1814 635 χεὶρ
1841 601 1888 626 τὴν

1087 644 1261 682 ψευδολογίαν
1288 648 1437 683 κηρύσσει,
1468 647 1728 683 περιαστραπτομὲνη
1762 644 1812 670 ὑπὸ
1841 648 1889 674 τῆς

1088 690 1129 717 ἐπὶ
1144 695 1190 718 τοῦ
1215 689 1357 718 δακτυλίου
1381 689 1533 727 σφενδόνης.
1562 692 1663 721 Πόσους
1689 687 1800 715 δύναται
1816 688 1891 724 (Η)

1088 733 1124 766 εἷς
1149 745 1196 762 σου
1221 734 1360 767 δακτύλιος
1388 740 1474 773 χρεῶν
1501 734 1651 768 ἆπολῦσαι;
1679 736 1778 764 πόσους
1802 735 1890 764 οἴκους

1088 782 1298 812 καταπίπτοντας
1320 781 1486 818 ἀνορθώσας
1510 782 1566 806 Μία
1590 789 1638 805 σου
1654 778 1764 809 κιϐωτὸς
1780 779 1889 814 ἱματίων

201 833 266 853 rem
276 833 338 853 non
348 825 495 853 donatum
505 825 664 859 dimittere,
673 825 755 854 haud
764 825 909 854 reveritus
917 826 1032 861 justam

1089 823 1200 852 δύναται
1226 824 1310 862 δῆμον
1335 825 1390 852 ὅλον
1419 826 1532 863 ῥιγῶντα
1558 823 1714 862 περιϐαλεῖν·
1741 822 1793 849 ἀλλ’
1821 823 1889 849 ὑπο-

200 870 311 906 judicis
322 870 682 907 compensationem.Non
693 871 832 899 misertus
844 879 886 905 es,
894 878 956 899 non
964 878 1034 899 con-

203 923 328 952 sequere
344 915 602 948 misericordiam;
620 923 682 943 non
695 915 841 952 aperuisti
866 915 1004 951 domum,
1015 923 1034 944 a

202 967 297 995 regno
313 959 496 994 excluderis;
514 967 624 996 panem
631 968 692 988 non
707 959 892 994 dedisti,non
905 960 1033 997 accipies

203 1004 298 1033 vitam
313 1007 466 1033 aeternam.

241 1097 267 1124 5.
281 1095 390 1122 Verum
401 1101 568 1130 pauperem
580 1093 655 1122 dicis
667 1094 811 1131 teipsum,
823 1096 915 1131 atque
925 1094 964 1122 de
977 1094 1034 1123 hoc

205 1139 278 1168 mihi
293 1142 392 1168 tecum
409 1138 556 1167 convenit.
573 1140 691 1176 Pauper
701 1139 781 1167 enim
797 1142 852 1174 est,
863 1139 915 1175 qui
931 1139 1034 1168 multis

203 1183 328 1219 indiget.
340 1184 397 1212 Sed
408 1183 588 1212 insatiabilis
599 1183 748 1220 cupiditas
760 1184 882 1219 indigos
896 1192 949 1212 vos
959 1184 1034 1212 mul-

204 1231 304 1258 tarum
314 1236 413 1257 rerum
425 1228 525 1257 efﬁcit.
537 1229 666 1257 Talentis
677 1229 782 1257 decem
793 1229 898 1257 decem
910 1229 969 1258 alia
982 1229 1034 1258 ad-

202 1273 293 1310 jicere
303 1274 438 1302 conaris:
456 1273 562 1309 viginti
573 1273 697 1309 coactis,
714 1273 839 1302 totidem
854 1274 974 1310 quaeris,
985 1282 1034 1302 ne-

204 1326 263 1356 que
278 1318 485 1355 appetentiam
501 1319 578 1347 sistit
590 1318 674 1355 quod
689 1326 810 1355 semper
824 1326 842 1346 a
857 1321 884 1347 te
901 1318 1033 1355 additur,

205 1364 266 1391 imo
274 1363 410 1391 accendit
416 1363 850 1400 appetitum.Quemadmodum
857 1363 936 1392 enim
944 1364 1034 1392 ebriis

205 1408 268 1435 vini
283 1408 420 1435 accessio
429 1407 554 1435 bibendi
566 1408 597 1436 ﬁt
611 1408 731 1436 occasio
747 1416 753 1435 :
771 1408 812 1436 sic
828 1408 918 1436 etiam
931 1416 1035 1436 recens

205 1451 289 1481 ditati
300 1452 352 1480 ubi
367 1452 463 1481 multa
474 1452 678 1488 acquisierint,
692 1452 781 1489 plura
801 1453 1032 1489 concupiscunt,

206 1505 328 1534 semper
341 1497 484 1526 addendo
495 1497 636 1525 morbum
649 1497 932 1533 nutrientes,eisque
945 1505 1033 1526 suum

207 1543 340 1570 studium
354 1542 433 1570 cedit
444 1542 475 1570 in
486 1543 679 1570 contrarium.
697 1543 797 1579 Neque
812 1543 893 1570 enim
903 1550 1035 1579 praesen-

206 1587 246 1615 tia
257 1587 340 1615 bona
353 1595 423 1615 cum
440 1588 522 1615 tanta
537 1587 606 1620 sint,
631 1589 748 1615 tantum
773 1587 841 1615 illos
854 1587 1034 1622 exhilarant,

205 1633 354 1668 quantum
365 1631 543 1659 contristent
556 1639 624 1667 quae
633 1631 758 1665 desunt;
772 1639 817 1666 ea,
825 1632 1034 1669 inquamquia

206 1675 264 1704 sibi
277 1675 384 1704 deesse
398 1678 518 1712 putant,
530 1675 607 1704 adeo
618 1678 651 1703 ut
666 1683 786 1712 semper
801 1676 882 1704 curis
896 1676 1035 1706 conﬁcia-

205 1724 255 1748 tur
267 1726 372 1749 eorum
390 1720 519 1755 animus,
533 1720 607 1748 dum
618 1720 736 1757 majora
750 1729 928 1758 comparare
937 1721 1035 1750 nitun-

205 1767 263 1793 tur.
279 1765 354 1793 Nam
375 1773 445 1793 cum
464 1765 559 1793 laetari
582 1765 666 1802 ipsos
681 1773 737 1802 par
751 1768 838 1801 esset,
860 1773 892 1793 ac
907 1766 1035 1802 gratiam

205 1809 327 1843 habere,
341 1809 424 1845 quod
439 1811 500 1838 tam
516 1809 618 1838 multis
630 1812 701 1838 sunt
713 1809 934 1846 opulentiores:
960 1818 1034 1839 con-

204 1856 342 1890 tra,aagre
355 1854 455 1882 ferunt
466 1862 501 1882 ac
511 1854 613 1882 dolent
628 1862 658 1882 se
670 1854 744 1883 forte
755 1855 794 1883 ab
805 1862 868 1883 uno
880 1857 931 1883 aut
941 1855 1034 1884 altero

202 1898 398 1934 locupletiore
415 1899 561 1935 superari.
574 1898 629 1927 Ubi
649 1907 721 1927 vero
742 1899 853 1927 fuerint
864 1899 946 1928 hunc
960 1899 1034 1928 divi-

203 1946 265 1972 tem
290 1944 431 1979 assecuti,
457 1943 615 1972 confestim
638 1944 738 1972 ditiori
753 1943 854 1972 adhuc
873 1944 926 1981 57
945 1952 1033 1981 pares

204 1987 270 2015 ﬁeri
285 1989 450 2016 conantur:
463 1990 491 2016 et
506 1987 558 2016 ubi
573 1995 642 2016 eum
657 1996 780 2025 quoque
796 1988 957 2024 attigerint,
974 1991 1032 2017 stu-

204 2032 289 2060 dium
304 2040 393 2060 snum
402 2032 442 2061 ad
457 2032 550 2061 alium
562 2033 756 2061 transferunt.
769 2033 1032 2066 Quemadmodum

203 2078 224 2106 ii
239 2077 291 2114 qui
301 2078 400 2127 scalas
412 2078 710 2127 conscendunt,pede
722 2087 842 2115 semper
852 2078 892 2107 ad
900 2079 1032 2116 superio—
1050 2100 1071 2127 Β

203 2130 268 2151 rem
283 2123 412 2158 gradum
428 2125 526 2151 erecto
537 2131 599 2152 non
612 2123 696 2160 prius
707 2124 1030 2160 conquiescunt,quam

189 2174 192 2178 '
204 2168 244 2196 ad
253 2176 409 2197 summum
417 2168 605 2205 perveniant:
615 2168 658 2197 sic
668 2176 790 2206 quoque
799 2169 830 2197 hi
840 2177 902 2198 non
912 2172 1033 2199 cessant

204 2213 244 2242 ad
258 2213 430 2251 appetenda
443 2214 589 2251 potentia,
613 2213 710 2243 donec
730 2215 762 2243 iu
777 2214 905 2244 sublime
927 2214 1031 2250 evecti,

203 2321 291 2351 riosis
313 2322 370 2358 legi
394 2324 502 2359 potest.
531 2322 600 2351 Mihi
623 2322 695 2355 satis
719 2320 877 2359 probabile
903 2323 1031 2359 videtur,

203 2366 278 2386 voce
292 2359 350 2395 hac
366 2358 416 2395 hic
424 2358 555 2395 indicari
569 2358 734 2395 hominem]
751 2359 804 2395 qui
818 2359 858 2387 ad
871 2358 1032 2395 vesperam

203 2402 301 2430 usque
316 2394 384 2422 vitae
400 2394 520 2422 divitias
536 2394 658 2430 colligit,
669 2402 730 2430 nec
739 2402 879 2430 unquam
893 2394 1033 2424 iis’satia-

205 2428 475 2468 ttlrj"07av_rrapé)i0rg
485 2431 520 2461 εἰς
534 2428 617 2468 οἰκίαν
629 2428 725 2468 ἀνδρὸς
734 2428 906 2468 ἀπειροκάλου
918 2433 963 2458 καὶ
975 2431 1033 2468 ὀψι-

204 2465 326 2493 πλούτου.
343 2465 440 2493 Verte:
456 2465 582 2502 Quando
598 2466 628 2493 in
640 2465 760 2502 domum
773 2465 931 2502 ingredior
942 2465 1032 2496 horni-

203 2502 250 2530 nis
266 2502 361 2537 inepti
375 2504 401 2529 et
425 2509 491 2529 sero
515 2501 614 2529 ditati.
643 2501 786 2529 Homines
806 2501 847 2530 illi
868 2510 933 2531 sero
949 2503 1033 2532 ditati

203 2537 295 2573 iidem
311 2536 381 2565 Sunt
395 2545 430 2565 ac
452 2537 505 2573 qui
526 2536 618 2573 paulo
632 2539 710 2573 post,
731 2544 760 2564 n.
779 2540 805 2572 5,
821 2541 969 2566 vocantur
982 2541 1033 2566 νεό-

203 2545 295 2564 naem
311 2545 381 2565 sum
395 2545 430 2565 ac
452 2545 505 2600 gul
526 2545 710 2600 pauiotposi,
731 2545 760 2564 n.
779 2545 805 2572 ο,
821 2545 969 2566 vocantur
982 2545 1033 2566 νεο-

202 2572 323 2604 πλουτοι,
339 2580 442 2601 recens
476 2573 556 2607 itati,
570 2572 618 2600 eti
644 2572 722 2600 circo
737 2573 834 2608 magis
848 2572 1033 2603 insolescunt

203 2615 297 2646 quam
312 2608 371 2646 qui
384 2608 415 2636 in
439 2609 559 2646 magnis
578 2608 687 2646 opibus
710 2609 773 2646 nati
793 2611 873 2638 sunt.
891 2610 924 2637 Hi
940 2618 970 2646 p.
987 2613 1032 2645 57,

203 2640 345 2682 dicuntur
362 2643 391 2682 ἐκ
402 2640 704 2682 μικρᾶςῖὃυνάμέωςβὶο
719 2642 800 2672 enim
815 2646 895 2681 apud
911 2640 1033 2682 Simeo;

202 2687 273 2719 nem
290 2679 490 2719 Logothetam
501 2679 610 2719 legitur
624 2687 715 2708 serm.
735 2682 763 2714 6,
785 2679 856 2716 pag.
878 2679 941 2717 502)
968 2691 1033 2719 προ-

203 2715 325 2756 ελθόντες,
343 2718 373 2756 et
385 2723 456 2756 cum
471 2715 647 2745 ﬂuminibus
663 2715 890 2753 comparantur,
900 2715 1032 2753 quorum

202 2759 298 2787 parva.
310 2752 404 2780 initia.
421 2752 527 2780 MARAN.

1088 871 1171 907 μένεις
1183 872 1315 908 ἄπρακτον
1329 869 1483 907 ἀποπέμψαι
1511 871 1554 896 τὸν
1578 870 1685 902 πένητα,
1712 868 1740 894 οὐ
1766 867 1891 904 φοϐούμε-

1088 925 1130 946 νος
1153 917 1182 942 τὸ
1208 913 1310 942 δίκαιον
1339 919 1386 946 τῆς
1414 912 1613 944 ἁνταποδόσιως
1635 917 1682 939 τοῦ
1706 917 1808 950 κριτοῦ.
1833 913 1889 938 Οὐκ

1088 960 1211 994 ἠλέησας,
1228 961 1275 987 οὐκ
1291 960 1430 996 ἐλεηθήσῃ·
1453 959 1500 985 οὐκ
1520 958 1624 990 ἣνοίξας
1646 960 1690 988 τήν
1710 958 1793 984 οὶκίαν

1089 1005 1281 1042 ἀποπεμφθήσῃ
1305 1009 1353 1036 τῆς
1379 1004 1525 1041 βασιλείοις
1547 1003 1595 1031 οὐκ
1618 1001 1719 1033 ἔδωκας
1742 1005 1785 1029 τόν
1811 1003 1890 1039 ἄρτον

1089 1051 1118 1078 οὐ
1128 1050 1199 1087 λήψῃ
1211 1052 1258 1080 τὴν
1272 1050 1374 1076 αἰώνιον
1386 1049 1465 1080 ζωὴν.

1125 1098 1150 1123 5.
1167 1095 1244 1122 Ἀλλὰ
1266 1097 1364 1124 πένητα
1391 1094 1474 1130 λέγεις
1499 1095 1604 1120 σαυτὸν·
1627 1092 1700 1130 κᾶγω
1722 1092 1885 1129 συντίθεμαι.

1090 1143 1172 1172 Πένης
1195 1141 1245 1178 γὰρ
1267 1139 1335 1166 ἐστιν
1365 1140 1377 1165 ὁ
1399 1139 1498 1166 πολλῶν
1523 1137 1622 1169 ἰνδτής.
1635 1138 1738 1165 Πολλῶν
1762 1135 1792 1164 δὲ
1821 1138 1890 1173 ὑμᾶς

1090 1184 1184 1215 ἐνδεεῖς
1198 1188 1267 1211 ποιεῖ
1290 1186 1319 1210 τὸ
1339 1188 1387 1215 τῆς
1408 1183 1547 1220 ἐπιθυμίας
1571 1183 1720 1220 ἀκόρεστον.
1740 1184 1801 1213 Τοῖς
1824 1180 1891 1208 δέκα

1089 1230 1225 1260 ταλάντοις
1252 1228 1317 1256 δέκα
1345 1230 1418 1266 ἕτερα
1443 1229 1613 1265 προστιθέναι
1641 1226 1803 1258 σπουδάζεις
1823 1227 1891 1262 (i3)'

1091 1273 1195 1302 ἐπειδὰν
1212 1276 1294 1301 εἶκοσι
1315 1276 1431 1310 γένηται,
1455 1273 1520 1300 ἄλλα
1541 1276 1657 1300 τοσαῦτα
1678 1272 1818 1305 ἐπιζητεῖς,
1846 1273 1893 1298 καὶ

1091 1319 1130 1346 ἀεί
1155 1329 1197 1346 σοι
1221 1321 1249 1346 τὸ
1271 1320 1482 1356 προστιθέμενον,
1504 1318 1568 1355 οὐχὶ
1589 1319 1635 1347 τὴν
1665 1318 1747 1355 ὁρμὴν
1772 1317 1892 1351 ἵστησιν,

1091 1364 1145 1391 ἀλλ’
1161 1364 1294 1401 ἀναφλέγει
1315 1365 1362 1393 τὴν
1387 1363 1478 1400 ὄρεξιν.
1501 1362 1601 1400 Ὠσπερ
1629 1363 1678 1400 γὰρ
1703 1365 1758 1393 τοῖς
1783 1363 1894 1398 μεθύου-

1092 1419 1133 1436 σιν
1149 1408 1250 1446 ὰφορμὴ
1266 1413 1311 1435 τοῦ
1326 1411 1406 1435 πίνειν
1426 1409 1441 1437 ἡ
1464 1408 1603 1446 προσθήκη
1619 1411 1665 1434 τοῦ
1690 1408 1758 1434 οἶνον
1779 1409 1890 1442 γίνεται,

1091 1455 1215 1482 οὕτωκαὶ
1235 1455 1259 1481 οἱ
1286 1453 1446 1487 νιόπλουτοι,
1470 1453 1552 1479 πολλὰ
1573 1453 1741 1489 κτησάμινοι,
1769 1451 1891 1478 πλειόνων

1091 1499 1260 1536 ἐπιθυμοῦσι,
1286 1503 1322 1535 τῷ
1348 1498 1387 1525 ἀεὶ
1408 1499 1602 1536 προστιθεμένῳ
1628 1500 1675 1527 τὴν
1701 1499 1776 1523 νόσον
1788 1499 1892 1534 τρέφον-

1089 1555 1140 1578 τες,
1157 1546 1202 1571 καὶ
1216 1545 1397 1582 περιτρέπεται
1412 1543 1501 1574 αὐτοῖς
1515 1543 1530 1572 ἡ
1554 1540 1658 1572 σπουδὴ
1682 1543 1747 1580 πρὸς
1765 1543 1794 1568 τὸ
1817 1541 1891 1567 ἐναν-

1089 1592 1154 1617 τίον.
1172 1589 1209 1616 Οὐ
1223 1590 1273 1626 γὰρ
1299 1588 1429 1625 εὐφραίνει
1452 1588 1547 1618 αὐτοὺς
1571 1588 1604 1614 τὰ
1633 1589 1748 1624 παρόντα
1773 1590 1893 1613 τοσαῦτα

1090 1637 1161 1669 ὅντα,
1187 1634 1246 1660 ὅσον
1262 1633 1320 1669 (14)
1346 1633 1422 1660 λυπεῖ
1449 1634 1481 1660 τὰ
1508 1630 1627 1659 ἐνδέοντα
1653 1632 1717 1669 ἅπερ
1745 1630 1774 1658 ἂν
1802 1631 1892 1662 αὐτοῖς

1090 1679 1210 1709 ἐλλείπειν
1235 1679 1392 1705 ὑπὸθωνται·
1425 1678 1492 1704 ὥστε
1515 1676 1555 1703 ἀεὶ
1590 1679 1637 1706 τὴν
1677 1676 1768 1712 ψυχὴν
1802 1674 1892 1706 αὐτοῖς

1089 1729 1147 1755 ταῖς
1174 1725 1310 1761 μερίμναις
1338 1722 1504 1756 ἐκτήκεσθαι,
1525 1724 1590 1759 πρὸς
1616 1723 1644 1747 τὸ
1667 1720 1823 1758 ὑπερϐάλλον
1843 1721 1890 1749 τὴν

1089 1768 1198 1805 ἅμιλλαν
1224 1769 1396 1804 ποιουμένοις.
1424 1768 1484 1793 Δέον
1507 1767 1557 1804 γὰρ
1584 1766 1678 1795 αὐτοὺς
1705 1765 1889 1802 εὐφραίνεσθαι

1088 1815 1133 1839 καὶ
1156 1814 1237 1850 χάριν
1262 1813 1342 1849 ἔχειν,
1368 1812 1497 1838 τοσούτων
1528 1813 1602 1841 ἀντας
1631 1809 1834 1847 εὐπορωτέρους
1864 1810 1890 1836 οἱ

1089 1856 1119 1884 δὲ
1135 1856 1299 1895 δυσφοροῦσι
1313 1859 1358 1883 καὶ
1374 1855 1527 1889 ὁδυνῶνται,
1542 1856 1582 1882 ὅτι
1598 1855 1652 1886 ἑνός
1662 1864 1711 1882 που
1727 1856 1741 1884 ἣ
1764 1853 1887 1891 δευτέρου

1087 1906 1138 1929 τῶν
1167 1901 1410 1940 ὑπερπλουτούντων
1435 1900 1664 1938 ἁπολιμπάνονται.
1695 1898 1774 1926 Ὀταν
1799 1903 1890 1925 τοῦτον

1088 1949 1131 1974 ιτὸν
1160 1947 1282 1974 πλούσιον
1311 1946 1509 1981 καταλάϐωσιν,
1540 1946 1616 1977 εὐθὺς
1642 1949 1678 1982 τῷ
1706 1945 1890 1982 πλουσιωτέρῳ

1088 1993 1272 2029 παρισωθῆναι
1287 1991 1471 2028 φιλονεικοῦσι·
1499 1990 1546 2018 κᾶν
1562 1989 1600 2017 ἐπ’
1624 1989 1716 2017 ἐκεῖνον
1741 1990 1888 2026 φθάσωσιν,

1088 2038 1129 2069 ἐπὶ
1144 2038 1188 2064 τὸν
1207 2036 1282 2063 ἄλλον
1305 2038 1351 2066 τὴν
1373 2034 1493 2065 σπουδὴν
1517 2037 1715 2073 μεταφέρουσιν.
1741 2033 1840 2072 Ὥσπερ
1865 2035 1890 2060 οἱ

1086 2083 1134 2113 τὰς
1161 2081 1290 2118 κλίμακας
1315 2080 1513 2115 ἀναϐαίνοντες,
1539 2080 1579 2106 ἀεὶ
1610 2081 1676 2118 πρὸς
1697 2082 1744 2109 τὴν
1772 2080 1891 2117 ὑπερκει-

1086 2128 1164 2164 μένην
1180 2124 1303 2163 βαθμίδα
1316 2128 1345 2153 τὸ
1369 2127 1444 2162 ἴχνος
1458 2127 1582 2163 αἴροντες,
1598 2124 1629 2151 οὗ
1648 2127 1771 2163 πρότερον
1797 2123 1889 2150 ἰσταν-

1085 2181 1130 2198 ται
1152 2174 1212 2209 πρὶν
1236 2169 1266 2197 ἂν
1292 2174 1339 2202 τῆς
1367 2171 1450 2208 ἄκρας
1481 2169 1627 2207 ἐφίκωνται·
1657 2170 1725 2196 οὕτω
1750 2172 1795 2196 καὶ
1817 2167 1890 2196 οὗτοι

1086 2215 1116 2244 οὗ
1131 2218 1257 2244 παύονται
1272 2220 1321 2248 τῆς
1340 2217 1408 2243 κατὰ.
1426 2218 1473 2246 τὴν
1498 2213 1655 2243 δυναστείαν
1675 2216 1767 2252 ὁρμῆς,
1785 2214 1832 2246 ἕως
1859 2211 1890 2240 ἂν

1136 2325 1179 2361 10)
1194 2324 1269 2354 Editi
1285 2325 1454 2361 ἄφεστήκασι.
1468 2323 1505 2353 At
1516 2323 1602 2361 multi
1612 2328 1690 2352 mss.
1706 2322 1840 2361 ἐφεστᾶσιι

1136 2327 1168 2354 10
1194 2326 1269 2354 Editi
1285 2326 1454 2361 ίφεστήκασι.
1468 2326 1505 2353 At
1516 2326 1602 2353 multi
1612 2328 1690 2352 mss.
1706 2326 1840 2360 ἐφεστᾶσιι

1123 2326 1180 2398 Elii
1191 2361 1274 2398 illud
1288 2361 1396 2398 Basilii,
1407 2363 1507 2398 πόσους
1522 2358 1759 2398 δξὺναται,οιο.,εἰο
1767 2367 1889 2398 expres-

1088 2395 1311 2425 sit'Ambrosius
1324 2397 1432 2425 eodem
1441 2396 1519 2424 libro
1530 2396 1568 2424 De
1575 2396 1656 2424 Nab.
1667 2403 1734 2431 cap.
1747 2395 1789 2423 13.
1802 2403 1888 2423 num.

1088 2435 1131 2462 56:
1145 2433 1244 2461 Totius
1256 2433 1348 2461 vitam
1354 2433 1462 2468 populi
1468 2435 1590 2467 poterat
1598 2432 1707 2460 annuli
1717 2431 1763 2459 :ui
1771 2438 1889 2466 gemma

1087 2476 1292 2545 se??$%olb._
1298 2504 1419 2545 primus
1431 2505 1478 2545 τὴν
1493 2503 1577 2545 οἰκίαν
1588 2502 1809 2539 cou.Aliquanto
1820 2504 1890 2539 post

1087 2548 1161 2568 mss.
1171 2539 1316 2568 nonnulli
1330 2543 1377 2570 τὴν
1392 2540 1498 2566 αἰωνίαν
1514 2539 1594 2570 ζωήν.
1736 2571 1739 2572 ν

1122 2575 1282 2614 (ηλβοιι).
1300 2576 1403 2614 terti-us
1418 2575 1484 2602 ἄλλα
1508 2575 1574 2614 δέκα
1587 2574 1701 2614 τάλαντα
1718 2574 1888 2614 προστιθέναι

1089 2609 1267 2648 quaedam":
1283 2612 1336 2648 qui
1351 2615 1463 2640 tamem
1487 2611 1585 2648 codex
1598 2618 1672 2648 mox
1681 2609 1777 2648 habet
1797 2609 1890 2648 ἕπιξη-

1087 2651 1140 2679 τοῖς
1154 2647 1160 2676 Ξ
1177 2655 1215 2676 ex
1224 2655 1286 2693 quo
1293 2645 1340 2682 'ﬁt,
1361 2649 1393 2688 ut
1408 2647 1554 2675 mendum
1568 2646 1667 2686 subsit
1679 2646 1711 2673 in
1725 2645 1792 2674 loco
1804 2645 1890 2672 alter-

1087 2685 1166 2719 utro.
1181 2685 1216 2711 Αι
1231 2683 1313 2712 (.olb.
1328 2691 1445 2719 primus
1458 2685 1585 2719 utroque
1600 2689 1632 2709 in
1645 2681 1714 2719 loco
1724 2688 1888 2709 numerum

1087 2718 1286 2755 multitudinis
1300 2716 1430 2755 praefert,
1445 2716 1642 2755 πονὸξᾶζετε...
1661 2716 1817 2748 ἑπιζητςῖτε.

1125 2755 1181 2789 (14)
1196 2754 1279 2784 Colb.
1293 2752 1412 2791 primus
1422 2752 1488 2781 ὅσον
1502 2752 1598 2782 ὀδυνᾶ.
