2029 3136
83 147 128 175 301

84 219 126 240 νας
139 211 196 239 ταῖς
219 207 351 238 δαπάναις
371 211 416 234 καὶ
437 209 630 245 μεγαλόψυχος.
646 212 739 243 Ποίων,
756 209 810 235 εἰπέ
824 219 878 246 μοι,
898 209 922 236 Α

85 258 174 291 καιρῶν
195 255 256 283 τοὺς
282 254 395 289 μισθοὺς
422 252 585 287 ἀπαιτήσεις,
602 258 650 280 τῶν
675 254 699 280 ἄν
726 258 756 290 τῇ
782 253 878 290 ζωῇ,ἣ

85 303 130 324 τῶν
150 299 216 334 μετὰ
237 300 284 326 τὴν
306 297 470 330 ἁποϐίωσιν;
488 298 554 324 Ἀλλ’
575 298 602 324 ὃν
624 300 668 334 μὲν
690 299 751 329 ἔζης
774 300 879 336 χρόνον,

85 341 275 371 καθηδυπαθῶν
294 346 340 368 τοῦ
368 341 429 378 βίον
444 344 488 368 καὶ
512 346 542 378 τῇ
566 347 649 379 τρυφῇ
667 341 802 380 διαρῤέων,
820 341 881 368 οὐδὲ

85 387 251 424 προσϐλέπειν
281 387 389 422 ἠνείχου
416 388 476 418 τούς
499 388 630 418 πένητας’
655 387 827 418 ἀποθανόντος
852 385 882 413 ὃὸ

85 434 144 458 ποία
157 434 202 468 μὲν
215 431 328 468 πρᾶξιςς
345 435 418 461 ποῖος
439 429 468 457 δέ
486 432 582 467 μισθὸς
597 431 722 469 ἔργασὶας
736 432 880 468 death-rat;

85 476 165 507 Δεῖξον
190 477 223 502 τὰ
246 477 318 512 ἔργα,
338 478 382 502 καὶ
406 475 510 502 ἀπαίτει
534 478 582 506 τὰς
607 475 795 508 ἀνταποδόσεις
814 477 880 512 (43).

85 519 177 551 Οὐδεὶς
205 522 271 557 μετὰ
303 523 333 546 τὸ
367 520 476 549 λυθῆναι
504 523 550 550 τὴν
580 524 725 558 πανήγυριν
756 531 882 558 πραγμα-

84 567 199 592 τιύεται·
225 564 287 592 οὐδὲ
311 567 376 602 μετὰ
400 567 459 596 τοὺς
484 565 584 602 ἀγῶνας
608 566 719 592 ἐπελθὼν
740 570 882 602 στεφανοῦ-

84 620 143 636 ταιν
165 608 228 637 οὐδὲ
252 609 318 646 μετά
341 612 402 641 τοὺς
428 610 556 646 πολέμους
586 609 815 647 ἀνδραγαθίζεται.
844 611 882 636 Οὐ

85 658 166 681 τοίνυν
189 654 251 681 οὐδὲ
274 657 340 691 μετὰ
362 658 409 684 τὴν
430 655 498 685 ζωὴν
524 657 593 681 ἔστιν
619 655 730 682 εὐσεϐεῖν
750 654 881 684 δηλονοτι.

86 703 133 727 Καὶ
147 701 206 736 (44)
226 702 275 737 γὰρ
299 700 324 726 ἐν
348 700 437 736 με’λανι
460 702 504 726 καὶ
528 701 666 737 γράμμασι
690 700 881 737 ammon/757,12:

85 747 130 776 τὰς
151 745 278 775 ιύποιὶας.
299 747 345 774 Τίς
368 743 411 771 οὖν
436 744 568 780 ἀναγγελεῖ
592 755 634 771 σοι
655 748 698 771 τὸν
726 747 816 782 καιρὸν
836 749 884 775 τῆς

85 788 172 821 ἐξόδου
185 798 192 823 ς
206 792 247 820 τίς
261 789 391 824 ἐγγυητὴς
406 791 480 815 ἔσται
499 794 545 815 τοῦ
570 792 667 826 τρόπον
682 794 729 820 τῆς
743 790 864 820 τελευτῆς
876 798 882 823 ;

86 837 164 860 Πόσοι
186 835 236 860 ὑπὸ
254 833 348 870 βιαίων
367 833 577 870 ἀτηρττάσθησαν
595 836 805 870 συμπτωμάτων,
823 833 884 860 οὐδὲ

85 881 166 916 φωνὴν
187 878 266 915 ῥῆξαι
287 880 504 915 σνγχωρηθέντες
516 880 566 905 ὑπὸ
581 883 626 905 τοῦ
646 880 764 913 πάθονς;
783 881 885 910 Πόσους

84 926 191 960 πυρετὸς
213 923 332 952 ἐποίησιν
357 925 500 960 ἔκφρονας
520 926 551 950 Τί
566 922 609 950 οὖν
633 923 765 960 ἀναμένεις
783 926 883 960 καιρὸν,

84 967 109 994 ἰν
129 969 147 994 ὧ
170 967 295 999 πολλάκις
313 966 374 1001 οὐδε
396 973 445 994 τῶν
469 968 599 1004 λογισμῶν
623 969 668 1005 ἔσῃ
696 973 745 994 τῶν
775 973 884 995 σεαυτοῦ

85 1014 190 1050 κύριοςς
205 1012 260 1043 Νὺξ
281 1011 385 1049 βαθεῖα,
402 1015 447 1038 καὶ
470 1015 548 1043 νόσος
570 1012 674 1050 βαρεῖα,
691 1014 736 1038 καὶ
752 1013 764 1038 ὁ
781 1012 884 1049 βοηθῶν

85 1056 202 1094 οὐδαμοῦ
215 1067 221 1074 ·
244 1060 290 1083 καὶ
305 1058 317 1082 ό
333 1055 475 1093 ἐφεδρεύων
499 1061 536 1092 τῷ
558 1057 645 1094 κλήρῳ
667 1058 777 1094 ἕτοιμος,
800 1059 886 1084 πάντα

85 1102 148 1140 πρὸς
182 1104 212 1128 τὸ
247 1101 330 1137 ἐαυτῷ
363 1104 499 1139 χρήσιμον
533 1100 730 1138 διοικούμενος,
763 1103 885 1138 ἄπρακτα

86 1147 195 1183 σοι
217 1151 297 1172 ποιῶν
322 1147 355 1172 τὰ
380 1145 556 1183 βουλεύματα.
580 1145 644 1172 Εἶτα
667 1146 886 1183 περιϐλεψάμενος

84 1190 135 1219 ὧδε
158 1193 204 1218 καὶ
227 1190 288 1225 ὧδε,
306 1193 350 1217 καὶ
376 1189 438 1217 ἰδὼν
459 1193 506 1220 τὴν
521 1192 700 1229 περιεστῶσαν
721 1201 749 1217 σι
764 1191 883 1229 ἐρημίαν,

83 1239 139 1262 τότε
152 1236 270 1272 αἰσθήσῃ
288 1239 336 1266 τῆς
350 1235 472 1266 ἀϐουλίας
485 1245 491 1252 η
507 1238 565 1262 τότε
581 1235 711 1267 στενάξεις
725 1238 771 1264 τήν
785 1237 883 1269 ἄνοιαν,

84 1281 120 1312 ei;
141 1282 195 1307 οῖον
218 1282 308 1316 καιρόν
330 1279 466 1316 ἑταμιεύου
479 1281 538 1315 (46)
552 1282 599 1309 τήν
623 1279 735 1313 ἐντολὴν,
752 1280 792 1306 ὅτε
808 1281 822 1309 ἡ
839 1282 884 1316 μὲν

82 1325 190 1361 γλῶσσα
211 1328 342 1361 παρεῖται,
360 1325 374 1353 ἡ
401 1323 430 1350 δὲ
454 1327 514 1362 χεὶρ
534 1325 682 1362 ὑπότρομος
706 1323 759 1354 ἤδη
775 1324 884 1351 κλονου-

83 1372 143 1406 μένη
174 1373 234 1401 ταῖς
262 1369 418 1402 σννολκαῖς,
449 1371 483 1399 ὡς
517 1372 581 1398 μήτε
609 1373 677 1405 φωνῇ
707 1372 769 1405 μήτε
797 1370 884 1406 γράμ-

83 1425 149 1451 μασι
164 1413 331 1451 διασημῆναι
341 1414 398 1449 (4-7)
411 1416 458 1443 τὴν
470 1417 586 1450 γνώμην.
600 1417 692 1440 Καίτοι
705 1414 727 1440 ιί
742 1417 786 1440 καὶ
801 1424 886 1440 παντα

83 1464 197 1496 φανερῶς
211 1459 364 1496 ἐγέγραπτο,
381 1461 425 1485 καὶ
440 1462 513 1485 πᾶσα
537 1461 605 1494 φωνή
633 1457 782 1496 ὃιαῤῥήδην
804 1462 884 1488 κεκή-

81 1513 172 1540 ρυκτο,
195 1503 218 1530 ἓν
240 1504 352 1540 ’γράμμα
373 1504 523 1540 παρεντεθὲν
549 1504 635 1529 ἱκανὸν
651 1501 681 1532 ἧν
697 1506 783 1529 πᾶσαν
803 1513 884 1540 μετα-

82 1552 194 1578 ποιῆσαι
208 1551 254 1577 τήν
269 1551 375 1584 γνώμην
388 1558 394 1564 ·
411 1550 460 1584 μία
475 1550 587 1584 σφραγὶς
600 1549 821 1585 παραποιηθείσα,
837 1546 884 1574 δύο
904 1561 924 1587 η

81 1594 97 1622 ἣ
114 1597 182 1630 τρεῖς
197 1594 327 1630 μάρτυρες
339 1591 439 1626 ἄδικοι,
452 1592 508 1619 ὅλον
521 1591 551 1618 ἂν
564 1594 607 1618 τόν
622 1592 716 1629 κλῆρον
730 1592 766 1628 ἐφ’
783 1592 884 1629 ἐτέρους

83 1640 251 1674 μιτήνεγκαν.

731 146 876 175 HOMlLlA
895 145 929 179 ΓΝ
950 144 1095 175 DlVlTES.

1705 149 1757 177 302

937 208 1027 236 Multa
1036 208 1088 236 tibi
1098 208 1257 236 debebitur
1267 209 1363 244 gratia
1371 208 1410 237 ob
1422 209 1668 245 muniﬁcentiam,
1675 210 1760 246 quod

935 253 966 280 in
982 253 1120 289 sepulcro
1133 253 1237 289 jacens
1257 256 1287 281 et
1304 253 1335 281 in
1352 255 1460 282 terram
1476 254 1635 288 resolutus,
1649 255 1714 290 jam
1728 254 1760 283 in

937 298 1109 333 sumptibus
1124 297 1270 326 faciendis
1292 298 1395 333 largus
1417 299 1563 326 exstiteris
1585 301 1674 335 atque
1697 307 1761 328 ma-

936 342 1110 376 gnanimus.
1125 342 1177 370 Dic
1191 343 1278 376 mihi,
1294 351 1408 378 quaeso,
1424 351 1628 379 quarumnam
1647 346 1762 380 tempo-

935 394 1002 414 rum
1021 387 1193 415 mercedem
1208 395 1364 424 exposces,
1380 395 1524 415 eorumne
1534 387 1645 424 quibus
1656 388 1763 422 vixisti,

937 439 974 458 an
992 439 1097 459 eorum
1111 439 1178 468 quas
1189 433 1259 468 post
1270 434 1397 459 mortem
1409 435 1511 460 secuta
1522 432 1614 460 sunt?
1630 431 1688 460 Sed
1702 439 1763 468 quo

936 478 1072 512 tempore
1087 477 1222 511 vivebas,
1237 477 1444 513 voluptatibus
1461 476 1526 504 vitae
1539 477 1658 505 deditus
1668 479 1697 505 et
1711 477 1764 505 de-

936 519 1012 548 liciis
1028 521 1178 555 difﬂuens,
1195 529 1232 549 ne
1246 521 1381 557 aspicere
1401 521 1524 557 quidem
1546 529 1659 556 egenos
1674 523 1764 549 susti-

937 565 1042 599 nuisti;
1053 566 1117 601 jam
1133 568 1235 594 autem
1247 574 1388 602 quaenam
1405 566 1483 594 actio
1496 568 1539 594 est
1552 566 1682 594 mortui?
1696 574 1765 602 quae

938 617 1059 646 quoque
1075 611 1173 646 operis
1184 618 1300 638 merces
1314 610 1442 638 debetur
1452 611 1465 638 ?
1480 611 1609 639 Ostende
1624 618 1727 647 opera,
1738 613 1768 638 et.

938 661 1062 690 reposce
1081 655 1365 683 remunerationem.
1380 654 1474 683 Nemo
1494 655 1600 683 solutis
1623 655 1768 685 nundinis

938 699 1107 733 negotiatur
1116 708 1122 727 :
1132 707 1230 735 neque
1242 699 1293 736 qui
1303 701 1372 735 post
1379 699 1546 727 certamina
1554 699 1678 730 accedit,
1686 707 1769 728 coro-

939 746 1045 771 natur:
1063 751 1162 780 neque
1173 744 1223 780 qui
1236 746 1304 780 post
1319 744 1444 778 bellum,
1456 744 1571 772 famam
1587 744 1702 772 strenui
1714 743 1770 772 viri

939 790 1029 824 atque
1044 788 1172 823 gloriam
1183 788 1365 825 assequitur.
1378 790 1478 825 Neque
1489 788 1579 824 igitur
1592 791 1662 824 post
1675 788 1769 817 vitam

938 831 1021 860 locus
1029 832 1106 860 ullus
1112 834 1159 860 est
1166 833 1284 869 pietatis
1292 833 1464 861 excolendae
1470 856 1474 861 .
1480 835 1652 862 Atramento
1660 834 1771 862 scilicet

905 885 925 912 Β
941 884 976 904 ac
988 877 1098 905 tabulis
1112 877 1175 905 fore
1190 880 1216 905 te
1225 877 1408 906 beneﬁcium
1424 878 1583 914 polliceris.
1597 879 1652 911 Qui
1668 881 1770 907 autem

941 921 1132 950 annuntiabit
1143 922 1195 950 tibi
1204 923 1300 951 exitus
1312 923 1450 960 tempus?
1460 923 1529 959 quis
1538 923 1656 958 generis
1665 924 1770 952 mortis

941 974 1074 1002 sponsor
1087 967 1160 995 erit?
1174 968 1252 1000 Quot
1267 967 1402 996 violentis
1418 967 1540 996 casibus
1561 968 1678 1004 abrepti
1690 972 1770 1003 sunt,

940 1010 1052 1047 quibus
1061 1019 1099 1039 ne
1108 1020 1212 1040 vocem
1223 1012 1348 1049 quidem
1359 1013 1448 1040 edere
1458 1020 1511 1049 per
1519 1012 1661 1041 morbum
1669 1013 1771 1042 licuit?

941 1056 1018 1087 Quot
1038 1057 1138 1083 mente
1162 1055 1241 1092 lapsi
1262 1059 1332 1085 sunt
1354 1064 1408 1093 per
1428 1057 1561 1085 febrim?
1583 1057 1659 1090 Quid
1682 1057 1772 1093 igitur

940 1102 1100 1136 exspectas
1116 1102 1246 1136 tempus,
1257 1100 1287 1128 in
1307 1109 1368 1137 quo
1379 1100 1560 1137 plerumque
1572 1102 1697 1130 rationis
1708 1110 1771 1131 non

940 1144 1000 1172 eris
1020 1145 1172 1180 compos?
1196 1144 1269 1172 Cum
1291 1145 1426 1173 videlicet
1440 1145 1496 1173 erit
1519 1146 1674 1181 profunda
1695 1154 1768 1181 nox,

941 1189 1067 1217 morbus
1092 1189 1193 1224 gravis
1208 1197 1299 1217 nemo
1321 1197 1463 1226 usquam,
1479 1190 1531 1226 qui
1555 1190 1698 1226 adjuvet:
1715 1191 1771 1219 sed

941 1236 1064 1270 paratus
1075 1241 1110 1261 ac
1121 1233 1288 1269 expeditus,
1296 1234 1348 1270 qui
1358 1234 1524 1262 btereditati
1534 1234 1701 1269 insidietur,
1709 1235 1769 1263 dis-

940 1279 1075 1314 pensans
1090 1278 1194 1306 omnia
1205 1278 1235 1306 in
1247 1286 1312 1306 rem
1328 1286 1426 1312 suam,
1438 1287 1473 1306 ac
1487 1279 1614 1307 consilia.
1625 1281 1677 1307 tua
1686 1279 1771 1308 irrita

940 1322 1063 1350 faciens.
1081 1322 1191 1351 Deinde
1216 1323 1272 1358 61
1297 1322 1441 1358 conjectis
1455 1323 1514 1351 huc
1536 1325 1565 1351 et
1579 1323 1648 1351 illuc
1663 1324 1768 1358 oculis,

940 1367 1187 1404 circumstantem
1209 1370 1235 1395 te
1260 1367 1454 1396 solitudinem
1480 1369 1683 1405 conspiciens,
1698 1371 1769 1397 tunc

940 1412 1125 1440 dementiam
1138 1415 1220 1440 tuam
1230 1412 1389 1448 intelliges;
1399 1415 1469 1441 tunc
1479 1413 1595 1449 legibus
1604 1414 1768 1449 stultitiam,

940 1457 1022 1492 quod
1037 1459 1222 1493 praeceptum
1235 1457 1386 1485 distuleris
1401 1458 1432 1486 in
1445 1458 1503 1486 hoc
1520 1460 1647 1494 tempus,
1660 1467 1720 1495 quo
1737 1461 1769 1487 ut

939 1501 1042 1537 lingua
1057 1501 1224 1534 resolvitur,
1237 1502 1276 1530 ita
1291 1510 1402 1530 manus
1419 1502 1546 1531 tremula
1559 1503 1768 1532 contractioni-

940 1547 998 1574 bus
1018 1546 1083 1582 jam
1099 1549 1331 1583 conquassatur,
1348 1547 1390 1575 sic
1411 1549 1442 1576 ut
1459 1555 1559 1584 neque
1572 1556 1654 1580 voce,
1668 1556 1766 1585 neque

938 1591 1040 1619 litteris
1055 1591 1171 1627 aperire
1188 1591 1324 1619 animum
1338 1600 1443 1628 queas.
1465 1594 1528 1620 Imo
1550 1592 1667 1621 etiamsi
1688 1593 1767 1621 clare

938 1636 1049 1672 scripta
1064 1639 1166 1664 essent
1176 1637 1289 1671 omnia,
1300 1637 1445 1673 omnique
1455 1645 1514 1666 vox
1528 1638 1659 1666 dilucide
1672 1646 1766 1666 enun-

78 1682 213 1717 tiaretur,
235 1685 340 1710 tamen
361 1689 423 1710 una
437 1681 534 1711 littera
555 1681 732 1718 interposita
756 1689 847 1710 omne
860 1683 948 1710 tuum
965 1680 1125 1709 consilium
1145 1683 1350 1710 transmutare
1373 1685 1496 1718 posset;
1516 1683 1641 1711 unicum
1660 1683 1763 1712 itidem

77 1726 213 1762 sigillum
228 1725 442 1762 adulteratum,
458 1726 520 1755 duo
534 1729 587 1756 aut
602 1729 661 1756 tres
677 1726 815 1755 scelerati
827 1728 928 1760 testes,
944 1728 1039 1754 totam
1055 1725 1093 1754 ad
1107 1725 1183 1754 alios
1198 1726 1393 1755 transferrent
1406 1727 1623 1756 hereditatem.

114 1773 142 1799 9.
163 1773 196 1798 Tt
212 1769 255 1797 οὖν
268 1773 373 1798 σεαυτὸν
390 1771 529 1807 ἐξαπατᾷς,
544 1775 587 1797 νὺν
603 1773 648 1808 μιν
662 1775 749 1802 κακῶς
764 1771 799 1802 εἰς
814 1770 881 1796 ἀπό-

71 1815 175 1843 λαυσιν
203 1816 300 1853 σαρκὸς
326 1817 367 1842 τὸν
396 1816 506 1843 πλοῦτον
533 1814 730 1852 διατιθέμενος,
758 1815 881 1851 ἐπαγ-γελ-

74 1860 185 1897 λόμενος
207 1858 236 1886 δὲ
258 1860 294 1892 εἰς
315 1861 421 1898 ὕστερον
445 1861 478 1886 ὧν
503 1861 589 1887 οὐκέτι
613 1861 654 1897 ἕνῃ
681 1862 788 1897 κύριος;
804 1860 847 1891 Ὠς
869 1860 881 1885 ό

74 1905 153 1940 λόγος
177 1903 269 1939 ἔδειξε,
295 1907 396 1942 πονηρὰ
417 1906 432 1935 ἡ
457 1904 538 1942 βονλὴ
553 1926 560 1933 .
584 1905 635 1935 ζῶν
661 1906 716 1941 μὶν,
742 1903 882 1931 ἀπολαύσω

74 1954 127 1975 τῶν
152 1948 273 1979 ἡδονῶν·
288 1949 424 1976 ἀποθανὼν
448 1947 487 1983 δὲ,
513 1949 604 1987 πράξω
627 1950 660 1975 τὰ
682 1947 880 1986 διατεταγμένα.

67 1995 149 2031 ’Ἒρεῖ
171 1996 217 2020 καὶ
241 1996 283 2021 σοὶ
305 1993 442 2032 Ἀϐραάμι
467 1993 606 2025 Ἀπέλαϐες
628 1995 662 2020 τὰ
687 1993 773 2029 ἀνοιθοὶ
792 2003 838 2021 σου
858 1992 883 2019 ἐν

79 2041 112 2074 τῇ
140 2038 194 2074 ζωῇ
221 2048 278 2065 σου.
297 2038 334 2064 Οὐ
351 2037 460 2074 δέχεταί
477 2048 505 2064 σι
526 2039 541 2067 ἡ
567 2041 640 2067 στενὴ
664 2041 709 2065 καὶ
730 2037 882 2074 τεθλιμμένη

76 2080 152 2116 ὁδός,
176 2084 220 2108 τόν
241 2084 318 2118 ὄγκον
343 2087 390 2109 τοῦ
412 2082 524 2109 πλούτου
549 2085 584 2118 μὴ
611 2081 792 2118 ἀποτιθέμενον
817 2082 884 2117 (48).

78 2127 223 2157 Βαστάξων
247 2127 325 2153 αὑτὸν
353 2126 478 2158 ἇξῆλθιςο
506 2129 542 2163 μὴ
571 2128 621 2164 γὰρ
652 2126 816 2164 ἀπέρῤιψας,
851 2127 886 2157 ὡς

76 2172 280 2208 προσστάχθης,
301 2171 362 2198 ’Ότε
386 2172 457 2206 ἔζης,
489 2173 597 2198 σεαυτὸν
623 2175 670 2202 τῆς
695 2171 797 2202 ἐντολῆς
817 2181 886 2208 προ-

76 2217 170 2247 στίθης
183 2227 188 2232 -
204 2217 270 2252 μετὰ
293 2217 335 2242 τὸν
362 2217 469 2243 θάνατον
484 2218 529 2242 καὶ
551 2218 597 2245 τὴν
621 2214 753 2249 διάλυσιν,
767 2218 824 2242 τότε
838 2217 885 2245 τὴν

75 2260 185 2290 ἐντολήν
206 2266 256 2287 τῶν
279 2260 380 2298 ἐχθρῶν
405 2263 593 2298 προετίμησας.
618 2260 674 2288 Ἵνα
696 2262 746 2298 ’γὰρ
767 2263 802 2297 μὴ
818 2260 884 2297 λάϐῃ

74 2307 88 2331 ό
114 2304 211 2339 δεῖνα,
236 2306 353 2340 λαϐέτω,
380 2309 478 2343 φησὶν,
505 2307 517 2332 ὁ
543 2307 652 2343 Κύριος.
678 2308 728 2332 Καὶ
756 2309 832 2332 τοῦτο
860 2307 886 2332 τί

73 2351 212 2386 εἴπωμεν,
236 2349 337 2388 ἰχθροιν
363 2351 482 2387 ἄμυναν,
510 2351 524 2380 ἡ
550 2354 596 2376 τοῦ
620 2350 730 2379 πλησίον
762 2349 885 2386 ἀγάπην,

75 2394 228 2431 ’Δνάγνωὺί
269 2404 316 2421 σου
360 2396 408 2426 τὰς
454 2394 599 2426 διαθήκας.
643 2394 800 2431 Ἐϐουλόμην
842 2397 887 2431 μὲν

114 2468 141 2486 ³⁴
164 2469 236 2496 Luc.
257 2476 318 2502 xv1,
338 2470 383 2497 25.

116 2550 178 2586 (43)
199 2550 270 2585 Reg.
283 2549 403 2586 primus
414 2547 498 2586 ὁξεῐξον
511 2550 561 2585 γὰρ
578 2549 649 2585 ἔργα,
665 2551 710 2574 καὶ
725 2546 827 2586 ἀπαίτει
843 2549 888 2579 τὰς

77 2583 255 2616 ὼιὲιδὸσειςῖ
263 2583 379 2621 V'ocem
389 2583 519 2618 δηλονότι,
531 2583 600 2621 φ]ίὲ
610 2583 683 2612 mox
697 2584 841 2620 sequitur,
853 2592 890 2611 ex

76 2621 190 2648 multis
206 2621 359 2648 veteribus
373 2620 458 2648 libris
472 2620 657 2648 addidimus.

118 2657 177 2691 (44)
199 2656 287 2691 Illud,
300 2659 345 2682 καὶ
363 2657 424 2695 γάρ,
438 2656 468 2695 in
482 2655 584 2695 multis
600 2664 671 2695 m_ss.
684 2662 749 2695 non
762 2654 889 2695 legitur;

78 2695 297 2727 praetereaque
316 2694 389 2719 nota
407 2691 650 2726 interrogationis
673 2691 772 2727 posita
794 2693 839 2718 est
860 2691 891 2718 in

78 2727 277 2763 quibusdam
293 2727 447 2763 codicibus
462 2730 531 2763 post
546 2735 652 2755 vocem
668 2727 794 2763 εὐποιίας.

120 2764 180 2799 (45)
201 2762 234 2791 In
251 2763 334 2791 Coll).
346 2762 433 2791 tertio
448 2761 503 2799 pro
520 2772 562 2789 σοι
581 2763 727 2798 scriptum
741 2761 892 2789 invenitur

82 2807 147 2826 σου.

971 1770 996 1798 9.
1019 1769 1096 1802 Quid
1108 1769 1200 1805 igitur
1216 1772 1243 1798 te
1257 1771 1322 1807 ipse
1346 1771 1471 1808 decipis,
1483 1780 1564 1800 nunc
1585 1772 1709 1809 quidem
1723 1773 1763 1801 ad

935 1814 1035 1842 carnis
1050 1813 1236 1850 voluptatem
1249 1823 1323 1851 opes
1333 1816 1413 1844 male
1428 1815 1623 1853 dispensans,
1636 1817 1762 1854 promit-

936 1861 1002 1887 tens
1015 1859 1157 1895 autemjn
1168 1861 1323 1895 posterum
1335 1868 1403 1897 quae
1414 1868 1507 1897 penes
1522 1864 1549 1890 te
1559 1870 1621 1890 non
1631 1863 1763 1899 amplius

936 1906 1022 1931 erunt
1033 1905 1045 1929 ἵ
1061 1905 1190 1932 Pravum
1205 1907 1260 1939 est,
1275 1907 1307 1933 ut
1321 1913 1357 1933 ex
1372 1905 1459 1934 dictis
1474 1908 1564 1942 patet,
1579 1906 1660 1936 istud
1677 1910 1763 1936 tuum

937 1947 1116 1976 consilium:
1133 1948 1251 1983 Vivens,
1276 1949 1359 1977 fruar
1381 1950 1607 1988 voluptatibus;
1626 1954 1764 1981 mortuus

937 1995 1049 2025 autem,
1066 2000 1213 2029 exsequar
1228 1996 1348 2022 statuta.
1370 1994 1451 2023 Dicet
1464 1997 1493 2023 et
1517 1995 1568 2024 tibi
1588 1996 1762 2026 Abraham:

937 2038 1084 2072 Recepisti
1105 2037 1181 2066 bona
1201 2041 1255 2067 tua
1276 2039 1306 2067 in
1322 2040 1385 2068 vita
1399 2043 1453 2068 tua
1463 2041 1497 2068 ³⁸.
1515 2043 1579 2069 Non
1599 2042 1724 2078 suscipit
1737 2045 1765 2071 te

939 2084 1071 2117 angusta
1084 2082 1134 2110 via
1146 2085 1175 2110 et
1189 2086 1282 2117 arcta,
1298 2092 1367 2112 cum
1387 2084 1499 2113 molem
1513 2093 1574 2113 non
1590 2085 1766 2122 deposueris

938 2126 1120 2154 divitiarum.
1144 2126 1244 2155 Exiisti
1259 2135 1332 2164 opes
1347 2131 1480 2163 gestans,
1494 2137 1549 2157 nec
1562 2130 1642 2158 enim
1657 2138 1720 2165 eas,
1734 2133 1767 2159 ut

936 2170 1040 2206 jussus
1054 2179 1097 2204 es,
1110 2171 1273 2207 projecisti.
1292 2173 1397 2205 Quoad
1411 2173 1520 2207 vixisti,
1536 2176 1563 2202 te
1577 2174 1643 2210 ipse
1658 2177 1767 2211 praetu-

903 2239 925 2265 D
939 2215 997 2264 iisti
1018 2216 1182 2265 mandato:
1199 2218 1337 2244 mortuus
1351 2225 1423 2246 vero
1445 2226 1480 2246 ac
1501 2218 1678 2254 dissolutus,
1694 2222 1768 2249 tunc

940 2259 1068 2287 inimicis
1083 2262 1271 2296 praeceptum
1284 2262 1493 2298 anteposuisti.
1510 2263 1626 2291 Etenim
1640 2272 1677 2292 ne
1688 2265 1767 2293 acci-

940 2304 1002 2341 piat
1012 2305 1104 2334 homo
1114 2305 1172 2342 ille,
1185 2306 1324 2343 accipiat,
1335 2307 1442 2344 inquit,
1452 2308 1606 2337 Dominus.
1618 2311 1684 2339 Iam
1697 2318 1769 2339 vero

940 2349 972 2378 id
986 2358 1048 2386 quo
1062 2351 1186 2380 nomine
1208 2352 1441 2389 appellabimus,
1455 2353 1688 2384 inimicorumne
1703 2356 1769 2385 vin-

941 2394 1065 2431 dictam,
1076 2403 1115 2424 an
1127 2395 1320 2425 dilectionem
1334 2398 1485 2433 proximi?
1501 2400 1576 2435 Lege
1587 2402 1672 2429 tuum
1683 2402 1771 2431 testa-
1786 2400 1789 2402 ’

981 2547 1168 2589 (i6)_Eod_e_m
1193 2547 1243 2589 illo
1266 2548 1296 2576 in
1316 2549 1397 2589 libro
1422 2559 1477 2588 pro
1504 2550 1641 2589 ἐταμιεύουγ
1664 2552 1773 2588 legitur

944 2582 1097 2622 ἰταμιξρσω.
1115 2584 1173 2611 Nec
1194 2584 1238 2622 ita
1262 2585 1357 2614 multa
1380 2582 1450 2622 post
1473 2582 1773 2617 mss.'Combeti§iani

943 2618 1002 2649 ταῖς
1016 2618 1118 2655 ῥλκαῖς.
1141 2622 1177 2647 At
1191 2621 1260 2655 Reg.
1280 2618 1423 2650 tertius-et
1438 2622 1521 2651 Colb.
1538 2624 1642 2652 itidem
1667 2625 1771 2653 tertius

945 2657 974 2682 et
988 2654 1059 2682 editi
1075 2659 1131 2686 ταῖς
1148 2654 1294 2687 σννολιὲαῖς,

981 2691 1038 2752 ἳϊῖ)
1059 2691 1141 2718 Unus
1156 2692 1251 2719 codex
1264 2693 1333 2727 Heg.
1345 2694 1482 2729 γράμματι
1498 2692 1681 2732 διασημαίνειν
1696 2697 1771 2725 Mox.

947 2727 985 2754 C0
999 2725 1028 2753 Ι).
1047 2727 1160 2754 Drimlls
1176 2726 1342 2754 ἐκιχήονκτο.

1022 2746 1028 2753 ι
1048 2737 1160 2756 primus
1176 2737 1342 2756 εκιχηονκτο.

981 2733 1028 2753 ιιι).
1047 2733 1160 2761 primus
1176 2733 1342 2763 εκιχήρνκτο.

981 2762 1038 2801 (48)
1059 2761 1257 2801 Editietlteg.
1274 2764 1377 2801 tertius
1389 2763 1553 2801 ἀποθέμενον.
1566 2767 1601 2794 At
1612 2766 1774 2795 Colbertini

946 2798 1063 2832 primus
1077 2799 1106 2826 et
1121 2798 1225 2826 tertius
1242 2798 1432 2835 ἀποτιθέμενον.
