2029 3136
217 129 268 156 343

898 127 927 155 S.
956 127 1080 156 BASlLll
1099 128 1209 156 MAGNI

1845 133 1899 160 344

216 194 297 224 tum;
329 191 484 227 quomodo
519 190 690 227 spiritualia
722 190 812 226 longe
843 190 973 226 puritate
1006 197 1040 217 ac

1103 192 1210 227 ζόμενον,
1238 195 1293 223 πῶς
1314 192 1343 218 ἂν
1365 191 1398 218 τὰ
1420 202 1510 226 νοητα,
1527 196 1651 219 τοσοῦτον
1674 195 1837 231 καθαρότητι
1852 197 1898 221 καὶ

215 235 371 264 sanctitate
386 238 554 271 prostantis,
568 244 768 264 communem
785 243 853 263 cum
877 234 956 262 malo
973 234 1042 262 sub-

215 281 379 309 sistentiam
394 280 598 309 habuissent?
623 281 681 309 Sed
699 283 800 308 tamen
816 279 933 307 malum
946 282 1000 312 est,
1016 280 1044 307 et

214 326 259 353 vis
273 326 336 361 ejus
350 326 381 353 id
396 333 456 353 non
472 333 580 361 parum
600 333 654 362 per
666 333 790 353 omnem
806 325 899 352 vitam
914 323 1044 352 diffundi

214 371 411 399 demonstrat.
429 370 512 398 Unde
527 378 600 405 ergo
622 370 716 398 habet
731 370 814 406 quod
830 372 884 404 est,
901 369 926 397 si
945 376 1045 405 neque

214 415 362 452 principio
386 417 498 449 careat,
513 415 623 451 inquit,
640 423 740 451 neque
764 415 879 443 factum
906 422 942 442 ac
965 421 1046 442 crea-

214 463 279 488 tum
296 460 354 488 sit?

251 508 276 533 6.
299 506 434 534 Vicissim
461 505 688 540 interrogentur
710 505 763 541 qui
788 504 860 532 talia
886 505 1044 540 quaerunt:

216 551 299 579 Unde
316 551 438 578 morbi?
452 551 533 578 unde
558 551 697 586 corporis
710 549 815 577 oblmsi
828 549 923 577 vitia?
945 550 1045 584 Neque

216 596 296 623 enim
321 596 447 623 morbus
472 596 626 623 increatus
651 597 704 628 est,
721 602 822 630 neque
844 594 935 622 etiam
959 592 1046 628 Opiﬁ-

217 640 297 667 cium
315 640 373 668 Dei.
393 640 449 668 Sed
464 642 564 668 creata
579 639 705 676 quidem
727 642 797 666 sunt
815 638 960 666 animalia
975 645 1044 665 cum

217 685 413 712 conveniente
426 684 483 712 sibi
499 687 649 712 structura
664 683 833 711 secundum
845 685 996 717 naturam,
1010 689 1046 710 ac

217 729 341 764 integris
356 729 566 765 absolutisque
579 729 725 756 membris
738 728 877 764 prodiere
887 727 918 755 in
927 727 1045 759 lucem;

220 774 273 801 sed
294 776 395 802 tamen
420 775 641 808 mgrotaverunt
665 781 680 800 e
694 772 825 801 naturali
841 774 919 800 statu
934 773 1046 800 emota.

219 819 452 846 Amittuntenim
470 819 631 846 sanitatem
647 820 699 846 aut
713 821 836 854 propter
848 817 969 845 diaetam
984 825 1047 845 ma-

1095 236 1218 272 ἁγιασμῷ
1242 235 1407 273 διαφέροντα,
1423 239 1509 267 κοινὴν
1529 237 1559 263 ἂν
1587 239 1650 273 ἔσχε
1675 240 1740 274 πρὸς
1765 239 1794 265 τδ
1817 241 1897 265 κακόν

1095 282 1142 309 τὴν
1172 281 1335 315 inoo-rotatu;
1365 281 1440 308 Ἀλλά
1468 284 1520 318 μὴν
1549 283 1605 308 ἔστι
1630 284 1659 308 τὸ
1691 284 1781 316 κακον,
1808 285 1854 310 καὶ
1880 284 1896 313 ἠ

1096 323 1208 361 ἐνέργεια
1223 324 1340 353 δείκνυσι
1361 327 1426 353 πολὺ
1451 327 1519 353 κατὰ
1544 330 1589 353 τοῦ
1615 326 1676 363 βίου
1696 331 1793 359 παντὸς
1815 337 1898 364 κεχυ-

1096 371 1180 406 μένον.
1206 371 1287 397 Πόθεν
1313 369 1356 397 οὖν
1383 371 1453 406 αὐτῷ
1476 373 1506 397 τὸ
1538 370 1611 405 εἶναι,
1637 371 1658 398 εἰ
1685 374 1752 408 μήτε
1780 368 1896 409 ἄναρχον

1097 413 1163 450 ἐστι,
1178 417 1255 450 φησὶ,
1269 418 1335 452 μήτε
1351 418 1512 449 πεποίηται;

1133 507 1159 533 6.
1179 504 1431 542 Ἀντςρωτάσθωσαν
1453 506 1478 532 οἱ
1498 506 1532 532 τὰ
1559 509 1668 532 τοιαῦτα
1688 505 1878 538 ἀπιζητοῦντες
1891 518 1898 524 -

1098 551 1177 576 Πόθεν
1200 552 1274 576 νόσοι
1288 550 1366 588 (θέλῃ
1391 551 1467 577 πόθεν
1483 551 1510 576 αἱ
1533 553 1665 587 πηρώσεις
1689 554 1735 577 τοῦ
1755 554 1897 587 σώματος;

1098 593 1165 620 Οὒτε
1178 595 1227 630 γὰρ
1252 594 1389 630 ἀγέννητος
1413 596 1427 624 ἡ
1453 597 1539 630 νόσος,
1555 594 1613 621 οὒτε
1635 597 1686 631 μὴν
1708 594 1901 632 δημιούργημα

1097 642 1143 665 τοῦ
1165 643 1242 666 Θεοῦ.
1256 638 1322 666 Ἀλλ’
1343 638 1450 668 ἐκτισῦη
1473 642 1524 676 μὴν
1545 640 1577 666 τὰ
1602 640 1657 670 ζῶα
1678 641 1744 676 μιτά
1765 643 1813 676 τῇς
1835 650 1901 677 πρε-

1097 685 1199 714 πούσης
1222 683 1312 715 αὐτοῖς
1337 689 1502 715 κατασκευῆς
1534 685 1602 710 κατά
1633 686 1720 720 φύσιν,
1753 687 1798 711 καὶ
1835 695 1903 723 παρ-

1098 729 1171 764 ήχθη
1188 730 1244 763 (65)
1260 730 1325 765 πρὸς
1344 731 1388 758 τὴν
1415 729 1484 759 ζωήν
1507 728 1688 765 ἀπηρτισμένα
1711 733 1766 760 τοῖς
1785 729 1900 766 pass-tv,

1099 772 1206 802 ἐνόσησε
1229 771 1258 799 δὲ
1281 777 1326 800 τοῦ
1351 774 1419 799 κατὰ
1445 775 1521 810 φύσιν
1544 775 1756 811 παρατραπέντα.
1781 773 1902 805 Ἐξίστα-

1098 827 1143 844 ται
1167 819 1218 854 γὰρ
1246 822 1293 849 τῆς
1323 819 1420 854 ὑγιείας
1441 820 1456 847 ἣ
1484 817 1532 844 διὰ
1554 819 1671 855 πονηρὰν
1700 816 1802 845 δίαιταν
1823 821 1838 848 ἣ
1864 817 1902 845 δι’

218 863 292 894 lam.
300 867 351 891 aut
363 872 415 899 per
425 871 642 900 quamcunque
649 863 739 891 aliam
751 871 818 899 qua;
824 862 966 890 morbum
977 861 1047 889 affe-

1103 860 1270 891 ἠσὸηποτοῡν
1285 866 1423 890 νοσοποιοῡ
1451 863 1538 894 αἰτίας
1554 863 1619 899 (66).
1636 863 1737 889 Οὐκοῦν
1762 866 1837 900 σῶμα
1856 865 1902 899 μὲν

219 910 265 935 rat
277 916 413 936 causam.
430 909 506 943 Ergo
522 915 633 943 corpus
657 907 769 935 creavit
789 909 878 941 Deus,
894 914 956 934 non
969 914 1047 935 mor—

218 952 293 980 bum
307 962 313 986 ;
328 955 356 980 et
371 953 507 980 animam
529 960 653 988 quoque
668 951 738 980 fecit
760 953 848 987 Deus,
865 959 927 980 non
942 959 1048 988 pecca-

221 999 284 1024 tum
297 1005 303 1024 :
322 997 424 1024 vitiata
436 999 538 1024 tamen
551 999 597 1024 est
612 996 728 1030 anima,
740 1004 756 1024 e
766 995 895 1024 naturali
906 997 986 1024 statu
996 996 1049 1023 de-

218 1041 473 1077 jecta.Quodnam
485 1043 586 1068 autem
597 1043 661 1069 erat
671 1041 730 1075 ipsi
738 1040 1050 1077 prmeipuumbonum

220 1086 315 1114 illud?
328 1086 488 1113 Adhaerere
500 1086 660 1121 Deo,eique
672 1093 726 1121 per
736 1085 913 1113 charitatem
924 1086 1050 1121 conjun-

221 1131 249 1166 gi
263 1139 268 1157 :
287 1139 304 1158 a
317 1138 380 1166 qua
395 1130 446 1157 ubi
462 1130 581 1163 excidit,
594 1130 686 1158 variis
697 1129 813 1157 morbis
825 1138 860 1157 ac
871 1129 995 1157 diversis
1005 1130 1049 1157 vi-

220 1176 293 1203 tiata
304 1178 358 1203 est.
370 1175 447 1208 Quid
459 1177 503 1202 est
518 1177 621 1202 autem
637 1174 719 1210 quod
730 1174 856 1202 omnino
867 1174 939 1202 mali
952 1182 1050 1211 capax

221 1220 279 1248 sit?
295 1220 444 1253 Quoniam
454 1219 581 1256 prmdita
594 1221 639 1247 est
651 1219 745 1247 libero
756 1219 891 1252 arbitrio,
902 1219 985 1255 quod
996 1227 1050 1247 na-

220 1267 294 1293 turae
308 1265 432 1292 rationis
448 1264 581 1300 compoti
601 1264 659 1300 79
684 1263 817 1292 maxime
831 1264 978 1299 congruit.
997 1265 1049 1292 So-

219 1310 283 1337 luta
297 1317 430 1345 namque
446 1309 547 1336 anima
563 1309 741 1336 necessitate
751 1308 846 1342 omni,
860 1308 1049 1344 liberamque

220 1356 249 1381 et
258 1354 287 1381 in
299 1361 354 1381 sua
363 1355 512 1389 potestate
523 1353 613 1380 sitam
622 1353 716 1380 vitam
727 1361 745 1380 a
757 1352 917 1380 Conditore
933 1352 1048 1385 sortita,

220 1397 304 1434 quod
315 1398 353 1425 ad
365 1397 414 1425 Dei
426 1396 590 1431 imaginem
603 1396 682 1424 facta
694 1397 741 1430 sit,
752 1396 867 1424 bonum
875 1397 999 1433 quidem
1007 1395 1050 1424 in-

221 1442 323 1477 telligit
332 1442 460 1478 ejusque
469 1441 692 1477 jucunditatem
704 1441 802 1469 novit:
815 1443 844 1469 et
854 1440 928 1468 dum
943 1448 1050 1477 specu-

218 1486 273 1514 lari
283 1486 409 1517 bonum.
420 1493 455 1514 ac
466 1485 676 1522 spiritualibus
691 1485 750 1513 frui
767 1487 949 1521 perseverat.
963 1488 993 1513 ut
1005 1486 1050 1514 fa-

1101 909 1222 934 ἔκτισενὸ
1239 909 1312 941 Θεὸς,
1330 908 1393 943 οὐχὶ
1413 910 1488 934 νόσον
1501 928 1508 935 .
1531 910 1576 934 καὶ
1588 907 1680 943 ψυχὴν
1702 909 1788 934 τοίνυν
1808 907 1902 937 ἐποίη-

1102 962 1143 978 σεν
1159 953 1171 978 ὁ
1187 954 1262 986 Θεὸς,
1279 952 1343 988 ούχὶ
1359 951 1388 978 δὲ
1403 952 1532 990 ἁμαρτίαν
1545 962 1552 969 ·
1568 952 1686 981 ἐκακώθη
1713 950 1742 979 δὲ
1766 953 1780 981 ἠ
1805 952 1898 988 ψυχή,

1101 1000 1302 1034 παρατραπεῖσα
1323 1000 1368 1023 τοῦ
1397 998 1465 1023 κατά
1492 998 1579 1033 φύσιν.
1606 999 1637 1023 Τί
1661 995 1691 1023 δὲ
1723 995 1753 1026 ἦν
1778 996 1842 1033 αύτῇ
1871 998 1902 1023 τὸ

1101 1043 1294 1078 προηγούμενον
1319 1041 1435 1078 ἀγαθόν;
1468 1045 1488 1068 ΙΙ
1514 1039 1672 1079 προσεδρεία
1691 1045 1736 1067 τοῦ
1761 1045 1838 1075 Θεοῦ,
1857 1043 1903 1068 καὶ

1102 1087 1117 1115 ἡ
1148 1084 1196 1112 διὰ
1221 1090 1269 1117 τῆς
1297 1085 1400 1122 ἀγαπης
1426 1087 1568 1122 συνάφεια⁸
1598 1086 1630 1116 ἧς
1658 1085 1816 1119 ἐκπεσοῦσα,
1845 1089 1902 1116 τοῖς

1102 1130 1230 1162 ποικίλοις
1251 1133 1295 1157 καὶ
1318 1130 1492 1168 πολυτρόποις
1520 1132 1577 1164 (67)
1605 1130 1810 1167 ἀρρωστήμασιν
1838 1129 1903 1156 ἑκα-

1103 1175 1186 1204 κώθη.
1208 1175 1255 1202 Διά
1275 1176 1301 1201 τί
1325 1173 1354 1202 δὴ
1375 1175 1439 1206 ὅλως
1463 1173 1570 1204 δεκτικὴ
1596 1179 1641 1201 τοῦ
1664 1178 1764 1208 κακοῡ;
1790 1175 1838 1201 Διὰ
1858 1176 1903 1204 τὴν

1104 1219 1270 1250 αὗτεξούσιον
1297 1218 1387 1257 ὁρμὴν,
1410 1219 1526 1256 μάλιστα
1551 1221 1701 1256 πρέπουσαν
1733 1218 1824 1255 λογικῇ
1852 1220 1904 1255 φύ-

1105 1274 1154 1291 σει.
1180 1263 1310 1300 Λελυμὲνη
1339 1265 1392 1301 γὰρ
1412 1264 1501 1294 πάσης
1527 1262 1653 1300 ἀνάγκης,
1681 1265 1725 1290 καὶ
1749 1264 1903 1301 αὐθαίρετον

1106 1308 1175 1339 ζωὴν
1198 1307 1315 1334 λαϐοῦσα
1339 1306 1411 1345 ποίρά
1434 1312 1480 1334 τοῦ
1506 1318 1655 1342 κτισαντος,
1672 1306 1719 1334 διὰ
1739 1309 1768 1334 τὸ
1792 1307 1848 1334 κατ’
1870 1307 1906 1334 εἰ-

1104 1355 1167 1379 κόνα
1190 1353 1347 1389 γεγενῆσθαι
1363 1357 1440 1387 Θεοῦ,
1456 1357 1509 1380 νοεῖ
1529 1354 1574 1389 μὶν
1597 1355 1626 1379 τὸ
1648 1352 1755 1389 ἀγαθὸν,
1769 1355 1814 1379 καὶ
1833 1350 1905 1379 οἶδεν

1105 1399 1185 1424 αὑτοῦ
1204 1400 1251 1427 τὴν
1267 1397 1422 1433 ἀπόλαυσιν,
1437 1400 1483 1424 καί
1499 1399 1555 1434 ἔχει
1579 1397 1697 1429 ἐξουσίαν
1716 1399 1761 1424 καὶ
1781 1395 1904 1434 δύναμιν,

1106 1442 1263 1478 ἐπιμένουσα
1286 1446 1317 1479 τῇ
1345 1446 1390 1469 τοῦ
1414 1442 1494 1469 καλοῦ
1520 1443 1615 1479 θεωρίᾳ
1637 1444 1682 1468 καί
1703 1446 1734 1478 τῇ
1763 1441 1906 1468 ἀπολαύσει

1105 1491 1155 1513 τῶν
1188 1491 1296 1520 νοητῶν,
1319 1485 1509 1523 διαφυλάσσειν
1539 1487 1621 1517 αὐτῆς
1649 1489 1695 1516 τὴν
1730 1488 1798 1512 κατὰ
1827 1487 1906 1522 φύσιν

219 1531 360 1559 cultatem
370 1526 609 1567 potestatemque
619 1530 711 1558 habet
719 1538 791 1563 suae,
800 1538 868 1566 quae
880 1530 1047 1558 secundum

1108 1532 1177 1562 ζωήν
1189 1542 1194 1548 ·
1213 1533 1269 1567 ἔχει
1284 1530 1313 1558 δὲ
1337 1531 1456 1563 ἐξουσίαν
1475 1533 1520 1557 καὶ
1536 1530 1679 1558 ἀπονεῦσαι
1702 1540 1764 1558 ποτε
1784 1535 1831 1557 τοῦ
1855 1540 1906 1557 κα-

219 1578 362 1604 naturam
387 1577 440 1607 est,
457 1575 524 1602 vita:
545 1574 776 1610 conservandae,
793 1575 835 1602 ita
857 1583 981 1611 quoque
996 1583 1050 1611 po-

219 1622 357 1648 testatem
372 1620 464 1647 habet
478 1618 652 1647 declinandi
665 1618 832 1655 aliquando
846 1626 864 1646 a
878 1619 970 1647 bono.
989 1619 1051 1647 Hoc

220 1668 321 1693 autem
337 1665 362 1692 ci
376 1665 536 1699 contingit,
553 1672 622 1692 cum
637 1664 727 1692 beata
750 1663 950 1692 delectatione
966 1672 1051 1693 exsa-

219 1710 303 1742 tiata,
319 1712 347 1737 et
357 1709 439 1737 velut
452 1717 562 1745 sopore
577 1708 715 1744 quodam
727 1710 865 1743 gravata,
877 1712 905 1737 et
920 1716 938 1737 a
948 1716 1051 1745 super-

219 1755 266 1782 nis
295 1754 444 1788 diiabens,
470 1754 670 1782 fruendarum
696 1753 830 1789 turpium
858 1754 1051 1790 voluptatum

219 1807 312 1827 causa
328 1807 393 1827 sese
407 1799 490 1827 carni
505 1798 711 1827 admiscuerit.

255 1847 282 1872 7.
304 1846 371 1873 Erat
390 1843 556 1881 aliquando
570 1843 667 1871 Adam
679 1844 709 1871 in
726 1844 878 1880 supernis,
893 1851 956 1872 non
970 1843 1049 1878 loco,

219 1889 272 1916 sed
288 1889 402 1923 animo,
414 1897 483 1916 cum
500 1888 602 1916 statim
613 1890 737 1924 accepta
752 1888 864 1922 anima,
883 1888 1051 1925 erectisque

219 1933 250 1961 in
266 1933 376 1960 cretum
391 1933 496 1968 oculis,
513 1932 605 1960 rebus
618 1932 786 1969 conspectis
802 1932 889 1960 valde
905 1932 1052 1961 exhilara-

221 1980 279 2008 tus,
293 1977 481 2014 diligensque
497 1977 629 2004 maxime
647 1977 786 2004 datorem
800 1976 981 2011 beneﬁcum,
999 1977 1052 2014 qui

220 2022 312 2050 vitam
327 2025 470 2050 aeternam
482 2021 642 2050 fruendam
655 2022 793 2056 largitus,
809 2021 925 2050 locarat
940 2031 1010 2050 eum
1021 2023 1051 2051 in

221 2067 334 2095 deliciis
347 2067 492 2104 paradisi,
509 2067 622 2103 quique
638 2069 709 2103 post
723 2067 867 2095 traditum
887 2067 914 2096 ei
926 2068 1052 2104 perinde

221 2114 253 2140 ut
268 2112 382 2148 angelis
406 2111 782 2151 principatumtet‘t‘ecerat
795 2113 898 2148 ipsum
913 2112 1051 2147 ejusdem
1077 2134 1079 2142 ι

220 2166 289 2186 cum
301 2158 411 2186 archan
417 2157 489 2193 gelis
501 2157 598 2185 victus
609 2157 796 2194 participem,
809 2159 837 2185 et
847 2157 931 2185 vocis
942 2157 1051 2185 divinae

1105 1575 1161 1603 λοῦ.
1177 1579 1259 1603 Τοῦτο
1283 1575 1313 1603 6“:
1337 1576 1474 1613 συμϐαίνει
1498 1576 1575 1612 αὐτῇ,
1592 1577 1663 1609 ὅταν,
1688 1577 1764 1612 κόρον
1786 1575 1907 1602 λαϐοῦσα

1105 1625 1152 1651 τῆς
1170 1622 1302 1658 μακαρίας
1330 1621 1452 1658 τέρψεως,
1476 1623 1523 1647 καὶ
1545 1619 1597 1646 οἷον
1619 1624 1760 1657 νυσταγμῷ
1783 1630 1834 1646 τινι
1857 1619 1907 1656 βα-

1104 1666 1228 1703 ρυνθεῖσα
1253 1668 1298 1692 καὶ
1317 1665 1477 1703 ἀπορρυεῖσα
1497 1669 1547 1692 τῶν
1569 1666 1675 1698 ἄνωθεν,
1691 1669 1722 1701 τῇ
1748 1667 1826 1702 σαρκὶ
1842 1663 1900 1698 διὰ,

1104 1712 1151 1742 τὰς
1164 1710 1280 1748 αἰσχράς
1293 1715 1343 1737 τῶν
1356 1708 1457 1740 ἡδονῶν
1473 1709 1630 1742 ἀπολαύσεις
1646 1709 1794 1746 ἀναμιχθῇ.

1140 1847 1166 1873 7.
1187 1845 1235 1871 Ἦν
1247 1854 1309 1872 ποτε
1323 1845 1336 1871 ὁ
1350 1843 1437 1881 Ἀδὰμ
1452 1845 1513 1878 ἅνω,
1526 1844 1555 1871 ού
1566 1845 1647 1880 τόπῷ,
1664 1843 1728 1871 ἀλλὰ
1741 1848 1771 1880 τῇ
1787 1846 1908 1880 προαιρέ-

1107 1898 1156 1923 σει,
1180 1889 1231 1922 ὅτε,
1256 1890 1317 1926 ἄρτι
1343 1889 1478 1925 ψυχωθεὶς
1500 1891 1545 1915 καὶ
1568 1888 1714 1925 ἀναϐλὲψας
1737 1890 1802 1925 πρὸς
1830 1889 1907 1925 ούρα-

1105 1935 1146 1959 νὸν
1162 1935 1230 1969 (68),
1244 1936 1392 1971 περιχαρὴς
1421 1937 1476 1965 τοῖς
1499 1934 1638 1971 ὁρωμένοις
1661 1936 1802 1969 γενόμενος,
1826 1934 1906 1970 ὑπερ-

1107 1982 1213 2014 αγαπῶν
1236 1980 1280 2004 τὸν
1302 1979 1447 2016 εὐεργέτην,
1473 1979 1543 2009 ζωῆς
1566 1980 1611 2014 μὲν
1635 1978 1740 2004 αἰωνιου
1761 1977 1907 2004 ἀπόλαυσιν

1105 2024 1294 2059 χαρισάμενον,
1311 2026 1421 2060 τρυφαῖς
1445 2021 1474 2049 δὲ
1493 2021 1658 2060 παραδείσου
1682 2022 1905 2056 ἔναναπαὺσαντα,

1107 2066 1194 2104 ἀρχὴν
1210 2065 1239 2093 δὲ
1259 2065 1340 2093 δόντα
1358 2068 1426 2093 κατὰ
1439 2069 1486 2096 τήν
1507 2071 1558 2093 τῶν
1574 2067 1696 2103 ἀγγέλων,
1712 2069 1758 2093 καὶ
1773 2066 1907 2103 ἀρχαγγέ-

1106 2111 1160 2143 λοις
1188 2112 1265 2138 αὐτὸν
1289 2114 1436 2141 ποιήσαντα
1464 2110 1626 2148 ὁμοδίαιτον,
1647 2114 1693 2137 καὶ
1720 2115 1805 2147 φωνῆς
1835 2112 1906 2142 Θείας

1107 2156 1237 2193 ἀκροατὴν
1252 2166 1257 2173 ·
1281 2156 1323 2182 ἐπὶ
1346 2159 1413 2182 πᾶσι
1442 2157 1544 2187 τούτοις
1567 2156 1810 2192 ύπερασπιζόμενος
1835 2157 1908 2192 παρὰ

220 2204 407 2232 auditorem:
433 2204 542 2239 praeter
567 2202 632 2229 haec
657 2202 759 2230 omnia
780 2204 931 2238 protectus
946 2210 964 2230 a
979 2203 1047 2244 Deo,

1108 2205 1184 2235 Θεοῦ,
1210 2203 1255 2227 καὶ
1280 2200 1416 2227 ἀπολαύων
1442 2205 1491 2228 τῶν
1516 2202 1595 2227 αὐτοῦ
1617 2201 1720 2236 ἀγαθῶν
1743 2201 1811 2236 (69),
1835 2201 1907 2236 ταχὺ

219 2249 345 2283 ejusque
359 2247 448 2275 bonis
462 2246 581 2281 fruitus,
596 2247 698 2274 statim
711 2249 828 2274 stamen
844 2246 891 2274 his
907 2247 1047 2275 omnibus

1106 2247 1207 2272 πάντων
1224 2245 1407 2279 ἀναπλησθεὶς,
1423 2255 1468 2272 και
1490 2245 1543 2273 ὀίον
1566 2245 1706 2283 ἐξυϐρίσας
1723 2249 1760 2280 τῷ
1781 2247 1859 2281 χορῷ,
1877 2246 1906 2271 τό

220 2294 417 2325 exsaturatus,
442 2293 470 2319 ct
492 2300 553 2327 prze
579 2291 715 2325 satietae,
737 2291 825 2327 quasi
850 2291 1048 2325 conviciatus,
1075 2296 1077 2334 ξ

219 2337 303 2373 quod
315 2336 432 2364 carneis
440 2335 929 2371 oculisjucundumvidebaturﬂd
939 2337 1049 2371 prmtu-
1076 2338 1078 2373 ξ

1104 2294 1159 2322 τοῖς
1184 2293 1317 2328 σαρκίνοις
1343 2290 1484 2327 ὀφθαλμοῖς
1509 2291 1583 2326 φανὲν
1608 2292 1714 2328 τερπνὸν
1738 2293 1784 2317 τοῦ
1811 2293 1906 2318 νοητοῦ

1103 2337 1260 2372 τροετίμησε
1283 2335 1401 2371 κάλλους,
1419 2337 1463 2361 καὶ
1485 2336 1532 2364 τὴν
1555 2333 1707 2370 πλησμονὴν
1723 2338 1771 2365 τῆς
1789 2335 1907 2370 γαστρὸς

219 2358 252 2410 lit
267 2380 414 2417 spirituali
429 2358 665 2416 pulchritudine,
683 2388 718 2408 ac
734 2380 844 2408 ventris
860 2358 1048 2408 salturlitatem
1076 2358 1078 2374 ἀ

257 2456 313 2498 (64)
336 2461 410 2489 Edill
431 2462 507 2487 ποθεν
529 2461 557 2486 αἱ
579 2461 661 2498 νόσοι,
679 2458 762 2487 Colb.
779 2459 894 2495 primus
918 2460 995 2486 πόθεν
1008 2469 1048 2486 νο-

221 2497 272 2526 σοι.
291 2498 345 2526 Alii
360 2499 490 2533 quatuor
502 2504 575 2523 mss.
590 2497 666 2522 ποθεν
681 2497 768 2533 νόσος,

256 2530 406 2568 (65)Regii
430 2533 546 2568 primus
571 2533 599 2559 et
623 2530 776 2559 secundus
792 2533 820 2558 et
840 2530 921 2568 Colb.
939 2530 1044 2559 tertius

219 2567 393 2601 κατασκευῆς,
408 2567 452 2594 και
472 2569 539 2594 κατά
565 2568 641 2602 φύσιν
657 2568 808 2603 παρήχθον,
822 2567 878 2594 ΑΙῙί
895 2569 952 2594 tres
968 2575 1043 2594 mss.

219 2607 248 2632 ei.
258 2605 327 2632 editi
340 2608 504 2634 κατασκευῆς
518 2604 586 2639 κατὰ
601 2603 688 2638 φύσιν,
706 2605 750 2628 καὶ
763 2603 903 2639 παρήχθη,

255 2641 309 2674 (66)
327 2640 400 2667 Editi
415 2641 430 2669 ἡ
448 2638 485 2665 δι’
500 2638 668 2667 ἁσδηποτοῦν
689 2640 843 2669 νοσοποιοὺς
864 2638 960 2668 αἰτίας,
984 2638 1044 2666 An-

219 2675 293 2712 tiqui
309 2676 370 2702 dno
383 2675 451 2702 libri
465 2675 543 2712 utin
557 2676 705 2712 contextu.

253 2708 309 2747 (67)
331 2713 446 2739 Veteres
485 2711 547 2738 duo
584 2710 652 2738 libri
687 2709 815 2742 ποικίλοις
843 2711 887 2736 καὶ
916 2708 1044 2736 πολυπλό-

216 2757 271 2778 τοις
291 2757 332 2778 ἀρ.

251 2774 406 2819 (ἇς8)“(]ο]ῐ).
433 2782 550 2819 primus
577 2782 614 2813 εἰς
635 2782 752 2819 οὐρανόν.
777 2781 949 2821 Aliquando
972 2782 1044 2818 post

1077 2376 1152 2406 ἱτῶν
1194 2384 1374 2416 πνευματικῶν
1419 2378 1585 2406 ἀπολαύσεων
1627 2380 1783 2416 τιμιωτέραν
1823 2379 1905 2406 ἔθετο.

1103 2459 1183 2495 idem
1199 2458 1296 2487 codex
1312 2457 1391 2486 δόντα
1406 2460 1452 2489 τὴν
1467 2463 1527 2486 τῶν.
1540 2457 1655 2487 Ibidem
1679 2459 1810 2495 quatuor
1829 2466 1906 2487 mss.

1099 2497 1145 2521 καὶ
1160 2494 1277 2531 ἀγγέλοις
1293 2496 1382 2523 αὑτὸν,

1134 2529 1305 2567 (69)Ἐάὶιίο
1330 2530 1424 2559 Paris.
1440 2529 1681 2567 ὑπερασπιζόμενος
1696 2531 1844 2567 πρ-οςΔΘίοῡ
1860 2531 1906 2567 καὶ

1099 2564 1266 2603 ἀπολαύσεων
1281 2568 1352 2603 ταχὺ
1368 2567 1469 2593 πάντων
1488 2564 1790 2603 ’ἀναπ).ησθείς.ᾼΕᾴἱϋο
1816 2565 1904 2603 Dasil.

1099 2601 1252 2635 ἀπολαύωνς
1277 2600 1385 2630 caetera
1407 2609 1480 2629 vero
1502 2603 1535 2629 ut
1555 2609 1658 2636 supra.
1678 2600 1762 2628 Colb.
1787 2601 1905 2636 primus

1099 2638 1346 2674 ὑπερασπαζόμενος
1361 2639 1424 2664 Θεὸν
1445 2639 1490 2663 καὶ
1511 2636 1646 2663 ἀπολαύων
1669 2637 1702 2662 τὰ
1725 2639 1843 2673 Χριστοῦ
1859 2638 1905 2662 καὶ

1097 2672 1199 2708 πάντων
1220 2672 1406 2704 ἀναπλησθεις.
1431 2672 1503 2707 Reg.
1525 2672 1629 2701 tertius
1654 2672 1904 2708 ὑπερασπαζόμενος

1099 2707 1156 2744 Θεῷ
1174 2711 1218 2734 καὶ
1234 2708 1378 2745 ἀπολαύων,
1396 2709 1477 2745 ταχύ,
1492 2711 1548 2736 etc.
1565 2709 1635 2742 Reg.
1654 2707 1807 2744 secundus
1826 2707 1857 2738 ut
1872 2707 1904 2737 in

1098 2746 1250 2774 contextu.
