2029 3136
73 120 124 148 3-ίὸ
484 116 566 145 HOM.
588 116 684 149 QUOD
705 113 795 142 DEUS
823 111 894 140 NON

73 181 136 213 Ἕξω
155 181 201 217 μὶν
221 179 298 211 εὐθὺς
315 178 346 208 ἦν
367 182 414 205 τοῦ
432 177 607 215 παραδείσου,
624 178 670 209 ἔξω
696 176 725 204 δὲ
743 180 790 207 τῆς
815 185 867 212 μα-
887 175 911 201 Α

73 228 161 263 καρίας
191 224 292 255 ἐκείνης
321 222 477 259 διαγωγῆς,
499 223 545 249 οὐκ
570 223 597 254 ἐξ
626 222 740 253 ἀνάθκης
768 222 866 252 κακὸς,

74 270 123 297 ἀλλ’
149 269 174 301 ἒξ
203 268 336 302 ἀϐουλίας,
359 270 503 304 γενόμενος.
529 269 581 294 Λιά
605 271 680 293 τοῦτο
702 269 747 292 καὶ
770 267 869 302 ἦμαρτι

73 316 114 352 μὶν
142 312 189 341 διὰ
213 313 364 350 μοχθηρὰν,
389 314 551 349 προαίρεσιν,
575 311 685 338 ἀπέθανε
704 309 734 337 δὲ
755 309 802 336 διὰ
823 312 870 338 τὴν

74 361 218 397 ἁμαρτίαν·
246 359 284 385 Τὰ
308 359 358 394 γὰρ
387 357 486 393 ὀψώνια
515 362 562 388 τῆς
591 357 720 394 ἁμαρτίας
750 357 868 386 θάνατος’

73 405 148 431 Ὀσον
167 405 219 441 γὰρ
245 402 372 439 ἀφίστατο
396 406 443 433 τῆς
464 403 543 435 ζωῆς,
560 405 684 428 τοσοῦτον
706 400 871 437 «parur/ig:

73 454 106 485 τῷ
126 450 237 484 θανάτῳ.
253 449 310 475 Ζωὴ
327 447 377 483 γὰρ
400 447 413 473 6
436 448 521 477 Θεός-
540 448 662 483 στέρησις
685 444 715 472 δὲ
729 450 777 475 τῆς
801 445 871 475 ζωῆς

75 495 189 524 Θάνατος.
213 492 294 519 ’Ὥστε
317 491 399 526 ἐαυτῷ
423 492 466 517 τὸν
492 491 600 517 θάνατον
622 491 635 517 ὁ
651 489 739 526 Ἀδὰμ
757 487 803 516 διὰ
823 492 871 518 τῆς

73 538 268 575 ἀναχωρήσεως
290 540 337 563 τοῦ
364 539 431 562 Θεοῦ
455 536 650 568 κατεσκεύασε,
676 536 744 561 κατὰ
771 535 801 560 τὸ
826 542 871 569 γε-

73 584 236 620 γραμμένον,
265 583 305 607 ὅτι
332 579 403 608 Ἰδοὺ
432 581 455 606 οὶ
485 582 656 616 μακρύνοντες
685 579 792 609 ἑαυτοὺς
820 577 871 604 ἀπὸ

74 631 130 660 σοῦ,
157 625 324 653 ἀπολοῦνται.
348 625 438 656 Οὕτως
462 625 526 660 οὐχὶ
551 626 616 654 Θεὸς
641 626 728 650 ἔκτισε
753 624 870 650 θάνατον.

73 671 127 698 ἁλλ’
150 672 225 707 ἡμεῖς
254 670 355 700 ἑαυτοῖς
384 669 412 695 ἐκ
439 672 555 705 πονηρᾶς
583 671 689 705 γνώμης
718 668 872 694 ἐπισπασά-

72 717 147 753 μιθα.
174 715 213 741 Οὐ
237 717 289 751 μὴν
314 712 376 740 οὐδὲ
400 713 515 740 ὶκὼλυσε
538 715 585 742 τὴν
610 711 732 739 διάλυσιν
756 711 803 739 διά
825 713 873 742 τὰς

72 761 260 798 προειρημένας
279 759 375 791 αἰτίας,
399 758 439 784 ἶνα
464 760 499 794 μὴ
527 757 653 784 ἀθάνατον
677 758 739 794 ἡμῖν
762 759 810 786 τήν
829 756 873 793 ἀῤ-

72 806 187 843 ῥωστίαν
213 802 378 840 διατηρήσῃ.
393 802 494 840 Ὠσπερ
510 801 540 828 ἀν
557 804 578 828 πῖ
596 812 636 832 τις
661 806 751 833 σκεῦος
766 801 873 830 πήλινον

74 848 194 886 διαρρυὲν
214 851 250 885 μὴ
275 846 453 884 καταδέχοιτο
478 845 644 884 παραδοῦναι
667 848 742 883 πυρὶ,
769 848 815 876 ἔως
843 845 873 871 ἂν
893 849 914 876 Β

74 895 101 920 τὸ
121 893 270 928 ὶνυπιὶρχον
294 892 365 927 αὐτῷ
388 892 470 922 πάθος
487 889 533 918 διὰ
553 895 602 922 τῆς
616 890 784 921 ἀνακλάσεως
800 890 873 921 ὶξιά-

76 947 149 964 σαιτο
172 937 239 973 (70).
266 936 343 964 Ἀλλά
368 934 415 963 διὰ
437 938 462 962 τί
482 935 529 961 οὐκ
555 935 581 962 ἂν
609 939 640 971 τῇ
665 939 813 971 κατασκευῇ
843 936 873 960 τὸ

74 981 252 1019 ἀναμάρτητον
281 982 414 1017 ἔσχομεν,
441 982 540 1016 φησὶν,
562 981 629 1006 ὥστε
653 977 722 1015 μηδὲ
747 978 874 1016 βουλομέ-

75 1036 125 1057 νοις
139 1027 203 1062 ἡμῖν
219 1026 348 1062 ὑπάρχειν
372 1027 402 1052 τὸ
417 1025 592 1062 ἁμαρτάνειν;
615 1024 675 1051 Ὀτι
698 1027 743 1050 καὶ
760 1026 792 1050 σὺ
812 1025 873 1054 τοὺς

76 1071 184 1103 οἰκέτας,
204 1070 258 1106 οὐχ
281 1071 341 1097 ὃταν
367 1067 494 1106 δεσμίους
514 1071 590 1106 ἔχῃς,
615 1071 704 1100 εὔνους
724 1067 874 1104 ὑπολαμϐά-

74 1125 131 1148 νεις,
149 1115 206 1141 ἀλλ’
221 1116 281 1141 ὃταν
303 1114 428 1144 ἑκουσίως
451 1112 515 1150 ἴδῃς
541 1113 756 1150 ἀποπληροῦντάς
778 1123 820 1139 σοι
841 1114 875 1138 τὰ

76 1161 229 1189 καθήκοντα.
258 1161 308 1186 Καὶ
325 1163 382 1194 eaq)
404 1161 489 1185 τοίνυν
514 1158 543 1184 οὐ
566 1159 595 1184 τὸ
619 1159 813 1194 ἠναγκασμένον
829 1160 874 1193 φί-

76 1205 124 1237 λον,
141 1204 206 1230 ἀλλὰ
231 1205 260 1230 τὸ
285 1204 313 1235 ἐξ
336 1203 430 1241 ἀρετῆς
448 1204 663 1239 κατορθούμενον.
678 1203 767 1240 Ἀρετὴ
795 1201 825 1229 6":
846 1201 875 1228 ἔκ

76 1250 258 1285 προαιρέσεως,
282 1250 328 1274 καὶ
351 1247 398 1274 οὐκ
419 1247 447 1279 ἐξ
469 1247 586 1283 ἀνάγκης
603 1249 715 1283 γίνεται.
745 1249 875 1284 Προαίρε-

78 1303 115 1325 σις
137 1291 167 1320 δὲ
187 1297 237 1319 τῶν
256 1292 292 1329 ἔφ’
309 1293 372 1328 ἡμῖν
397 1294 520 1329 ἤρτηταὶ.
537 1294 571 1318 T6
588 1290 618 1318 δὲ
642 1291 678 1328 ἐν’
692 1293 755 1328 ἡμῖν
774 1291 830 1317 ἐστι
845 1292 874 1317 τὸ

76 1338 251 1369 αὐτεξούσιον,
276 1336 305 1362 Ὀ
335 1338 420 1362 τοίνυν
445 1339 607 1373 μεμφόμενος
634 1338 677 1362 τὸν
704 1338 816 1365 ποιητὴν
841 1337 876 1366 ὡς

76 1385 109 1419 μὴ
145 1386 263 1418 φυσικῶς
295 1382 530 1407 κατασκιυάσαντα
562 1382 632 1417 ἡμᾶς
664 1380 874 1418 ἀναμαρτήτους,

77 1425 150 1454 οὐδὲν
172 1427 256 1463 ἕτερον
280 1427 295 1456 ᾖ
321 1428 369 1455 τὴν
394 1425 488 1461 οἶλογον
513 1426 590 1461 φύσιν
612 1430 659 1457 τῆς
678 1425 785 1461 λογικῆς
808 1435 875 1462 προ-

76 1474 147 1508 τιμᾷ,
163 1473 209 1498 καὶ
228 1473 276 1500 τὴν
299 1470 421 1499 ἀκίνητον
447 1472 493 1495 καὶ
515 1469 660 1507 ἀνόρμητον
684 1474 733 1500 τῆς
755 1479 875 1506 προαιρε-

75 1520 150 1546 τικῆς
177 1518 221 1542 καὶ
250 1515 410 1552 ἰμπράκτου.
427 1518 516 1541 Ταῦτα
544 1514 565 1540 ιὶ
591 1517 635 1540 καὶ
661 1513 874 1551 παρεκϐατικῶς,
896 1523 916 1552 C

77 1560 129 1587 ἀλλ’
154 1560 301 1596 ἀναγκαίως
325 1562 435 1596 εἴρηται,
459 1560 500 1585 ἶνα
517 1561 566 1595 μή,
589 1559 625 1590 εἰς
650 1558 732 1595 βυθὸν
760 1557 876 1595 διαλογι-

78 1609 148 1642 σμῶν
170 1605 298 1642 ἐμπεσὼν,
323 1606 389 1640 πρὸς
414 1608 445 1640 τῇ
474 1606 596 1641 στερήσει
622 1607 672 1630 τῶν
691 1602 875 1640 περισπουδά-

78 1659 154 1683 στων,
180 1651 218 1676 ἔτι
239 1651 283 1675 καὶ
304 1652 371 1675 Θεοῦ
399 1650 522 1686 στέρησιν
542 1649 693 1685 ὑπομείνῃς.
711 1649 877 1685 Παυσὼμεοα

75 1693 118 1720 οὗν
145 1693 361 1729 ἐπανορθούμενοι
387 1694 430 1718 τόν
457 1694 544 1728 σοφόν.
571 1693 737 1728 Παυσώμιθα
759 1694 788 1718 τὸ
818 1692 877 1729 βέλ-

75 1749 130 1765 τιον
152 1742 202 1765 τῶν
223 1738 284 1774 παρ’
309 1738 388 1764 αὐτοῦ
408 1739 546 1774 γινομένων
573 1736 765 1768 ἐπιζητοῦντες.
782 1737 812 1764 Εἰ
826 1739 877 1774 γάρ

75 1786 120 1810 καὶ
150 1787 201 1809 τῶν
235 1783 302 1808 κατὰ
331 1784 407 1819 μέρος
438 1782 657 1818 οἰκονομουμένων
691 1780 878 1818 διαφεύγουσιν

75 1829 148 1864 ἡμᾶς
172 1828 197 1854 οἱ
220 1827 301 1860 λόοοι,
318 1826 369 1853 ἀλλ’
393 1828 416 1854 ἓν
436 1837 465 1863 γε
491 1826 571 1853 ἐκεῖνο
599 1825 687 1863 δόγμα
701 1831 759 1858 ταῖς
774 1826 877 1862 ψυχαῖς

76 1875 148 1910 ἡμῶν
164 1872 344 1909 ἐνυπαρχέτω,
365 1873 404 1906 τὸ,
420 1870 504 1909 μηδὲν
519 1873 598 1898 κακὸν
613 1873 685 1909 παρά
706 1875 752 1898 τοῦ
777 1871 878 1907 ἀγαθοῦ

76 1918 204 1954 γίνισθαι.

111 2009 138 2035 8.
161 2007 361 2043 Ἐπεισέρχιται
377 2004 407 2032 δὲ
429 2006 522 2041 τούτῳ,
539 2006 607 2032 κατά
621 2006 651 2032 τὸ
675 2004 816 2032 ἀκόλουθον
830 2009 880 2036 τῆς

76 2051 183 2087 ἑννοίας,
200 2053 245 2077 καὶ
271 2053 301 2076 τὸ
320 2052 380 2088 περὶ
401 2053 447 2077 τοῦ
472 2048 596 2076 διαϐόλου
622 2050 739 2086 ζήτημα.
765 2051 846 2076 Πόθεν
865 2050 878 2075 ὀ

76 2094 210 2128 διάϐολος,
236 2095 258 2121 εἰ
279 2096 315 2131 μὴ
343 2096 414 2132 παρά
438 2098 505 2121 Θεοῦ
530 2095 583 2130 (Ἡ)
611 2095 644 2120 τὰ
667 2095 751 2127 κακὰς
776 2096 808 2120 Τί
835 2092 879 2120 οὖν

76 2148 174 2176 paper;
190 2143 250 2166 Ὀτι
275 2141 288 2166 ό
307 2140 385 2170 αὐτὸς
410 2140 472 2176 ἡμῖν
499 2138 602 2175 ἀρκέσει
623 2141 669 2165 καὶ
693 2141 813 2176 περὶτοῦ
835 2139 880 2170 ζη-

75 2188 193 2220 τήματος
217 2185 309 2210 τούτου
331 2184 416 2220 λόγος,
434 2185 446 2210 6
471 2186 515 2210 καὶ
536 2186 594 2220 περὶ
618 2187 668 2221 τῆς
689 2183 713 2209 ἐν
733 2183 879 2220 ἀνθρώποις
897 2198 919 2225 D

74 2231 204 2265 πονηρίας
229 2227 378 2260 ἀποδοθείς.
406 2229 485 2255 Πόθῖι
500 2229 551 2265 γὰρ
570 2229 682 2265 πονηρὸς
698 2229 711 2253 ὁ
726 2228 877 2264 ἄνθρωπος;

75 2273 120 2300 Tac
140 2279 189 2304 τῆς
211 2273 307 2304 οἰκείας
332 2273 408 2299 οὗτοῡ
429 2274 486 2309 (72)
511 2274 695 2310 προαιρέσεως.
727 2274 806 2299 Πόθεν
834 2283 880 2299 κα-

74 2320 120 2349 κὸς
143 2319 156 2344 ὁ
182 2316 324 2351 διάϐολος;
349 2318 394 2344 Ἐκ
422 2322 469 2349 τῆς
493 2317 576 2349 αὐτῆς
601 2318 699 2350 αἰτίας,
726 2318 879 2355 αὐθαίρετον

74 2364 145 2398 ἔχων
178 2365 223 2388 καὶ
250 2363 329 2394 αὐτὸς
350 2365 395 2392 τὴν
421 2363 500 2396 ζωὴν,
521 2364 566 2389 καὶ
591 2362 629 2388 ἐπ’
661 2363 731 2398 αὐτῷ
760 2364 878 2398 κειμένην

73 2409 122 2436 τὴν
148 2407 304 2442 ὶξουσίαν,ἣ
323 2409 480 2445 παραμένειν
499 2411 534 2442 τῷ
559 2411 625 2443 Θεῷ,
642 2407 656 2437 ἡ
674 2406 880 2444 ἀλλοτριωθῆναι

73 2455 120 2477 τοῦ
150 2451 262 2487 ἀγαθοῦ.
293 2452 404 2489 Γαϐριὴλ
437 2451 553 2487 ἄγγελος,
584 2454 627 2477 καὶ
660 2453 809 2488 παρέστηκε
842 2455 879 2486 τῷ

74 2500 133 2531 Θεῷ
156 2494 293 2527 διηνεκῶς.
309 2500 338 2523 Ὁ
366 2500 479 2527 Σατανᾶς
505 2495 621 2532 ἄγγελος,
639 2498 682 2522 καὶ
707 2496 809 2527 eam“
832 2500 880 2526 τῆς

73 2541 175 2572 οἰκείας
197 2541 293 2572 τάξεως
308 2541 447 2572 παντελῶς.
471 2540 591 2568 Κάκεῖνον
615 2542 630 2570 ἡ
657 2543 809 2579 προαίρεσις
834 2539 879 2567 δι-

110 2623 134 2640 ’(
157 2621 245 2650 Rom.
262 2629 300 2655 Vl,
316 2623 362 2650 23.
401 2622 425 2640 ⁹²
444 2621 521 2649 Psal.
538 2629 622 2655 Lxxu,
637 2623 682 2650 27.

112 2703 166 2736 (70)
187 2702 270 2730 Colb.
291 2701 408 2736 primus
428 2701 574 2733 ἑξιάσηται.
593 2702 705 2730 Ibidem
721 2702 792 2731 editi
817 2702 880 2729 ἀλλά

57 2763 59 2767 ς
74 2742 120 2764 καὶ
137 2736 194 2766 διά.
212 2736 323 2766 Vocula
338 2740 383 2764 καί
396 2737 481 2766 abest
495 2746 513 2766 a
527 2739 637 2766 nostris
650 2739 816 2768 codicibus.

124 2775 171 2809 Ἠ)
190 2773 266 2802 Editi
284 2775 355 2810 παρά
382 2777 428 2801 τοῦ
454 2777 530 2801 Θεοῦ.
547 2773 693 2803 Articulus
708 2775 739 2803 in
771 2775 880 2803 nostris

922 111 985 140 EST
1003 114 1141 143 AUCTOR
1161 116 1343 145 MALORUM.
1703 121 1755 149 346

924 175 1008 204 duxit
1019 177 1224 212 spiritualibus
1239 178 1352 207 deliciis
1365 180 1524 215 potiorem.
1537 181 1634 213 Quare
1651 181 1753 210 statim

924 220 1035 255 ejectus
1045 229 1060 248 e
1071 222 1228 258 paradiso,
1237 223 1325 251 beata
1334 224 1384 252 illa
1394 224 1456 252 vita
1466 225 1602 261 privatus
1614 226 1677 260 fuit,
1692 234 1755 255 non

924 273 961 293 ex
979 267 1167 299 necessitate,
1183 268 1237 295 sed
1259 276 1295 296 ex
1318 268 1489 304 insipientia
1504 270 1603 298 malus
1617 271 1753 299 eﬁ‘ectus.

925 311 1128 342 Quamobrem
1143 313 1279 348 peccavit
1288 313 1411 348 quidem
1422 313 1462 341 ob
1475 322 1601 350 pravam
1616 315 1756 343 volunta-

923 357 999 383 tem:
1011 356 1065 384 sed
1076 360 1211 384 mortuus
1221 360 1265 385 est
1275 357 1315 385 ob
1327 360 1493 393 peccatum.
1506 359 1664 394 Stipendia
1676 360 1755 388 enim

922 401 1040 435 peccati
1056 409 1136 429 mors
1146 400 1181 429 9‘.
1199 402 1351 435 Quantum
1367 402 1448 430 enim
1474 403 1634 432 secedebat
1650 412 1669 432 a
1682 404 1754 438 vita,

924 447 1043 474 tantum
1051 446 1320 482 appropinquabat
1328 447 1367 475 ad
1377 449 1515 475 mortem.
1524 450 1598 476 Nam
1606 449 1666 477 vita
1677 450 1756 477 Deus

925 492 978 522 est,
992 490 1058 518 vitae
1073 498 1144 519 vero
1159 491 1286 527 privatio
1299 499 1391 522 mors.
1408 492 1504 524 Quare
1520 492 1656 520 Adamus
1676 501 1755 522 sece-

925 534 1026 562 dendo
1047 543 1064 562 a
1079 536 1139 563 Deo
1153 538 1282 564 mortem
1299 535 1444 564 conscivit
1468 536 1524 564 sibi
1539 537 1608 573 ipsi,
1621 537 1709 572 juxta
1723 537 1755 565 id

926 579 1008 615 quod
1025 579 1167 616 scriptum
1181 582 1240 608 est:
1254 581 1327 608 Ecce
1340 581 1392 617 qui
1408 582 1551 616 elongant
1562 589 1592 610 se
1605 590 1623 611 a
1640 585 1677 617 te,
1688 590 1755 617 per-

926 624 1012 651 ibunt
1024 625 1059 652 9*.
1081 625 1127 652 Sic
1151 633 1213 652 non
1238 625 1349 653 creavit
1370 626 1448 653 Deus
1472 628 1612 661 mortem,
1629 626 1683 654 sed
1699 634 1756 654 nos

926 667 1015 696 nobis
1024 668 1097 704 ipsis
1112 677 1148 697 ex
1161 677 1258 705 prava
1268 671 1366 697 mente
1377 677 1445 698 eam
1457 671 1683 698 accersivimus.
1701 672 1756 699 Ne-

927 720 986 748 que
1001 720 1073 741 vero
1088 713 1215 741 dissolvi
1230 721 1287 742 nos
1302 713 1507 750 prohibuitob
1520 722 1571 743 eas
1587 723 1663 751 quas
1672 715 1757 751 prius

927 756 1059 785 diximus
1075 765 1193 789 causas,
1206 760 1287 786 utne
1302 758 1504 786 immortalem
1518 759 1547 787 in
1562 759 1652 788 nobis
1667 760 1756 794 aegri-

927 801 1064 829 tudinem
1090 805 1293 831 conservaret.
1307 803 1571 835 Quemadmodum
1591 803 1614 831 si
1636 805 1705 840 quis
1719 804 1757 832 ﬁ-

929 845 994 874 ctile
1005 846 1162 882 quoddam
1171 846 1297 875 efﬂuens
1304 855 1359 875 vas
1367 847 1432 881 igni
1441 847 1605 876 admovere
1614 848 1698 884 nolit,
1706 849 1758 876 do-

928 898 984 918 nec
994 891 1240 919 reconcinnando
1251 891 1356 919 vitium
1367 891 1443 919 illius
1458 892 1610 920 resarciat.
1625 892 1682 920 Sed
1692 901 1756 928 cur,

928 935 1036 971 inquit,
1052 943 1114 963 non
1129 936 1170 963 ita
1193 935 1305 964 conditi
1320 944 1438 971 sumus,
1454 939 1487 964 ut
1500 944 1626 972 peccare
1648 939 1758 966 natura

928 987 991 1007 non
1010 979 1174 1015 possimus,
1190 980 1268 1008 adeo
1284 982 1363 1008 utne
1378 980 1548 1008 volentibus
1564 981 1688 1017 quidem
1702 990 1757 1010 no-

928 1024 975 1052 bis
990 1024 1115 1052 facultas
1128 1025 1239 1052 inesset
1250 1025 1417 1061 peccandi?
1433 1025 1509 1058 Quia
1521 1027 1550 1053 et
1563 1028 1595 1054 tu
1611 1026 1755 1062 famulos,

929 1076 991 1097 non
1002 1077 1071 1097 cum
1083 1069 1200 1097 vinctos
1209 1069 1336 1102 detines,
1346 1070 1510 1098 benevolos
1521 1073 1618 1107 putas,
1627 1071 1680 1099 sed
1689 1079 1758 1099 cum

929 1122 981 1142 eos
993 1114 1120 1144 libenter
1130 1122 1187 1142 sua
1198 1114 1229 1142 in
1241 1116 1267 1142 te
1279 1114 1379 1142 officia
1390 1115 1500 1143 videris
1510 1115 1641 1152 explere.
1654 1115 1759 1151 Itaque

929 1165 1027 1194 neque
1041 1159 1100 1186 Deo
1114 1161 1234 1193 gratum
1247 1161 1292 1186 est
1302 1158 1386 1194 quod
1397 1161 1535 1187 coactum
1546 1161 1600 1193 est,
1609 1159 1661 1187 sed
1674 1159 1760 1196 quod

929 1202 1039 1230 virtute
1054 1203 1174 1238 geritur.
1190 1203 1286 1231 Virtus
1303 1205 1404 1231 autem
1424 1211 1461 1231 ex
1482 1203 1634 1232 voluntate
1649 1212 1709 1232 non
1722 1212 1759 1232 ex

929 1247 1106 1276 necessitate
1121 1247 1331 1284 proficiscitur.
1345 1249 1410 1276 Jam
1433 1256 1505 1276 vero
1520 1248 1661 1276 voluntas
1674 1257 1710 1277 ex
1724 1249 1760 1277 iis

930 1299 998 1327 quae
1020 1299 1112 1328 penes
1134 1300 1190 1320 nos
1214 1294 1295 1327 sunt,
1309 1292 1469 1328 dependet.
1496 1293 1582 1325 Quod
1607 1295 1708 1321 autem
1728 1293 1759 1321 in

930 1336 1019 1364 nobis
1029 1337 1119 1364 situm
1131 1339 1184 1371 est,
1197 1336 1282 1365 liberi
1296 1337 1409 1364 arbitrii
1423 1337 1551 1365 facultas
1567 1340 1620 1366 est.
1633 1337 1759 1366 Proinde

930 1381 983 1416 qui
993 1381 1132 1417 opificem
1145 1381 1349 1418 reprehendit,
1357 1381 1441 1418 quod
1452 1390 1509 1410 nos
1520 1389 1581 1410 non
1593 1382 1761 1411 condiderit

930 1428 1039 1454 natura
1063 1426 1136 1454 tales
1159 1428 1190 1453 ut
1213 1434 1339 1462 peccare
1362 1434 1562 1462 nequeamus,
1578 1426 1652 1454 nihil
1678 1427 1761 1454 aliud

931 1469 1078 1503 facit,nisi
1090 1473 1230 1498 naturam
1245 1470 1449 1498 irrationalem
1460 1470 1598 1498 rationali
1614 1474 1642 1499 et
1655 1471 1761 1499 immo-

931 1513 1022 1542 bilem
1043 1515 1268 1551 appetendique
1283 1515 1473 1552 incapacem,
1489 1515 1592 1543 liberae
1607 1518 1698 1552 atque
1712 1523 1762 1544 ac-

931 1560 1027 1587 tuosae
1050 1559 1178 1596 praefert.
1203 1560 1261 1595 80
1287 1561 1355 1588 Haec
1378 1559 1432 1587 etsi
1452 1567 1507 1595 per
1529 1559 1759 1594 digressionem.

930 1604 1103 1632 necessario
1129 1605 1230 1632 tamen
1253 1604 1334 1632 dicta
1359 1606 1439 1639 sunt,
1453 1606 1487 1632 ut
1507 1612 1544 1632 ne
1566 1605 1596 1632 in
1614 1604 1761 1641 abyssum

932 1648 1148 1684 cogitationum
1163 1649 1301 1677 inanium
1322 1649 1427 1685 lapsus
1442 1651 1549 1686 praeter
1562 1650 1762 1685 privationem

932 1702 1038 1721 eorum
1054 1702 1183 1729 quorum
1206 1694 1307 1722 studio
1323 1694 1443 1728 teneris,
1460 1694 1561 1722 adhuc
1577 1697 1605 1722 et
1620 1694 1680 1722 Deo
1694 1694 1762 1730 ipso

932 1738 1069 1774 priveris.
1097 1739 1276 1766 Desinamus
1299 1738 1390 1773 igitur
1412 1738 1560 1773 corrigere
1583 1739 1761 1774 sapientem.

933 1783 1112 1811 Desinamus
1131 1783 1300 1819 quidquam
1316 1783 1425 1811 melius
1439 1791 1533 1819 quam
1557 1791 1626 1819 quae
1649 1783 1761 1817 fecerit,

931 1827 1088 1862 indagare.
1104 1827 1163 1855 Etsi
1182 1827 1264 1855 enim
1279 1827 1468 1862 singulorum
1487 1835 1556 1863 quae
1579 1828 1644 1862 ejus
1659 1827 1761 1863 provi-

932 1872 1035 1900 dentia
1057 1880 1092 1900 ac
1117 1871 1242 1900 consilio
1267 1871 1354 1906 ﬁunt,
1369 1872 1502 1900 rationes
1525 1879 1582 1899 nes
1605 1872 1762 1906 latent;at

932 1919 1010 1945 certe
1024 1925 1120 1945 unum
1134 1916 1207 1944 illud
1222 1917 1336 1951 dogma
1356 1918 1457 1945 ratum
1481 1916 1638 1953 fixumque
1659 1917 1690 1944 in
1709 1923 1763 1944 no-

932 1961 1002 1989 stris
1017 1961 1127 1989 animis
1144 1961 1192 1996 sit,
1212 1961 1331 1989 nullum
1346 1961 1462 1989 malum
1476 1969 1494 1989 a
1506 1961 1588 1990 bono
1603 1961 1677 1989 ﬁeri.

969 2008 995 2034 8.
1016 2006 1087 2034 Huic
1102 2008 1203 2034 autem
1218 2006 1379 2042 qumstioni
1399 2005 1457 2034 alia
1473 2006 1510 2033 de
1528 2005 1652 2034 diabolo
1666 2014 1701 2034 ex
1714 2014 1764 2034 co~

934 2051 1096 2086 gitatorum
1115 2051 1191 2079 serie
1207 2051 1331 2078 accedit.
1350 2050 1433 2078 Unde
1447 2050 1484 2078 sit
1499 2050 1651 2084 diabolus,
1663 2051 1688 2078 si
1702 2059 1764 2079 non

934 2097 1003 2123 sunt
1018 2103 1036 2123 a
1050 2097 1109 2123 Deo
1129 2095 1232 2123 mala?
1249 2095 1327 2128 Quid
1342 2095 1433 2129 igitur
1445 2095 1575 2122 dicimus
1585 2095 1599 2122 ‘2
1614 2094 1763 2123 rationem

934 2140 1074 2168 eamdem
1088 2147 1182 2176 quam
1193 2140 1258 2175 jam
1274 2139 1311 2166 de
1325 2139 1485 2166 hominum
1506 2139 1652 2174 pravitate
1664 2139 1764 2166 reddi-

935 2184 1046 2219 dimus,
1056 2184 1145 2212 nobis
1161 2192 1215 2220 pro
1229 2184 1287 2212 hac
1300 2191 1425 2219 quoque
1438 2182 1603 2218 quaestione
1615 2182 1763 2211 sufﬁcere.

936 2229 1018 2257 Unde
1029 2229 1109 2256 enim
1125 2229 1224 2256 malus
1240 2231 1286 2256 est
1301 2229 1415 2256 homo?
1431 2236 1466 2255 ex
1484 2235 1539 2255 sua
1550 2227 1645 2263 ipsius
1659 2227 1764 2256 volun-

934 2276 1006 2302 tate.
1021 2273 1103 2302 Undc
1115 2273 1213 2301 malus
1226 2273 1385 2301 diabolus?
1400 2274 1439 2300 Ex
1450 2272 1557 2300 eadem
1573 2280 1680 2305 causa;
1694 2281 1763 2301 cum

934 2321 962 2347 et
983 2319 1047 2354 ipse
1062 2318 1190 2346 liberam
1210 2317 1303 2345 vitam
1319 2317 1454 2350 haberet,
1471 2325 1506 2344 ac
1522 2325 1616 2352 penes
1633 2325 1665 2344 se
1687 2320 1766 2346 esset

933 2363 981 2391 vel
994 2365 1055 2390 Deo
1070 2364 1298 2399 perseveranter
1311 2361 1477 2396 adluerere,
1493 2361 1541 2389 vel
1557 2369 1575 2389 a
1589 2361 1671 2389 bono
1687 2370 1766 2389 sece-

933 2408 1014 2436 dere.
1031 2407 1148 2436 Gabriel
1176 2407 1303 2441 angelus
1328 2409 1382 2441 est,
1398 2409 1426 2434 et
1451 2407 1510 2434 Deo
1533 2406 1646 2441 jugitcr
1662 2407 1763 2436 astitit.

935 2454 1062 2481 Satanas
1079 2454 1142 2479 erat
1157 2451 1284 2486 angelus
1305 2459 1440 2487 quoque,
1457 2450 1512 2478 sed
1527 2459 1565 2478 ex
1584 2459 1640 2478 suo
1659 2450 1765 2478 ordine

934 2497 1053 2534 penitus
1068 2496 1186 2524 excidit.
1203 2497 1235 2523 Et
1247 2496 1332 2523 illum
1346 2495 1467 2523 retinnit
1486 2495 1517 2522 in
1539 2495 1622 2522 caelis
1636 2494 1764 2522 liberum

934 2541 1103 2573 arbitrium,
1113 2543 1142 2568 et
1150 2540 1231 2568 hunc
1242 2539 1350 2575 dejecit
1361 2539 1523 2567 voluntatis
1533 2538 1667 2567 libertas.
1678 2539 1764 2567 Pote-

935 2702 1020 2733 mss.,
1037 2709 1098 2730 non
1114 2700 1274 2729 invenitur.

971 2739 1026 2774 (T2)
1045 2737 1167 2775 Antiqui
1183 2740 1241 2765 tres
1256 2736 1323 2764 libri
1341 2735 1437 2766 οἰκείας
1456 2734 1557 2763 ἑαυτοῦ.
