2029 3136
252 123 302 150 347

925 119 953 147 S.
979 118 1102 146 BASlLll
1126 116 1246 146 MAGNI.

1877 122 1939 149 348

253 186 299 212 rat
313 191 446 220 namque
462 184 490 211 et
502 181 550 210 ille
563 181 740 216 desciscere,
752 183 780 210 et
794 182 842 210 hic
856 189 918 210 non
933 181 1005 209 labi.
1021 179 1076 207 Sed

1135 179 1259 215 εφύλαξεν
1271 181 1329 217 (73)
1346 181 1370 207 ἐν
1393 186 1447 213 τοῖς
1468 183 1531 213 ἄνω,
1551 184 1594 208 καὶ
1612 185 1702 209 τοῦτον
1726 183 1865 220 κατέρριψε
1885 187 1939 214 τῆς

253 228 337 256 illum
360 228 490 256 servavit
510 227 560 255 Dei
573 227 691 255 dilectio
712 227 890 255 insatiabilis
913 227 993 254 hunc
1008 233 1078 253 vero

253 273 416 309 reprobum
433 272 500 300 fecit
516 280 588 300 suus
605 280 622 299 a
639 273 699 299 Deo
718 279 865 299 recessus.
884 273 943 299 Hoc
958 273 1002 298 est
1015 278 1079 298 ma-

253 318 327 352 lum,
336 317 517 345 abalienatio
529 325 546 345 a
559 318 628 344 Deo.
641 318 732 344 Parva
744 316 822 344 oculi
832 316 989 344 conversio
998 315 1078 349 facit,

253 366 285 391 ut
300 366 350 390 aut
365 371 434 390 cum
454 362 528 397 sole,
542 364 595 390 aut
613 370 682 389 cum
698 362 832 398 corporis
851 361 947 389 nostri
969 360 1080 388 umbra.

253 408 356 435 simus.
373 409 405 435 Et
428 407 497 435 illuc
522 407 646 443 quidem
672 407 695 434 si
720 406 874 442 respicias,
887 408 1028 442 prompte
1044 412 1079 432 ac

253 452 310 480 cito
330 452 506 480 illustraris:
524 452 563 479 ad
584 451 725 479 umbram
740 459 813 478 vero
828 451 853 478 si
873 451 1013 485 declines,
1030 457 1080 477 ne-

252 497 386 524 cessario
397 497 481 532 degis
492 497 522 524 in
536 496 677 524 tenebris.
695 497 777 524 Hunc
793 496 829 524 ad
842 495 969 524 modum
980 494 1080 522 malus

253 544 296 569 est
310 541 463 575 diabolus,
475 549 511 569 ex
532 541 685 569 voluntate
709 541 825 568 habens
847 540 1002 575 malitiam,
1018 546 1079 567 non

253 586 330 614 illius
349 589 458 614 natura
473 586 653 614 adversatur
675 585 768 613 bono.
786 585 869 613 Unde
884 585 974 619 igitur
987 584 1012 611 ei
1027 583 1080 611 ad-

252 639 358 658 versus
381 639 437 658 nos
462 630 597 658 bellum?
620 630 694 663 Quia
718 638 787 657 cum
812 630 849 657 sit
872 629 1080 665 cujuscunque

254 675 365 703 militiae
376 675 610 711 receptaculum,
618 674 730 710 recepit
739 682 862 710 quoque
871 673 991 702 invidiae
1002 681 1080 701 mor-

252 721 338 752 bum,
354 722 382 747 et
400 720 507 747 invidit
530 719 618 747 nobis
635 719 793 747 honorem.
809 720 872 747 Non
889 718 970 746 enim
985 717 1082 754 potuit

253 765 344 793 vitam
359 766 493 792 nostram
510 765 539 791 in
553 764 696 800 paradiso
711 764 785 792 citra
799 771 960 791 maerorem
980 766 1079 791 actam

254 810 327 837 ferre
340 818 346 837 :
359 817 431 837 nam
451 809 527 836 dolis
543 817 578 836 ac
591 808 732 836 versutiis
745 808 901 836 hominem
916 807 1078 843 decipiens,

254 862 350 890 eaque
364 853 538 889 cupiditate,
550 861 611 889 qua
624 853 688 889 ipse
702 853 766 880 ﬁeri
776 853 836 880 Deo
847 852 951 880 similis
964 853 1081 888 expete-

253 898 315 928 bat,
330 898 369 926 ad
382 897 548 925 fallendum
560 897 645 925 illum
659 905 743 929 usus,
759 897 875 931 lignum
891 896 1031 929 Ostendit,
1045 903 1080 923 ac

253 942 392 978 promisit
407 942 551 975 futurum,
568 944 600 970 ut
616 942 639 969 si
656 949 691 969 eo
706 944 885 974 vesceretur,
901 948 970 968 eum
984 939 1082 968 efﬁce-

253 990 297 1014 ret
309 986 436 1014 similem
449 988 517 1014 Deo.
530 987 563 1014 Si
574 988 663 1019 enim,
675 986 779 1022 inquit,
791 985 987 1019 comederitis,
998 985 1081 1013 eritis

251 1032 328 1060 sicut
343 1031 396 1064 dii,
412 1033 535 1059 scientes
551 1031 658 1059 bonum
674 1034 700 1059 et
723 1031 834 1058 malum
847 1031 881 1057 ⁸³.
902 1032 976 1057 Nam
991 1029 1081 1064 igitur

254 1076 394 1103 conditus
411 1078 454 1102 est
467 1075 606 1103 inimicus
621 1075 726 1103 nobis:
744 1075 797 1103 sed
812 1083 848 1102 ex
864 1073 980 1102 invidia
994 1073 1081 1102 ett‘ec-

252 1122 318 1147 ctus
341 1119 385 1147 est
407 1119 496 1148 nobis
513 1119 662 1147 inimicus.
680 1121 753 1148 Nam
773 1127 843 1146 cum
864 1118 977 1146 videret
991 1125 1022 1145 se
1043 1125 1080 1145 ex

252 1164 430 1200 angelorum
447 1166 526 1192 coetu
547 1164 729 1199 projectum,
744 1166 816 1191 tunc
842 1163 1008 1197 hominem,
1028 1162 1081 1198 qui

253 1209 401 1236 terrestris
426 1211 498 1241 erat,
516 1208 556 1236 ad
578 1208 757 1243 angelorum
782 1207 960 1242 dignitatem
979 1215 1034 1235 suo
1049 1207 1079 1234 in

252 1253 359 1282 virtute
374 1254 509 1290 profectu
525 1253 688 1281 exaltatum
704 1253 804 1281 videre
818 1260 879 1280 non
894 1252 1044 1280 sustinuit.

288 1346 315 1371 9.
337 1343 486 1376 Quoniam
510 1343 601 1378 igitur
616 1342 756 1371 inimicus
770 1343 868 1370 factus
884 1344 940 1375 est,
952 1341 1080 1369 inimici-

253 1388 326 1416 tiam
342 1387 430 1415 nobis
444 1388 520 1415 Deus
540 1387 686 1415 adversus
702 1387 786 1415 illum
801 1386 919 1419 indidit,
937 1393 1006 1414 cum
1022 1393 1081 1413 ser-

253 1434 374 1468 pentem
385 1432 471 1467 cujus
484 1439 577 1468 opera.
591 1440 665 1460 usus
683 1431 788 1464 fuerat,
805 1431 847 1459 sic
863 1431 1011 1458 allocutus
1025 1433 1079 1464 est,

253 1480 285 1505 ut
309 1477 408 1505 minas
423 1477 462 1505 ad
483 1477 640 1505 diabolum
663 1477 803 1505 referret:
819 1477 936 1504 Ponam
956 1475 1082 1503 inimici-

253 1522 327 1550 tiam
342 1522 421 1550 inter
436 1525 464 1549 te
479 1525 506 1550 et
526 1522 607 1549 inter
625 1529 722 1549 semen
746 1521 829 1549 illius
843 1521 877 1548 υι.
892 1522 967 1548 Nam
981 1519 1081 1555 reipsa

251 1569 362 1594 nocent
376 1566 514 1594 amicitiae
530 1574 599 1594 cum
616 1566 731 1593 malitia
745 1565 836 1600 initae,
852 1565 1001 1601 siquidem
1024 1564 1082 1592 ista

253 1610 391 1638 amicitiae
405 1611 450 1638 lex
463 1610 540 1638 inter
556 1610 735 1645 conjunctos
747 1618 782 1638 ex
799 1610 932 1646 quadam
948 1609 1082 1637 similitu-

253 1655 323 1682 dine
355 1654 430 1682 solct
455 1654 649 1682 intercedere.
677 1654 761 1682 Unde
784 1657 863 1682 recte
886 1654 999 1681 dictum
1015 1656 1079 1682 est:

256 1699 463 1734 Corrumpunt
476 1707 571 1727 mores
588 1699 676 1727 bonos
689 1699 842 1735 colloquia
861 1699 944 1727 mata
955 1699 1082 1738 ππρυε-

253 1744 453 1772 madmodum
465 1743 545 1772 enim
557 1744 585 1771 in
598 1743 808 1780 pestilentibus
819 1743 892 1771 locis
906 1751 957 1771 aer
966 1745 1082 1772 sensim

252 1789 359 1825 spiritu
384 1789 491 1816 ductus
506 1789 648 1816 latentem
664 1788 806 1816 morbum
834 1788 940 1816 incolis
961 1788 1082 1823 ingene-

252 1836 298 1862 rat
312 1843 318 1862 :
335 1834 378 1861 sic
392 1833 464 1861 inita
478 1841 548 1861 cum
570 1833 659 1861 malis
675 1833 730 1868 81
757 1833 946 1861 consuetudo
971 1833 1081 1861 animis

252 1878 436 1907 iufertmala
451 1886 511 1906 non
538 1886 641 1914 parva,
658 1878 776 1906 tametsi
796 1886 878 1905 noxa
900 1885 961 1905 non
982 1877 1082 1905 statim

253 1923 389 1951 sentitur.
400 1924 589 1958 Quapropter
599 1921 800 1958 implacabilis
813 1924 858 1949 est
868 1922 1013 1949 adversus
1024 1929 1083 1949 ser-

252 1970 376 2003 pentem
404 1967 568 1994 inimicitia.
597 1967 684 2000 Quod
709 1967 734 1994 si
760 1967 997 1994 instrumentum
1012 1967 1082 1994 odio

255 2014 337 2039 tanto
354 2011 480 2046 dignum
502 2014 556 2042 est,
572 2013 721 2047 quantum
745 2010 933 2038 inimicitiam
955 2018 1023 2038 cum
1039 2010 1083 2037 iu-

254 2056 412 2083 strumenti
428 2058 543 2083 motore
564 2063 665 2090 gerere
687 2063 742 2083 nos
767 2055 929 2082 convenit?
946 2053 1002 2082 Sed
1018 2061 1081 2088 cur,

251 2101 358 2136 inquit,
374 2102 437 2128 erat
452 2100 568 2135 lignum
585 2101 614 2127 in
632 2100 786 2136 paradiso,
799 2108 852 2136 per
867 2099 949 2136 quod
962 2106 1083 2133 aggres-

253 2153 340 2172 surus
355 2153 410 2172 nos
424 2147 487 2173 erat
509 2144 670 2173 diabolus?
684 2146 796 2172 Etenim
813 2145 836 2172 si
852 2144 976 2172 fallaciae
988 2143 1084 2172 illece-

252 2190 340 2218 bram
352 2198 413 2217 non
428 2189 759 2225 habuisset,quomodo
775 2197 830 2216 nos
846 2197 898 2225 per
910 2189 1082 2216 inobedien-

255 2234 326 2262 tiam
341 2234 508 2261 induxisset
522 2234 551 2261 in
573 2234 726 2262 mortem?
743 2234 818 2266 Quia
841 2233 1002 2269 probanda
1021 2235 1084 2261 erat

254 2278 424 2305 obedientia
435 2281 537 2306 nostra
550 2286 604 2314 per
617 2281 813 2314 princeptum.
824 2279 898 2305 Eam
908 2277 947 2305 ob
958 2285 1083 2305 causam

254 2321 357 2358 planta
380 2324 444 2349 erat
465 2322 673 2358 speciosorum
700 2322 852 2349 fructuum
876 2322 968 2354 ferax,
983 2324 1015 2349 ut
1031 2329 1085 2358 per

254 2366 467 2394 abstinentiam
506 2366 670 2402 voluptatis
703 2366 843 2393 virlutcm
879 2367 1084 2402 temperantiae

254 2411 460 2444 ostendentes,
472 2411 592 2439 coronis
606 2411 755 2447 patientim
766 2411 873 2438 merito
889 2411 1083 2438 donaremur.

254 2455 460 2483 Comcsturam
477 2458 578 2482 autem
596 2458 700 2483 secuta
712 2458 759 2483 est
778 2463 840 2483 non
856 2455 947 2483 modo
962 2455 1084 2484 violatio

254 2500 404 2537 praecepti,
419 2500 472 2528 sed
496 2499 642 2528 nuditatis
665 2500 756 2527 etiam
781 2500 922 2535 cognitio.
944 2501 1082 2529 Comede-

254 2549 327 2573 runt
353 2546 442 2580 enim,
467 2545 575 2581 inquit,
597 2547 623 2573 et
643 2546 743 2581 aperti
762 2549 832 2573 sunt
861 2546 942 2574 oculi
970 2553 1082 2578 eorum,

291 2608 314 2625 ⁰³
336 2609 406 2635 Gen.
423 2616 463 2642 ιιι,
481 2610 505 2635 5.
546 2609 569 2625 9‘
590 2607 662 2636 ibid.
683 2610 724 2636 15.
764 2609 788 2626 9⁵
810 2609 898 2636 lCor.
916 2617 960 2641 xv,
978 2611 1021 2636 33.

291 2681 347 2711 (73)
368 2679 443 2715 liditi
458 2679 572 2715 ἐφύλαξε.
590 2682 624 2707 At
639 2688 711 2707 mss.
730 2682 787 2707 tres
801 2677 946 2715 διεφύλαξε.

289 2716 344 2752 (74)
366 2714 439 2747 Reg.
465 2714 578 2750 primus
603 2717 690 2752 ὅμοιον
705 2719 751 2741 τοῦ
768 2715 927 2752 (9509.):on
955 2717 1083 2750 utraque

255 2750 345 2778 editio
371 2751 476 2776 ἔσεσθαι
501 2752 535 2782 ὡς
562 2750 624 2777 (mi.
642 2753 678 2778 At
702 2759 774 2778 mss.
799 2750 884 2777 multi
908 2751 1007 2777 ἔσεσθε,
1025 2752 1084 2778 Nec

254 2787 297 2814 ita
311 2785 405 2814 muito
427 2786 506 2816 intra
527 2789 658 2824 quatuor
675 2794 747 2815 mss.
768 2787 876 2822 ἔχθραν.
897 2785 1081 2815 ἀπεκατέστη.

1133 227 1239 260 γνώμης
1261 227 1289 252 τό
1315 226 1489 258 αὐτεξούσιον.
1508 225 1632 254 Ἐδύνατο
1657 228 1707 264 γὰρ
1731 227 1849 258 κάκεῖνος
1864 228 1939 255 ἀπο-

1135 274 1286 304 στατῆσαι,
1313 273 1358 297 καὶ
1386 272 1460 302 οὗτος
1489 274 1523 308 μὴ
1551 271 1676 298 ἆκπισιῑν.
1707 271 1785 298 Ἀλλὰ
1814 273 1858 298 τόν
1888 274 1939 308 μὲν

1135 311 1282 341 διεσώσατο
1306 320 1354 347 τῆς
1380 315 1484 352 ἀγάπης
1507 320 1552 342 τοῦ
1568 320 1634 343 Θεοῦ
1660 318 1689 342 τὸ
1714 316 1872 353 ἀκόριστονι
1891 318 1941 343 τὸν

1135 356 1165 384 δὲ
1183 357 1329 388 ἀπόϐλητον
1348 358 1442 392 ἔδειξεν
1467 361 1481 390 ἡ
1505 361 1533 387 ἐκ
1558 365 1625 388 Θεοῦ
1644 360 1826 398 ἀναχώρησις.
1849 363 1939 388 Τοῦτο

1135 402 1190 429 ἐστι
1205 405 1234 430 τὸ
1253 406 1342 436 κακὸν,
1358 406 1373 434 ἡ
1391 409 1436 431 τοῦ
1456 409 1522 432 Θεοῦ
1545 405 1728 442 ἁλλοτρίωσις.
1747 407 1836 442 Μικρὰ
1856 415 1940 443 περι-

1135 451 1232 485 στροφὴ
1259 449 1391 486 ὀφθαλμοῦ
1411 450 1426 480 ἣ
1450 451 1515 486 μετά
1537 450 1614 479 ἡλίου
1639 451 1709 486 ἡμᾶς
1733 450 1797 476 εἶναι
1819 454 1902 485 ποιεῖ,
1921 453 1937 480 ἦ

1134 494 1200 529 μετὰ
1224 498 1272 525 τῆς
1297 497 1372 526 σκιᾶς
1395 499 1440 521 τοῦ
1457 498 1577 531 σώματος
1596 496 1680 531 ἡμῶν.
1698 494 1778 522 κακιῖ
1799 497 1845 532 μέν
1868 494 1940 522 ανα-

1135 536 1257 573 ϐλέψαντι
1271 538 1371 575 ἕτοιμον
1395 541 1425 565 τὸ
1447 541 1620 576 φωτισθῆναι,
1635 539 1807 575 ἀπονεύσαντι
1825 538 1856 566 δὲ
1868 541 1940 577 πρὸς

1134 585 1181 611 τὴν
1211 585 1286 610 σκιὰν
1315 583 1444 620 ἀναγκαία
1468 586 1483 613 ἡ
1511 586 1652 615 σκότωσις.
1682 585 1758 611 Οὖτω
1786 586 1902 621 πονηρὸς
1925 585 1940 611 ὁ

1135 625 1266 659 διάϐολος,
1283 627 1310 654 ἐκ
1331 630 1507 666 προαιρέσεως
1526 630 1594 665 ἔχων
1613 631 1659 658 τὴν
1682 631 1815 666 πονηρίαν,
1832 629 1862 655 οὒ
1884 630 1938 665 φύ-

1135 681 1177 702 σις
1199 671 1358 709 ἀντικειμένη
1382 678 1418 709 τῷ
1444 673 1542 709 ἀγαθῷ.
1569 675 1649 700 Πόθεν
1674 671 1717 700 οὖν
1743 674 1814 709 αὐτῷ
1833 675 1846 700 ὅ
1868 675 1940 710 πρὸς

1134 717 1203 753 ἡμᾶς
1225 717 1435 753 πόλεμος;”οτι,
1460 716 1565 753 δοχιῑον
1590 718 1623 744 ὧν
1647 719 1735 749 πάσης
1756 721 1862 753 κακίας,
1880 717 1939 745 ἐδέ-

1135 761 1196 792 ξατο
1220 764 1265 788 καὶ
1289 766 1335 789 τοῦ
1360 763 1452 798 φθόνου
1478 765 1525 792 τὴν
1548 765 1633 796 νόσον,
1648 765 1691 789 καὶ
1714 763 1854 792 ἐϐάσκηνεν
1872 764 1938 799 ἡμῖν

1135 811 1182 838 τῆς
1203 811 1296 843 τιμῆς.
1324 807 1361 833 Οὐ
1385 809 1435 844 ’γὰρ
1462 809 1566 843 ἤνεγκεν
1589 808 1661 844 ἡμῶν
1679 810 1724 837 τὴν
1742 799 1841 834 ἄλυπον
1864 808 1939 838 ζωήν

1101 856 1120 884 Β
1135 854 1178 881 τὴν
1194 851 1218 878 ἐν
1231 856 1266 887 τῷ
1279 850 1434 888 παραδείσῳ
1447 862 1454 870 ν
1471 851 1558 883 δόλοις
1579 850 1607 879 δὲ
1622 855 1666 879 καὶ
1681 853 1816 888 μηχαναῖς
1835 852 1939 884 ἐξαπα-

1135 899 1218 928 τήσας
1243 898 1286 922 τόν
1310 897 1455 933 ἄνθρωπον,
1481 899 1526 923 καὶ
1550 900 1597 926 τὴν
1620 897 1760 934 ἐπιθυμίαν
1784 897 1876 930 αὑτοῦ,
1907 897 1939 926 ἢν

1135 943 1200 978 ἔσχε
1221 943 1285 978 πρὸς
1309 943 1339 968 τὸ
1363 942 1522 978 ὁμοιωθῆναι
1548 946 1584 977 τῷ
1609 946 1676 977 Θεῷ,
1697 943 1778 978 ταύτῃ
1801 943 1866 979 πρὸς
1892 944 1939 971 τὴν

1136 986 1238 1015 ἀπάτην
1265 986 1494 1023 ἁποχρὴσάμενος,
1519 985 1599 1018 ἔδειξε
1622 989 1651 1014 τό
1676 987 1750 1019 ξύλον
1775 990 1820 1014 καὶ
1850 986 1939 1022 ἐπηγ-

1135 1031 1238 1067 γείλατο
1263 1030 1309 1058 διὰ
1329 1036 1375 1062 τῆς
1395 1031 1520 1069 βρώσεως
1541 1032 1621 1058 αὐτοῦ
1646 1033 1733 1069 ὅμοιον
1753 1037 1789 1067 τῷ
1805 1036 1863 1067 Θιῷ
1879 1033 1940 1067 (74)

1135 1078 1320 1105 καταστήσειν.
1353 1076 1410 1102 Ἐὰν
1438 1077 1488 1113 γὰρ
1516 1077 1631 1112 φάγητε,
1660 1080 1759 1112 φησιν,
1783 1075 1874 1103 ἔσεσθε
1903 1078 1939 1106 ὡς

1136 1122 1199 1154 θεοὶ,
1228 1123 1397 1157 γινώσκοντις
1420 1120 1498 1146 καλὸν
1526 1122 1570 1147 καὶ
1604 1124 1725 1157 πονηρόν.
1754 1120 1809 1146 Οὐκ
1837 1119 1939 1157 ἐχθρὸς

1135 1168 1220 1192 τοίνυν
1243 1167 1306 1201 ἡμῖν
1329 1166 1538 1198 κατεσκιυασθη,
1560 1165 1613 1191 ἀλλ’
1637 1165 1665 1192 ἐκ
1690 1165 1850 1196 ζηλοτυπίας
1871 1166 1938 1201 ἡμῖν

1135 1210 1171 1241 ιίς
1181 1211 1279 1247 ἔχθραν
1295 1210 1476 1239 ἀντικατέστη,
1488 1210 1569 1247 Ὀρων
1584 1211 1633 1247 γὰρ
1650 1210 1738 1236 ἐαυτὸν
1754 1209 1779 1236 ἒν
1794 1214 1844 1236 τῶν
1860 1208 1938 1246 ἀγγέ-

1132 1255 1183 1281 λων
1206 1254 1405 1292 καταρριφέντα,
1428 1255 1474 1280 οὐκ
1500 1256 1569 1292 ἔφιρε
1594 1254 1696 1291 βλέπειν
1713 1257 1756 1281 τὸν
1778 1257 1868 1290 γήινον
1891 1254 1936 1281 ἐπὶ

1133 1302 1180 1329 τὴν
1205 1299 1280 1331 ἀξίαν
1304 1304 1353 1325 τῶν
1379 1299 1491 1336 ἀγγέλων
1516 1298 1563 1326 διὰ
1586 1304 1721 1337 προκοπῆς
1746 1298 1934 1335 ἀννψούμινον.

1170 1347 1195 1372 9.
1217 1342 1323 1373 Ἐπειδὴ
1339 1342 1382 1370 οὖν
1396 1346 1496 1380 γίσγονιν
1510 1344 1617 1382 ἄχορός,
1633 1343 1753 1381 ἐφύλαξεν
1765 1345 1828 1380 ἡμῖν
1843 1344 1857 1370 ὁ
1869 1345 1936 1375 Ou};

1133 1391 1181 1419 τὴν
1199 1390 1264 1426 πρὸς
1289 1389 1367 1416 αὐτὸν
1389 1388 1555 1422 ὗναντίωσιν,
1582 1387 1618 1415 δι’
1646 1389 1680 1415 ὧν
1703 1393 1739 1424 τῷ
1762 1390 1936 1426 ὑπηρετησα-

1134 1437 1201 1472 μένῳ
1229 1433 1300 1470 αὐτῷ
1327 1435 1409 1471 θηρίῳ
1439 1433 1575 1470 διελέγετο,
1605 1435 1670 1471 πρὸς
1698 1433 1775 1460 αὑτὸν
1803 1433 1937 1470 ἀναφέρων

1134 1482 1181 1509 τὴν
1206 1479 1328 1508 ἀπειλήν·
1355 1479 1395 1505 ὅτι
1421 1478 1539 1515 Ἔχθραν
1565 1479 1635 1508 θήσω
1662 1477 1788 1515 ἀναμέσον
1816 1482 1864 1504 σοῦ
1888 1480 1935 1504 καὶ

1101 1533 1120 1560 c
1136 1523 1264 1561 ἁναμέσον
1286 1527 1332 1550 τοῦ
1357 1525 1507 1562 σπερματος
1531 1523 1622 1554 αὐτῆς.
1649 1526 1691 1559 Τῷ
1712 1525 1766 1550 ὅντι
1789 1524 1839 1559 γὰρ
1865 1522 1935 1558 βλα-

1135 1569 1207 1605 ϐεραὶ
1231 1570 1258 1595 αἱ
1279 1570 1345 1606 πρὸς
1366 1571 1412 1598 τὴν
1434 1570 1527 1595 κακίαν
1547 1567 1725 1604 καταλλαγαί·
1742 1566 1831 1596 ἐπειδὴ
1856 1570 1934 1604 νόμος

1135 1614 1211 1645 οὗτος
1232 1613 1320 1650 φιλίας
1343 1615 1399 1649 (75)
1424 1612 1461 1640 δι’
1490 1614 1644 1649 ὁμοιότητος
1667 1615 1763 1649 πέφυκε
1788 1616 1844 1644 τοῖς
1869 1622 1935 1639 συν-

1137 1660 1290 1696 απτομὲνοις
1314 1658 1475 1695 animam.
1503 1657 1579 1684 Ὀθιν
1604 1658 1686 1694 ὀρθῶς
1709 1659 1766 1694 ἔχει
1789 1659 1828 1691 τὸ,
1855 1658 1934 1684 «Wet-

1135 1713 1226 1741 ρουσιν
1248 1704 1299 1733 ἤθη
1333 1705 1442 1741 χρηστὰ
1465 1702 1563 1739 ὁμιλίαι
1589 1705 1676 1730 κακαί.
1689 1702 1733 1733 Ὠς
1755 1703 1805 1739 γὰρ
1829 1702 1856 1728 ἓν
1879 1705 1934 1733 τοῖς

1135 1752 1282 1779 νοσοποιοῖς
1302 1750 1414 1786 χωρίοις
1436 1748 1449 1773 ὁ
1473 1748 1540 1774 κατά
1564 1749 1640 1784 μέρος
1669 1747 1853 1782 ἀναπνεόμι-νος
1882 1745 1933 1783 ἀὴρ

1133 1792 1310 1820 λανθάνουσαν
1332 1794 1406 1818 νόσον
1431 1795 1486 1823 τοῖς
1510 1790 1720 1828 ἔνδιαιτωμένοις
1736 1790 1932 1817 ὶναποτίθιται·

1133 1838 1216 1868 οὕτως
1239 1838 1254 1866 ἡ
1281 1838 1346 1874 πρὸς
1369 1839 1402 1864 τὰ
1425 1836 1510 1873 φαῦλα
1535 1837 1660 1865 συνήθεια
1678 1835 1779 1872 μεγάλα
1793 1836 1862 1861 κακὰ
1876 1838 1934 1866 ταῖς

1132 1882 1238 1918 ψυχαῖς
1265 1881 1394 1918 ἔναφίησι,
1419 1881 1466 1908 κᾶν
1495 1884 1542 1910 τὴν
1569 1883 1719 1917 παραυτίκα
1746 1881 1872 1909 αἴσθησιν
1904 1881 1933 1906 τὸ

1134 1926 1257 1964 ϐλαϐερόν
1280 1925 1419 1963 ὃιαφέύγῃ.
1436 1928 1483 1953 Διὰ
1502 1929 1578 1952 τοῦτο
1593 1924 1767 1956 ἀδιάλλακτος
1782 1925 1796 1954 ἠ
1812 1926 1876 1961 πρὸς
1889 1926 1933 1950 τὸν

1134 1973 1189 2007 ὅφιν
1213 1972 1307 2007 ἔχθραι
1321 1971 1351 1997 Εἰ
1366 1969 1396 1997 δὲ
1417 1973 1445 1997 τό
1462 1971 1569 2007 ὄργανον
1593 1971 1720 1996 τοσούτου
1741 1971 1836 2006 μίσους
1851 1969 1931 2003 ἀξιον,

1133 2018 1214 2042 πόσον
1244 2015 1390 2052 ὶχθραίνειν
1420 2016 1490 2052 ἡμᾶς
1518 2019 1553 2050 τῷ
1581 2015 1750 2051 ἔνεργήσαντι
1778 2017 1931 2050 προσῆκεν;

1135 2060 1213 2087 Ἀλλὰ
1234 2062 1279 2086 καὶ
1299 2059 1345 2086 διὰ
1367 2062 1394 2086 τί
1418 2059 1448 2089 ἦν
1473 2062 1502 2087 τὸ
1528 2060 1610 2092 ξύλον,
1633 2062 1721 2096 φησὶν,
1743 2058 1766 2085 ἐν
1788 2063 1824 2094 τῷ
1845 2067 1933 2094 παρα-

1135 2103 1225 2141 δείσῳ,
1243 2104 1279 2131 δι’
1301 2105 1331 2131 οὗ
1350 2109 1386 2140 τῷ
1409 2103 1523 2141 διαϐόλῳ
1538 2104 1623 2141 ἔμελλε
1642 2105 1827 2141 προχωρήσειν
1842 2105 1857 2132 ἡ
1874 2103 1932 2129 καθ’

1135 2151 1208 2186 ἡμῶν
1233 2150 1419 2187 ἐπίχείρησις;
1443 2150 1472 2176 Ei
1496 2151 1546 2187 ’γὰρ
1571 2151 1607 2186 μὴ
1633 2148 1688 2185 οἶχε
1710 2153 1757 2179 τῆς
1782 2147 1885 2179 ἀπάτης
1902 2147 1931 2174 τὸ

1100 2209 1123 2236 D
1137 2193 1236 2231 δέλεαρ,
1252 2198 1307 2225 πῶς
1322 2193 1353 2219 διν
1374 2194 1444 2231 ἡμᾶς
1459 2193 1505 2221 δια
1520 2198 1566 2225 τῆς
1586 2198 1721 2231 παρακοῆς
1741 2193 1775 2224 εἰς
1790 2194 1834 2219 τὸν
1858 2194 1932 2219 θοίνας

1136 2249 1180 2266 τον
1203 2239 1368 2275 ὒπηγάγετο;
1393 2238 1454 2265 Ὀτι
1483 2237 1537 2265 ἔδει
1561 2237 1624 2265 εἶναι
1651 2238 1753 2267 ἐντολὴν
1782 2240 1826 2266 τὴν
1857 2236 1932 2264 δοκι-

1137 2284 1273 2321 μάζουσαν
1301 2285 1374 2320 ἡμῶν
1398 2285 1427 2310 τὸ
1463 2285 1585 2313 ὑπήκοον.
1615 2285 1662 2310 Διὰ
1688 2283 1764 2309 τοῦτο
1794 2281 1824 2312 ἦν
1854 2284 1931 2318 φυτὸν

1137 2329 1237 2365 ὡραίων
1260 2333 1364 2365 καρπῶν
1389 2331 1506 2366 εὔφορον,
1521 2329 1562 2354 ἵνα
1577 2327 1600 2353 ἒν
1622 2332 1652 2364 τῇ
1670 2327 1760 2364 ἀποχῇ
1776 2331 1822 2353 τοῦ
1844 2325 1930 2359 ἡδέος,

1137 2375 1165 2400 τὸ
1193 2377 1241 2404 τῆς
1275 2372 1424 2412 ἐγκρατείας
1457 2373 1534 2399 καλὸν
1567 2371 1776 2409 ἐπιδειξάμενοι,
1805 2376 1854 2398 τῶν
1887 2376 1933 2403 τῆς

1137 2420 1267 2454 ὑπομονῆς
1298 2420 1426 2455 στεφάνων
1458 2417 1566 2449 δικαίως
1591 2417 1751 2454 ἀξιωθῶμεν,
1780 2417 1933 2446 Ἐπηκολούε

1138 2465 1202 2492 Θησε
1228 2461 1257 2490 δὲ
1278 2467 1309 2499 τῇ
1335 2462 1434 2499 βρὼσῑι
1454 2463 1483 2489 οὐ
1499 2465 1618 2500 παρακοὴ
1636 2465 1713 2499 μόνον
1729 2463 1785 2498 (76)
1801 2466 1849 2493 τῆς
1864 2462 1933 2488 ἐντο-

1136 2509 1193 2543 λῆς,
1222 2508 1287 2534 ἀλλὰ
1310 2510 1354 2534 καὶ
1378 2509 1393 2537 ἠ
1419 2508 1559 2543 ἐπίγνωσις
1582 2511 1629 2538 τῆς
1652 2507 1825 2544 ζυμνότητος,
1853 2506 1934 2542 Ἐφα-

1137 2563 1182 2589 γον
1201 2554 1260 2590 γὰρ,
1285 2555 1360 2589 φησὶ,
1386 2555 1431 2579 καὶ
1456 2551 1651 2588 ὃιηνοιχθησαν
1680 2552 1764 2578 αὐτῶν
1791 2553 1815 2577 οἱ
1842 2550 1933 2588 ὀφθαλ-

1137 2682 1191 2711 Alii
1202 2682 1263 2710 duo
1280 2690 1351 2709 mss.
1368 2682 1439 2709 editi
1452 2681 1635 2710 ἀντικατέστη-

1174 2719 1229 2753 (75)
1250 2718 1333 2754 Coll).
1349 2718 1464 2754 primus
1478 2717 1552 2748 οὗτος
1566 2717 1770 2754 φιλανθρωπίας.

1172 2756 1230 2790 (76)
1250 2753 1333 2782 Colb.
1350 2753 1466 2794 primus
1478 2755 1596 2791 παρακοὴ
1612 2753 1689 2792 μόνη.
