2059 3136
303 143 354 171 359

988 148 1016 176 S.
1038 148 1163 176 BASlLll
1182 147 1293 176 MAGNI

1934 154 1986 182 360

305 204 441 239 verbera,
457 205 581 234 verbera
593 208 695 235 autem
709 206 835 237 vulnera
847 218 853 237 :
874 209 1006 246 denique
1022 219 1058 239 ex
1071 210 1118 239 vul

1187 212 1263 247 μάχη
1295 210 1324 238 δὲ
1343 216 1419 248 γεννᾷ
1433 210 1575 250 λοιδορίας,
1593 213 1619 238 αὶ
1633 210 1662 239 δὲ
1677 211 1807 251 λοιδορίαι
1819 213 1930 250 πληγὰς,
1961 217 1988 241 αἱ

303 249 427 277 nerihus
442 258 524 277 mors
543 250 611 286 ipsa
625 251 806 288 plerumque
822 257 967 290 sequitur.
990 255 1098 283 Malum
1115 263 1132 284 a

302 293 402 330 prima
416 294 530 330 origine
546 295 756 331 cohibeamus,
767 298 843 327 iram
854 302 916 327 arte
926 300 1008 327 omni
1022 308 1058 328 ex
1068 301 1133 328 ani-

302 337 360 365 mis
371 338 528 373 pellentcs.
543 339 586 367 lta
596 340 677 368 enim
688 341 768 369 mala
779 342 911 378 plurima
920 351 981 372 una
994 352 1064 372 cum
1073 344 1132 373 hoc

302 382 383 415 vitio,
396 384 543 418 tanquam
555 392 623 411 cum
635 384 735 413 radice
746 388 835 423 atque
846 388 1004 425 principio,
1016 389 1131 417 exscin~

301 426 371 454 dere
386 427 564 463 poterimus.
579 429 750 458 Maledixit?
763 431 805 459 'l'u
814 431 990 461 benedicas.
1006 435 1131 462 Percus-

301 470 363 499 sit?
378 472 420 499 Tu
436 472 558 500 sustine.
575 473 715 509 Despicit,
732 477 820 511 teque
830 476 902 505 facit
912 477 996 506 nihili
1007 479 1020 506 ‘2
1035 479 1077 506 Tu
1086 480 1129 507 te-

300 522 370 542 cum
395 515 496 549 cogita
519 519 657 545 constare
683 520 711 546 te
739 527 776 546 ex
799 522 888 553 terra,
914 529 950 549 ac
977 529 1082 550 rursus
1097 522 1128 550 in

299 561 410 587 terram
423 567 613 589 reversurum
628 563 662 588 ²¹.
690 563 829 599 Quisquis
853 565 933 593 enim
959 566 1128 595 rationibus

298 603 448 638 ejusmodi
474 606 677 640 prmmunierit
696 608 902 644 semetipsum,
928 610 1127 644 ignominiam

298 655 515 684 quamcunque
539 651 704 686 comperiet
726 652 848 683 veritate
871 653 1054 681 inferiorem.
1081 653 1128 681 Sic

299 699 432 728 namque
447 701 483 720 eo
503 693 593 721 etiam
619 695 770 730 redigetur
792 696 942 731 inimicus,
970 700 1002 726 ut
1024 697 1127 726 ulcisci

300 744 330 763 se
346 736 428 764 nullo
443 737 537 765 modo
551 739 656 774 possit,
671 748 740 768 cum
758 742 784 768 te
799 741 839 768 sis
853 742 1042 770 contumeliis
1056 750 1127 771 con-

297 780 678 816 viciisqueinvulneratum
695 784 903 814 cxhibiturus:
929 787 1003 822 quin
1023 787 1126 823 etipse

297 832 443 859 magnam
455 826 579 861 parabis
592 827 742 863 patientiae
760 837 916 862 coronam,
937 831 990 867 qui
1004 831 1125 860 alterius

295 869 449 898 insaniam
461 870 653 900 occasionem
665 874 723 900 tuae
735 873 936 910 philosophia;
949 875 1126 904 exercendis

295 911 398 941 facias.
417 915 526 950 Quare,
543 915 569 942 si
584 916 658 944 mihi
674 917 766 946 ﬁdem
780 918 885 951 habes,
899 919 989 948 illatis
1014 920 1066 949 tibi
1082 920 1126 949 in-

296 957 383 992 juriis
398 958 511 994 aliquid
525 960 615 988 etiam
632 961 735 989 addes.
753 962 921 991 Obscurum
941 967 968 992 te
984 965 1068 999 dixit,
1082 966 1125 993 in-

298 1002 490 1039 gloriumque
504 1006 532 1032 et
544 1005 629 1033 nihili
643 1006 808 1042 hominem,
821 1009 873 1044 qui
883 1008 989 1037 inﬁmo
998 1009 1065 1038 loco
1073 1018 1125 1039 na.-

297 1049 344 1075 tus
357 1047 419 1075 sit?
440 1049 481 1076 Tu
498 1049 627 1085 teipsum
642 1053 750 1079 terram
762 1059 797 1079 ac
813 1052 945 1081 cinerem
964 1054 1065 1083 dicito.
1091 1055 1124 1083 ll-

295 1091 420 1120 lustrior
434 1101 495 1120 non
510 1102 542 1121 es
562 1097 644 1129 patre
656 1098 759 1123 nostro
772 1096 936 1131 Abraham,
948 1099 1000 1135 qui
1017 1107 1049 1127 se
1059 1099 1123 1135 ipse

295 1136 336 1164 ita
349 1137 557 1173 appellavit".
575 1139 732 1168 indoctum
746 1143 775 1169 et
789 1149 954 1178 pauperem
970 1146 998 1172 et
1011 1144 1122 1173 nullius

294 1181 382 1217 pretii
395 1184 422 1209 te
437 1182 511 1210 dixit
524 1183 537 1210 ?
555 1184 596 1210 Tu
611 1186 636 1211 te
648 1184 732 1212 dicas
746 1193 889 1221 vermem,
904 1189 994 1224 teque
1005 1197 1041 1217 ex
1051 1191 1123 1217 ster-

294 1233 362 1253 core
373 1226 485 1255 habere
498 1227 659 1262 originem,
674 1229 795 1258 Davidis
810 1231 902 1260 verba
917 1240 1069 1269 usurpans
1081 1234 1117 1262 ²³.

293 1270 342 1297 His
355 1270 447 1298 etiam
458 1271 637 1306 praeclarum
655 1273 714 1309 86
734 1275 843 1310 Moysis
870 1276 988 1305 facinus
1013 1278 1121 1314 adjice.

293 1313 343 1342 llle
358 1314 398 1342 ab
417 1317 516 1343 Aaron
532 1319 559 1344 et
582 1317 673 1345 Maria
687 1318 854 1348 maledictis
868 1320 1033 1356 lacessitus,
1056 1313 1121 1351 non

293 1359 388 1386 Deum
403 1359 548 1388 adversus
561 1369 612 1389 eos
626 1361 836 1398 interpellavit,
854 1365 908 1393 sed
923 1373 978 1402 pro
997 1367 1038 1394 eis
1055 1375 1122 1397 ora-

291 1402 375 1430 vit“.
402 1404 537 1436 Quorum
552 1406 649 1434 mavis
665 1414 730 1435 esse
744 1407 923 1445 discipulus,
945 1410 1119 1441 virorumne

291 1447 351 1474 Deo
367 1450 522 1481 gratorum
535 1449 767 1487 beatorumque,
784 1460 823 1480 an
837 1453 998 1483 hominum
1014 1456 1118 1492 spiritu

290 1491 430 1527 nequitiae
451 1492 662 1528 expletorum?
689 1495 763 1523 Cum
782 1496 926 1526 invaserit
945 1501 972 1527 te
992 1491 1119 1528 convicii

289 1534 447 1569 ingerendi
463 1538 596 1572 tentatio,
617 1541 692 1574 puta
711 1539 843 1576 tcipsum
858 1541 990 1577 probari,
1015 1546 1118 1572 utrum

289 1586 343 1614 per
353 1580 528 1615 patientiam
542 1581 581 1609 ad
592 1582 685 1611 Deum
696 1584 835 1619 accedas,
849 1593 889 1614 an
899 1594 953 1623 per
961 1587 1038 1616 iram
1049 1597 1118 1618 con-

288 1623 387 1658 fugias
399 1624 437 1651 ad
448 1625 666 1655 adversarium.
681 1627 723 1656 Da
730 1629 963 1664 cogitationibus
974 1632 1031 1660 tuis
1041 1635 1116 1662 tem-

287 1675 346 1703 pus
363 1671 478 1703 partem
488 1669 635 1705 optimam
649 1671 788 1708 eligendi.
803 1677 860 1703 Aut
872 1675 953 1703 enim
968 1677 1116 1713 profueris

287 1712 329 1740 illi
339 1720 394 1748 per
410 1715 654 1743 mansuetudinis
669 1717 841 1754 exemplum
855 1728 861 1747 :
887 1722 949 1756 aut,
961 1712 1034 1750 dum
1046 1730 1115 1751 con-

287 1761 413 1796 temnes,
430 1770 499 1791 eum
511 1764 632 1799 gravius
647 1765 800 1796 ulciscere.
814 1768 892 1801 Quid
904 1769 984 1798 enim
992 1770 1114 1800 inimico

286 1805 426 1835 acerbius
440 1816 505 1836 esse
523 1812 631 1845 potest,
649 1819 743 1847 quam
764 1812 788 1840 si
799 1813 956 1843 inimicum
972 1824 1061 1844 suum
1071 1817 1113 1845 vi-

284 1850 354 1879 deat
364 1851 481 1887 iujuriis
498 1861 533 1882 ac
544 1856 730 1884 contumeliis
746 1858 932 1893 superiorem
943 1860 957 1887 ‘I
971 1861 1113 1890 Animum

284 1902 322 1922 ne
338 1894 475 1931 abjicias,
488 1906 585 1934 neque
596 1900 734 1935 partiaris
749 1901 844 1930 ullum
859 1903 900 1931 ad
914 1906 941 1932 te
955 1913 1113 1935 accessum

285 1940 537 1970 conviciatoribus
552 1946 664 1979 patere.
686 1946 753 1974 Sine
768 1953 838 1974 eum
860 1947 971 1977 frustra
995 1952 1022 1978 te
1041 1950 1112 1980 alla-

271 1984 372 2019 'trare,
383 1984 590 2023 disrumpatur
602 1988 632 2016 in
646 1990 818 2026 semetipso.
836 1992 870 2020 Ut
883 1993 964 2021 enim
978 1994 1031 2030 qui
1045 2003 1111 2024 ver-

281 2027 368 2057 berat
388 2038 480 2058 sensu
504 2035 665 2067 carentem,
691 2034 748 2063 sibi
769 2035 834 2072 ipse
854 2036 967 2073 irrogat
987 2027 1110 2075 poenam

282 2075 367 2107 (nam
378 2083 434 2103 nec
444 2075 561 2105 hostem
582 2078 743 2113 ulciscitur,
757 2088 813 2108 nec
830 2081 907 2110 iram
928 2084 1044 2120 sedat):
1069 2085 1110 2114 ita

281 2117 420 2155 quisquis
437 2120 593 2150 hominem
608 2123 660 2159 qui
676 2124 792 2160 injuriis
802 2133 864 2154 non
880 2117 1027 2165 movetur,
1038 2138 1108 2167 pro-

280 2161 343 2191 bris
365 2172 401 2192 ac
420 2165 588 2196 maledictis
609 2167 739 2204 lacessit,
759 2170 785 2198 is
805 2172 999 2208 cupiditatem
1019 2161 1108 2204 suam

280 2208 371 2236 solari
385 2217 420 2237 ac
434 2211 549 2239 mollire
563 2220 625 2240 non
640 2216 747 2249 potest.
764 2216 883 2252 Contra,
901 2217 943 2246 uti
957 2218 1031 2255 dixi,
1044 2220 1107 2248 dis—

279 2253 439 2289 rumpitur.
457 2256 549 2288 Qualc
562 2257 642 2285 enim
655 2266 767 2287 nomen
778 2263 903 2297 uterque
913 2253 1043 2293 vestrum
1050 2268 1108 2294 sta-

279 2297 333 2325 tim
348 2297 387 2325 ab
402 2298 439 2345 iis
455 2299 507 2335 qui
522 2300 642 2335 absunt,
666 2305 861 2340 consequitur
871 2306 885 2333 ‘I
909 2306 958 2335 ille
982 2309 1106 2345 quidem

278 2342 516 2371 contumeliosus
540 2345 633 2380 audit,
651 2349 767 2386 tu_vero
789 2342 1004 2385 magnanimus
1022 2362 1029 2387 ;
1057 2355 1106 2384 ille

277 2385 444 2415 iracundus
459 2390 487 2416 et
502 2397 652 2425 morosus,
668 2385 699 2420 tu
714 2393 832 2428 patiens
847 2397 875 2423 et
895 2396 995 2425 mitis:
1019 2385 1106 2429 illum

277 2430 435 2478 pienitebit
456 2432 617 2469 dictorum,
633 2437 660 2463 te
689 2444 760 2465 vero
775 2445 933 2475 nunquam
948 2443 1106 2478 paenitebit

276 2474 406 2504 virtutis.

311 2521 339 2548 4.
358 2520 435 2553 Quid
446 2521 550 2551 attinet
561 2523 650 2559 plura.
662 2523 785 2556 dicere?
808 2527 880 2558 Huic
894 2531 1106 2565 maledicentia

278 2563 391 2593 claudit
403 2573 531 2601 regnum
555 2567 711 2605 calorum,
738 2572 850 2610 quippe
875 2575 1020 2607 Maledz'ci

315 2627 337 2644 ²¹
359 2628 430 2656 Gen.
445 2636 487 2662 ul,
506 2631 548 2658 19.
587 2631 611 2648 ²²
632 2631 703 2660 Gen.
719 2641 800 2671 xvm,
817 2636 861 2666 27.
900 2640 924 2657 ²³
944 2641 1022 2671 Psal.
1037 2651 1096 2678 xxx,
1113 2647 1139 2673 7.

314 2689 353 2729 (β)
371 2690 442 2729 13.98-
460 2690 576 2729 Pl‘imlls
592 2692 618 2718 ἐκ
632 2697 680 2729 γῆς
695 2696 818 2729 ὑπέστης-

313 2726 354 2776 (Ξ)
370 2725 416 2753 Sic
433 2725 510 2767 mss.
522 2725 655 2771 plerique
671 2725 791 2761 omnes.
801 2725 879 2764 Editi
894 2740 1040 2776 προχωρεῖς
1054 2747 1099 2776 τῷ,

342 2763 350 2776 \
369 2761 440 2776 ρηιι.
466 2769 583 2776 ...η-Α..-
713 2768 718 2774 ν
817 2770 837 2776 -ι
853 2771 857 2776 .
872 2772 879 2776 .

312 2761 350 2797 (8)
369 2761 451 2790 Colb.
465 2761 583 2799 primus
596 2761 718 2803 ἄπρακτα
734 2776 787 2798 σοι.

1188 254 1217 282 δὲ
1245 255 1344 292 πληγαὶ
1369 259 1514 295 τραύματα,
1553 257 1580 283 ἐκ
1612 256 1641 284 δὲ
1675 257 1828 295 τρανμᾶτων
1866 259 1988 291 πολλάκις

1188 301 1302 328 θάνατοι.
1320 301 1384 328 Ἀπὸ
1403 307 1447 332 τῆς
1471 305 1573 340 πρώτης
1600 301 1685 340 ἀρχῆς
1711 305 1738 329 τὸ
1763 305 1842 329 κακὸν
1870 303 1986 341 ἐπίσχω-

1185 354 1241 380 μεν,
1256 347 1301 374 τήν
1318 345 1397 383 ὀργὴν
1420 347 1493 382 πάσῃ
1519 351 1627 382 μηχανῇ
1655 351 1704 372 τῶν
1731 346 1827 382 ψυχῶν
1853 347 1984 379 ἐξελόντες.

1185 389 1261 415 Οὕτω
1289 391 1338 427 γὰρ
1364 389 1393 416 ἃν
1424 389 1576 427 δυνηθεῖμεν
1608 392 1639 416 τά
1666 391 1774 417 πλεῖστα
1802 396 1850 418 τών
1887 398 1982 426 κακῶν,

1184 434 1270 471 ὥσπερ
1286 434 1346 471 ῥίζῃ
1365 437 1415 461 τινὶ
1432 438 1476 461 καὶ
1491 435 1575 472 ἀρχῇ,
1591 439 1626 471 τῷ
1651 436 1727 462 πάθει
1755 437 1836 472 τούτῳ
1863 446 1983 464 συνεκτε-

1183 482 1249 513 μεῖν.
1268 477 1435 516 Ἐλοιδόρησε
1451 488 1457 513 ;
1476 482 1508 506 οὐ
1524 478 1554 506 δὲ
1569 480 1720 516 εὐλόγησον.
1751 480 1897 510 Ἐτὺπτησε
1912 490 1918 516 ;
1951 484 1982 508 ir.)

1183 520 1213 548 δε
1229 523 1374 559 ὑπόμεινον.
1389 525 1511 550 Διαπτύει
1531 527 1575 551 καὶ
1591 527 1620 551 τὸ
1636 523 1719 561 μηδὲν
1735 526 1837 561 ἡγεῖταί
1867 536 1895 552 σε
1912 535 1919 560 ς
1950 529 1982 553 σὺ

1183 565 1212 592 δε
1228 568 1323 594 ἔννοιαν
1338 568 1399 594 λάϐε
1421 573 1540 603 σεαυτοῦ,
1567 570 1606 595 ὅτι
1634 569 1662 595 ἐκ
1685 574 1733 605 γῆς
1758 571 1905 606 ὑφέστηκας
1931 572 1980 606 (6),

1182 614 1226 638 καὶ
1249 612 1281 642 εἰς
1293 616 1343 648 γῆν
1371 613 1447 639 πάλιν
1477 613 1640 650 ἀναλνθηση.
1670 614 1700 640 Ὀ
1726 615 1776 652 γὰρ
1803 617 1902 645 τούτοις
1932 620 1981 646 τοῖς

1181 655 1265 692 λόγοις
1281 656 1370 683 ἑαυτὴν
1394 660 1589 695 προκατασχών
1615 661 1701 684 πᾶσαν
1727 658 1835 695 ἀτιμίαν
1859 659 1982 686 ἐλάττονα

1181 701 1286 737 εὑρήσει
1301 705 1346 732 τῆς
1359 701 1487 733 ἀληθείας.
1514 703 1589 729 Οὕτω
1617 704 1667 740 γὰρ
1683 705 1727 729 καὶ
1742 707 1777 738 τῲ
1792 703 1881 741 ἐχθρῷ
1910 704 1980 741 ἀμη-

1163 769 1166 770 ,
1180 755 1262 780 χανον
1288 748 1493 777 κατασκευάσεις
1521 749 1567 776 τὴν
1601 748 1710 783 ᾱμυναν,
1734 748 1845 785 ἄτρωτον
1873 752 1980 775 σεαυτὸν

1180 793 1236 820 ταῖς
1261 789 1405 828 λοιδορίαις
1433 789 1557 822 δεικνύς·
1597 794 1641 818 καὶ
1678 797 1778 828 σεαυτῷ
1816 795 1897 829 μέγαν
1935 799 1980 825 τῆς

1181 834 1310 870 ὑπομονῆς
1329 835 1494 873 προξενήσεις
1515 838 1557 862 τόν
1585 838 1717 872 στέφανον,
1741 839 1787 866 τὴν
1814 837 1899 875 ἑτέρον
1926 849 1980 875 μα-

1181 881 1236 905 νίαν
1266 879 1383 917 ἀφορμὴν
1410 880 1505 911 οἰκείας
1530 881 1680 917 φιλοσοφίας
1701 883 1861 918 ποιούμενος.
1888 883 1979 919 ”Ωσ·τε,

1182 923 1211 949 ἆν
1227 923 1283 960 ἐμοὶ
1298 926 1385 961 πείθῃ,
1402 928 1446 951 καὶ
1473 924 1664 962 ἐπιδαψιλεύσῃ
1681 930 1730 952 τῶν
1746 926 1852 964 ὕϐρεων.
1881 927 1977 964 Ἀφανῆ

1182 977 1211 994 σε
1226 967 1288 1002 sine;
1305 971 1350 995 καὶ
1364 967 1469 1003 ἄδοξον,
1486 972 1531 996 καὶ
1554 968 1656 1006 μηδένα
1681 969 1834 1007 μηδαμόθεν
1850 980 1857 1005 ;
1889 974 1923 998 σὺ
1951 971 1979 999 δὲ

1179 1017 1228 1048 γῆν
1242 1013 1294 1039 εἰπε
1308 1016 1353 1040 καὶ
1369 1012 1468 1040 σποδὸν
1486 1017 1603 1042 σεαυτόν.
1632 1014 1687 1041 Οὐκ
1715 1015 1737 1041 εἰ
1764 1018 1915 1053 σεμνότερος
1934 1021 1977 1043 τοῦ

1179 1059 1273 1095 πατρὸς
1300 1058 1372 1093 ἡμῶν
1409 1058 1538 1096 Ἀϐραὰμ,
1565 1059 1592 1090 ὃς
1618 1059 1707 1086 ἑαυτὸν
1733 1064 1817 1086 ταῦτα
1844 1060 1975 1088 ἀπεκάλει.

1180 1102 1280 1138 Ἀμαθῆ
1297 1106 1342 1130 καὶ
1358 1105 1465 1139 πτωχόν
1478 1107 1522 1130 καὶ
1545 1108 1590 1130 τοῦ
1616 1103 1726 1141 μηδενὸς
1753 1105 1847 1139 aliter;
1884 1108 1917 1132 σὺ
1949 1105 1977 1133 δὲ

1179 1146 1303 1176 σκώληκα
1328 1150 1435 1174 σεαυτὸν
1464 1148 1527 1182 εἰπε,
1554 1151 1598 1175 καὶ
1621 1147 1671 1175 ἀπὸ
1698 1152 1806 1187 κοπρίας
1835 1151 1905 1186 ἔχειν
1930 1153 1976 1180 τὴν

1177 1193 1286 1227 γένεσιν,
1302 1192 1336 1217 τὰ
1349 1196 1394 1218 τοῦ
1418 1191 1501 1219 Δαϐἱδ
1522 1192 1601 1229 λέγων
1616 1193 1729 1230 ῥήματα.
1756 1195 1862 1224 Τούτοις
1889 1197 1976 1233 πρόσ-

1179 1236 1216 1265 θες
1231 1238 1275 1262 καὶ
1289 1237 1317 1261 τὸ
1331 1240 1376 1262 τοῦ
1392 1239 1520 1266 Minue—im;
1540 1236 1627 1265 καλὸν.
1654 1237 1772 1271 Ἐκεῖνος,
1798 1239 1849 1264 ὑπὸ
1877 1238 1975 1276 Ἀαρὼν

1175 1282 1221 1306 καὶ
1243 1283 1345 1318 Μαρίας
1357 1279 1528 1318 λοιδορηθεὶς,
1545 1281 1574 1307 οὐ
1589 1284 1744 1318 κατενέτυχε
1758 1286 1794 1318 τῷ
1815 1287 1882 1318 Θεῷ,
1913 1283 1976 1309 ἀλλὰ

1175 1326 1343 1361 προσηύχετο
1359 1325 1421 1362 ὑπὲρ
1438 1325 1531 1353 αὐτῶν.
1559 1328 1639 1352 Τίνων
1656 1325 1744 1362 βούλει
1768 1328 1886 1363 μαθηῖὴς
1912 1326 1975 1354 εἶναι

1175 1368 1278 1404 μᾶλλον,
1296 1374 1344 1396 τῶν
1362 1370 1482 1406 θεοφιλῶν
1509 1373 1553 1397 καί
1581 1374 1715 1408 μακαρίων
1744 1370 1854 1409 ἀνδρῶν,
1885 1372 1900 1401 ἦ
1925 1377 1974 1400 τῶν

1174 1413 1224 1439 ὑπὸ
1248 1417 1294 1440 τοῦ
1320 1416 1460 1451 πνεύματος
1497 1419 1541 1445 τῆς
1584 1418 1708 1453 πονηρίας
1746 1415 1973 1454 πεπληρωμένων;

1138 1457 1253 1505 ΟὈταν
1279 1468 1321 1485 σοι
1347 1460 1440 1495 κινηθῇ
1467 1463 1512 1489 τῆς
1535 1458 1667 1497 λοιδορίας
1692 1462 1845 1497 πειρασμὸς,
1878 1463 1975 1498 νόμιζα

1173 1503 1308 1540 κρίνεσθαι
1350 1505 1467 1537 σεαυτὸν,
1502 1506 1608 1542 πότερον
1650 1502 1697 1531 διὰ
1720 1508 1766 1535 τῆς
1791 1507 1973 1542 μακροθυμίας

1172 1551 1338 1585 προσχωρεῖς
1350 1551 1386 1583 τῷ
1400 1549 1439 1585 (7)
1467 1552 1523 1584 Θεῷ
1539 1549 1553 1578 ἡ
1572 1547 1619 1575 διὰ
1643 1553 1687 1579 τῆς
1714 1549 1792 1586 ὀργῆς
1819 1549 1972 1587 ἀποτρέχεις

1171 1593 1235 1629 πρὸς
1249 1594 1290 1618 τὸν
1303 1591 1446 1620 ἀντίδικον.
1477 1595 1522 1624 Δὸς
1548 1595 1638 1631 καιρὸν
1663 1597 1716 1624 τοῖς
1740 1593 1875 1630 λογισμοῖς
1897 1605 1972 1621 σεαυ-

1170 1640 1215 1662 τοῦ
1230 1639 1277 1666 τὴν
1298 1636 1398 1673 ἀγαθὴν
1415 1637 1567 1669 ἐκλέξασθαι
1582 1637 1688 1676 μερίδα.
1714 1637 1748 1664 ’Π
1772 1640 1822 1675 γὰρ
1837 1639 1970 1675 ὡφῦιησάς

1170 1691 1195 1707 τι
1207 1680 1323 1708 κάκεῖνον
1338 1686 1373 1717 τῷ
1392 1681 1567 1719 ὑποδείγματι
1590 1687 1634 1713 τῆς
1658 1685 1812 1721 πραότητος,
1842 1684 1856 1713 ἡ
1885 1684 1969 1720 χαλε-

1170 1728 1283 1764 πώτερον
1299 1727 1388 1762 ὴμύνω
1412 1725 1459 1753 διὰ
1484 1731 1529 1758 τῆς
1552 1727 1703 1765 ὑπεροψίας.
1733 1730 1764 1754 Τί
1791 1729 1841 1766 γὰρ
1868 1727 1899 1754 ἂν
1923 1731 1978 1773 γέῖ

1169 1780 1238 1797 νοιτο
1252 1769 1436 1809 ὀδυνηρότερον
1463 1775 1499 1807 τῷ
1522 1771 1622 1810 ἐχθρῷ,
1646 1772 1660 1801 ἡ
1686 1773 1729 1798 τὸν
1754 1772 1849 1810 ἐχθρόν
1875 1772 1967 1800 ἑαυτοῦ

1169 1815 1230 1852 ὀρᾷν
1268 1815 1364 1853 ὕϐρεων
1402 1815 1583 1854 ὑψηλότερον;
1618 1818 1660 1845 Μὴ
1686 1816 1834 1854 καταϐάλῃς
1857 1821 1967 1844 σεαυτοῦ

1168 1861 1215 1888 τὴν
1253 1862 1368 1896 γνώμην,
1403 1859 1473 1897 μηδὲ
1515 1860 1620 1898 ἀνάσχῃ
1645 1862 1765 1897 γενέσθαι
1789 1861 1890 1897 ἐφικτὸς
1916 1866 1967 1893 τοῖς

1373 1904 1469 1932 ’Ἐασον
1505 1905 1581 1932 αὐτὸν
1617 1906 1738 1943 ἄπρακτα
1765 1915 1812 1932 σου
1838 1907 1876 1942 (8)
1906 1908 1967 1934 καθ-

1168 1948 1284 1975 υλακτεῖν
1301 1960 1308 1966 ·
1334 1948 1371 1986 ἐρ’
1395 1949 1478 1986 ἐαυτῷ
1506 1948 1721 1988 διαρρηγνὺσθω.
1748 1950 1848 1988 ’Ὠσπερ
1876 1953 1928 1989 γὰρ
1954 1953 1966 1977 ό

1166 1995 1267 2020 τύπτων
1293 1996 1336 2020 τὸν
1363 1997 1399 2031 μὴ
1430 1994 1558 2031 ἀλγοῦντα
1592 1995 1681 2022 ἑαυτὸν
1723 2000 1876 2034 τιμωρεῖται
1900 1998 1966 2033 (οὔτε

1165 2038 1215 2074 γὰρ
1242 2040 1284 2064 τὸν
1315 2038 1411 2076 ἐχθρὸν
1440 2039 1565 2075 ἠμύνατο,
1593 2042 1638 2066 καὶ
1666 2041 1708 2066 τὸν
1743 2041 1823 2076 θυμόν
1850 2040 1897 2067 οὐκ
1920 2040 1965 2067 ἀν-

1168 1904 1332 1942 ὑϐρίζουσιν.

1167 2082 1299 2118 ἔπαυσεν).
1325 2084 1405 2114 οὕτως
1420 2085 1432 2110 ὁ
1448 2086 1489 2110 τὸν
1519 2082 1688 2122 ἀλοιδόρητον
1718 2083 1851 2116 ὀνειδίζων
1877 2096 1964 2123 παρα-

1165 2129 1261 2163 μυθίαν
1287 2128 1366 2166 εὑρεῖν
1394 2132 1439 2155 τοῦ
1466 2130 1564 2160 πάθους
1591 2129 1619 2155 οὗ
1656 2128 1777 2157 δύναται.
1814 2130 1964 2157 Τοὺναντίον

1164 2173 1209 2208 μὲν
1225 2171 1279 2207 οὖν,
1306 2173 1366 2210 ὅπερ
1393 2174 1464 2209 ἔφην,
1490 2176 1534 2200 καὶ
1564 2172 1725 2212 διαπρίεται.
1751 2174 1833 2205 Εὐθὺς
1858 2176 1909 2213 γὰρ
1937 2174 1964 2201 ἐκ

1163 2220 1213 2243 τῶν
1239 2219 1372 2254 παρόντων
1401 2217 1444 2244 οἶα
1471 2217 1586 2256 ἑκάτερος
1615 2220 1686 2255 ὑμῶν
1715 2221 1961 2256 προσαγορεύεταις

1162 2256 1191 2287 ι0
1204 2263 1249 2298 μὶν
1263 2260 1392 2300 λοίδορος,
1417 2264 1449 2288 σὺ
1476 2261 1506 2288 δὲ
1520 2262 1725 2300 μεγαλόψυχος·
1754 2265 1766 2289 ὁ
1790 2265 1835 2300 μὲν
1864 2263 1963 2302 ὀργίλος

1163 2308 1207 2332 καὶ
1219 2306 1343 2342 χαλεπὸς,
1372 2309 1404 2333 σὺ
1433 2305 1461 2333 δὲ
1484 2308 1651 2345 μακρόθυμος
1679 2310 1724 2334 καὶ
1749 2311 1829 2346 πρᾶος
1845 2319 1850 2325 ·
1877 2309 1890 2335 ὁ
1918 2310 1962 2344 μὲν

1162 2353 1355 2387 μεταγνώσεται
1389 2350 1425 2387 ἐφ’
1458 2352 1495 2381 οἷς
1533 2351 1684 2388 ἐφθέγξατο,
1724 2355 1756 2379 σὺ
1784 2351 1813 2379 δὲ
1839 2351 1962 2380 οὐδέποτε

1164 2395 1328 2433 αεταμελήσῃ
1346 2396 1384 2432 (9)
1395 2400 1441 2427 τῆς
1457 2395 1557 2434 ἀρετῆς.

1195 2539 1222 2567 4.
1246 2541 1277 2566 Τί
1291 2536 1332 2566 δεῖ
1344 2539 1377 2566 τὰ
1390 2538 1472 2567 πολλὰ
1487 2538 1568 2576 λέγειν
1584 2549 1590 2574 ;
1618 2543 1660 2576 Τῷ
1686 2541 1731 2577 μὲν
1754 2539 1889 2568 ἀπέκλεισε
1914 2544 1960 2571 τὴν

1160 2587 1208 2609 τῶν
1233 2584 1345 2620 οὐρανῶν
1371 2584 1506 2621 βασιλείαν
1533 2586 1548 2614 ἠ
1578 2583 1699 2624 λοιδορία
1715 2596 1721 2602 ·
1752 2584 1878 2622 Λοίδοροι
1908 2587 1958 2623 γὰρ

1179 2646 1202 2664 ’δ
1218 2647 1306 2675 Num.
1319 2655 1371 2682 xu,
1398 2649 1408 2676 t
1433 2655 1519 2685 seqq.

1156 2716 1224 2737 mus
1240 2707 1278 2745 ἐφ’
1298 2709 1400 2738 ἑαυτοῦ.

1191 2745 1229 2781 (9)
1244 2744 1315 2781 Reg.
1331 2746 1448 2782 primus
1465 2744 1590 2773 οὐδέποτε
1605 2745 1816 2783 μεταμελητὴση.
