2059 3136
105 101 153 129 361

681 99 828 127 HOMILIA
847 97 1033 127 ADVERSUS
1053 98 1194 127 lRATOS.

1731 100 1785 127 362

104 161 241 199 βασιλείαν
268 163 334 187 Θεοῦ
361 159 390 186 οὗ
422 159 662 198 κληρονομήσουσι·
697 163 739 187 σοὶ
772 159 801 187 δὲ
832 161 902 190 ἡτοί-

962 159 1115 188 reditatem
1135 161 1223 196 regni
1239 161 1295 189 Dei
1309 169 1368 189 non
1385 163 1605 197 consequentur
1616 161 1640 179 ⁵⁵
1657 169 1663 189 :
1681 160 1733 189 tibi
1749 161 1785 189 si-

103 215 171 243 μασε
191 207 238 234 τὴν
255 204 392 241 βασιλείαν
414 205 429 234 ἡ
457 207 542 234 σιωπή
559 205 624 241 (10).
647 204 676 231 Ὁ
692 206 742 243 γὰρ
765 206 902 241 ὑπομείνας

104 251 135 281 εἰς
168 250 246 283 τέλος,
288 249 360 279 οὗτος
394 250 553 278 σωθήσεται.
586 249 755 286 ’Λμννόμενος
789 248 818 276 δὲ
858 252 902 275 καὶ

104 295 136 326 εἰς
157 294 215 321 ἶσον
238 293 482 330 ἀντικαθιστάμενος
501 299 537 330 τῷ
556 292 677 332 λοιδόρῳ,
697 297 722 320 τί
741 297 786 321 καὶ
806 293 902 320 ἀπολο-

103 342 174 376 γήσῃ
200 348 207 373 ;
229 338 288 365 Ὀτι
310 339 445 376 παρώξυνε
465 339 592 376 κατάρξας
622 347 629 373 ;
654 341 704 365 Καὶ
729 341 804 369 ποίας
829 343 903 365 τοῦτο

105 386 262 420 συγγνώμης
286 383 356 415 ἀξιον
372 391 378 417 ;
409 382 479 410 Οὐδὲ
501 385 552 421 γάρ
567 385 579 410 ὁ
593 386 694 421 πόρνος,
718 383 760 410 ἐπὶ
775 386 820 413 τὴν
837 384 903 410 ἑταί-

103 439 149 466 ραν
178 430 224 458 τὴν
252 427 337 454 αἰτίαν
363 429 505 464 μετατιθεὶς
534 430 566 458 ὼς
598 430 661 466 πρὸς
694 430 741 457 τὴν
775 428 903 466 ἁμαρτίαν

105 471 300 511 διερεθίσασαν,
327 473 402 502 ἧττον
426 477 471 503 τῆς
495 475 670 511 κατακρίσεως
692 473 750 509 (Ii)
775 472 902 504 ἀξιοῦται.

104 518 170 544 Οὔτε
201 519 320 554 στέφανοι
345 520 428 555 χωρὶς
458 517 664 553 ἀνταγωνιστῶν,
694 519 752 544 οὔτε
777 520 904 554 πτώματα

104 565 186 600 χωρὶς
217 561 371 590 ἀντιπάλων.
399 561 494 589 ’Ἄκουε
520 566 566 588 τοῦ
595 560 678 589 Δαϐἱδ
705 562 832 599 λέγοντος⁸
863 562 903 590 Ἐν

103 612 138 643 τῷ
174 611 304 637 συστῆναι
334 609 376 633 τὸν
411 607 562 645 ἁμαρτωλὸν
593 607 702 634 ἐναντίον
735 617 795 644 μου,
840 607 904 643 οὐχὶ

102 652 283 690 παρωξύνθην,
325 650 386 678 οὐδὲ
420 653 569 689 ἠμυνάμην,
597 651 650 678 ἀλλ’
678 652 831 688 Ἐκωφώθην
860 653 904 678 καὶ

103 698 287 731 ἱταπεινὼθην,
316 699 360 723 καὶ
384 697 501 733 ἐσίγησα
526 696 552 728 ἐξ
579 696 693 733 ἀγαθῶν.
723 699 756 723 Σὺ
789 695 818 723 δὲ
840 707 905 735 παρ-

103 742 179 779 οξύνῃ
205 743 250 779 μὲν
267 743 299 772 ὡς
314 741 356 768 ἐπὶ
378 742 462 778 φαύλῃ
535 740 664 780 λοιδορία·
687 746 754 779 μιμῇ
776 740 806 768 δε
827 742 904 769 πάλιν

104 788 136 818 ὡς
158 786 265 823 ἀγαθόν.
286 785 356 814 Ἰδοὺ
377 788 428 824 γὰρ
453 788 542 817 ἔπαθες
564 786 582 812 ἃ
605 786 727 822 ἐγκαλεῖς.
750 786 783 814 ἸΙ
807 788 836 813 τὸ
860 788 904 823 μὲν

957 204 1080 232 lentium
1095 213 1223 240 regnum
1234 205 1425 242 praeparavit.
1444 205 1500 239 Qui
1515 206 1593 234 enim
1607 207 1784 234 sustinuerit

957 257 1049 285 usque
1063 249 1213 285 adﬁnem,
1227 250 1276 278 hic
1291 251 1393 278 salvus
1408 252 1464 278 erit
1475 251 1508 278 ²⁶.
1527 250 1640 283 Quodsi
1651 258 1706 286 par
1718 251 1786 287 pari

956 295 1080 329 referas,
1094 297 1168 323 etcx
1183 303 1270 332 aequo
1285 295 1424 330 insurgas
1441 295 1585 323 adversus
1607 295 1786 324 conviciato-

956 348 1031 374 rem,
1039 348 1134 376 quam
1143 341 1263 369 tandem
1270 341 1437 377 prtetendes
1444 341 1689 369 excusationem?
1699 341 1786 374 Quod

957 387 986 413 te
1001 385 1082 421 prior
1100 385 1140 414 ad
1155 386 1231 414 iram
1250 386 1450 423 provocavit?
1472 386 1530 414 Sed
1544 386 1602 414 hoc
1622 394 1683 422 qua
1697 386 1786 416 venia

957 429 1084 465 dignum
1094 431 1108 458 ‘I
1120 432 1221 467 Neque
1237 431 1317 459 enim
1328 433 1473 460 scortator
1487 430 1539 467 qui
1550 431 1670 467 culpam
1680 431 1710 459 in
1726 438 1787 460 me-

957 476 1093 504 retricem
1106 476 1254 510 transfert,
1267 478 1414 513 tanquam
1427 484 1496 513 quae
1510 476 1549 504 ad
1564 479 1722 512 peccatum
1732 476 1786 505 im-

957 521 1076 558 pulerit,
1102 521 1258 549 remissius
1282 521 1513 550 condemnatur.
1539 522 1641 558 Neque
1665 529 1786 550 coronae

958 565 1108 594 habentur
1120 565 1183 594 sine
1194 566 1382 599 adversariis,
1399 573 1498 602 neque
1514 567 1627 600 strages
1640 566 1704 594 sine
1717 566 1788 594 hos-

959 609 1048 638 tibus.
1076 610 1151 638 Audi
1173 610 1268 638 David
1291 610 1441 639 dicentem
1470 618 1478 638 :
1503 610 1582 638 Dum
1613 611 1787 640 consisteret

957 657 1098 691 peccator
1109 655 1268 684 adversum
1279 664 1334 691 me,
1349 663 1412 684 non
1425 664 1492 684 sum
1512 657 1719 691 exasperatus,
1731 663 1787 684 nec

958 700 1039 728 ultus
1051 707 1128 735 sum,
1142 699 1195 727 sed
1208 700 1351 728 Obmutui
1360 703 1387 728 et
1401 700 1578 728 humiliatus
1590 707 1666 734 sum,
1678 703 1706 728 et
1716 700 1790 728 silui

959 752 979 774 a
1000 745 1082 773 bonis
1094 745 1127 772 ⁵⁷.
1145 745 1187 772 Tu
1201 752 1273 773 vero
1288 744 1478 773 exacerbaris
1495 744 1618 780 quidem
1631 744 1672 772 ob
1688 744 1789 772 convi-

960 789 1042 818 cium
1063 789 1143 817 velut
1159 788 1274 817 malum
1296 797 1302 817 :
1327 788 1381 816 sed
1396 790 1497 817 tamen
1516 788 1642 816 imitaris
1656 788 1731 816 illud
1746 789 1789 817 uti

105 831 236 869 ἀλλότριον
257 833 336 858 κακὸν
359 830 482 868 ἐπιμελῶς
508 831 697 865 καταϐλέπεις;
722 833 750 858 τὸ
774 830 804 857 δὲ
831 841 905 858 σεαυ-

962 832 1085 861 bonum.
1110 834 1185 861 Ecce
1204 833 1284 861 enim
1308 833 1384 862 facis
1405 833 1488 870 quod
1509 833 1716 869 reprehendis.
1743 836 1789 862 An

103 880 147 903 τοῦ
173 876 288 914 αἰσχρὸν
315 873 433 912 οὐδαμοῦ
459 876 537 906 τιθεῖς
567 883 574 910 ;
605 878 721 913 Πονηρόν
750 876 765 905 ἡ
796 875 869 914 ὕϐρις
897 883 904 909 ;

105 925 181 957 φεῦγε
195 922 253 956 (I2)
274 922 320 950 τὴν
339 922 463 957 μίμησιν.
485 920 523 946 Οὐ
537 921 588 958 γὰρ
612 918 646 949 δὴ
670 922 699 947 τό
714 921 798 958 ἕτερον
813 930 907 958 καταρο

107 965 148 997 ξαι
170 965 256 992 ἰκανὸν
281 965 314 995 εἰς
342 967 512 1003 παραίτησιν.
538 967 699 1003 Δικαιότερον
725 966 770 1002 μὲν
794 963 848 999 οὖν,
873 967 906 996 ὡς

106 1009 217 1047 ὶμαυτὸν
261 1011 351 1043 πείθω,
393 1012 438 1036 καὶ
471 1009 593 1037 ἐπιτεῖναι
631 1012 677 1039 τὴν
715 1009 904 1046 ἀγανάκτησιν,

106 1054 174 1082 διότι
198 1056 212 1081 6
233 1056 278 1092 μὲν
302 1055 349 1082 οὐκ
371 1053 427 1092 εἶχε
449 1056 479 1082 τὸ
502 1055 660 1093 σωφρονίζον
685 1054 843 1093 ὑπόδειγμα·
872 1058 924 1083 σὺ’

106 1099 144 1134 δὲ,
172 1099 274 1137 βλέπων
299 1100 505 1137 ἀσχημονοῦντα
526 1102 568 1126 τόν
585 1100 761 1138 ὀργιζόμενον,
778 1101 825 1127 οὐκ
846 1100 906 1138 ἐφυ-

104 1145 173 1177 λάξω
188 1146 269 1172 αὐτοῦ
291 1148 337 1175 τὴν
360 1146 495 1182 ὁμοίωσιν,
521 1144 575 1173 ἀλλ’
598 1145 748 1181 ἀγανακτεῖς
768 1148 813 1172 καὶ
827 1146 905 1182 χαλε-

104 1192 204 1221 παίνεις
225 1192 269 1216 καὶ
291 1190 442 1229 ἁντοργίζῃ-
458 1192 503 1217 καὶ
526 1192 624 1226 γίνεταί
641 1200 687 1217 σου
700 1191 757 1227 (13)
776 1192 805 1217 τὸ
824 1191 905 1222 πάθος

105 1234 234 1271 ἀπολογία
259 1239 305 1261 τοῦ
330 1234 511 1273 προλαϐόντος.
540 1235 631 1266 Aorsi;
664 1237 714 1273 γὰρ
747 1236 784 1266 οἷς
812 1239 903 1269 ποιεῖς,

106 1280 223 1307 κάκεῖνον
250 1280 333 1311 αἰτίας
357 1280 443 1317 ἀφίης,
475 1282 520 1307 καὶ
552 1282 658 1307 σεαυτὸν
683 1283 852 1318 κατακρίνεις.
876 1280 906 1308 Εἰ

106 1327 150 1363 μὶν
172 1326 223 1364 γὰρ
239 1327 350 1363 πονηρὸν
366 1326 379 1351 ὁ
401 1326 489 1362 θυμὸς,
503 1327 529 1352 τί
548 1325 596 1352 οὒκ
617 1325 743 1357 ἔξέκλινας
761 1327 791 1352 τὸ
803 1327 880 1352 κακὸν
897 1334 904 1360 ;

107 1370 129 1397 εἰ
153 1369 184 1397 δι
209 1372 366 1407 συγγνώμης
390 1370 472 1403 ἀξιον,
499 1379 524 1397 τι
557 1370 721 1406 χαλεπαίνεις
747 1374 784 1406 τῷ
812 1372 907 1407 θυμου-

107 1417 173 1453 μένῳ
187 1424 195 1450 ;
209 1415 300 1449 Ὥστε,
326 1415 348 1441 εἰ
369 1413 484 1452 δεύτερος
506 1413 579 1445 ἦλθες
607 1417 670 1453 πρὸς
694 1417 740 1445 τήν
761 1414 906 1450 ἀντίδοσιν,

107 1459 183 1488 οὐδέν
205 1469 235 1486 σε
255 1463 330 1486 τοῦτο
346 1459 444 1488 ὀνήσει.
466 1458 535 1486 Οῦδε
548 1461 599 1498 γὰρ
624 1459 649 1486 ἓν
670 1464 722 1491 τοῖς
745 1462 908 1497 στεφανίταις

961 877 1092 906 alienum
1101 878 1217 907 malum
1227 878 1383 913 diligenter
1393 873 1519 906 intueris
1530 879 1543 906 ?
1553 877 1640 906 ducis
1650 885 1722 906 vero
1732 886 1789 914 pro

959 921 1053 951 nihilo
1076 924 1160 951 tuam
1179 922 1274 959 ipsius
1293 922 1508 959 turpitudinem
1523 922 1537 950 τ
1553 923 1657 950 Nonne
1672 921 1789 951 malum

960 967 1145 996 contumelia
1161 968 1176 996 Τ
1186 968 1262 996 Cave
1277 967 1411 995 imiteris.
1429 968 1504 996 Nam
1517 967 1667 1003 incepisse
1682 967 1788 1002 alium,

959 1019 1022 1041 non
1034 1012 1145 1041 sufﬁcit
1153 1012 1194 1040 ad
1205 1012 1443 1041 excusationem.
1454 1014 1517 1040 imo
1527 1019 1598 1040 vero
1608 1012 1724 1048 aequius
1733 1015 1788 1048 est,

959 1061 993 1088 ut
1013 1058 1088 1087 mihi
1109 1058 1290 1095 persuadeo,
1315 1058 1430 1087 intendi
1454 1058 1544 1086 etiam
1569 1058 1732 1086 adversum
1761 1061 1790 1088 te

959 1103 1126 1141 querelam,
1142 1103 1226 1140 quod
1238 1103 1287 1131 ille
1301 1103 1475 1139 exemplum
1488 1110 1550 1139 quo
1563 1102 1789 1139 emendaretur,

959 1155 1156 1184 nequaquam
1169 1146 1318 1175 habuerit.
1333 1148 1376 1175 Tu
1390 1149 1492 1175 tamen
1504 1146 1612 1174 videns
1624 1146 1734 1175 iratum
1744 1146 1790 1175 in-

959 1191 1068 1221 decore
1074 1199 1106 1219 se
1114 1193 1279 1227 gerentem,
1286 1198 1347 1219 non
1353 1190 1433 1218 illius
1442 1190 1541 1219 vitasti
1547 1190 1773 1219 similitudinem
1781 1197 1788 1219 :

960 1235 1014 1264 sed
1028 1235 1208 1271 indignaris,
1218 1237 1252 1264 et'
1262 1242 1341 1270 agre
1355 1234 1425 1270 fers,
1441 1237 1470 1264 et
1482 1235 1614 1263 vicissim
1631 1235 1788 1264 irasceris:

960 1280 1089 1317 ideoque
1104 1283 1156 1308 tua
1169 1280 1264 1316 ipsius
1279 1279 1466 1316 perturbatio
1482 1279 1685 1315 aggredientis
1705 1287 1789 1308 exor-

960 1324 1131 1362 dientisque
1137 1323 1272 1352 defensio
1282 1324 1315 1352 ﬁt
1322 1326 1350 1352 et
1360 1324 1522 1361 excusatio.
1532 1324 1608 1352 Nam
1617 1331 1670 1360 per
1678 1332 1713 1353 ea
1721 1332 1789 1361 quae

960 1370 1024 1408 ipse
1048 1369 1132 1404 facis,
1150 1372 1213 1397 tum
1233 1369 1288 1404 87
1312 1368 1397 1397 illum
1415 1368 1527 1397 liberas
1551 1368 1650 1405 culpa,
1675 1371 1739 1398 tum
1761 1371 1790 1398 te

961 1415 1026 1452 ipse
1052 1414 1251 1443 condemnas.
1277 1413 1392 1442 Etenim
1418 1413 1443 1441 si
1462 1413 1579 1441 malum
1593 1414 1639 1442 ira
1661 1415 1715 1449 est,
1737 1420 1791 1442 cur

961 1460 1078 1488 malum
1092 1466 1155 1488 non
1169 1457 1326 1487 declinasti
1343 1458 1356 1486 7
1373 1458 1423 1487 Sin
1447 1460 1549 1486 autem
1571 1458 1730 1495 quidpiam
1745 1460 1790 1487 est

109 1505 208 1542 ἀγῶσιν
235 1505 248 1531 6
276 1504 404 1543 κατάρξας
430 1509 480 1531 τῶν
501 1504 700 1542 παλαισμάτων,
717 1505 771 1531 ἀλλ’
796 1507 808 1532 6
830 1506 907 1544 ὑπερ-

962 1506 1051 1535 venia
1070 1504 1210 1540 dignum,
1232 1511 1286 1532 cur
1300 1503 1436 1531 infensus
1458 1511 1490 1531 es
1508 1503 1676 1532 irascenti?
1692 1504 1789 1536 Quare

108 1550 258 1587 ϐαλλόμενος
303 1550 359 1585 (14)
406 1553 584 1586 στεφανοῦται.
631 1553 681 1577 Καὶ
728 1553 908 1588 κατακρίνεται

108 1598 192 1622 τοίνυν
214 1595 278 1631 οὐχὶ
293 1596 370 1631 μόνον
395 1595 408 1620 6
432 1595 648 1632 καθηγησάμενος
666 1599 711 1621 τοῦ
730 1593 826 1623 δεινοῦ.
853 1594 906 1622 ἀλλ’

109 1640 122 1666 ὁ
144 1642 189 1666 καὶ
215 1643 320 1677 πονηρῷ
345 1640 453 1676 ἡγεμόνι
477 1641 540 1676 πρὸς
560 1641 607 1669 τὴν
628 1639 758 1678 ἁμαρτίαν
773 1639 907 1672 ἐξακολου-

110 1685 201 1715 θήσας.
232 1684 290 1711 Ἐὰν
325 1684 423 1713 πένητά
454 1693 482 1710 σε
510 1686 651 1721 προσείπῃ,
682 1684 704 1711 εἰ
741 1687 786 1722 μὲν
822 1684 905 1715 ἀληθῆ

109 1730 186 1766 λέγει,
211 1727 352 1761 κατάδεξαι
383 1731 430 1759 τὴν
459 1728 590 1759 ἀλήθειαν·
620 1729 642 1756 εἰ
670 1728 700 1756 δὲ
720 1728 855 1765 ψεύδεται,
882 1732 908 1757 τί

109 1776 173 1813 πρὸς
193 1775 223 1801 σὶ
248 1775 276 1800 τὸ
290 1773 423 1811 λεγόμενον
439 1782 446 1808 ;
463 1775 536 1803 Μήτε
550 1776 612 1812 πρὸς
627 1773 747 1806 ἐπαίνους
767 1776 908 1812 χαννωθῇς

107 1821 168 1850 τοὺς
191 1819 254 1856 ὕπερ
278 1820 323 1848 τὴν
342 1818 473 1848 ἀλήθειαν⁵
498 1821 564 1855 μήτε
592 1821 654 1856 πρὸς
677 1818 764 1857 ὕϐρεις
783 1819 908 1858 ἀγριανῇς

108 1866 155 1895 τὰς
174 1863 228 1900 οὐχ
247 1863 388 1900 ἁπτομένας
408 1873 466 1892 σου.
489 1864 545 1890 Οὐκ
561 1865 620 1902 ὁρᾷς
634 1865 666 1891 τὰ
685 1864 839 1902 τοξεύματα,
855 1870 909 1897 πῶς

108 1914 157 1936 τῶν
181 1911 228 1946 μὲν
247 1908 356 1946 περῥών
382 1911 428 1936 καὶ
450 1907 594 1936 ἀντιτύπων
616 1911 711 1946 πέφυκε
737 1909 907 1940 διεκπίτπειν,

111 1954 134 1981 ἓν
150 1953 180 1980 δε
191 1957 243 1984 τοῖς
259 1952 365 1984 ἁπαλοῖς
378 1956 422 1980 καὶ
437 1954 575 1980 ὑπείκουσι
589 1956 636 1984 τὴν
652 1955 734 1992 ὁρμὴν
751 1955 883 1982 ὑπεκλύειν
900 1964 907 1991 ;

111 2002 231 2026 Τοιοῦτον
256 1997 289 2028 δή
311 2008 337 2024 τι
358 1999 448 2035 νόμιζε
474 1998 539 2025 εἶναι
564 2001 610 2025 καὶ
638 2001 667 2026 τὸ
695 2004 740 2031 τῆς
766 1999 907 2038 λοιδορίας.

111 2041 140 2070 Ὀ
163 2045 208 2080 μὶν
231 2042 382 2070 ἀντιϐαίνων
408 2043 440 2074 εἰς
470 2043 559 2070 ἑαυτὸν
583 2042 769 2081 καταδέχεται·
793 2046 805 2072 ὁ
829 2044 858 2072 δὲ
873 2046 910 2072 ἔν-

113 2087 204 2118 διδούς
226 2090 271 2114 καὶ
292 2089 402 2114 ὑπείκων
427 2087 450 2114 ἓν
473 2092 503 2125 τῇ
530 2088 674 2119 ἁπαλότητι
693 2094 738 2116 τοῦ
753 2092 849 2127 τρόπον
862 2093 910 2120 τὴν

113 2132 150 2160 ἔπ’
179 2132 256 2160 αὐτὸν
290 2135 428 2170 φερομένην
461 2135 587 2171 πονηρίαν
616 2132 729 2162 διέλυσε.
764 2138 794 2161 Τί
823 2134 854 2162 δέ
882 2145 911 2163 σε

962 1550 1017 1580 etsi
1031 1549 1177 1586 posterior
1189 1555 1245 1586 par
1255 1547 1324 1586 pari
1344 1547 1482 1582 retulisti,
1506 1546 1582 1575 nihil
1602 1547 1673 1575 inde
1688 1548 1790 1584 capies

961 1593 1170 1624 emolumenti.
1186 1595 1288 1629 Neque
1302 1592 1383 1620 enim
1403 1591 1434 1620 in
1450 1591 1666 1620 certaminibus
1681 1592 1711 1620 in
1723 1593 1789 1629 qui-

961 1640 1019 1669 bus
1034 1639 1194 1676 praamium
1214 1645 1327 1666 corona
1347 1637 1537 1674 proponitur,
1556 1637 1729 1665 certaminis
1743 1637 1790 1666 in-

961 1688 1074 1722 ceptor,
1085 1684 1139 1712 sed
1147 1683 1241 1712 victor
1249 1685 1421 1711 coronatur.
1431 1682 1606 1720 Idcircoque
1616 1690 1678 1711 non
1691 1683 1790 1712 solum

961 1731 1015 1768 qui
1028 1729 1102 1758 mali
1117 1731 1221 1757 auctor
1235 1727 1299 1762 fuit,
1316 1727 1369 1755 sed
1382 1727 1471 1756 etiam
1487 1727 1538 1763 qui
1549 1727 1665 1756 malum
1680 1727 1790 1757 ducem

962 1775 1002 1804 ad
1017 1776 1176 1812 peccatum
1189 1774 1308 1801 secutus
1324 1774 1378 1803 est.
1390 1772 1620 1800 condemnatur.
1636 1773 1665 1800 Si
1678 1775 1705 1801 te
1715 1781 1791 1809 pau«

962 1827 1066 1857 perem
1085 1817 1291 1855 appellaverit,
1306 1816 1332 1844 si
1346 1824 1453 1844 verum
1467 1816 1617 1852 loquatur,
1630 1817 1729 1853 perfer
1741 1825 1789 1846 ve-

961 1865 1080 1894 ritatem
1091 1864 1152 1898 ;sin
1162 1862 1314 1896 mentitur,
1325 1861 1399 1897 quid
1410 1861 1450 1889 ad
1457 1863 1483 1890 te
1493 1860 1577 1897 quod
1586 1860 1661 1890 dixit
1669 1861 1682 1889 ?
1689 1863 1790 1896 Neque

963 1909 1097 1939 eﬂ'eraris
1111 1908 1152 1937 ob
1166 1915 1218 1936 eas
1233 1914 1301 1944 quae
1316 1913 1421 1934 verum
1433 1906 1583 1935 excedunt
1593 1905 1699 1935 laudes
1716 1915 1723 1941 ;
1739 1914 1791 1935 ne-

963 1963 1023 1994 que
1035 1954 1075 1983 ob
1089 1952 1287 1982 contumelias
1296 1959 1364 1988 quae
1380 1953 1406 1979 te
1418 1959 1479 1979 non
1489 1951 1650 1986 attingunt,
1665 1959 1791 1988 exaspe~

963 2000 1048 2029 reris.
1072 2002 1117 2027 An
1130 2006 1192 2026 non
1207 1997 1292 2025 vides
1306 1995 1463 2032 quomodo
1479 1995 1595 2031 sagittae
1611 1995 1744 2031 duriora,
1764 1998 1794 2025 et

964 2053 1032 2083 quin
1053 2044 1232 2075 renituntur,
1258 2040 1375 2069 soleant
1395 2043 1562 2076 penetrare,
1590 2040 1621 2068 in
1649 2041 1793 2069 mollibus

964 2098 1035 2119 vero
1044 2091 1071 2117 et
1082 2096 1150 2126 quae
1162 2087 1280 2120 cedant,
1292 2086 1439 2121 impetum
1449 2093 1539 2113 suum
1551 2085 1707 2120 frangere?
1718 2087 1794 2114 Con-

966 2135 1062 2164 simile
1076 2132 1235 2171 quiddam,
1252 2130 1421 2159 convicium
1437 2127 1502 2158 esse
1515 2132 1600 2166 puta.
1618 2130 1674 2163 Qui
1689 2133 1794 2159 contra.

111 2179 239 2217 ταράσσει
262 2178 278 2208 ἦ
304 2180 470 2216 προσηγορία
493 2182 538 2204 τοῦ
562 2181 690 2214 πένητος;
711 2181 852 2210 Μνήσοητι
866 2185 908 2212 τῆς

967 2178 1114 2214 tendit,id
1135 2178 1165 2206 in
1178 2185 1209 2205 se
1222 2175 1345 2211 recipit:
1368 2174 1421 2210 qui
1446 2182 1516 2202 vero
1537 2175 1661 2202 remisse
1683 2175 1744 2209 agit
1759 2183 1795 2203 ac

113 2217 211 2260 ῥύσεως
234 2227 352 2250 σεαυτοῦ·
375 2224 414 2249 ὃτι
430 2225 527 2260 γυμνὸς
548 2224 583 2254 εἰς
606 2226 649 2250 τὸν
671 2227 768 2262 κόσμον
796 2226 910 2257 εἰσῆλθες

114 2269 208 2305 γυμνὸς
230 2270 276 2294 καὶ
297 2267 437 2305 ἀπελεὺσῃ.
460 2270 492 2295 Τί
520 2266 551 2294 δὲ
575 2273 675 2305 γυμνοῦ
698 2273 881 2309 πενιχρότερον
903 2279 910 2306 ;

112 2311 196 2340 Οὐδὲν
218 2314 332 2344 ἤκουσας
348 2311 442 2347 δεινὸν,
467 2312 510 2340 εὰν
534 2315 570 2351 μὴ
585 2318 686 2351 σεαυτῷ
708 2315 844 2354 οἱκειώσῃς
855 2318 911 2353 (15)

145 2401 170 2422 ⁸⁵
186 2404 197 2432 Ι
212 2403 278 2432 Cor.
293 2409 330 2438 tv,
349 2404 392 2432 to.
431 2403 455 2422 τε
475 2403 578 2433 Matth.
594 2412 622 2438 χ,
634 2403 678 2433 22.

146 2466 207 2502 (10)
221 2466 424 2505 Beg._primus
439 2467 568 2504 ἡτοίμασε
584 2470 631 2498 τὴν
648 2469 780 2505 σωτηρίαν
796 2470 822 2504 ἡ,
837 2477 918 2505 prm-

111 2503 238 2537 paravit
253 2503 392 2530 salutem.

148 2539 206 2579 (tt)
227 2537 328 2579 code;
343 2538 479 2579 Qoislaet
494 2539 579 2579 Coll).
597 2539 700 2568 tertius
724 2544 773 2571 τῆς
795 2543 917 2579 κρίσεως.

115 2573 222 2602 Statim
236 2573 289 2612 ubi
304 2576 336 2612 et
345 2574 375 2602 in
387 2574 474 2602 editis
489 2577 518 2602 et
531 2575 562 2612 in
576 2584 651 2604 mss.
671 2584 784 2612 magno
798 2573 873 2605 inter
887 2585 919 2605 se

114 2617 271 2649 consensu
281 2609 388 2649 legitur
400 2613 538 2649 πτωματα,
550 2611 611 2649 legi
619 2609 739 2649 debere
747 2615 861 2649 τρόπαια
871 2621 919 2641 su-

115 2645 250 2683 spicatur
271 2645 316 2672 vir
330 2645 526 2683 doctissimus
542 2645 742 2675 Combetisius
758 2645 844 2683 cujus
863 2657 920 2676 nos

115 2681 333 2721 conjecturam.
345 2681 402 2708 nisi
416 2681 484 2721 libri
495 2685 612 2721 veteres
622 2681 825 2721 prohiberent,
837 2683 919 2721 haud

114 2716 258 2754 invitiseq
263 2724 410 2754 ueremur.
418 2717 529 2754 Quode
537 2726 555 2753 q
561 2716 687 2754 uisp’iam
693 2716 920 2753 ,reluctantibus

115 2751 267 2788 veteribus
278 2751 373 2783 libris,
393 2754 507 2788 τρόπαια
520 2751 618 2788 legere
634 2751 729 2788 malit,
746 2755 788 2783 sic
807 2758 919 2783 vertere

115 2787 227 2824 poterit
242 2794 337 2851 magae
350 2787 465 2831 tropica
485 2789 706 2832 sin-e'hoslibus.
723 2790 840 2820 Ibidem
857 2791 919 2820 duo

302 2830 403 2850 ATROL.
426 2827 475 2851 tm.
496 2825 582 2852 Χλλι.

967 2224 1056 2258 cedit,
1072 2230 1192 2251 morum
1206 2220 1326 2249 lenitate
1341 2219 1455 2247 illatam
1466 2218 1524 2247 sibi
1534 2218 1675 2254 injuriam
1688 2218 1796 2248 dissol-

966 2271 1018 2299 vit.
1035 2268 1112 2302 Quid
1127 2269 1228 2296 autem
1242 2268 1268 2294 te
1279 2263 1435 2301 perturbat
1445 2264 1589 2300 pauperis
1605 2263 1797 2299 cognomen?

965 2315 997 2344 in
1011 2315 1144 2343 mentem
1153 2311 1256 2341 veniat
1265 2312 1323 2339 tuo:
1333 2311 1460 2345 natum,
1470 2308 1555 2346 quod
1567 2309 1668 2338 nudus
1680 2308 1798 2346 ingres-

717 2406 741 2424 ’⁷
762 2405 841 2435 Psal.
859 2408 981 2442 xxxvrii,
995 2406 1025 2441 2,
1041 2406 1070 2434 3.

973 2465 1133 2498 Colbertini
1150 2463 1238 2491 ἄκουε.
1278 2498 1283 2502 ⁸
1298 2500 1301 2502 Δ

1011 2506 1067 2537 (12)
1091 2501 1164 2530 Editi
1180 2498 1392 2537 Wynﬁtmss.
1409 2496 1547 2537 nonnulli
1561 2501 1648 2534 φεῦγε.

1009 2534 1066 2575 (13)
1085 2538 1131 2566 Sic
1148 2534 1234 2575 multi
1249 2535 1456 2575 librilveteres.
1474 2534 1549 2561 Editi
1560 2536 1727 2575 Δ-γίίνεταίιινοι

1087 2575 1157 2608 Reg.
1195 2572 1298 2610 rimus
1314 2569 1530 2606 ὑπερϐαλόμενος.
1552 2569 1714 2610 aliquanto
1735 2572 1804 2610 post

1011 2620 1048 2635 RR.
1065 2580 1201 2635 nonnuﬁi
1217 2606 1271 2633 αλλ’
1288 2616 1300 2631 ο
1313 2607 1359 2631 καὶ
1374 2609 1489 2635 πονηρῷ.
1507 2607 1655 2632 Articutus
1670 2613 1699 2632 in
1716 2606 1804 2634 editis

974 2606 1048 2640 mss.
1059 2606 1201 2638 nonnulli
1217 2606 1271 2633 ἀλλ’
1288 2607 1300 2631 ὁ
1313 2607 1359 2631 καὶ
1374 2609 1489 2641 πονηρῷ.
1507 2606 1655 2641 Articutus
1670 2606 1699 2632 in
1716 2606 1804 2634 editis

973 2655 1036 2676 non
1052 2645 1212 2674 invenitur.
1228 2641 1361 2671 Subinde
1377 2639 1530 2669 duo'mss.
1551 2639 1680 2678 ἁμαρτίαν
1696 2641 1803 2668 ἀκοὶουη

976 2685 1006 2712 θὴ
1012 2692 1070 2713 σας.

1009 2711 1068 2751 (ιδ’)
1085 2715 1160 2744 Editi
1175 2715 1308 2750 οἰκειώσῃ.
1325 2714 1361 2741 At
1377 2721 1450 2740 mss.
1466 2719 1529 2751 non
1548 2711 1639 2747 pauci
1654 2711 1802 2743 οἱκιιώσης.

974 2751 1040 2783 ΜόΧ
1055 2753 1137 2782 Colb.
1153 2751 1269 2788 primus
1285 2751 1367 2786 φέρειν
1383 2750 1518 2784 γενναίως·

1668 2820 1700 2846 12
