2059 3136
272 125 323 152 363

976 124 1005 152 S.
1026 124 1150 152 BASILH
1165 125 1274 152 MAGNI

1898 131 1952 158 364

271 193 323 213 sus
342 193 375 213 es
403 185 434 214 in
462 185 623 219 mundum,
639 185 801 222 nudusque
826 193 857 213 es
873 192 1050 220 egressurus
1071 186 1081 202 ²

1153 186 1186 211 τὰ
1201 186 1330 223 εἰρημένα.
1345 189 1388 217 Τίς
1411 196 1471 213 ποτε
1494 186 1602 223 ἀπήχθη
1630 186 1677 214 διὰ
1697 191 1785 215 πενίαν
1800 190 1833 220 εἰς
1847 189 1952 227 δεσμω-

271 230 347 262 Quid
357 233 457 258 autem
471 230 554 258 nudo
570 230 732 266 pauperius
748 230 811 258 est?
821 230 896 258 Nihil
912 237 1003 264 grave
1014 229 1098 257 audi-

269 275 347 311 visti,
370 275 427 303 nisi
449 274 532 311 quod
548 283 584 302 ea
598 283 667 311 qute
687 274 768 303 dicta
788 277 868 309 sunt,
884 279 937 302 tua
952 274 1045 302 solius
1068 276 1096 302 et

267 319 390 356 propria
399 319 528 347 duxeris.
541 319 610 352 Quis
619 327 757 355 unquam
768 319 808 347 ob
822 321 1032 356 paupertatem
1044 318 1097 346 ab-

267 364 375 392 ductus
390 365 434 392 est
447 364 477 392 in
491 372 641 392 carcerem
653 364 666 391 ‘2
683 365 851 400 Pauperem
874 372 938 392 esse
952 371 1012 392 non
1029 371 1096 399 pro-

266 407 392 436 brosum
403 410 459 442 est,
473 409 527 436 sed
546 410 756 445 paupertatem
774 416 918 443 generose
933 415 994 445 non
1007 408 1093 436 ferre.

265 454 376 482 Memor
397 457 462 482 esto
485 454 612 487 Domini,
629 454 686 487 Qui
700 462 766 482 cum
780 454 861 482 dives
872 457 955 487 esset,
968 456 1095 489 propter

265 506 316 527 nos
331 507 441 534 egenus
453 499 557 534 factus
573 501 615 526 est
629 500 662 526 ’9.
675 498 804 526 Stultum
818 501 845 526 te
857 501 885 526 et
898 498 1055 526 indoctum
1069 497 1093 525 si

264 543 432 580 appellarit,
448 543 620 571 memineris
636 551 740 571 earum
755 551 823 579 quia
839 551 857 571 δ,
870 543 981 570 Judaeis
994 542 1023 570 in
1039 550 1093 570 ve-

263 595 330 616 ram
347 587 528 624 sapicntiam
541 588 629 623 jactze
646 590 726 623 sunt,
738 587 917 621 iniuriarum
934 596 940 615 :
957 587 1092 615 Samari-

264 635 354 661 tanus
365 641 404 668 es,
420 635 447 660 et
460 633 640 660 dwmonium
653 633 743 660 habes
759 632 793 660 ³⁸).
808 632 893 665 Quod
908 632 930 659 si
944 631 1089 664 irasceris,

264 677 450 706 confirmasti
467 677 590 712 probra.
608 677 720 713 Ecquid
737 677 817 704 enim
831 676 947 704 stultius
961 679 1006 704 est
1019 676 1064 704 ira.
1077 676 1091 704 ‘I

264 722 313 751 Sin
330 725 432 750 autem
448 721 628 758 tranquillus
642 725 669 749 et
680 721 744 749 sine
758 721 801 749 ira
815 721 1030 758 permanseris,
1047 720 1090 748 in-

262 767 339 794 cutis
352 766 501 803 pudorem
527 765 730 799 conviciatori,
748 774 817 793 cum
833 766 1027 801 prudentiam
1045 773 1089 793 re-

261 811 330 847 ipsa
339 811 504 839 ostenderis
517 813 607 846 atque
618 810 809 838 modestiam.
819 811 919 838 Caesus
930 809 1025 846 alapis
1036 817 1068 838 es
1076 809 1090 837 ?

1150 232 1239 268 τὴριον
1263 239 1269 265 ;
1295 231 1332 257 Οὔ
1356 233 1384 257 τὸ
1406 232 1528 258 πένεσθαι
1554 231 1738 268 ἐπονείδιστον,
1765 233 1828 261 ἀλλὰ
1850 237 1878 261 τὸ
1911 238 1948 272 μὴ

1152 278 1233 312 φέρειν
1249 275 1354 311 εὐγενῶς
1379 278 1425 306 τὴν
1449 278 1547 304 πενίαν.
1573 279 1712 307 Μνὴσθητι
1735 283 1781 305 τοῦ
1807 282 1948 307 Δεσπότου·

1151 320 1189 345 ὁτι
1214 319 1340 351 Inoino;
1362 322 1405 355 ὧν,
1431 320 1580 357 ἐπτώχενσε
1605 320 1634 348 δί
1659 323 1737 359 ἡμᾶς.
1768 323 1826 350 Ἐὰν
1849 325 1950 362 ἄφρονά

1151 374 1180 391 σε
1210 368 1254 391 καὶ
1295 364 1382 402 ἀμαθῆ
1425 368 1639 404 προσαγορεύσῃ,
1682 368 1867 404 ὑπομνὴσθητι
1898 374 1949 396 τῶν

1150 408 1301 436 Ἰουὸαίκῶν
1326 410 1432 448 ὕϐρεων,
1457 412 1495 441 αἷς
1516 413 1563 440 τὴν
1591 411 1713 441 ἀληθινὴν
1736 415 1827 450 σοφίαν
1851 413 1948 441 ἐλοιδο-

1147 457 1271 491 ρήσαντο.
1297 458 1456 492 Σαμαρειτης
1481 454 1512 489 εἴ,
1540 458 1584 482 καὶ
1618 455 1753 493 δαιμόνιον
1779 459 1858 494 ἔχεις.
1887 459 1946 485 Ἐὰν

1147 500 1192 535 μὲν
1218 497 1261 525 οὖν
1290 498 1425 536 ὀργισθῇς,
1461 499 1617 531 ἐϐεϐαίωσας
1644 503 1675 527 τὰ
1708 500 1807 531 ὀνείδη·
1836 504 1862 528 τί
1893 504 1945 540 γάρ

1147 543 1225 581 ὀργῆς
1248 543 1451 582 ἀφρονέστερον;
1477 544 1520 570 ἐὰν
1543 543 1572 571 δὲ
1595 547 1683 582 μείνῃς
1697 545 1831 584 ἀόργητος,
1852 549 1946 584 ῇσχυ-

1146 598 1189 618 νας
1207 590 1250 614 τὸν
1277 588 1432 625 ὑϐρίσαντα,
1459 590 1525 626 ἔργῳ
1547 591 1593 618 τὴν
1618 593 1788 628 σωφροσύνην
1814 590 1946 623 ἐπιδειξά-

1146 642 1227 669 μενος.
1249 633 1444 670 Ἐῥραπίσθης;
1467 636 1511 660 καὶ
1534 635 1585 672 γὰρ
1601 636 1675 661 καὶὸ
1700 637 1802 673 Κύριος.
1826 635 1946 662 Ἐνεπτὺ-

1147 677 1228 710 σθηςς
1251 679 1295 703 καὶ
1310 678 1389 714 γὰρὸ
1413 680 1545 709 Δεσπότης
1567 679 1650 715 ἡμῶν.
1676 682 1713 706 Οὺ
1725 682 1776 718 γᾲρ
1798 680 1945 718 ἀπέστρεψε

1143 722 1172 748 τὸ
1216 724 1354 759 πρόσωπον
1387 722 1442 758 (16)
1489 722 1539 749 ἀπὸ
1583 723 1714 760 αἰσχύνης
1741 725 1944 762 ἑμπτυσμάτων,

1145 765 1388 803 Ἐσυκοφαντὴθης;
1416 770 1460 794 καὶ
1480 769 1530 805 γὰρ
1553 771 1598 795 καὶ
1620 768 1632 794 ὀ
1652 772 1750 807 χριτής.
1772 770 1945 808 Περιέῤῥηξάν

1146 821 1193 837 σου
1208 812 1250 837 τὸν
1274 813 1433 847 χιτωνίσκον
1450 820 1456 845 ;
1484 811 1632 839 ’Λπέὸυσάν
1655 824 1705 850 μου
1721 816 1821 841 καὶτὸν
1836 815 1944 852 Κύριον,

261 862 297 888 At
309 860 387 888 enim
400 860 544 888 Dominus
556 867 688 895 quoque.
707 859 832 886 lnfeetus
849 867 880 887 es
895 858 991 895 sputis
1001 858 1014 885 7
1031 857 1082 886 Sed

1145 858 1189 882 καὶ
1212 854 1392 893 διεμερίσαντο
1408 857 1441 882 τὰ
1457 858 1548 893 ἱμάτια
1563 857 1642 884 αὐτοῦ
1664 859 1772 890 ἑαυτοῖς.
1790 861 1870 886 Οὔπω
1885 869 1946 885 κατ-

261 907 289 933 et
308 904 452 933 Dominus
465 906 574 932 n05ter.
589 904 656 931 Non
669 903 749 932 enim
763 904 871 931 avertit
882 903 993 938 faciem
1003 911 1089 931 suam

261 958 278 978 ιι
290 950 464 984 confusione
475 952 634 983 sputorum
651 949 685 977 5‘.
702 949 826 977 Structie
844 948 896 977 tibi
919 950 989 976 sunt
1002 956 1089 985 syco-

1145 901 1257 938 εκρίθης,
1287 902 1358 926 οὔπω
1383 901 1557 939 ἑσταυρὼθης.
1587 902 1671 929 Πολλοί
1702 913 1743 930 σοι
1775 903 1866 941 λείπει,
1904 909 1947 933 ἵνα

1145 947 1246 982 φθασῃς
1258 945 1335 972 αὐτοῦ
1348 948 1411 983 πρὸς
1421 948 1468 975 τὴν
1479 949 1602 983 μίμησιν.

259 999 393 1036 phantiae
408 998 420 1024 ‘t
436 998 541 1034 Utique
557 1000 585 1025 et
597 997 702 1033 judici.
720 997 908 1025 Disciderunt
923 999 1007 1025 tuam
1022 995 1181 1025 tunicam?
1201 996 1352 1023 Exuerunt
1374 995 1465 1024 etiam
1481 996 1641 1026 Dominum
1656 1006 1769 1035 meum,
1790 1003 1819 1029 et
1835 1001 1946 1031 divise-

259 1046 330 1072 runt
344 1043 420 1071 inter
435 1051 466 1070 se
486 1043 550 1078 ejus
564 1043 742 1070 vestimenta
768 1042 803 1071 33.
827 1042 967 1070 Nondum
983 1041 1206 1070 condemnatus
1233 1048 1276 1075 es,
1300 1040 1437 1068 nondum
1453 1041 1625 1071 crucifixus.
1642 1043 1755 1073 Desunt
1768 1045 1821 1074 tibi
1838 1047 1942 1079 multa,

260 1090 293 1116 ut
308 1087 467 1124 pervenias
484 1087 523 1115 ad
538 1086 633 1123 ipsius
646 1086 856 1115 imitationem.

297 1135 322 1160 5.
335 1132 468 1160 Subeant
479 1131 616 1160 animum
627 1133 713 1159 tuum
722 1131 832 1159 horum
844 1130 976 1166 singula,
997 1133 1086 1168 atque

260 1176 543 1207 excandescentiam
563 1184 598 1205 ac
612 1178 760 1204 tumorem
777 1176 988 1212 comprimunt.
1005 1176 1087 1211 Ejus-

259 1223 344 1251 modi
358 1222 439 1251 enim
461 1221 697 1258 praeparationes
718 1221 964 1257 affectionesque,
988 1220 1086 1249 cordis

259 1268 347 1304 quasi
365 1267 460 1295 saltus
481 1274 516 1294 ac
536 1266 643 1303 pulsus
663 1266 877 1301 rescindentes,
899 1267 1031 1293 mentem
1046 1265 1086 1293 ad

260 1312 463 1340 constantiam
479 1319 514 1339 ac
528 1310 762 1346 trauquilitatem
777 1309 936 1338 reducunt.
960 1311 992 1337 Et
1013 1317 1085 1337 sane

259 1356 317 1384 hoc
333 1359 377 1384 est
388 1355 472 1392 quod
486 1355 598 1383 dictum
615 1357 661 1382 est
675 1363 692 1382 ιι
712 1354 822 1382 Davide
839 1363 845 1381 ε
861 1355 994 1382 Paratus
1008 1362 1084 1388 sum,

261 1404 288 1430 et
299 1409 359 1429 non
371 1409 436 1428 sum
452 1400 592 1428 turbatus
603 1399 636 1426 33.
655 1401 777 1435 Oportet
790 1399 878 1433 igitur
894 1405 1085 1435 compescere

260 1448 288 1474 te
300 1446 442 1474 insanum
456 1452 492 1473 ac
506 1444 667 1472 vecordem
687 1443 779 1471 animi
793 1445 921 1477 motum,
936 1443 1086 1479 exemplo-

259 1498 327 1519 rum
343 1499 411 1527 quee
431 1498 449 1518 τι
463 1489 558 1517 beatis
573 1489 646 1517 viris
668 1488 771 1516 relicta
790 1490 870 1522 sunt,
896 1495 1062 1516 memorem
1077 1496 1084 1515 :

259 1535 415 1572 quomodo
429 1534 539 1562 scilicet
554 1541 685 1568 magnus
698 1533 745 1560 ille
763 1532 857 1560 David
875 1532 1084 1568 petulantiam.

260 1580 356 1608 Semei
365 1581 518 1607 mensuete
524 1577 687 1615 pertulerit.
694 1579 757 1605 Non
769 1576 849 1605 enim
862 1579 981 1612 tempus
993 1576 1087 1604 dabat

260 1622 676 1658 commotioniiraa,siquidcm
683 1621 987 1656 cogitationemsuam
996 1622 1086 1648 trans-

260 1669 376 1697 ferebat
389 1668 420 1696 in
436 1669 540 1695 Deum.
557 1667 603 1694 Ait
613 1665 756 1693 nimirum
769 1674 774 1693 :
788 1666 932 1693 Dominus
944 1665 1021 1693 dixit
1036 1665 1085 1694 Se-

258 1714 326 1749 7ηεὶ,
340 1716 372 1741 ut
383 1711 573 1741 malediceret
584 1711 695 1740 Davidi
704 1711 739 1739 ³³.
751 1711 940 1746 Quapropter
953 1718 1022 1737 cum
1035 1718 1086 1738 vo-

259 1760 377 1787 caretur
392 1757 433 1785 vir
445 1755 640 1792 sanguinum,
657 1755 716 1791 88
732 1754 815 1783 etvir
838 1754 970 1790 iniquus,
990 1754 1085 1782 haud-

257 1810 416 1840 quaquam
431 1801 457 1830 ei
479 1801 670 1829 succensuit:
689 1800 741 1828 sed
761 1808 791 1827 se
811 1799 875 1836 ipse
892 1798 1083 1832 humiliabat,

257 1848 345 1885 quasi
355 1847 422 1883 jure
436 1855 472 1874 ac
483 1846 589 1874 merito
605 1845 771 1873 maledictis
784 1844 1034 1880 contumeliisque
1043 1843 1084 1871 la-

257 1892 391 1920 cessitus.
406 1892 473 1919 Jam
487 1898 560 1918 vero
580 1890 640 1918 duo
656 1890 720 1918 haec
735 1897 771 1917 ex
786 1889 889 1917 animo
905 1891 956 1916 tuo
973 1888 1080 1923 exime,

255 1945 311 1966 nec
322 1935 639 1973 teipsumjudicaveris
649 1934 768 1969 magnis
778 1933 868 1961 rebus
881 1933 1017 1969 dignum,
1027 1941 1082 1961 nec

255 1989 444 2018 quemquam
456 1979 615 2008 hominum
631 1979 751 2006 duxeris
766 1978 819 2006 tibi
834 1977 977 2012 dignitate
992 1977 1081 2012 longe

253 2026 427 2055 inferiorem
441 2032 516 2053 esse.
532 2024 577 2052 Sic
588 2023 680 2056 enim,
691 2023 758 2051 licet
768 2022 935 2058 ignominia
945 2022 1079 2058 appetiti,

251 2078 412 2107 nunquam
419 2069 458 2098 ad
466 2069 542 2097 iram
550 2067 776 2097 concitahimur.
785 2068 878 2095 Grave
885 2066 1009 2103 quidem
1019 2067 1080 2095 fue-

251 2115 298 2150 rit,
310 2115 465 2144 hominem
475 2112 629 2142 beneﬁciis
641 2112 792 2146 affectum,
804 2111 953 2148 donisque
967 2120 1002 2140 ac
1014 2119 1079 2147 gra-

250 2160 298 2190 tiis
305 2159 446 2189 maximis
454 2159 632 2194 obligatum,
639 2160 746 2194 praeter
755 2156 963 2193 iugratianimi
972 2157 1078 2185 vitium

249 2205 350 2234 adhuc
360 2213 484 2242 quoque
493 2203 531 2232 ad
540 2203 709 2232 convicium
719 2205 808 2239 atque
819 2202 857 2230 ad
866 2201 1075 2239 ignominiam,

247 2250 380 2287 priorem
394 2257 556 2278 recurrere.
574 2250 667 2276 Grave
677 2247 767 2284 plane
780 2249 824 2275 est
836 2255 843 2274 :
858 2247 911 2274 sed
925 2246 999 2275 illud
1014 2254 1077 2275 ma-

282 2314 308 2332 “
327 2312 384 2341 Job
407 2320 427 2347 ι,
450 2314 495 2339 21.
533 2312 557 2329 ³³
574 2310 597 2338 ll
613 2311 678 2338 Cor.
694 2317 755 2344 vni,
772 2311 798 2337 9.

247 2356 344 2384 cxvm,
361 2350 404 2377 60.
443 2347 467 2365 “
480 2347 504 2374 ll
518 2347 590 2382 Reg.
605 2354 666 2380 XVI,
683 2347 725 2373 to.

355 2395 556 2450 Reg.{primus
571 2397 711 2433 πρόσωπον
731 2393 821 2422 αὐτοῦ.
833 2395 898 2423 Mox
913 2393 995 2422 idem
1009 2403 1067 2423 ms.

245 2433 328 2462 πολλὰ
344 2442 386 2459 σοι
398 2432 490 2467 λείψει.

244 2503 262 2532 δ
281 2469 335 2514 ςΠ)
358 2465 478 2504 ΑΙ]ιὶᾁυὶ
494 2467 555 2495 duo
573 2465 643 2494 libri
666 2465 774 2493 ἕκαστον
796 2466 943 2503 ὑποτρέχον
960 2475 1006 2493 σου
1024 2468 1069 2496 τὴν

265 2515 373 2532 ιανοιαν.

265 2515 373 2532 ιανοιαν.

277 2541 336 2575 (18)
352 2542 469 2568 Veteres
483 2538 596 2575 aliquot
610 2537 677 2565 libri
692 2539 763 2575 παρὰ
774 2541 831 2565 τοῦ.
844 2538 901 2575 Nec
916 2537 957 2575 ita
971 2538 1067 2575 multo

241 2573 310 2613 post
324 2573 385 2604 duo
399 2583 473 2613 mss.
484 2573 683 2613 καζὲμτῖληκτον
694 2573 801 2610 κίνημα.
815 2573 947 2613 Subinde
959 2573 1027 2613 editi
1039 2575 1068 2602 et

241 2608 325 2640 Colb.
343 2611 446 2639 tertius
471 2612 500 2637 et
514 2608 602 2637 Cois].
625 2612 713 2646 μνήμῃ
733 2608 782 2636 τῶν
804 2612 938 2646 μακαρίων
956 2608 1066 2636 ὑποδει-

239 2649 355 2684 γμάτων,
370 2647 590 2684 feceritatione
608 2646 767 2684 _beatei'upz
787 2646 1003 2680 exemplorum.
1026 2648 1066 2684 rAt

239 2681 311 2711 Vero
327 2682 410 2711 Colb.
427 2681 542 2717 primus
558 2685 585 2709 et
598 2681 659 2709 duo
674 2681 752 2718 Regii
764 2685 852 2718 μνήμῃ
865 2685 914 2718 τῷν
929 2683 1064 2718 μακαρίων

238 2718 470 2759 παραγγρματων,
482 2718 690 2759 recordatione
704 2717 856 2759 beatorum
871 2717 1067 2744 documento-

237 2753 318 2783 rum;
342 2753 474 2790 Denique
495 2753 580 2790 βου).
613 2753 769 2790 secundus
788 2755 875 2790 μνήμῃ
902 2756 951 2790 τῷν
979 2762 1064 2788 μακα-

238 2793 299 2817 οἱων
315 2788 415 2827 ἀνδρῶν
425 2787 646 2826 Emam/petrus,
662 2787 870 2818 recordatione
885 2787 1060 2816 relictorum

836 2309 860 2326 ³ο
881 2308 970 2338 Joan.
992 2317 1052 2343 vni,
1075 2310 1121 2338 48.

1177 1131 1202 1156 5.
1239 1129 1341 1155 Τούτων
1368 1130 1470 1155 ἕκαντον
1515 1130 1681 1169 ὑποτρεχέτω
1721 1142 1767 1159 σου
1797 1137 1844 1164 τὴν
1885 1134 1944 1163 διοί-

1140 1183 1210 1200 νοιαν
1232 1172 1296 1209 (17),
1317 1175 1361 1200 καὶ
1381 1174 1573 1201 χαταστελλέτω
1596 1178 1643 1205 τὴν
1664 1176 1815 1214 φλεγμονὴν.
1837 1181 1870 1206 Αἱ
1892 1182 1941 1217 γαρ

1140 1222 1262 1245 τοιαῦται
1285 1221 1502 1256 προπαρασκευαὶ
1525 1223 1569 1247 καὶ
1594 1219 1736 1256 διαῡέσεις,
1767 1224 1819 1249 οἷον
1847 1223 1942 1254 πηδὴ-

1141 1273 1212 1300 ματα
1236 1267 1283 1294 τῆς
1311 1262 1427 1300 καρδίας
1458 1267 1502 1290 καὶ
1537 1268 1671 1302 σφυγμοὺς
1705 1266 1874 1305 ἀφαιροῦσαι,
1905 1271 1942 1301 εἰς

1141 1308 1292 1334 εὐστάθειαν
1316 1310 1360 1334 καὶ
1380 1308 1494 1344 γαλήνην
1520 1311 1580 1340 τοὺς
1604 1310 1744 1348 λογισμοὺς
1769 1311 1939 1349 ἐπανάγουσι·

1142 1354 1192 1378 Καὶ
1217 1354 1293 1378 τοῦτό
1315 1351 1385 1378 ἔστιν
1400 1354 1452 1390 ἄρα
1470 1355 1499 1379 τὸ
1519 1354 1569 1380 ὑπό
1591 1358 1636 1381 τοῦ
1656 1357 1711 1391 (18)
1732 1355 1815 1383 Δαϐὶὸ
1834 1358 1941 1395 εἰρημέ-

1140 1406 1191 1422 νον·
1229 1397 1268 1423 ὅτι
1304 1396 1493 1434 ’Πτοιμάσθηη
1529 1400 1575 1425 καὶ
1608 1399 1655 1426 οὐκ
1692 1400 1851 1438 ἐταράχθην.
1900 1407 1944 1430 Δεῖ

1141 1443 1225 1468 τοίνυν
1246 1443 1274 1468 τὸ
1295 1444 1403 1478 μανικὸν
1424 1445 1468 1469 καὶ
1493 1443 1635 1473 ἔκπληκτον
1656 1447 1753 1482 κίνημα
1776 1451 1825 1478 τῆς
1846 1447 1941 1484 ψυχῆς

1141 1485 1321 1512 καταστέλλειν
1342 1490 1373 1523 τῇ
1397 1490 1487 1524 μνήμῃ
1519 1492 1569 1514 τῶν
1593 1491 1727 1526 μακαρίων
1751 1489 1853 1528 ἀνδρῶν
1873 1492 1941 1518 ὑπο-

1143 1528 1301 1566 δειγμάτων·
1322 1535 1375 1562 πῶς
1403 1531 1416 1556 ὁ
1439 1533 1521 1567 μέγας
1544 1531 1627 1559 Δαϐὶδ
1642 1535 1731 1570 πράως
1753 1535 1871 1571 ἠνείχετο
1893 1541 1941 1568 τῆς

1141 1577 1276 1611 παροινίας
1296 1577 1341 1601 τοὺ
1356 1578 1449 1611 Σεμεεί.
1471 1576 1509 1602 Οὔ
1533 1578 1583 1614 γάρ
1600 1576 1691 1604 ἐδίδου
1715 1581 1805 1615 καιρὸν
1825 1584 1855 1616 τῇ
1873 1581 1939 1618 ὀργῇ

1141 1621 1288 1653 κινηθῆναι,
1308 1621 1374 1656 πρὸς
1388 1621 1431 1646 τὸν
1447 1621 1509 1647 Οεὸν
1532 1624 1679 1660 μεταφέρων
1695 1626 1741 1652 τὴν
1757 1625 1852 1651 ἔννοια-ν
1874 1626 1939 1661 (19)-

1141 1664 1181 1690 ὅτι
1206 1665 1310 1701 Κύριος,
1337 1668 1399 1698 εἷπε,
1426 1667 1502 1701 φησὶ,
1532 1670 1568 1701 τῷ
1595 1670 1678 1703 Σεμεεὶ
1702 1670 1868 1706 καταρᾶσθαι
1894 1672 1939 1697 τόν

1141 1707 1233 1735 Δαϐίὸ.
1268 1711 1358 1746 Διόπερ
1398 1708 1497 1736 ἀκούων
1526 1711 1642 1747 αἱμάτων
1676 1711 1750 1750 ἀνὴρ,
1784 1716 1829 1740 καὶ
1872 1713 1937 1751 ἀνὴρ

1139 1754 1297 1790 παράνομος,
1337 1753 1384 1779 οὐκ
1416 1753 1502 1791 ἐκείνῳ
1541 1754 1718 1791 ἐχαλέπαινεν,
1759 1757 1814 1784 ἀλλ’
1847 1758 1937 1786 ἑαυτὸν

1139 1797 1282 1833 ἐταπείνου,
1315 1799 1349 1830 ὡς
1377 1800 1443 1825 κατά
1472 1802 1518 1829 τὴν
1555 1799 1628 1832 ἀξίαν
1662 1801 1732 1838 αὐτῷ
1760 1807 1807 1834 τῆς
1841 1803 1937 1841 ὕϐρεως

1139 1842 1295 1874 ἀπαντώσης
1324 1844 1391 1880 (20).
1426 1845 1475 1870 Δύο
1504 1843 1538 1874 δὴ
1569 1850 1652 1872 ταῦτα
1684 1847 1782 1884 περίελε
1813 1853 1934 1883 σεαυτοῦ,

1138 1890 1204 1923 μήτε
1225 1898 1331 1914 σεαυτον
1355 1889 1471 1924 μεγάλων
1494 1889 1567 1921 ἄξιον
1590 1893 1691 1928 κρίνῃς,
1715 1895 1781 1928 μήτε
1796 1891 1936 1928 ἀνθρώπων

1137 1933 1195 1958 τινὰ
1215 1933 1286 1970 παρὰ
1318 1932 1381 1959 πολὺ
1411 1933 1582 1961 ἐλαττοῦσθαι
1612 1945 1659 1962 σου
1685 1938 1753 1963 κατὰ
1780 1939 1828 1967 τὴν
1861 1937 1935 1970 ἀξίαν

1135 1979 1256 2014 νομίσῃς.
1287 1977 1364 2003 Οὕτω
1392 1978 1442 2015 γὰρ
1467 1977 1592 2006 οὐδέποτε
1615 1980 1628 2006 ὁ
1654 1981 1735 2017 θυμὸς
1756 1981 1780 2008 ἐν
1804 1985 1862 2014 ταὶς
1887 1982 1935 2009 έπ-

1136 2024 1273 2059 οιγομέναις
1300 2022 1362 2058 ἡμῖν
1391 2021 1508 2060 ἀτιμίαις
1532 2023 1751 2054 ἐπαναστήσεται·
1781 2028 1866 2054 Δεινὸν
1889 2029 1934 2064 μὲν

1134 2067 1177 2092 τόν
1201 2066 1408 2103 εὐεργετηθέντα,
1431 2070 1475 2094 καὶ
1490 2071 1548 2100 ταῖς
1570 2071 1708 2106 μεγίσταις
1730 2071 1867 2108 ὑπόχρεων
1881 2073 1933 2109 χά·

1133 2121 1201 2150 ρισι,
1226 2113 1291 2148 πρὸς
1311 2111 1348 2148 τῷ
1370 2111 1509 2149 ἀχαρίστῳ
1533 2114 1571 2140 ἔτι
1590 2117 1634 2141 καὶ
1654 2115 1752 2154 ὕϐρεως
1766 2118 1810 2143 καὶ
1827 2116 1933 2154 ἀτιμίας

1133 2157 1270 2194 κατάρξαι.
1296 2159 1380 2183 Δεινόν
1407 2159 1461 2194 μεν,
1483 2158 1546 2185 ἀλλά
1571 2163 1608 2195 τῷ
1632 2165 1749 2188 ποιοῦντι
1767 2162 1856 2198 μεῖζόν
1875 2161 1932 2189 ἔστι

1132 2203 1212 2228 κακὸν
1237 2202 1251 2231 ἢ
1272 2205 1308 2237 τῷ
1332 2203 1475 2238 πάσχοντι.
1501 2202 1610 2235 Ἐκεῖνος
1634 2206 1771 2243 ὑϐριζέτω·
1794 2208 1826 2233 σὺ
1851 2205 1880 2234 δὲ
1892 2209 1929 2244 μὴ

1093 2240 1113 2267 D
1132 2247 1252 2283 ὑϐρίζον.
1280 2247 1426 2283 Γυμνάσιόν
1452 2256 1493 2274 σοι
1526 2250 1590 2286 πρὸς
1617 2249 1768 2287 φιλοσοφίαν
1803 2252 1870 2278 ἔστω
1892 2240 1931 2279 ’τὰ

1160 2310 1182 2328 ⁸³
1199 2309 1255 2338 lsa.
1278 2318 1305 2342 L,
1330 2309 1357 2338 6.
1395 2311 1419 2328 ³³
1441 2311 1540 2340 Matth.
1555 2320 1646 2348 xxv”,
1663 2315 1767 2349 31,35.
1805 2315 1830 2333 ³³
1851 2315 1929 2344 Psal.

1125 2395 1249 2437 a'lgeatis
1264 2395 1334 2437 viris
1348 2397 1551 2432 ememplorum
1565 2407 1651 2436 :quce
1667 2399 1819 2437 scriptura.
1829 2401 1929 2431 verior

1123 2431 1218 2459 videri
1233 2433 1343 2466 potest.

1159 2467 1218 2510 (19)
1229 2467 1325 2510 Ιξάὶιὶο
1343 2468 1436 2510 Βιιεὶι,Δ
1448 2470 1582 2510 e_t_nostri
1593 2473 1708 2510 septem
1729 2481 1803 2501 mss.
1819 2476 1927 2510 μεταφέ-

1140 2513 1173 2543 ῳχ
1181 2505 1230 2543 τὴν
1241 2504 1346 2543 ξννοιαν,
1357 2504 1570 2539 cogitationem
1581 2504 1769 2542 transferens
1779 2510 1810 2537 in
1819 2504 1924 2538 'Deuin.

1134 2539 1228 2577 iditioA
1244 2539 1335 2566 Paris.
1360 2542 1507 2577 μεταφέρων
1538 2545 1585 2571 τὴν
1615 2539 1710 2577 αἰτίαν,
1733 2546 1781 2573 rei
1802 2553 1925 2574 causam

1122 2575 1311 2613 transferens
1337 2575 1368 2603 in
1393 2575 1512 2613 Deum:
1538 2578 1622 2613 quod
1647 2575 1755 2607 melius
1775 2588 1841 2609 esse
1862 2589 1926 2610 non

1120 2617 1209 2652 nego.
1236 2610 1291 2638 Sed
1307 2619 1369 2652 quo
1384 2611 1491 2652 melior
1512 2610 1557 2640 est
1569 2613 1634 2652 haec
1649 2615 1747 2652 lectio,
1767 2624 1803 2644 eo
1823 2617 1924 2651 magis

1120 2646 1192 2674 mihi
1209 2650 1349 2688 suspecta
1364 2649 1418 2688 est.
1436 2649 1662 2688 Vereor__enim,
1684 2659 1721 2688 ne
1738 2646 1924 2688 typographi

1117 2688 1224 2724 uocem
1236 2690 1297 2709 non
1313 2682 1353 2710 ita
1368 2682 1511 2724 idoneam
1526 2684 1585 2713 alia
1595 2688 1624 2714 et
1634 2682 1795 2716 meliore'ét
1805 2682 1924 2724 avptiore

1118 2716 1155 2744 de
1172 2725 1228 2744 suo
1249 2718 1472 2752 commutarint.

1152 2753 1209 2789 (20)
1227 2753 1308 2782 Colb.
1325 2754 1442 2789 primus
1456 2755 1622 2788 ὑπαντώσης.
