2059 3136
111 142 161 168 365

700 138 845 166 HOMILIA
869 137 1052 166 ADVERSUS
1075 138 1202 166 IRATOS

1737 142 1790 169 366

108 203 222 239 ῥήματα.
255 201 313 228 Ἐὰν
337 203 373 238 μὴ
400 199 516 237 δηχθῇς,
541 201 652 239 ἄτρωτος
674 199 704 228 εἶ.
732 201 783 227 Εὰν
812 198 842 227 δὲ
865 202 910 226 καὶ

963 199 1025 228 lum
1040 199 1139 235 majus
1155 201 1199 228 est
1210 199 1329 228 facienti
1343 207 1436 236 quam
1452 200 1586 236 patienti.
1601 201 1791 231 Convicietur

108 247 192 283 παθῃς
204 256 229 272 τι
241 248 289 275 τὴν
303 245 408 282 ψυχήν,
425 245 448 271 ἐν
463 249 562 281 σεαυτῷ
586 246 706 282 κάτασχε
730 247 758 272 τὸ
783 245 908 282 λυπηρόν.

109 290 209 327 Ἐνέμοὶ
233 291 295 328 γὰρ,
326 292 415 326 φησὶν,
442 289 575 327 ἐταράχθη
603 290 617 318 ἡ
641 288 740 327 κάρδία
762 300 822 326 μου.
838 299 910 315 τουτ-

108 334 188 370 έστιν,
215 335 244 361 οὐ
271 333 381 364 διεδόοη
407 336 471 371 πρὸς
491 336 519 361 τὸ
544 333 591 365 ἔξω
618 335 750 369 τὸπάθος,
768 333 908 360 ἀλλ”οἷόν

107 390 132 406 τι
159 383 231 416 κῦμα
253 381 316 406 εἵσω
328 383 377 405 τῶν
407 379 530 415 αἰγιαλῶν
552 379 730 405 κατακλασοεν
753 378 906 416 ἐστορέσθη.

109 425 309 460 Καθησύχασόν
322 433 367 460 μοι
380 426 426 453 τὴν
438 422 550 461 καρδίαν
566 423 728 450 ὑλακτοῦσαν
744 425 789 449 καὶ
806 422 909 460 ἀγριαί-

105 479 213 497 νουσαν.
242 467 375 496 Αἰδείσοω
398 470 432 495 τὰ
450 469 520 497 πάθη
541 472 587 494 τοῦ
602 468 626 493 ἔν
641 471 683 494 σοὶ
697 468 775 504 λόγου
790 470 837 496 τὴν
854 467 908 494 ἐπι-

107 515 222 550 φάνειαν,
250 514 337 550 ὥσπερ
359 515 388 539 τὸ
413 512 438 539 ἒν
459 515 551 539 παισὶν
571 514 682 539 ἄτακτον
698 511 791 550 ἀνδρὸς
806 510 907 538 αἰδεσί-

106 569 156 595 μου
183 561 342 595 παρουσίαν.
371 561 428 588 Πῶς
456 557 486 584 ἂν
511 556 554 584 οὖν
578 558 731 594 ἐκφύγοιμεν
753 559 800 586 τὴν
820 557 847 582 ἐκ
859 560 906 583 τοῦ

106 603 262 640 ὀργίζεσθαι
288 602 406 639 βλάϐην;
442 602 500 629 Ἐὰν
525 605 654 638 πείσωμεν
678 604 721 629 τὸν
751 602 831 638 ουμὸν
868 603 904 638 μὴ

105 647 296 685 προλαμϐάνειν
320 649 378 677 τοὺς
406 647 558 683 λογισμοὺς,
585 646 649 673 ἀλλὰ
680 648 772 673 τούτου
805 650 904 684 πρῶτον

105 692 295 729 ἐπιμελώμεθα,
321 693 353 722 ὡς
381 690 512 728 μηδέποτε
537 692 614 718 αὐτὸν
642 693 825 729 προεκτρέχειν
860 694 905 721 τῆς

106 736 242 767 διοοιοίας·
280 739 381 773 ἔχωμεν
423 735 453 763 δὲ
487 737 574 774 ὥσπερ
609 737 686 763 ἵππον
723 737 904 772 ὑνεζευγμένον

104 783 179 818 ἡμῖν,
195 785 241 809 καὶ
256 783 309 808 οἷον
333 782 433 818 χαλινῷ
449 791 501 808 τινι
515 786 551 817 τῷ
577 781 645 818 λόγῳ
673 781 829 815 καταπειθῆ,
855 790 905 817 μη-

106 825 194 864 δαμοῡ
220 831 266 857 τῆς
293 826 388 858 τάξεως
404 826 555 853 ἐκϐαίνοντα
574 830 618 856 τῆς
645 826 750 861 οἰκείας,
781 825 904 862 ἀγόμενον

106 871 137 899 δὲ
152 873 202 898 ὑπό
218 871 365 907 τοῦλόγου,
383 871 420 908 ἐφ’
443 872 503 909 ὅπερ
532 870 562 897 ἂν
586 872 737 906 καθησγῆται
750 872 819 906 (2|).
846 870 904 896 Ἔτι
922 884 943 910 Β

104 918 156 954 γὰρ
183 918 247 954 πρὸς
270 916 352 943 πολλά
378 920 428 943 τῶν
455 920 500 947 τῆς
526 915 618 954 ἀρετῆς
648 917 728 954 ἔργων
757 913 904 944 ἐπιτήδειον

104 963 179 999 ἡμῶν
194 965 240 992 τῆς
258 961 350 998 ψυχῆς
363 963 392 987 τὸ
413 959 556 998 θυμοειδὲς,
577 962 754 998 ὃταν,,ὥσπερ
769 970 808 991 τις
824 969 906 997 στρα-

103 1009 209 1042 τιώτης,
224 1007 297 1044 παρὰ
311 1010 347 1041 τῷ
364 1009 504 1043 στρατηγῷ
526 1007 560 1032 τὰ
581 1006 648 1032 ὃπλα
663 1006 773 1042 θέμενος,
799 1005 906 1041 ἑτοίμως

105 1050 148 1077 ἐπὶ
161 1052 194 1077 τὰ
208 1050 438 1088 παραγγελλόμενα
462 1051 507 1080 τὰς
531 1049 653 1086 βοηθείας
675 1052 837 1087 παρέχηται,
861 1051 906 1075 καὶ

107 1097 250 1132 σύμμαχος
323 1099 360 1130 τῷ
385 1094 454 1131 λόγῳ
481 1095 549 1121 κατὰ
576 1098 622 1125 τῆς
645 1094 781 1131 ἁμαρτίας.
808 1097 905 1131 Νεῦρον

104 1142 157 1178 ’γὰρ
186 1140 242 1166 ἐστι
264 1143 309 1170 τῆς
330 1139 422 1176 ψυχῆς
446 1140 459 1165 ὁ
480 1140 569 1176 θυμὸς,
596 1141 666 1166 τόνον
689 1138 754 1175 αὐτῇ
781 1140 845 1176 πρὸς
858 1140 906 1167 τὴν

103 1189 154 1212 τῶν
169 1184 253 1211 καλῶν
269 1185 389 1210 ἔνστασιν
412 1183 533 1220 ἐμποιῶν.
559 1183 589 1209 Εἰ
600 1184 651 1221 γὰρ
680 1192 741 1209 ποτε
758 1182 834 1209 λάϐοι
857 1182 906 1209 αὗ-

104 1231 152 1259 τὴν
169 1229 212 1265 ὑφ’
224 1227 322 1259 ἡδονῆς
335 1227 495 1261 ἐκλυθεῖσαν,
518 1228 596 1254 οἱονεὶ
622 1227 693 1264 βαφῇ
722 1225 835 1265 σιδήρου
850 1228 906 1262 (22)

107 1276 256 1310 στομώσας,
273 1273 406 1310 αὐστηρὰν
427 1272 508 1302 αὐτὴν
531 1275 577 1299 καὶ
592 1270 712 1310 ἀνδρείαν
737 1271 765 1298 ἐκ
790 1271 908 1308 μαλακῆς

105 1320 174 1355 ἄγαν
198 1320 244 1344 καὶ
270 1317 400 1354 ἀνειμένης
422 1316 551 1346 ἐποίησεν.
593 1317 630 1343 Οὐ
655 1318 717 1354 γὰρ,
746 1316 768 1342 εἰ
796 1319 831 1353 μὴ
849 1317 907 1353 (23)

106 1364 253 1399 θυμωθείης
276 1363 345 1388 κατὰ
369 1365 414 1388 τοῦ
435 1365 560 1399 πονηροῦ,
582 1359 692 1388 δυνατόν
721 1370 763 1387 σοι
790 1364 908 1397 μισῆσαι

106 1408 185 1434 αὑτὸν
200 1408 261 1434 ὅσον
274 1407 356 1438 ἄξιον.
373 1409 415 1433 Δεῖ
433 1407 495 1442 γὰρ,
520 1407 607 1443 οἶμαι,
629 1408 676 1435 τὴν
702 1408 763 1434 ἴσην
787 1403 907 1434 σπουδὴν

106 1453 180 1488 ἔχειν
206 1454 266 1489 περί
290 1461 318 1478 τε
340 1453 386 1480 τὴν
418 1450 522 1487 ἀγάπην
546 1454 591 1481 τῆς
617 1450 706 1489 ἀρετῆς
729 1452 775 1476 καὶ
800 1452 859 1487 περὶ
877 1451 907 1476 τὸ

107 1501 185 1534 μῖσος
212 1500 259 1527 τῆς
285 1496 422 1533 ἁμαρτίας.
457 1497 524 1532 Πρὸς
549 1496 610 1533 ὅπερ
637 1495 753 1532 μάλιστα
774 1497 908 1533 χρήσιμος

108 1543 123 1568 ὁ
146 1543 224 1578 θυμός
241 1551 247 1558 ·
264 1539 369 1568 ἔπιιδὰν
398 1541 451 1567 οἷον
479 1542 547 1566 κύων
570 1542 683 1576 ποιμένι,
709 1540 788 1570 οὕτως
802 1540 814 1565 ὁ
829 1540 908 1576 Θυμὸς

107 1590 145 1621 τῷ
159 1586 278 1622 λογισμῷ
293 1587 477 1623 παρεπόμενος,
499 1588 578 1622 πρᾶος
606 1579 671 1621 μένῃ⁴
695 1585 752 1620 (24)
779 1587 824 1611 καὶ
846 1594 907 1620 χει-

107 1632 206 1669 ροήθης
218 1634 271 1661 τοῖς
283 1630 421 1667 ὠφελοῦσι,
447 1632 492 1656 καὶ
521 1629 690 1660 εὐανάκλητος
714 1633 750 1665 τῷ
776 1629 906 1666 λογισμῷ,

107 1677 171 1713 πρὸς
196 1677 241 1712 μὲν
266 1677 314 1704 τὴν
342 1674 476 1712 ἀλλοτρίαν
502 1677 547 1700 καὶ
579 1676 664 1711 φωνὴν
699 1676 744 1700 καὶ
776 1673 836 1709 ὄψιν
871 1672 908 1704 ἒξ-

107 1719 348 1757 αγριούμινος,κᾶν
376 1721 512 1757 θεραπείαν
536 1720 607 1755 ἔχειν
627 1717 705 1756 δοκῇ,
729 1722 776 1746 τοῦ
803 1717 833 1745 δὲ
850 1728 909 1744 συν-

108 1765 189 1794 ήθους
216 1764 284 1798 αὐτῷ
308 1766 352 1790 καὶ
386 1763 460 1800 φίλου
496 1763 680 1800 ἔμϐοήσαντος,
720 1763 907 1791 ὑποπτήσσων.

107 1809 182 1837 Αὕτη
200 1807 296 1845 ἀρίστη
312 1807 367 1834 ἐστὶ
385 1810 431 1834 καὶ
450 1809 571 1846 ἔμμετρος
663 1811 699 1843 τῷ
724 1810 838 1844 φρονίμῳ
864 1811 909 1837 τῆς

107 1854 205 1890 ψυχῆς
217 1855 288 1890 μέρει
299 1854 370 1890 παρὰ
383 1857 428 1879 τοῦ
444 1851 596 1889 θυμοειδοῦς
611 1853 626 1882 ἡ
653 1853 786 1890 συνεργία.
816 1851 844 1878 Ὀ
858 1853 910 1889 γὰρ

108 1902 226 1929 τοιοῦτος
240 1896 408 1928 ἀδιάλλακτος
423 1900 495 1925 ἔσται
508 1902 560 1928 τοῖς
576 1897 719 1928 ἐπιϐούλοις
740 1899 785 1924 καὶ
808 1898 910 1923 ἄσπον-

112 1943 175 1975 δος·
199 1941 331 1980 μηδέποτε
352 1945 400 1972 τὴν
423 1945 486 1981 πρὸς
506 1945 536 1969 τὸ
559 1942 675 1979 βλάπτον
698 1939 911 1978 φιλιανγκαταδε-

111 1991 233 2025 χόμενος,
267 1988 332 2014 ἀλλὰ
361 1990 409 2017 τὴν
447 1987 581 2014 ἐπίϐουλον
611 1985 709 2017 ἡδονὴν
738 1988 824 2024 ὥσπερ
853 1987 912 2012 τινὰ

110 2033 188 2059 λύκον
203 2033 319 2059 ὑλακτῶν
342 2032 381 2059 ἀεὶ
396 2034 441 2059 κα).
457 2033 630 2070 σπαράσσων.
657 2035 780 2059 Τοιοῦτον
802 2033 846 2067 μὲν
876 2029 909 2060 δὴ

111 2080 142 2104 τὸ
164 2078 214 2104 ἀπὸ
236 2079 320 2114 Θυμοῦ
335 2077 460 2114 ὠφέλιμον
479 2081 532 2107 τοῖς
556 2075 642 2103 εἰδόσι
668 2076 910 2113 μεταχειρίζεσθαι.

112 2123 182 2150 Ἐπεὶ
220 2125 266 2149 καὶ
299 2127 349 2148 τῶν
377 2122 459 2148 ἄλλων
487 2120 621 2159 δυνάμεων
648 2121 743 2150 ἑκαστη
771 2121 842 2157 παρὰ
868 2122 912 2146 τὸν
929 2139 951 2166 D

111 2169 207 2204 τρόπον
222 2171 268 2198 τῆς
283 2169 405 2205 χρήσεως
421 2167 435 2196 ἦ
452 2168 531 2193 κακὸν
546 2167 561 2196 ἦ
589 2166 685 2202 ἀγαθὸν
707 2169 743 2201 τῷ
767 2167 913 2201 κεκτημένῳ

260 2213 332 2245 Οἶον,
366 2215 402 2247 τῷ
432 2211 612 2248 ἐπιθυμητικῷ
640 2215 685 2241 τῆς
711 2210 803 2246 ψυχῆς
829 2211 842 2236 ὁ
869 2211 914 2246 μὲν

112 2256 148 2287 εἰς
176 2256 321 2283 ἀπόλαυσιν
349 2258 443 2294 σαρκὸς
469 2259 514 2283 καὶ
545 2260 595 2283 τῶν
632 2255 785 2293 ἀκαθάρτων
814 2253 914 2283 ἡδονῶν

113 2300 335 2339 ἀποχρησάμενος
368 2299 509 2338 βδελυκτὸς
533 2303 578 2327 καὶ
604 2299 745 2330 ἀκόλαστος
761 2300 795 2334 ,ό
820 2298 850 2326 δὲ·
873 2299 915 2326 ἐπὶ

111 2347 161 2376 τὴν
190 2345 295 2382 ἀγάπην
318 2349 364 2373 τοῦ
391 2349 458 2373 Θεοῦ
484 2345 589 2383 τρέψας,
616 2346 736 2382 καὶντὴν
763 2344 844 2383 ὄρεξιν
864 2342 918 2371 τῶξ

111 2215 221 2248 γίνεται.

150 2409 175 2427 ³⁵
187 2408 267 2438 Psal.
289 2417 374 2447 cxm,
389 2410 416 2438 4.

149 2470 340 2508 (2l)Veteres
361 2471 478 2508 aliquot
499 2470 571 2508 libri
595 2468 625 2497 ἂν
650 2472 809 2507 κατηγῆται.
840 2469 923 2500 Alius

111 2516 173 2537 ms.
190 2509 220 2543 et
232 2507 304 2535 editi
318 2507 485 2543 καθηγὶῖται.
510 2507 626 2535 ibidem
642 2508 712 2543 Reg.
727 2508 845 2543 primus
862 2508 919 2534 ἔστι

111 2545 165 2580 γὰρ
179 2541 223 2570 οὖν
238 2545 314 2580 πρόςτ
329 2541 411 2580 C015.
427 2543 544 2579 primus
558 2544 616 2580 ἔστι
628 2544 676 2580 γάρ
687 2541 761 2580 πρῦς.

152 2580 208 2614 (22)
224 2581 254 2606 tu
268 2579 399 2614 editione
415 2580 505 2606 Paris.
518 2579 675 2606 oscitantia
685 2586 846 2614 operarum
859 2587 922 2607 cor-

114 2617 207 2677 ru‘pte
223 2614 332 2649 legitur
346 2613 465 2652 σίδηρον,
482 2614 535 2642 ubi
554 2623 589 2642 ex
609 2622 684 2642 mss.
702 2613 864 2649 legendum
878 2617 923 2643 est

116 2660 145 2677 σι
167 2660 243 2677 ηοου.

116 2660 388 2727 ῗιῖἔέἴῦίυᾶρέγὰρ
396 2685 418 2711 εἰ
424 2685 807 2727 μήβῐρηεὶοᾷ[ιιετρτοιιιῑιιι
814 2685 924 2727 est'Vo:

114 2721 284 2750 laterranus
307 2721 460 2749 Nec'em’m
483 2722 508 2749 si
527 2725 632 2749 contra
650 2722 837 2757 iniquitatem
849 2722 924 2750 desit

116 2758 290 2793 indignatio
299 2760 326 2793 et
334 2757 392 2791 ira,
402 2758 545 2793 satisfeam
553 2757 687 2793 odioquo
696 2757 776 2785 decet
786 2757 926 2793 persequi

111 2794 246 2828 poteris:
256 2792 370 2829 quibus
377 2800 414 2820 ex
422 2792 610 2830 verbispatet
617 2792 812 2829 interpretem
820 2792 926 2821 vocem

962 244 1029 272 ille:
1046 246 1077 272 tu
1092 252 1161 272 vero
1177 252 1224 272 me
1240 244 1418 273 conviciare.
1444 245 1506 273 Sint
1535 246 1586 274 tibi
1610 247 1675 282 ejus
1695 247 1789 276 verba

962 289 1134 318 exercitatio
1149 289 1188 318 ad
1203 290 1438 326 philosophiam.
1451 291 1479 319 Si
1495 290 1600 328 iniquo
1613 292 1716 320 animo
1726 300 1788 321 non

961 334 1050 368 feras,
1066 334 1175 362 vulnus
1189 335 1304 362 nullum
1320 335 1461 371 accepisti
1473 344 1479 369 ;
1497 336 1543 364 sin
1554 336 1624 373 quid
1631 337 1712 373 piam
1722 338 1788 365 ani-

961 386 1013 407 mo
1025 379 1148 415 pateris,
1162 379 1312 407 tristitiam
1336 379 1416 407 intra
1440 380 1568 416 teipsum
1592 381 1721 410 contine.
1750 382 1788 410 In

960 431 1017 458 me,
1033 424 1125 459 enim,
1140 424 1248 460 inquit.
1265 424 1420 452 turbatum
1437 427 1479 453 est
1495 433 1546 453 cor
1557 427 1686 454 meum“
1700 435 1706 454 :
1729 426 1788 455 hoc

960 470 1014 503 est,
1029 477 1091 496 non
1107 469 1188 497 foras
1203 469 1313 505 prodiit
1332 469 1468 504 affectus,
1493 470 1546 497 sed
1570 471 1658 506 quasi
1677 471 1786 499 ﬂuetus

958 514 1085 550 quidam
1099 513 1178 542 intra
1191 513 1291 542 littora
1306 513 1462 542 diﬂ‘ractus
1478 515 1624 543 consedit.
1638 516 1787 545 Allatran-

958 560 1019 586 tem
1027 561 1054 586 et
1060 558 1273 587 exacerbatum
1280 559 1416 587 animum
1424 559 1513 587 velim
1522 559 1788 589 sedesl‘teverean

959 604 1007 630 tur
1022 603 1147 631 affectus
1164 603 1205 631 tui
1220 605 1375 639 aspectum
1397 603 1532 638 rationis,
1556 612 1617 632 non
1640 613 1725 633 secus
1751 614 1786 634 ac

958 647 1054 683 pueri,
1071 647 1096 674 si
1114 646 1322 675 immodestius
1343 656 1374 676 se
1389 650 1506 683 gerant,
1533 648 1590 676 viri
1607 649 1786 678 venerabilis

957 691 1165 727 praesentiam.
1186 692 1240 724 Qui
1255 691 1517 727 igituriracundiaa
1527 700 1640 722 noxam
1654 693 1786 729 effugere

957 736 1149 772 poterimus?
1174 736 1201 764 Si
1226 736 1278 764 irae
1305 737 1502 772 suaserimus,
1525 740 1557 765 ut
1579 745 1617 765 ne
1635 738 1785 767 rationem

957 783 1125 817 praevertat,
1142 781 1204 809 imo
1218 781 1249 808 in
1263 780 1398 817 primum
1413 789 1517 810 curam
1537 782 1786 819 diligentiamque

958 832 1122 861 ponamus,
1135 828 1168 853 ut
1177 833 1336 861 nunquam
1346 828 1510 862 praecurrat
1519 828 1725 861 mentem,sed
1735 835 1788 864 po-

957 869 1016 898 tius
1024 869 1192 898 habeamus
1199 870 1281 898 illam
1288 869 1378 898 veluti
1386 878 1496 906 equum
1506 870 1594 899 nobis
1604 871 1785 909 subjectum,

958 917 986 942 et
997 914 1107 942 rationi
1121 916 1269 950 tanquam
1286 914 1406 942 cuidam
1418 915 1503 943 freno
1517 915 1787 952 obtemperantem,

958 967 1014 988 nec
1023 966 1155 994 usquam
1169 961 1254 987 extra
1266 967 1355 986 suum
1367 958 1463 994 ipsius
1473 960 1611 988 ordinem
1625 960 1786 995 egredien-

959 1005 1030 1038 tem,
1042 1004 1095 1032 sed
1105 1011 1123 1032 a
1131 1003 1256 1039 ratione,
1269 1003 1500 1040 quoviscunque
1513 1005 1747 1040 praeeat,abduci
1757 1013 1789 1034 se

959 1049 1118 1077 sinentem.
1136 1050 1210 1077 Nam
1221 1049 1314 1077 animi
1329 1049 1423 1076 nostri
1438 1049 1483 1077 ira
1496 1049 1607 1078 idonea
1617 1053 1662 1078 est
1671 1053 1698 1078 et
1708 1050 1789 1078 utilis

959 1094 1000 1123 ad
1010 1093 1105 1122 multa
1120 1093 1239 1122 virtutis
1254 1101 1357 1130 opera,
1375 1101 1444 1122 cum
1464 1094 1577 1122 scilicet
1599 1094 1682 1122 velut
1702 1095 1789 1123 miles

961 1138 1079 1174 aliquis,
1088 1137 1233 1174 depositis
1243 1137 1327 1174 apud
1337 1137 1446 1166 ducem
1458 1138 1561 1172 armis,
1569 1141 1788 1176 prompte,quo

959 1185 1146 1219 praeceptum
1161 1182 1258 1216 fuerit,
1273 1183 1386 1210 venerit
1397 1183 1565 1219 suppetias,
1577 1185 1604 1212 et
1617 1184 1727 1212 rationi
1737 1184 1789 1212 ad-

959 1235 1064 1256 versus
1079 1229 1237 1263 peceatum
1257 1234 1347 1263 opem
1373 1226 1478 1255 tulerit.
1505 1229 1554 1255 Est
1578 1228 1659 1256 enim
1678 1229 1788 1257 animus

960 1271 1133 1307 nervusira,
1144 1271 1237 1300 robur
1251 1272 1277 1299 ei
1292 1274 1321 1299 et
1329 1272 1408 1299 vires
1419 1271 1459 1299 ad
1469 1267 1566 1300 bonas
1578 1280 1628 1300 res
1640 1273 1790 1302 instanter

959 1318 1247 1353 perseveranterque
1260 1315 1398 1351 agendas
1411 1315 1591 1345 ministrans.
1605 1317 1751 1346 Nimirum
1763 1317 1790 1346 si

960 1361 1084 1398 quando
1095 1361 1230 1389 animam
1243 1368 1304 1398 prie
1315 1361 1467 1397 voluptate
1478 1361 1646 1390 exsolutam
1658 1362 1790 1391 offende-

959 1406 1007 1440 rit,
1019 1413 1087 1434 eam
1100 1405 1295 1434 consolidans
1310 1405 1378 1433 ferri
1393 1406 1481 1442 quasi
1496 1406 1628 1434 tinctura
1641 1407 1789 1443 quadam,

960 1453 1114 1479 austeram
1130 1452 1158 1478 et
1176 1450 1283 1478 fortem
1297 1458 1332 1478 ex
1343 1449 1433 1478 valde
1453 1450 1536 1478 molli
1549 1459 1647 1487 exque
1662 1451 1791 1480 remissa

960 1494 1071 1523 reddit.
1088 1496 1188 1531 Neque
1199 1494 1291 1529 cnim,
1302 1494 1359 1522 nisi
1373 1494 1418 1522 ira
1427 1495 1629 1523 excandueris
1643 1495 1790 1524 adversus

961 1539 1128 1573 diabolum,
1147 1539 1210 1567 ﬁeri
1225 1547 1360 1576 unquam
1372 1541 1481 1576 potest,
1493 1542 1526 1568 ut
1537 1548 1608 1568 eum
1619 1549 1674 1577 pro
1685 1541 1792 1569 merito

960 1585 1072 1613 oderis.
1086 1584 1306 1621 Oportetenim,
1316 1584 1436 1621 opinor,
1447 1587 1530 1614 tanto
1541 1586 1641 1614 studio
1655 1586 1791 1614 virtutem

961 1629 1068 1664 amari,
1077 1631 1192 1665 quanto
1199 1629 1270 1657 odio
1276 1631 1396 1665 oportet
1405 1631 1564 1666 peccatum
1575 1630 1792 1664 haberi.Quam

960 1674 991 1702 in
1011 1682 1076 1702 rem
1093 1674 1138 1702 ira
1153 1673 1232 1701 utilis
1247 1676 1291 1701 est
1303 1674 1434 1702 maxime
1447 1683 1454 1709 ;
1466 1682 1537 1703 cum
1550 1677 1583 1703 ut
1593 1675 1677 1703 canis
1695 1678 1795 1712 pasto-

960 1727 1037 1752 rem,
1048 1719 1088 1747 ita
1100 1719 1144 1746 ira
1154 1719 1303 1747 rationem
1319 1720 1431 1752 secuta,
1457 1719 1538 1747 mitis
1562 1723 1750 1756 permaneat,
1766 1723 1795 1750 et

961 1764 1114 1798 morigera
1121 1763 1476 1800 juvantibus,possitque
1486 1764 1574 1792 facile
1587 1773 1605 1793 a
1615 1767 1732 1794 ratione
1744 1774 1794 1794 re-

962 1808 1047 1836 duci:
1073 1810 1176 1836 contra
1189 1807 1228 1836 ad
1245 1807 1378 1836 alienam
1391 1810 1455 1836 tum
1469 1816 1588 1843 vocem,
1605 1812 1669 1837 tum
1684 1810 1794 1840 faciem

963 1855 1167 1890 exasperetur,
1193 1851 1312 1880 etiarnsi
1331 1855 1458 1889 utraque
1474 1853 1659 1890 obsequiosa
1671 1863 1739 1882 esse
1751 1855 1793 1882 vi-

963 1897 1080 1926 deatur.
1095 1897 1150 1925 Sed
1163 1897 1189 1924 si
1203 1897 1347 1925 inclamet
1361 1897 1520 1926 familiaris
1532 1900 1560 1926 et
1570 1898 1796 1936 amicus,pavet

964 1942 1177 1978 formidatque.
1191 1941 1346 1978 Optimum
1365 1945 1455 1978 atque
1462 1943 1521 1978 89
1532 1943 1673 1979 prudenti
1683 1944 1793 1972 animm

964 1986 1043 2023 parti
1053 1986 1407 2014 accommodatissimum
1414 1989 1459 2015 est
1468 1987 1614 2016 auxilium
1624 1987 1699 2016 illud
1710 1989 1794 2025 quod

966 2031 1005 2059 ab
1015 2031 1162 2059 irascente
1175 2030 1269 2059 animi
1282 2033 1367 2067 parte
1380 2031 1542 2059 confertur.
1563 2033 1639 2060 Nam
1659 2033 1714 2069 qui
1728 2033 1794 2061 talis

965 2075 1063 2109 fuerit,
1078 2083 1237 2111 nunquam
1249 2083 1319 2103 cum
1330 2075 1545 2104 insidiantibus
1556 2076 1586 2104 in
1606 2077 1735 2112 gratiam
1758 2086 1795 2106 ac

966 2120 1162 2148 concordiam
1171 2120 1342 2156 reducetur,
1349 2120 1464 2148 nullam
1476 2128 1612 2156 unquam
1620 2129 1689 2149 cum
1695 2130 1726 2149 re
1733 2121 1796 2150 ulla

966 2164 1057 2193 noxia
1063 2164 1227 2192 amicitiam
1234 2164 1462 2197 admittens,sed
1471 2164 1649 2193 insidiosam
1655 2166 1795 2202 volupta-

967 2211 1027 2238 tem
1038 2209 1126 2245 quasi
1135 2209 1242 2245 lupum
1256 2209 1422 2245 quemdam
1431 2209 1543 2245 jugiter
1553 2209 1709 2246 allatrans,
1722 2211 1797 2239 dila.

966 2254 1130 2290 niansque.
1147 2255 1214 2281 Haec
1229 2256 1273 2281 est
1287 2253 1376 2288 igitur
1390 2253 1441 2281 irte
1456 2253 1566 2281 utilitas
1593 2254 1639 2288 iis,
1662 2255 1714 2291 qui
1738 2258 1797 2284 tra-

968 2301 1047 2327 ctare
1061 2306 1130 2326 eam
1146 2306 1182 2326 ac
1198 2298 1351 2326 moderari
1361 2298 1509 2326 noverint.
1534 2300 1610 2328 Nam
1627 2302 1655 2328 et
1667 2300 1796 2329 aliarum

967 2341 1144 2373 facultatum
1156 2343 1297 2380 quaelibet
1307 2351 1363 2380 pro
1374 2344 1477 2372 utendi
1490 2344 1570 2373 molo
1583 2347 1635 2374 aut
1644 2345 1735 2382 male,
1746 2348 1799 2376 aut

975 2469 1343 2509 nounpoiisumpsisseupro
1355 2469 1483 2509 remala
1497 2473 1525 2500 et
1538 2470 1652 2509 iniqua.
1669 2471 1726 2500 Sed
1737 2480 1800 2501 non

974 2507 1186 2545 animaduertit
1197 2508 1240 2545 vir
1252 2507 1365 2545 alioqui
1380 2507 1488 2545 doctus
1502 2507 1610 2545 vocem
1623 2508 1711 2545 αὑτρν,
1731 2516 1800 2545 quas

974 2546 1003 2571 et
1023 2545 1052 2571 in
1069 2543 1155 2570 editis
1171 2545 1200 2570 et
1214 2543 1243 2570 in
1263 2551 1335 2570 mss.
1352 2543 1470 2578 legitur,
1499 2543 1581 2571 aliud
1604 2543 1751 2572 suadere.’
1768 2545 1802 2572 Et

976 2579 1056 2616 enim
1069 2578 1093 2606 si
1109 2579 1167 2616 hoc
1181 2578 1247 2606 loco
1263 2586 1332 2616 vos,
1343 2583 1457 2616 πονηροῦ
1469 2578 1694 2616 accipideberct
1703 2588 1759 2616 pro
1771 2588 1802 2607 re

975 2615 1089 2650 iniqua,
1111 2614 1186 2647 αὑτό,
1206 2622 1268 2642 non
1285 2613 1362 2639 αὑτὸν
1378 2613 1520 2650 scripturn
1535 2613 1652 2642 fuisset.
1672 2613 1802 2643 Dubium

976 2649 1066 2684 igitur
1076 2657 1137 2677 non
1150 2653 1205 2685 est,
1223 2649 1297 2686 quin
1319 2657 1399 2686 voce
1413 2649 1526 2686 πονηροῦ
1549 2650 1672 2686 intelligi
1693 2651 1805 2679 debeat

978 2676 1067 2714 iam;
1077 2676 1246 2721 ἷιίίῐιιὶίιεὶιίὲ
1259 2676 1369 2721 parens
1382 2676 1535 2714 diabolus.

1015 2722 1069 2758 (24)
1083 2720 1178 2749 Editio
1191 2720 1320 2758 utraque
1337 2723 1417 2756 πρᾶος
1430 2723 1505 2758 μένῃ.
1538 2720 1659 2749 Veteres
1673 2724 1804 2758 quatuor

978 2754 1139 2797 libriurrgM
1153 2758 1198 2793 pira

1016 2792 1159 2829 (25)'Reg.
1179 2792 1296 2829 primus
1309 2794 1354 2819 καὶ
1368 2793 1496 2829 εὔμετρος.
