2059 3136
121 142 174 169 369

710 138 858 167 HOMlLlA
876 135 1060 165 ADVERSUS
1085 135 1211 163 IRATOS

1752 132 1805 160 370

119 207 170 230 τῶν
183 206 267 230 κυνῶν
281 213 289 220 ο
310 202 334 229 οἱ
352 204 412 234 τοὺς
437 202 523 234 λίθους
544 201 682 236 δάκνουσι,
710 204 756 227 τοῦ
783 199 917 237 βάλλοντος

974 197 1102 234 quivero
1109 195 1315 231 instigat,odio
1321 193 1615 224 esthabenduleluc
1621 193 1698 222 iram
1706 194 1803 222 trans-

120 249 148 276 σύ
177 250 399 286 προσαπτόμςδοι.
430 248 460 274 Ὀ
493 248 669 286 ἑλεργούμενος
697 246 799 276 θεεινός
815 256 821 262 ·
850 245 862 271 ὀ
890 242 920 270 δὲ

120 294 226 330 inpr/6v
253 295 374 330 μιητὸς.
406 293 474 320 Ἐκιί
499 295 542 320 τὸν
572 294 652 329 θυμὸν
681 292 787 329 μετάθες
811 290 852 317 ἐπὶ
876 291 919 316 τὸν

119 338 341 376 ἀνθρωποκτόνον,
357 340 401 365 τὸν
416 343 461 366 τοῦ
474 337 587 374 ψεύδους
601 339 711 373 πατέρα,
737 338 781 363 τὸν
808 335 918 372 ἐργάτην

119 387 164 414 τῆς
179 384 308 421 ἁμαρτίας
321 394 328 401 ο
355 387 391 419 τῷ
412 382 442 410 δὲ
461 381 562 419 ἀδελφῷ
581 386 626 410 καὶ
655 383 839 419 συμπάθησον,
866 381 918 415 ὅτι,

120 428 161 456 ἱάν
188 429 306 466 ἱπιμείνῃ
332 433 364 465 τῇ
393 428 518 464 ἁμαρτίᾳ,
547 430 612 464 μετὰ
630 431 676 454 τοῦ
701 425 823 453 διαϐόλου
837 435 920 462 παρα-

120 470 264 502 δοθήσεται
288 477 324 508 τῷ
351 473 446 508 αἰωνίῳ
474 482 547 509 πυρι.
572 472 672 508 Ὠσπερ
701 469 731 498 δί
757 471 790 497 τὰ
803 470 920 506 ὀνόματα

120 515 236 555 διάφορα
249 518 332 554 θυμοῦ
347 519 392 544 καὶ
407 517 494 555 ὀρυγῆς,
510 517 577 544 οὕτω
589 519 634 543 καὶ
648 518 681 543 τὰ
694 516 737 543 ὑπ’
764 515 846 543 αὐτῶν
871 524 918 544 ση-

119 564 262 598 μαινόμενα
287 562 407 589 πλείστον
433 561 547 590 ἀλλήλων
585 560 712 599 διαφέρει.
747 560 826 587 ’Ἐστι
865 560 916 596 γὰρ

120 607 199 643 θυμὸς
214 608 259 643 μὲν
275 607 327 633 οἷον
342 607 431 642 ἓξαψίς
443 617 479 637 τις
505 609 551 633 καὶ
573 605 746 643 ἀναθυμίασις
776 605 846 637 ὁξιία
870 605 916 631 τον

117 652 236 682 πάθους·
267 651 331 689 ὀργὴ
363 650 392 678 δὲ
417 653 523 688 ἷμμονος
549 651 617 680 λύπη
644 653 689 677 καὶ
715 651 781 687 ὁρμὴ
806 648 917 688 διαρκὴς

118 697 176 733 τρὸς
189 698 236 726 τήν
260 701 310 722 τῶν
323 694 490 726 ἠδικηκότων
510 694 656 730 ἀντίδοσιν,
684 696 770 732 ὥσπερ
798 695 917 733 ὀργώσης

118 745 164 771 ’ἧς
174 740 266 777 ψυχῆς
291 743 353 779 πρὸς
376 743 422 770 τὴν
445 742 556 778 ἄμυναν.
583 739 688 768 Εἰδέναι
714 738 757 766 οὖν
781 742 847 776 χρὴ,
877 740 917 766 ὅτι

119 786 176 812 κατ’
204 784 348 822 ἀμφοτέρας
374 786 419 816 τὰς
447 784 576 816 διαθέσεις
603 784 798 822 πλημμελοῦσιν
824 784 849 810 οἱ
874 783 917 810 οἶν-

122 830 219 867 θρωποι
236 839 242 846 -
275 830 420 867 ἣμανικῶς
433 832 478 856 καὶ
507 829 656 867 ἐμπλήκτως
681 830 750 855 κατά
776 832 826 855 τῶν
851 837 918 865 παρ-

973 242 1016 270 fer
1031 242 1062 269 in
1076 241 1270 273 homicidam,
1282 240 1433 269 mendacii
1443 242 1572 276 patrem,
1583 238 1728 267 artificem
1735 246 1803 275 pec-

973 286 1044 322 cati;
1075 286 1173 314 fratris
1198 293 1268 314 vero
1293 285 1393 322 potius
1422 284 1665 317 commiseresce,
1683 284 1743 319 90
1766 291 1802 311 eo

973 331 1057 367 quod
1070 331 1094 359 si
1109 331 1139 358 in
1155 333 1279 366 peccato
1294 329 1504 366 permanserit,
1525 336 1587 356 una
1597 336 1667 356 cum
1679 327 1802 356 diabolo

971 375 1035 411 igni
1050 377 1161 403 aeterno
1177 375 1341 403 tradendus
1357 375 1404 402 sit.
1414 373 1680 407 Quemadmodum
1695 375 1797 401 autem

971 419 1091 448 diversa
1103 421 1173 447 sunt
1187 419 1403 454 indignationis
1414 421 1442 447 et
1456 419 1506 446 ira:
1517 418 1642 445 nomina
1654 425 1661 444 :
1677 417 1719 445 ita
1728 424 1802 453 qu0<

971 472 1030 501 que
1046 464 1189 500 subjectae
1202 464 1298 500 ipsius
1320 463 1471 496 notiones,
1496 462 1662 499 plurimum
1676 461 1753 489 inter
1769 468 1801 488 se

971 509 1123 537 differunt.
1140 508 1310 543 Indignatio
1321 508 1401 536 enim
1415 507 1502 544 quasi
1512 506 1655 543 quaedam
1665 505 1800 534 incensio

970 556 1016 582 est
1030 561 1066 582 ac
1077 553 1233 590 repentina
1248 552 1372 581 aiiectus
1382 551 1547 585 exhalatio;
1570 551 1616 578 ira
1623 558 1705 585 vero,
1714 550 1802 578 dolor

969 600 1353 634 constans,perpetuusque
1360 597 1510 633 appetitus
1516 595 1591 624 vicis
1599 594 1800 631 rependendaa

969 642 1161 676 nocentibus,
1175 642 1277 670 anima
1299 642 1380 670 velut
1397 641 1428 669 in
1440 641 1609 669 vindictam
1631 639 1796 676 pruriente.

971 687 1049 716 Scire
1065 687 1165 723 itaque
1177 694 1277 723 operte
1291 686 1419 723 pretium
1435 688 1489 720 est,
1501 684 1587 722 quod
1602 684 1710 712 aﬁ‘ectu
1720 685 1802 711 utro-

970 739 1028 768 que
1039 733 1168 768 peccant
1181 731 1330 764 homines,
1346 733 1398 758 aut
1408 730 1517 758 furiuse
1528 737 1563 757 ac
1574 731 1683 756 temere
1694 728 1800 756 adver-

970 784 1022 804 sus
1035 776 1184 804 irritantes
1199 775 1355 808 commoti,
1372 777 1424 803 aut
1436 782 1490 810 per
1504 773 1592 802 dolos
1614 781 1649 801 ac
1675 772 1800 801 insidias

970 828 1022 849 eos
1036 820 1088 857 qui
1102 819 1176 856 ipsis
1197 819 1369 848 molestiam
1389 818 1543 852 exhibent,
1562 817 1800 846 circumvenien-

120 863 259 907 οξυνόντων
347 875 502 911 κινούμενοι,
518 863 546 905 ’ἦ
577 872 686 911 δολερῶς
711 876 756 900 καὶ
780 863 917 903 ἐπιϐούλως

972 867 1032 895 tes:
1050 873 1118 903 quae
1131 864 1194 894 duo
1209 864 1346 894 cavenda
1361 863 1451 893 nobis
1467 865 1548 892 sunt.

121 921 179 949 τοὺς
190 918 257 948 λυπή
263 929 357 950 σαντας
370 917 539 958 ἐνιδριύοντις
553 930 560 937 ο
584 919 648 958 ἅπερ
679 918 810 956 ἀμφότερα
838 917 917 956 φυλή-

121 965 192 991 κτίον
204 965 278 1000 ἡμῖν.

153 1010 179 1036 7.
194 1012 250 1039 Πῶς
263 1008 293 1035 ἂν
309 1007 352 1036 οὖν
368 1011 403 1045 μὴ
419 1012 515 1036 κινοῖτο
531 1010 594 1047 πρὸς
608 1009 625 1035 ἆ
637 1011 672 1045 μὴ
690 1007 731 1035 δεῖ
756 1010 785 1036 τὸ
812 1008 892 1039 πάθος
908 1015 915 1042 ;

119 1055 196 1086 Πῶς;
217 1053 247 1080 Εἰ
276 1051 495 1090 προπαιδευθείης
514 1054 569 1089 (32)
596 1055 642 1083 τὴν
667 1054 916 1090 ταπεινοφροσύνην,

119 1097 148 1127 ἣν
164 1098 177 1123 ὁ
191 1099 284 1135 Κύριος
298 1101 342 1124 καὶ
365 1097 434 1134 λόγῳ
450 1097 598 1132 διετάξατο,
619 1101 664 1125 καὶ
679 1099 745 1136 ἔργῳ
775 1096 893 1130 ὑπέδειξε
908 1107 916 1114 ·

117 1145 161 1168 νῦν
189 1143 234 1178 μὲν
262 1142 342 1178 λὲγων
359 1153 366 1160 ι
393 1142 422 1169 ’0
457 1142 532 1170 θέλων
559 1142 584 1169 ἐν
621 1144 682 1180 ὑμῖν
716 1141 780 1169 εἶναι
817 1146 917 1179 πρῶτος

118 1187 184 1214 ἔστω
196 1188 298 1213 πάντων
314 1188 427 1223 ἔσχατος
443 1198 449 1204 ι
481 1191 525 1214 νῦν
553 1186 583 1214 δι
606 1188 692 1225 πράως
717 1197 762 1214 και
791 1186 917 1218 ἀκινήτως

118 1235 163 1258 τοῦ
189 1233 328 1262 τύπτοντος
353 1231 515 1269 ἀνεχόμενος.
542 1232 571 1258 Ὀ
603 1234 653 1269 γὰρ
682 1231 790 1269 οὐρανοῦ
806 1234 850 1258 καὶ
869 1235 918 1267 γῆς

118 1279 228 1306 ποιητής
265 1279 310 1303 καὶ
337 1275 475 1309 δεσπότης,
504 1277 517 1303 ὁ
543 1278 615 1314 ποιρά
640 1277 727 1307 πάσης
752 1281 797 1307 τῆς
824 1280 918 1306 νοητῆς

118 1324 162 1347 καὶ
188 1321 317 1352 αἰσθητῆς
343 1323 450 1352 κτίσεως
474 1323 706 1359 προσκυνοήμενος,
734 1322 746 1347 ὁ
773 1323 857 1359 Φέρων
885 1322 919 1347 τὰ

121 1367 260 1402 σύμπαντα
293 1370 330 1402 τῷ
365 1367 465 1403 ῥήματι
502 1371 548 1396 τῆς
584 1364 716 1403 δυνάμεως
745 1366 801 1402 (33)
826 1365 917 1400 αὑτοῦ,

119 1410 182 1446 οὐχὶ
210 1411 296 1441 ζῶντα
318 1411 428 1447 ἔπεμψτν
455 1411 532 1437 αὑτὸν
562 1411 595 1441 si;
623 1412 666 1437 τὸν
693 1409 771 1446 ᾅδην,
801 1414 848 1447 τῆς
870 1414 918 1446 γῆς

119 1454 310 1492 ὑπορῥα-γείσης
318 1459 354 1490 τῷ
368 1454 502 1489 δυσσεϐεῖ,
517 1455 581 1482 ἀλλά
592 1457 705 1482 νουθετεῖ
718 1458 763 1481 καὶ
776 1453 916 1482 διδάσκει·

119 1499 149 1526 Εἰ
175 1503 260 1531 κακῶς
289 1499 412 1533 ἐλάλησα,
439 1501 608 1537 μαρτύρησον
634 1503 693 1538 περὶ
729 1504 773 1526 τοῦ
813 1504 916 1526 κακοῦ·

120 1543 142 1570 εἰ
156 1542 185 1570 δέ
199 1544 292 1578 καλῶς,
311 1547 338 1571 τί
353 1554 384 1581 μι
397 1543 497 1582 δέρεις;
527 1545 584 1572 Ἐὰν
610 1547 660 1583 γὰρ
686 1545 790 1582 ἐθισθῇς
816 1546 917 1572 πάντων

120 1589 232 1624 ἔσχατος
258 1588 323 1616 εἶναι
346 1591 413 1616 κατά
438 1592 486 1620 τὴν
515 1589 617 1620 ἐντολήν
645 1594 690 1616 τοῦ
718 1593 825 1628 Κυρίου,
856 1592 918 1617 πότε

120 1632 308 1669 ἀγανακτήσεις
327 1636 360 1664 ὡς
370 1635 443 1671 παρά
457 1636 504 1664 τὴν
520 1633 591 1667 ἀξίαν
606 1635 811 1671 καθυϐρισμένος
837 1636 894 1671 (34)
909 1644 915 1668 ;

119 1677 197 1705 Ὀταν
212 1688 241 1704 σε
255 1677 362 1705 παιδίον
382 1680 475 1708 νήπιον
500 1677 656 1716 λοιδορήσῃ,
677 1679 783 1715 γέλωτος
799 1679 916 1716 ἀφορμὴν

119 1727 179 1759 ποιῇ
196 1724 230 1749 τὰ
241 1722 442 1761 λοιδορήματα·
467 1726 512 1750 καὶ
539 1724 600 1750 ὅταν
629 1725 678 1750 ὑπὸ
703 1722 847 1761 φρενίτιδος
876 1724 917 1756 ἑξ-

119 1769 235 1798 ιστηκὼς
260 1771 307 1797 τὴν
333 1767 451 1795 διάνοιαν
479 1770 623 1806 φθέγγηται
656 1769 762 1806 ῥήματα
801 1768 915 1806 ἀτιμίας,

119 1811 225 1838 ΐλιεινὸν
239 1813 290 1849 ἡγῇ
307 1813 398 1849 μᾶλλον
412 1814 426 1844 ἡ
441 1816 535 1850 μίσους
547 1814 628 1845 ἀξιον.
647 1814 684 1840 Οὐ
703 1816 788 1840 τοίνυν
814 1816 848 1840 τὰ
872 1815 918 1852 ῥή-

118 1866 190 1894 ματα
205 1859 300 1894 πέφυκε
314 1860 358 1888 τὰς
371 1858 452 1889 λύπας
466 1862 556 1892 κινεῖν,
582 1857 636 1884 ἀλλ’
661 1859 676 1887 ἠ
707 1859 774 1884 κατὰ
796 1862 841 1884 τοῦ
866 1859 919 1885 λοι-

119 1899 281 1938 δορήσαντος
305 1904 372 1940 ἡμᾶς
395 1903 535 1940 ὑπεροψία,
549 1905 594 1929 καὶ
609 1903 623 1932 ἡ
641 1903 752 1929 ἑκάστου
776 1905 835 1940 περὶ
861 1903 919 1929 ἑαυ-

119 1950 160 1974 τὸν
177 1950 406 1984 φκδτασία.”Ωο·τε
418 1948 447 1974 ἂν
463 1947 555 1984 ἀφέλῃς
568 1952 613 1978 τῆς
627 1948 718 1974 ἑαυτοῦ
735 1948 788 1983 (35)
803 1947 919 1986 διανοίας

119 1994 215 2019 τούτων
231 1992 359 2030 ἑκάτερον,
376 1992 455 2030 φόρος
470 1993 539 2019 ἐστὶν
551 1993 630 2023 ἄλλως
646 1991 765 2023 διακενῆς
787 1995 861 2029 ἠχῶν
885 1994 919 2020 τὰ

119 2039 252 2074 φερόμενα,
281 2040 387 2064 Παῦσαι
415 2036 458 2063 οὖν
488 2036 538 2065 ἀπὸ
563 2038 653 2075 ὀργῆς,
692 2040 737 2064 καὶ
763 2037 917 2074 ἐγκατάλιπε

120 2082 210 2118 θυμὸν,
233 2082 274 2107 ἱνα
289 2083 372 2118 φύγῃς
397 2086 442 2112 τῆς
472 2082 550 2119 ὀργῆς
571 2085 618 2112 τήν
642 2086 743 2119 πεῖραν,
767 2087 812 2113 τῆς
841 2082 918 2109 Ἀπο-

118 2126 311 2163 καλυπτομένης
353 2126 397 2152 ἀπ’
440 2126 549 2164 οὐρανοῦ
593 2127 634 2153 ἐπὶ
671 2130 759 2153 πᾶσαν
797 2126 916 2153 ἀσέϐειαν

1005 1010 1032 1037 7.
1048 1007 1105 1041 Qui
1132 1007 1224 1043 igitur
1246 1007 1312 1036 ﬁeri
1336 1006 1455 1043 poterit,
1479 1007 1513 1035 ut
1538 1005 1731 1035 turbulentus
1749 1004 1799 1034 ille

971 1053 1097 1082 aﬁ‘ectus
1125 1052 1167 1081 ad
1186 1060 1222 1081 ea
1246 1060 1315 1089 quae
1335 1059 1397 1080 non
1419 1053 1550 1088 oportet,
1573 1058 1637 1079 non
1660 1049 1799 1078 cientur?

971 1098 1130 1132 Quomodo
1143 1098 1156 1125 ?
1169 1098 1197 1126 Si
1212 1097 1304 1125 {ueris
1327 1097 1411 1133 prius
1437 1096 1640 1124 humilitatem
1661 1094 1799 1130 edoctus,

969 1151 1064 1180 quam
1078 1142 1223 1171 Dominus
1238 1144 1266 1170 et
1280 1141 1381 1169 verbis
1394 1141 1547 1177 praecepit,
1563 1143 1591 1168 et
1605 1148 1637 1168 re
1652 1139 1795 1168 ostendit.

971 1188 1086 1224 Quippe
1100 1187 1192 1215 modo
1203 1187 1290 1215 dicit:
1304 1187 1361 1220 Qui
1370 1185 1435 1214 vult
1446 1186 1526 1213 inter
1540 1193 1590 1213 vos
1600 1185 1716 1220 primus
1730 1191 1799 1218 esse,

969 1233 1008 1260 sit
1018 1232 1149 1260 omnium
1157 1235 1325 1267 postremus
1333 1232 1370 1258 “z
1383 1230 1476 1258 modo
1486 1238 1559 1258 vero
1585 1229 1722 1258 toleravit
1741 1237 1802 1257 cm-

970 1277 1092 1305 dentem
1105 1276 1166 1304 leni
1178 1277 1280 1305 animo
1290 1278 1380 1312 atque
1395 1276 1522 1303 immoto
1532 1276 1565 1302 ⁸⁷.
1577 1276 1652 1303 Nam
1663 1274 1730 1302 cmli
1742 1277 1801 1303 ter-

969 1329 1073 1358 rteque
1089 1321 1227 1350 conditor
1240 1329 1276 1350 ac
1291 1321 1448 1353 dominus,
1463 1321 1516 1356 qui
1531 1328 1550 1348 a
1564 1322 1704 1348 creatura
1718 1319 1802 1347 omni

970 1368 1035 1395 tam
1050 1366 1199 1403 spirituali
1213 1374 1307 1402 quam
1327 1365 1357 1394 in
1374 1372 1497 1393 sensum
1511 1364 1631 1392 cadenti
1645 1363 1800 1400 adoratur,

970 1411 1103 1440 Portans
1115 1412 1216 1439 omnia
1231 1411 1319 1439 verbo
1335 1410 1457 1438 virtutis
1474 1410 1575 1442 suat“,
1592 1416 1802 1446 percussorem

970 1463 1034 1484 non
1049 1455 1129 1484 misit
1143 1457 1247 1483 vivum
1263 1455 1294 1483 in
1308 1455 1432 1489 inferos,
1448 1456 1528 1482 terra.
1547 1453 1586 1482 ad
1601 1454 1731 1490 impium
1746 1453 1802 1481 dc-

972 1500 1160 1536 glutiendnm
1175 1497 1355 1533 dehiscente,
1371 1499 1425 1527 sed
1444 1498 1677 1527 commonefacit
1697 1506 1733 1526 ac
1747 1498 1802 1527 do-

972 1547 1032 1573 cet:
1048 1545 1081 1573 Si
1090 1545 1168 1573 male
1185 1545 1302 1573 locutus
1317 1552 1393 1579 sum,
1406 1544 1606 1572 testimonium
1621 1543 1747 1578 perhibe
1765 1543 1802 1571 de

971 1591 1067 1625 malo;
1082 1591 1108 1618 si
1123 1593 1221 1618 autem
1238 1590 1319 1622 bene,
1331 1589 1404 1625 quid
1423 1597 1469 1617 me
1487 1588 1628 1617 aedis”?
1648 1588 1763 1616 Etenim
1777 1588 1802 1616 si

969 1635 1056 1670 juxta
1070 1637 1255 1671 praeceptum
1267 1634 1385 1662 Domini
1399 1636 1571 1670 postremus
1586 1633 1725 1661 omnium
1736 1640 1802 1661 esse

972 1679 1359 1715 assueveris,quandonam
1369 1677 1578 1714 indignabere,
1585 1677 1719 1714 quasisis
1726 1684 1802 1713 prae-

972 1725 1017 1752 ter
1031 1724 1211 1758 dignitatem
1227 1722 1418 1751 contumeliis
1434 1722 1613 1750 divexatus?
1629 1721 1704 1749 Cum
1725 1729 1802 1758 puer

970 1769 1118 1805 parvulus
1133 1768 1187 1796 tibi
1203 1768 1401 1799 conviciatur,
1426 1767 1563 1795 convicia
1587 1767 1660 1795 facis
1682 1767 1801 1795 ridendi

971 1813 1144 1841 materiam:
1169 1813 1338 1849 quinetiam
1360 1820 1430 1839 cum
1453 1811 1521 1848 quis
1546 1819 1607 1847 prae
1630 1811 1800 1847 phrenitide

971 1860 1072 1886 mente
1086 1858 1205 1894 lapsus,
1221 1857 1314 1885 verba
1328 1857 1532 1892 ignominiosa
1550 1856 1693 1892 loquitur,
1714 1856 1800 1884 ducis

971 1903 1056 1931 illum
1071 1902 1278 1931 misericordia
1288 1910 1382 1938 quam
1395 1902 1465 1930 odio
1475 1901 1656 1937 digniorem.
1670 1902 1734 1929 Non
1746 1901 1799 1936 igi-

972 1950 1019 1976 tur
1033 1948 1126 1976 verba
1137 1948 1216 1984 ipsa,
1229 1947 1281 1974 sed
1291 1954 1451 1981 insurgens
1466 1947 1611 1974 adversus
1621 1945 1800 1973 conviciato-

971 2000 1035 2020 rem
1051 1992 1203 2029 superbia,
1215 1994 1243 2020 et
1258 1992 1405 2028 cujusque
1420 1992 1457 2019 de
1473 1999 1504 2018 se
1527 1991 1594 2027 ipso
1617 1990 1798 2019 existimatio

970 2037 1142 2065 molestiam
1159 2045 1194 2065 ac
1208 2037 1363 2072 negotium
1380 2036 1477 2064 solent
1486 2035 1646 2064 facessere.
1661 2037 1758 2068 Quare
1773 2035 1798 2063 si

970 2083 1132 2118 utrumque
1145 2082 1254 2109 horum
1266 2089 1302 2109 ex
1313 2081 1415 2108 animo
1425 2081 1590 2113 exemeris;
1605 2088 1640 2108 ea
1653 2087 1721 2116 quae
1731 2087 1798 2116 pro-

969 2125 1116 2160 feruntur,
1132 2126 1173 2154 nil
1189 2126 1271 2154 aliud
1286 2129 1365 2159 sunt,
1381 2125 1439 2153 nisi
1449 2126 1567 2153 sonitus
1584 2124 1693 2152 frustra
1707 2132 1742 2152 ac
1758 2126 1798 2152 te-

118 2173 162 2197 καὶ
184 2169 290 2197 ἀδικίαν
320 2170 471 2208 ἀνθρώπων.
497 2171 554 2198 Ἐὰν
581 2173 632 2209 γὰρ
659 2171 778 2208 λογισμῷ
803 2174 915 2209 σώφρονι

972 2178 1052 2199 mere
1062 2171 1170 2199 editus.
1187 2171 1296 2198 Desine
1305 2170 1393 2205 igitur
1405 2170 1443 2198 ab
1454 2170 1512 2205 ira,
1524 2173 1550 2197 et
1562 2169 1735 2205 derelinque
1743 2171 1797 2204 fu-

118 2215 230 2252 ὶκτεμεῖν
246 2214 361 2252 δυνηθῇς
375 2218 422 2245 τήν
437 2217 532 2253 πικρὰν
557 2216 632 2253 ῥίζαν
652 2220 697 2242 τοῦ
715 2217 807 2253 θυμοῦ,
835 2217 915 2243 πολλὰ

118 2265 166 2286 τῶν
181 2261 271 2286 παθῶν
287 2270 317 2297 τῃ
346 2260 417 2298 ἀρχῇ
443 2262 524 2297 ταύτῃ
554 2263 762 2298 συναναιρήσεις.
788 2263 839 2287 Καὶ
863 2262 913 2298 γὰρ

117 2306 146 2330 τό
175 2303 279 2342 δολερὸν
312 2307 357 2332 καὶ
384 2306 507 2340 ὕποπτον,
530 2307 575 2332 καὶ
591 2306 699 2332 ἄπιστον
710 2307 755 2332 καὶ
779 2307 913 2340 κακόηθες,

118 2351 162 2375 καὶ
182 2349 313 2376 ἐπίϐουλον
329 2351 374 2376 καὶ
390 2351 484 2387 θρασὺ,
511 2353 556 2376 καὶ
583 2353 634 2376 πᾶν
662 2352 691 2376 τὸ
717 2354 767 2376 τῶν
790 2352 913 2377 τοιούτων

153 2426 176 2443 ⁴⁸
192 2426 279 2454 Marc.
304 2433 342 2460 ix,
363 2427 408 2454 34.

118 2469 140 2488 ει
157 2471 243 2498 Rom.
258 2478 278 2504 ι,
297 2472 340 2498 t8.

456 2426 478 2444 ⁸⁷
498 2427 583 2455 Joan.
608 2434 688 2461 xvm,
713 2428 758 2461 22,
783 2428 827 2455 23.

153 2532 208 2568 (31)
224 2532 346 2570 Antiqui
359 2532 421 2561 duo
435 2532 503 2561 libri
516 2533 725 2570 παροξυνάντων,

152 2570 218 2604 (32),
228 2569 274 2596 Sic
289 2568 319 2596 in
334 2571 465 2604 quatuor
479 2568 558 2598 mss.
569 2569 686 2604 legitur,
702 2569 732 2597 in
749 2569 835 2598 editis
846 2578 917 2598 vero

118 2603 140 2629 εἰ
152 2602 333 2642 παιδευθείης.
344 2602 414 2642 Mog
426 2612 489 2639 reg.
505 2602 621 2642 primus
636 2607 785 2642 21175970“.

119 2674 125 2679 .
152 2640 211 2679 (_33)
222 2640 354 2679 ‘Utraque
368 2639 459 2668 editio
467 2639 631 2679 et_Coisl.et
641 2639 840 2679 coithertius
854 2649 919 2679 per-

118 2675 187 2713 inde
199 2677 230 2713 u_t
240 2677 335 2702 textus
347 2683 433 2713 sacer
442 2680 478 2713 τῷ
487 2676 586 2712 ῥήματι
600 2681 648 2713 τῆς
664 2675 807 2713 δυνάμεως,
830 2675 918 2706 vérbo

119 2711 240 2738 virtutis
258 2718 329 2738 sum.
346 2713 382 2738 At
404 2711 491 2745 Regii
504 2712 655 2740 secundus
671 2715 700 2740 et
723 2711 826 2741 tertius
848 2721 918 2741 cum

120 2745 198 2773 Colb.
211 2745 310 2782 primo
323 2750 359 2781 τῷ
369 2748 477 2784 νεύματι
491 2751 536 2777 τῆς
546 2746 688 2784 δυνάμεως,
710 2753 788 2777 nutu
798 2749 919 2778 virtutis

120 2788 189 2816 sua,
200 2790 253 2810 seu
263 2782 405 2817 potentia:
416 2789 491 2810 suae.

876 2427 899 2445 ‘8
916 2426 1008 2456 Hebr.
1028 2434 1048 2462 Ι,
1075 2428 1101 2455 3.

969 2223 1066 2244 rorem
1076 2217 1116 2244 30:
1133 2217 1166 2243 ut
1178 2215 1230 2243 irae
1243 2214 1411 2250 periculum
1427 2214 1565 2249 effugias,
1581 2221 1650 2250 quae
1666 2214 1709 2241 De
1721 2214 1795 2242 caelo

969 2261 1123 2289 revelatur
1135 2267 1226 2295 super
1238 2267 1352 2288 omnem
1363 2260 1554 2294 impietatem,
1570 2262 1597 2287 et
1612 2259 1794 2294 injustztiam

969 2306 1068 2334 homin
1075 2313 1123 2333 ξένη
1132 2305 1165 2332 5‘.
1183 2306 1257 2333 Nam
1269 2304 1293 2332 si
1306 2304 1430 2332 consilio
1441 2303 1582 2340 prudenti
1594 2311 1731 2331 amaram
1743 2303 1794 2331 ira:

968 2350 1101 2379 radicem
1114 2349 1288 2378 exscindere
1302 2350 1427 2386 poteris,
1449 2349 1520 2377 vitia
1537 2356 1600 2377 non
1621 2356 1719 2385 pauca
1732 2356 1795 2377 una

1150 2427 1173 2444 ‘9
1188 2427 1274 2455 Joan.
1299 2434 1381 2460 xvm,
1402 2427 1447 2454 23.
1495 2426 1518 2444 ⁵ο
1534 2425 1611 2453 Psal.
1634 2432 1735 2461 xxxvx,
1766 2426 1793 2454 8.

1007 2534 1063 2569 (34)
1078 2535 1149 2568 Reg.
1163 2533 1279 2570 primus
1292 2533 1369 2570 Δἀξίαν
1383 2533 1611 2570 καθυϐριζόμενος.
1636 2531 1795 2570 Aliquanto

972 2567 1041 2612 post
1055 2567 1150 2597 idem
1164 2567 1262 2598 codex
1288 2568 1390 2596 ἐλεεινὸν
1406 2567 1615 2605 ἡγηάαι.’Βεε.
1643 2567 1796 2596 secundus

972 2615 1049 2635 ηνου.

995 2617 1064 2675 κῗέὲ)
1079 2643 1148 2669 Tres
1164 2641 1269 2669 saltem
1290 2641 1404 2677 antiqui
1418 2641 1486 2669 libri
1509 2644 1555 2670 τῆς
1583 2643 1703 2667 σεαυτοῦ.
1721 2639 1798 2668 Editi

973 2679 1001 2704 et
1016 2679 1086 2711 Reg.
1103 2678 1206 2705 tertius
1222 2678 1323 2704 ἑαυτοῦ.
1336 2678 1399 2705 Mox
1410 2685 1488 2704 unus
1501 2684 1578 2704 mss.
1593 2679 1698 2702 Παῦσαι
1711 2678 1797 2701 τοίνυν

974 2711 1034 2739 ἀπὸ.
1053 2713 1166 2741 Ibidem
1182 2713 1263 2741 Colb.
1280 2713 1381 2740 tertius
1395 2715 1441 2738 καὶ
1460 2711 1635 2748 ἐγκᾳτάλειπε.
1664 2711 1798 2748 Subinde

973 2748 1176 2791 idem_codex
1201 2751 1231 2778 et
1261 2749 1333 2784 Reg.
1357 2746 1480 2785 primus
1500 2747 1744 2783 ἀποκαλυπτομένης
1772 2746 1798 2778 ἐξ

974 2793 1097 2822 ουρανων,
