2059 3136
242 130 292 158 371

936 126 964 156 5.
986 125 1109 154 BASILII
1129 124 1238 153 MAGNI

1869 123 1926 150 372

244 199 315 220 cum
329 191 388 219 hoc
402 189 550 228 principio
562 189 756 226 exstirpabis.
768 191 843 218 Nam
857 189 957 220 dolus,
974 188 1071 225 suspi-

1129 191 1242 225 πονηρῶν
1256 186 1311 222 (36)
1329 190 1435 222 σμῆνος,
1452 186 1550 216 ταύτης
1575 189 1622 215 τῆς
1643 185 1736 216 κακίας
1761 184 1832 211 ἐστὶν
1853 184 1925 212 ἀπο-

245 236 303 270 cio,
327 235 500 268 inﬁdelitas,
527 234 699 269 malignitas
723 234 852 269 insidize,
877 233 1017 267 audacia,
1042 236 1072 263 et

246 288 336 308 omne
351 279 493 308 similium
505 279 656 306 malorum
671 286 811 312 examen,
826 278 888 306 vitii
903 278 993 313 hujus
1008 285 1071 313 ger-

245 325 329 353 mina
338 326 417 352 sunt.
425 325 522 356 Quare
532 331 570 351 ne
578 331 772 352 accersamus
783 323 872 351 nobis
882 323 997 350 malum
1008 324 1072 350 tan-

246 371 320 402 tum,
345 369 454 397 animae
489 368 710 402 aegritudinem,
746 367 871 396 rationis
901 367 1070 402 caliginem,

245 413 499 441 abalienationem
510 421 528 440 a
540 414 609 446 Deo,
617 411 846 440 necessitudinis
855 411 1070 446 ignorantiam,

245 457 317 486 belli
332 457 525 494 principium,
547 456 754 485 calamitatum
772 456 939 491 cumulum,
956 456 1071 484 malum

246 501 418 530 daemonem
429 501 502 537 ipsis
513 501 622 529 animis
633 501 742 529 nostris
750 501 1004 535 innascentem,et
1013 500 1073 528 vel-

246 546 851 582 utimpudentemquemdaminquilinum
863 545 1005 573 interiora
1014 553 1072 573 no—

247 593 308 619 stra
321 593 626 626 occupantem,atque
632 590 752 626 Spiritui
760 592 864 618 sancto
871 590 986 617 aditum
997 596 1073 626 prae-

247 635 430 664 cludentem.
454 635 506 663 Ubi
521 635 602 663 enim
626 638 696 663 sunt
716 635 891 669 inimicitiae,
911 634 987 667 lites,
1009 635 1072 668 iraa,

247 680 330 714 rixre,
360 680 579 715 contentiones,
604 679 752 708 tumultus
771 679 948 715 irrequietos
967 680 1023 715 91
1042 679 1073 707 in

248 725 412 752 animabus
425 724 582 760 gignentes
594 733 600 752 :
630 724 672 752 ibi
686 723 929 752 mansuetudinis
945 723 1073 759 Spiritus

247 769 332 798 haud
346 769 514 804 requiescit.
538 768 596 796 Sed
610 769 690 797 beati
706 768 787 797 Pauli
802 768 1002 796 admonitioni
1016 768 1073 796 ob-

248 815 592 849 temperantes,omncm
602 813 679 841 iram
689 815 718 842 et
727 813 966 848 indignationem
978 815 1006 841 et
1016 813 1074 841 cla—

1126 232 1308 269 ϐλαστὴματα.
1332 233 1374 260 Μὴ
1406 229 1439 260 δὴ
1465 231 1508 256 οὖν
1521 230 1697 266 ἐπεισάγωμιτδ
1713 229 1813 261 ἑαυτοῖς
1842 232 1924 257 κακὸν

1125 281 1248 304 τοσοῦτον
1265 287 1271 294 ·
1289 276 1435 314 ἀρρωστίαν
1450 275 1554 311 ψυχῆς,
1571 277 1699 301 σκότωσιν
1714 273 1857 311 λογισμῶν,
1872 274 1924 301 ἀπὸ

1126 326 1192 349 Θεοῦ
1216 321 1395 359 ἀλλοτρίωσιν,
1425 319 1583 350 οἰκειότητος
1605 320 1719 355 ἄγνοιαν,
1740 319 1828 356 ἀρχὴν
1846 320 1925 347 πολέ-

1125 376 1186 404 μου,
1215 370 1353 403 συμφορῶν
1381 365 1519 402 πλήρωμα,
1550 363 1664 401 δαίμονα
1690 365 1802 401 πονηρὸν
1831 365 1925 396 αὐταῖς

1125 412 1198 448 ἡμῶν
1230 414 1288 442 ταῖς
1326 409 1431 446 ψυχαῖς
1464 409 1649 446 ἐντικτὸμινον,
1679 410 1723 435 καὶ⁵
1752 409 1839 446 ὥσπερ
1866 411 1926 436 τινὰ

1126 457 1221 482 ἔνοικον
1237 453 1331 485 ἀναιδῆ
1348 456 1547 491 προκατέχοντα
1562 455 1635 490 ἡμῶν
1660 455 1693 481 τὰ
1714 452 1797 488 ἔνδον,
1821 456 1867 480 καὶ
1887 458 1926 491 τῷ

1125 500 1191 537 ἁγίῳ
1207 501 1337 536 Πνεύματι
1351 502 1398 529 τὴν
1421 498 1538 536 παροδον
1563 498 1741 526 ἀποκλείοντα.
1764 498 1847 526 Ὀπου
1872 500 1926 537 γὰρ

1127 546 1232 582 ἔχθραι,
1256 546 1329 582 ἓγεις,
1356 545 1443 581 θυμοὶ,
1465 544 1582 581 ἐριθεῖαι,
1607 543 1769 580 φιλονεικίαι,
1798 543 1928 581 θορύϐους

1127 589 1271 626 amerca;
1288 592 1345 620 ταῖς
1368 589 1471 625 ψυχαῖς
1498 588 1672 625 ἑμποιοῦντα·
1698 588 1750 615 ἐκεῖ
1770 590 1799 615 τὸ
1823 593 1928 625 πνεῦμα

1126 639 1173 666 τῆς
1205 634 1355 671 πραΰτητος
1384 634 1431 660 οὐκ
1459 633 1628 660 ἀναπαύεται.
1654 634 1805 665 Πεισθέντες
1834 632 1863 660 δὲ
1891 638 1924 670 τῇ

1126 680 1277 715 παραινέσει
1298 683 1343 705 τοῦ
1367 681 1497 715 μακαρίου
1522 678 1636 712 Παύλου,
1659 682 1746 705 πᾶσαν
1773 678 1852 715 ὀργὴν
1880 681 1929 706 καὶ

1129 724 1209 760 θυμὸν
1222 725 1266 749 καὶ
1280 726 1395 760 κραυγὴν
1408 724 1509 759 ᾶρωμεν
1525 722 1566 759 ἀφ’
1582 724 1654 759 ἡμῶν
1670 725 1716 749 σὺν
1736 724 1806 759 πάσῃ
1832 725 1928 760 κακίᾳ,

1127 770 1171 794 καὶ
1194 769 1326 804 γενώμεθα
1352 767 1388 799 εἰς
1403 767 1526 799 ἀλλήλους
1539 770 1656 804 χρηστοὶ
1670 769 1715 794 καὶ
1734 767 1927 804 εὔσπλαγχνοι,

1127 812 1292 849 ἀναμένοντες
1315 815 1362 842 τὴν
1383 815 1514 849 μακαρίαν
1539 811 1633 839 ἐλπίδα
1654 815 1701 842 τὴν
1730 815 1785 843 τοῖς
1814 814 1927 849 πραέσιν

247 866 364 887 morem
379 866 449 886 cum
462 858 577 886 malitia
588 858 700 887 omnia
710 858 798 886 nobis
808 858 950 886 tollamus
961 858 996 892 ⁵³,
1011 857 1074 886 eﬁi-

1129 856 1318 893 ἐπηγγελμένην
1354 858 1498 894 (Μακάριοι
1526 858 1576 893 φὰρ
1603 858 1628 883 οἱ
1650 860 1750 894 πραεῖς,
1780 857 1821 883 ὅτι
1849 857 1927 884 αὐτοὶ

248 904 424 939 ciamurque
440 904 471 930 in
483 911 539 930 nos
553 903 684 931 invicem
698 903 826 931 humani
847 911 883 931 ac
906 903 1073 931 misericor-

247 949 312 981 des,
325 949 518 983 expectantes
530 947 652 975 beatam
668 956 754 984 spem
768 948 935 976 mansuetis
948 948 1075 983 promis-

248 1001 316 1021 sam
331 992 431 1028 (Beati
445 991 597 1027 siquidem
616 993 710 1025 mites.
737 993 878 1028 quoniam
900 992 960 1027 ipsi
979 992 1074 1027 possi-

1128 902 1356 938 κληρονομήσουσι
1380 904 1426 931 τὴν
1452 902 1524 938 γῆν),
1563 901 1587 928 ὲν
1622 906 1730 939 Χριστῷ
1767 901 1856 931 Ἰησοῦ
1889 906 1928 938 τῷ

1129 948 1216 983 Κυρίῳ
1231 947 1314 983 ἡμῶν,
1362 947 1377 976 ἡ
1400 945 1466 978 δόξα
1492 949 1536 973 καὶ
1559 947 1588 973 τὸ
1616 947 1711 984 κράτος
1731 947 1786 983 (37)
1806 946 1842 977 εἰς
1864 948 1928 978 τοὺς

1128 993 1232 1022 αἰῶνας.
1247 990 1338 1028 ’Λμήν,

248 1038 360 1067 debunt
376 1040 487 1066 terram
499 1037 546 1072 ⁸³),
562 1037 593 1065 in
608 1037 723 1065 Christo
737 1038 807 1065 Jesu
819 1037 947 1066 Domino
959 1039 1074 1072 nostro,
1087 1037 1136 1065 cui
1149 1036 1246 1072 gloria
1259 1038 1288 1065 et
1301 1036 1464 1073 imperium
1478 1037 1509 1065 in
1525 1036 1649 1066 saecula.
1662 1039 1769 1066 Amen.

557 1193 703 1222 HOMILIA
723 1193 765 1221 XI.

568 1247 611 1276 De
621 1247 736 1276 invidia
743 1267 750 1275 .

287 1305 312 1331 l.
328 1303 431 1330 Bonus
443 1302 489 1330 est
502 1303 628 1335 Deus,et
636 1301 788 1329 bonorum
798 1301 834 1329 iis
844 1301 897 1337 qui
907 1300 992 1337 digni
1005 1302 1077 1331 sunt

249 1347 389 1382 largitor;
400 1346 499 1375 malus
506 1345 705 1380 estdiabolus,
717 1345 960 1382 etcujuscunque
970 1346 1077 1383 iniqui-

251 1391 320 1420 tatis
336 1391 451 1420 artifex.
473 1392 506 1419 Et
526 1390 788 1426 quemadmodum
811 1398 846 1418 ex
868 1391 950 1419 bono
969 1398 1077 1419 conse-

251 1444 349 1473 quens
365 1438 421 1470 est,
432 1438 465 1464 ut
475 1435 589 1464 invidia
602 1438 701 1463 careat
714 1443 720 1463 :
735 1435 778 1463 sic
792 1435 904 1463 invidia
919 1435 1076 1465 diabolum

251 1481 397 1518 sequitur.
410 1482 578 1509 Caveamus
591 1480 691 1515 igitur,
706 1479 822 1515 fratres,
834 1479 953 1508 invidiae
963 1480 1076 1515 vitium,

252 1534 289 1554 ne
305 1526 378 1554 socii
397 1533 524 1562 operum
540 1524 705 1552 adversarii
719 1524 896 1560 efficiamur,
916 1533 992 1553 neve
1008 1534 1078 1553 cum

251 1569 745 1606 ipsoinveniamurjudicioeodem
753 1570 956 1598 condemnati.
964 1570 1079 1599 Etenim

253 1615 279 1643 si
293 1615 443 1651 superbus
453 1615 483 1642 in
497 1614 646 1650 judicium
664 1614 769 1642 incidit
783 1614 907 1649 diaboli,
923 1615 1078 1651 quomodo

251 1659 372 1688 invidus
382 1662 522 1695 paratum
532 1658 653 1687 diabolo
662 1659 843 1695 supplicium
853 1660 976 1695 eﬂ‘ugiet
986 1661 992 1688 Ξ
1004 1662 1078 1688 Nam

252 1704 452 1741 perniciosius
462 1703 578 1731 nullum
588 1703 692 1732 vitium
703 1703 870 1732 innascitur
878 1704 909 1731 in
919 1704 1078 1732 hominum

253 1749 372 1785 animis,
388 1757 482 1786 quam
495 1748 609 1777 invidia
625 1757 691 1785 quae
712 1752 871 1778 extraneos
887 1749 1010 1778 minime
1030 1749 1078 1778 lae-

251 1794 473 1831 dens,primum
483 1794 598 1823 malum
607 1796 651 1823 est
661 1796 688 1822 et
697 1794 896 1823 domesticum
904 1794 1078 1824 habenti.Ut

288 1876 312 1894 ⁸³
324 1876 432 1912 Ephes.
446 1883 485 1911 xv,
501 1877 547 1904 3t.
585 1875 609 1893 ⁵³
623 1875 724 1904 Matth.
740 1883 768 1912 v,
781 1876 808 1905 4.

288 1957 343 1991 (36)
364 1955 450 1985 Colb.
473 1955 605 1992 primus:
615 1957 738 1982 τοιούτων
760 1960 900 1994 πονηριῶν.
924 1955 980 1984 Alii
1001 1964 1076 1986 mss.

251 1996 370 2029 πονηρῶν
375 2013 380 2019 .

288 2027 343 2063 (37)
358 2028 390 2055 In
407 2030 534 2064 utraque
548 2027 678 2064 editione
702 2030 773 2064 post
795 2036 901 2056 vocem
925 2030 1020 2064 κράτος
1034 2037 1078 2056 se-

251 2066 386 2100 quuntur
398 2063 522 2101 ίμᾶλσὺν
535 2067 570 2098 τῷ
586 2063 693 2101 ᾁνιέρχῳ
709 2064 788 2101 αὐτοῦ
804 2066 898 2101 Πατρὶ,
916 2063 960 2090 καὶ
973 2069 1008 2100 τῷ
1023 2075 1076 2091 πα-

251 2098 331 2135 vae/ign
344 2101 390 2125 καὶ
404 2098 494 2134 ἀγαθῷ
518 2101 562 2124 καὶ
587 2099 704 2134 ζσιιοποιῷ
730 2100 813 2126 αὐτῶν
839 2098 979 2135 Πνεύματι,
994 2098 1076 2129 Ἲςιινη

1429 1195 1552 1221 ΟΜῙΛῙΑ
1572 1195 1605 1221 ῙΑ
1614 1213 1624 1223 .

1391 1249 1453 1286 Περὶ
1475 1249 1568 1285 φθόνου
1591 1247 1659 1284 (38).

1167 1303 1194 1330 1.
1218 1301 1329 1337 Ἀγαθός
1341 1302 1353 1328 ὁ
1373 1305 1448 1334 Θεὸς,
1464 1304 1509 1328 καὶ
1525 1302 1627 1338 ἀγαθῶν
1641 1305 1696 1333 τοῖς
1710 1301 1793 1334 ἀξίοις
1804 1307 1928 1339 παρέκτι-

1130 1348 1194 1378 κός·
1222 1349 1333 1383 πονηρὸς
1354 1347 1367 1373 ὁ
1391 1346 1523 1380 διάϐολος,
1548 1349 1593 1373 καὶ
1615 1349 1708 1378 κακίας
1729 1349 1855 1378 παντοίας
1879 1345 1928 1376 δη-

1131 1394 1266 1428 μιουργός,
1293 1394 1344 1418 Καὶ
1368 1393 1454 1428 ὥσπερ
1479 1393 1566 1419 ἕπεται
1592 1396 1628 1428 τῷ
1641 1391 1731 1427 ἀγαθῷ
1758 1393 1774 1421 ἡ
1806 1391 1927 1428 ἀφθονία,

1132 1430 1212 1467 οὕτως
1239 1435 1375 1463 ἀκολουθεῖ
1396 1441 1432 1473 τῷ
1459 1435 1573 1473 διαϐόλῳ
1596 1438 1611 1466 ἡ
1638 1436 1781 1473 βασκανία.
1805 1436 1929 1468 Φυλαξώ-

1132 1483 1199 1519 μεθα
1212 1480 1268 1514 οὖν,
1285 1480 1400 1518 ἀδελφοὶ,
1417 1483 1446 1508 τὸ
1470 1483 1551 1513 πάθος
1573 1485 1620 1508 τοῦ
1648 1483 1752 1517 φθόνου,
1778 1483 1814 1517 μὴ
1840 1491 1930 1508 κοινω-

1132 1529 1171 1553 νοὶ
1186 1531 1235 1553 τῶν
1251 1528 1330 1564 ἔργων
1354 1529 1399 1552 τοῦ
1423 1526 1597 1562 ἀντικειμένου
1618 1527 1760 1563 γενώμεθα,
1786 1528 1832 1552 καὶ
1856 1527 1930 1562 εὐρε-

1135 1573 1215 1608 θῶμεν
1252 1576 1288 1607 τῷ
1323 1571 1393 1607 αὐτῷ
1431 1570 1721 1607 συγκαταὸικαζόμενοι
1756 1573 1875 1608 κρίματι.
1900 1571 1931 1598 Εἰ

1132 1618 1182 1653 γὰρ
1213 1617 1226 1643 ὁ
1248 1617 1374 1652 τυφωθεὶς
1402 1616 1438 1647 εἰς
1463 1616 1545 1653 κρῖμα
1572 1615 1690 1652 ἐμπίπτει
1721 1619 1766 1642 τοῦ
1793 1614 1929 1650 διαϐόλου,

1132 1666 1186 1693 πῶς
1215 1662 1228 1688 ὁ
1255 1662 1376 1698 φθονερὸς
1403 1663 1448 1690 τὴν
1474 1662 1668 1697 ἡτοιμασμένην
1696 1665 1733 1696 τῷ
1755 1658 1867 1695 διαϐόλῳ
1891 1670 1930 1686 τι-

1132 1709 1231 1744 μωρίαν
1256 1705 1427 1742 ἐκφεὺξεται,
1462 1706 1557 1732 Φθόνου
1581 1707 1631 1742 γὰρ
1658 1706 1741 1736 παθὸς
1769 1703 1842 1731 οὐδὲν
1872 1704 1929 1731 ὁλε-

1134 1753 1270 1789 θριώτερον
1283 1752 1340 1788 (39)
1359 1751 1463 1787 ψυχαῖς
1485 1750 1624 1788 ἀνθρώπων
1649 1749 1790 1786 ἐμφύεται.
1814 1749 1851 1783 ὃς,
1868 1748 1929 1775 ἐλά-

1131 1807 1218 1832 χιστα
1244 1797 1299 1832 (40)
1327 1796 1413 1823 λυπῶν
1439 1797 1500 1828 τοὺς
1523 1795 1623 1828 ἔξωθεν,
1652 1799 1753 1833 πρῶτον
1778 1795 1858 1821 κακὸν
1884 1796 1928 1821 καὶ

1131 1958 1190 1986 nisi
1205 1957 1308 1986 omnia
1322 1965 1370 1985 me
1386 1957 1504 1992 fallunt,
1523 1958 1641 1985 tantum
1661 1956 1746 1985 abest
1769 1958 1802 1984 ut
1820 1955 1928 1984 vocula

1131 1994 1188 2027 οὐκ,
1203 2002 1296 2029 quam
1308 1993 1482 2021 addendam
1493 1995 1593 2029 censet
1604 1992 1813 2029 Gombetisius,
1828 1999 1927 2029 neces-

1132 2027 1270 2064 saria—sit,
1283 2029 1413 2056 utetiam
1423 2029 1487 2064 ejus
1496 2028 1553 2056 loci
1561 2028 1737 2064 praeclaram
1749 2027 1927 2055 sententiam

1131 2073 1256 2100 prorsus
1268 2063 1452 2100 corrumpat.
1475 2063 1570 2100 Docet,
1582 2064 1662 2092 enim
1684 2063 1927 2100 Basilius.»ex_tra7

1132 2097 1215 2130 neos.
1231 2109 1283 2128 seu
1297 2108 1349 2128 eos
1359 2097 1470 2136 quibus
1485 2099 1645 2136 invidetur.
1659 2099 1742 2136 nullo
1750 2098 1847 2136 modo
1857 2097 1926 2136 laedi

251 2133 345 2163 Patre
358 2133 451 2170 ipsius
464 2133 586 2169 experte
599 2133 752 2170 principii,
768 2139 795 2163 et
818 2133 1004 2164 sanctissimo
1029 2136 1077 2164 bo-
1093 2138 1114 2165 D
1132 2136 1243 2164 invidia
1254 2133 1392 2169 aliorum,
1404 2136 1515 2163 nedum
1528 2136 1608 2163 dicat
1622 2135 1704 2171 ipsos
1718 2135 1844 2171 aliorum
1855 2133 1926 2161 invi-

251 2179 348 2206 noque
361 2174 390 2199 et
408 2172 524 2205 vivi/ica
540 2171 672 2205 ipsorum
687 2171 825 2205 Spiritu:
849 2173 900 2198 sed
925 2171 998 2199 mihi
1022 2171 1077 2199 du-

250 2207 336 2234 bium
348 2215 410 2234 non
425 2209 479 2239 est,
495 2207 548 2241 qui
559 2209 654 2234 totum
667 2206 752 2239 illud,
770 2209 816 2233 σὺν
826 2212 872 2242 τῷ,
885 2209 952 2239 etc.,
963 2207 1078 2235 haben-

250 2241 325 2270 dum
337 2242 375 2270 sit
389 2250 443 2278 pro
459 2242 667 2278 ardrditamento
677 2241 879 2270 librariorum.
901 2244 974 2270 Nam
997 2251 1076 2278 prae—

249 2277 484 2313 terquam’quod
494 2277 540 2305 hac
549 2285 638 2304 voces
649 2277 678 2304 in
690 2280 800 2305 nostris
810 2286 861 2305 sex
872 2286 945 2305 mss.
957 2277 1074 2312 desunt,

249 2313 399 2340 orationes
414 2321 485 2340 suas
498 2314 581 2340 tanto
595 2313 754 2340 verborum
769 2313 884 2340 ambitu
896 2314 1076 2342 concludere

249 2356 308 2376 non
325 2349 400 2376 solet
416 2348 555 2375 Basilius.
577 2348 699 2384 Accedit
710 2349 905 2384 etiam,quod
918 2357 977 2376 vox
992 2350 1075 2376 πανά-

247 2393 315 2424 γιος,
327 2385 351 2424 si
364 2383 441 2424 bene
449 2383 656 2417 commemini,
668 2391 826 2420 nunquam
834 2383 919 2420 apud
930 2384 1074 2413 Basilium

245 2419 426 2447 inveniatur.

281 2455 335 2490 (38)
353 2455 422 2482 Vide
437 2454 515 2492 intra
531 2454 628 2492 Rufini
644 2455 933 2492 interpretationem,
958 2464 987 2492 p.
1005 2458 1070 2484 726.

282 2488 338 2525 (39')
353 2492 432 2528 Reg:
441 2490 557 2528 primus
570 2488 646 2516 οὐδὲν
663 2488 828 2528 ἀθλιῶτερον.

281 2527 336 2561 (40)
351 2525 549 2554 (lombeﬁsius
565 2525 776 2554 asseveranter
786 2528 814 2554 in
831 2535 886 2555 suo
898 2527 1073 2555 Ecclesiaste

244 2563 346 2599 Graeco
357 2562 474 2599 dixerat
485 2561 639 2599 scripsisse
652 2562 791 2599 Basiliam
801 2562 848 2588 οὐχ
859 2563 989 2599 ἐλάχιστα
999 2572 1005 2590 ;
1019 2563 1073 2591 sed

243 2597 273 2634 in
286 2605 340 2625 suo
351 2598 465 2634 Basilio
477 2597 622 2634 recensito
633 2598 801 2634 modestius
811 2597 953 2634 loquitur,
962 2607 1073 2634 nempe

242 2633 300 2670 hoc
318 2633 410 2670 modo
423 2641 428 2660 :
441 2634 522 2670 rNum
537 2633 564 2664 ὃς
579 2633 625 2659 οὐκ
641 2633 781 2670 ἐλάχιστα.
797 2633 959 2670 Postquam
971 2633 1071 2662 autem

240 2669 322 2696 hunc
330 2668 432 2705 locum
440 2669 525 2703 bene,
535 2672 567 2696 ut
576 2668 710 2705 putabat,
723 2678 758 2696 eo
769 2678 829 2705 quo
838 2668 970 2698 diximus
980 2671 1072 2698 morio

242 2703 468 2732 emendaverat.
485 2704 529 2731 sic
545 2703 758 2739 interpretatus
774 2703 828 2738 est,
845 2714 910 2741 qua:
934 2706 1070 2741 [invidia]

241 2748 308 2768 cum
319 2748 379 2768 non
389 2741 545 2768 minimum
556 2748 603 2768 eos
616 2741 716 2777 tardat,
730 2742 783 2777 qui
793 2745 881 2769 extra
901 2745 982 2773 sunt,
1003 2743 1069 2775 pri-

239 2784 320 2804 mum
331 2777 444 2804 malum
460 2779 550 2812 atque
561 2776 717 2811 proprium
734 2776 855 2805 habenti
867 2777 992 2805 exsistit.
1002 2778 1070 2812 Sed,

1131 2172 1182 2200 (lia
1193 2171 1260 2199 laedi
1274 2171 1414 2204 maxime,
1431 2173 1529 2201 semul
1540 2170 1710 2198 Comb’eﬁsii
1729 2170 1827 2198 verbis
1850 2172 1924 2203 utar,

1131 2215 1191 2235 non
1200 2207 1461 2241 minimumJgitur
1472 2215 1576 2243 vocem
1587 2206 1717 2243 ἐλάχιστα
1726 2206 1774 2234 bic
1785 2206 1865 2241 apud
1877 2206 1927 2243 Ba-

1132 2243 1319 2271 siliumidem
1329 2242 1437 2275 valere,
1446 2242 1528 2278 quod
1536 2242 1618 2278 apud
1629 2241 1746 2270 Latinos
1757 2249 1861 2269 vocem
1874 2241 1926 2278 nif-

1131 2279 1219 2310 m‘mc.
1236 2279 1399 2306 obscurum
1411 2276 1472 2306 non
1484 2280 1537 2305 est.
1556 2277 1641 2305 Unde
1663 2276 1927 2312 sicinterpretabi-

1131 2322 1283 2350 mum/[uae
1293 2314 1429 2350 [invidia]
1439 2317 1596 2341 extraneos
1604 2314 1717 2341 mim‘ne
1728 2313 1850 2350 trudens,
1869 2312 1926 2339 hoc

1131 2352 1185 2383 est,
1196 2347 1257 2377 nim
1270 2347 1388 2386 laidens.
1402 2347 1463 2377 Vox
1474 2353 1586 2386 πρῷτος,
1609 2357 1681 2386 quae,
1699 2356 1763 2386 sine
1778 2347 1872 2386 dubio
1884 2355 1926 2386 er-

1130 2386 1218 2413 randi
1229 2394 1321 2413 causa
1334 2385 1388 2412 fuit
1399 2382 1589 2417 Comhetisio,
1601 2382 1661 2412 non
1675 2385 1716 2412 ita
1730 2383 1853 2417 intelligi
1875 2382 1925 2410 de-

1129 2421 1190 2456 bet,
1199 2424 1230 2449 ut
1242 2420 1353 2457 invidia
1363 2420 1597 2457 primumlzedat
1610 2420 1805 2457 invidentem,
1816 2418 1926 2457 deinde

1130 2454 1199 2484 eum
1211 2457 1258 2484 cui
1268 2454 1431 2484 invide—tur:
1456 2456 1509 2483 sed
1524 2455 1577 2488 sic,
1595 2458 1626 2483 ut
1637 2455 1751 2483 invidia
1765 2454 1880 2482 malum
1891 2454 1926 2481 sit

1129 2492 1307 2526 maximum,
1315 2495 1344 2520 et
1352 2492 1434 2528 quod
1446 2491 1522 2519 inter
1530 2491 1612 2518 mala
1623 2491 1736 2526 primas
1744 2490 1888 2528 obtineat.
1895 2489 1925 2517 ld

1129 2528 1210 2555 enim
1228 2528 1251 2554 si
1262 2528 1302 2554 ita
1316 2525 1376 2555 non
1391 2530 1477 2560 esset,
1492 2525 1643 2562 pugnaret
1660 2534 1764 2554 secum
1790 2525 1924 2558 Basilius,

1128 2564 1180 2599 qui
1191 2563 1346 2599 aliquanto
1357 2566 1434 2598 post,
1446 2571 1529 2599 num.
1541 2564 1569 2599 fi,
1580 2562 1778 2599 sicloquitur:
1796 2562 1872 2599 Ονξτω
1881 2562 1924 2586 καὶ

1128 2596 1160 2625 τὰ
1175 2603 1220 2625 τοῦ
1234 2596 1328 2634 ᾇθόνου
1343 2596 1484 2634 κινήματα,
1501 2596 1577 2623 οὐδὲν
1589 2596 1728 2634 Iuno-timet,
1750 2598 1793 2624 τὸν
1813 2597 1925 2634 βασκαι-

1127 2633 1242 2671 νόμενον,
1257 2635 1336 2660 αὐτοῦ
1349 2633 1449 2670 πληγαὶ
1463 2636 1578 2669 γίνονται
1590 2637 1636 2659 τοῦ
1649 2633 1794 2670 βασκάνου,
1804 2633 1848 2661 ita
1856 2639 1925 2671 ιλιιο-

1127 2668 1184 2706 que
1193 2671 1314 2698 invidia:
1326 2668 1422 2698 motus
1433 2668 1513 2706 nihil
1524 2668 1660 2697 laedentes
1671 2677 1736 2696 eum
1751 2672 1801 2696 cui
1811 2668 1924 2706 invide-

1128 2703 1187 2736 tur.
1199 2707 1300 2740 plaga
1314 2706 1391 2739 ﬁunt
1410 2705 1583 2733 invidentis.
1605 2706 1662 2732 Nec
1681 2703 1923 2740 praetereundum

1126 2738 1404 2805 tsileéitio.‘voculam
1415 2741 1462 2767 οὐκ
1477 2744 1506 2769 et
1519 2740 1549 2768 in
1562 2740 1650 2769 editis
1662 2738 1691 2767 et
1704 2740 1735 2768 in
1755 2748 1827 2767 mss.
1849 2738 1925 2775 pari-

1138 2786 1168 2805 er
1198 2785 1292 2805 eesse.

1126 2780 1168 2805 ter
1175 2780 1292 2805 deesse.
