2059 3136
108 150 159 185 373

769 148 918 178 HOMILIA
939 149 984 177 DE
1004 148 1144 176 lNVlDlA.

1738 150 1790 178 374

107 210 200 237 οἰκεῖόν
223 209 281 236 ἐστι
301 213 337 245 τῷ
359 212 514 247 κεκτημένῳ.
539 210 638 248 ’Ὠσπερ
660 212 710 249 γὰρ
733 211 769 241 ἰὸς
786 212 844 248 (it)
867 213 901 237 σί-

961 210 1042 238 enim
1056 210 1163 246 rubigo
1179 209 1300 247 ferrum,
1317 210 1358 239 ita
1373 210 1488 240 invidia
1499 211 1640 240 infectam
1651 211 1718 248 ipsa
1727 211 1790 240 ani-

107 253 198 293 δηρον,
216 255 296 284 οὖτῶς
320 256 332 280 ό
348 255 437 291 φθόνος
450 257 496 284 τὴν
521 257 635 291 ἔχουσαν
665 256 740 282 αὐτὸν
755 255 848 292 ψυχὴν
864 255 905 286 ἐξ·

106 299 250 326 αναλίσκει.
274 299 376 326 Μᾶλλον
402 298 431 325 δὲ
456 301 542 337 ὥσπερ
568 301 612 330 τὰς
636 299 743 336 ἐχίδνας
772 303 836 337 φασὶ
860 302 905 329 τὴν

105 347 247 373 κυήσασαν
274 343 351 373 αὐτὰς
374 346 490 381 γαστέρα
511 343 680 375 ὃιεσθιοὺσας
703 345 904 381 ὰπογεννᾶσοαι,

105 388 173 416 οὕτω
197 391 243 415 καὶ
267 387 280 414 ὁ
300 389 388 425 φθόνος
412 390 459 417 τὴν
479 387 626 415 ὠδίνουσαν
650 389 727 415 αὐτὸν
748 389 841 425 ψυχὴν
863 391 906 416 πει

105 443 168 470 φνας
191 431 322 468 δαπανᾲν.
346 433 421 461 Αύπη
445 434 495 470 ’γάρ
515 432 572 460 ἔστι
594 437 640 464 τῆς
663 438 707 460 τοῦ
732 434 843 462 πλησίον
867 433 905 459 εὖ·

104 480 219 515 πραγίας
240 477 253 503 ὁ
279 479 377 514 φθόνος.
406 479 497 516 Διόπερ
521 476 646 504 οὐδέποτε
674 478 754 512 ἀνίαι,
782 476 905 505 οὐδέποτε

105 521 255 559 δυσθυμίαι
279 524 322 548 τὸν
346 522 478 559 βάσκανον
501 522 677 549 ἐπιλείπουσιν
699 524 764 559 (42).
790 523 905 560 Εὐφόρη-

106 577 147 593 σεν
162 568 178 596 ἡ
200 570 279 605 χώρα
293 571 338 593 τοῦ
362 567 473 597 πλησίον
490 577 498 602 ς
513 568 657 596 εὐθηνεῖται
677 572 745 594 πᾶσι
766 571 818 598 τοῖς
837 566 905 593 κατοὶ

102 613 146 638 τὸν
163 611 221 648 βίον
235 613 248 638 ὀ
264 610 332 642 οἶκος
344 620 351 645 ;
365 611 496 648 θυμηδίαι
510 614 552 639 τὸν
568 611 653 650 ἄνδρα
663 613 710 639 οὐκ
726 612 901 646 ἐπιλείπουσι;

101 660 187 683 ταῦτα
215 657 300 683 πάντα
325 660 406 694 τροφὴ
430 661 476 688 τῆς
502 659 592 691 νόσου,
621 660 666 683 καὶ
692 658 830 695 προσθήκη
858 661 903 688 τῆς

103 699 247 738 ἀλγηδόνος
272 701 326 729 ἐστὶ
358 706 396 737 τῷ
424 701 560 738 βασκάνῳ.
586 701 666 729 Ὥστε
691 701 765 729 οὐδὲν
787 700 903 740 διαφέρει

103 745 241 783 ἀνθρώπου
284 751 384 783 γυμνοῦ
430 748 503 784 παρὰ
538 747 639 773 πάντων
682 749 900 784 τιτρωσκομένων.

103 789 238 829 Ἀνὸρεῑός
266 793 304 821 τίς
333 791 404 817 ἐστιν
424 799 430 825 ;
455 791 551 818 ιῦεχτεῖ
570 793 627 827 (45)
649 800 656 826 ;
690 796 773 818 ταῦτα
795 791 902 821 πλήττει

101 836 145 861 τὸν
175 834 318 871 βάσκανον.
347 835 447 873 Ἕτερος
479 838 649 874 χαριέστερος
681 839 728 865 τὴν
765 838 866 874 μορφήν
894 844 900 869 ;

102 879 167 908 ἄλλη
191 880 279 915 πληγὴ
300 884 336 915 τῷ
359 879 495 917 βασκάνῳ.
520 880 549 907 Ὀ
572 879 645 907 δεῖνα
672 885 724 912 τοῖς
741 885 786 911 τῆς
808 880 902 917 ψμχῆς
916 887 938 916 Β

101 926 289 962 προτερήμασι
315 928 364 950 τῶν
393 924 491 951 πολλῶν
519 925 649 963 ’ὑπερέχει
674 934 681 959 ;
712 925 753 951 ἐπὶ
780 927 903 962 φρονήσει

100 971 146 994 καὶ
164 967 274 1005 δυνάμει
291 968 372 1005 λόγων
398 969 569 995 ἁποϐλέπετοιι
592 972 636 995 καὶ
659 969 805 1003 Cubare“;
830 969 904 1000 ἄλλος

100 1013 206 1040 πλοντεί
230 1016 275 1040 καὶ
300 1013 470 1050 φιλοτιμεῖται
496 1014 619 1052 λαμπρῶς
647 1014 671 1040 ἓν
698 1013 835 1041 ἐπιδόσεσι
858 1016 903 1041 καὶ

101 1061 225 1095 κοινωνία
246 1063 277 1095 τῇ
301 1061 363 1096 πρὸς
385 1061 444 1090 τοὺς
463 1058 567 1093 ἐκὸεεῖς,
583 1062 627 1086 καὶ
647 1059 724 1090 πολὺς
746 1059 816 1095 αὐτῷ
832 1061 904 1097 παρὰ

100 1107 150 1129 τῶν
172 1103 390 1140 εὐεργετουμένων
415 1105 427 1130 ὁ
449 1105 550 1134 ἔπαινος
568 1112 575 1138 ;
595 1108 679 1130 ταῦτα
697 1105 782 1130 πάντα
804 1104 903 1140 πληγαὶ

99 1150 144 1173 καὶ
168 1149 317 1185 τραύματα,
343 1150 425 1184 μέσην
450 1148 530 1174 αὖτοῦ
551 1150 680 1175 τύπτοντα
703 1151 750 1178 τὴν
778 1147 901 1186 καρδίαν.

100 1195 151 1219 Καὶ
174 1194 204 1218 τὸ
223 1193 339 1228 χαλεπὸν
364 1197 409 1223 τῆς
431 1195 520 1227 νόσον,
545 1193 584 1219 ὅτι
606 1191 666 1219 οὐδὲ
692 1193 797 1224 ἐξειπεῖν
820 1194 901 1222 αὐτὴν

100 1235 221 1263 δύναται·
251 1237 315 1263 ἀλλὰ
339 1239 430 1264 κύπτει
456 1238 514 1273 (44)
541 1239 595 1274 μὲν,
624 1241 668 1264 καὶ
695 1240 811 1274 κατηφής
835 1237 899 1273 ἐστι,

99 1284 143 1308 καὶ
171 1283 347 1318 συγκέχυται,
376 1286 420 1308 καῖ
448 1285 595 1317 ποτνιᾶται,
624 1285 668 1308 καὶ
696 1282 823 1309 ἀπόλωλεν
850 1284 900 1309 ὑπό

99 1330 144 1353 τοῦ
174 1331 266 1354 κακοῦ.
291 1327 467 1364 Ἐρωτώμενος
490 1325 519 1354 δὲ
542 1329 572 1352 τὸ
600 1328 691 1360 πάθος,
719 1327 827 1365 ἐρυθριᾷ
852 1326 900 1357 δη-

99 1375 241 1408 μοσιεῦσαι
268 1374 315 1401 τὴν
351 1373 495 1410 συμφορὰν,
533 1372 573 1398 ὁτι
610 1373 740 1402 Βάσκανος
773 1372 826 1408 εἰμι
855 1375 901 1399 καὶ

99 1418 201 1454 πικρὸς,
227 1419 271 1442 καὶ
293 1416 418 1454 ἐπιτρίϐει
443 1426 474 1453 με
504 1417 537 1443 τὰ
564 1421 610 1443 τοῦ
644 1417 716 1453 φίλου
746 1417 821 1450 καλὰ,
856 1419 900 1444 καὶ

99 1465 146 1487 τοῦ
175 1459 287 1497 ἀδελφοῦ
313 1464 360 1490 τὴν
386 1461 510 1497 εὐθυμίαν
541 1460 681 1500 ὀδύρομαι,
712 1464 756 1487 καὶ
776 1461 805 1487 οὐ
833 1464 900 1500 φέρω

100 1508 147 1534 τὴν
169 1507 227 1532 θέαν
251 1510 301 1531 τῶν
326 1505 465 1543 ἀλλοτρίων
490 1506 583 1539 καλῶν,
604 1505 666 1532 ἀλλὰ
690 1507 824 1543 συμφορὰν
843 1516 900 1533 ποι-

100 1555 179 1587 οῦμαι
203 1552 249 1580 τὴν
272 1555 322 1577 τῶν
346 1550 456 1580 πλησίον
482 1551 629 1589 εὐημερίαν.
664 1554 753 1577 Ταῦτα
786 1552 835 1589 γὰρ
869 1551 899 1577 ἂν
915 1565 934 1592 C

101 1596 177 1629 εἰποι,
203 1595 225 1621 εὶ
246 1596 279 1621 τὰ
302 1594 385 1624 ἀληθῆ
410 1595 491 1631 λέγειν
514 1595 645 1632 βούλοιτο.
673 1596 720 1622 Ὧν
743 1594 818 1622 οὐδὲν
841 1596 898 1632 (45)

100 1639 206 1671 ἐξειπεῖν
235 1640 393 1677 αἱρούμενος,
425 1639 449 1666 ἐν
483 1643 519 1676 τῷ
547 1640 623 1676 βάθει
651 1642 758 1677 κατέχει
783 1643 830 1670 τὴν
856 1643 931 1668 νόσον

101 1693 158 1712 σαν.

134 1731 162 1757 2.
189 1729 289 1755 Οὐκοῦν
319 1730 377 1756 οὔτε
402 1729 489 1767 ἰατρὸν
515 1733 561 1759 τῆς
584 1731 661 1756 νόσου
691 1729 896 1767 παραλαμϐάνει,

98 1775 157 1800 οὔτε
179 1783 206 1800 τι
229 1775 360 1810 φάρμακον
385 1774 495 1812 ἐξευρεῖν
516 1772 626 1800 δύναται
652 1778 698 1800 τοῦ
722 1775 820 1805 πάθους
844 1775 898 1801 ἀλε-

98 1819 235 1856 ξητήριον,
261 1821 344 1846 καίτοι
374 1819 479 1857 πλήρεις
505 1820 533 1846 αἱ
566 1822 667 1857 Γραφαί
697 1824 747 1846 τῶν
782 1821 897 1857 ἰαμάτων

96 1865 209 1889 τούτων·
238 1862 301 1889 ἀλλὰ
329 1866 389 1900 μίαν
421 1863 540 1900 ἀναμένει
567 1868 613 1890 τοῦ
642 1867 722 1890 κακοῦ
748 1865 895 1901 ῥᾳστώνην,

99 1910 121 1936 εἶ
157 1908 209 1934 πού
236 1918 293 1935 τινα
326 1907 381 1935 ἴδοι
414 1910 597 1945 καταμεσόντα
628 1913 678 1934 τῶν
710 1909 896 1946 φθονουμένων.

100 1953 180 1983 Οὗτος
202 1953 259 1990 ὄρος
277 1956 323 1979 τοῦ
348 1956 452 1990 μίσους.
473 1953 561 1979 ἄθλιον
589 1951 653 1980 ἰδεῖν
667 1953 695 1979 ἐκ
710 1956 840 1992 μακαρίου
853 1955 896 1981 τὸν

101 1996 316 2034 βαπαινὸμενον,
342 1997 445 2024 ἐλεεινὸν
472 1999 593 2033 γενέσθαι
616 1999 658 2025 τὸν
682 1998 806 2029 ζηλωτόν.
835 2001 897 2025 Τότε

101 2041 249 2076 σπένδεται,
277 2045 322 2069 καὶ
348 2042 418 2079 φίλος
444 2042 525 2077 ἐστὶν,
560 2044 620 2069 ὅταν
654 2041 805 2081 δακρύοντα
837 2042 894 2080 ἴδῃ,

99 2087 158 2113 ὃταν
187 2087 330 2113 πενθοῦντα
357 2088 492 2116 θεάσηται.
525 2089 575 2114 Καὶ
603 2087 758 2124 εὖθυμοῦντι
790 2089 835 2124 μῖεν
866 2088 896 2114 οὗ

101 2133 320 2168 σννευφραίνεταιο
351 2130 499 2169 ὀδυρομένῳ
524 2130 554 2158 δὲ
581 2129 748 2170 συνδακρύει.
777 2135 828 2159 Καὶ
851 2134 896 2162 τὴν

99 2175 241 2212 μεταϐολὴν
269 2180 314 2203 τοῦ
343 2175 414 2213 βίον,
441 2176 467 2208 ἐξ
490 2177 549 2203 οἵων
576 2177 610 2207 εὶς
633 2177 676 2203 οἷα
703 2179 896 2214 μεταπέπτωκε,

98 2220 300 2255 κατοικτίζεται,
326 2221 379 2257 οὐχ
400 2221 450 2247 ὑπὸ
472 2220 672 2259 φιλανθρωπίας,
698 2224 743 2248 καὶ
764 2224 810 2248 τοὺ
830 2232 896 2260 συμ-

97 2266 181 2296 παθὴς
206 2264 279 2299 εἶναι,
300 2264 406 2303 ἐξαίρων
428 2269 464 2301 τῷ
485 2265 553 2301 λόγῳ
574 2266 608 2292 τὰ
629 2268 751 2304 πρότερα,
775 2266 827 2293 ἀλλ’
853 2267 895 2293 ἱνα
909 2274 931 2302 D

97 2309 244 2348 βαρυτέραν
277 2310 347 2346 αὐτῷ
381 2311 565 2347 κατασκευάσῃ
600 2313 647 2340 τὴν
679 2313 824 2348 συμφοράν,
858 2314 893 2339 Τὸ

94 2353 203 2381 παιδίον
227 2356 292 2391 μετὰ
313 2357 355 2381 τὸν
381 2356 488 2382 Θάνατον
503 2355 611 2389 ἐπαινεῖ,
631 2357 676 2381 καὶ
701 2358 803 2394 μυρίοις
816 2356 894 2392 ἐγκω-

93 2402 164 2436 μίοις
190 2399 370 2436 ἀποσεμνύνει,
398 2402 430 2430 ὡς
454 2401 498 2437 μὲν
525 2399 602 2426 καλὸν
626 2399 700 2434 ἰδεῖν,
717 2403 749 2431 ὡς
771 2399 801 2427 δὲ
817 2402 893 2438 εὖμα-

91 2446 144 2478 θὲς,
170 2444 203 2475 ὡς
230 2443 261 2471 δὲ
285 2446 348 2482 πρὸς
372 2445 456 2471 πάντα
482 2444 651 2482 εὐάρμοστον·
684 2445 731 2471 οὐκ
765 2445 794 2471 ἂν
823 2446 892 2482 αὐτῷ

92 2491 207 2527 περιόντι
240 2489 362 2525 γλῶσσαν
393 2492 506 2526 εὔφημον
534 2490 721 2527 χαρισάμενος,
749 2490 806 2517 Ἐὰν
830 2494 892 2528 μέν..

90 2543 131 2560 τοι
145 2533 254 2564 πολλοὺς
277 2532 322 2571 ἴδῃ
345 2536 531 2572 συντρέχοντας
553 2538 588 2569 τῷ
613 2534 717 2570 ἐπαίνῳ,
743 2531 892 2571 μεταϐαλὼν

91 2579 180 2612 πάλιν,
198 2578 337 2615 βασκαίνει
360 2583 395 2614 τῷ
414 2580 540 2606 τεθνεῶτι.
561 2580 610 2605 Τὸν
635 2579 743 2606 πλοϋτον
756 2581 892 2617 ⁸θαυμάζει

92 2625 156 2659 μετὰ
179 2625 225 2652 τήν
249 2625 386 2651 ἔκπτωσιν.
408 2626 461 2653 Τὴν
485 2625 553 2661 ὥραν
581 2628 625 2650 τοῦ
653 2627 778 2661 σώματος,
804 2625 819 2655 ἡ
845 2628 891 2655 τὴν

127 2712 185 2747 (Η)
193 2712 266 2740 Editi
278 2713 291 2738 ὁ
305 2712 350 2742 ἰός.
360 2711 609 2748 Sedinmss.non
619 2712 727 2748 legitur
737 2713 890 2744 articulus.

128 2748 185 2783 (42)
198 2748 282 2776 Colb.
297 2748 400 2775 tertius
414 2747 607 2775 ἀπολείπουσιν.

128 2785 185 2822 ea)
203 2784 278 2822 Editi
292 2784 307 2812 ἢ

128 2819 186 2855 (Ur)
202 2819 286 2848 Colb.
304 2819 420 2855 primus
435 2827 488 2855 pro
498 2820 590 2845 κύπτει
604 2819 696 2849 habet
707 2822 855 2858 κρύπτεται.

961 263 1044 283 mam
1060 255 1201 284 absumit.
1219 257 1281 284 Imo
1306 264 1377 284 vero
1391 256 1650 292 quemadmodum
1670 256 1789 293 viperas

960 300 1081 328 tradunt
1091 308 1180 327 exeso
1197 303 1332 328 materno
1344 302 1429 328 utero
1441 301 1522 328 nasci
1540 300 1598 335 ;ita
1609 308 1731 337 quoque
1743 309 1790 329 so-

959 344 998 372 let
1014 343 1127 372 invidia.
1142 345 1307 380 parientem
1323 352 1354 371 se
1367 345 1502 372 animam
1517 353 1630 373 vorare.
1649 346 1697 373 Est
1709 345 1789 374 enim

959 388 1072 417 invidia
1080 389 1166 417 dolor
1172 389 1209 416 de
1217 389 1348 425 proximi
1355 397 1497 417 successu
1507 389 1581 417 felici
1590 397 1624 418 nc
1633 398 1787 426 prospero.

961 434 1163 467 Quamobrem
1173 442 1333 471 nunquam
1344 442 1462 468 mceror,
1476 443 1634 471 nunquam
1650 434 1790 464 molestia

960 478 1044 507 deest
1055 478 1208 506 invidenti.
1219 480 1305 508 Estne
1320 479 1449 515 proximi
1460 487 1532 514 ager
1543 479 1645 507 fertilis
1657 480 1670 507 ?
1681 479 1789 507 vitmne

959 524 1128 552 commodis
1136 524 1276 552 omnibus
1286 523 1422 552 abundat
1430 524 1538 552 domus
1546 525 1604 552 ?en
1614 524 1686 560 ipsis
1695 524 1789 553 animi

959 568 1185 597 oblectamentis
1196 569 1240 597 vir
1251 577 1312 596 non
1326 569 1430 596 caret?
1445 570 1512 596 Hth
1523 569 1625 597 omnia
1640 569 1788 605 pabulum

959 616 1027 641 sunt
1048 613 1157 648 morbi,
1176 615 1204 641 et
1218 613 1351 641 accessio
1367 613 1480 641 doloris
1503 613 1617 641 invido.
1636 614 1733 646 Quare
1748 613 1788 642 ab

957 657 1079 686 homine
1090 658 1171 685 nudo
1185 658 1237 694 qui
1253 658 1292 686 ab
1302 658 1444 686 omnibus
1461 658 1622 691 sauciatur,
1639 657 1714 686 nihil
1728 657 1788 685 dif-

956 702 1117 730 fert.Fortis
1132 703 1176 729 est
1189 702 1298 738 aliquis
1313 704 1341 729 et
1355 702 1497 729 robustus
1507 702 1520 729 ?
1531 701 1611 730 bona
1626 704 1670 730 est
1682 709 1788 738 corpo-

956 747 996 775 ris
1011 746 1211 774 habitudine?
1222 747 1286 774 lmec
1310 745 1469 774 vulnerant
1481 745 1628 774 invidum.
1645 746 1726 774 Alius
1743 747 1788 774 est

956 791 1054 819 forma
1080 790 1255 826 elegantiori
1275 791 1289 819 ‘I
1311 790 1370 819 alia
1394 791 1459 818 haec
1487 793 1532 818 est
1559 790 1652 818 invidi
1683 790 1785 826 plaga.

956 837 1078 864 Prmstat
1099 836 1193 864 animi
1212 836 1334 863 dotibus
1349 836 1500 872 quispiam
1516 834 1666 871 plerisque
1680 835 1693 862 ?
1717 843 1786 870 pru-

957 880 1058 908 dentia
1077 889 1112 908 ac
1131 879 1251 908 dicendi
1266 880 1407 908 facultate
1431 879 1614 915 spectandus
1629 882 1674 907 est
1695 881 1785 916 atque

957 925 1147 953 mmulandus
1157 926 1171 953 ?
1183 924 1265 952 Alius
1281 925 1365 952 dives
1375 926 1430 957 cst,
1442 926 1532 960 atque
1544 923 1701 959 splendide
1717 931 1784 951 mu-

957 969 1065 997 nificus
1079 970 1110 997 in
1125 969 1334 1004 largitionibus
1344 971 1372 997 et
1386 969 1418 996 in
1431 968 1515 1005 stipis
1526 968 1699 1003 erogatione
1714 975 1786 1002 erga

957 1021 1078 1049 egenos,
1092 1013 1282 1050 multumque
1292 1013 1330 1041 ab
1341 1013 1377 1041 iis
1387 1021 1466 1050 quos
1477 1012 1632 1041 beneficiis
1643 1011 1786 1045 effecerit,

955 1059 1098 1087 laudatur
1109 1059 1122 1086 ‘.‘
1133 1059 1236 1086 omnia
1254 1059 1319 1086 haec
1334 1059 1432 1095 plagae
1448 1060 1518 1086 sunt
1532 1061 1560 1086 et
1573 1057 1708 1092 vulnera,
1724 1065 1787 1085 me-

956 1103 1041 1131 dium
1057 1111 1108 1131 cor
1122 1103 1218 1140 ipsius
1231 1102 1430 1139 percellentia.
1446 1103 1558 1130 Etillud
1569 1103 1600 1130 in
1608 1102 1667 1130 hoc
1678 1101 1786 1130 morbo

956 1148 1170 1184 gravissimum
1185 1151 1238 1182 est,
1252 1149 1335 1184 quod
1347 1156 1383 1176 ne
1396 1148 1534 1182 detegere
1547 1147 1670 1184 quidem
1684 1147 1786 1183 ipsum

955 1193 1068 1230 possit:
1080 1193 1134 1220 sed
1146 1193 1287 1220 demissis
1298 1193 1402 1228 oculis,
1415 1192 1499 1220 vultu
1515 1192 1663 1220 tristitiam
1676 1199 1738 1228 prie
1755 1199 1785 1219 se

955 1237 1077 1271 ferente,
1093 1237 1296 1271 confunditur,
1307 1238 1483 1273 queritatur,
1500 1239 1589 1272 atque
1605 1237 1662 1264 hac
1672 1235 1720 1264 lue
1736 1244 1785 1272 pe-

954 1281 991 1310 rit
1004 1290 1010 1309 :
1027 1282 1244 1316 interrogatum
1256 1284 1356 1309 autem
1375 1282 1433 1317 92
1453 1281 1490 1308 de
1505 1281 1598 1309 animi
1613 1280 1784 1315 affectione,

954 1326 1081 1363 prodere
1103 1326 1197 1363 pudet
1221 1326 1419 1354 infortunium
1435 1326 1509 1354 illud
1524 1334 1634 1354 suum:
1660 1325 1784 1353 invidus

955 1380 1021 1399 sum
1031 1373 1059 1399 et
1069 1370 1435 1406 amarulentus,aiﬂigunt
1450 1379 1498 1398 me
1512 1370 1600 1399 amici
1614 1370 1716 1398 bona:
1731 1370 1784 1397 do-

954 1417 1000 1445 leo
1011 1417 1047 1444 de
1061 1416 1160 1444 fratris
1173 1416 1284 1450 laetitia,
1297 1424 1356 1444 non
1369 1425 1448 1452 queo
1459 1416 1558 1444 aliena
1569 1416 1650 1444 bona
1658 1415 1783 1444 intueri:

955 1461 1006 1489 sed
1014 1461 1142 1497 proximi
1152 1461 1318 1489 secundam
1326 1461 1476 1489 fortunam
1485 1460 1685 1489 calamitatem
1693 1460 1782 1488 duco.

954 1506 1022 1534 Haec
1033 1507 1112 1534 enim
1123 1507 1258 1534 dicturus
1275 1508 1328 1541 est,
1347 1506 1372 1534 si
1383 1514 1452 1534 vera
1462 1506 1545 1542 loqui
1555 1505 1635 1533 velit.
1648 1506 1784 1538 Quorum

955 1551 1028 1579 dum
1043 1551 1117 1579 nihil
1134 1551 1197 1579 vult
1213 1551 1393 1587 patefacere,
1406 1551 1549 1579 morbum
1564 1550 1644 1579 intus
1659 1549 1782 1585 detinet,

954 1596 1164 1625 absumentem
1175 1596 1240 1632 ejus
1255 1596 1384 1631 viscera,
1402 1598 1493 1632 atque
1507 1595 1728 1624 corrodentem.

960 1641 1175 1678 ὑποσμύχουσαν
1205 1641 1285 1667 αὑτοῦ
1318 1643 1351 1668 τὰ
1382 1641 1525 1677 σπλάγχνα
1555 1642 1600 1667 καὶ
1631 1641 1782 1667 κατεσθίου-

988 1732 1015 1758 2.
1028 1730 1131 1766 Itaque
1145 1738 1242 1766 neque
1253 1730 1292 1758 ad
1302 1730 1389 1758 mittit
1400 1730 1551 1759 medicum
1563 1729 1671 1760 morbi,
1682 1737 1782 1766 neque

952 1774 1102 1802 medelam
1114 1774 1207 1802 ullam
1217 1774 1308 1810 hujus
1319 1774 1381 1802 vitii
1391 1774 1723 1810 expultriceminvenire
1731 1782 1783 1810 po-

953 1821 1017 1855 test,
1030 1827 1209 1856 quanquam
1222 1819 1379 1855 Scripturae
1390 1819 1618 1846 medicamentis
1630 1818 1782 1854 ejusmodi

953 1863 1170 1891 suntrefertre:
1194 1864 1248 1891 sed
1270 1864 1392 1891 unicum
1419 1863 1547 1891 miserim
1564 1871 1626 1890 suae
1641 1863 1781 1891 levamen

952 1911 1116 1945 exspectat,
1134 1908 1231 1936 sicubi
1254 1908 1353 1936 videat
1369 1907 1546 1944 quempiam
1566 1915 1602 1935 ex
1617 1907 1652 1935 iis
1668 1907 1781 1944 quibus

951 1949 1073 1988 invidet,
1090 1955 1237 1981 ruentem.
1252 1954 1318 1981 llaec
1331 1955 1375 1981 est
1385 1953 1446 1981 odii
1459 1955 1549 1988 meta,
1563 1960 1632 1980 eum
1648 1952 1696 1980 cui
1706 1952 1781 1979 invi-

951 1998 1047 2032 detur,
1061 1999 1205 2026 miserum
1217 2006 1253 2026 ex
1268 1997 1343 2026 felici
1359 1997 1471 2034 videre,
1484 1999 1513 2026 et
1523 2005 1592 2025 eum
1604 1997 1656 2034 qui
1671 1997 1780 2025 beatus

950 2042 1130 2076 habebatur,
1147 2043 1294 2071 infelicem
1303 2043 1380 2071 fieri.
1394 2045 1476 2071 Tunc
1486 2043 1577 2071 initur
1587 2043 1697 2077 fmdus,
1709 2044 1736 2069 et
1747 2041 1781 2070 fit

950 2087 1067 2116 amicus
1082 2095 1152 2115 cum
1171 2088 1278 2116 viderit
1293 2088 1525 2124 lacrymnntem,
1542 2096 1609 2116 cum
1625 2087 1780 2123 lugentem

951 2133 1148 2169 conspexerit.
1166 2133 1198 2160 Et
1212 2140 1284 2161 vero
1299 2141 1361 2161 non
1383 2133 1501 2161 laetatur
1516 2140 1586 2160 cum
1601 2132 1697 2167 hilari,
1724 2131 1778 2160 sed

951 2185 1020 2206 cum
1033 2177 1154 2213 lugente
1165 2177 1362 2214 lacrymatur.
1381 2180 1473 2214 Atque
1486 2177 1553 2205 vitae
1566 2176 1776 2211 mutationem,

950 2231 985 2251 ex
997 2223 1108 2259 quibus
1122 2223 1153 2251 in
1168 2231 1235 2259 qute
1251 2223 1402 2259 exciderit,
1416 2223 1583 2257 miseratur,
1598 2230 1659 2250 non
1671 2222 1778 2251 huma-

950 2268 1041 2296 nitate
1060 2268 1217 2305 quapiam,
1233 2276 1288 2296 nec
1309 2268 1370 2296 ullo
1397 2267 1669 2296 commiserationis
1684 2275 1777 2296 sensu

949 2313 1080 2350 priorem
1087 2315 1166 2341 statu
1175 2323 1198 2341 ιι
1213 2313 1311 2341 verbis
1325 2313 1460 2344 efferens,
1469 2312 1522 2341 sed
1534 2314 1565 2341 ut
1576 2320 1645 2341 eum
1656 2312 1777 2341 calami-

948 2360 1006 2387 tate
1017 2359 1153 2393 graviore
1165 2358 1281 2387 efﬁciat.
1293 2359 1408 2387 Laudat
1417 2358 1514 2386 ﬁlium
1527 2358 1730 2394 postobitum,
1747 2360 1776 2387 et

945 2403 1113 2431 innumeris
1127 2404 1286 2440 praeconiis
1300 2404 1491 2438 condecorat,
1507 2412 1602 2440 quam
1617 2403 1704 2432 fuerit
1718 2403 1775 2431 for-

946 2456 1051 2475 mosus
1066 2447 1144 2481 visu.
1158 2456 1252 2485 quam
1266 2448 1452 2484 ingeniosus,
1475 2456 1570 2484 quam
1591 2448 1718 2476 idoneus
1734 2447 1774 2476 ad

946 2493 1049 2521 omnia
1064 2503 1071 2527 ;
1084 2494 1142 2528 cui,
1157 2493 1231 2522 dum
1241 2494 1364 2529 viveret,
1376 2502 1413 2521 ne
1423 2493 1552 2522 verbum
1561 2493 1686 2530 quidem
1696 2492 1773 2520 bene

946 2537 1115 2566 ominatum
1123 2537 1255 2566 dixisset.
1263 2538 1321 2567 Sed
1330 2538 1355 2566 si
1365 2539 1476 2567 multos
1483 2538 1591 2567 viderit
1600 2537 1774 2566 adlaudan-

946 2582 1018 2610 dum
1030 2585 1362 2618 concurrentes,rursus
1373 2586 1489 2612 mutata
1502 2583 1649 2611 sententia
1661 2583 1775 2611 invidet

946 2629 1074 2655 mortuo.
1104 2627 1227 2657 Miratur
1251 2628 1383 2665 perditas
1404 2637 1489 2665 opes.
1511 2628 1696 2664 Elegantiam
1712 2635 1775 2656 cor-

969 2717 1039 2757 .(45)
1060 2717 1134 2759 Editi
1149 2716 1225 2759 οξδὶν
1240 2718 1323 2759 πλέονΞ
1341 2720 1403 2759 vox
1417 2718 1523 2759 ultima
1537 2717 1567 2746 in
1589 2718 1624 2745 iis
1643 2725 1722 2754 quos
1733 2717 1776 2759 le-

946 2753 1047 2815 pimus
1067 2753 1224 2781 codicibus
1243 2761 1304 2782 non
1315 2754 1443 2789 legitur;
1463 2753 1636 2790 idcircoque
1646 2753 1713 2781 eam
1724 2753 1773 2780 de-

959 2795 1086 2816 evunus.
