2059 3136
275 159 328 186 375
963 159 992 188 S.
1012 159 1137 187 BASlLll
1156 160 1276 189 MAGNI.
1905 164 1960 192 376

275 220 358 257 poris
374 222 426 249 aut
440 220 544 256 robur,
560 221 588 248 et
597 220 710 249 bonam
722 221 932 250 habitudinem
943 223 1012 257 post
1025 229 1099 249 mor-

1158 222 1248 259 ῥώμην
1263 224 1308 249 καὶ
1328 224 1374 252 τὴν
1399 223 1497 255 εὐεξίαν
1523 225 1588 260 μετὰ
1611 224 1659 256 τὰς
1678 227 1770 258 νόσους
1795 225 1894 253 ἔπαινεῖ
1914 230 1960 254 καὶ

275 265 332 294 bos
345 265 449 294 laudat
465 267 493 293 et
510 265 633 294 extollit.
662 267 695 294 Et
710 266 740 294 in
760 274 892 300 summa,
914 274 1019 294 eorum
1036 274 1104 302 quae

275 312 448 347 suppetunt,
463 309 605 339 inimicus
616 313 660 339 est
673 320 679 346 ;
693 319 798 340 eorum
813 319 881 348 quas
895 311 1019 348 periere,
1031 311 1104 339 ami-

276 363 342 385 ους.

309 403 336 429 3.
353 401 428 434 Quid
452 401 543 436 igitur
569 401 624 430 hac
644 401 692 429 lue
717 401 872 429 exitiosius
892 409 959 430 esse
980 401 1104 438 possit?

274 446 533 483 Corruptelavitee,
541 445 688 482 pernicies
694 449 818 480 naturae,
827 454 932 474 eorum
939 455 1007 483 quae
1016 446 1104 474 nobis

273 499 292 519 ο.
303 492 362 519 Deo
371 490 443 519 data
451 493 521 518 sunt
529 490 679 518 bonorum
691 491 807 523 odium,
818 491 946 519 adversa
955 490 1104 519 Deoindo-

271 535 324 564 les.
338 535 413 568 Quid
429 535 580 564 malorum
591 537 744 564 auctorem
758 535 929 564 daemonem
941 536 980 564 ad
992 535 1103 564 bellum

273 580 420 609 adversus
426 580 566 609 homines
577 583 660 609 tanto
669 589 738 609 cum
747 581 846 610 furore
854 581 992 618 impulit?
999 583 1103 610 Nonne

271 625 405 653 invidia?
415 633 468 661 per
478 633 572 661 quam
584 628 612 653 et
623 634 692 654 cum
704 627 763 654 Deo
775 626 840 663 ipso
850 634 987 663 pugnare
1000 626 1103 662 palam

273 670 479 707 deprehensus
502 672 555 699 est.
582 671 637 704 Qui
660 671 794 699 infensus
818 671 943 708 quidem
963 673 1024 700 Deo
1040 674 1103 700 erat

271 717 396 753 propter
411 715 650 744 muniﬁcentiam
664 724 736 751 erga
749 716 906 744 hominem
919 727 926 744 :
943 716 995 745 sed
1007 715 1102 745 homi-

271 768 352 794 nem,
369 768 438 788 cum
453 761 547 788 Deum
561 769 623 790 non
636 763 747 797 posset,
764 761 974 789 ulciscebatur.
990 761 1103 790 Eadem

272 807 300 833 et
312 805 384 834 Cain
397 804 505 833 fecisse
516 805 701 842 perhibetur,
713 806 827 842 primus
835 806 883 834 ille
894 806 1008 834 diaboli
1017 806 1099 835 disci-

1157 804 1213 840 λου,
1229 808 1273 832 καὶ
1289 807 1379 842 φθόνον
1398 809 1443 833 καὶ
1467 809 1540 844 φόνον
1555 807 1617 844 παρ’
1631 808 1711 835 αὑτοῦ
1740 808 1895 845 διδαχθεὶς,
1911 812 1959 842 τὰς

270 850 372 887 pulus,
389 850 514 879 edoctus
526 851 564 879 ab
580 851 645 887 ipso
659 854 687 879 et
701 851 847 879 invidiam
859 853 887 879 et
901 851 1025 887 caedem,
1039 859 1099 887 ger-

1158 848 1270 886 ἀδελφὰς
1300 850 1418 888 ἀνομίας,
1441 851 1471 884 οἶς
1495 855 1539 879 καὶ
1563 853 1664 885 Παῦλος
1685 853 1843 887 συνέζευξεν,
1869 857 1957 881 εἰπών·

269 903 363 924 mana.
378 895 501 929 scelera,
516 903 585 932 quae.
601 898 629 924 et
639 895 747 923 Paulus
762 896 975 931 conjunxithis
985 896 1099 925 verbis:

1157 897 1275 927 Μεστοὺς
1304 897 1408 933 φθόνου,
1443 899 1530 933 φόνου.
1560 899 1592 924 Τί
1617 901 1661 925 οῦν
1694 896 1723 927 ἧν
1753 898 1766 925 ὂ
1799 898 1921 929 ἐποίησεν
1948 908 1956 934 ;

1160 266 1263 304 ἐξαίρει.
1290 269 1340 294 Καὶ
1368 268 1441 302 ὅλως,
1471 267 1567 306 ἐχθρὸς
1588 271 1633 307 μέν
1655 268 1712 297 ἐστι
1735 274 1785 297 τῶν
1812 274 1957 308 παρόντων,

1159 312 1230 348 φίλος
1246 311 1275 340 0'":
1295 314 1344 340 τὼν
1360 313 1547 352 ἀπολλυμένων.

1194 405 1219 431 3.
1237 405 1268 430 Τί
1283 402 1312 429 ἆν
1328 402 1372 430 οὖν
1382 405 1480 440 γένοιτο
1493 408 1540 436 τῆς
1555 406 1634 432 νόσου
1647 407 1746 438 ταύτης
1759 406 1938 446 ὁλεθριώτερον
1950 417 1957 443 ;

1159 447 1244 484 Φθορὰ
1263 452 1310 479 τῆς
1331 448 1409 483 ζωῆς,
1434 448 1502 485 λύμη
1516 453 1562 480 τῆς
1587 451 1698 486 φύσεως,
1715 451 1801 489 ἔχθρα
1816 456 1865 479 τῶν
1886 453 1959 490 παρὰ

1159 496 1225 519 Θεοῦ
1251 491 1395 530 δεδομένων
1420 495 1492 530 ἡμῖν,
1513 493 1662 527 ἐναντίωσις
1677 497 1741 533 πρὸς
1762 498 1835 525 Θεόν.
1861 499 1894 524 Τί
1914 499 1958 525 τόν

1159 535 1304 573 ἀρχέκακον
1327 536 1440 574 δαίμονα
1468 538 1504 570 εἰς
1527 540 1570 565 τὸν
1596 541 1664 566 κατὰ
1688 539 1829 578 ἀνθρώπων
1855 541 1959 578 ἐξέμηνε

1157 581 1266 618 πόλεμον
1284 591 1291 616 ;
1307 582 1367 619 Οὐχ
1383 584 1395 609 ὁ
1411 584 1520 619 φθονοςς
1536 582 1571 610 δι’
1592 584 1622 610 οὗ
1635 587 1679 611 καὶ
1697 586 1828 622 θεομάχος
1844 590 1958 623 φανερῶς

1159 624 1324 662 ἀπηλέγχθη,
1345 626 1489 664 ἀχθόμενος
1508 629 1553 664 μὲν
1569 632 1626 664 Θεῷ
1650 628 1691 656 ἐπὶ
1716 634 1748 667 τῇ
1773 629 1959 669 μεγαλοδωρεᾴ

1157 674 1188 707 τῇ
1215 671 1249 702 εἰς
1272 673 1315 698 τὸν
1339 672 1484 709 ἄνθρωπον,
1514 674 1556 700 τὸν
1576 673 1709 710 ἄνθρωπον
1735 673 1764 701 δὲ
1789 674 1958 712 ἀμυνόμενος,

1158 714 1248 746 ἐπειδὴ
1273 718 1337 743 Θεὸν
1357 717 1404 743 οὐκ
1428 715 1555 746 ἠδύνατο.
1580 719 1618 745 Τὰ
1642 719 1709 745 αὐτὰ
1733 718 1763 747 δί
1781 724 1865 747 ταῦτα
1879 725 1959 747 ποιῶν

1157 762 1202 786 καὶ
1223 761 1235 787 ὁ
1260 762 1324 788 Κοίῐν
1349 760 1492 796 δείκνυται,
1514 763 1640 800 ὀπρῶτος
1660 765 1782 800 μαθητὴς
1800 769 1847 791 τοῦ
1863 763 1960 792 διαϐο-

271 940 381 968 Plenos
397 940 525 973 inuidia,
542 939 830 973 homicidio“.Quid
840 941 931 976 igitur
941 944 1005 970 erat
1018 941 1102 978 quod

271 984 365 1013 fecit?
387 984 467 1012 Vidit
482 984 616 1013 delatum
636 993 654 1013 a
677 985 738 1013 Deo
757 985 917 1019 honorem,
938 988 967 1014 et
993 987 1103 1014 exarsit

270 1029 472 1065 aemulatione,
481 1029 649 1066 occiditque
655 1029 848 1065 honoratum,
860 1030 1061 1060 honorantem
1070 1034 1103 1060 ut

270 1075 492 1111 perstringeret.
514 1076 590 1102 Nam
605 1083 675 1102 cum
685 1075 844 1103 imbecillis
860 1078 938 1104 esset
951 1075 991 1104 ad
1007 1077 1101 1104 Deum

267 1119 523 1155 impugnandum,
532 1119 562 1147 in
572 1119 734 1148 fraternam
741 1119 855 1148 caedem
863 1120 1000 1148 animum
1008 1123 1102 1149 trans-

268 1165 344 1194 tulit.
361 1165 534 1200 Fugi‘amus,
550 1164 666 1198 fratres,
684 1165 893 1200 aegritudinem
906 1166 971 1201 ejus
986 1174 1054 1203 qua;
1069 1167 1101 1195 in

267 1211 361 1238 Deum
370 1209 403 1237 ﬁt
414 1217 526 1245 pugnae
535 1209 724 1244 magistram,
734 1210 889 1238 homicidii
897 1213 1037 1245 matrem,
1048 1219 1100 1240 na-

266 1255 340 1283 turis
365 1254 587 1289 confusionem,
609 1254 842 1283 necessitudinis
865 1255 1098 1290 ignorationem,

267 1299 439 1328 molestiam
447 1299 699 1329 absurdissimum
705 1321 712 1327 .
719 1301 777 1328 Cur
785 1300 950 1334 afﬂictaris,
959 1301 1051 1329 homo
1058 1302 1101 1329 ni-

269 1343 311 1373 hil
327 1352 416 1379 grave
431 1352 540 1380 passus
551 1345 565 1372 ‘I
575 1344 649 1381 quid
663 1344 743 1372 bello
758 1345 834 1381 petis
849 1345 997 1374 fruentem
1010 1346 1099 1374 bonis

267 1388 432 1424 aliquibus,
446 1388 581 1425 nihilque
596 1389 634 1417 de
649 1389 707 1417 tuis
720 1389 972 1418 imminuentem?
984 1390 1098 1423 Quodsi

264 1433 476 1465 velbeneficiis
487 1433 612 1461 atfectus
623 1433 801 1469 indignaris,
813 1441 914 1462 nonne
925 1434 1028 1471 palam
1040 1435 1097 1463 tuis

266 1478 332 1515 ipse
344 1478 514 1506 commodis
529 1479 587 1514 93
608 1479 723 1507 invides
739 1479 753 1507 ‘2
773 1479 929 1514 Ejusmodi
946 1479 1017 1508 Saul
1032 1482 1097 1509 erat

268 1523 316 1551 cui
331 1523 549 1551 beneficiorum
564 1523 743 1558 magnitudo
767 1523 881 1552 bellum
904 1524 1010 1553 Davidi
1024 1525 1097 1553 infe‘

263 1568 350 1596 rendi
360 1576 436 1596 ansa
447 1570 512 1596 crat
527 1571 555 1596 et
570 1568 665 1604 origo.
680 1569 812 1596 Primum
821 1569 945 1605 quidem
959 1570 1097 1598 modula-
1113 1583 1132 1611 ρ

264 1613 381 1641 tissima
394 1612 445 1640 illa
456 1621 491 1641 ac
503 1613 606 1641 divina
621 1613 737 1642 musica
752 1613 790 1642 ab
806 1614 927 1642 insania
939 1614 1094 1647 liberatus,

266 1658 434 1686 conabatur
445 1657 560 1694 accepti
575 1657 713 1686 beneﬁcii
728 1661 883 1687 auctorem
898 1659 986 1688 hasta
999 1662 1096 1687 trans-

265 1702 368 1737 ﬁgere.
381 1702 493 1730 Deinde
509 1709 570 1730 una
589 1710 659 1730 cum
672 1703 738 1739 ipso
754 1703 886 1731 exercitu
910 1711 946 1731 ex
961 1704 1095 1732 hostium

265 1747 408 1776 manibus
423 1747 584 1775 incolumis
599 1750 729 1783 ereptus,
742 1750 815 1775 eteo
826 1748 904 1784 quia
920 1748 1037 1777 Gotiath
1051 1749 1097 1777 in-

267 1792 564 1821 urebaturdedecore
573 1792 803 1827 liberatus,cum
814 1796 916 1822 tamen
928 1793 1096 1822 saltatrices

265 1837 407 1874 quaedam
417 1837 634 1874 decemplicem
643 1840 757 1874 partem
765 1847 865 1866 rerum
876 1841 1031 1875 gestarum
1042 1841 1096 1868 Da-

265 1883 328 1911 vidi
338 1883 368 1911 in
377 1882 514 1918 epiniciis
528 1882 702 1917 tribuerent,
711 1886 863 1918 canentes,
876 1885 1027 1912 Percussit
1037 1885 1098 1913 Da-

266 1928 317 1956 vid
328 1928 464 1956 indecem
476 1927 621 1961 millibus,
633 1930 660 1955 et
671 1928 747 1955 Saul
759 1929 791 1955 in
804 1929 938 1956 millibus
946 1937 1006 1957 suis
1015 1929 1097 1961 55,01)

266 1977 361 1998 unam
377 1969 456 1997 hanc
467 1977 581 2003 vocem,
594 1972 623 1997 et
637 1969 676 1997 ob
687 1970 839 1998 redditum
850 1970 888 1998 ab
900 1971 967 2006 ipsa
977 1971 1097 2000 veritate

267 2015 475 2043 testimonium
484 2015 617 2051 primum
628 2023 717 2043 suam
730 2023 797 2044 eum
811 2024 905 2044 manu
915 2016 1096 2050 interimere,

268 2063 359 2097 atque
368 2060 484 2088 insidiis
495 2060 532 2088 de
544 2060 644 2088 medio
657 2060 756 2088 tollere
767 2069 907 2097 agressus
918 2064 962 2090 est
975 2063 1098 2090 :cxinde

270 2105 382 2134 Davide
401 2106 433 2133 in
454 2105 559 2140 fugam
575 2108 651 2142 acto=
665 2114 702 2134 ne
717 2107 759 2134 sic
775 2106 899 2142 quidem
913 2107 983 2135 odio
1005 2107 1098 2135 ﬁnem

268 2151 424 2188 imposuit,
447 2151 500 2178 sed
512 2154 701 2187 postremum
712 2151 902 2188 expeditione
918 2160 987 2180 cum
1001 2152 1098 2180 tribus

269 2197 432 2225 electorum
440 2195 561 2223 milibus
569 2196 714 2224 adversus
724 2197 807 2224 illum
820 2199 970 2234 suscepta,
979 2197 1098 2226 deserta

269 2241 337 2269 loca
347 2240 634 2276 pcrscrutabatur“.
647 2240 760 2273 Quodsi
776 2241 882 2269 fuisset
892 2242 961 2270 belli
972 2250 1096 2270 causam

271 2286 486 2320 interrogatus,
509 2285 714 2321 respondisset
731 2285 820 2321 plane
836 2287 890 2314 viri
910 2295 974 2314 esse
986 2287 1099 2315 benefi-

271 2330 412 2359 centiam.
420 2329 468 2358 Ille
477 2330 655 2366 scilicetipso
661 2331 877 2367 persecutionis
888 2333 1021 2367 tempore
1030 2340 1099 2360 cum

272 2375 425 2403 dormiens
441 2375 647 2411 deprehensus
657 2375 772 2411 fuisset,
787 2378 950 2412 possetque
961 2377 1000 2404 ab
1015 2377 1100 2405 hoste

272 2420 358 2448 facile
373 2419 479 2454 occidi,
496 2422 524 2448 et
539 2428 608 2447 cum
622 2419 730 2447 iterum
741 2428 759 2446 a
771 2420 854 2455 justo
870 2421 921 2456 qui
936 2420 1058 2456 injicere
1069 2421 1100 2450 in

273 2473 343 2493 eum
360 2472 469 2492 manus
485 2464 617 2497 nolebat,
637 2466 773 2492 servatus
797 2467 875 2492 esset
889 2465 1049 2493 incolumis
1065 2467 1099 2500 ⁵⁷,

272 2518 471 2546 nequaquam
485 2508 581 2536 ﬂexus
607 2511 649 2536 est
663 2509 721 2537 hoc
737 2509 887 2537 beneficio
903 2518 910 2538 :
927 2511 980 2539 sed
996 2513 1024 2539 et
1037 2519 1101 2538 rur-

274 2563 325 2583 sus
336 2553 497 2589 colligebat
507 2553 680 2587 excrcitum,
692 2556 721 2582 et
732 2562 836 2582 rursus
847 2554 931 2583 illum
942 2563 1101 2592 perseque-

274 2599 372 2632 batur,
399 2598 502 2633 quoad
528 2597 638 2625 iterum
660 2598 698 2626 ab
719 2599 825 2627 eodem
843 2599 874 2627 in
896 2599 1039 2636 spelunca
1053 2600 1099 2628 in-

310 2687 334 2704 “
350 2687 435 2715 Rom.
457 2695 475 2722 ι,
491 2688 536 2715 29.
574 2687 598 2705 ⁸⁵
612 2688 622 2715 Ι
635 2688 705 2724 Reg.
721 2696 801 2717 xvui.
817 2691 843 2717 7.

309 2776 464 2815 (46)-(1011).
491 2778 594 2806 tertius
618 2783 653 2814 τῷ
669 2778 708 2804 ἐπ’
724 2779 841 2815 ἀγαθοῖς.
862 2780 928 2807 Mox
952 2787 1024 2807 mss.
1041 2778 1097 2806 ali—

273 2817 347 2850 quot
363 2813 547 2852 ἀγανοικτῇς..ἶ
562 2819 609 2852 τῇς
625 2815 716 2841 ἑαυτοῦ
732 2813 863 2851 ὡφελείας.
887 2815 961 2843 liditi
982 2814 1096 2852 ἀγανακ-

273 2853 358 2881 τεῖς...
369 2854 400 2879 τῆ
415 2854 523 2876 σεαυτοῦ
535 2850 651 2887 ὠφελείᾳ.

883 2689 906 2707 ⁵⁵
927 2690 1022 2725 IReg.
1039 2697 1117 2725 xxw,
1138 2690 1164 2718 3.

1156 938 1219 967 Εἷδι
1230 942 1277 969 τὴν
1295 942 1368 978 παρὰ
1383 945 1449 969 Θεοῦ
1473 944 1562 979 τιμὴν,
1579 944 1624 969 καὶ
1643 942 1767 974 ἐξεκαύθη
1783 945 1849 981 πρὸς
1865 944 1954 975 ζῆλον.

1155 986 1201 1011 καὶ
1223 984 1303 1012 ἀνεῖλε
1331 988 1374 1012 τὸν
1397 987 1612 1023 τιμηθέντα,-ῖνα
1632 987 1786 1024 καθάψηται
1808 992 1855 1015 τοῦ
1878 992 1956 1026 τιμή-

1157 1039 1260 1061 σαντος.
1277 1033 1346 1068 Πρὸς
1359 1032 1410 1068 γὰρ
1430 1033 1477 1061 τὴν
1500 1032 1645 1069 θεομαχίαν
1661 1030 1807 1068 ἀδυνατῶν,
1823 1034 1859 1065 εἰς
1875 1032 1956 1061 ἁδελ-

1156 1076 1463 1112 φοκτονίανξμετέπισεη
1482 1078 1613 1113 Φύγωμεν,
1644 1075 1761 1114 ἀδελφοὶ,
1791 1080 1866 1104 νόσον
1897 1080 1956 1106 θεο-

1154 1121 1258 1157 μαχίας
1286 1119 1459 1155 διδάσκαλον,
1485 1120 1656 1158 ἀνδροφονίας
1685 1124 1795 1160 μητέρα,
1819 1124 1954 1160 σύγχυσιν

1155 1166 1264 1201 φύσεως,
1286 1166 1445 1197 οἰκειότητος
1474 1167 1590 1203 ἄγνοιαν,
1618 1169 1752 1205 συμφορὰν
1778 1167 1956 1204 ἀλογωτοίτην,

1154 1211 1186 1235 Τί
1207 1209 1286 1246 λυπῇ,
1317 1211 1444 1248 ἄνθρωπε,
1469 1210 1552 1248 μηδὲν
1574 1209 1656 1238 δεινὸν
1679 1213 1833 1246 nan-ovem;
1857 1215 1884 1240 τί
1905 1223 1956 1240 πο-

1153 1253 1238 1291 λεμεῖς
1261 1258 1298 1290 τῷ
1329 1254 1353 1281 ἐν
1383 1254 1491 1292 ἀγαθοῖς
1517 1257 1572 1291 (46)
1603 1266 1673 1283 τισιν
1700 1258 1763 1290 ὄντι⁷
1791 1255 1875 1294 μηδὲν
1904 1262 1956 1285 τῶν

1155 1303 1206 1325 σῶν
1233 1298 1407 1326 ἔλαττὼσαντι
1431 1308 1438 1334 ;
1464 1300 1523 1328 Ἐὰν
1545 1299 1574 1327 δὲ
1602 1299 1635 1331 δὴ
1669 1303 1714 1328 καὶ
1742 1301 1954 1338 εὐεργετούμενος

1154 1342 1313 1381 ἁγανακτῇς,
1342 1344 1389 1371 οὐκ
1414 1341 1538 1382 ἄντικρυς
1563 1349 1611 1377 τῆς
1634 1345 1726 1372 ἑαυτοῦ
1751 1346 1873 1383 ὡφελείας
1902 1346 1955 1383 βα-

1155 1391 1268 1419 σκαίνεις
1288 1397 1296 1422 ;
1320 1389 1424 1420 Ὀποῐος
1453 1388 1483 1419 ἦν
1507 1390 1520 1415 ὁ
1546 1390 1636 1424 Σαοὺλ,
1661 1390 1688 1422 ὃς
1716 1395 1766 1417 τῶν
1802 1391 1955 1428 εὐεργεσιῶν

1151 1433 1198 1464 τὰς
1220 1433 1363 1470 ὑπερϐολὰς
1385 1432 1504 1471 ἀφορμὴν
1527 1438 1573 1461 τοῦ
1597 1434 1709 1472 πολέμου
1735 1439 1781 1462 τοῦ
1811 1437 1878 1473 πρὸς
1911 1437 1955 1463 τὸν

1152 1476 1237 1504 Δαϐίὸ
1261 1477 1413 1508 ἐποιήσατο.
1440 1482 1544 1516 Πρῶτον
1576 1480 1621 1516 μὶν
1644 1481 1706 1517 γὰρ,
1729 1484 1760 1517 τῇ
1786 1483 1954 1518 παναρμονίῳ

1152 1522 1233 1559 ἐκείνῃ
1260 1526 1304 1550 καὶ
1335 1525 1390 1560 θείᾳ
1418 1528 1531 1560 μουσικῇ
1566 1528 1614 1561 τῇς
1646 1527 1740 1561 μανίας
1782 1524 1952 1562 ἀπαλλαγεὶς,

1152 1566 1271 1603 ἐπειρᾶτο
1310 1566 1404 1605 δόρατι
1437 1566 1573 1606 διαπεῖραι
1603 1570 1646 1595 τόν
1680 1569 1823 1607 εὐεργέτην·
1864 1571 1954 1597 ἔπειτα

1153 1614 1200 1638 σὺν
1225 1612 1295 1648 αὐτῷ
1321 1616 1357 1648 τῷ
1383 1617 1486 1650 στρατῷ
1515 1613 1543 1640 ἐκ
1561 1618 1611 1640 τῶν
1636 1614 1762 1651 πολεμίων
1785 1616 1951 1652 περισωθεὶς,

1151 1658 1196 1682 καὶ
1221 1661 1268 1688 τῆς
1297 1656 1338 1683 ἐπὶ
1362 1662 1398 1693 τῷ
1427 1659 1483 1694 (47)
1511 1658 1603 1685 Γολιαο
1628 1659 1760 1695 αἰσχύνης
1783 1658 1952 1695 ἀπαλλαγεὶς,

1152 1701 1220 1738 ὅμως
1245 1700 1334 1732 ἐπειδὴ
1360 1701 1384 1728 ἐν
1411 1706 1466 1734 τοῖς
1494 1702 1629 1735 ἐπινικίοις
1649 1705 1678 1730 τὸ
1701 1702 1876 1730 δεκαπλάσιον
1907 1709 1954 1735 τῆς

1151 1751 1201 1773 τῶν
1225 1746 1378 1783 συμϐάντων
1394 1747 1479 1780 αὶτίας
1498 1752 1534 1784 τῷ
1560 1747 1644 1775 Δαϐὶδ
1660 1748 1781 1776 ἀνέθεσαν
1804 1750 1831 1775 αἱ
1852 1751 1953 1787 χορεύ-

1153 1802 1240 1820 ουσαι·
1269 1792 1398 1824 Ἐπάταξε
1427 1792 1511 1820 Δαϐὶδ
1538 1793 1562 1820 ἐν
1591 1795 1713 1831 μυριάσι,
1741 1796 1786 1820 καὶ
1819 1794 1898 1820 Σαοὺλ
1929 1794 1965 1820 ἐν’

1152 1837 1272 1874 χιλιάσιν
1297 1837 1386 1863 αὑτοῦ·
1418 1836 1464 1864 διὰ
1492 1840 1554 1874 μίαν
1584 1840 1681 1867 ταύτην
1706 1841 1797 1875 φωνήν,
1831 1841 1877 1865 καὶ
1906 1841 1953 1869 τὴν

1153 1882 1179 1914 ἐξ
1197 1881 1280 1913 αὐτῆς
1304 1886 1352 1913 τῆς
1375 1881 1495 1913 ἀληθείας
1522 1883 1675 1920 ὑπάρξασαν
1704 1886 1862 1921 μαρτυρίαν,
1877 1888 1952 1922 πρῶ-

1153 1937 1195 1953 τον
1223 1928 1347 1964 αὐτόχειρ
1376 1928 1505 1963 γενέσθαι,
1532 1930 1576 1954 καὶ
1602 1927 1628 1959 ἐξ
1652 1927 1756 1965 ἐνέδρας
1787 1928 1881 1955 ἀνελεῖν
1906 1928 1954 1955 ἑπ-

1154 1974 1298 2009 εχείρησεν·
1323 1972 1378 1998 εἶτα
1402 1971 1509 2008 φυγάδα
1528 1975 1708 2004 καταστήσας,
1735 1971 1796 1999 οὐδὲ
1816 1973 1883 1999 οὕτω
1900 1975 1953 2003 τὴν

1153 2017 1251 2054 ἔχθραν
1279 2018 1397 2050 ἔστησεν,
1432 2016 1496 2043 ἀλλὰ
1522 2019 1552 2043 τὸ
1583 2017 1726 2044 τελευταῖον
1758 2018 1954 2055 ἐκστρατεύσας

1153 2060 1190 2087 ἐπ’
1210 2061 1286 2087 αὑτὸν
1304 2063 1360 2094 (48)
1390 2062 1551 2098 τρισχιλίοις
1578 2062 1681 2098 λογάσι,
1707 2063 1753 2094 τὰς
1777 2062 1886 2099 ἐρημίας
1908 2061 1953 2089 δι-

1154 2109 1288 2144 ηρευνᾱτο.
1315 2106 1345 2132 Εἰ
1360 2104 1389 2132 δὲ
1409 2107 1529 2143 ἠρωτήθη
1546 2111 1591 2133 τοῦ
1611 2107 1722 2143 πολέμου
1745 2106 1792 2136 τὴν
1810 2110 1952 2145 πρόφασιν,

1154 2154 1220 2177 εἶπεν
1243 2150 1272 2177 ἂν
1288 2152 1389 2182 πάντως
1403 2153 1451 2182 τὰς
1465 2155 1510 2178 τοῦ
1527 2150 1621 2188 ἀνδρὸς
1637 2151 1764 2183 εὐποιίας.
1781 2151 1828 2183 ’ος
1843 2161 1871 2188 γε
1893 2152 1955 2189 παρ’

1154 2196 1231 2222 αὐτὸν
1247 2197 1289 2222 τὸν
1305 2198 1396 2233 καιρὸν
1415 2200 1462 2227 τῆς
1478 2194 1591 2227 διώξεως
1611 2195 1744 2223 καθεύδων
1765 2196 1953 2234 καταληφθεὶς,

1155 2241 1255 2277 ἕτοιμος
1276 2240 1312 2271 εἰς
1335 2242 1433 2276 σφαγὴν
1455 2243 1620 2277 προκείμενος
1640 2245 1676 2276 τῷ
1698 2240 1797 2278 ἔχθρῶ,
1818 2243 1862 2267 καὶ
1877 2241 1954 2268 πάλιν

1153 2285 1307 2322 περισωθεὶς
1319 2285 1369 2310 ὑπὸ
1380 2288 1424 2310 τοῦ
1441 2283 1555 2319 δικαίου,
1569 2285 1704 2321 ἐπαγαγεῖν
1715 2286 1785 2321 αὐτῷ
1799 2286 1845 2317 τὰς
1861 2289 1955 2322 χεῖρας

1155 2329 1342 2365 φυλαξαμένου,
1359 2327 1415 2355 οὐδ’
1425 2329 1474 2355 ὑπό
1489 2330 1588 2361 ταύτης
1602 2334 1649 2360 τῆς
1659 2330 1807 2367 εὐεργεσίας
1822 2329 1953 2367 ἐκάμφθη·

1156 2373 1219 2400 ἀλλὰ
1235 2377 1279 2400 xui.
1298 2374 1373 2400 πάλιν
1396 2373 1585 2411 ἐστρατολόγει,
1606 2377 1651 2400 καὶ
1669 2375 1746 2401 πάλιν
1762 2373 1879 2401 ἐὸίωκεν-
1897 2375 1953 2408 ἕως,

1155 2420 1200 2444 καὶ
1231 2417 1349 2455 δεύτερον
1370 2418 1445 2450 ἁλοὺς
1472 2420 1521 2445 ὐπό
1548 2423 1593 2445 τοῦ
1614 2419 1693 2446 αὐτοῦ
1718 2419 1742 2445 ἐν
1764 2424 1800 2455 τῷ
1821 2419 1953 2455 σπηλαίῳ,

1156 2468 1201 2490 τοῦ
1227 2465 1272 2500 μὲν
1296 2466 1342 2493 τὴν
1372 2464 1464 2501 ἀρετὴν
1488 2464 1666 2502 λαμπροτέραν
1692 2464 1834 2498 ἀπέδειξεν,
1861 2465 1954 2491 ἑαυτοῦ

1157 2507 1186 2536 δε
1207 2511 1252 2538 τὴν
1276 2512 1401 2547 πονηρίαν
1425 2512 1648 2546 καταφανεστέραν
1672 2509 1788 2539 ἐποίησε.
1817 2514 1953 2546 Δυσμετα-

1155 2556 1355 2592 χειριστότατον
1377 2555 1474 2591 ἔχθρας
1499 2552 1568 2585 εἶδος
1587 2555 1600 2581 ὁ
1627 2556 1730 2590 φθονος,
1750 2556 1816 2586 Τοὺς
1834 2556 1880 2592 μὲν
1904 2554 1953 2591 γὰρ

1155 2598 1238 2630 ἄλλως
1263 2596 1399 2635 δυο-μενεῖς
1428 2599 1606 2636 ἡμερωτέρους
1633 2603 1753 2626 ποιοῦσιν
1777 2600 1804 2626 αὶ
1829 2598 1952 2626 εὐποιίαν

1203 2689 1226 2706 ⁵⁷
1243 2688 1254 2716 Ι
1269 2689 1342 2724 Reg,
1353 2696 1432 2723 xxvr,
1447 2689 1475 2717 7.

1186 2779 1242 2814 (47)
1257 2779 1326 2813 Reg.
1344 2779 1460 2814 primus
1475 2779 1520 2803 καὶ
1532 2781 1579 2808 τῆς
1595 2779 1636 2804 ἐπὶ
1651 2782 1706 2805 τοῦ.

1188 2817 1244 2849 (48)
1260 2814 1357 2841 Editio
1371 2817 1497 2850 utraque
1512 2813 1568 2839 κατ’
1577 2813 1667 2840 αὐτοῦ.
1682 2814 1802 2841 Veteres
1816 2813 1952 2850 quinque

1149 2849 1217 2879 libri
1237 2850 1275 2875 ἐπ’
1287 2849 1374 2877 αὐτόν.
1389 2849 1494 2879 eadem
1509 2849 1600 2887 plane
1614 2849 1772 2879 sententia.

1344 2779 1460 2814 primus
1475 2779 1520 2803 καὶ
1532 2781 1579 2808 τῆς
1595 2777 1636 2814 ἐπὶ
1651 2782 1706 2805 τοῦ.
