2059 3136
125 139 178 165 377

779 134 925 163 HOMlLlA
943 133 990 161 DE
1010 133 1152 162 INVIDlA.

1756 137 1808 164 3'78

123 201 167 226 τὸν
199 198 332 235 βάσκανον
353 197 382 225 δὶ
404 200 449 225 καὶ
469 199 587 229 κακοήθη
603 200 632 225 τὸ
647 198 733 230 καλῶς
746 198 837 225 παθεῖν
853 197 922 224 πλέον

981 198 1143 233 terceptus,
1157 198 1186 226 et
1195 197 1261 233 ejus
1276 197 1416 226 virtutem
1425 198 1598 234 praestiterit
1606 198 1808 233 illustriorem,

123 244 325 282 προσερεθίζει-
349 245 396 270 καὶ
420 244 520 280 ὅσῳπερ
544 244 574 270 ἂν
594 245 716 280 μειζόνων
731 245 814 280 τύχῃ,
836 242 926 279 μειζό-

123 299 174 321 νως
194 288 336 325 ἀγανακτεῖ
358 291 402 314 καὶ
431 287 543 322 ἀνιᾶται,
567 291 612 315 καὶ
636 287 816 326 δυσχεραίνει.
837 287 926 314 Πλεῖον

123 334 175 369 γὰρ
203 333 318 368 ἄχθεται
338 337 369 369 τῇ
396 331 506 370 δυνάμει
518 337 563 360 τοῦ
586 333 727 370 εὐεργέτου,
743 334 758 362 ἦ
774 333 854 369 χάριν
871 333 927 369 ἔχει

123 381 179 410 τοῖς
194 377 230 408 εἰς
244 377 323 404 αὐτὸν
337 379 490 415 γινομένοις.
518 381 594 404 Ποῖον
619 378 648 404 οὐ
662 382 756 404 νικῶσι
781 378 870 414 θηρίον
893 380 925 414 τῇ

124 422 290 460 χαλεπότητι
304 426 354 449 τῶν
369 425 489 459 τρόπων;
520 425 553 449 Τί
566 427 616 450 τῶν
631 422 763 459 ἀνημέρων
778 422 830 458 οὐχ
845 422 926 458 ὑπερ-

125 467 266 494 ϐάλλουσιν
293 466 448 504 ἆγριὸτητις
473 468 507 494 Οἱ
530 468 604 499 κύνες
627 469 777 504 τριφόμςνοι
798 468 926 503 ἡμεροῦνς

124 522 189 540 ται.
215 513 240 538 οἱ
265 512 363 542 λέοντες
390 513 540 549 χειροήθεις
566 515 683 548 γίνονται
707 514 924 549 Θεραπευὸμενοι·

123 558 149 584 οἱ
176 555 207 583 δὲ
235 555 366 593 βάσκανοι
393 560 451 588 ταῖς
495 558 641 596 Θεραπείαις
679 556 753 583 πλέον
791 555 925 592 ἐξαγριαί-

120 611 220 629 νονται.

981 243 1010 270 et
1021 250 1108 270 suam
1118 243 1214 279 ipsius
1228 243 1394 279 nequitiam
1409 243 1644 272 manifestiorem
1669 243 1810 272 reddide-

980 286 1026 315 rit.
1035 288 1361 316 lmmansuetissimum
1374 287 1435 315 odii
1446 295 1541 323 genus
1551 288 1723 316 invidiaest.
1733 290 1809 317 Nam

981 330 1180 360 beneﬁcentia
1190 334 1313 360 caeteros
1321 331 1445 368 quidem
1456 331 1507 368 qui
1522 332 1611 360 nobis
1623 332 1756 368 alioquin
1766 332 1811 360 in-

980 375 1056 404 fensi
1069 379 1149 412 sunt,
1162 377 1294 405 mitiores
1310 377 1590 412 mansuetioresque
1612 377 1732 406 reddit:
1756 377 1810 405 sed

981 420 1091 449 collata
1106 422 1136 450 in
1155 422 1292 450 invidum
1307 424 1336 450 et
1351 422 1519 457 malignum
1533 422 1691 455 beneﬁcia,
1707 422 1809 459 ipsum

979 466 1111 502 amplius
1123 467 1249 495 irritant.
1262 469 1295 495 Et
1305 469 1420 504 quanto
1430 466 1547 502 majora
1557 467 1714 503 acceperit,
1724 469 1809 496 tanto

979 511 1078 546 magis
1091 511 1276 547 indignatur,
1291 512 1431 548 doletque
1445 514 1473 540 et
1486 512 1701 540 stomachatur.
1717 512 1808 547 Magis

979 555 1059 584 enim
1067 556 1408 594 aﬂlictaturdepotenlia
1415 557 1640 592 benefacientis,
1654 566 1746 594 quam
1754 565 1809 594 pro

980 600 1057 629 datis
1075 602 1130 630 sibi
1144 602 1298 631 beneficiis
1310 602 1437 638 gratiam
1450 602 1550 630 habet.
1563 603 1660 635 Quam
1675 602 1808 630 belluam

118 653 184 676 non
197 647 344 683 superant
358 653 479 675 morum
495 647 657 676 acerbitate
669 647 683 676 ?
698 647 779 680 Quas
792 646 872 674 feras
886 643 1002 673 feritate
1018 655 1079 675 non
1094 647 1219 676 vincunt
1233 648 1246 676 ?
1266 649 1362 676 Canes
1376 647 1517 676 alimento
1531 647 1633 675 oblato
1649 655 1809 676 mansues-

119 693 204 723 cunt,
219 691 323 721 leones
338 699 407 719 cum
424 694 579 725 curantur,
596 691 768 720 tractabiles
779 691 876 719 ﬁunt:
893 689 947 717 sed
960 689 1054 719 invidi
1070 692 1225 729 obsequiis
1241 695 1269 720 et
1283 692 1388 720 ofﬁciis
1407 692 1540 720 evadunt
1556 692 1748 727 agrestiores.

158 737 185 764 4.
216 738 248 763 Τί
266 737 310 762 τὸν
324 741 439 772 γενναῖον
464 736 561 773 Ἰωσὴφ
586 735 677 763 δοῦλον
700 736 837 769 ἐποίησῇι;
864 735 925 770 Οὐχ

120 781 134 807 ὁ
162 781 254 817 φθόνος
273 784 322 808 τῶν
345 779 484 818 ἀδελφῶνς
519 780 599 809 Ἔνθα
624 784 669 808 καὶ
694 782 830 818 θαυμάσαι
853 780 924 811 ἄξιον

119 827 169 857 τὴν
191 825 297 861 ἀλογίαν
320 830 369 857 τῆς
383 828 472 854 νόσον.
496 826 652 857 Φοϐηθέντες
672 827 721 863 γὰρ
748 830 798 852 τῶν
823 825 924 862 ὀνειρά-

120 879 172 896 των
199 872 246 900 τὴν
269 869 386 904 ἔκϐασιν,
418 869 509 897 δοῦλον
539 870 641 898 ἐποίουν
670 873 712 898 τὸν
741 869 860 907 ἀδελφὸν,
890 871 925 901 ὡς

120 915 170 942 οὐκ
186 916 216 941 ἄν
237 925 299 942 ποτε
325 914 419 942 δούλου
445 917 680 953 προσκυνηθέντος,
711 917 802 942 Καίτοι
831 915 852 942 εἰ
879 916 924 951 μὶν

121 959 206 989 ἀληθῆ
235 961 268 986 τὰ
295 960 410 994 ἐνύπνια,
439 962 479 992 τίς
509 963 616 997 μηχανή
646 963 681 997 μὴ
722 961 785 996 οὐχὶ
821 961 924 991 πάντως

122 1004 279 1035 ίκϐἥναιτά
292 1005 471 1042 προῤῥθὶντα;
501 1005 521 1032 εἰ
545 1004 575 1032 δὲ
599 1004 705 1041 ψευδεῖς
729 1007 757 1032 αἱ
780 1009 830 1031 τῶν
855 1005 922 1032 ὀνει-

119 1051 206 1087 ράτων
234 1049 317 1085 ὄψεις,
344 1049 401 1076 ἀντὶ
427 1052 498 1082 τίνος
527 1049 684 1087 βασκαίνιτε
712 1054 748 1086 τῷ
777 1049 922 1086 σφαλλομέ-

118 1103 173 1131 νῳ;
197 1096 263 1121 Νυνὶ
279 1092 308 1121 δὲ
324 1095 373 1121 ὑπὸ
393 1098 442 1126 τῆς
464 1098 510 1122 τοῦ
540 1099 606 1122 Θεοῦ
635 1095 783 1132 οἰκονομίας
807 1096 923 1132 περιτρέ-

118 1149 195 1166 πεται
215 1139 303 1171 αὐτοῖς
318 1140 347 1165 τό
365 1142 452 1176 σοφόν.
486 1140 523 1167 Δι’
556 1140 590 1166 ὧν
613 1141 664 1178 γὰρ
693 1139 810 1177 ἐνόμιζον
840 1139 922 1176 ἐμπο-

119 1182 207 1215 δίζειν
239 1187 271 1221 τῇ
299 1184 453 1222 πορῤῥήσει,
480 1184 527 1211 διὰ
565 1186 662 1211 τούτων
697 1184 827 1222 ἐφάνησαν
864 1183 923 1211 ὁδο-

121 1233 255 1260 ποιοῦντες
276 1231 324 1259 τήν
348 1229 464 1256 ἔκϐασιν.
489 1229 520 1256 Εἰ
542 1231 593 1267 γὰρ
618 1232 654 1266 μὴ
680 1229 790 1267 ἐπράθη,
819 1229 865 1255 οὐκ
892 1229 922 1255 ἂν

119 1272 194 1304 ἦλθεν
222 1274 257 1305 εἰς
284 1275 426 1310 Αἴγυπτον,
457 1274 504 1300 οὔκ
533 1274 562 1300 ἂν
589 1273 636 1301 δια
662 1276 831 1312 σωφροσύνην
865 1278 923 1305 ταῖς

120 1318 272 1350 ἔπιεονλοιῖς
295 1323 342 1350 τῆς
373 1318 518 1345 ἀκολάστου
544 1321 669 1356 γυναικὸς
692 1321 852 1356 περιέπεσεν,
876 1319 922 1345 οὐκ

120 1362 150 1390 ἂν
166 1363 261 1393 ἐϐλήθη
278 1363 315 1395 εἰς
335 1362 523 1401 δεσμωτήριον,
548 1364 596 1390 οὐκ
622 1363 652 1390 ἂν
679 1363 777 1400 ἐγένετο
807 1357 922 1395 συνήθης

120 1411 175 1440 τοῖς
202 1409 345 1445 ὑπηρέταις
371 1412 418 1434 τοῦ
445 1411 549 1446 Φαραὼ,
579 1407 637 1435 οὐδ’
666 1408 696 1434 ἂν
731 1408 852 1435 συνέϐαλε
890 1409 923 1434 τὰ

121 1454 249 1492 ὄνιίρατα,
267 1454 322 1480 ὅθεν
338 1455 385 1482 τήν
399 1452 487 1491 ἀρχὴν
505 1452 610 1485 ἐδέξατο
637 1457 685 1485 τῆς
710 1453 852 1490 Αἰγύπτου,
878 1456 923 1480 καὶ

123 1496 170 1524 διὰ
184 1500 231 1527 τήν
248 1497 383 1525 σιτοδείαν
398 1499 448 1524 ὑπὸ
464 1502 513 1524 τῶν
538 1497 653 1535 ἀδελφῶν
675 1499 757 1529 αὐτοῦ
782 1500 846 1536 πρὸς
873 1498 922 1524 αὖ-

121 1544 164 1569 τὸν
194 1542 315 1569 ἐλθόντων
348 1544 540 1579 προσαυνὴθη.
575 1543 683 1570 Μετάϐα
708 1548 744 1579 τῷ
774 1543 842 1579 λόγῳ
880 1543 922 1569 ἐπὶ

121 1589 166 1614 τὸν
192 1590 314 1624 μέγιστον
341 1588 443 1623 φθόνον,
473 1590 518 1614 καὶ
545 1587 586 1614 ἐπὶ
615 1591 751 1625 μεγίστοις
778 1589 920 1621 συστάντα,

122 1631 148 1663 ὃς
175 1632 202 1659 ἐκ
228 1637 275 1664 τῆς
300 1631 435 1660 Ἰουδαίων
459 1635 552 1669 μανίας
572 1634 639 1660 κατά
663 1637 708 1660 τοῦ
738 1637 854 1671 Σωτῆρος
871 1632 923 1669 ἐγέ-

120 1687 186 1705 νετο.
210 1679 257 1705 Διὰ
280 1680 306 1704 τί
335 1677 484 1714 ἐφθονεῖτος
511 1679 559 1704 Διὰ
584 1680 617 1704 τὰ
642 1679 772 1715 θαύματα.
797 1680 868 1709 Τίνες
893 1676 923 1704 δὲ

120 1721 190 1752 ἦσαν
216 1724 243 1749 αἱ
273 1724 493 1759 θανματοποιίαι;
535 1725 653 1760 Σωτηρία
691 1728 742 1749 τῶν
771 1722 921 1759 δεομένων·

120 1767 257 1804 ὶτρέφοντο
289 1769 313 1793 οἱ
326 1771 469 1801 πεινῶντες,
498 1769 542 1793 καὶ
569 1768 582 1794 ὁ
620 1769 717 1804 τρέφων
756 1767 922 1804 ἐπολεμεῖτοσ

120 1812 259 1848 ἠγείροντο
290 1812 314 1838 οἱ
335 1814 428 1849 νεκροὶ,
459 1814 503 1838 καὶ
534 1812 547 1838 ὁ
577 1812 709 1843 ξωοποιῶν
734 1812 921 1838 ἐϐασκαίνετοι

121 1855 246 1893 δαίμονες
276 1855 462 1891 ἀπηλαύνοντο,
498 1859 543 1882 καὶ
578 1857 591 1883 ὁ
631 1856 779 1883 ἐπιτάσσων
821 1856 924 1883 ἐπεϐου-

119 1900 205 1928 λεύετο
222 1912 229 1918 ·
254 1901 343 1938 λεπροὶ
375 1901 572 1939 ἐκαθαρίζοντο,
600 1904 645 1928 καὶ
678 1901 762 1938 χωλοὶ
798 1903 923 1939 περιεπά-

121 1955 192 1980 τουν,
219 1948 302 1981 κωφοὶ
328 1947 432 1979 ἤκουον,
463 1949 508 1972 καὶ
538 1946 629 1982 τυφλοὶ
658 1945 801 1980 ἁνέϐλεπον,
841 1949 886 1972 καὶ
910 1942 922 1967 ὃ

121 1990 256 2028 εὐεργέτης
284 1989 467 2027 ἐφυγαδεύετο.
508 1993 558 2018 Καὶ
594 1993 624 2017 τὸ
651 1991 794 2017 τελευταῖον
822 1992 922 2028 θανάτῳ

120 2034 276 2072 παρέδωκαν
296 2037 339 2062 τὸν
364 2038 410 2065 τὴν
424 2036 493 2066 ζωὴν
520 2037 709 2073 χαρισάμενον,
739 2038 784 2062 καὶ
812 2035 921 2072 ἐμαστί-

120 2091 181 2116 γουν
208 2082 252 2107 τὸν
277 2079 448 2117 ἐλευθερωτὴν
472 2084 521 2106 τῶν
545 2080 695 2117 ἀνθρώπων,
720 2082 764 2106 καὶ
778 2079 922 2107 κατεδίκα-

121 2125 164 2155 ζον
190 2127 235 2151 τὸν
275 2127 366 2162 κριτὴν
393 2128 439 2151 τοῦ
466 2127 577 2161 κόσμιον.
611 2125 686 2151 Οὕτω
714 2126 795 2162 μέχρι
820 2126 921 2151 πάντων

122 2168 240 2201 διεξῆλθε
266 2170 321 2206 (49)
344 2171 376 2196 τὰ
397 2173 443 2196 τοῦ
467 2171 559 2206 (perium:
588 2170 666 2197 κακά.
698 2172 748 2197 Καὶ
775 2169 810 2196 ἐνὶ
838 2171 921 2206 τοᾶτῳ

121 2214 191 2250 ὅπλῳ
219 2214 269 2241 ἀπὸ
295 2212 440 2245 καταϐολῆς
466 2214 605 2252 ἀρξάμενος
634 2217 735 2251 κόσμον
759 2217 842 2251 μέχρι
862 2225 921 2241 συν-

121 2259 217 2291 τελιίας
246 2259 336 2290 αἰῶνος
364 2260 462 2290 πάντας
489 2263 629 2296 τιτρώσκει
655 2262 700 2286 καὶ
727 2259 881 2286 καταϐάλλει
908 2261 920 2286 ὁ

120 2303 219 2340 λυμεὼν
256 2308 303 2334 τῆς
328 2304 398 2335 ζωῆς
426 2305 498 2340 ἡμῶν
528 2302 659 2337 διάϐολος,
688 2305 700 2330 ὁ
729 2307 830 2342 χαίρων

122 2349 194 2384 ἡμῶν
215 2353 248 2385 τῇ
275 2347 397 2384 ἀπωλείᾳ,
424 2350 436 2374 ὁ
457 2351 610 2375 καταπεσὼν
636 2347 682 2374 διὰ
696 2353 742 2375 τοῦ
758 2350 863 2385 φθόνου,
876 2351 921 2376 καὶ

122 2393 192 2429 ἡμᾶς
220 2393 303 2428 ἐαυτῷ
328 2391 374 2419 διὰ
400 2397 446 2419 τοῦ
473 2395 533 2419 ἴσου
561 2395 661 2424 πάθους
691 2393 919 2430 συγκαταϐάλλων.

122 2439 199 2473 Σοφὸς
214 2438 267 2474 ἄρα
282 2435 311 2466 ἦν
335 2438 347 2463 ό
372 2441 408 2473 τῷ
429 2436 553 2473 βασκάνῳ
579 2436 655 2474 ἀνδρὶ
677 2436 746 2474 μηδὲ
760 2436 920 2464 συνδειπνεῖν

122 2481 264 2518 ἐπιτρέπων
279 2492 285 2498 -
318 2481 368 2508 ἀπὸ
395 2486 443 2513 τῆς
467 2481 491 2508 ἐν
517 2486 553 2517 τῷ
583 2481 677 2518 δείπνῳ
703 2485 843 2514 συνουσίας
861 2486 921 2519 περὶ

121 2527 210 2556 πάσης
225 2527 290 2563 ὁμοῦ
303 2531 349 2558 τῆς
371 2528 439 2552 κατὰ
461 2528 503 2553 τὸν
529 2526 586 2563 βίον
611 2529 744 2558 κοινωνίας
766 2525 920 2564 διαλεγόμε-

121 2580 172 2602 νος.
199 2570 300 2607 Ὠσπιρ
328 2573 378 2608 γὰρ
405 2574 452 2600 τὴν
479 2572 693 2608 εὐκατάπρηστον
716 2571 779 2600 ὕλην
806 2571 921 2608 ἐπιμελὲς

122 2617 183 2653 ἡμῖν
209 2617 250 2642 ὃτι
275 2615 434 2654 πορρωτάτω
459 2620 504 2643 τοῦ
533 2618 615 2654 πυρὸς
643 2616 824 2652 ἀποτίθεσθαι,
854 2617 921 2643 οὑτω

158 2698 181 2715 ⁸⁸
197 2698 269 2726 Gen.
285 2705 397 2731 xxxvn,
415 2698 460 2725 28.
499 2698 523 2715 δ’
539 2698 624 2726 Prov.
641 2705 722 2732 mn,
737 2700 765 2727 6.

158 2761 213 2793 (49)
229 2760 312 2788 Colb.
333 2759 448 2796 primus
464 2760 565 2796 πάντων
580 2758 694 2790 διῆλθεν.

159 2798 210 2832 (50)
229 2796 301 2825 CoLb
312 2795 429 2833 primus
441 2796 454 2821 ὀ
464 2795 620 2834 ἐπιχαίρων.
632 2797 690 2825 Nec
701 2795 742 2824 ita
752 2796 846 2825 multo
857 2798 927 2835 post

944 949 964 976 Β

1014 737 1042 765 4.
1059 737 1135 769 Quid
1149 745 1331 772 generosum
1352 737 1436 765 illum
1452 738 1563 774 Joseph
1577 737 1690 773 redegit
1704 738 1735 765 in
1750 744 1809 765 scr-

978 781 1157 811 vitutem“?
1171 783 1275 810 Nonne
1286 782 1400 810 invidia
1414 782 1543 810 fratrum
1556 782 1570 810 ?
1595 782 1650 810 Ubi
1663 784 1691 810 et
1704 782 1809 810 mirari

978 835 1078 863 operm
1094 827 1223 863 pretium
1248 829 1291 855 est
1312 827 1410 855 morbi
1435 827 1601 855 stultitiam.
1627 828 1702 855 Nam
1723 827 1809 855 veriti

978 871 1166 900 somniorum
1173 873 1219 901 exi
1224 872 1424 907 tum,fratrem
1432 874 1462 900 in
1469 872 1645 900 servitutem
1653 872 1805 908 addixere,

978 916 1066 952 quasi
1078 924 1184 945 servus
1201 917 1240 945 ab
1261 917 1303 945 eis
1315 925 1474 953 nunquam
1491 917 1596 945 fuisset
1620 916 1807 945 adorandus.

979 962 1036 990 Sed
1051 962 1076 990 si
1091 970 1162 990 vera
1176 964 1246 991 sunt
1261 963 1390 996 somnia,
1408 971 1469 999 qua
1485 965 1547 991 arte
1567 962 1631 990 ﬁeri
1646 962 1750 998 possit,
1775 963 1809 990 ut

977 1015 1039 1035 non
1053 1008 1177 1036 omnino
1191 1008 1331 1036 eveniant
1343 1007 1547 1044 praenuntiat?
1562 1007 1611 1036 Sin
1622 1009 1722 1035 autem
1733 1006 1809 1036 falsa

977 1052 1167 1080 somniorum
1174 1052 1451 1088 visa,curinvidetis
1462 1052 1635 1081 aberranti?
1645 1054 1729 1080 Nunc
1736 1059 1807 1080 vero

978 1097 1072 1125 solers
1082 1097 1202 1126 illorum
1213 1097 1376 1125 consilium
1388 1097 1438 1125 Dei
1449 1097 1639 1133 providentia
1649 1097 1679 1124 in
1690 1099 1808 1125 contra-

977 1141 1056 1170 rium
1071 1141 1143 1177 ipsis
1158 1136 1289 1170 vertitur.
1307 1142 1420 1175 Quibus
1436 1142 1516 1170 enim
1531 1141 1679 1178 putabant
1691 1148 1723 1168 se
1736 1141 1808 1170 vati-

978 1186 1089 1214 cinium
1099 1186 1308 1223 impedituros,
1325 1187 1433 1215 iisdem
1444 1187 1525 1215 viam
1537 1186 1654 1214 eventui
1667 1186 1808 1214 stravisse

977 1231 1122 1267 comperti
1137 1233 1216 1259 sunt.
1228 1231 1344 1259 Etenim
1354 1231 1379 1259 si
1391 1231 1530 1259 venditus
1543 1239 1604 1259 non
1617 1231 1732 1265 fuisset,
1743 1239 1806 1259 non

976 1276 1109 1304 venisset
1121 1276 1151 1304 in
1163 1277 1401 1313 (Egyptummon
1413 1276 1451 1304 ob
1462 1275 1808 1312 pudicitiamininsidias

975 1320 1138 1357 impudica:
1154 1321 1287 1349 mulieris
1295 1321 1457 1354 incidisset,
1465 1328 1526 1348 non
1533 1321 1688 1356 conjectus
1701 1321 1808 1349 fuisset

976 1365 1007 1393 in
1019 1372 1246 1399 carcerem,non
1257 1365 1413 1393 familiaris
1427 1365 1571 1393 evasisset
1580 1365 1723 1393 ministris
1735 1365 1808 1393 Pha-

976 1409 1089 1441 raonis,
1105 1417 1204 1445 neque
1220 1409 1409 1437 somniorum
1425 1409 1531 1437 fuisset
1548 1409 1710 1446 conjector,
1726 1409 1807 1438 unde

975 1453 1179 1490 principatum
1190 1453 1309 1490 Aﬁgypti
1324 1453 1461 1487 obtinuit,
1473 1455 1501 1481 et
1513 1453 1601 1481 asuis
1612 1453 1754 1481 fratribus
1768 1453 1807 1481 ob

976 1498 1118 1526 frumenti
1137 1497 1273 1534 inopiam
1293 1497 1332 1526 ad
1349 1506 1379 1525 se
1395 1498 1645 1527 convenientibus
1661 1498 1807 1526 adoratus

977 1545 1030 1571 est.
1045 1543 1147 1571 Transi
1163 1544 1266 1571 animo
1283 1543 1322 1571 ad
1339 1543 1486 1571 invidiam
1509 1543 1591 1571 illam
1629 1543 1806 1577 maximam,

977 1588 1178 1624 maximisque
1193 1588 1223 1616 in
1232 1588 1323 1616 rebus
1336 1588 1435 1622 sitam,
1447 1596 1514 1624 quae
1525 1596 1562 1616 ex
1576 1588 1749 1616 Iudaeorum
1759 1588 1806 1616 in-

978 1633 1065 1661 sania
1076 1636 1182 1661 contra
1193 1634 1381 1661 Servatorem
1393 1634 1586 1662 emersit.Cur
1595 1633 1807 1661 invidebatur?

978 1678 1021 1706 Ob
1037 1677 1194 1706 miracula.
1211 1678 1281 1710 Quae
1296 1686 1367 1705 vero
1384 1680 1469 1705 erant
1484 1686 1520 1706 ea
1535 1678 1680 1706 miracula
1691 1679 1705 1708 7
1722 1677 1807 1706 Salus

977 1722 1148 1758 egentium:
1165 1722 1373 1750 nutriebantur
1388 1723 1564 1757 esurientes,
1578 1722 1637 1759 94
1653 1722 1807 1758 etquinu—

977 1767 1096 1801 triebat,
1113 1766 1369 1803 oppugnabatur:
1393 1767 1617 1794 suscitabantur
1639 1767 1760 1802 mortui,
1779 1769 1807 1795 et

976 1811 1143 1840 invidiosus
1160 1813 1224 1839 erat
1238 1811 1289 1848 qui
1305 1819 1357 1839 eos
1366 1813 1522 1839 revocaret
1538 1811 1577 1839 ad
1591 1811 1702 1839 vitam:
1722 1811 1808 1846 fuga-

977 1855 1088 1883 bantnr
1099 1855 1264 1890 daemones,
1280 1858 1308 1884 et
1321 1856 1373 1892 qui
1386 1856 1427 1883 eis
1438 1855 1616 1892 imperabat,
1630 1855 1745 1884 insidiis
1756 1863 1806 1892 pe-

975 1900 1109 1935 tebatur;
1120 1901 1230 1937 leprosi
1237 1901 1329 1929 mund
1335 1900 1720 1935 abantur,obambulabant
1727 1901 1806 1929 clau-

976 1944 1017 1980 di,
1040 1945 1123 1974 surdi
1143 1945 1318 1979 audiebant,
1335 1945 1481 1973 videbant
1496 1945 1577 1979 caeci,
1593 1949 1622 1973 et
1644 1945 1806 1981 fugabatur

976 1990 1029 2026 qui
1043 1991 1107 2018 haec
1121 1991 1270 2019 beneficia
1285 1990 1468 2019 conferebat.
1489 1993 1529 2018 Ac
1544 1993 1699 2027 postremo
1716 1990 1806 2019 morti

975 2035 1041 2063 vitae
1051 2035 1224 2070 largitorem
1240 2035 1439 2068 tradiderunt,
1457 2035 1558 2071 flagris
1571 2028 1730 2063 credebant
1747 2035 1804 2064 ho-

975 2080 1552 2116 minumliberatorem,condemnabant
1559 2081 1805 2116 mundijudicem

976 2125 1023 2153 Sic
1036 2125 1155 2153 invidia
1170 2125 1252 2153 mala
1270 2125 1416 2160 pertigere
1429 2125 1469 2152 ad
1483 2125 1596 2152 omnia.
1624 2127 1720 2161 Atque
1736 2125 1805 2152 unis

974 2169 1022 2198 his
1030 2169 1134 2203 armis,
1151 2178 1169 2197 a
1181 2170 1269 2205 jactis
1282 2169 1388 2197 mundi
1399 2169 1605 2197 fundamentis
1615 2177 1805 2202 exorsus,us-

975 2222 1034 2250 que
1049 2214 1089 2242 ad
1104 2214 1205 2242 saeculi
1219 2213 1515 2241 consummationem
1527 2221 1633 2241 omnes
1648 2213 1765 2241 sauciat
1776 2216 1805 2242 et

975 2259 1076 2295 dejicit
1094 2259 1228 2295 perditor
1246 2258 1314 2286 vitae
1329 2261 1438 2286 nostrte
1451 2257 1601 2291 diabolus,
1618 2257 1669 2294 qui
1683 2257 1805 2286 interitu

974 2307 1077 2332 nostro
1090 2303 1211 2338 gaudet,
1226 2303 1278 2339 qui
1290 2311 1342 2339 per
1357 2303 1502 2331 invidiam
1516 2302 1630 2338 lapsus,
1643 2310 1699 2330 nos
1713 2303 1803 2331 etiam

975 2348 1065 2376 simul
1079 2356 1132 2385 per
1146 2348 1225 2376 idem
1245 2348 1350 2376 vitium
1365 2349 1481 2375 sternit.
1492 2347 1621 2383 Sapiens
1637 2355 1708 2382 ergo
1730 2350 1803 2382 erat,

975 2393 1028 2430 qui
1043 2402 1112 2421 cum
1125 2393 1228 2421 invido
1244 2393 1308 2420 viro
1322 2401 1360 2420 ne
1372 2401 1491 2420 ccenare
1505 2392 1628 2429 quidem
1640 2393 1758 2420 sinebat
1768 2393 1803 2426 5°,

975 2438 1015 2466 ita
1028 2445 1082 2474 per
1095 2446 1186 2465 coenas
1202 2438 1388 2465 consortium
1405 2438 1442 2465 de
1456 2437 1540 2465 omni
1559 2437 1650 2465 simul
1666 2437 1731 2466 vitm
1752 2445 1803 2465 so—

975 2483 1080 2511 cietate
1092 2483 1559 2515 submonensQuemadmodum
1570 2483 1650 2510 enim
1661 2491 1741 2510 curse
1751 2490 1804 2510 ηο-

974 2528 1023 2556 bis
1035 2530 1078 2556 est
1090 2527 1247 2555 materiam
1259 2535 1328 2564 quze
1344 2527 1430 2556 facile
1445 2528 1547 2562 ignem
1558 2527 1697 2563 concipit,
1709 2535 1803 2563 quam

973 2572 1148 2608 longissime
1158 2573 1198 2600 ab
1210 2573 1280 2607 igne
1296 2572 1495 2600 submovere:
1509 2573 1551 2600 sic
1562 2580 1661 2608 operae
1674 2572 1803 2608 pretium

975 2620 1028 2652 est,
1043 2617 1147 2654 quoad
1162 2618 1226 2654 ejus
1241 2617 1305 2646 ﬁeri
1315 2617 1574 2654 potest,amicitias
1585 2625 1622 2645 ex
1631 2617 1803 2646 invidorum

981 2761 1075 2788 codex
1087 2759 1220 2789 Combef.
1239 2759 1457 2796 συγκαταϐάλλοι.
1473 2759 1527 2788 Alii
1540 2761 1601 2787 tres
1614 2767 1688 2788 mss.
1707 2767 1805 2795 συγκα-

980 2796 1122 2824 ταϐάλλων.
1140 2796 1215 2824 Edili
1230 2795 1442 2834 συγκαταϐαλων.
