2059 3136
248 139 300 167 379

927 135 956 163 S.
977 133 1102 162 BASILII
1121 134 1241 164 MAGNI.

1879 139 1935 167 380

248 200 467 230 consuetudine
481 199 697 235 subducere,ut
708 200 791 227 extra
803 197 922 227 invidite
938 197 997 225 tela
1008 203 1079 224 con-

1137 199 1200 233 χρὴ,
1224 197 1283 224 καθ’
1300 198 1359 224 ὅσον
1379 198 1431 224 οἷον
1446 207 1482 233 τε,
1510 201 1558 230 τῆς
1586 202 1634 224 τῶν
1664 198 1802 235 βασκάνων
1829 200 1936 237 ὁμιλίας

250 246 525 280 stituamur.Neque
536 243 616 271 enim
628 243 691 271 ﬁeri
703 245 812 280 potest,
824 244 856 270 ut
872 241 956 270 aliter
965 240 1080 269 invidia

250 289 427 322 irretiamur,
439 288 496 316 nisi
507 296 560 324 per
571 288 805 316 familiaritatem
817 285 1080 314 consuetudinem-

249 342 308 371 que
319 333 358 362 ad
369 341 436 361 eam
447 333 674 361 accesserimus.
685 332 898 367 Etenim,juxta
911 330 1080 359 Salomonis

251 377 439 408 sententiam,
450 377 518 405 Viro
527 378 681 406 (emutatio
691 385 708 405 a
716 377 815 405 sodali
824 376 917 411 ipsius
923 376 957 402 δυ.
967 376 998 402 Et
1009 382 1079 402 vero

252 423 294 450 sic
314 430 345 450 se
360 430 407 450 res
422 421 524 450 habet.
540 421 677 458 A-Igyptio
689 422 799 458 Scytha
812 428 874 448 non
889 419 1012 450 invidet,
1026 418 1080 446 sed

251 466 462 503 unusquisque
479 465 603 494 babenti
618 466 773 494 nationem
789 465 948 498 eamdem;
964 466 993 492 et
1004 464 1080 491 inter

251 511 382 540 nationis
398 511 535 547 ejusdem
555 511 680 547 incolas,
696 511 807 546 ignotis
833 518 895 538 non
918 509 1078 542 invidetur,

252 557 305 585 sed
321 556 563 585 familiarissimis
575 565 582 584 :
608 558 636 584 et
646 556 724 584 inter
737 555 910 590 familiares,
921 554 1037 587 vicinis,
1051 556 1080 582 et

251 601 391 630 eamdem
420 603 514 629 artem
535 601 752 635 exercentibus,
765 603 815 628 aut
832 600 890 628 alia
905 598 1012 636 quavis
1028 606 1080 626 ne-

252 645 434 675 cessitudine
445 646 623 681 conjunctis,
635 646 696 673 imo
707 646 782 673 inter
795 645 850 673 hos
862 652 993 677 rursum,
1006 651 1080 671 COlB-

252 690 359 725 taneis,
375 690 678 726 consanguineisque,
694 689 886 718 etfratribus.
913 689 986 716 Etin
996 696 1080 716 sum-

253 743 313 769 ma,
327 737 360 762 ut
370 735 480 770 rubigo
490 735 554 762 lues
566 737 610 763 est
627 735 769 763 frumenti
784 734 924 771 propria;
947 733 990 761 sic
1004 733 1080 760 invi—

252 779 304 808 dia
317 780 454 808 amicitiae
466 780 601 807 morbus.
614 779 689 807 illud
703 782 803 808 tamen
819 779 849 807 in
858 779 915 807 hoc
927 778 1007 806 malo
1017 778 1080 806 lau-

253 824 325 852 dare
335 824 402 861 quis
412 824 529 860 poterit,
540 824 622 860 quod
631 828 745 860 quanto
755 823 965 852 vehementius
977 823 1080 858 cietur,

254 870 336 897 tanto
345 869 462 897 homini
476 869 528 905 qui
543 878 578 897 eo
588 869 717 904 laborat,
729 869 851 904 gravius
863 871 915 896 est.
928 867 1080 901 Quemad-

253 913 380 942 modum
392 913 471 941 enim
480 913 582 949 jacula
594 913 706 949 ingenti
717 914 745 941 vi
757 914 876 946 emissa,
891 913 942 941 ubi
953 913 983 941 in
994 912 1080 948 quid-

254 958 337 994 piam
351 957 462 986 durum
474 965 509 985 ac
525 958 656 986 renitens
670 958 838 992 inciderint,
850 960 1038 986 revertuntur
1050 956 1081 984 in

253 1002 453 1038 jaculatorem
472 1012 478 1037 ;
498 1002 540 1030 ita
555 1011 678 1040 quoque
693 1003 810 1031 invidiae
826 1005 926 1030 motus
941 1002 1015 1030 nihil
1029 1002 1080 1030 ltB-

255 1047 360 1075 dentes
375 1055 444 1075 eum
458 1048 505 1075 cui
524 1048 684 1082 invidetur,
701 1047 798 1084 plaga:
814 1047 890 1075 ﬁunt
903 1047 1076 1075 invidentis.

256 1091 326 1125 Quis
336 1092 514 1128 enim,quod
526 1101 558 1121 se
570 1093 736 1127 angoribus
747 1092 848 1126 dedat,
859 1092 941 1119 bona
952 1090 1082 1128 proximi

255 1144 389 1172 unquam
401 1137 576 1166 imminuit?
597 1137 654 1165 Sed
669 1144 797 1164 maerore
811 1136 1037 1169 contabescens,
1050 1144 1082 1163 se

253 1180 318 1217 ipse
333 1181 471 1209 coniecit.
486 1182 553 1209 .lam
570 1189 642 1209 vero
656 1181 708 1217 qui
723 1181 846 1209 invidiae
873 1180 981 1208 morbo
1001 1179 1082 1208 labo-

254 1227 331 1258 rant,
352 1225 424 1261 ipsis
451 1225 542 1254 etiam
568 1226 724 1254 venenatis
746 1225 849 1253 bestiis
875 1225 1083 1253 existimantur

255 1269 442 1297 exitiosiores
464 1278 547 1298 esse:
579 1270 729 1306 siquidem
749 1269 806 1298 illze
831 1270 954 1298 vulnere
969 1270 1082 1297 inﬂicto

254 1313 419 1342 immittunt
427 1315 551 1349 virus,et
559 1323 733 1343 commorsa
744 1322 814 1350 pars
825 1314 970 1350 paulatim
982 1317 1082 1350 putre-

255 1358 324 1386 dine
334 1358 477 1386 exeditur.
489 1359 609 1387 tnvidos
621 1367 689 1387 vero
707 1361 812 1395 putant
821 1359 946 1395 quidam
956 1359 1002 1386 vel
1013 1358 1082 1386 solis

256 1402 351 1430 oculis
362 1402 463 1430 labem
474 1403 594 1438 inferre,
611 1403 686 1431 adeo
702 1405 734 1431 ut
746 1411 874 1438 corpora
896 1403 978 1430 bona
994 1402 1082 1430 babi-

256 1446 361 1475 tudine
373 1448 509 1484 przedita,
531 1450 559 1476 et
573 1457 609 1476 ex
625 1448 721 1476 (etatis
739 1447 839 1483 vigore
852 1447 983 1475 maxime
999 1447 1081 1475 emo-

257 1492 416 1527 rescentia,
432 1501 486 1528 per
504 1501 610 1521 eorum
625 1493 773 1521 invidiam
789 1492 957 1526 tabescant,
981 1493 1083 1520 conci.-

256 1536 368 1573 datque
381 1537 539 1565 confestim
551 1537 648 1566 moles
663 1537 773 1570 omnis,
799 1537 924 1564 exitioso
947 1536 1082 1573 quodam
1102 1535 1123 1562 ο

256 1581 343 1617 quasi
354 1581 467 1610 ﬂuento
483 1590 518 1609 ex
529 1581 703 1609 invidorum
715 1581 809 1610 oculis
824 1581 987 1615 diﬂluente,
1001 1583 1028 1609 et
1042 1584 1083 1610 ta-

255 1625 420 1653 befaciente
431 1629 520 1662 atque
529 1628 752 1662 corrumpente.
764 1627 825 1661 Ego
839 1628 940 1654 tamen
954 1627 1031 1654 hanc
1042 1625 1084 1654 fa-

256 1669 361 1697 bulam
374 1669 476 1705 rejicio
490 1673 523 1698 ut
536 1670 725 1707 popularem,
742 1673 834 1707 utque
845 1670 884 1698 ab
899 1670 1025 1698 aniculis
1040 1671 1084 1698 in-

257 1714 429 1743 troductam
441 1715 472 1743 in
492 1715 653 1743 mulierum
674 1718 804 1744 emtum:
831 1715 886 1743 sed
907 1715 981 1744 illud
1004 1715 1084 1751 dico,

257 1759 411 1788 daemones
421 1760 493 1788 boni
507 1761 566 1797 95
578 1761 710 1796 cujusvis
721 1768 835 1795 osores,
850 1761 903 1788 ubi
915 1761 1084 1789 voluntates

258 1804 311 1833 sibi
325 1804 488 1833 familiares
501 1814 536 1834 ac
550 1805 769 1834 necessitudine
781 1806 958 1841 conjunctas
970 1813 1086 1841 repere-

257 1849 325 1883 rint,
337 1850 436 1877 modis
447 1851 589 1878 omnibus
600 1851 641 1878 uti
652 1850 694 1878 eis
706 1850 745 1878 ad
757 1858 846 1878 suum
857 1850 1024 1882 arbitrium,
1043 1849 1086 1877 sic

257 1895 291 1921 ut
304 1893 386 1930 ipsos
399 1895 489 1923 etiam
510 1895 685 1923 invidorum
709 1894 814 1923 oculos
837 1895 1001 1922 adhibeant
1023 1902 1086 1922 sua:

257 1938 420 1967 voluntatis
434 1939 596 1968 ministros.
623 1940 705 1967 Itane
726 1947 798 1968 vero
822 1947 883 1967 non
905 1939 1010 1967 horres
1035 1939 1086 1967 tei-

257 1991 347 2019 psum
364 1985 478 2012 exitiosi
494 1984 641 2012 daemonis
657 1985 870 2012 administrum
897 1985 1085 2018 constituere,

258 2028 312 2056 sed
326 2028 432 2057 vitium
459 2029 604 2062 admittis,
627 2037 688 2066 quo
715 2037 819 2057 eorum
843 2029 895 2065 qui
923 2031 949 2057 te
975 2029 1088 2064 injuria

258 2073 341 2102 nulla
352 2074 488 2108 effecere,
500 2074 618 2102 futurus
630 2074 671 2102 sis
682 2074 832 2109 inimicus,
844 2074 906 2102 imo
919 2074 1012 2102 hostis
1025 2074 1086 2114 Dei,

258 2118 311 2155 qui
320 2118 420 2147 bonus
436 2121 492 2154 est,
503 2120 531 2147 et
544 2119 644 2148 omnis
660 2119 779 2147 invidiae
791 2127 898 2156 expers
911 2120 925 2148 ?

295 2209 321 2235 5.
338 2207 500 2243 Fugiamus
515 2208 619 2237 vitium
639 2208 840 2237 intolerabile.
865 2208 1016 2244 Serpentis
1043 2209 1087 2236 est
1104 2211 1126 2239 D

260 2252 488 2285 documentum,
504 2254 679 2282 daemonum
694 2254 859 2286 inventum,
871 2254 947 2281 satio
962 2253 1086 2289 inimici,

261 2297 392 2325 arrhabo
404 2298 553 2334 supplicii,
569 2298 687 2335 pietatis
702 2298 964 2334 impedimentum,
980 2298 1028 2326 via
1047 2297 1085 2326 ad

261 2341 442 2376 gehennam,
455 2342 582 2378 privatio
594 2343 690 2377 regni.
706 2344 851 2370 Caeterum
862 2342 954 2369 invidi
964 2343 1011 2370 vel
1021 2343 1088 2378 ipsa

261 2386 338 2414 facie
350 2387 509 2416 manifesto
525 2389 742 2422 agnoscuntur.
771 2387 820 2414 His
833 2387 912 2415 oculi
927 2390 997 2415 sunt
1011 2387 1087 2416 aridi

261 2433 290 2460 et
300 2430 431 2466 obscuri,
443 2439 522 2468 gena
531 2432 674 2467 demissa,
682 2431 877 2468 supercilium
888 2434 1086 2467 contractum,

297 2503 321 2521 ⁸ο
336 2503 431 2532 Eccle.
448 2511 488 2539 iv,
503 2505 531 2532 4.

297 2576 354 2610 (5t)
366 2577 451 2609 Quod
463 2577 504 2605 ait
515 2576 778 2610 Basilius,vicinos,
791 2577 907 2611 vicinis,
917 2577 1086 2612 familiares

260 2612 468 2651 familiaribus
478 2614 620 2651 inuidere,
628 2613 763 2651 ejusnon
774 2613 931 2651 dissimilia
942 2615 1023 2649 apud
1035 2616 1086 2642 He-

263 2647 381 2677 siodum
392 2649 423 2676 in
439 2649 557 2684 Operib.
572 2648 697 2676 inveniri
713 2648 827 2676 notavit
843 2647 978 2676 Ducmus'.

299 2684 356 2719 (52)
373 2687 442 2718 Reg.
454 2685 570 2719 primus
584 2686 629 2710 καὶ
645 2688 696 2715 τοῖς
708 2684 792 2714 ἀλλοις
802 2684 913 2714 οἰκείοις.

298 2720 357 2757 (ὅᾷ)
378 2720 458 2748 ldem
474 2720 570 2748 codex
582 2719 622 2746 ἐπὶ
636 2722 678 2746 τόν
688 2723 847 2757 προϊέμενον.
864 2720 918 2748 Alii
929 2720 989 2748 duo
1004 2729 1082 2749 mss.

263 2757 291 2783 et
305 2754 376 2794 editi
388 2759 535 2794 προέμενον.

298 2792 355 2827 (54)
368 2791 489 2830 Antiqui
499 2792 561 2820 duo
579 2791 646 2820 libri
661 2791 761 2830 βλάϐῆν
775 2791 917 2828 ἐμϐάλλειν.

1134 243 1180 272 τὰς
1194 242 1278 278 φιλίας
1298 241 1416 278 ἀπάγειν,
1434 242 1480 273 ἔξω
1504 246 1554 269 τῶν
1578 247 1624 269 τοῦ
1650 245 1742 280 φθόνου
1768 244 1849 281 βελῶν
1877 245 1936 271 ἐαυ-

1134 288 1353 318 τούςποιοῡντας,
1366 285 1436 313 Οὐδὲ
1457 288 1507 324 γαρ
1533 287 1614 319 άλλως
1637 286 1747 315 δυνατὸν
1773 289 1933 326 συμπλακῆ-

1133 342 1175 358 ναι
1201 337 1236 368 τῷ
1260 333 1352 368 φθόνῳ,
1380 334 1415 368 μὴ
1445 330 1480 358 δι’
1508 332 1665 365 οἰκειότητος
1694 334 1764 370 αύτῷ
1793 337 1934 371 προσεῃί-

1135 387 1226 405 σαντα.
1254 377 1371 414 Ἐπεὶπερ
1396 379 1462 403 κατά
1492 379 1535 403 τὸν
1573 378 1734 414 Σολομῶντος
1767 379 1853 415 λόγον,
1890 383 1933 416 Τῷ

1135 420 1212 459 ἀνδρὶ
1239 423 1252 448 ὀ
1283 422 1361 454 ζῆλος
1386 423 1457 460 παρὰ
1489 427 1534 448 τοῦ
1564 422 1666 460 ἑταίρου
1688 424 1778 451 αὑτοῦ.
1808 426 1857 451 Καὶ
1882 425 1931 461 γὰρ

1134 467 1215 498 οὕτως
1230 468 1296 502 ἔχει.
1382 467 1453 502 Οὐχὶ
1464 471 1499 502 τῷ
1515 467 1651 504 Αἰγυπτίῳ
1665 467 1804 504 βασκαίνει
1827 469 1840 494 ὁ
1864 470 1933 495 Σκύ-

1135 513 1192 545 οης,
1214 511 1276 538 ἀλλά
1296 516 1331 547 τῷ
1355 512 1472 548 ὁμοεθνεῖ
1494 512 1602 543 ἕκαστος
1620 523 1626 528 -
1652 515 1696 539 καὶ
1722 513 1746 539 ἐν
1767 517 1803 549 τῷ
1818 514 1935 550 ὁμοεθνεῖ

1134 558 1221 593 μέντοι
1242 556 1271 582 ού
1292 559 1348 587 τοῖς
1372 555 1553 592 ἀγνοουμένοις
1577 558 1671 593 φθονεῖ,
1702 557 1765 584 ἀλλά
1791 562 1842 588 τοῖς
1868 568 1933 584 συν-

1134 602 1289 632 ηθεστάτοις
1303 611 1309 617 -
1334 603 1379 627 καὶ
1400 605 1450 627 τῶν
1472 602 1589 630 συνήθων
1603 606 1658 633 τοῖς
1671 605 1770 638 γείτοσι
1785 605 1830 628 καὶ
1845 603 1934 639 ὁμοτέ-

1134 655 1220 682 χνοις,
1236 647 1280 671 καὶ
1293 649 1347 676 τοῖς
1362 645 1444 676 ἄλλως
1459 646 1567 676 οἰκείοις
1582 647 1636 682 (52)
1651 657 1658 663 ⁸
1683 645 1730 672 κὰν
1754 648 1856 677 τούτοις
1879 647 1934 673 πά-

1134 689 1183 724 λιν,
1208 690 1359 722 ἡλικιώταις
1392 693 1437 716 καὶ
1472 692 1608 726 συγγενέσι
1639 693 1684 717 καὶ
1720 689 1848 727 ἀδελφοῖς.
1884 693 1934 718 Καὶ

1135 734 1198 766 ὅλως
1225 736 1311 771 ὥσπερ
1336 735 1350 764 ἡ
1373 734 1482 772 ἐρυσίϐη
1504 733 1572 761 ἴδιὸν
1588 734 1642 762 ἐστι
1656 739 1701 762 τοῦ
1716 737 1789 762 σίτου
1817 738 1932 772 νόσημα,

1135 780 1217 810 οὕτως
1249 780 1262 805 ὁ
1292 780 1384 815 φθόνος
1408 779 1492 816 φιλίας
1519 779 1588 806 ἐστὶν
1605 779 1776 817 ἀρρώστημα.
1798 780 1893 807 Ἐκεῖνο
1904 790 1935 816 γε

1136 827 1186 860 μὴν
1212 823 1260 850 κᾶν
1289 823 1429 850 ἐπαινέσειέ
1456 834 1497 854 τις
1520 828 1565 850 τοῦ
1589 828 1680 858 κακοῦ,
1704 826 1744 851 ὃτι
1772 826 1872 861 ὅσῳπερ
1902 825 1934 850 ἆν

1137 867 1312 906 σφοδρότερος
1339 869 1444 905 κινηθῇ,
1474 871 1590 905 τοσούτῳ
1613 869 1793 907 χαλεπώτερος
1816 869 1874 896 ἐστι
1896 873 1933 905 τῷ

1135 916 1293 950 κεκτημένῳ.
1309 913 1409 950 "nemp
1429 915 1480 950 γὰρ
1502 918 1552 940 τῶν
1582 913 1662 950 βελῶν
1683 916 1716 940 τὰ
1738 913 1833 951 βιαίως
1856 916 1934 951 φερό-

1135 969 1209 996 μενα,
1225 957 1329 985 ἐπειδὰν
1344 963 1459 995 καρτερῶ
1484 969 1535 985 τινι
1560 962 1604 986 καὶ
1628 959 1758 996 ἀντιτύπῳ
1781 961 1932 997 προσπέσῃ,

1136 1003 1179 1030 ἐπὶ
1203 1005 1246 1030 τὸν
1272 1005 1409 1040 προέμενον
1433 1005 1485 1039 (33)
1526 1002 1696 1040 ἐπανέρχεται
1713 1014 1719 1021 ·
1744 1004 1812 1030 ὀῦτω
1833 1006 1878 1030 καὶ
1900 1005 1935 1030 τὰ

1135 1052 1181 1075 τοῦ
1197 1049 1290 1084 φθόνου
1305 1050 1447 1085 κινήματα,
1464 1046 1538 1075 οὐδὲν
1566 1048 1698 1075 λυποῦντα
1717 1051 1761 1075 τὸν
1787 1048 1934 1085 βασκαινό-

1136 1103 1219 1130 μενον,
1250 1093 1329 1119 αὑτοῦ
1353 1093 1452 1129 πληγαὶ
1475 1095 1591 1129 γίνονται
1625 1097 1671 1120 τοῦ
1707 1093 1853 1130 βασκάνου.
1888 1096 1935 1125 Τίς

1135 1139 1186 1174 γὰρ
1211 1137 1369 1174 λυπούμενος
1404 1137 1538 1167 ἠλάττωσε
1570 1147 1632 1164 ποτε
1672 1139 1705 1165 τὰ
1742 1142 1786 1164 τοῦ
1823 1137 1935 1167 πλησίον

1136 1182 1222 1216 καλά;
1242 1183 1347 1209 Ἑαυτὸν
1367 1185 1454 1219 μέντοι
1476 1182 1663 1220 προσανάλωσε
1687 1187 1745 1214 ταῖς
1767 1183 1860 1214 λύπαις
1884 1192 1935 1209 κα-

1137 1229 1320 1264 τατηκόμενος.
1355 1225 1426 1256 Ἤδη
1456 1226 1485 1254 δὲ
1511 1230 1556 1254 καὶ
1575 1231 1624 1254 τῶν
1646 1227 1750 1254 ἰοϐόλων
1773 1228 1856 1254 αὐτῶν
1878 1227 1936 1254 ὁλε-

1139 1273 1273 1309 θριώτεροι
1297 1270 1361 1298 slum
1390 1273 1414 1298 οἱ
1440 1276 1575 1303 νοσοῦντες
1602 1274 1646 1301 τήν
1676 1272 1824 1309 βασκανίαν
1847 1273 1937 1299 ὑπονε-

1137 1319 1260 1346 νόηνται·
1295 1318 1363 1354 εἰπερ
1392 1318 1424 1342 τὰ
1450 1318 1494 1353 μὲν
1524 1315 1571 1343 διὰ
1594 1317 1697 1353 πληγῆς
1719 1317 1803 1346 ἐνίησι
1823 1319 1865 1343 τὸν
1887 1317 1934 1351 ἰόν,

1137 1363 1183 1387 καὶ
1215 1362 1283 1387 κατὰ
1308 1363 1401 1398 μικρὸν
1431 1359 1562 1390 σηπεὸόσι
1586 1364 1615 1388 τὸ
1642 1360 1744 1398 δηχθὲν
1771 1361 1936 1398 ἐπινέμεται·

1137 1408 1198 1437 τοὺς
1227 1404 1418 1443 ὃῖςξφθονερούς
1446 1416 1511 1438 τινες
1544 1408 1641 1433 οἴονται
1667 1410 1711 1433 καὶ
1737 1405 1774 1433 δι’
1799 1406 1936 1443 ὀγδαλμῶν

1137 1453 1220 1488 μόνων
1244 1453 1290 1480 τὴν
1325 1450 1425 1487 βλάϐην
1452 1450 1594 1477 ἐπιϐάλλειν
1609 1452 1683 1486 (54)’
1725 1452 1792 1478 ὥστε
1833 1453 1866 1477 τὰ
1897 1451 1938 1477 εὖ·

1138 1497 1227 1522 εκτικα
1256 1497 1375 1532 σώματα,
1403 1498 1447 1521 καὶ
1471 1495 1498 1521 ἐκ
1520 1500 1568 1527 τῆς
1586 1497 1654 1522 κατὰ
1672 1498 1718 1526 τὴν
1733 1496 1836 1524 ἡλικίαν
1851 1495 1938 1532 ἀκμῆς

1139 1540 1174 1571 εὶς
1199 1542 1246 1569 τὴν
1272 1541 1353 1576 ἄκραν
1376 1540 1443 1577 ὤραν
1467 1541 1692 1577 ὑπερανθὴσαντα,
1719 1541 1846 1570 τήκεσθαι
1874 1541 1938 1578 παρ’

1138 1584 1221 1610 αὐτῶν
1247 1584 1516 1621 καταϐασκαινόμενα,
1542 1587 1587 1610 καὶ
1608 1585 1663 1611 ὅλον
1690 1584 1788 1622 ἀθρόως
1811 1594 1938 1611 συναναι-

1138 1630 1241 1666 ρεῖσθαι
1267 1631 1323 1664 (55)
1353 1631 1396 1655 τὸν
1433 1631 1521 1665 ὄγκον,
1550 1630 1602 1655 οἷον
1627 1630 1756 1667 ῥεύματός
1783 1639 1852 1660 τινος
1879 1629 1939 1656 ὀλε-

1140 1674 1213 1709 θρίου
1240 1673 1268 1699 ἐκ
1291 1677 1340 1699 τῶν
1366 1675 1492 1710 φθονερῶν
1517 1673 1655 1711 ὀγθαλμῶν
1676 1673 1853 1712 ἀπορρέοντος,
1892 1676 1940 1700 καὶ

1138 1717 1325 1755 λυμαινομένου
1352 1721 1397 1744 καὶ
1435 1716 1641 1756 διαφθείροντος.
1678 1718 1744 1754 Ἐγὼ
1782 1716 1811 1744 δὲ
1848 1727 1940 1745 τουτον

1139 1765 1184 1800 μὲν
1197 1764 1240 1789 τὸν
1254 1763 1329 1799 λόγον
1345 1762 1542 1800 ἁποπέμπομαι,
1568 1764 1599 1793 ὡς
1624 1761 1738 1799 δημώδη
1761 1765 1806 1789 χαὶ
1829 1766 1860 1799 τῇ
1888 1773 1941 1799 γυ-

1139 1806 1304 1834 ναικωνίτιὸι
1318 1808 1533 1844 παρεισαχοέντα
1552 1808 1602 1833 ὑπὸ
1625 1805 1755 1844 γραϊὸίων
1768 1818 1773 1824 ·
1807 1807 1886 1834 ἐκεῖνο
1911 1805 1942 1834 δέ

1141 1862 1217 1888 φημι,
1251 1853 1292 1878 ὃτι
1319 1853 1344 1878 οἱ
1367 1852 1507 1889 μισὸκαλοι
1534 1850 1665 1887 δαίμονες,
1705 1850 1810 1878 ἐπειδὰν
1843 1852 1942 1883 οἰκείας

1142 1896 1242 1928 ἑαυτοῖς
1271 1897 1366 1934 εὕρωσι
1391 1898 1566 1934 προαιρέσεις,
1593 1898 1722 1928 παντοίως
1751 1897 1843 1928 αὐταῖς
1874 1898 1941 1933 πρὸς

1141 1943 1171 1967 τὸ
1196 1940 1264 1968 ῖδιον
1293 1940 1489 1978 ἀποκέχρηνται
1520 1940 1664 1977 βούλημα·
1706 1942 1772 1968 ὥστε
1807 1943 1852 1967 καὶ
1886 1945 1942 1972 τοῖς

1143 1985 1283 2022 ὀφθαλμοῖς
1308 1990 1358 2012 τῶν
1384 1985 1522 2022 βασκάνων
1538 1986 1573 2016 εἰς
1588 1986 1732 2023 ὑπηρεσίαν
1747 1987 1868 2022 χρῆσθαι
1883 1985 1942 2021 (56)

1141 2034 1187 2056 τοῦ
1226 2029 1296 2056 ἰδίου
1333 2030 1486 2067 θελήματος.
1516 2029 1580 2057 Εἶτα
1606 2030 1636 2056 ού
1663 2033 1783 2066 φρίσσεις
1809 2031 1942 2067 ὑπηρέτην

1143 2076 1250 2101 σεαυτὸν
1271 2079 1354 2101 πονῶν
1370 2073 1494 2111 δαίμονος
1518 2074 1645 2112 ὀλεθρίου,
1667 2074 1721 2101 ἀλλ’
1743 2072 1864 2110 ὑποδέχῃ
1888 2084 1940 2101 κα-

1141 2121 1196 2153 κὸν,
1228 2118 1264 2146 δι’
1291 2120 1320 2146 οὗ
1349 2119 1445 2157 ἐχθρὸς
1473 2121 1518 2156 μὲν
1537 2121 1633 2156 γενήσῃ
1650 2123 1699 2145 τῶν
1714 2117 1797 2156 μηδὲν
1813 2118 1940 2145 ἀδικούν-

1141 2174 1201 2197 των,
1218 2164 1313 2201 ἐχθρός
1328 2163 1357 2190 ti":
1372 2168 1438 2190 Θεοῦ
1453 2168 1499 2190 τοῦ
1515 2163 1615 2200 ἀγαθοῦ
1629 2166 1674 2190 καὶ
1689 2163 1800 2200 ἀφθόνου
1813 2172 1820 2198 ;

1177 2211 1202 2236 5.
1224 2210 1344 2245 Φύγωμεν
1359 2210 1438 2235 κακὸν
1452 2208 1589 2246 ἀφόρητον.
1611 2208 1711 2245 Ὀφιὼς
1726 2208 1783 2235 ἔστι
1807 2207 1939 2245 δίδαγμα,

1142 2252 1272 2290 δαιμόνων
1305 2254 1416 2290 εὕρημα,
1451 2253 1549 2290 ἐχθροῦ
1581 2253 1721 2292 ἔπισπορά,
1750 2253 1868 2291 ἀρραϐὼν
1898 2263 1942 2281 κο-

1140 2298 1245 2333 λάσεξως⁵
1275 2297 1399 2335 ἐμπόδιον
1424 2297 1563 2332 εὐσεϐείας,
1591 2296 1652 2329 ὁδὸς
1680 2298 1723 2324 ἐπὶ
1742 2300 1853 2333 γέενναν,
1883 2300 1942 2324 στέ-

1141 2353 1219 2380 ρησις
1245 2342 1388 2379 βασιλείας.
1413 2342 1489 2372 Δῆλοι
1514 2341 1544 2369 δέ
1565 2353 1620 2374 πως
1645 2345 1690 2369 καὶ
1715 2342 1785 2378 αὐτῷ
1807 2347 1843 2378 τῷ
1858 2352 1943 2380 προσ-

1142 2390 1202 2423 ώπῳ
1215 2388 1269 2422 (57)
1285 2388 1463 2423 τυγχάνουσιν
1487 2388 1511 2413 οἱ
1538 2388 1696 2424 φθονοῦντες.
1725 2387 1818 2424 ’Ὀμμα
1839 2388 1942 2418 τούτοις

1142 2432 1218 2470 ξηρὸν
1231 2434 1276 2458 καὶ
1301 2431 1425 2469 ἀλαμπὲς,
1450 2433 1546 2469 παρειὰ
1569 2434 1696 2469 κατηφὴς,
1729 2431 1809 2469 ὀφρύς
1836 2441 1941 2469 συμπε-

1175 2579 1230 2615 (55)
1246 2581 1276 2607 tn
1289 2578 1411 2607 duobus
1426 2587 1499 2607 mss.
1517 2578 1662 2615 scriptum
1677 2579 1848 2607 invenimus
1863 2578 1941 2615 ἁθρό-

1141 2616 1389 2652 ως,-συνοιιρείο·θαι.
1406 2614 1565 2652 aliquanto
1578 2614 1654 2650 ’post
1667 2616 1737 2650 Reg.
1755 2615 1872 2652 primus
1885 2614 1940 2644 δη-

1140 2650 1217 2687 μώδη
1233 2649 1282 2677 κοιῖ
1288 2649 1439 2687 γυναικώδη
1445 2670 1451 2677 .

1176 2662 1217 2680 ιση
1233 2662 1277 2677 κοιι
1288 2662 1451 2679 ὐναικωογμ

1176 2689 1233 2719 (ac)
1250 2662 1332 2723 Cotti.
1347 2687 1451 2714 tertius
1467 2686 1635 2723 χρήσασθαι.

1175 2723 1234 2758 ς57)
1248 2722 1322 2749 Edtti
1335 2725 1362 2758 et
1375 2723 1443 2758 Reg.
1456 2721 1558 2749 tertius
1578 2722 1647 2758 αὐτῷ
1657 2725 1705 2758 ,τῷ
1728 2722 1942 2758 προσώπῳ.ηΑι

1141 2766 1213 2785 mss.
1229 2757 1438 2785 Combeﬂsiani
1451 2765 1511 2793 uno
1524 2757 1617 2785 verbo
1632 2757 1852 2793 αὖτοπροσὼπως.
1879 2757 1941 2785 Nec

1140 2793 1182 2822 ita
1193 2793 1288 2821 multo
1303 2796 1372 2829 post
1386 2794 1455 2828 Reg.
1468 2792 1584 2829 primus
1599 2795 1704 2831 παρειαὶ
1717 2792 1852 2828 κατηφεῖς.
