2059 3136
97 124 149 152 381

753 123 897 153 ΗΟΜῘΙᾸΑ
917 122 961 151 DE
982 123 1123 151 lNVlDlA.

1725 125 1778 152 382

97 188 227 221 πτωκυῖα,
262 186 277 215 ἦ
300 185 377 222 ψυχὴ
402 189 438 222 τῷ
465 187 542 213 πάθει
571 187 765 223 συγκεχυμένη,
792 187 821 212 τὸ
849 189 896 217 τῆς

952 185 1070 213 animus
1086 184 1257 213 turbulento
1273 185 1381 214 affectu
1400 185 1604 222 perturbatus,
1621 193 1727 214 carens
1743 186 1775 215 in

99 231 219 263 ἀληθείας
243 233 377 268 κριτήριον
399 231 441 258 ἐπὶ
465 235 516 257 τῶν
537 232 694 269 πραγμάτων
714 231 761 257 οὐχ
783 232 894 266 ἔχουσα.

99 276 136 303 Οὐ
169 275 266 312 πρᾶξις
289 275 346 301 κατ’
369 275 461 312 ἀρετὴν
490 275 606 305 ἐπαινετὴ
634 275 695 312 παρ’
724 275 836 309 ἐκείνοις,
866 275 895 300 ού

96 321 173 357 λόγου
199 319 311 357 ὃύμανις
335 323 472 357 σεμνότητι
495 323 674 357 κεκοσμημένη
704 322 748 346 καὶ
773 321 895 356 χάρισιν,

97 365 143 392 οὐκ
169 364 232 391 ἄλλο
260 375 286 391 τι
316 369 366 391 τῶν
394 365 514 396 ζηλωτῶν
539 368 584 392 καὶ
611 365 784 402 περιϐλέπτῶν
809 363 894 394 οὐδέν.

95 410 196 447 Ὥσπερ
214 408 244 436 δὲ
267 411 292 436 οἱ
312 413 392 445 γῦπες
407 412 472 447 πρὸς
490 411 523 437 τὰ
543 408 654 440 δυσώδη
677 412 805 447 φέρονται,
829 410 894 436 πολ-

96 454 155 485 λοὺς
185 456 231 491 μὲν
263 454 398 490 λειμῶνας,
427 455 536 486 πολλοὺς
564 454 594 482 δὲ
620 453 691 485 ἡδεῖς
719 457 762 481 καὶ
790 452 895 486 εὐώδεις

97 501 194 531 τόπους
221 500 431 536 ὑπεριπτιὶμσψοι·
453 502 497 526 καὶ
517 501 545 526 αἱ
568 504 645 536 μυῖαι
666 501 695 526 τὸ
715 501 759 536 μὲν
779 500 894 535 ὑγιαῖνον

96 546 308 581 παρατρέχουσι,
332 545 397 581 πρὸς
424 542 453 571 δὲ
485 546 515 571 τὸ
541 545 611 575 ἕλκος
634 544 787 580 ἐπείγονται·
814 545 896 577 οὕτως

97 590 123 616 οἱ
146 589 278 625 βάσκανοι
300 590 345 620 τὰς
366 591 411 626 μὲν
432 593 478 616 τοῦ
499 589 560 626 βίου
582 590 767 626 λαμπρότητας
795 592 839 617 καὶ
863 592 896 618 τὰ

95 636 193 671 μεγέθη
220 639 270 661 τῶν
292 636 504 671 κατορθουμένων
524 634 586 662 οὐδὲ
609 635 812 672 προσϐλέπουσι,
840 639 895 667 τοῖς

97 679 129 706 δὲ
149 681 256 717 σαθροῖς
271 679 437 707 ἐπιτίθενται·
461 681 508 706 κοῖν
531 691 557 707 τι
585 685 767 717 προσπταῖσαι
794 680 893 718 συμϐῇ,

95 723 141 753 οἶα
163 724 244 751 πολλὰ
268 726 299 754 τὴ
330 724 487 762 ἀνθρώπινα,
512 729 588 752 τοῦτο
618 724 819 761 ὃημοσιεύουσι,
849 728 894 752 καὶ

95 769 148 796 ἀπὸ
191 771 289 796 τούτων
331 771 389 800 τοὺς
429 768 528 807 ἄνδρας
568 771 702 807 γνωρίζειν

95 815 183 851 ὥσπερ
199 816 224 840 οἱ
240 814 296 850 (58)
318 816 425 852 πονηροὶ
439 819 489 841 τῶν
505 815 647 851 ζωγράφων
672 815 721 841 ὰπὸ
743 819 791 847 τῆς
810 814 895 842 ἐνδια-

96 861 211 896 στρόφου
235 860 315 896 ῥινὸς,
344 860 358 889 ἢ
389 859 439 886 ἀπό
463 869 532 890 τινος
560 860 636 891 οὐλῆς
661 860 675 890 ἦ
701 860 891 897 κολοϐώματος,
907 863 930 891 Β

94 904 124 930 ἔκ
151 905 252 940 φύσεως
276 904 290 934 ἡ
321 903 348 929 ἐκ
368 905 468 936 πάθους
495 904 697 941 ἕπισυμϐάντος,
723 906 770 936 τὰς
793 907 894 943 μορφὰς

745 770 892 807 βούλονται·

93 952 146 975 τῶν
172 950 337 986 γραφομένων
367 948 598 986 ἀποσημαίνοντες.
625 952 705 976 Δεινοὶ
728 948 757 976 δὲ
777 954 835 982 ταῖς
859 951 895 982 εἰς

94 995 124 1020 τὸ
148 997 239 1030 χεῖρον
258 998 439 1031 παρατροπαῖς
465 995 493 1020 τὸ
518 993 648 1020 ἐπαινετὸν
672 993 828 1029 ὃιαπτὺσαι,
848 998 894 1022 καὶ

94 1038 124 1065 ἐκ
141 1043 190 1069 τῆς
205 1040 319 1074 γιίτονος
337 1041 431 1069 κακίας
457 1041 503 1068 τὴν
520 1038 612 1076 ἀρετὴν
626 1037 769 1067 διαϐαλεῖν.
787 1042 894 1076 Θρασύν

93 1085 140 1120 μέν
160 1084 212 1120 γὰρ
236 1083 342 1119 λέγουσι
364 1085 407 1110 τὸν
432 1082 559 1121 ἀνδρεῖον,
577 1083 719 1120 ἀνάλγητον
738 1083 767 1111 δὲ
781 1086 824 1111 τὸν
845 1088 895 1112 σώ-

95 1138 186 1165 φρονα·
213 1131 257 1155 τόν
278 1127 380 1155 δίκαιον
400 1128 497 1159 ἀπηνῆ-
526 1133 671 1167 κακοῡργον
694 1130 737 1156 τόν
761 1132 896 1168 φρόνιμον,

97 1175 147 1201 Καὶ
171 1174 215 1199 τὸν
237 1173 418 1211 μιγαλοπρεπῆ
448 1175 494 1211 μὲν
522 1176 557 1206 ὡς
583 1173 715 1211 βάναυσον
744 1175 802 1210 (59)
837 1174 895 1202 δια-

96 1217 233 1252 ϐαλλονσι,
262 1219 304 1244 τὸν
333 1218 472 1245 ὲλευθέυιον
497 1217 527 1245 δὲ
550 1220 582 1249 ὡς
608 1219 718 1245 ἄσωτον·
746 1219 823 1246 πάλιν
851 1221 894 1246 τὸν

95 1262 260 1299 οἰκονομικὸν
285 1261 417 1299 φειδωλόν.
441 1266 492 1290 Καὶ
519 1263 592 1297 ὅλως,
619 1264 704 1290 πάντα
719 1265 751 1290 τὰ
772 1269 819 1295 τῆς
838 1264 895 1301 ἁρε-

95 1311 144 1339 τῆς
166 1306 225 1337 εἴδη
247 1307 294 1334 οὐκ
318 1307 408 1346 ἀπορεῖ
431 1308 492 1346 παρ’
521 1309 609 1340 αὐτοῖς
636 1308 762 1345 ὀνόματος
794 1309 821 1335 ἔκ
847 1314 894 1341 τῆς

96 1351 275 1389 ἀντικειμένης
297 1355 391 1384 κακίας
416 1355 622 1390 μετενεχθέντος.
651 1356 682 1380 Τί
706 1354 749 1380 οὖν
773 1353 779 1380 l
811 1353 834 1379 ἐν
859 1358 891 1390 τῇ

95 1397 243 1432 κατηγορίᾳ
275 1396 331 1431 (60)
364 1399 409 1422 τοῦ
433 1400 514 1422 κακοῦ
542 1398 587 1422 τὸν
619 1396 693 1432 λόγον
731 1398 859 1432 στήσομεν
885 1405 892 1431 ;

96 1440 175 1467 Ἀ).λὰ
198 1441 275 1466 τούτο
297 1441 384 1477 ὥσπερ
411 1441 494 1477 ἧμισὺ
509 1442 536 1466 τί
557 1441 612 1476 (61)
628 1440 684 1467 ἐστι
704 1445 750 1471 τῆς
769 1441 892 1478 ἰατρείας.

94 1487 131 1511 Τό
152 1486 197 1521 μὲν
221 1486 272 1521 γὰρ
297 1483 383 1516 δεῖξαι
405 1488 441 1520 τῷ
456 1485 580 1521 κάμνοντι
601 1489 648 1516 τῆς
671 1487 748 1512 νόσου
773 1487 802 1511 τὸ
817 1488 895 1522 μέγε-

97 1531 152 1563 θος,
181 1531 248 1556 ὥστε
277 1529 350 1561 ἀξιαν
384 1529 527 1566 ἐμποιῆσαι
561 1529 630 1565 αὐτῷ
655 1534 700 1556 τοῦ
734 1534 816 1556 κακοῦ
848 1532 930 1568 τὴνο

96 1572 234 1612 φροντίὸά,
258 1574 304 1600 οὐκ
319 1575 467 1612 ἄχρηστον
488 1576 517 1601 τὸ
544 1573 573 1601 cl":
588 1575 655 1612 ἄχρι
678 1576 770 1601 τούτου
786 1575 895 1601 καταλι-

95 1622 162 1653 πεῖν,
192 1621 228 1655 μὴ
250 1621 314 1656 πρὸς
338 1621 385 1648 τὴν
417 1620 516 1655 ὑγίειαν
547 1623 794 1657 χειραγωγήσαντα,
819 1620 895 1648 οὐδὲν

97 1662 182 1699 ἕτερον
211 1661 281 1688 ἐστιν
307 1662 321 1691 ἡ
353 1660 459 1688 ἔκδοτον
488 1661 588 1698 ἀφεῖναι
617 1667 647 1699 τῇ
688 1662 821 1700 ἀρρωστίᾳ
852 1665 894 1690 τὸν

96 1708 238 1743 κάμνοντα.
258 1708 290 1733 Τί
314 1704 380 1739 οὖν;
406 1711 458 1737 πῶς
480 1707 509 1732 ἂν
534 1709 568 1743 μὴ
594 1708 719 1744 πάθοιμεν
750 1708 777 1739 ἐξ
807 1707 895 1745 ἀρχῆς

97 1753 144 1781 τὴν
169 1752 256 1783 νόσον,
281 1751 296 1780 ἦ
326 1751 487 1787 ὑπαχθέντες
520 1751 702 1788 ἐκφύγοιμεν;
734 1753 764 1779 Εἰ
794 1758 894 1790 πρῶτον

96 1797 144 1832 μὲν
174 1793 258 1831 μηδὲν
288 1797 363 1831 μέγα,
395 1794 464 1832 μηδὲ
498 1797 620 1834 ὑπερφυὲς
651 1806 701 1822 των
730 1796 894 1834 ἀνθρωπίνων

95 1843 232 1877 κρίνοιμεν
261 1841 326 1874 (62)·
355 1843 389 1876 μὴ
420 1840 541 1878 εὐπορίαν
567 1843 613 1870 τὴν
636 1839 660 1866 ἐν
682 1840 836 1878 ἀνθρώποις·
858 1844 893 1877 μὴ

98 1883 180 1916 δόξαν
202 1886 249 1914 τὴν
276 1884 440 1911 ἀπανθοῡσαν
464 1886 529 1921 (63)·
561 1888 597 1922 μὴ
631 1888 752 1921 σώματος
785 1886 893 1917 εὐεξίαν.

98 1929 135 1955 Οὐ
159 1930 210 1967 γὰρ
238 1928 261 1955 ἒν
285 1933 339 1960 τοῖς
368 1931 575 1968 παρερχομένοις
607 1930 749 1967 ὀριζὸμεθα
777 1929 840 1957 εἶναι
866 1932 896 1957 τὸ

98 1973 205 2010 ἀγαθόν,
232 1973 284 2000 ἀλλ’
305 1973 347 2000 ἐπὶ
369 1975 477 2000 αἰωνίων
498 1973 601 2010 ἀγαθῶν
625 1977 670 2000 καὶ
692 1974 818 2004 ἀληθινῶν
837 1985 896 2011 μετ-

98 2021 190 2044 ουσίαν
212 2018 368 2055 κεκλήμεθα,
393 2022 472 2045 Ὥστε
500 2020 512 2045 ὁ
546 2019 661 2045 πλουτῶν
683 2021 753 2045 οὔπω
781 2020 896 2051 ζηλωτός

97 2063 153 2089 ἔστι
167 2062 214 2090 διὰ
228 2065 271 2090 τόν
285 2063 405 2090 πλοῦτον·
430 2063 482 2100 οὐχ
505 2065 517 2090 ὁ
538 2063 671 2095 δυνάστης
692 2063 738 2091 διὰ
754 2067 797 2091 τὸν
819 2067 895 2101 οῇικον

96 2112 142 2134 τοῦ
173 2107 328 2144 ἀξιώματος,
353 2108 405 2144 οὐχ
430 2109 443 2134 ὁ
468 2109 581 2145 ἰσχυρὸς
603 2107 650 2135 διὰ
669 2112 715 2138 τὴν
736 2110 826 2147 ῥώμην
851 2114 896 2136 τοῦ

98 2155 229 2189 σώματος,
256 2153 308 2189 οὐχ
327 2154 340 2179 ὁ
371 2154 449 2190 σοφὸς
469 2152 515 2179 διὰ
539 2155 585 2183 τὴν
614 2158 660 2180 τοῦ
686 2154 762 2190 λόγου
795 2165 897 2192 περιου-

97 2200 165 2224 σίαν.
181 2197 300 2234 Ὄργανα
323 2199 373 2234 γὰρ
399 2198 455 2224 ἐστι
479 2202 562 2225 ταῦτα
585 2203 632 2229 τῆς
657 2198 747 2236 ἀρετῆς
773 2202 828 2230 τοῖς
851 2209 896 2225 κα-
913 2215 934 2242 D

94 2241 146 2273 λῶς
166 2244 348 2280 κεχρημένοις,
374 2243 422 2269 οὐκ
437 2243 502 2269 αὐτὰ
527 2243 550 2269 ἐν
571 2243 668 2274 ἑαυτοῖς
684 2243 780 2279 ἔχοντα
798 2244 827 2270 τὸ
849 2254 897 2281 μοι-

95 2288 198 2325 κιὶριον.
219 2286 248 2313 Ὀ
277 2290 321 2324 μὲν
342 2292 385 2314 οὐν
405 2292 492 2319 κακῶς
515 2288 604 2319 αὐτοῖς
623 2291 794 2326 κεχρημένος,
819 2289 897 2315 ἐλεει-

94 2333 148 2365 νὸς,
170 2333 206 2362 ὡς
224 2332 237 2358 ὁ
263 2336 298 2367 τῷ
322 2332 397 2368 ξίφει,
424 2332 525 2359 ὃὲὶαϐε
547 2334 613 2370 πρὸς
631 2336 676 2362 τὴν
700 2337 750 2359 τῶν
770 2333 897 2370 πολεμίων

94 2377 208 2412 ἄμυναν,
238 2378 322 2413 τούτῳ
346 2377 471 2409 ἑκουσίως
497 2377 586 2404 ἑαυτὸν
610 2381 846 2416 κατατιτρώσκων·
877 2379 898 2406 εἰ

135 2466 193 2508 ςξε)
210 2467 281 2506 Reg.
296 2466 412 2508 priinns
436 2468 521 2508 ὥσπερ
537 2468 587 2505 γὰρ
597 2469 646 2508 ‘oi.
663 2467 824 2508 Aliquanto
837 2469 906 2504 post

96 2501 182 2545 Colb.
200 2501 316 2537 primus
342 2501 579 2538 ἀποσημαίνονταιξ
597 2504 667 2538 Reg.
683 2501 800 2540 primus
813 2501 904 2532 ἐπιση-

119 2546 243 2567 αινῦντες.

147 2548 160 2561 ν
177 2548 183 2554 ‘
194 2547 207 2564 τ
237 2558 243 2564 ι

95 2547 191 2614 μα(ῖὸξᾷ
202 2547 310 2614 {focam
321 2573 552 2614 βάναυσοςδιῇίθι·
564 2574 606 2614 ab
614 2574 679 2602 aliis
691 2575 905 2614 interpretibus

94 2608 183 2636 reddi
199 2611 284 2645 notat
300 2608 342 2636 vir
354 2610 576 2638 eruditissimus
590 2611 727 2645 Duceeus,
748 2608 790 2637 sic
805 2613 836 2638 ut
855 2610 904 2638 alii

95 2644 330 2685 eamqaccipiant
341 2653 395 2680 pro
408 2647 506 2685 [nepte
517 2646 743 2685 ιηρῃῃίίὶιιο,ο11ί
756 2654 810 2682 pro
820 2653 904 2674 arro-

94 2680 196 2714 ganti,
214 2680 263 2707 alii
279 2687 334 2714 pro
349 2681 483 2715 profuso,
502 2682 550 2709 alii
566 2680 624 2709 alio
641 2682 744 2709 modo.

115 2749 120 2755 _
132 2716 197 2755 τοο),
210 2715 281 2755 Ejus
296 2715 353 2755 loci
367 2716 431 2743 haec
444 2719 488 2744 est
498 2717 742 2755 sententiamsmis
755 2725 814 2745 non
827 2724 903 2752 esse,

96 2750 121 2777 si
139 2750 401 2791 invidiaenigrbus
413 2750 664 2787 reprehendatur:

137 2788 196 2821 (61)
212 2787 291 2814 Editi
309 2787 392 2823 ἣμισυ
403 2791 458 2817 τῆς.
475 2790 509 2816 At
523 2796 596 2816 mss.
613 2789 656 2817 uti
671 2788 701 2816 in
715 2790 866 2817 contextu.

949 230 1039 258 rebus
1054 229 1317 265 veritatisjudicio.
1329 231 1429 267 Neque
1444 238 1512 258 vero
1527 229 1679 258 laudabile
1690 230 1778 260 fuerit

949 274 1033 311 apud
1042 274 1107 302 illos
1120 274 1215 302 ullum
1225 275 1339 303 virtutis
1350 283 1437 311 opus,
1446 282 1543 311 neque
1554 275 1673 303 dicendi
1684 276 1775 304 facul-

949 323 994 349 tas
1002 320 1067 348 licet
1075 320 1219 355 gravitate
1228 328 1263 348 ac
1272 320 1366 355 gratia
1375 323 1490 353 ornata,
1497 328 1594 356 neque
1606 320 1774 357 quidquam

949 364 1030 393 aliud
1044 373 1080 393 ex
1090 364 1125 392 iis
1136 373 1204 401 qute
1215 365 1348 402 optanda
1364 366 1432 392 sunt
1443 367 1470 392 et
1480 365 1655 400 spectanda.
1668 366 1776 398 Quem-

950 409 1116 438 admodum
1132 411 1233 438 autem
1248 409 1381 438 vultures
1393 412 1479 446 prata
1498 409 1602 444 multa,
1620 409 1775 446 multaque

947 455 1015 483 loca
1026 463 1146 483 amoena
1156 457 1183 483 et
1192 455 1319 484 odorata
1328 455 1581 491 praetervolantes,
1589 455 1724 484 feruntur
1735 456 1776 484 ad

948 500 1149 536 gruveolentia
1162 509 1168 534 ;
1185 501 1214 528 et
1229 499 1491 536 quemadmodum
1504 508 1617 527 muscae
1630 500 1713 536 quod
1725 508 1774 529 sa-

948 554 1021 574 num
1037 547 1312 583 estprzetereuntes,
1324 545 1362 573 ad
1374 545 1475 573 ulcera
1485 547 1664 581 properant:
1677 545 1718 574 ita
1729 546 1774 574 in-

948 591 1007 619 vidi
1017 591 1084 618 vitae
1095 590 1296 627 splendorem,
1309 592 1335 618 et
1346 592 1423 618 recte
1435 590 1581 618 factorum
1593 590 1774 625 magnitudi-

948 644 1018 664 nem
1026 644 1063 663 ne
1071 635 1221 672 aspiciunt
1229 635 1362 671 quidem,
1371 634 1423 662 sed
1433 635 1462 663 in
1472 635 1607 663 marcida
1617 637 1646 663 et
1654 634 1775 671 putrida

948 681 1079 715 irruunt;
1091 682 1120 708 et
1129 680 1153 708 si
1163 680 1193 707 in
1205 679 1305 716 aliquo
1317 681 1446 708 erratum
1463 679 1499 707 sit
1509 679 1694 715 (cujusmodi
1705 681 1776 707 sunt

948 733 995 754 res
1009 725 1168 754 hominum
1187 732 1249 752 non
1265 725 1391 760 paucas),
1407 724 1540 760 idipsum
1556 724 1725 759 divulgant,
1747 725 1775 752 et

948 779 985 799 ex
999 770 1046 798 his
1058 770 1140 797 viros
1152 769 1215 796 ﬁeri
1225 771 1314 797 notos
1329 768 1434 796 volunt
1448 777 1454 802 ;
1471 776 1532 796 non
1549 776 1635 796 secus
1651 776 1686 796 ac
1703 768 1776 796 mali

948 815 1086 852 pictores,
1109 813 1161 850 qui
1185 821 1221 841 ex
1243 813 1370 841 distorto
1385 821 1471 846 naso,
1493 815 1544 841 aut
1559 813 1597 841 ab
1613 812 1716 848 aliquo
1730 814 1775 841 tu-

947 860 1028 895 bere,
1043 861 1095 887 aut
1109 858 1296 887 mutilatione
1310 860 1419 886 natura
1433 866 1486 886 seu
1501 865 1573 885 casu
1589 857 1667 885 facta
1682 857 1776 893 pictu-

947 913 1050 933 rarum
1062 912 1186 932 suarum
1197 903 1272 931 form
1278 911 1309 931 as
1319 902 1484 937 insigniunt
1494 902 1711 938 efﬁnguntque.
1719 901 1775 929 Ad-

947 950 1011 978 hch
1027 949 1112 986 periti
1127 952 1196 977 sunt
1205 956 1269 976 rem
1282 947 1463 976 laudabilem
1479 947 1510 975 in
1526 947 1613 983 pejus
1626 946 1774 975 detortam

948 994 1226 1031 despuendi,exque
1234 992 1329 1021 vicino
1335 992 1406 1020 vitio
1412 992 1551 1020 virtutem
1558 991 1772 1020 calumniandi.

948 1041 1065 1068 Fortem
1076 1039 1156 1066 enim
1170 1038 1274 1066 dicunt
1284 1037 1430 1065 audacem
1441 1039 1468 1065 et
1478 1037 1671 1065 temerarium
1684 1045 1690 1070 ;
1703 1039 1775 1064 tem-

947 1087 1113 1122 perantem,
1128 1083 1303 1119 stupidum;
1317 1083 1444 1118 justum,
1461 1082 1614 1109 crudelem
1628 1081 1775 1117 ;pruden-

948 1132 1020 1165 tem,
1036 1128 1269 1158 fraudulentum.
1284 1128 1316 1155 Et
1327 1127 1524 1163 magniﬁcum
1535 1126 1659 1163 quidem
1670 1125 1774 1154 tradu-

948 1176 1020 1203 cunt
1034 1173 1114 1202 velut
1127 1173 1244 1209 ineptOs
1261 1174 1399 1208 sumptus
1413 1171 1572 1199 facientem
1584 1180 1591 1206 ς
1608 1170 1773 1205 liberalem,

948 1220 1028 1249 velut
1038 1218 1200 1256 prodigum
1213 1227 1220 1252 ;
1236 1225 1341 1245 rursus
1360 1217 1490 1252 peritum
1505 1216 1547 1244 rei
1558 1216 1713 1245 familiaris
1725 1215 1777 1243 ad-

948 1265 1191 1297 ministratorem,
1202 1270 1342 1298 parcum;
1355 1261 1485 1297 denique
1496 1260 1652 1297 quodlibet
1661 1259 1775 1288 virtutis

948 1317 1043 1345 genus
1054 1308 1135 1344 apud
1146 1308 1228 1343 ipsos
1244 1314 1356 1334 nomen
1369 1306 1483 1334 obtinet
1493 1305 1532 1333 ab
1548 1304 1688 1342 opposito
1702 1305 1776 1332 vitio

948 1355 1130 1382 mutuatum.
1143 1352 1220 1385 Quid
1234 1351 1344 1386 igitur?
1359 1351 1389 1378 in
1405 1350 1596 1378 accusatione
1609 1350 1699 1384 hujus
1713 1348 1777 1377 vitii

949 1398 1113 1427 orationem
1126 1396 1228 1425 sistam
1240 1397 1253 1424 ‘1‘
1264 1396 1320 1423 Sed
1335 1396 1399 1424 haec
1410 1398 1454 1423 est
1464 1395 1543 1422 velut
1554 1394 1679 1422 dimidia
1689 1401 1775 1421 cura-

949 1443 1038 1472 tionis
1047 1450 1127 1479 pars.
1140 1444 1213 1470 Nam
1224 1441 1381 1469 ostendere
1395 1442 1507 1476 aegroto
1519 1439 1616 1467 morbi
1629 1439 1776 1474 magnitu-

949 1487 1061 1521 dinem,
1078 1489 1111 1514 ut
1129 1486 1255 1521 dignam
1271 1493 1376 1513 curam
1394 1485 1539 1521 suspiciat
1554 1483 1678 1518 fugandi
1694 1482 1775 1516 mali,

949 1541 1011 1561 non
1024 1531 1241 1560 fueritinutile:
1259 1530 1311 1558 sed
1324 1538 1392 1558 eum
1408 1529 1540 1557 necdum
1560 1528 1599 1556 ad
1615 1528 1776 1556 sanitatem

949 1577 1130 1614 perductum
1148 1575 1197 1603 hic
1216 1575 1434 1612 derelinquere,
1455 1574 1529 1602 nihil
1555 1573 1638 1601 aliud
1658 1575 1702 1600 est
1719 1571 1777 1599 nisi

949 1623 1145 1656 mgrotantem
1163 1619 1269 1648 morbo
1285 1619 1419 1647 deditum
1435 1619 1664 1654 etdesperatum
1679 1616 1776 1645 dimit-

950 1669 1020 1694 tere.
1032 1665 1107 1697 Quid
1116 1664 1225 1700 igitur?
1240 1663 1292 1700 qui
1305 1664 1369 1691 ﬁeri
1379 1663 1484 1699 poterit
1495 1664 1526 1690 ut
1537 1662 1678 1690 morbum
1695 1661 1777 1689 hunc

950 1710 1092 1739 autinitio
1105 1717 1166 1738 non
1178 1708 1462 1741 contrahamus,aut
1472 1715 1507 1735 eo
1519 1706 1656 1743 correpti,
1673 1713 1778 1734 cavea-

950 1764 1019 1784 mus
1032 1755 1045 1783 ?
1056 1755 1187 1783 Primum
1200 1753 1324 1790 quidem
1337 1752 1361 1780 si
1373 1752 1446 1780 nihil
1461 1760 1617 1787 magnum,
1633 1750 1707 1778 nihil
1718 1749 1777 1778 exi-

950 1800 1044 1829 mium
1052 1799 1179 1827 inrebus
1189 1797 1330 1826 humanis
1338 1797 1619 1834 putaverimus,non
1626 1796 1777 1824 humanas

950 1852 1033 1881 opes,
1045 1851 1105 1872 non
1116 1843 1244 1879 gloriam
1255 1844 1501 1877 marcescentem,
1510 1849 1571 1869 non
1580 1840 1713 1877 corporis
1725 1839 1778 1867 bo-

951 1897 1022 1918 num
1037 1888 1257 1917 habitudinem.
1275 1888 1375 1923 Neque
1389 1886 1469 1914 enim
1484 1886 1514 1914 in
1528 1885 1617 1914 ﬂuxis
1631 1884 1722 1912 rebus
1742 1892 1777 1912 ac

950 1934 1072 1962 caducis
1083 1940 1235 1961 summum
1247 1931 1363 1960 bonum
1374 1930 1599 1959 constituimus:
1609 1929 1662 1957 sed
1672 1937 1778 1957 sumus

951 1979 1009 2014 96
1021 1978 1060 2006 ad
1071 1980 1216 2005 aeternum
1229 1984 1433 2012 verarumque
1446 1975 1597 2003 honorum
1611 1973 1777 2010 participa-

951 2023 1061 2052 tionem
1073 2022 1180 2051 vocati.
1193 2023 1288 2055 Quare
1299 2021 1382 2049 dives
1394 2021 1532 2048 nondum
1545 2020 1653 2048 beatus
1664 2019 1778 2047 haben-

951 2068 1008 2096 dus
1018 2067 1107 2096 estob
1119 2066 1253 2095 divitias:
1268 2074 1328 2094 non
1344 2068 1450 2102 potens
1459 2067 1581 2101 propter
1592 2063 1778 2093 auctoritatis

951 2112 1164 2148 dignitatisque
1173 2111 1418 2148 amplitudinem:
1430 2117 1490 2137 non
1497 2109 1581 2137 fortis
1587 2110 1709 2145 propter
1717 2115 1780 2136 cor-

951 2165 1032 2194 poris
1043 2157 1136 2185 robur
1147 2156 1350 2191 :nonsapieus
1359 2155 1398 2183 ob
1408 2154 1549 2182 eximiam
1558 2153 1677 2181 dicendi
1687 2152 1781 2180 facul-

952 2202 1054 2227 tatem.
1073 2200 1139 2227 Hiec
1157 2198 1236 2226 enim
1257 2198 1371 2225 virtutis
1383 2197 1582 2224 instrumenta
1598 2194 1711 2222 suntiis
1727 2194 1780 2230 qui

951 2247 1030 2272 recte
1040 2246 1174 2277 utuntur,
1183 2251 1244 2271 non
1255 2245 1356 2270 autem
1367 2242 1435 2278 ipsa
1446 2241 1477 2269 in
1488 2241 1596 2277 seipsis
1607 2239 1779 2268 felicitatem

953 2289 1116 2317 continent.
1125 2288 1265 2324 Quisquis
1275 2287 1364 2323 igitur
1372 2286 1450 2314 male
1462 2286 1504 2314 eis
1515 2286 1616 2318 utitur,
1626 2284 1781 2312 miserabi-

952 2334 988 2362 lis
1000 2337 1053 2367 est,
1062 2341 1122 2361 non
1135 2333 1220 2361 aliter
1229 2340 1320 2368 quam
1334 2332 1386 2368 qui
1397 2333 1520 2367 accepto
1532 2330 1571 2358 ad
1581 2330 1682 2358 hostes
1691 2329 1780 2357 ulcis-

954 2379 1067 2407 cendos
1078 2376 1393 2413 gladio,semetipsum
1406 2384 1459 2404 sua
1471 2377 1577 2412 sponte
1590 2378 1617 2403 et
1627 2374 1780 2403 voluntate

996 2467 1053 2503 (62)
1078 2466 1155 2503 Editi
1180 2475 1205 2503 τι
1230 2463 1442 2503 κρίνριμενκδθά
1457 2463 1599 2503 voculam
1612 2473 1650 2498 τι,
1660 2471 1735 2503 _quse
1750 2462 1781 2490 in

958 2499 1120 2531 mssfnon
1136 2499 1254 2534 legitur}
1275 2499 1434 2528 delendam
1454 2499 1637 2527 censuimus.
1660 2499 1691 2526 In
1706 2506 1780 2526 mss.

959 2537 1274 2572 Combeﬁsianispost
1293 2535 1419 2572 verbum
1438 2537 1578 2572 νκρίνοιμςν
1591 2534 1698 2572 legitur
1709 2535 1779 2572 ποτέ.

995 2575 1051 2610 (63)
1074 2573 1159 2610 Illud,
1185 2569 1263 2610 δοξαν
1292 2574 1338 2610 τήν
1362 2569 1539 2610 ἀπανθονσαν,
1554 2569 1783 2610 itainterpreta-

959 2604 1005 2637 tus
1017 2611 1059 2637 est
1076 2608 1274 2637 Combetisins
1293 2608 1463 2642 :ﬂorenrcm
1476 2607 1622 2641 gloriam;
1634 2604 1782 2642 εθάίὰῖταν-

960 2646 1021 2676 θεῖν,
1038 2647 1071 2673 ut
1083 2645 1130 2672 vel
1145 2643 1292 2672 exlexicis
1305 2641 1431 2674 constat,
1446 2650 1508 2669 non
1524 2642 1682 2675 estﬂorerc
1697 2649 1703 2668 :
1720 2641 1781 2668 imo

981 2681 1058 2709 otius
1075 2683 1117 2708 est
1131 2680 1323 2714 deﬂorescere
1334 2681 1362 2706 et
1377 2685 1571 2714 marcescere.
1589 2678 1678 2704 Docet
1693 2676 1783 2712 igitur

982 2716 1086 2744 asilius
1100 2712 1172 2743 nihil
1184 2715 1332 2743 caducum
1343 2714 1446 2748 magni
1455 2712 1627 2740 faciendum
1638 2719 1781 2746 esse,non

958 2760 1032 2788 opes
1054 2751 1217 2784 humanas,
1240 2758 1301 2788 non
1318 2750 1444 2785 gloriam
1465 2750 1699 2776 marcescentem
1715 2755 1780 2780 nec,

959 2785 1017 2816 alia
1030 2787 1165 2823 ejusdem
1178 2785 1309 2825 generis.
