2059 3136
281 126 332 155 383

962 123 990 152 S.
1011 121 1140 151 BASILII
1159 121 1274 151 MAGNX

1907 125 1961 153 384

282 189 409 218 sauciat.
416 187 502 222 Quod
510 187 616 216 sthene
625 187 667 223 etj
673 188 744 217 uxta
751 188 867 216 rectam
875 186 1024 216 rationem
1032 193 1107 222 pree-

1162 184 1192 212 δὶ
1217 185 1302 217 καλῶς
1325 188 1369 214 καὶ
1390 187 1457 213 κατὰ
1478 187 1522 212 τὸν
1548 186 1624 223 ὀρθὸν
1639 185 1714 222 λόγον
1739 187 1772 214 τὰ
1785 188 1902 225 παρόντα
1917 197 1962 224 μισ

283 234 378 262 sentia
395 236 509 267 tractet,
530 233 627 269 sitque
639 232 833 269 dispensator
847 232 999 260 bonorum
1015 238 1034 258 a
1047 232 1106 258 Deo

283 278 471 311 collatorum,
487 285 542 306 nec
554 285 600 312 ea,
617 277 680 306 suis
690 277 786 313 ipsius
800 276 968 305 commodis
978 283 1014 304 ac
1025 275 1108 304 volu-

281 323 570 360 ptatiinserviturus,
581 324 734 357 congerat,
745 321 835 350 laude
845 323 874 349 et
883 329 986 350 amore
997 321 1107 356 dignus

282 369 327 396 est
337 368 376 395 ob
389 367 577 395 dilectionem
591 367 622 394 in
631 367 737 395 fratres
753 375 851 400 suam,
863 368 892 394 et
901 365 940 394 ob
950 365 1106 393 liberalem

282 419 317 440 ac
331 411 500 440 beneﬁcam
509 411 652 439 indolem.
660 411 774 439 Rursus
786 411 893 448 aliquis
904 412 1026 447 praestat
1036 417 1105 446 pru-

281 456 393 490 dentia,
409 459 514 492 estque
528 456 742 484 cohonestatus
755 456 896 484 facultate
905 455 1050 492 loquendi
1068 454 1106 482 de

282 502 352 535 Deo,
369 503 396 529 et
412 501 590 537 explanator
603 503 645 529 est
656 509 812 528 sacrorum
823 501 1023 537 eloquiorum,
1036 499 1106 527 huic

281 553 320 574 ne
333 546 470 574 invideas
481 555 487 579 ;
498 553 598 582 neque
611 545 683 573 velis
700 547 732 574 ut
747 548 846 574 taceat
859 553 995 582 unquam
1009 551 1108 572 sacra-

281 598 350 619 rum
370 591 591 626 Scripturarum
614 591 771 627 interpres,
796 591 879 627 quod
895 591 974 622 hinc,
998 589 1108 626 Spiritu

282 635 383 670 dante,
404 636 701 664 commendationem
723 635 858 672 aliquam
873 635 1053 671 laudemque
1067 634 1108 662 ab

283 678 476 706 audientibus
493 681 705 714 consequatur.
720 680 817 706 Tuum
828 678 909 706 enim
923 680 966 706 est
979 677 1106 712 bonum,

283 724 312 751 et
322 722 374 750 tibi
388 722 516 751 missum
532 725 576 751 est
588 731 641 759 per
655 722 776 751 fratrem
789 723 932 751 doctrinae
945 730 1068 758 munus,
1083 721 1108 750 si

282 768 375 795 modo
385 767 536 804 suscipere
547 767 625 795 velis.
637 767 759 801 Adhzec,
770 767 883 796 fontem
894 767 1108 796 scaturientem

282 812 404 840 obturat
418 820 520 848 nemo,
535 820 590 840 nec
603 813 768 848 quisquam
781 814 836 845 est,
852 813 904 849 qui
919 811 981 840 sole
1003 812 1107 840 illuce-

1161 230 1352 269 ταχειρίξεται,
1377 233 1422 257 καὶ
1450 232 1584 268 οἰκονόμος
1612 231 1666 258 ἐστὶ
1700 235 1749 258 τῶν
1775 232 1846 269 παρὰ
1878 235 1958 263 θεοῦ,

1161 275 1224 312 οὖχὶ
1239 274 1268 302 δί
1280 278 1342 313 πρὸς
1359 274 1428 303 ἰδίαν
1452 275 1598 303 ἀπόλαυσιν
1615 277 1779 314 Θησαυρίζει,
1797 276 1960 303 ἐπαινεῖσθαι

1160 323 1204 347 καὶ
1227 320 1381 356 ἀγαπᾶσθαι
1403 319 1504 352 δίκαιός
1529 321 1586 348 ἐστι
1615 319 1661 349 διὰ
1687 323 1717 349 τὸ
1738 319 1892 358 φιλάδιλφον
1913 323 1960 348 καὶ

1160 368 1307 392 κοινωνικὸν
1331 370 1377 393 τοῦ
1402 369 1509 404 τρόπον.
1534 366 1614 393 Πάλιν
1639 369 1763 403 φρονήσει
1793 376 1831 397 τις
1864 364 1959 403 διαιρέ-

1159 421 1208 449 ρει,
1237 413 1282 437 καὶ
1305 411 1372 447 λόγῳ
1393 415 1459 438 Θεοῦ
1484 413 1630 448 τετίμηται,
1658 413 1702 437 xvi
1731 411 1857 446 ἐξηγητής
1887 410 1958 437 ἐστιν

1161 457 1233 493 ἱερῶν
1254 455 1346 492 λογίων
1368 457 1436 492 (Ei-)-
1456 458 1492 493 μὴ
1525 457 1657 492 φθονήσῃς
1677 460 1714 491 τῷ
1741 457 1860 492 τοιούτῳ,
1889 453 1960 492 pud”:

1161 500 1292 537 βουληθῇς
1315 510 1377 527 ποτε
1411 505 1547 531 σιωπῆσαι
1569 503 1613 527 τὸν
1640 504 1690 526 τῶν
1716 502 1788 538 ἱερῶν
1811 501 1958 536 ὑποφήτην,

1161 545 1182 572 εἰ
1206 550 1237 582 τῇ
1254 549 1299 571 τοῦ
1319 547 1467 582 Πνεύματος
1479 546 1573 583 χάριτι
1589 543 1712 582 ἀποδοχὴ
1737 555 1776 576 τις
1791 547 1836 572 καὶ
1857 546 1960 576 ἔπαινος

1161 590 1188 616 ἐκ
1207 594 1257 616 τῶν
1282 589 1425 616 ἀκουόντων
1450 590 1594 618 ἀκολουθεῖ,
1616 592 1662 616 Σὸν
1683 591 1733 628 γὰρ
1761 590 1816 616 ἐστι
1844 591 1875 615 τὸ
1897 589 1960 625 ἀγα-

1162 635 1214 670 Θόν,
1230 637 1275 661 καί
1290 644 1332 661 σοι
1356 635 1471 671 ἐπέμφθη
1496 633 1543 661 διὰ
1556 639 1601 662 τοῦ
1628 633 1740 671 ἀδελφοῦ
1760 639 1807 666 τῆς
1823 632 1961 660 διδασκα-

1160 680 1216 711 λίας
1234 682 1263 708 τὸ
1284 679 1377 718 δῶρον,
1401 681 1444 707 ἐὰν
1468 679 1648 712 ὐποδέξασθαι
1672 680 1755 718 θέλῃς,
1782 678 1855 713 Εἶτα,
1872 682 1961 716 πηγὴν

1161 727 1206 762 μὶν
1229 725 1363 762 βρύουσαν
1389 724 1477 757 οὖδιὶς
1498 725 1652 764 ίμφράσσει·
1678 728 1723 752 καὶ
1749 725 1822 754 ἡλίου
1842 725 1961 762 λάμπον-

1161 780 1204 802 τος
1232 768 1320 802 οὐδεὶς
1347 772 1393 802 τὰς
1422 770 1495 806 ὄψεις
1519 770 1695 804 ἐπικαλύπτει,
1730 768 1791 797 οὐδὶ
1820 769 1961 806 βασκαίνει

1162 815 1273 847 ἐκείνοις
1287 815 1353 851 (65),
1380 815 1432 841 ἀλλ’
1451 815 1534 851 ἑαυτῷ
1556 816 1713 851 συνεύχεται
1734 815 1781 844 τὴν
1801 815 1959 842 ἀπόλαυσιν-

281 859 382 885 scente
391 857 507 884 obvelet
515 857 619 885 oculos
627 859 689 890 ,aut
697 857 954 893 conspicientibus
961 857 1106 885 invideat:

1162 859 1238 895 λόγου
1259 858 1288 886 δί
1314 864 1489 897 πνευματικοῦ
1520 860 1544 886 ἐν
1574 860 1717 896 Ἐκκλησία
1745 859 1881 897 βρύοντος,
1915 862 1960 886 καὶ

282 901 336 929 sed
348 904 487 937 precatur
502 903 534 929 ut
547 901 603 929 sibi
617 909 740 938 quoque
759 902 847 929 liceat
865 901 912 929 his
935 902 988 929 uti.
1010 902 1108 938 Atque

282 947 359 975 adeo
368 954 421 974 cur
429 946 577 982 spirituali
587 954 727 974 sermone
737 946 769 974 in
781 946 1107 979 Ecclesiascaturiente,

283 991 394 1028 pioque
406 991 496 1019 corde
509 999 545 1019 ex
558 991 684 1027 Spiritus
692 991 780 1019 donis
792 1000 823 1019 se
836 991 866 1019 in
881 991 1007 1019 modum
1018 991 1109 1020 fontis

283 1035 466 1068 eﬂ‘undente,
483 1043 544 1064 non
560 1035 678 1072 praebes
695 1044 783 1065 aures
808 1044 878 1064 cum
893 1036 1018 1064 lmtitia?
1033 1035 1108 1072 quid

283 1082 369 1116 grato
378 1080 480 1110 animo
493 1089 555 1108 non
571 1081 655 1117 capis
671 1081 827 1109 utilitatem
837 1081 851 1108 ‘2
862 1081 925 1108 lmo
941 1083 967 1109 te
982 1081 1108 1117 plausus

282 1125 391 1161 pungit
405 1125 604 1160 audientium,
615 1125 769 1162 vallesque
782 1133 880 1161 neque
891 1133 955 1153 esse
970 1125 1022 1162 qui
1035 1125 1109 1154 utili-

282 1171 374 1198 tatem
390 1170 567 1206 perciperet,
587 1177 685 1206 neque
700 1170 753 1207 qui
768 1170 916 1198 laudaret.
933 1171 1030 1204 Quam
1044 1170 1109 1198 haec

281 1215 424 1243 habitura
435 1217 505 1243 sunt
517 1215 745 1243 excusationem
756 1215 837 1251 apud
847 1215 983 1243 cordium
994 1217 1110 1242 nostro-

281 1259 510 1295 rumjudicem?
523 1260 612 1295 Igitur
622 1260 730 1288 animae
744 1259 860 1288 bonum
872 1262 980 1288 natura
993 1259 1109 1287 bonum

283 1311 347 1332 esse
357 1305 527 1341 putandum
538 1306 591 1332 est.
600 1305 636 1332 At
646 1312 716 1333 vero
728 1313 799 1333 eum
811 1305 864 1341 qui
874 1305 986 1332 divitiis
1003 1304 1108 1336 afﬂuit,

283 1351 313 1378 et
339 1350 379 1377 ob
394 1350 558 1386 potentiam
574 1352 602 1378 et
621 1350 754 1386 corporis
770 1350 886 1378 bonam
901 1349 1110 1378 habitudinem

283 1402 430 1429 magnum
437 1394 585 1430 quiddam
594 1395 682 1431 sapit,
691 1397 780 1432 atque
787 1395 832 1423 his
841 1403 908 1431 quae
917 1394 1008 1422 habet
1015 1394 1110 1431 probe

284 1439 387 1471 utitur,
398 1439 520 1474 diligere
536 1448 591 1476 par
605 1442 649 1468 est
665 1443 693 1468 et
704 1440 876 1473 observare,
893 1442 924 1468 ut
939 1439 1109 1468 communi-
1125 1436 1144 1463 C

282 1483 340 1512 bus
353 1484 417 1512 vita;
433 1484 640 1512 instrumentis
656 1485 847 1518 instructum,
860 1484 884 1512 si
895 1485 987 1512 modo
999 1484 1063 1512 haec
1073 1491 1109 1511 ex

282 1530 362 1556 recta
374 1528 489 1556 ratione
502 1528 673 1565 dispenset:
689 1529 730 1557 ita
746 1531 777 1557 ut
790 1529 990 1566 pecuniarum
1006 1535 1108 1563 eroga-

281 1573 363 1600 tione
370 1572 501 1601 liberalis
508 1573 546 1600 sit
555 1573 586 1601 in
596 1581 719 1609 egenos,
727 1574 913 1610 inﬁrmisque
923 1574 974 1601 det
984 1581 1109 1609 operam

283 1625 422 1652 corpore.
437 1625 471 1645 ac
488 1620 580 1645 totam
591 1618 738 1654 reliquam
747 1618 961 1654 supellectilem
972 1626 1032 1646 non
1048 1625 1110 1645 ma.

284 1661 328 1696 gis
344 1669 431 1690 suam
452 1669 517 1689 esse
532 1662 624 1690 ducat
638 1670 729 1698 quam
748 1662 870 1691 alterius
887 1662 1019 1698 cujusvis
1034 1662 1109 1690 indi-

284 1706 515 1742 gentis.Contra,
525 1707 678 1735 hominem
691 1707 744 1744 qui
754 1715 815 1735 non
829 1708 869 1736 ita
879 1708 1021 1743 ergahazc
1034 1708 1109 1736 atl‘e-

284 1753 349 1780 ctus
361 1754 416 1786 est,
424 1752 569 1780 miserum
580 1752 680 1788 potius
690 1760 783 1788 quam
794 1753 1041 1788 invidiadignum
1052 1752 1110 1781 exi-

285 1797 406 1825 stimare
417 1798 569 1830 convenit,
583 1798 666 1834 quod
685 1798 725 1826 ad
736 1799 793 1826 hoc
809 1801 841 1826 ut
852 1799 952 1827 malus
966 1800 1004 1827 sit
1019 1799 1110 1826 habet

283 1843 458 1871 occasiones
466 1843 606 1879 majores.
616 1843 677 1871 Hoc
686 1846 729 1872 est
737 1844 817 1871 enim
825 1852 893 1872 cum
901 1844 1008 1879 majori
1017 1852 1109 1880 appa-

281 1889 349 1916 ratu
363 1896 398 1915 ac
410 1888 514 1916 labore
524 1889 620 1924 perire
644 1889 758 1916 Etenim
770 1889 794 1916 si
804 1889 913 1917 divitia:
924 1889 1108 1916 adminicula

284 1935 354 1961 sunt
368 1933 408 1960 ad
419 1933 606 1968 injustitiam,
621 1933 802 1961 miserabilis
817 1936 861 1961 est
875 1934 959 1962 dives
973 1942 979 1966 ;
994 1935 1039 1961 sin
1053 1941 1108 1961 au-

283 1979 343 2005 tem
360 1977 526 2005 inserviunt
541 1977 640 2005 virtuti
655 1978 838 2013 excolendae,
855 1978 956 2006 nullus
970 1979 1107 2008 estlocus

283 2021 415 2056 invidiae,
427 2030 497 2049 cum
514 2030 619 2050 earum
630 2023 686 2058 9'7
701 2022 871 2050 communis
887 2023 997 2051 utilitas
1011 2025 1107 2052 omni-

282 2066 341 2094 bus
359 2069 556 2102 proponatur,
573 2067 630 2094 nisi
640 2067 709 2103 quis
720 2067 795 2095 forte
816 2069 900 2096 tanta
916 2068 952 2096 sit
966 2069 1106 2104 maligni-

283 2113 353 2145 tate,
381 2113 412 2139 ut
436 2111 526 2140 etiam
550 2111 607 2139 sibi
630 2112 694 2148 ipse
717 2111 800 2140 bona
823 2112 969 2141 invideat.
992 2115 1026 2142 Et
1045 2123 1106 2143 uno
1122 2112 1144 2138 D

281 2157 384 2190 verbo,
396 2159 494 2185 mente
505 2165 597 2193 supra
610 2165 657 2185 res
668 2157 819 2186 humanas
835 2161 946 2191 evecta,
962 2161 1052 2195 atque
1067 2160 1108 2188 ad

281 2209 388 2230 verum
404 2205 431 2230 et
445 2202 599 2230 laudabile
609 2202 724 2230 bonum
733 2203 853 2231 intentis
865 2203 1107 2238 oculis,multum

283 2246 412 2274 abfuerit
426 2249 458 2275 ut
470 2247 638 2283 quidquam
653 2247 855 2283 periturarum
870 2255 904 2275 ac
920 2250 1108 2277 terrenarum

282 2299 383 2320 rerum
402 2291 526 2320 beatum
541 2300 575 2320 ac
591 2291 790 2319 invidendum
809 2292 939 2327 judices.
956 2294 1030 2321 Nam
1045 2294 1109 2322 ﬁeri

283 2343 344 2363 non
359 2338 457 2372 potest
471 2338 504 2364 ut
513 2336 538 2363 is
548 2336 601 2372 qui
613 2336 654 2363 ita
664 2336 815 2364 animatus
826 2339 880 2371 est,
895 2345 950 2364 nec
960 2345 1008 2366 res
1020 2346 1109 2366 mun-

282 2380 378 2409 danas
391 2383 538 2418 tanquam
552 2380 678 2409 eximias
692 2381 868 2416 admiratur,
882 2389 1018 2418 unquam
1035 2383 1108 2412 invi-

320 2471 374 2507 (64)
400 2471 471 2506 Reg.
487 2470 603 2506 primus
628 2470 692 2507 écr‘r
706 2474 755 2507 τῶν
778 2471 850 2496 θείων
864 2470 930 2507 ’λογ.
949 2472 1022 2500 Editi
1037 2472 1107 2500 ἐστὶν

285 2505 356 2550 tepent
371 2506 463 2550 λοχίῳν
480 2505 553 2542 {pro
576 2513 638 2542 qua
665 2505 771 2535 ultima
785 2514 858 2535 voce
885 2505 935 2535 alii
955 2508 1016 2536 duo
1036 2517 1108 2536 mss.

283 2543 398 2571 habent
410 2543 503 2578 λόγων.

298 2614 302 2615 ν
319 2581 377 2613 (65)
392 2578 477 2615 illud.
494 2576 556 2604 οὖδὲ
573 2577 709 2615 βασκαίνει
724 2577 836 2611 ἐκείνοις,
850 2586 943 2615 neque
957 2579 1020 2608 illis
1036 2580 1108 2607 invi-

283 2614 571 2651 det,subobscurum
585 2614 680 2651 videri
692 2616 801 2651 potest:
818 2615 871 2651 sed
882 2615 1019 2651 quisquis
1029 2616 1110 2643 hunc

282 2649 384 2686 locum
398 2650 489 2686 paulo
505 2649 645 2677 attentius
661 2650 774 2686 legerit,
793 2650 878 2678 facile
892 2649 1039 2686 intelliget
1052 2651 1110 2679 hoc

284 2685 372 2727 dicta
388 2685 506 2727 Basilio,
515 2685 668 2713 neminem
678 2685 812 2714 invidere
822 2686 857 2713 iis
869 2686 920 2722 qui
931 2685 1026 2714 solem
1037 2694 1111 2715 con-

284 2723 426 2758 spiciunt.

320 2758 376 2792 (66)
393 2757 434 2784 Re
459 2777 465 2783 .
482 2756 598 2793 primus
610 2757 677 2793 εὑχα
696 2759 772 2788 ἱστως
785 2755 865 2795 δέχῃ.

322 2793 377 2819 (67)
393 2765 476 2819 Coﬁ).
493 2793 595 2819 tertius
612 2766 860 2819 αεναλοοοονοῡντα.

322 2793 377 2831 (67)
393 2793 476 2822 Colb.
493 2793 595 2822 tertius
611 2793 860 2831 μεγαλοφρονοῦντα.

1161 903 1274 942 καρδίας
1289 904 1410 936 εὐσεϐοῦς
1431 905 1458 931 ἐκ
1481 908 1531 931 τῶν
1547 905 1723 942 χαρισμάτων
1748 908 1794 931 τοῦ
1809 906 1960 941 Πνεύματος

1160 949 1345 985 πηγαζούσης,
1373 949 1426 986 οὐχ
1447 950 1554 986 ὑπέχεις
1577 950 1624 981 τάς
1652 949 1730 981 ἀκοὰς
1754 949 1808 986 μετ’
1829 949 1959 986 εὐφροσύ-

1160 1003 1230 1028 νης;
1254 995 1301 1020 οὐκ
1330 995 1492 1032 εὐχαρίστως
1516 993 1637 1031 ὑποδέχῃ
1663 995 1719 1030 (66)
1742 996 1790 1023 τὴν
1813 993 1957 1030 (lapatium;

1161 1039 1239 1066 Ἀλλὰ
1254 1037 1344 1066 δάκνει
1365 1048 1392 1066 σε
1420 1040 1433 1065 ὁ
1452 1041 1544 1077 κρότος
1567 1043 1616 1066 τῶν
1635 1038 1790 1071 ἀκουόντων,
1815 1040 1861 1064 καὶ
1884 1038 1960 1064 ἐϐου-

1161 1083 1243 1114 λήθης
1259 1083 1288 1110 ἂν
1308 1086 1374 1120 μήτε
1388 1085 1432 1110 τὸν
1459 1084 1629 1120 ὠφελούμενον
1646 1083 1719 1117 εἶναι,
1744 1086 1810 1120 μήτε
1824 1084 1867 1109 τὸν
1884 1084 1960 1110 ἔπαι-

1161 1133 1263 1156 νοῦντα.
1284 1131 1348 1156 Τίνα
1366 1132 1452 1155 ταῦτα
1477 1128 1617 1164 ἀπολογίαν
1645 1128 1697 1160 ἔξει
1723 1128 1764 1154 ἐπὶ
1790 1131 1836 1154 τοῦ
1870 1131 1961 1165 κριτοῦ

1162 1177 1212 1199 τῶν
1254 1171 1370 1210 καρδιῶν
1400 1174 1473 1210 ἡμῶν
1494 1181 1501 1207 ;
1525 1175 1605 1200 Φύσει
1641 1174 1686 1209 μὲν
1715 1171 1759 1199 οὖν
1791 1171 1856 1199 εἶναι
1883 1171 1961 1198 καλὸν

1163 1219 1286 1254 ἠγιῖσθαι
1303 1219 1357 1254 χρὴ
1382 1219 1410 1244 τὸ
1435 1221 1485 1249 τῆς
1501 1217 1596 1253 ψυχῆς
1616 1216 1723 1253 ἀγαθόν·
1739 1218 1781 1243 τὸν
1804 1215 1834 1243 0":
1848 1218 1962 1254 ὑπεραν-

1165 1263 1259 1290 θοῦντα
1282 1266 1318 1298 τῷ
1344 1262 1455 1298 πλούτῳ,
1484 1264 1529 1288 καὶ
1563 1260 1706 1298 δυναστείᾳ
1739 1264 1807 1298 μέγα
1837 1265 1962 1299 φρονοῦν-

1164 1317 1197 1334 τα
1221 1308 1287 1343 (67),
1314 1309 1359 1334 καὶ
1374 1307 1459 1343 εὐεξία
1486 1309 1614 1343 σώματος,
1631 1309 1675 1333 καὶ
1697 1305 1781 1338 καλῶς
1804 1307 1849 1342 μὲν
1864 1315 1964 1343 κιχρηη

1165 1354 1237 1389 μόνον
1261 1353 1300 1384 οἷς
1324 1353 1390 1388 ἔχει,
1414 1352 1517 1388 ἀγαπᾷν
1541 1354 1586 1378 καὶ
1611 1353 1750 1390 περιέπειν,
1776 1352 1811 1382 ὡς
1833 1353 1908 1378 κοινὰ
1930 1354 1963 1378 τὰ

1164 1401 1210 1423 τοῦ
1239 1396 1299 1433 βίον
1326 1399 1424 1433 ὀργανα
1449 1398 1612 1433 κεκτημένον,
1643 1398 1712 1433 αἴπερ
1738 1394 1772 1425 δὴ
1798 1399 1883 1422 ταῦτα
1907 1396 1963 1432 (68)

1164 1443 1232 1468 κατὰ
1256 1444 1300 1468 τὸν
1326 1443 1401 1479 ὀρθὸν
1429 1441 1504 1477 λόγον
1531 1441 1755 1478 μεταχειρίζοιτοο
1785 1442 1820 1472 ὡς
1853 1445 1884 1477 τῇ
1918 1443 1962 1477 μὲν

1163 1492 1213 1514 τῶν
1228 1489 1371 1525 χρημάτων
1395 1488 1513 1524 χορηγίᾳ
1536 1487 1644 1523 ἄφθονος
1665 1484 1729 1513 εἶναι
1743 1489 1794 1517 τοῖς
1819 1484 1960 1523 δεομένοις,

1164 1536 1199 1567 τῷ
1228 1534 1330 1568 σώματι
1356 1529 1386 1558 δὲ
1412 1532 1556 1567 ὑπηρεσίαν
1584 1533 1709 1568 παρέχειν
1731 1535 1786 1561 τοῖς
1811 1530 1961 1558 ἀσθενοῦσι.

1164 1580 1250 1603 πᾶσαν
1275 1575 1304 1602 δὲ
1327 1578 1373 1605 τήν
1399 1575 1491 1604 λοιπὴν
1514 1578 1666 1613 περιουσίαν
1699 1575 1727 1601 οὐ
1754 1575 1849 1612 μᾶλλον
1869 1575 1962 1602 ἑαυτοῦ

1164 1622 1288 1658 νομίζειν,
1308 1622 1323 1650 ἡ
1346 1623 1391 1647 καὶ
1415 1621 1565 1647 οὑτινοσοῦν
1587 1624 1637 1646 τῶν
1666 1618 1846 1657 ἐπιδεομένων⁸
1868 1623 1913 1646 τὸν
1933 1619 1963 1646 δί

1164 1669 1199 1703 μὴ
1230 1667 1297 1692 οὕτω
1330 1667 1394 1703 πρὸς
1420 1669 1504 1692 ταῦτα
1533 1663 1694 1702 διακείμενον
1723 1665 1809 1691 ἄθλιον
1840 1666 1964 1692 τίθεσθαι

1165 1711 1258 1748 μᾶλλον
1288 1712 1303 1741 ἡ
1336 1711 1481 1747 ἐπίφθονον,
1507 1711 1528 1736 εὶ
1552 1710 1674 1746 μείζονας
1695 1710 1751 1746 ἔχει
1774 1710 1828 1745 (69)
1855 1711 1962 1748 πρὸςτὸ

1164 1758 1244 1788 κακὸς
1268 1755 1331 1783 εἶναι
1353 1757 1400 1787 τὰς
1423 1755 1549 1792 ἀφορμάς.
1573 1758 1654 1782 Τοῦτο
1674 1756 1724 1792 γάρ
1748 1755 1817 1781 ἐστιν
1840 1755 1867 1781 ἐκ
1880 1755 1963 1781 πλείο-

1163 1812 1205 1833 νος
1236 1805 1283 1832 τῆς
1313 1804 1482 1839 παρασκευῆς
1508 1801 1553 1826 καὶ
1581 1802 1759 1837 πραγματείας
1789 1798 1960 1826 ἀπόλλυσθαι.

1164 1847 1194 1874 Εἰ
1217 1847 1261 1883 μὲν
1285 1847 1335 1883 γὰρ
1364 1844 1467 1882 ἑφόδιον
1482 1846 1544 1882 πρὸς
1565 1843 1699 1870 ἀδικίανὸ
1721 1844 1840 1878 πλοῦτος,
1859 1844 1962 1874 ἣξεινός

1164 1893 1176 1918 ὁ
1203 1891 1329 1918 πλουτῶν·
1355 1891 1377 1916 εἰ
1399 1889 1428 1916 δὲ
1453 1891 1584 1927 ὑπηρεσία
1609 1890 1675 1927 πρὸς
1702 1889 1805 1927 ἀρετὴν,
1828 1889 1875 1915 οὐκ
1907 1890 1962 1924 ἔχει

1163 1939 1254 1974 χώραν
1274 1937 1288 1964 ἡ
1319 1934 1462 1971 βασκανία,
1487 1938 1573 1964 κοινῆς
1597 1938 1645 1964 τῆς
1670 1933 1712 1960 ἀπ’
1739 1934 1823 1960 αὐτῶν
1843 1933 1963 1969 ὠφελείας

1163 1982 1247 2008 ἅπασι
1270 1982 1448 2018 προκείμένηςο
1469 1979 1535 2008 πλὴν
1559 1979 1580 2005 εἰ
1603 1980 1638 2016 μή
1664 1989 1704 2010 τις
1726 1979 1777 2016 ἄρα
1800 1983 1832 2015 τῇ
1860 1988 1962 2016 περιου-

1165 2028 1210 2062 σίᾳ
1236 2030 1281 2062 τῇς
1300 2027 1424 2062 πονηρίας
1450 2026 1495 2050 καὶ
1520 2024 1602 2059 ἐαυτῷ
1624 2023 1766 2060 βασκαίνοι
1780 2027 1830 2049 τῶν
1846 2023 1960 2059 ἀγαθῶν.

1163 2070 1244 2101 Ὀλως
1257 2068 1296 2103 δὲ,
1322 2068 1472 2107 ὑπερκύψας
1493 2072 1529 2103 τῷ
1553 2068 1671 2104 λογισμῷ
1691 2069 1724 2094 τα
1744 2067 1902 2104 ἀνθρώπινα,
1919 2069 1962 2094 καὶ

1164 2116 1226 2152 πρὸς
1250 2116 1278 2140 τὸ
1305 2115 1380 2143 ὧδτως
1408 2112 1485 2138 καλὸν
1514 2114 1558 2138 καὶ
1586 2112 1716 2138 ἐπαινετὸν
1741 2110 1842 2138 ἀπιδὼν
1869 2111 1962 2138 πολλοῦ

1163 2161 1193 2186 οἶν
1215 2169 1241 2185 τι
1266 2157 1333 2188 δέοις
1361 2158 1419 2193 (⁵70)
1445 2167 1495 2183 των
1523 2158 1641 2193 φθαρτῶν
1671 2159 1716 2183 καὶ
1748 2158 1845 2192 γηίνων
1880 2166 1963 2193 μακα-

1165 2206 1255 2242 ριστὸν
1285 2203 1343 2239 (71)
1368 2206 1454 2238 κρῖναι
1479 2204 1524 2227 καὶ
1549 2201 1672 2232 ζηλωτόν·
1707 2202 1782 2227 Οὕτω
1813 2200 1842 2227 δὲ
1862 2203 1960 2237 ἔχοντι,

1163 2251 1208 2275 καὶ
1234 2250 1269 2284 μὴ
1299 2248 1331 2277 ὡς
1359 2246 1400 2272 ἐπὶ
1424 2246 1544 2282 μεγάλοις
1573 2245 1773 2282 ἐκπεπληγμένῳ
1797 2249 1850 2276 τοῖς
1870 2255 1964 2284 κοσμι-

1163 2297 1226 2326 κοῖς,
1261 2292 1398 2328 ἀμήχανόν
1421 2300 1482 2317 ποτε
1506 2292 1696 2328 παραγενέσθαι
1721 2293 1763 2316 τὸν
1797 2291 1900 2326 φθόνον.
1935 2291 1964 2318 Εἰ

1164 2337 1193 2365 δὲ
1212 2339 1311 2367 παντως
1333 2335 1411 2368 δοξῆς
1435 2336 1578 2372 ἐπιθυμεῖς,
1605 2338 1650 2361 καὶ
1679 2335 1768 2372 βούλει
1786 2339 1836 2361 τῶν
1865 2336 1963 2362 πολλῶν

1164 2383 1380 2421 ὑπερφαίνεσθαι,
1406 2384 1451 2407 καὶ
1474 2379 1521 2407 διὰ
1548 2384 1624 2407 τοῦτο
1655 2380 1702 2406 οὐκ
1736 2379 1817 2416 ἀνέχῃ
1847 2378 1964 2418 δεύτερος

1199 2473 1258 2508 (68)
1275 2471 1351 2500 Εάὶιὶ
1368 2469 1489 2508 εἴπερ.
1502 2469 1577 2508 αὐτά.
1590 2471 1626 2508 ΑΞ
1639 2477 1714 2508 mss.
1731 2469 1800 2507 εἴπερ
1817 2467 1851 2498 δὴ
1869 2473 1962 2508 ταῦτα.

1165 2504 1251 2536 Haud
1270 2508 1360 2541 longe
1375 2504 1457 2542 editi
1472 2507 1581 2542 ἄφθονον
1603 2504 1677 2532 εἶναι.
1693 2504 1812 2533 Veteres
1827 2505 1964 2542 quinque

1163 2539 1378 2606 Ιίὺινὲᾱφθοῦος.
1410 2539 1544 2571 Subinde
1573 2548 1653 2569 unus
1677 2549 1736 2570 ms.
1760 2544 1810 2566 τῶν
1826 2539 1962 2578 δεομένω-

1164 2590 1208 2606 τον
1243 2589 1264 2606 ε.

1164 2590 1208 2606 τον
1223 2589 1264 2606 οε.

1202 2617 1259 2650 (69)
1275 2613 1395 2650 Antiqui
1411 2613 1475 2650 duo
1485 2612 1551 2650 libri
1574 2614 1642 2650 ξχοι.

1201 2647 1258 2685 (70)
1272 2650 1341 2679 Cod.
1353 2647 1406 2677 21'76
1415 2648 1515 2685 ,πολλοῦ
1530 2648 1559 2674 ἂν
1571 2647 1673 2685 δεήσ-οι.
1690 2647 1779 2676 Cois].
1792 2648 1964 2685 230301106;

1165 2686 1194 2712 an.
1206 2682 1292 2716 δέοις.
1311 2683 1528 2721 Scripsim‘upi
1542 2685 1572 2710 ᾶν
1587 2694 1614 2710 τι
1630 2682 1709 2719 δέοις,
1734 2691 1789 2721 pro
1806 2683 1877 2711 vitio
1894 2685 1964 2712 Gar-

1163 2722 1289 2750 neriano
1304 2718 1397 2747 πολλοῦ
1413 2719 1470 2746 ἀντὶ
1486 2718 1566 2750 δέοις.

1199 2759 1256 2793 (7t)
1282 2758 1360 2785 Cave
1376 2755 1506 2793 imiteris
1524 2756 1717 2793 interpretem
1741 2755 1885 2793 veterem,
1912 2754 1964 2793 qui

1165 2790 1255 2821 voces
1281 2793 1445 2830 μακαριστόν
1456 2792 1484 2819 et
1499 2790 1612 2822 ζηλωτόῦ
1627 2791 1664 2819 de
1679 2790 1817 2828 personis
1837 2791 1962 2826 accepit.
