2059 3136
299 93 350 120 391

989 90 1018 118 8.
1038 88 1162 117 BASILII
1181 89 1288 118 MAGNI

1923 93 1978 120 392

299 154 357 190 ipsi
373 154 467 181 Deum
480 160 533 189 per
544 151 650 180 mundi
663 151 854 188 sapientiam.
870 152 1038 180 Invisibilia
1049 151 1113 180 enin

1165 152 1246 186 ,ἔγνω
1274 154 1318 178 καὶ
1347 152 1423 182 αὐτὸς
1452 151 1498 178 διὰ
1532 157 1577 183 τῆς
1604 155 1650 179 τοῦ
1684 154 1784 190 κόσμου
1818 156 1907 190 σοφίας
1936 155 1981 180 τὸν

299 200 403 234 ipsius,
420 207 438 226 α
454 198 604 226 creatione
615 197 733 231 mundi,
749 205 805 231 per
821 205 855 225 ea
866 205 932 233 qua!
951 197 1036 232 facta
1056 199 1126 224 sunt

299 245 462 277 intellecta,
474 243 743 277 conspiciuntur”.
760 242 888 270 Adducit
904 245 1004 270 autem
1020 249 1075 269 n05
1087 240 1127 268 ad

300 290 350 318 Dei
366 289 580 324 cognitionem,
601 297 670 316 cum
686 287 775 316 dicit:
792 288 872 316 Deus
887 288 1037 322 sapientia
1049 287 1125 322 fun-

298 334 383 362 davit
398 337 521 361 terram.
542 335 615 360 Item
629 341 635 359 :
658 332 783 365 Quando
796 332 990 367 praeparabat
1006 332 1124 365 coelum,

298 386 364 407 cum
380 386 412 406 eo
424 378 534 406 eram“
547 386 554 411 ;
566 380 608 405 el:
621 377 712 404 Eram
724 377 807 411 apud
819 378 916 411 ipsum
927 379 1086 411 coaptans;
1098 378 1124 403 et

296 431 348 459 ego
361 431 454 455 eram,
466 430 525 457 qua
540 421 775 449 delectabatur“
791 422 866 449 Nam
879 421 1025 456 efﬁngens
1035 419 1124 448 nobis

296 468 451 504 sapientiae
464 474 639 503 personam,
650 466 715 494 haec
730 466 834 494 omnia
850 465 887 493 de
902 474 939 494 ea
954 465 1074 501 profert,
1092 465 1125 492 ut

296 512 500 547 cognitionem
509 511 574 546 ejus
585 510 699 538 claram
711 519 746 538 ac
755 510 951 547 conspicuam
959 509 1075 538 reddat.
1084 511 1123 537 Ac

296 557 420 586 omnino
434 556 524 584 illud:
537 556 682 584 Dominus
696 557 809 584 creavit
820 563 865 584 me
879 556 990 583 initum
1006 555 1122 582 viarum

295 602 460 637 suarum",
470 601 508 629 de
521 601 670 637 sapientia
683 600 713 628 in
728 600 843 628 mundo
856 602 1020 637 apparente
1035 599 1121 627 dicit:

295 655 364 684 quae
380 655 450 674 voce
461 654 514 683 per
524 654 559 674 ea
570 654 638 682 quae
650 646 789 674 videntur
799 648 914 673 tantum
926 653 987 673 non
999 644 1120 680 emissa,

295 691 467 720 conclamat
479 690 590 718 factam
604 698 636 718 se
649 698 713 718 esse
729 698 746 718 a
762 691 832 724 Deo,
848 698 909 718 non
925 692 1026 717 autem
1041 689 1073 717 in
1086 689 1122 716 iis

295 744 362 772 quae
379 735 500 763 condita
515 737 595 768 sunt,
613 734 794 770 sapientiam
818 736 933 762 tantam
953 741 1025 762 casu
1046 733 1122 761 relu-

295 788 372 809 cere.
387 781 421 808 Ut
436 780 518 807 enim
533 780 609 808 Cwli
618 783 764 807 enarrant
774 780 904 814 gloriam
914 779 978 813 Dei,
992 782 1018 807 et
1029 786 1120 813 opera

1182 198 1255 223 Θεόν.
1286 198 1324 222 Τὰ
1349 198 1399 234 γὰρ
1430 196 1528 235 ἀόρατα
1557 197 1635 224 αὐτοῦ
1665 197 1715 224 ἀπὸ
1743 200 1851 228 κτίσεως
1877 201 1980 235 κόσμου

1180 244 1231 270 τοῖς
1257 243 1389 278 ποιήμασι
1412 243 1536 278 νοούμενα
1559 243 1713 279 καθορᾶται.
1742 242 1918 280 Προσϐιϐάζει
1949 241 1981 269 δὲ

1180 286 1247 321 ἡμᾶς
1272 289 1302 322 τῇ
1332 289 1391 324 περὶ
1418 291 1483 313 Θεοῦ
1511 287 1594 323 ἐννοίᾳ
1609 288 1676 322 (92),
1701 285 1736 312 δι’
1762 287 1796 313 ὧν
1826 297 1923 323 φησιν·
1949 287 1980 313 Ὀ

1180 332 1243 360 Θεὸς
1268 335 1299 367 τῇ
1331 334 1409 367 σοφίᾳ
1434 331 1584 368 ἐθεμελίωσε
1609 334 1655 361 τὴν
1680 335 1747 368 γῆν·
1775 334 1820 358 καὶ
1846 334 1886 366 τὸ,
1905 331 1979 358 Ἠνί-

1180 384 1213 400 κα
1239 375 1366 411 ἡτοίμαζε
1394 377 1436 402 τὸν
1466 376 1583 413 οὐρανὸν,
1610 378 1789 414 συμπαρήμην
1816 376 1903 411 αὐτῷ·
1932 378 1980 402 καὶ

1179 421 1219 454 τὸ,
1245 419 1331 456 ἸΙμην
1363 420 1424 458 παρ’
1451 421 1521 456 αὐτῷ
1548 420 1721 458 ἁρμόζουσα·
1750 420 1822 457 κάγὼ
1849 423 1929 457 ἤμην,
1959 421 1977 457 ᾖ

1179 466 1350 502 προσέχαιρε·
1367 468 1455 491 Ταῦτα
1469 467 1519 503 γὰρ
1542 467 1637 500 πάντα,
1652 467 1891 503 προσωποποιήσας
1913 466 1977 501 ἡμῖν

1179 511 1228 534 τὼν
1266 512 1366 545 σοφίαν,
1402 510 1464 548 ὑπὲρ
1499 514 1545 536 τοῦ
1574 510 1685 547 ἐναργῶς
1720 509 1800 540 αὐτῆς
1834 515 1978 548 παραστῆ-

1182 563 1226 579 σαι
1244 556 1290 583 τὴν
1311 559 1418 590 γνῶσιν,
1435 554 1478 581 ἀπ’
1500 555 1579 585 αὐτῆς
1606 553 1762 591 διαλέγεται.
1786 557 1836 581 Καί
1860 555 1921 586 ὗλως
1935 557 1978 590 τὸ¹

1180 600 1273 636 Κύριος
1295 601 1381 626 ἔκτισε
1403 610 1435 636 με
1448 601 1502 635 (93)
1528 599 1614 638 ἀρχὴν
1642 598 1709 626 ὁδῶν
1734 600 1824 634 αὐτοῦ,
1847 602 1906 638 περὶ
1931 605 1979 631 τῆς

1179 643 1363 680 ἐμφαινομένης
1397 647 1486 681 σοφίας
1516 649 1552 680 τῷ
1583 647 1673 681 κόσμῳ
1711 647 1797 681 φησὶ,
1831 647 1979 681 μονονουχὶ

1178 691 1262 724 φωνὴν
1290 688 1409 725 ἀφιείσης
1433 688 1480 715 διὰ
1503 694 1553 715 τῶν
1580 689 1724 727 ὁρωμένων,
1748 691 1787 716 ὅτι
1811 690 1884 726 παρὰ
1910 693 1978 717 Θεοῦ

1177 735 1285 769 γέγονε⁷
1312 737 1357 760 καὶ
1379 734 1426 760 οὐκ
1452 734 1602 771 αὐτομάτως
1626 735 1641 764 ἡ
1669 736 1785 764 τοσαύτη
1817 737 1896 770 σοφία
1925 738 1979 765 τοῖς

1178 776 1386 805 ἀποτελεσθεῖσιν
1416 779 1548 816 ἐμπρέπει.
1578 779 1619 810 Ὠς
1646 780 1697 816 γὰρ
1727 781 1760 806 Οἱ
1792 779 1897 816 οὐρανοὶ
1932 777 1978 805 δι-

295 833 440 854 manuum
449 826 514 860 ejus
525 825 688 852 annuntiat
696 825 919 858 ﬁrmamentum
928 825 1062 859 (narrant
1069 831 1113 851 aut

1177 827 1302 858 ηγοῦνται
1340 822 1418 855 δόξαν
1449 827 1536 858 Θεοῦ,
1571 827 1616 850 καὶ
1648 826 1756 853 ποίησιν
1795 828 1844 849 τῶν
1878 828 1976 861 χειρῶν

293 872 354 898 tem
373 869 492 905 absque
505 869 605 905 voce);
622 877 682 897 non
696 872 765 897 sunt
781 869 861 896 enim
878 869 1015 905 loquelae,
1028 875 1122 904 neque

293 922 451 947 sermones,
466 922 593 950 quorum
614 921 675 941 non
689 914 858 942 audiuntur
872 921 955 942 voces
968 913 1100 942 eorum“
1113 922 1119 942 :

292 959 335 988 ita
352 959 478 996 quidam
499 959 585 994 100
600 966 754 986 sermones
779 960 848 986 sunt
871 958 951 986 illius
974 958 1122 994 sapientia

293 1004 489 1041 primigeniaa,
506 1004 593 1039 cujus
618 1003 850 1032 fondamentum
869 1006 939 1032 ante
956 1004 1073 1040 reliqua
1090 1003 1121 1032 in

292 1049 399 1077 mundi
414 1049 534 1085 opiﬁcio
552 1056 612 1076 una
627 1057 696 1076 cum
711 1049 802 1076 rebus
816 1048 922 1076 creatis
932 1049 1048 1084 jactum
1064 1051 1120 1077 est.

292 1095 360 1122 Ilaec
371 1097 474 1122 tacens
484 1093 594 1122 clamat
606 1093 793 1121 conditorem
803 1101 839 1121 ac
849 1093 1008 1121 Dominum
1019 1102 1120 1130 suum,

291 1141 324 1167 ut
338 1147 392 1175 per
406 1139 505 1174 ipsam
521 1138 560 1166 ad
582 1138 788 1173 cognitionem
804 1138 882 1174 ejus,
902 1139 954 1175 qui
971 1138 1053 1166 solus
1072 1147 1120 1167 sa.-

290 1184 378 1220 piens
399 1186 454 1218 est,
474 1191 623 1211 recurras.

326 1230 352 1256 4.
373 1229 424 1255 Est
433 1230 462 1255 et
471 1227 607 1256 humana
618 1227 760 1264 quaedam
772 1227 933 1264 sapientia,
942 1228 999 1264 ipsi
1010 1228 1122 1257 scilicet

270 1280 273 1283 '
289 1280 389 1302 rerum
397 1271 435 1300 ad
442 1272 535 1300 vitam
542 1272 731 1300 attinentium
738 1273 930 1308 experientia,
934 1273 1120 1310 juxtaquam

290 1317 442 1353 sapientes
454 1316 584 1344 dicimus
599 1325 662 1349 eos,
673 1317 725 1352 qui
739 1317 850 1345 artium
865 1318 1044 1354 quarumvis
1066 1318 1120 1346 uti-

289 1361 366 1389 lium
381 1361 469 1397 periti
491 1363 570 1389 sunt.
588 1362 779 1398 Quapropter
794 1362 885 1389 etiam
909 1362 1036 1397 scriptor
1057 1370 1119 1391 ma-

289 1406 617 1442 gnamlibripartemin
625 1405 877 1442 idinsumpsit,ut
886 1407 926 1434 ad
937 1407 1116 1443 sapientiam

288 1451 507 1480 exhortaretur.
514 1451 670 1485 Sapientia
678 1451 711 1478 in
719 1451 847 1479 exitibus
857 1453 975 1480 viarum
984 1453 1116 1486 canitur,

1177 867 1256 894 αὐτοῦ
1281 868 1428 905 ἀναγγέλλει
1454 871 1483 895 τὸ
1515 871 1646 907 στερέωμα
1667 867 1835 905 (διηγοῦνται
1859 867 1888 895 δὲ
1915 870 1976 896 ἄνευ

1177 913 1288 950 φωνῆς)·
1314 914 1343 940 οὐ
1370 915 1420 952 γὰρ
1447 914 1499 940 εἰσι
1526 913 1622 946 λαλιοιί,
1653 913 1714 940 οὐδὶ
1739 913 1822 949 λόγοι,
1849 912 1883 939 ὧν
1910 913 1975 950 οὐχί

1177 957 1315 984 ἀκούονται
1343 959 1399 995 (94)
1426 959 1453 984 αἱ
1479 960 1560 994 φωναὶ
1592 958 1694 985 αὖτών-
1722 958 1801 988 οὕτως
1829 958 1882 985 εἰσί
1909 967 2001 989 τινες,

1176 1005 1220 1029 καὶ
1243 1006 1333 1040 σοφίας
1355 1003 1428 1040 λόγοι
1451 1008 1496 1033 τῆς
1521 1002 1676 1041 ἀρχεγόνου,
1691 1007 1737 1034 τῆς
1757 1004 1807 1040 πρὸ
1826 1013 1877 1038 τῳν
1892 1002 1974 1029 (filiai;

1177 1048 1200 1075 ἐν
1224 1053 1254 1085 τῇ
1283 1047 1446 1085 δημιουργίᾳ
1462 1048 1721 1084 συγκαταϐληϐείσης
1736 1052 1766 1084 τῇ
1790 1050 1886 1075 κτίσει.
1903 1048 1973 1077 Αὕτη

1178 1098 1306 1120 σιωπῶσαι
1331 1093 1384 1130 βοᾷ
1409 1095 1452 1119 τὸν
1475 1093 1569 1124 ἑαυτῆς
1592 1095 1702 1122 κτίστην
1730 1095 1773 1120 καὶ
1804 1094 1910 1130 Κύριον.
1934 1093 1976 1119 ἱνα

1176 1137 1213 1165 δι’
1244 1138 1324 1169 αὐτῆς
1353 1137 1508 1176 ἁναδρώμης
1535 1138 1578 1165 ἐπί
1609 1141 1658 1165 τὼν
1693 1139 1790 1166 ἔννοιαν
1820 1142 1867 1165 τοῦ
1893 1139 1973 1175 μόνον

1176 1187 1267 1220 σοφοῦ.

1209 1230 1236 1256 4.
1258 1227 1336 1255 Ἐστι
1358 1226 1388 1255 δέ
1411 1238 1449 1259 τις
1472 1231 1517 1255 καὶ
1539 1227 1685 1266 ἀνθρωπίνη
1704 1230 1802 1264 σοφίαι
1819 1228 1834 1257 ἡ
1851 1227 1974 1266 ἐμπειρία

1173 1276 1222 1298 τῶν
1244 1274 1312 1299 κατὰ
1334 1274 1377 1298 τὸν
1402 1271 1461 1309 βίον
1482 1273 1654 1310 πραγμάτων,
1678 1271 1736 1298 καθ’
1762 1272 1792 1301 ἣν
1817 1273 1911 1307 σοφοὺς
1930 1272 1972 1298 λέ-

1171 1327 1249 1354 γομεν
1272 1319 1332 1348 τοὺς
1355 1317 1414 1344 καθ’
1438 1317 1550 1346 ἑκαστην
1573 1322 1623 1343 τῶν
1639 1317 1771 1354 ὠφελίμων
1790 1321 1889 1353 τεχνῶν
1912 1316 1972 1343 ἑπι-

1174 1365 1312 1400 στήμονας.
1329 1365 1420 1401 Διόπερ
1436 1365 1481 1389 καὶ
1502 1364 1531 1389 τὸ
1555 1362 1619 1389 πολὺ
1634 1366 1679 1393 τῆς
1694 1361 1787 1399 βίϐλον
1810 1362 1835 1388 ἐν
1854 1366 1886 1398 τῇ
1912 1365 1972 1400 περί

1170 1412 1216 1439 τῆς
1251 1411 1341 1445 σοφίας
1373 1412 1506 1446 προτροπῇ
1534 1411 1570 1444 τῷ
1600 1411 1745 1444 συγγραφεῖ
1777 1407 1969 1434 κατανάλωται.

1170 1455 1249 1489 Σοφία
1277 1453 1302 1480 ἐν
1331 1452 1430 1485 ἐξόδοις
1463 1453 1581 1488 ὑμνεῖται
1609 1453 1686 1487 (95),
1713 1451 1737 1478 ἐν
1771 1450 1801 1478 δὲ
1837 1451 1970 1482 πλατείαις

288 1496 320 1524 in
336 1497 444 1531 plateis
460 1499 560 1524 autem
583 1504 649 1524 cum
667 1496 805 1524 libertate
817 1497 891 1531 agit,
906 1500 933 1525 et
947 1498 979 1525 in
994 1498 1113 1526 summis

1169 1497 1318 1535 παρρησίαν
1355 1498 1435 1533 οἴγει-
1466 1497 1504 1524 ἑπ¹
1542 1498 1628 1535 ἄκρων
1662 1494 1692 1523 δέ
1716 1498 1824 1533 τειχέων
1863 1497 1967 1533 κηρύσ-

288 1541 433 1569 moenibus
440 1541 669 1575 prcedicatur”.
678 1542 750 1569 Cum
761 1541 841 1569 enim
849 1541 1115 1571 videathominum

287 1586 319 1614 in
333 1594 365 1613 se
376 1586 521 1619 studium,
533 1594 648 1622 nosque
660 1594 766 1614 omnes
780 1586 844 1622 ejus
856 1587 1050 1623 splendorem
1061 1596 1114 1616 na-

287 1630 422 1658 turaliter
435 1638 549 1665 amare,
561 1638 614 1666 per
625 1630 781 1666 sapientiae
790 1631 897 1658 laudes
907 1632 1024 1660 animas
1039 1632 1114 1661 exci-

287 1677 331 1704 tat
343 1674 383 1702 ad
398 1682 466 1702 eam
481 1675 611 1710 impigre
622 1675 842 1711 diligenterque
855 1677 1113 1713 consequendam.

288 1721 464 1749 Sermonem
479 1720 575 1756 ipsius
598 1720 711 1756 ubique
726 1720 855 1749 multum
871 1729 936 1750 esse
950 1723 991 1750 ait
1004 1724 1034 1750 in
1048 1723 1114 1757 viis,

285 1765 318 1794 in
336 1765 413 1799 foro,
427 1765 458 1793 in
474 1765 596 1793 arcibus
615 1765 753 1794 civitatis.
774 1766 889 1794 Idcirco
911 1767 981 1796 dicti
999 1771 1113 1804 portas,

285 1810 463 1848 plateasque
477 1813 506 1838 et
520 1811 646 1846 moenia,
660 1811 701 1839 sic
718 1814 750 1840 ut
765 1819 818 1848 per
828 1812 925 1840 exitus
939 1813 1063 1849 quidem
1078 1821 1114 1842 ac

285 1855 402 1892 plateas
418 1855 584 1884 claritatem
599 1856 664 1891 ejus
684 1856 814 1885 indicet:
831 1865 885 1893 per
904 1858 1017 1886 moenia
1029 1866 1112 1893 vero,

284 1899 444 1928 utilitatem
457 1900 596 1935 ejusdem
606 1908 641 1928 ac
651 1903 768 1935 caetera,
781 1909 850 1937 quae
863 1901 903 1930 ad
913 1910 1035 1931 omnem
1045 1904 1113 1932 vita;

285 1944 477 1973 securitatem
491 1944 651 1973 sufﬁciant.
667 1947 778 1974 Etcum
789 1946 874 1974 vellet
884 1955 939 1975 nos
951 1948 977 1975 ei
988 1956 1114 1976 consue-

284 1989 388 2017 tudine
403 1997 439 2017 ac
461 1990 684 2018 necessitudine
701 1993 904 2026 conjungere:
921 1993 986 2028 Dic,
1003 1993 1112 2030 inquit,

283 2034 463 2068 sapientiam
480 2037 561 2063 tuam
576 2042 707 2063 sororem
721 2036 822 2064 esse”.
838 2037 881 2064 Ac
895 2045 1018 2065 rursus:
1035 2039 1113 2067 Ama

284 2081 393 2114 eam,et
403 2080 533 2108 servabit
544 2081 610 2108 te”.
624 2079 735 2108 Deinde
746 2089 941 2110 communem
953 2083 1048 2118 ipsius
1059 2083 1113 2112 uti~

281 2123 397 2152 litatem
412 2124 586 2160 ostendens,
598 2125 681 2162 quod
694 2125 806 2154 utilitas
816 2126 914 2162 ipsius
926 2136 956 2155 se
972 2136 1112 2165 peraeque

282 2169 322 2197 ad
329 2177 436 2198 omnes
444 2169 1001 2208 extendat:Mactavit,inquit,victimas
1007 2174 1111 2202 suas”:

316 2257 342 2276 ⁷ο
362 2260 447 2288 Rom.
459 2265 478 2293 ι,
489 2260 533 2287 20.

281 2292 305 2312 ⁷⁸
324 2296 410 2323 Prov.
426 2302 475 2329 vn,
488 2296 515 2323 4.

573 2258 595 2277 ⁷¹
618 2260 703 2287 Prov.
720 2267 760 2294 in,
773 2261 817 2289 l9.

553 2293 576 2312 ⁷⁷
598 2296 682 2323 Prov.
700 2293 784 2330 iv,'6.
821 2296 846 2314 ⁷⁸
865 2298 952 2326 Prov.
968 2306 1004 2332 ix,
1019 2300 1047 2328 2.

314 2375 376 2417 (ἥρ)⁵
393 2373 474 2403 Colb.
500 2374 605 2403 tertius
626 2374 781 2413 προϐιϐάζει
808 2373 838 2403 δὲ
862 2377 924 2414 ἡμῖν
949 2379 996 2407 τὴν
1022 2381 1081 2417 περὶ

281 2414 348 2438 Θεοῦ
364 2412 469 2438 ἔννοιαν.

315 2448 373 2483 (93)
391 2447 436 2475 Sic
457 2446 583 2486 quidem
607 2446 721 2486 editum
743 2447 892 2486 invenitur
907 2450 990 2486 apud
1006 2452 1079 2485 LXX,

278 2483 364 2522 ἔκτισέ
378 2492 419 2519 με,
436 2484 548 2522 creavit
563 2490 609 2522 me
623 2491 634 2510 :
650 2483 703 2511 sed
718 2484 798 2520 apud
816 2485 890 2522 alios
904 2483 1079 2522 interpretes

278 2527 334 2582 pro
349 2520 436 2544 ἔκτισε
450 2519 557 2557 legitur
567 2518 706 2554 ἐκτήσατο,
716 2518 846 2554 possedit
860 2529 915 2554 me,
927 2518 1080 2550 nec‘secus

301 2554 371 2582 abet
394 2554 530 2582 Vulgata.
557 2555 684 2582 Ducseus
705 2555 801 2582 multa
825 2557 855 2582 in
875 2557 956 2582 hunc
979 2557 1079 2582 locum

301 2554 371 2582 abet
394 2554 530 2588 Vulgata.
557 2555 684 2582 Ducseus
705 2555 801 2583 multa
825 2557 856 2584 in
874 2557 956 2585 hunc
979 2557 1080 2585 locum

277 2590 413 2628 notavit;
430 2598 485 2618 nec
493 2592 578 2628 _certe
594 2590 719 2628 indigna
733 2594 803 2628 sunt
815 2600 883 2628 quae
896 2592 1043 2628 legantur.

313 2626 368 2660 (94)
390 2627 471 2663 ῌυηο
492 2625 593 2663 locum
614 2626 647 2663 ᾧν
664 2625 735 2663 ίούχὶ
757 2625 905 2661 autem,
922 2625 990 2662 ἔω,
1011 2629 1079 2657 illu-

278 2662 377 2688 strans
392 2662 519 2689 Ducmus
533 2662 564 2689 in
580 2661 641 2689 suis
667 2661 757 2697 notis,
775 2663 814 2691 ait
836 2665 877 2691 ita
903 2661 1080 2692 vertendum

277 2703 344 2733 esse
355 2704 422 2724 cum
434 2697 573 2731 Conario,
581 2705 707 2732 quorum
720 2699 854 2733 ipsorum
864 2707 947 2728 voces
958 2708 1017 2728 non
1028 2709 1081 2729 au-

276 2731 471 2771 diuntur,au_t
478 2735 566 2771 certe,
575 2731 599 2760 si
608 2731 818 2771 Hebreis-muni
828 2737 856 2762 et
866 2735 1078 2771 pleonasmum

276 2775 396 2797 servare
409 2768 547 2803 velimus,
557 2769 616 2798 hoc
627 2770 732 2804 modo,
742 2768 941 2805 quorum'non
952 2773 1080 2801 audiun-

855 2260 880 2279 '”
903 2262 987 2290 Prov.
1002 2263 1062 2297 viii,
1078 2264 1169 2293 27-30.

1171 1553 1254 1570 σεται.
1276 1542 1357 1580 Ὀρῶν
1380 1543 1431 1579 γὰρ
1455 1543 1485 1568 τὸ
1508 1541 1639 1579 φιλότιμον
1663 1545 1712 1568 τῶν
1740 1540 1898 1578 ἀνθρώπων,
1923 1543 1967 1567 καὶ

1169 1589 1208 1615 ὅτι
1233 1589 1323 1618 πάντες
1345 1591 1460 1623 φυσικῶς
1480 1589 1510 1613 τὸ
1534 1587 1667 1624 περιφανὲς
1687 1586 1766 1617 αὐτῆς
1781 1585 1966 1622 ἀσπαζόμεθα,

1169 1632 1216 1660 διὰ
1229 1637 1278 1659 τῶν
1299 1633 1408 1659 ἐπαίνων
1429 1637 1475 1662 τῆς
1491 1634 1581 1668 σοφίας
1603 1631 1727 1668 ἐπεγείρει
1741 1631 1785 1661 τὰς
1798 1630 1889 1666 ψυχὰς
1903 1632 1967 1668 πρὸς

1167 1680 1195 1704 τὸ
1220 1680 1256 1715 μὴ
1277 1678 1379 1715 νωθρῶς
1405 1675 1474 1714 μηδὲ
1499 1678 1633 1714 παρέργως
1655 1676 1734 1706 αὐτῆς
1763 1674 1966 1702 ἀντιποιεῖσθαι.

1168 1726 1310 1759 [Ιανταχοῦ
1336 1722 1416 1752 αὐτῆς
1441 1721 1520 1748 πολὺν
1550 1719 1614 1747 εἶναι
1642 1722 1685 1747 τὸν
1713 1719 1788 1756 λόγον
1817 1721 1917 1756 φησίν,
1942 1718 1966 1745 ἔν

1167 1766 1250 1800 ὁδοῖς,
1275 1767 1300 1794 ἐν
1327 1766 1442 1804 ἀγοραῖς,
1473 1765 1497 1792 ἐν
1523 1769 1577 1796 τοῖς
1603 1765 1762 1803 ὀχυρώμασι
1787 1768 1833 1794 τῆς
1858 1763 1964 1794 πόλεως.

1167 1814 1215 1839 Διὰ
1237 1816 1314 1838 τοῦτο
1335 1811 1416 1842 πύλας
1438 1810 1504 1846 λέγει
1527 1812 1572 1837 καὶ
1599 1809 1719 1840 πλατείας
1743 1811 1788 1836 καὶ
1810 1811 1902 1844 τείχη,
1920 1807 1967 1835 διὰ

1166 1859 1211 1894 μὲν
1232 1861 1282 1883 τῶν
1305 1855 1400 1888 ἐξόδων
1421 1857 1467 1882 καὶ
1486 1859 1535 1882 τῶν
1559 1854 1685 1881 πλατειῶν
1709 1856 1738 1880 τὸ
1760 1855 1894 1891 περιφανὲς
1916 1852 1964 1879 αὑ-

1166 1907 1213 1933 τῆν
1240 1903 1402 1938 ὑποφαίνων,
1434 1899 1481 1928 διὰ
1507 1898 1536 1926 δὲ
1561 1904 1611 1926 τῶν
1639 1903 1735 1935 τειχῶν
1759 1899 1788 1924 τὸ
1815 1897 1859 1924 ἀπ’
1884 1897 1965 1928 miri;

1167 1948 1301 1985 ὠφέλιμον,
1315 1950 1360 1974 καὶ
1381 1948 1444 1985 πρὸς
1455 1949 1543 1972 πᾶσαν
1565 1944 1705 1981 ἀσφάλειαν
1720 1947 1766 1970 τοῦ
1790 1942 1851 1980 βίου
1865 1944 1964 1980 αὔταρ-

1166 2004 1217 2025 κες.
1255 1996 1305 2020 Καὶ
1344 1992 1497 2029 βουλόμενος
1529 1992 1597 2027 ἡμᾶς
1633 1989 1698 2025 αὐτῇ
1734 1992 1941 2026 προσοικειῶσαι
1956 1997 1963 2004 ·

1166 2038 1262 2075 Εἶπον,
1288 2040 1372 2074 φησί,
1397 2039 1444 2066 τὴν
1472 2038 1563 2072 σοφίαν
1592 2037 1640 2064 σὴν
1665 2032 1777 2070 ἀδελφὴν
1807 2031 1891 2059 εἶναι·
1921 2034 1965 2058 καὶ

1166 2084 1262 2111 πάλιν·
1291 2083 1433 2120 Ἐράσθητι
1462 2080 1551 2115 αὐτῆς,
1572 2079 1617 2106 καί
1643 2081 1753 2116 τηρήσει
1779 2087 1817 2104 σε.
1848 2076 1913 2104 Εἶτα
1936 2078 1964 2102 τὸ

1166 2128 1312 2165 κοινωφελὲς
1329 2127 1408 2157 αὐτῆς
1433 2124 1632 2161 ἐνδεικνύμενος,
1655 2126 1699 2149 καὶ
1714 2124 1754 2149 ὅτι
1775 2125 1856 2149 πᾶσιν
1872 2122 1965 2158 ὁμοίως

1167 2173 1265 2200 ἀνεῖται
1288 2175 1316 2199 τὸ
1340 2171 1383 2198 ἀπ’
1409 2171 1488 2201 αὐτῆς
1512 2169 1655 2207 ὠφέλιμον·
1680 2166 1805 2204 Ἐσφαξε,
1828 2176 1905 2203 φησι,
1932 2166 1966 2192 τὰ

1748 2257 1773 2276 τε
1787 2257 1874 2286 Prov.
1886 2264 1908 2292 ι,
1919 2256 1964 2292 20,

1208 2263 1233 2282 ⁷³
1252 2262 1326 2292 ibid.
1337 2263 1382 2291 22.
1420 2261 1445 2280 ἰδ
1464 2259 1539 2289 Psal.
1551 2266 1630 2293 xvm,
1642 2259 1670 2293 2,
1683 2259 1711 2287 4.

1135 2382 1187 2408 tur
1196 2385 1280 2408 voces
1293 2383 1412 2412 eorum;
1424 2373 1642 2414 quasir,inquit,
1659 2373 1739 2402 dicat
1764 2370 1860 2401 David
1872 2381 1879 2400 :
1890 2369 1966 2414 Non

1133 2419 1205 2444 sunt
1217 2416 1342 2451 loquelae
1351 2411 1493 2442 calorum
1505 2411 1682 2451 illaehieque
1691 2416 1850 2451 sermones,
1861 2411 1967 2443 utpote

1133 2448 1261 2487 quorum
1277 2458 1362 2479 voces
1376 2457 1437 2478 non
1450 2449 1670 2487 audiuntur,_e_t
1686 2448 1785 2487 tamen
1800 2448 1832 2485 in
1847 2452 1965 2487 omnem

1134 2481 1247 2515 terram
1272 2487 1364 2515 exivit
1388 2492 1478 2513 sonus
1498 2491 1607 2512 eorum.
1631 2483 1664 2509 Et
1678 2490 1715 2509 ne
1737 2481 1801 2509 haec
1816 2481 1964 2516 interpre-

1134 2523 1206 2550 tatio
1221 2530 1301 2550 nova
1322 2521 1470 2555 videatur,
1483 2520 1548 2555 ejus
1571 2517 1683 2554 profert
1697 2516 1914 2555 veteres‘duos
1929 2523 1965 2543 ac

1132 2558 1259 2586 idoneos
1274 2560 1423 2591 auctores,
1437 2551 1673 2584 Theodotionem
1688 2555 1716 2580 et
1730 2551 1962 2591 Theodoretum.

1169 2595 1226 2629 (95)
1247 2593 1308 2624 llla,
1319 2588 1481 2629 ὑμνςῑτριι....
1497 2592 1669 2629 κηρύσσεται,
1682 2588 1778 2629 active
1789 2595 1829 2629 an
1839 2588 1962 2629 passive

1133 2622 1425 2665 accipiantur,'nihil,
1437 2626 1521 2665 quod
1532 2622 1575 2665 'ad
1590 2633 1711 2653 sensum
1726 2622 1964 2665 a_ttine3,’referre

1133 2658 1330 2693 arbitramur:
1343 2658 1458 2692 Etenim
1473 2663 1495 2689 si
1511 2662 1607 2698 active
1628 2662 1797 2698 sumantur,
1818 2658 1890 2698 haec
1907 2658 1964 2698 erit

1134 2702 1292 2734 sententia,
1311 2698 1465 2735 Sapientia
1484 2697 1617 2735 seipsam
1638 2695 1720 2735 canit
1738 2702 1774 2735 ac
1789 2693 1960 2735 praedicat:

1134 2737 1160 2773 si
1177 2730 1304 2773 passive,
1318 2730 1384 2773 lisse
1405 2733 1498 2761 verba
1515 2730 1561 2773 ita
1578 2730 1775 2773 intelligenda
1793 2731 1893 2773 erunt,
1909 2730 1961 2757 Sa-

1132 2768 1245 2808 pientia
1258 2771 1376 2800 canitur
1391 2777 1427 2798 ac
1441 2768 1624 2806 praedicatur
1638 2775 1656 2796 θ.
1671 2768 1846 2801 semetipsa.
