2059 3136
143 89 198 118 393

622 89 769 118 HOMILIA
790 91 824 118 IN
840 89 1046 118 PRINCIPIUM
1065 91 1352 120 PROVERBIORUM.

1779 92 1832 124 394

146 152 243 182 ἑαυτῆς
263 152 384 187 θύματα⁴
409 153 540 186 τουτέστι,
567 153 670 189 στερεὰν
694 155 792 189 τροφὴν
815 153 944 189 ἡτοιμασε

1001 152 1057 180 hoc
1072 154 1126 187 est,
1141 153 1271 182 solidum
1286 154 1388 182 cibum
1403 154 1584 191 prmparavit
1600 155 1645 190 iis,
1656 156 1708 192 qui
1719 157 1835 190 animle

146 199 202 226 τοῖς
226 194 274 222 διὰ
294 198 342 225 τὴν
365 196 416 227 ἕξιν
440 199 660 233 γεγυμνασμένοις
674 198 708 223 τὰ
721 197 877 234 αὶσοετήρια
897 202 944 228 τῆς

144 240 252 277 ψυχῆς,
286 240 420 277 Ἐκέρασεν
447 241 483 272 εἰς
514 246 633 278 κρατῆρα
665 243 708 268 τὸν
737 244 832 273 ἑαυτῆς
866 241 943 276 οἶνον,

145 288 199 312 τόν·
224 285 393 322 εὐφραίνοντα
423 284 535 323 καρδίαν
576 285 722 323 ἀνθρώπου.
758 291 883 324 Κρατῆρα
917 285 946 313 δὲ

144 330 214 366 λέγει
237 333 284 360 τὴν
308 332 396 359 κοινὴν
420 333 464 356 καὶ
492 329 630 367 πάνδημον
653 336 702 358 τῶν
729 331 832 368 ἀγαθῶν
856 341 946 368 μετου-

146 378 206 402 σίαν
219 386 226 392 ·
244 375 299 402 ὃθεν
321 376 445 411 ὁμοτίμος
466 378 547 401 πᾶσιν
571 376 656 407 ἔξεστι
673 378 703 402 τὸ
719 376 820 412 ἑκάστῷ
836 375 946 402 δυνατὸν

145 423 192 447 καὶ
236 422 382 457 σύμμετρον
412 419 585 457 ἁπαρύεσθαι.
616 423 666 448 Καὶ
703 422 867 458 ἡτοιμάσατο
899 423 946 450 τήν

147 466 242 496 ἑαυτῆς
270 465 411 502 τράπεζαν.
440 466 529 491 Πάντα
557 463 599 491 δι’
625 465 758 502 ἐμφάσεως
789 466 865 502 λέγει,
901 464 948 492 διὰ

145 515 197 536 τῶν
230 514 384 546 σωματικῶν
413 510 447 536 τὰ
471 511 635 546 πνευματικὰ
669 511 732 547 ἡμῖν
760 509 945 548 παραδεικνύς.

145 558 199 585 Τὴν
213 556 265 592 γὰρ
289 554 395 590 λογικὴν
418 557 513 591 τρο-γὴν
537 559 586 586 τῆς
599 555 694 590 ψυχῆς
709 556 840 592 τράπεζαν
856 555 948 591 ὀνομά-

148 601 197 634 ζει,
213 602 278 638 πρὸς
294 599 323 629 ἣν
338 599 462 635 συγκαλεί
474 600 540 636 μετὰ
561 599 663 635 ὑψηλοῦ
678 602 856 637 κηρύγματος,
873 610 948 626 τουτ‹

149 646 215 679 ἐστι,
245 646 311 682 μετά
335 643 472 681 δογμάτων
499 643 574 672 οὐδὲν
597 647 718 672 ταπεινὸν
745 644 807 672 οὐδὲ
835 644 947 672 καταϐε-

149 690 272 727 ϐλημένον
309 689 431 726 ὶχόντων.
468 688 517 720 ὀς
557 689 627 716 ἐστιν
669 691 766 727 ἄφρων,
807 690 948 717 ἐκκλινάτω

148 738 214 773 πρὸς
237 736 278 771 μέ.
293 734 336 765 Ὠς
351 735 401 772 γὰρ
425 735 451 760 οἱ
475 734 627 765 ἁσθενοῡτες
651 735 801 772 χρῄζουσιν
817 735 946 772 ἰατρικῆς,

149 781 216 807 οὕτω
230 782 322 816 σοφίας
346 782 371 806 οί
390 780 498 816 ἄφρονες
512 777 670 807 ἒπιδέονται.
688 782 737 807 Καὶ
749 782 779 806 τό
791 791 797 797 ·
821 784 948 817 Κρεῐσσον

1000 205 1108 225 sensus
1123 198 1236 226 habent
1250 200 1426 227 exercitatos
1436 199 1475 228 ob
1491 200 1755 230 assuetudinem".
1772 204 1832 231 Μί-

1000 243 1076 270 scuit
1090 243 1122 270 in
1138 245 1283 272 craterem
1298 251 1385 271 suum
1400 245 1536 278 vinum”,
1547 245 1703 279 laeti/iram
1716 255 1768 276 cor
1779 248 1832 276 Ιιο-

1000 287 1125 316 minis“.
1155 289 1305 316 Craterem
1339 291 1439 316 autem
1478 289 1610 325 appellat
1637 299 1832 322 communem

1001 331 1233 368 generalemque
1255 332 1408 360 bonorum
1442 334 1722 370 participationem:
1751 338 1833 366 unde

1000 376 1143 404 omnibus
1165 377 1245 412 licet,
1260 379 1411 413 quantum
1427 379 1557 415 quisque
1572 382 1680 416 potest,
1697 384 1726 409 et
1738 390 1834 418 quan-

1001 423 1066 449 tum
1080 421 1188 458 cuique
1204 423 1353 459 congruit,
1368 423 1524 459 aequaliter
1538 424 1671 454 haurire.
1684 426 1724 454 Et
1739 434 1835 462 para-

1002 467 1042 508 yit
1058 474 1143 495 suam
1163 467 1333 496 mensam".
1351 467 1459 496 Omnia
1480 475 1535 504 per
1559 469 1729 505 emphasim
1751 471 1834 508 dicit,

1002 512 1169 547 spiritualia
1183 512 1271 540 nobis
1287 520 1340 548 per
1354 513 1525 549 corporalia
1543 513 1734 549 signiﬁcans.
1758 518 1834 545 Nam

1001 557 1182 585 rationalem
1204 557 1314 585 animae
1341 557 1444 586 cibum
1471 566 1610 587 mensam
1632 561 1781 597 nominat,
1797 561 1837 590 ad

1001 609 1095 638 quam
1116 601 1176 629 alto
1190 609 1260 630 cum
1276 603 1428 638 praeconio
1446 606 1602 639 convocat,
1618 605 1676 633 hoc
1692 608 1748 639 est,
1765 614 1836 634 cum

1002 646 1128 675 decretis
1144 655 1178 674 ac
1188 647 1330 675 institutis
1341 647 1415 675 nihil
1428 648 1542 676 humile
1553 652 1606 677 aut
1618 650 1772 686 abjectum
1783 651 1837 679 ha-

1001 691 1154 719 bentibus.
1185 691 1243 729 Οιιί
1262 692 1409 726 insipiens
1435 695 1487 726 est,
1516 693 1645 722 declinet
1681 695 1723 723 ad
1754 696 1836 724 me”

1004 735 1267 768 Quemadmodum
1279 736 1359 764 enim
1370 744 1418 764 ars
1431 737 1550 765 medica
1560 738 1686 766 infirmis
1697 747 1838 769 necessa-

1002 780 1048 808 ria
1062 783 1116 814 est,
1131 779 1173 808 sic
1184 780 1362 817 insipientes
1376 781 1525 817 sapientia
1536 782 1683 817 indigent.
1701 785 1733 812 Et
1743 785 1836 813 illud:

147 828 197 864 γὰρ
226 825 308 854 αὐτὴν
331 823 531 861 ἐμπορεύεσθαι,
557 824 572 853 ἦ
599 834 716 861 χρυσιου
742 825 797 860 (96)
823 827 868 851 καὶ
899 825 945 862 ἀρ-

1003 825 1111 853 Metius
1127 827 1169 852 est
1192 826 1270 853 enim
1285 825 1372 852 illam
1385 827 1527 860 mercari,
1544 834 1633 862 quam
1655 829 1725 856 auri
1747 832 1774 857 et
1789 837 1838 858 αν-

148 873 240 908 γυρίου
280 870 448 907 θησαυρούςο
475 871 520 895 καὶ
562 871 611 895 τό·
645 871 793 906 Τιμιωτέρα
830 868 860 896 δέ
892 869 949 896 ἐστι

148 916 225 942 λίθων
251 913 412 941 πολυτελῶν·
444 917 495 940 πᾶν
524 911 554 940 δι
584 915 670 950 τίμιον
697 913 744 940 οὐκ
772 914 843 945 ἄξιον
867 914 950 946 αὐτῆς

149 959 224 987 ἐστι’
250 969 295 986 και
319 961 368 986 τοι
392 959 446 992 Υί“ε,
477 957 519 984 ἐὰν
544 960 623 994 σοφὸς
646 968 705 995 γενῃ
732 963 844 994 σεαυτῷ,
870 961 948 996 σοφὸς

149 1006 195 1041 ἔσῃ
225 1006 271 1030 καὶ
300 1007 355 1035 τοῖς
382 1003 493 1032 πλησιον
514 1003 571 1038 (97)
597 1012 664 1029 σου·
694 1005 739 1029 καὶ
764 1005 812 1029 τό·
838 1004 889 1038 Υἱῷ
919 1002 948 1030 δὲ

150 1054 222 1086 σοφῷ
245 1047 333 1076 εὔοδοι
355 1049 460 1075 ἔσονται
487 1048 604 1084 πράξεις.
630 1050 681 1075 Καὶ
707 1047 770 1079 ὅλως
794 1048 878 1079 ἔξεστι
905 1058 948 1074 σοι

149 1098 244 1131 γνῶναι
264 1097 310 1120 τοῦ
338 1093 415 1129 λόγου
443 1094 490 1122 τὴν
517 1091 645 1126 ἀλήθειαν,
676 1092 851 1129 ἀναλεξαμένῳ
880 1093 948 1119 κατὰ

151 1138 253 1175 σχολὴν
273 1139 307 1165 τὰ
327 1140 386 1174 περὶ
407 1141 455 1168 τῆς
479 1139 572 1173 σοφίας
592 1137 716 1174 εἰρημένα
735 1141 772 1172 τῷ
791 1137 945 1173 Σολομῶντι.

151 1182 257 1213 Ἐπειδὴ
288 1181 318 1210 δε
354 1182 391 1213 εἰς
427 1184 586 1218 κακότεχνον
619 1181 712 1218 ψυχὴν
749 1182 796 1208 οὐκ
838 1182 946 1209 εἰσελεύ-

149 1237 222 1255 σεται
238 1230 326 1264 σοφία,
340 1228 459 1263 καθαίρει
482 1229 607 1264 πρότερον
630 1225 677 1252 διὰ
699 1224 746 1253 τοῦ
770 1227 838 1253 θείου
865 1226 945 1263 φόϐου

146 1274 193 1304 τὰς
206 1272 299 1309 ψυχὰς
314 1276 364 1299 τῶν
387 1271 528 1308 μελλόντων
553 1275 585 1307 τῇ
611 1273 690 1308 σοφίᾳ
715 1271 894 1308 προσομιλεῖν.
910 1273 946 1299 Τὸ

145 1319 196 1355 γὰρ
210 1318 246 1348 εἰς
265 1319 327 1348 τοὺς
348 1319 477 1353 τυχόντας
495 1316 594 1353 ῥίπτειν
618 1316 652 1342 τὰ
672 1319 720 1347 τῆς
745 1318 877 1353 σωτηρίας
898 1326 947 1352 μυ-

147 1365 253 1399 στήρια,
267 1364 312 1388 καὶ
336 1363 435 1392 πάντας
459 1361 554 1397 ὁμοίως
577 1359 789 1398 παραδέχεσθαι,
805 1362 866 1391 τοὺς
879 1363 946 1397 μήτε

146 1406 198 1443 βίῳ
220 1407 337 1443 καθαρῷ,
352 1408 419 1442 μήτε
439 1405 508 1442 λόγῳ
532 1404 696 1441 ἄξητασμένῳ
715 1406 759 1430 καὶ
782 1403 883 1441 ἀκριϐεῖ
905 1414 946 1431 κε-

144 1453 302 1488 χρημένους,
319 1451 407 1487 ὅμοιόν
428 1450 499 1477 ὶστιν
523 1450 610 1487 ὥσπερ
633 1449 664 1475 ἂν
685 1449 708 1475 εὶ
731 1451 775 1475 καὶ
800 1448 824 1475 ἐι
849 1449 944 1486 ἀγγείῳ

143 1506 183 1528 τις
209 1496 319 1534 ῥυπαρῷ
351 1497 382 1522 τὸ
411 1495 588 1532 πολυτίμητον
618 1496 700 1532 μύρον
731 1493 862 1530 ἐμϐάλλοι.
898 1497 945 1521 Δια

145 1545 230 1574 τοῦτο,
252 1541 338 1578 Ἀρχὴ
370 1542 472 1577 σοφίας,
497 1539 574 1577 φόϐος
597 1542 705 1576 Κυρίου.
739 1538 818 1570 Φόϐος
842 1537 872 1566 δὲ
899 1549 945 1565 κοι-

146 1587 252 1624 θάρσιον
266 1586 361 1622 ψυχῆς
372 1586 449 1613 κατὰ
461 1587 509 1614 τὴν
533 1585 615 1621 εὐχὴν
630 1588 677 1611 τοῦ
697 1586 831 1622 προφήτου
855 1583 944 1620 λέγον-

144 1641 206 1663 τος”
236 1632 395 1660 Καθήλωσον
427 1629 456 1657 ἔκ
487 1634 533 1658 τοῦ
571 1629 650 1666 φόϐου
678 1639 726 1656 σου
761 1630 809 1661 τὰς
847 1630 945 1667 σάρκας

145 1686 205 1712 μου.
218 1676 263 1708 Ὠς
286 1677 351 1703 ὅπου
374 1675 450 1712 φόϐος
474 1674 575 1708 ἐνοικεῖ,
596 1674 647 1701 ἐκεῖ
665 1674 763 1710 ψυχῆς
785 1674 878 1701 ἅπασα
899 1683 945 1700 κα-

147 1722 259 1758 θαρότης
273 1719 416 1758 ἕνίδρυται,
432 1721 522 1751 πάσης
540 1721 667 1756 πονηρίας
691 1721 735 1744 καὶ
760 1717 864 1745 ἀνοσίου
880 1719 946 1756 πρά-

146 1765 209 1796 ξεως
220 1766 276 1801 (98)
289 1766 495 1802 ὑποφευγούσης,
509 1768 560 1790 τῶν
581 1767 628 1790 τοῦ
652 1766 773 1800 σώματος
794 1763 874 1800 μελῶν
900 1773 944 1789 κι-

145 1810 257 1838 νηθῆναι
277 1811 341 1846 πρὸς
368 1809 479 1840 ἁτοπους
504 1808 638 1846 ἆνεργείας,
669 1806 717 1834 διὰ
748 1809 778 1834 τὸ
810 1811 847 1843 τῷ
874 1807 945 1843 φόϐῳ

144 1854 325 1888 καθηλῶσθαι,
345 1857 380 1891 μὴ
404 1853 564 1891 δυναμένων,
588 1852 688 1890 Ὠσπερ
715 1853 764 1889 γὰρ
794 1852 807 1878 ό
832 1851 945 1888 ἰμπεπη-

143 1901 220 1935 γότας
237 1900 305 1936 ἔχων
320 1899 345 1926 ἐν
368 1899 450 1935 ἐαυτῷ
473 1900 535 1930 τοὺς
557 1899 724 1934 σωματικοὺς
747 1896 824 1927 ἣλους
843 1895 945 1934 ἀνενέρ-

143 1946 223 1979 γητος
245 1943 316 1970 ἔστιν
340 1944 390 1970 ὑπὸ
406 1948 456 1970 τῶν
482 1942 581 1970 ὀδυνῶν
609 1944 803 1978 κατεχόμενος·
828 1940 908 1972 οὕτως
931 1941 945 1967 ὁ

143 1993 179 2024 τῷ
194 1989 262 2026 φόϐῳ
282 1993 329 2016 τοῦ
351 1993 418 2016 Θεοῦ
433 1988 645 2025 κατειλημμένος,
663 1987 710 2014 οὐκ
730 1986 853 2023 ὀφθαλμῷ
876 1997 945 2024 χρη-

145 2035 242 2061 σασθαι
263 2035 329 2071 πρὸς
347 2033 366 2060 ἃ
388 2036 424 2070 μὴ
447 2031 497 2067 δεῖ,
514 2033 544 2059 οὐ
566 2036 658 2070 χεῖρας
681 2036 789 2062 κινῆσαι
811 2033 875 2069 πρὸς
897 2031 945 2058 ἀπ-

144 2081 317 2116 ηγορευμένας
329 2079 448 2115 πράξεις,
464 2078 511 2104 οὐκ
535 2078 600 2108 ὅλως
622 2078 715 2114 μικρὸν
737 2077 752 2105 ἣ
776 2077 865 2112 μεῖζον
879 2075 945 2112 ἔνερ-

143 2127 225 2159 7ἧσαι
237 2124 311 2160 παρὰ
332 2125 362 2149 τὸ
383 2124 497 2152 καθῆκον
522 2120 643 2155 δύναται,
659 2122 713 2147 οἷον
735 2119 815 2158 ὀδύνῃ
840 2123 891 2147 τινὶ
911 2124 942 2157 τῇ

143 2166 293 2205 προσδοκίᾳ
307 2172 357 2194 τῶν
371 2167 559 2197 ἀπειληθέντων
574 2167 800 2203 συμπεπαρμένος.
862 2201 867 2206 ξ

179 2216 204 2241 5.
225 2215 292 2244 Τοὺς
314 2211 343 2239 δὲ
359 2212 486 2249 βεϐήλους
504 2214 547 2239 καὶ
568 2209 741 2250 συρφετώδεις
763 2209 945 2246 ἀποπέμπεται

143 2261 193 2284 τῶν
218 2259 290 2285 θείων
310 2256 501 2292 διδασκαλιῶν,
526 2257 625 2292 λέγων.
654 2255 764 2292 Ἀφοϐοι
789 2254 818 2282 δὲ
841 2256 898 2291 (99)
920 2254 944 2280 ἐν

143 2303 236 2334 πύλαις
275 2302 499 2332 αὐλισθήσονται.
533 2303 579 2328 καὶ
619 2303 665 2327 τόδ
701 2303 832 2330 Ζητήσετε
873 2300 946 2337 παρὰ

143 2352 234 2379 κακοῖς
273 2350 376 2385 σοφίαν,
412 2350 458 2374 καὶ
499 2346 552 2383 οὐχ
591 2346 732 2384 εὑρήσετε·
766 2347 812 2372 καὶ
841 2344 940 2374 πήλιν-

177 2438 202 2457 ⁷⁹
218 2437 308 2467 Hebr.
324 2447 357 2468 v.
379 2439 423 2466 14.

142 2475 166 2493 ⁸³
179 2474 256 2504 ibid.
275 2477 321 2503 15.
372 2474 396 2493 ⁸⁸
411 2476 499 2502 Prov.
519 2481 560 2508 1x,
577 2474 623 2501 l2.

129 2511 163 2528 ·⁹²
180 2511 272 2539 Eccli.
287 2519 308 2546 1,
323 2512 369 2539 28.
408 2511 432 2529 ”
444 2512 531 2538 Prov.
542 2516 601 2543 λιν,
616 2510 643 2537 6.

475 2437 500 2456 3°
514 2437 604 2466 Prov.
626 2443 667 2466 ιχ.
683 2437 713 2464 2.

660 2457 814 2500 ἐΤΡιονῖ
822 2457 882 2505 Gil};
895 2457 942 2499 13".

177 2609 238 2649 (ρῳ
252 2609 298 2649 _Sic
313 2610 378 2649 tres
388 2616 476 2649 mss.,
491 2615 546 2636 nec
557 2605 640 2649 aliter
652 2605 763 2648 tegitur
776 2604 859 2649 apud
872 2604 946 2649 LXX.

141 2643 263 2690 Atlediti
279 2648 306 2690 et
318 2644 527 2680 Colb.primus
538 2643 643 2671 ordine
654 2643 775 2671 inverso
790 2643 804 2671 ἡ
818 2643 945 2679 ἀργυρίου

142 2691 189 2708 και
202 2692 224 2718 χ
243 2691 332 2708 υσιου.

178 2691 240 2751 (97ς
256 2716 340 2744 Colb.
358 2715 462 2744 tertius
480 2718 525 2741 καὶ
538 2718 575 2750 τῷ
590 2714 712 2743 πλησίον.

179 2749 234 2790 (08)
250 2751 414 2782 Colbertini
429 2751 547 2787 primus
562 2753 590 2778 et
613 2750 717 2779 tertius
732 2749 819 2781 πάσης
834 2750 947 2785 πονηρᾶς

293 2807 416 2835 ΡΑτιιοι.
439 2805 478 2833 Gn
485 2824 492 2834 .
515 2803 615 2835 XXXI.

768 2435 789 2454 ⁸¹
803 2434 882 2464 Psal.
903 2442 962 2471 om,
980 2435 1025 2463 15.

1003 870 1086 904 genti
1100 869 1288 898 thesauros“.
1306 871 1379 897 Item
1399 870 1492 898 illud:
1517 871 1685 900 Pretiosior
1699 877 1742 901 est
1758 874 1836 909 tapi-

1003 914 1090 942 dibus
1102 914 1261 949 pretiosis:
1271 921 1358 942 omne
1367 916 1466 942 autem
1476 917 1639 950 pretiosum
1647 925 1707 945 non
1721 920 1764 946 est
1778 919 1836 946 illa

1003 959 1164 994 dignum“.
1179 960 1226 986 Et:
1241 959 1314 993 Fili,
1329 959 1355 986 si
1369 959 1489 993 sapiens
1513 960 1612 994 fueris
1633 962 1698 995 tibi,
1714 963 1835 997 sapiens

1003 1004 1059 1033 eris
1082 1006 1108 1031 et
1131 1004 1279 1038 proximis
1305 1004 1402 1031 tuis“.
1419 1003 1496 1032 lllud
1515 1013 1656 1041 quoque:
1681 1007 1761 1035 Filio
1784 1015 1835 1036 sa-

1002 1049 1097 1084 pienti
1104 1055 1248 1083 prospere
1260 1048 1362 1076 cedent
1373 1049 1541 1077 actiones".
1554 1051 1587 1077 Et
1600 1050 1631 1077 in
1642 1050 1835 1086 summa,tibi

1001 1093 1070 1122 licet
1094 1093 1242 1121 sermonis
1265 1093 1422 1121 veritatem
1448 1101 1645 1131 cognoscere,
1663 1104 1717 1132 per
1738 1097 1833 1126 otium

1002 1147 1039 1168 ea
1052 1145 1121 1174 quae
1135 1137 1173 1166 de
1187 1138 1336 1174 sapientia
1355 1146 1374 1166 a
1397 1138 1559 1167 Salomone
1572 1139 1652 1168 dicta
1666 1143 1737 1169 sunt
1752 1142 1834 1170 colli-

1002 1183 1092 1220 genti.
1111 1183 1257 1216 Quoniam
1279 1190 1348 1211 vero
1366 1183 1398 1210 in
1413 1184 1593 1212 malevolam
1613 1186 1747 1214 animam
1770 1195 1832 1215 non

1001 1228 1139 1257 introibit
1153 1227 1339 1262 sapientia",
1355 1227 1438 1263 prius
1449 1228 1569 1256 animas
1583 1237 1688 1258 eorum
1699 1231 1750 1267 qui
1761 1234 1832 1260 sunt

999 1280 1070 1301 cum
1085 1271 1234 1308 sapientia
1245 1271 1445 1305 ‘collocuturi,
1460 1280 1514 1308 per
1528 1272 1667 1302 divinum
1690 1275 1831 1304 timorem

999 1318 1157 1354 expurgat.
1173 1317 1248 1344 Nam
1259 1316 1405 1352 projicere
1420 1316 1452 1344 in
1467 1315 1577 1352 vulgus
1591 1319 1737 1354 mysteria
1749 1319 1830 1348 salu-

1000 1362 1046 1396 tis,
1060 1364 1089 1389 et
1103 1368 1210 1389 omnes
1230 1368 1266 1388 ex
1289 1368 1378 1396 aequo
1392 1361 1536 1397 recipere,
1553 1369 1651 1398 neque
1670 1363 1733 1392 vita
1752 1370 1832 1400 pura.

998 1408 1131 1440 ornatos,
1148 1413 1247 1441 neque
1262 1404 1412 1441 exquisita
1424 1408 1452 1433 et
1462 1409 1604 1434 accurata
1617 1407 1732 1436 ratione
1746 1417 1830 1444 usos,

998 1450 1124 1487 perinde
1143 1452 1188 1478 est
1203 1458 1238 1478 ac
1254 1450 1279 1477 si
1294 1449 1362 1485 quis
1375 1453 1563 1485 unguentum
1578 1451 1832 1488 pretiOSissimum

999 1496 1030 1524 in
1053 1503 1107 1523 vas
1134 1494 1291 1522 sordidum
1313 1493 1465 1522 infuderit.
1483 1495 1686 1528 Quamobrem
1705 1497 1831 1526 Initium

998 1540 1164 1575 sapientiae,
1179 1540 1268 1567 timor
1286 1539 1444 1567 Domini“.
1460 1539 1574 1567 Animae
1598 1543 1699 1569 autem
1724 1549 1833 1578 expur-

1000 1585 1079 1621 gatio
1094 1584 1182 1613 timor
1196 1586 1250 1616 est,
1270 1584 1353 1619 101
1371 1584 1458 1619 juxta
1474 1584 1630 1620 prophetia
1645 1587 1763 1618 votum,
1779 1587 1833 1622 qui

1000 1631 1058 1659 ait:
1076 1630 1197 1665 Conﬁge
1213 1629 1318 1657 timore
1342 1632 1393 1657 tuo
1415 1636 1521 1657 carnes
1545 1631 1663 1658 meas”.
1680 1632 1756 1658 Nam
1780 1631 1834 1659 ubi

999 1676 1089 1704 timor
1099 1674 1258 1708 inhabitat,
1272 1673 1314 1701 ibi
1327 1675 1389 1701 tota
1405 1673 1516 1701 animae
1546 1674 1709 1703 mundities
1721 1675 1835 1704 residet

999 1719 1177 1754 autugitque
1192 1718 1292 1746 omnis
1315 1718 1449 1753 pravitas
1465 1720 1556 1754 atque
1575 1719 1653 1746 actio
1667 1719 1772 1756 impia,
1790 1719 1833 1748 si-

999 1763 1123 1800 quidem
1134 1762 1273 1790 membra
1285 1762 1432 1797 corporis,
1446 1762 1531 1798 quod
1548 1763 1654 1791 timore
1670 1764 1758 1799 quasi
1769 1765 1835 1800 qui-

999 1808 1132 1837 busdam
1148 1806 1242 1835 clavis
1257 1805 1377 1834 conﬁxa
1399 1805 1469 1840 sint,
1483 1806 1523 1834 ad
1543 1806 1643 1843 turpia
1658 1816 1751 1843 opera
1770 1816 1835 1836 non

1000 1855 1115 1889 queunt
1131 1851 1256 1880 moveri.
1272 1851 1353 1879 Sicut
1367 1851 1448 1879 enim
1463 1851 1515 1887 qui
1539 1852 1714 1888 corporales
1730 1853 1834 1881 clavos

999 1898 1093 1927 habet
1118 1897 1149 1925 in
1175 1897 1276 1932 seipso
1303 1895 1453 1931 conﬁxos,
1469 1895 1544 1924 nihil
1570 1904 1659 1932 agere
1677 1899 1776 1933 potest
1794 1898 1835 1927 ob

1000 1951 1052 1971 eos
1062 1942 1175 1979 quibus
1191 1941 1340 1969 detinetur
1355 1939 1493 1969 dolores:
1523 1940 1565 1969 sic
1580 1941 1633 1978 qui
1653 1942 1760 1970 timore
1784 1943 1835 1971 Dei

1000 1989 1156 2023 correptus
1170 1988 1226 2021 est,
1243 1993 1304 2014 non
1319 1985 1407 2014 oculo
1423 1985 1464 2013 uti
1480 1985 1520 2013 ad
1534 1994 1571 2014 ea
1586 1994 1654 2023 quae
1670 1994 1732 2015 non
1747 1995 1836 2024 opor<

1000 2031 1049 2068 tet,
1064 2039 1126 2060 non
1137 2039 1248 2060 manus
1258 2038 1379 2058 movere
1389 2029 1428 2058 ad
1439 2030 1544 2058 vetitas
1555 2031 1699 2066 actiones,
1713 2039 1776 2060 non
1785 2032 1836 2061 de-

999 2077 1091 2114 nique
1107 2076 1276 2113 quidquam
1288 2083 1417 2111 parvum
1426 2077 1478 2102 aut
1489 2083 1636 2110 magnum
1650 2079 1758 2112 praeter
1768 2076 1835 2105 olIi-

1000 2122 1082 2150 cium
1091 2128 1236 2157 peragere
1251 2119 1370 2156 poterit.
1382 2119 1591 2155 expectatione
1607 2120 1760 2149 minarum
1770 2129 1836 2157 per-

959 2182 982 2210 D
1000 2165 1070 2195 inde
1085 2168 1116 2193 ut
1130 2165 1234 2193 dolore
1248 2163 1385 2210 quodam
1398 2163 1573 2210 transﬁxus,

1037 2213 1061 2239 5.
1084 2212 1173 2238 Porro
1189 2208 1335 2245 profanos
1346 2216 1382 2236 ao
1390 2207 1500 2243 vulgus
1513 2216 1531 2236 a
1543 2208 1711 2245 disciplinis
1723 2209 1836 2239 divinis

999 2257 1090 2290 arcet,
1105 2254 1151 2282 his
1173 2252 1293 2281 verbis:
1315 2252 1373 2285 Qui
1391 2252 1454 2280 sine
1477 2253 1582 2281 timore
1596 2256 1676 2287 sunt,
1687 2254 1719 2281 in
1737 2255 1836 2289 portis

1001 2298 1238 2328 morabuntur“.
1255 2297 1331 2325 lllud
1348 2296 1452 2324 itidem
1465 2306 1471 2324 :
1486 2297 1627 2331 Quam-etis
1642 2299 1725 2333 apud
1739 2300 1837 2328 malos

994 2343 1186 2380 sapientiam,
1197 2344 1224 2370 et
1238 2349 1299 2370 non
1310 2341 1543 2370 invenietis".Et
1551 2349 1657 2370 rursus
1670 2350 1676 2370 :
1695 2342 1835 2376 Quazrem

1082 2433 1105 2451 “
1120 2434 1208 2462 Prov.
1226 2439 1266 2466 1x,
1282 2431 1311 2459 2.
1366 2430 1390 2449 ⁸³³
1405 2429 1481 2459 ibid.
1496 2431 1523 2459 4.

1236 2468 1259 2486 ⁸9
1273 2467 1364 2496 Prov.
1387 2474 1407 2501 1,
1424 2469 1455 2497 7.

1575 2429 1600 2449 ει
1617 2432 1705 2460 Prov.
1723 2439 1767 2466 ιιι,
1785 2433 1831 2461 14.

993 2471 1016 2488 δε
1034 2470 1104 2506 Sap.
1121 2477 1140 2502 1,
1157 2470 1184 2496 4.
1236 2468 1259 2486 ⁸9
1273 2467 1364 2496 Prov.
1387 2474 1407 2501 1,
1424 2469 1455 2497 7.
1509 2466 1534 2485 9°
1549 2466 1631 2496 Psal.
1650 2475 1748 2502 cxvui,
1767 2469 1830 2497 120.

1002 2605 1047 2630 καὶ
1060 2601 1306 2640 ἀνοσιας-πράξεῳςι

1037 2640 1093 2676 (99)
1108 2633 1358 2679 lllud,'o€;{9€ot_3s',
1378 2635 1518 2679 etcLQui
1540 2633 1604 2679 sine
1626 2637 1736 2679 timore
1754 2639 1836 2674 Sunt,

997 2676 1029 2704 in
1042 2674 1139 2717 portis
1155 2674 1370 2708 morabuntur,
1385 2674 1416 2701 in
1433 2674 1602 2702 Proverbiis
1627 2674 1761 2704 invenire
1776 2683 1838 2704 non

999 2715 1167 2748 potutmus.

1680 2798 1711 2829 i3
