2059 3136
109 145 158 172 401

111 215 184 242 μενος
233 205 275 232 ὑπ’

111 249 243 281 ἀληθείας.
277 249 358 276 Ὀταν
390 251 441 287 γὰρ
475 251 557 282 ἄλλως
588 252 633 289 μὲν
666 253 765 288 φύσεως
796 251 845 287 ἕχῇ
877 251 910 276 τά

111 296 266 332 πράγματα,
291 295 374 326 ἄλλως
403 293 432 322 δὲ
459 296 482 322 οἱ
510 296 581 332 λόγοι
604 299 663 333 περί
691 296 776 322 αὐτῶν
803 295 911 321 ἀναπεί-

114 340 189 372 θωσι,
205 342 304 376 στροφή
327 342 368 370 τίς
392 339 458 372 ἐστι,
474 340 568 376 μᾶλλον
585 338 614 367 δὲ
630 339 786 377 διαστροφὴ,
801 340 851 365 ὑπὸ
867 343 911 365 τοῦ

112 383 190 420 λόγου
210 386 270 421 περὶ
291 386 338 413 τὴν
363 383 481 413 ἀλήθειαν
504 387 637 421 γινομένη.
655 387 705 411 Καὶ
732 385 744 410 ὁ
769 385 843 415 ἄλλος
868 386 912 420 μὲν

113 430 273 465 φαινόμενος,
291 428 366 459 ἄλλος
381 426 410 454 δὲ
433 429 466 454 ὢν
480 430 548 455 κατά
573 429 704 463 ἀλήθειαν,
723 432 848 466 στροφαῖς
869 430 914 454 κέ-

113 482 215 510 χρηται
247 473 339 508 λόγων,
367 471 472 499 ἀπατῶν
498 475 558 504 τοὺς
583 475 718 507 συνόντας,
742 474 828 511 ὥσπερ
855 474 915 503 τοὺς

113 518 192 548 κύνας
224 517 320 553 λαγωοὶ
346 519 391 543 καὶ
416 516 554 551 ἀλώπεκες,
577 518 663 555 ἑτέραν
688 516 844 550 δεικνύντες,
871 519 916 543 καὶ

114 561 200 599 ἑτέραν
223 563 383 599 τρεπόμενοι.
412 561 446 588 ’Ἠ
474 565 585 599 στροφαί
611 565 678 592 τινές
702 562 753 588 εἱσι
779 562 861 598 λόγων
890 562 917 588 αἱ

114 606 140 632 ἐκ
164 611 212 638 τῆς
235 605 408 642 ψευδωνύμου
427 609 548 642 γνώσεως
573 606 724 638 ἀντιθέσεις.
745 606 782 632 Οὐ
806 605 918 632 καταδε-

114 652 222 687 χὸμενοι
238 652 288 688 γὰρ
304 652 333 676 τὸ
349 650 445 677 ἁπλοῦν
467 655 514 682 τῆς
533 656 711 688 πνευματικῆς
728 649 917 687 διδασκαλίας,

115 697 139 722 οἱ
167 695 194 721 ἐκ
221 699 268 726 τῆς
290 694 458 727 διαλεκτικῆς
483 698 548 733 πρὸς
571 697 619 727 τὰς
647 695 796 732 ἀντιλογίας
819 696 917 724 ἠκονη-

115 742 196 777 μένοι,
224 742 409 777 περιτρέπουσι
442 741 566 772 πολλάκις
599 743 645 770 τὴν
672 741 751 776 ἰσχὺν
777 745 824 771 τῆς
855 740 917 769 ἀλη-

118 786 186 816 θείας
214 789 244 821 rp"
271 785 442 821 πιθανολογίᾳ
463 790 512 811 τῶν
539 786 718 822 σοφισμάτων.
739 787 848 821 Δέχεται
873 783 917 811 οὖν

116 831 212 860 ταύτας
236 830 283 860 τὰς
310 830 424 865 στροφὰς
453 834 502 855 τῶν
529 830 611 866 λόγων
637 831 650 856 ὁ
673 833 730 861 ταῖς
760 832 918 866 Παροιμίαις

117 874 298 910 ὠχυρωμένος.
323 873 376 900 Κᾶν
398 873 458 911 εὕρῃ
487 876 549 900 ποτε
572 874 755 912 προϐλήματα,
786 874 918 905 ὶσοπαλεῖς
933 873 952 900 Β

115 919 160 950 τὰς
177 917 214 954 ἐφ’
229 918 347 955 ἑκάτερον
372 918 552 955 ἐπιχειρήσεις
574 920 678 954 ἔχοντα,
694 919 718 945 ἐν
743 920 782 949 οἷς
805 917 918 945 δυσδιά-

117 973 204 1001 κριτος
224 963 269 989 τού
285 964 460 1000 πιθανωτέρου
477 964 491 992 ἡ
509 964 610 1000 εὕρεσις
622 973 628 980 ·
655 964 723 1000 ὅμως
746 961 792 989 διὰ
806 964 835 989 τὸ
849 963 918 999 ἐγγε-

115 1008 266 1044 γυμνάσθαι
283 1007 388 1043 (IS-16)
401 1011 458 1039 ταῖς
481 1010 652 1044 Παροιμίαις,
669 1008 697 1034 ού
714 1009 918 1043 συγχυθήσεται

117 1054 159 1078 τὸν
173 1056 243 1087 νοῦν,
258 1052 306 1078 κᾶν
319 1053 359 1078 ὅτι
383 1052 500 1088 μάλιστα
515 1051 630 1079 δοκῶσιν
654 1053 678 1078 οἱ
696 1051 919 1089 προσδιαλεγόμε-

116 1107 154 1123 νοι
177 1097 266 1128 ὶξίσου
290 1098 337 1128 τὰς
364 1096 393 1123 ἐκ
414 1102 464 1124 τῶν
488 1097 700 1135 ἐπιχειρημάτων
718 1097 819 1133 πληγὰς
843 1096 918 1126 ἀλλή-

116 1141 170 1173 λοις
184 1141 366 1179 ἀπιτεπιφέρειν.

152 1189 177 1214 8.
200 1186 344 1223 Χαρίζεται
360 1187 375 1216 ἠ
384 1188 527 1224 -Παροιμία
538 1189 583 1213 καὶ
596 1188 625 1213 τὸ
637 1191 731 1216 νοῆσαι
746 1185 916 1215 δικαιοσύνην

118 1230 211 1260 ἀληθῆ,
233 1230 302 1257 Ἐπεὶ
331 1229 374 1256 οὖν
394 1230 450 1257 ἐστι
475 1229 631 1261 δικαιοσύνη
660 1231 712 1263 ἕξις
739 1231 914 1267 ἀπονεμητική

116 1279 160 1302 τοῦ
184 1275 241 1301 κατ’
257 1275 350 1307 ἀξίαν·
374 1273 542 1312 δυσθήρατον
571 1274 600 1302 δε
621 1280 709 1309 τοῦτο,
725 1280 775 1301 τῶν
800 1277 844 1312 μὲν
870 1273 916 1301 διὰ

115 1322 143 1346 τὸ
174 1322 234 1357 περὶ
261 1322 308 1349 τὴν
341 1322 465 1356 φρόνησιν
492 1320 612 1354 ἐλλειπες,
640 1321 687 1347 ούκ
714 1320 915 1357 ἑζευρισκόντων

115 1364 216 1400 ἑκάστῳ
240 1363 373 1401 διανεῖμαι
395 1366 426 1390 τὸ
450 1366 517 1399 ἴσον¹
542 1369 592 1391 τῶν
618 1363 656 1399 δὲ,
679 1364 725 1391 διὰ
745 1366 775 1390 τὸ
803 1374 915 1400 προκατ-

115 1410 225 1445 έχεσθαι
249 1409 300 1435 ὑπὸ
322 1410 411 1435 παθῶν
440 1408 616 1447 ἀνθρωπίνων,
629 1409 804 1445 ,ἀφανιξόντων
828 1411 857 1434 τὸ
874 1407 913 1434 δί-

113 1463 195 1486 καιον,
210 1454 270 1479 ὅταν
293 1456 409 1483 πενήτων
435 1455 479 1490 μὲν
502 1458 696 1490 καταφρονῶσι,
723 1452 855 1483 δυνάστας
884 1451 914 1479 δὲ

114 1497 271 1529 ἀδικοῦντας
291 1500 327 1534 μὴ
356 1496 514 1534 διελέγχωσι
538 1499 606 1534 (17),
624 1496 717 1524 δώσειν
742 1499 912 1534 ὑπισχνεῖται

588 144 731 173 HOMILIA
750 145 784 172 ΙΝ
804 142 1005 172 PRINCIPIUM
1024 143 1310 173 PROVERBIORUM.

316 206 410 239 αὐτῶν,
438 209 503 243 μήτε
536 206 732 244 ἐξανιστάμενός
774 216 824 233 που
861 211 909 237 τῆς

968 205 1084 241 excipit,
1099 205 1175 234 adeo
1197 208 1229 234 ut
1251 214 1349 243 neque
1367 206 1405 233 ab
1427 205 1499 242 ipsis
1523 205 1718 241 pervertatur,
1737 210 1788 231 nes

1734 140 1788 169 402

964 258 1022 287 que
1035 259 1170 287 unquam
1184 259 1202 279 δ.
1216 259 1285 279 vero
1300 251 1444 279 discedat.
1460 252 1533 279 Cum
1548 250 1628 278 enim
1644 250 1727 277 aliter
1737 251 1795 276 na-‘

964 297 1032 323 tura
1045 303 1076 322 se
1091 303 1137 323 res
1152 295 1275 330 habent,
1292 295 1375 323 aliter
1387 303 1456 323 vero
1472 295 1509 322 de
1525 295 1565 322 eis
1577 294 1706 322 suadent
1721 301 1789 321 ver-

967 339 1016 374 ba,
1044 341 1174 368 versutia
1200 340 1340 376 quaedam
1376 342 1430 374 est,
1457 339 1505 367 vel
1530 339 1630 375 potius
1659 338 1790 366 inversio

969 385 1097 412 veritatis
1110 392 1164 421 per
1174 393 1344 413 sermonem
1359 385 1447 412 facta.
1465 386 1497 412 Et
1511 384 1563 420 qui
1576 383 1651 411 alius
1666 383 1791 419 quidem

967 429 1095 464 videtur,
1112 429 1187 457 alius
1201 426 1249 457 res
1265 429 1331 466 ipsa.
1343 432 1396 463 est,
1406 429 1535 465 strophis
1550 436 1724 456 sermonum
1738 427 1794 455 uti-

969 475 1027 506 tur,
1042 474 1144 502 fucum
1159 474 1271 502 faciens
1286 474 1322 501 iis
1337 474 1520 510 quibuscum
1532 475 1678 506 versatur,
1694 472 1794 508 perin-

970 519 1008 546 de
1032 521 1065 547 ut
1089 518 1206 555 lepores
1241 518 1408 555 vulpesque
1430 517 1565 551 canibus,
1595 517 1685 546 aliam
1713 517 1794 544 viam

972 565 1254 595 commonstrantes,
1269 563 1360 591 aliam
1384 564 1551 599 carpentes.
1566 562 1641 594 Quin
1657 564 1685 590 et
1710 561 1794 589 falsas

971 607 1102 635 scientiae
1118 608 1283 636 antitheses
1305 608 1436 644 strophae
1450 607 1592 643 quendam
1607 607 1676 633 sunt
1691 605 1797 633 verbo«

971 660 1049 680 rum.
1067 652 1181 680 Etenim
1197 661 1266 680 cum
1282 652 1443 689 spiritualis
1457 652 1600 680 doctrinae
1621 650 1798 686 simplicita-

972 699 1032 724 tem
1051 705 1113 724 non
1128 697 1273 733 recipiant
1293 697 1322 730 ii,
1339 697 1390 733 qui
1412 696 1569 725 dialectica
1593 695 1632 724 ad
1654 694 1799 723 contradi-

972 742 1102 770 cendum
1119 742 1197 769 acuti
1212 744 1291 775 sunt,
1307 742 1397 769 iidem
1413 741 1473 769 vim
1494 741 1627 769 veritatis
1642 748 1703 768 non
1728 747 1798 768 raro

973 786 1195 822 sophismatum
1210 786 1466 814 verisimilitudine
1481 785 1567 822 104
1584 787 1727 813 evertunt.
1740 785 1799 812 Has

972 831 1062 866 igitur
1083 839 1258 859 sermonum
1283 831 1420 867 strophas
1435 830 1543 866 excipit
1568 830 1620 866 qui
1646 829 1800 857 Parmmiis

973 876 1108 904 munitus
1123 878 1175 904 est.
1191 877 1254 903 lmo
1277 876 1300 903 si
1316 875 1440 912 quando
1452 875 1586 903 offendat
1599 874 1798 911 problemata,

974 929 1078 957 aequas
1094 920 1234 956 utrinque
1255 920 1449 956 probationes
1464 920 1618 953 habentia,
1634 919 1663 947 in
1689 918 1800 954 quibus

972 965 1186 994 verisimilioris
1207 965 1340 993 inventio
1352 965 1488 1000 judicatu
1504 963 1631 992 difﬁcilis
1647 963 1701 992 sit:
1723 971 1799 999 quo-

973 1009 1055 1037 niam
1078 1011 1178 1037 tamen
1196 1009 1375 1038 exercitatus
1399 1009 1430 1037 in
1445 1009 1611 1037 Proverbiis
1627 1011 1680 1042 est,
1697 1008 1800 1036 animo

973 1062 1034 1082 non
1059 1053 1269 1088 confundetur,
1284 1054 1400 1082 etiamsi
1422 1053 1622 1090 disceptantes
1637 1061 1731 1089 quam
1753 1060 1801 1080 ve-

973 1098 1197 1126 hementissime
1211 1098 1342 1134 aequales
1357 1100 1603 1133 argumentorum
1621 1097 1726 1133 plagas
1742 1096 1801 1124 sibi

973 1142 1102 1170 invicem
1117 1142 1225 1170 inferre
1240 1142 1410 1170 videantur.

1009 1189 1035 1215 8.
1056 1187 1089 1214 1d
1104 1195 1226 1223 quoque
1242 1187 1392 1215 Parcemia
1409 1186 1544 1222 largitur,
1560 1189 1593 1214 ut
1616 1185 1800 1220 intelligatur

970 1232 1085 1267 justitia
1101 1240 1181 1260 vera.
1200 1231 1348 1264 Quoniam
1364 1231 1453 1266 igitur
1474 1231 1587 1266 justitia
1602 1230 1724 1258 habitus
1741 1232 1798 1264 est,

972 1277 1022 1312 qui
1038 1284 1094 1312 pro
1116 1276 1223 1303 merito
1248 1284 1338 1303 suum
1364 1276 1472 1312 cuique
1501 1275 1660 1309 distribuit,
1677 1274 1797 1302 difﬁcile

971 1323 1072 1349 autem
1088 1323 1134 1348 est
1154 1320 1212 1348 hoc
1225 1320 1360 1356 assequi,
1377 1320 1487 1356 partim
1501 1319 1582 1356 quod
1598 1319 1647 1347 alii
1659 1319 1709 1347 ‘ob
1724 1326 1796 1354 pru-

970 1365 1078 1393 dentiae
1088 1365 1223 1401 inopiam
1231 1372 1289 1392 non
1298 1364 1452 1392 inveniant
1460 1364 1615 1400 quomodo
1622 1363 1730 1398 cuique
1738 1362 1797 1390 dis-

969 1410 1104 1437 tribuant
1132 1409 1215 1445 quod
1243 1417 1366 1445 aequum
1390 1412 1445 1441 est,
1475 1408 1585 1445 partim
1613 1407 1697 1443 quod
1733 1407 1793 1440 alii,

968 1454 1126 1482 affectibus
1144 1454 1288 1481 humanis
1302 1454 1516 1490 praeoccupati,
1530 1453 1580 1488 jus
1605 1452 1747 1480 aboleant
1767 1453 1796 1479 et

968 1499 1114 1534 abrogent
1129 1501 1203 1532 tum,
1218 1507 1287 1526 cum
1312 1499 1419 1534 spretis
1443 1497 1628 1534 pauperibus
1647 1497 1794 1533 dynastas

112 1547 166 1574 τοῖς
191 1543 284 1573 ἑαυτης
305 1543 437 1579 μαθηταῖς
464 1544 480 1572 ἠ
509 1542 602 1579 βίϐλος
626 1547 674 1569 τῶν
695 1546 845 1580 Παροιμιῶν
864 1547 910 1574 τῆς

968 1544 1130 1579 injuriosos
1146 1551 1208 1571 non
1223 1542 1545 1578 redarguuntfidcirco
1562 1541 1793 1570 Proverbiorum

114 1586 226 1618 ἀληθοῦς
249 1586 421 1618 δικαιοσύνης
433 1589 479 1616 τὴν
499 1592 604 1623 γνῶσιν.
622 1589 673 1613 Καὶ
696 1585 787 1616 ἐπειδὴ
810 1587 908 1620 πολλοὶ,

113 1633 156 1658 τὸν
181 1633 253 1668 παρὰ
275 1636 324 1657 τῶν
350 1631 449 1658 πολλῶν
473 1633 574 1658 ἔπαινον
598 1633 751 1669 θηρώμενοι,
775 1633 844 1668 ἔργῳ
865 1633 910 1667 μὲν

113 1678 160 1706 τὴν
184 1675 290 1703 ἀδικίαν
312 1678 357 1702 καὶ
381 1679 410 1702 τὸ
434 1676 610 1703 πλεονεκτικὸν
633 1678 666 1707 ὡς
680 1676 804 1712 ὠφέλιμον
819 1686 910 1713 προτι-

113 1725 195 1758 μῶσι,
213 1724 334 1757 σχήματι
349 1719 379 1747 δὲ
393 1723 438 1747 καὶ
452 1721 518 1757 λόγῳ
539 1723 584 1750 τὴν
610 1721 720 1750 ἰσότητα
743 1723 788 1747 καὶ
803 1723 849 1750 τὴν
866 1719 911 1747 δι-

113 1767 256 1793 καιοσύνην
279 1766 545 1802 ὑπερθαυμάζουσιν·
571 1764 633 1792 add“:
659 1767 767 1796 τούτους
789 1765 911 1801 ἀγνοήσει

113 1811 126 1836 ὁ
155 1811 204 1839 τὰς
228 1811 372 1846 Παροιμίας
398 1809 613 1846 πεπαιδευμένος,
628 1809 692 1836 ἀλλά
717 1813 846 1846 γνώσεται
870 1811 911 1840 τίς

113 1855 128 1882 ἡ
143 1851 271 1884 κίϐδηλος
293 1855 337 1880 καὶ
359 1855 533 1891 νενοθευμένη,
558 1857 604 1880 καὶ
626 1857 666 1886 τίς
690 1856 705 1883 ἡ
733 1854 840 1882 ἀληθινὴ
866 1855 910 1880 καὶ

113 1896 208 1929 ἄδολος
231 1896 480 1928 δικαιοσύνη.¹Επεὶ
499 1902 585 1935 μέντοι
599 1899 708 1929 πολλοὺς
735 1901 777 1925 κοὶ
802 1899 826 1924 οἱ
852 1899 911 1930 ἔξω-

113 1943 153 1969 θεν
177 1944 252 1979 σοφοὶ
272 1943 441 1970 κατεϐάλοντο
465 1945 521 1979 (18)
535 1944 628 1980 λόγους
642 1946 701 1980 περὶ
726 1942 907 1978 δικαιοσύνης,

111 1990 156 2014 καὶ
175 1989 289 2019 πιθανῶς
311 1989 521 2026 παρακρούονται
543 1991 604 2019 τοὺς
627 1991 662 2025 μὴ
690 1987 849 2025 δυναμένους
872 1993 908 2024 τῷ

112 2031 203 2061 ἀληθεῖ
214 2032 282 2068 λόγῳ
303 2035 362 2069 περὶ
386 2037 432 2059 τοῦ
449 2035 594 2069 σκέμματος
615 2035 708 2059 τούτου
731 2033 908 2062 ἐπακολουθῆ-

112 2086 166 2111 σαι,
181 2076 360 2112 ἐπαγγελλεται
380 2079 516 2114 γνωρίσειν
540 2079 555 2106 ἡ
582 2077 672 2114 βίϐλος
695 2080 742 2107 τὴν
763 2077 844 2107 ἀληθῆ
863 2076 908 2104 δι-

111 2123 262 2152 καιοσύνην,
293 2122 360 2147 ὥστε
379 2123 408 2147 τὸ
430 2121 456 2147 ἐκ
479 2126 529 2147 τῶν
555 2124 721 2159 σοφισμάτων
742 2123 811 2159 ἡμᾶς
835 2121 909 2158 βλαι-

85 2179 88 2181 λ
112 2165 183 2201 ϐερόν
199 2163 352 2201 διαδρᾶναι.
366 2164 437 2194 ’Ἤδη
463 2164 493 2192 δὲ
514 2168 559 2192 καὶ
582 2168 615 2192 τὰ
633 2169 731 2203 νόμιμα
745 2171 795 2193 τῶν
820 2166 906 2200 ἐθνῶν,

967 1588 1042 1616 liber
1056 1588 1117 1616 suis
1133 1596 1164 1616 se
1182 1587 1339 1624 discipulis
1350 1587 1470 1623 justitia;
1494 1595 1570 1614 verae
1589 1586 1792 1621 cognitionem

966 1633 1108 1661 daturum
1124 1633 1292 1669 pollicetur.
1304 1634 1336 1660 Et
1347 1632 1419 1668 quia
1429 1632 1564 1668 plerique
1574 1631 1695 1659 laudem
1710 1629 1793 1665 vulgi

966 1678 1232 1713 venantes,reipsa
1246 1677 1369 1713 quidem
1380 1677 1559 1712 injustitiam
1572 1676 1792 1711 avaritiamque

966 1725 1112 1758 tanquam
1125 1722 1274 1758 quiddam
1289 1722 1360 1749 utile
1375 1721 1547 1758 prteferunt,
1565 1721 1663 1757 specie
1678 1728 1748 1748 vero
1763 1721 1792 1749 et

965 1766 1064 1794 verbis
1076 1766 1246 1802 aequitatem
1269 1774 1304 1793 ac
1315 1766 1463 1801 justitiam
1478 1765 1566 1793 valde
1580 1765 1788 1793 admirantur:

965 1818 1003 1839 ne
1017 1811 1074 1838 hos
1098 1810 1221 1846 quidem
1246 1810 1397 1844 ignorabit
1409 1810 1451 1837 vir
1477 1809 1629 1838 Parmmiis
1644 1809 1800 1849 eruditus”

965 1855 1017 1883 sed
1030 1857 1190 1890 cognoscet
1203 1863 1272 1890 qua:
1284 1854 1453 1882 adulterina
1467 1863 1502 1882 ac
1518 1854 1630 1890 spuria,
1641 1862 1709 1890 quae
1720 1861 1790 1882 vera.

964 1907 998 1928 ac
1027 1900 1143 1927 sincera
1165 1900 1203 1927 sit
1221 1899 1348 1934 justitia.
1375 1899 1524 1932 Quoniam
1551 1901 1650 1927 autem
1676 1898 1789 1926 externi

962 1952 1084 1981 quoque
1107 1944 1259 1980 sapientes
1274 1943 1402 1971 multum
1424 1943 1462 1971 de
1481 1943 1596 1979 justitia
1610 1943 1787 1971 disseruere.

962 1992 991 2017 et
1003 1988 1211 2025 probabilibus
1226 1988 1326 2016 verbis
1341 1988 1449 2016 fallunt
1460 1996 1510 2016 eos
1523 1988 1574 2024 qui
1591 1988 1654 2023 ejus
1667 1987 1708 2015 rei
1718 1995 1787 2023 qua;

962 2033 1160 2071 expendenda
1185 2034 1374 2069 proponitur,
1389 2034 1537 2061 rationem
1552 2041 1653 2061 veram
1666 2032 1787 2068 assequi

961 2087 1023 2107 non
1038 2080 1175 2115 possunt,
1187 2078 1389 2106 indicaturum
1401 2085 1432 2105 se
1445 2078 1592 2113 justitiam
1607 2085 1709 2105 veram
1724 2077 1788 2113 pol~

961 2124 1065 2152 licetur
1074 2123 1149 2151 liber
1159 2123 1251 2157 ille,ut
1260 2131 1372 2151 noxam
1384 2131 1543 2150 caveamus
1554 2122 1785 2158 sophismatum.

961 2169 1028 2196 Jam
1038 2176 1109 2195 vero
1121 2167 1254 2201 gentium
1267 2167 1355 2195 etiam
1366 2168 1435 2202 jura
1450 2167 1533 2194 haud
1548 2174 1655 2203 parum
1669 2166 1744 2193 inter
1756 2173 1787 2193 se

111 2210 205 2239 πολλὴν
232 2211 299 2247 πρὸς
324 2209 423 2239 οἴλληλα
448 2212 545 2247 ἔχοντα
571 2214 617 2240 την
643 2210 779 2249 διαφορὰν,
805 2213 908 2247 σύγχυ-

968 2211 1312 2246 iiVersa,animiseorum
1323 2212 1374 2248 qui
1384 2213 1556 2240 accuratam
1565 2210 1687 2246 justitia;
1699 2210 1788 2239 ratio-

114 2265 154 2281 σιν
176 2254 266 2290 ἐμποεῖ
295 2258 353 2286 ταῖς
377 2253 508 2287 διανοίαις
536 2259 585 2282 τῶν
610 2258 644 2292 μὴ
672 2258 715 2282 τόν
743 2256 835 2293 ἀκριϐῆ
861 2260 908 2287 τῆς

113 2297 284 2330 δικαιοσύνης
306 2299 381 2335 λόγον
406 2300 605 2337 κατειληφότων,
623 2300 696 2327 "Eata
716 2302 761 2337 μὲν
783 2302 832 2338 γὰρ
860 2305 909 2327 τῶν

113 2343 190 2370 ἐθνῶν
215 2344 270 2379 (19)
292 2346 339 2373 τὴν
362 2347 536 2381 πατροφονίαν
562 2344 667 2371 δικαίαν
689 2346 821 2371 τίθενται·
846 2346 910 2371 ἄλλα

113 2386 142 2414 δὲ
158 2392 206 2414 τῶν
231 2388 307 2415 ἐθνῶν
331 2389 417 2416 πάντα
439 2392 512 2426 φόνον
539 2391 570 2420 ὡς
595 2388 697 2416 ἀνόσιον
727 2389 907 2427 ἀποτρέπεται.

113 2435 164 2459 Καὶ
189 2434 221 2459 τὰ
247 2435 292 2469 μὲν
319 2435 490 2471 σωφροσύνην
514 2435 661 2471 ὑπερτιμᾷ-
686 2435 720 2460 τά
744 2433 774 2460 δε
793 2436 909 2472 μητράσι

112 2487 157 2503 και
178 2478 325 2514 θυγατράσι
346 2481 391 2504 καὶ
418 2476 541 2514 ἀδελφαῖς
565 2477 737 2515 ἐπιμαίνεται.
769 2482 819 2505 Καὶ
847 2479 910 2510 ὅλως

112 2522 211 2555 πολλοὶ,
236 2521 342 2559 ἀρχαίῳ
371 2523 422 2549 ἔθει
447 2525 642 2559 κεκρατημένοι,
663 2525 692 2549 τὸ
718 2526 836 2561 μυσαρὸν
860 2528 908 2550 τῶν

112 2568 250 2602 γινομένων
273 2566 303 2593 ού
328 2565 520 2605 διακρίνουσιν.
534 2571 563 2594 Ἠ
586 2566 615 2594 δὲ
635 2567 725 2604 βίϐλος
741 2569 816 2601 αὕτη,
834 2567 911 2594 διδα-

115 2621 216 2637 ηκουσα
231 2613 263 2637 τὰ
286 2614 346 2648 περί
360 2616 408 2642 τῆς
428 2611 539 2643 ἀληθοῦς
557 2610 738 2646 δικαιοσύνης,
752 2613 841 2650 ῥύεται
862 2617 911 2639 τῶν

115 2654 140 2687 ἐξ
166 2654 272 2692 ἀλογίας
295 2657 384 2682 παθῶν
399 2658 460 2687 τοὺς
487 2655 645 2694 ἀνθρώπους.
667 2657 743 2684 ’Ἐστι
764 2655 793 2684 δε
815 2656 916 2684 δικαιο-

149 2745 255 2782 (ςό-ίϐ)
266 2744 400 2782 _Antiqui
413 2744 474 2782 duo
488 2744 556 2773 libri
570 2747 804 2782 Tér'ysyupwda'ﬁm.

150 2781 207 2814 (17)
224 2779 328 2808 Itidem
341 2779 373 2808 in
383 2780 505 2809 duobus
515 2789 588 2810 mss.
603 2779 712 2817 legitur
724 2785 760 2819 μὴ
773 2782 911 2819 ἐλέγχωσι.

963 2264 1034 2285 nem
1048 2263 1110 2284 non
1123 2256 1425 2292 comprehenderunt,
1440 2255 1697 2292 perturbationem
1713 2262 1787 2283 con-

962 2301 1174 2337 fusionemque
1184 2301 1441 2329 afferunt.Etenim
1451 2302 1554 2336 gentes
1561 2299 1712 2329 nonnullm
1722 2307 1789 2336 par-

962 2345 1225 2381 ricidiumjustum
1236 2348 1394 2382 etaequum
1406 2345 1534 2379 ducunt;
1546 2345 1654 2381 aliquae
1665 2353 1788 2373 omnem

962 2391 1077 2419 caedem
1105 2390 1147 2418 uti
1171 2390 1328 2418 scelestam
1353 2393 1541 2418 aversantur.
1563 2390 1635 2419 Alia:
1656 2390 1788 2418 maxime

964 2435 1066 2464 colunt
1081 2434 1257 2470 pudicitiam
1270 2443 1275 2462 :
1294 2435 1359 2463 alite
1374 2435 1404 2463 in
1420 2439 1531 2463 matres
1545 2435 1682 2471 ﬁliasque
1698 2436 1726 2462 et
1740 2442 1788 2462 so-

964 2487 1048 2508 rores
1058 2479 1181 2506 libidine
1194 2479 1305 2507 furunt.
1327 2480 1457 2515 Denique
1466 2479 1600 2516 plerique
1610 2479 1709 2515 prisca
1719 2487 1790 2507 con-

966 2523 1122 2552 suetudine
1144 2523 1222 2559 victi,
1242 2532 1386 2552 ausorum
1406 2532 1531 2552 suorum
1553 2523 1790 2551 exsecrationem

967 2577 1002 2597 ac
1030 2568 1228 2604 ignominiam
1258 2576 1319 2596 non
1342 2568 1534 2603 dignoscunt.
1552 2567 1609 2597 Sed
1629 2568 1677 2596 hic
1703 2567 1789 2595 liber‘

963 2613 1114 2649 justitiam
1129 2621 1232 2640 veram
1250 2613 1372 2647 docens,
1387 2613 1526 2641 homines
1547 2621 1564 2640 a
1578 2612 1718 2640 belluinis
1733 2612 1790 2640 illis

969 2660 997 2686 et
1019 2657 1140 2686 insulsis
1166 2657 1323 2686 affectibus
1351 2657 1467 2686 liberat.
1484 2658 1532 2685 Est
1555 2659 1655 2685 autem
1677 2657 1793 2693 justitia

1002 2747 1057 2782 (18)
1077 2749 1146 2783 Reg.
1162 2747 1278 2783 primus
1294 2746 1488 2774 κατεϐαλλοντο.

1004 2783 1060 2819 (19)
1082 2782 1171 2812 Un’us’
1179 2782 1274 2812 codex
1289 2784 1359 2819 Reg.
1375 2785 1421 2819 μὲν
1436 2784 1486 2819 γὰρ
1499 2782 1568 2811 ἔθνη.
