2059 3136
260 129 312 156 403

940 124 968 152 S.
989 121 1114 152 BASILII
1140 123 1261 153 MAGNI.

1889 125 1944 152 404

261 190 414 227 quaedam,
429 197 496 226 quae
519 188 595 217 inter
609 196 666 217 nos
689 190 837 223 versatur,
855 187 934 224 inqui
949 186 1084 215 videlicet

1145 187 1220 219 σύνη,
1237 187 1251 215 ἡ
1267 187 1312 222 μέν
1327 196 1367 216 τις
1380 186 1404 212 ἐν
1418 187 1480 223 ἡμῖν
1501 187 1668 223 στρεφομένη,
1684 185 1698 215 ἡ
1716 189 1761 212 τοῦ
1777 187 1836 212 ἴσον
1853 185 1944 212 διανο-

261 235 440 263 distributio.
458 235 638 270 Quanquam
653 233 764 261 etenim
778 233 808 261 id
820 241 881 261 non
897 233 1021 261 omnino
1041 240 1087 259 as-

261 280 434 316 sequimur;
455 281 556 307 tamen
570 279 595 306 si
607 278 778 314 justissimo
790 278 915 307 consilio
925 278 956 305 in
967 277 1086 312 agendo

260 326 392 358 utamur,
406 332 469 352 non
481 323 662 352 aberramus
677 331 780 359 scopo.
798 325 847 352 Est
860 325 888 351 et
901 323 960 351 alia
974 330 992 350 a
1004 323 1085 356 justo

256 369 358 404 judice
373 368 489 396 ccelitus
501 368 635 402 inducta,
648 370 712 396 tum
727 368 904 401 emendans,
915 370 980 395 tum
990 367 1085 394 vicem

257 413 437 449 rependens,
450 421 519 449 quae
533 413 572 440 ob
583 413 807 441 reconditorum
820 413 851 441 in
864 421 896 440 se
906 413 1085 446 dogmatum

259 458 475 486 sublimitatem
487 458 611 492 cognitu
621 457 709 486 valde
723 458 850 486 ditﬁcilis
859 460 914 485 est.
924 458 982 484 Hoc
992 457 1083 488 enim,

257 503 376 539 opinor,
391 503 548 531 Psalmista
563 503 634 531 dicit
647 512 653 531 :
673 504 798 531 Justitia
813 506 867 531 tua
880 503 958 530 sicut
970 504 1084 529 montes

255 548 346 580 Dei”,
363 549 444 575 Hanc
460 547 551 583 igitur
566 547 655 584 plane
670 556 774 576 veram
789 547 984 583 divinamque
995 546 1083 582 justi-

254 592 327 620 tiam
341 592 605 620 manifestaturum
627 601 658 621 se
678 593 824 629 promittit
838 593 884 626 iis,
900 591 953 628 qui
973 591 1085 619 fuerint

253 637 284 665 in
295 637 511 665 Parcemiarum
521 637 660 665 doctrina
669 637 832 665 exercitati.

288 684 316 711 9.
337 683 448 710 Rursus
471 689 540 710 cum
564 684 689 718 peccata
704 681 762 710 alia
782 682 841 710 sint
866 680 1080 714 involuntaria,

251 726 311 755 alia
326 735 344 754 a
365 734 458 763 pravo
479 726 581 754 animo
596 726 742 760 oriantur,
757 735 819 754 non
836 727 943 755 eadem
958 733 1081 762 quoque

249 771 280 799 in
298 771 345 799 his
359 771 464 806 regula
486 773 531 798 est
543 771 633 807 aequi.
650 773 802 799 Ponamus
816 771 897 799 enim
913 770 1081 799 fornicatio-

248 824 320 844 nem
340 815 629 851 essejudicandam,
644 816 783 852 duasque
805 824 874 844 esse
895 816 1078 844 meretrices.

1142 233 1189 267 μὴ.
1204 230 1261 257 Ἐὰν
1275 233 1324 268 γὰρ
1349 233 1448 268 καὶμὴ
1474 231 1644 267 τυγχάνωμεν
1668 230 1747 256 αὐτοῦ
1774 232 1841 256 κατὰ
1870 230 1944 268 ἀκρί-

1142 274 1221 309 ϐειαν,
1253 275 1317 302 ἀλλὰ
1339 278 1428 312 γνώμῃ
1457 279 1488 312 τῇ
1524 274 1679 312 δικαιοτάτῃ
1715 279 1860 310 ποιοῦντες,
1894 275 1943 302 οὐκ

1141 319 1319 357 ὰποπίτττομεν
1342 325 1389 346 τοῦ
1415 324 1524 355 exemi;
1550 320 1578 347 Ἡ
1607 319 1636 347 δε
1662 330 1703 351 τις
1730 320 1866 357 οὐρανόθεν
1894 320 1942 347 ἐπ-

1140 367 1252 402 αγομένη
1268 367 1340 403 παρὰ
1355 369 1400 392 τοῦ
1417 364 1521 392 δίκαίου
1537 369 1637 403 κριτοῦ,
1655 366 1669 394 ἣ
1693 375 1719 391 τε
1747 364 1939 402 ἐπανορθωτικὴ

1139 412 1184 436 καὶ
1199 411 1213 439 ἡ
1231 409 1435 443 ἁνταποδοτικὴ,
1452 411 1483 442 ἧς
1509 410 1574 436 πολὺ
1597 411 1626 436 τό
1643 408 1826 447 δυσθεώρητον
1849 408 1896 436 διὰ
1911 412 1940 436 τὸ

1139 454 1206 490 ὕψος
1230 459 1279 481 τῶν
1304 454 1503 492 ἒναποκειμένων
1529 455 1594 491 αὐτῇ
1619 453 1766 490 δογμάτων,
1783 458 1864 481 Τοῦτο
1887 456 1939 492 γὰρ

1139 498 1213 536 οἶμαι
1239 499 1319 536 λέγειν
1341 501 1384 526 τὸν
1408 498 1571 536 Ψαλμῳδόν·
1596 499 1625 526 Ἠ
1648 498 1821 528 δικαιουσύνη
1839 510 1886 526 σου
1906 501 1940 532 ὡς

1139 546 1185 582 ὅρη
1207 549 1283 572 Θεοῦ.
1300 545 1498 581 Eme/79.157ch
1514 543 1557 571 οὖν
1573 546 1668 574 ταύνην
1690 546 1736 574 τὴν
1759 546 1837 576 ὀντως
1854 544 1938 574 men

1138 592 1182 616 καὶ
1216 591 1285 616 Θείαν
1314 588 1485 619 δικαιοσύνην
1524 591 1633 626 φανερὰν
1668 592 1845 618 καταστήσειν
1885 593 1939 622 τοῖς

1138 634 1387 672 ἐγγεγυμνασμένοις
1403 639 1434 671 τῇ
1449 633 1623 672 παροιμιὼδει
1638 633 1812 671 διδασκαλίᾳ.

1172 682 1198 708 9.
1220 679 1301 706 Πάλιν
1316 678 1406 709 ἐπειδὴ
1423 684 1472 706 τῶν
1484 680 1698 716 ἁμαρτανομένων
1716 681 1750 706 τα
1765 681 1808 716 μὲν
1825 679 1939 706 ἀκούσιά

1137 723 1202 758 ἔστι,
1220 726 1253 751 τὰ
1278 723 1307 751 δὲ
1330 724 1379 751 ἀπὸ
1406 727 1512 762 γνώμης
1533 728 1648 762 πονηρᾶς
1664 724 1848 762 ἁμαρτάνεται,
1863 727 1907 750 καὶ
1925 725 1938 750 ὁ

1135 773 1181 795 τοῦ
1205 767 1311 796 δικαίου
1339 770 1397 806 ὄρος
1421 770 1475 806 οὐχ
1497 771 1510 796 ὁ
1537 769 1614 801 αὑτὸς
1630 769 1671 796 ἐπὶ
1695 771 1806 800 τούτοις.
1822 769 1939 796 ’Υποοώ-

1135 815 1202 850 μεοα
1222 815 1271 852 γὰρ
1299 816 1418 851 πορνείαν
1446 813 1511 841 εἶναι
1534 816 1563 840 τὸ
1587 816 1745 852 κρινόμενον,
1769 817 1814 840 καὶ
1841 817 1939 852 πόρνας

249 861 307 889 Sed
317 868 379 888 una
387 860 512 896 quidem
525 860 626 888 lenoni
636 861 945 894 vendita,necessario
957 861 987 888 in
998 860 1078 888 malo

1139 856 1194 886 δύο.
1219 858 1284 885 Ἀλλ’
1299 859 1314 888 ἡ
1340 860 1395 895 μεν,
1412 859 1580 896 πορνοϐοσκῷ
1604 859 1744 896 πραθεῖσα,
1762 860 1826 896 πρὸς
1855 858 1938 894 ἀνάγ-

247 908 394 939 versatur,
404 907 554 942 quaestum
566 914 620 942 per
631 913 742 942 corpus
752 906 826 934 hero
838 906 920 934 malo
929 905 1058 934 atterens
1071 914 1076 933 :

247 950 341 978 altera
355 958 427 978 vero
439 953 547 986 sponte
563 958 594 978 se
610 953 735 986 peccato
746 950 786 978 ob
796 950 985 986 voluptatem
995 957 1080 978 man~
1103 961 1107 985 ρ

247 995 442 1031 cipat.Aliter
457 995 561 1031 utique
581 996 668 1031 105
692 995 781 1024 datur
801 995 888 1023 venia
910 995 1080 1023 involunta—
1100 1016 1102 1029 ,

245 1039 299 1069 riis
312 1049 318 1067 :
336 1039 421 1068 aliter
435 1048 471 1068 ea
484 1048 553 1076 quae
574 1048 611 1068 ex
626 1048 720 1076 prava
735 1039 891 1068 voluntate
907 1040 994 1073 ﬁunt,
1011 1048 1080 1068 con.-

247 1084 441 1112 demnantur.
458 1085 571 1112 Rursus
592 1092 672 1112 unus
692 1084 801 1121 aliquis
824 1086 970 1121 peccavit,
987 1093 1079 1121 prave

247 1129 287 1157 ab
295 1129 378 1157 initio
389 1129 537 1157 educatus
549 1138 556 1163 ;
572 1129 686 1166 quippe
702 1132 731 1157 et
741 1137 759 1157 a
773 1130 951 1165 parentibus
961 1129 1080 1165 injustis

248 1175 427 1210 procreatus
440 1173 573 1201 introivit
590 1174 620 1202 in
636 1174 739 1207 vitam,
753 1176 780 1202 et
793 1174 870 1202 inter
885 1174 978 1202 verba
988 1174 1080 1202 facta-

247 1226 308 1255 que
320 1217 426 1254 iniqua
447 1218 578 1246 nutritus
590 1218 664 1253 fuit;
685 1218 759 1246 alter
772 1226 843 1246 vero
854 1218 950 1247 multa
965 1218 1080 1246 habens

247 1262 366 1291 virtutis
378 1263 584 1297 incitamenta,
597 1263 808 1291 educationem
820 1263 1079 1299 honestissimam,

249 1307 492 1336 admonitionem
517 1310 688 1344 parentum,
709 1308 925 1343 magistrorum
949 1308 1082 1344 discipli-

249 1359 334 1387 nam,
350 1351 537 1380 auditionem
562 1352 734 1380 divinorum
753 1361 939 1386 sermonum,
954 1353 1080 1387 castiga-

249 1399 314 1425 tam
327 1397 578 1434 moderatamque
593 1398 725 1433 ditetam,
738 1400 766 1426 et
781 1398 840 1426 alia
854 1397 967 1434 quibus
979 1397 1082 1426 anima

252 1441 292 1470 ad
302 1441 440 1470 virtutem
451 1442 634 1477 instituitur;
650 1444 756 1479 postea
769 1444 870 1471 tamen
885 1442 1030 1478 delapsus
1039 1443 1083 1470 est

253 1489 281 1515 et
295 1487 359 1523 ipse
373 1487 406 1514 in
420 1487 517 1515 simile
532 1490 692 1524 peccatum
706 1497 712 1522 ;
729 1495 831 1515 nonne
843 1488 910 1523 jure
926 1495 962 1515 ac
976 1487 1082 1515 merito

252 1532 306 1569 qui
334 1532 486 1568 ejusmodi
512 1535 564 1567 est,
591 1533 742 1569 supplicio
763 1533 894 1568 graviori
917 1533 1082 1569 punietur?
1097 1542 1118 1569 ο

254 1578 329 1606 Nam
351 1576 398 1604 ille
421 1577 547 1612 quidem
574 1578 612 1605 de
634 1577 708 1605 solis
733 1577 915 1606 salutaribus
939 1577 1084 1605 subsidiis

255 1621 357 1649 animo
372 1623 477 1648 nostro
489 1621 634 1657 insparsis
647 1622 850 1655 accusabitur,
867 1622 951 1658 quod
965 1621 1005 1649 eis
1021 1629 1084 1650 non

256 1665 350 1703 probe
363 1665 402 1693 sit
413 1673 488 1692 usus
501 1674 507 1692 :
525 1666 577 1693 sed
590 1666 638 1694 hic
654 1667 787 1702 insuper,
801 1666 884 1702 quod
897 1674 988 1694 omne
1003 1666 1086 1694 auxi-

256 1710 332 1739 lium
354 1710 410 1738 sibi
432 1711 538 1739 datum
560 1710 736 1746 prodiderit,
765 1711 1032 1747 imprudenterque
1053 1711 1084 1739 in

258 1763 386 1792 pravam
400 1756 491 1783 vitam
514 1755 659 1792 abreptus
683 1756 728 1784 sit.
748 1758 849 1792 itaque
871 1756 1021 1791 justitiam
1035 1763 1085 1784 ve-

258 1807 324 1828 ram
339 1800 513 1836 intelligere,
530 1801 624 1828 animi
639 1802 687 1828 est
701 1809 768 1829 vere
783 1801 898 1835 magni,
914 1801 1085 1837 ruentisque

259 1845 493 1881 perfectissimae.
510 1847 646 1873 Fortasse
668 1848 770 1873 autem
792 1845 885 1873 habet
905 1848 935 1874 et
958 1845 1088 1881 promis-

259 1889 387 1923 sionem,
401 1889 474 1923 fore,
492 1892 524 1917 ut
535 1890 588 1926 qui
603 1890 633 1917 in
652 1890 819 1918 Proverbiis
838 1889 1086 1924 eruditusjfuerit.

259 1934 354 1970 possit
369 1935 406 1962 de
416 1938 524 1963 caetero
538 1935 578 1962 ad
593 1938 765 1963 accuratam
781 1934 938 1969 theologia:
953 1937 1087 1962 contem-

261 1979 426 2014 plationem
449 1980 585 2007 animum
610 1979 784 2015 adjungere.
801 1981 875 2008 Nam
891 1987 962 2007 vera
974 1979 1089 2014 justitia

262 2023 396 2051 Christus
411 2026 464 2058 est,
483 2024 539 2058 Qui
547 2025 648 2060 factus
660 2028 702 2052 est
716 2025 799 2052 nobis
820 2025 971 2059 sapientia
984 2031 1003 2052 a
1015 2025 1087 2057 Deo,

263 2069 429 2102 etjuslilz'a,
441 2072 468 2097 et
483 2070 695 2104 sanctiﬁcatio,
707 2073 733 2098 et
748 2069 912 2103 redemptio
922 2069 954 2096 ‘3.
971 2068 1091 2096 Accedit

264 2113 354 2142 etiam
370 2113 409 2142 ad
422 2122 498 2142 verae
516 2114 638 2150 justitiae
660 2115 873 2150 cognitionem,
889 2115 922 2141 ut
940 2113 1089 2149 judicium

263 2158 451 2193 dirigatur”.
471 2161 543 2187 Nam
559 2159 623 2188 ﬁeri
639 2167 701 2188 non
717 2161 824 2196 potest,
837 2161 870 2187 ut
887 2158 936 2194 qui
957 2158 1042 2195 prius
1057 2158 1087 2186 in

260 2204 381 2238 justitiae
398 2205 569 2239 cognitione
584 2205 718 2232 eruditus
738 2213 799 2232 non
816 2204 912 2238 fuerit,
926 2203 1086 2238 ambiguas
1101 2221 1123 2248 Β

260 2255 308 2275 res
324 2251 401 2275 recte
416 2248 581 2283 diiudicare
595 2250 700 2285 possit.
717 2251 817 2285 Neque
837 2249 918 2276 enim
942 2247 1087 2275 Salomon

262 2292 336 2328 ipse,
353 2292 409 2319 nisi
426 2293 456 2320 in
480 2293 580 2330 seipso
595 2294 673 2328 aequi
698 2302 733 2321 ac
752 2294 822 2322 recti
837 2293 969 2321 rationes
983 2291 1088 2328 exqui-

263 2336 337 2364 sitas
354 2336 750 2369 habuisset,celeberrimum
766 2337 994 2372 illudjudicium
1005 2335 1088 2371 quod

262 2381 300 2408 de
319 2389 413 2416 puero
429 2382 503 2409 inter
518 2383 689 2410 meretrices
709 2383 840 2419 protulit,
857 2385 918 2409 tam
940 2383 1018 2408 recte
1033 2389 1087 2416 ap-

262 2425 420 2462 posileque
431 2427 578 2462 potuisset
592 2428 708 2455 efferre.
722 2428 796 2454 Cum
808 2427 888 2454 enim
899 2426 1024 2454 testibus
1038 2433 1087 2453 ca-

262 2474 361 2498 rerent
383 2479 451 2506 quae
475 2471 513 2499 ab
534 2475 659 2508 utraque
683 2473 873 2507 dicebantur,
891 2471 930 2500 ad
945 2474 1086 2499 naturam

262 2515 408 2549 cucurrit;
425 2516 549 2553 ejusque
567 2525 623 2553 ope
639 2525 706 2553 quae
727 2517 947 2552 ignorabantur
961 2515 1084 2543 invenit.

299 2579 320 2596 ¹⁷
336 2578 412 2606 Psal.
429 2587 516 2615 xxxv,
535 2582 561 2607 7.
603 2580 723 2608 “‘ICor.
736 2589 756 2615 1,
771 2583 816 2609 30.

297 2639 353 2678 (20)
374 2641 426 2668 Hic
453 2650 512 2669 vox
541 2641 629 2678 βίϐλος
659 2642 880 2673 subaudienda.
905 2644 1036 2676 fortasse
1061 2642 1088 2669 et

261 2674 588 2715 [trilicem-amissionem
605 2679 653 2706 hic
667 2679 750 2713 liber,
764 2674 996 2707 Proverbiorum
1008 2678 1088 2705 vidc-

259 2710 337 2749 lice_t.
355 2713 420 2749 lito;
445 2713 515 2747 Reg.
541 2714 657 2749 primus
685 2710 772 2741 λωτὸν
794 2715 946 2741 ἐπιϐάλλειν.
963 2716 1020 2741 Nec
1045 2714 1085 2742 ita

259 2747 355 2787 multo
367 2747 443 2787 ipfl‘fl
460 2747 659 2787 Cotbftertius
674 2751 699 2780 ὃς
712 2751 831 2787 ἐγεννήθη
850 2754 927 2787 σογία
939 2751 1011 2786 ἡμῖν.

296 2784 350 2818 (21)
371 2783 454 2812 Colb.
469 2785 571 2813 tertius
592 2783 760 2817 συνέζευκται
782 2786 810 2813 δὲ
832 2783 998 2823 τῷ.”8ίᾶῐίω
1013 2785 1084 2814 editi

1135 913 1183 932 κην
1208 903 1277 930 ἐστὶν
1303 902 1327 929 ἐν
1341 907 1377 938 τῷ
1393 907 1474 939 κακῷ,
1493 907 1539 932 τὴν
1559 903 1586 929 ἐκ
1602 907 1648 929 τοῦ
1672 906 1792 940 σώματος
1812 902 1937 940 ἐργασίαν

1135 952 1171 984 τῷ
1191 952 1295 985 πονηρῷ
1309 946 1424 985 δεσπότῃ
1441 950 1607 985 παρεχομένη
1622 958 1628 965 -
1652 949 1667 977 ἡ
1690 946 1719 974 δὲ
1737 946 1784 974 διὰ
1802 950 1849 977 τὴν
1869 946 1938 977 ἠδο-

1135 995 1180 1022 νὴν
1208 993 1333 1023 ἑκουσίως
1354 992 1447 1022 ἑαυτὴν
1473 991 1603 1019 ἐπιδοῦσα
1630 996 1661 1029 τῇ
1686 992 1810 1030 ἁμαρτίᾳ.
1836 992 1938 1023 Ἀλλως

1136 1035 1179 1062 οὖν
1201 1038 1235 1062 τὰ
1259 1036 1370 1063 ἀκούσια
1389 1038 1517 1073 τυγχάνει
1540 1040 1706 1074 συηνώμης,
1728 1040 1772 1063 καὶ
1799 1037 1882 1068 ἄλλως
1905 1039 1939 1064 τὰ

1811 1081 1890 1108 Πάλιν
1924 1083 1937 1108 ὁ

1136 1126 1181 1161 μὲν
1203 1135 1242 1156 τις
1263 1127 1372 1162 ἧμαρτιι,
1389 1130 1507 1163 πονηρῶς
1530 1127 1559 1152 τό
1579 1126 1606 1157 ἐξ
1631 1125 1720 1163 ἀρχῆς
1743 1127 1936 1163 τεθραμμένος·

1137 1080 1164 1106 ἐκ
1192 1082 1333 1117 μοχθηρᾶς
1369 1084 1543 1118 προαιρέσεως
1579 1084 1771 1119 κατακρίνεται.

1137 1172 1181 1196 καὶ
1205 1171 1253 1207 γάρ
1274 1172 1319 1196 καὶ
1343 1171 1392 1196 ὑπὸ
1416 1171 1509 1206 γονεων
1534 1169 1632 1196 ἀδίκων
1657 1171 1694 1202 εἰς
1718 1172 1761 1196 τὸν
1785 1170 1843 1206 βίον
1871 1181 1937 1208 παρ-

1137 1215 1231 1250 ήχθη,
1266 1217 1311 1240 καὶ
1349 1215 1495 1252 συνετράφη
1527 1217 1572 1241 καὶ
1612 1215 1716 1253 ῥήμασι
1748 1218 1794 1242 καὶ
1826 1216 1938 1252 πράξεσι

1135 1261 1315 1296 παρανόμοις·
1350 1259 1425 1291 ἄλλος
1454 1258 1483 1286 δὲ
1509 1259 1590 1286 πολλὰ
1623 1262 1691 1296 ἔχων
1721 1262 1755 1287 τὰ
1785 1261 1936 1298 προκαλού-

1136 1313 1200 1340 μενα
1224 1304 1301 1330 αὑτὸν
1327 1303 1363 1334 εἰς
1386 1303 1498 1342 ἀρετὴν·
1525 1303 1670 1342 ἀνατροφὴν
1695 1307 1865 1342 σεμνοτάτην,
1881 1315 1937 1332 νου-

1138 1349 1242 1378 θέτησιν
1284 1350 1387 1384 γονέων,
1431 1347 1601 1375 διδασκάλων
1634 1348 1776 1387 ἀκρίϐειαν,
1811 1349 1937 1388 ἀκρόασιν

1136 1392 1218 1429 λόγων
1255 1394 1398 1431 θειοτέρων,
1429 1391 1533 1420 δίαιταν
1557 1395 1774 1432 κατεσταλμένην,
1808 1397 1842 1422 τὰ
1874 1396 1939 1422 ἄλλα

1137 1438 1176 1469 οἷς
1190 1438 1267 1474 ψυχὴ
1284 1436 1496 1474 παιδαγωγείται
1516 1441 1580 1476 πρὸς
1597 1439 1689 1476 ἀρετὴν
1702 1450 1708 1456 -
1731 1439 1787 1466 εἶτα
1801 1442 1846 1467 καὶ
1859 1441 1938 1472 αὐτὸς

1138 1483 1173 1513 εἰς
1183 1486 1230 1512 τὴν
1244 1483 1476 1520 ὁμοίαννὰμαρτίοιν
1489 1484 1620 1510 ὑπὼλισθε
1630 1495 1636 1500 ·
1649 1489 1703 1516 πῶς
1716 1485 1780 1521 οὐχὶ
1791 1484 1940 1523 βαρυτέρας

1139 1526 1248 1559 δικαίως
1264 1529 1276 1554 ό
1293 1531 1410 1559 τοιοῦτος
1433 1532 1480 1559 τῆς
1496 1531 1622 1565 τιμωρίας
1638 1528 1833 1563 ἀξιωθήσεται;
1848 1530 1878 1556 Ὁ
1894 1532 1937 1567 μὲν

1137 1574 1187 1610 γὰρ
1204 1572 1245 1599 ἐπὶ
1269 1575 1359 1609 μόναις
1378 1577 1436 1603 ταῖς
1458 1576 1682 1610 κατεσπαρμέναις
1697 1574 1721 1601 ἐν
1749 1579 1806 1607 ταῖς
1829 1575 1939 1607 ἐννοίαις

1138 1619 1210 1653 ἡμῶν
1227 1620 1365 1654 σωτηρίοις
1379 1617 1509 1655 ἀφορμαῖς
1525 1617 1725 1654 ἐγκληθήσεται,
1740 1621 1774 1651 ὡς
1789 1619 1818 1646 οὐ
1831 1621 1938 1656 χρησά-

1138 1671 1211 1698 μενος
1228 1661 1318 1692 αὑταῖς
1334 1662 1432 1698 ὑγιῶς·
1459 1663 1472 1688 ὁ
1488 1660 1517 1689 δὲ
1530 1665 1595 1700 πρὸς
1609 1665 1703 1699 τούτῳ,
1718 1666 1762 1690 καὶ
1785 1665 1819 1695 ὡς
1839 1663 1938 1700 προδε-

1139 1705 1229 1738 δωκὼς
1248 1710 1334 1733 πᾶσαν
1359 1709 1403 1736 τὴν
1420 1705 1561 1744 δεδομένην
1584 1709 1654 1744 αὐτῷ
1671 1711 1828 1745 συνέργειαν,
1842 1712 1888 1735 καὶ
1902 1708 1938 1736 δι’

1139 1751 1296 1788 ἀπροσεξίαν
1330 1752 1366 1782 εὶς
1395 1753 1441 1778 τόν
1474 1754 1586 1789 πονηρὸν
1614 1753 1672 1789 βίον
1703 1757 1871 1791 κατασυρείς.
1901 1756 1936 1781 Τὸ

1139 1795 1182 1823 οὖν
1210 1800 1303 1826 νοῆσαι
1331 1799 1378 1826 τὴν
1402 1796 1486 1827 ἀληθῆ
1514 1796 1685 1827 δικαιοσύνην
1713 1799 1828 1835 μεγάλης
1859 1801 1938 1832 ὅντως

1140 1840 1258 1873 διανοίας
1281 1844 1325 1868 καὶ
1350 1843 1436 1880 φρενὸς
1460 1841 1633 1874 τελειοτάτης.
1650 1846 1757 1873 Μήποτε
1782 1842 1812 1870 δὲ
1835 1847 1880 1870 καὶ
1895 1844 1938 1870 ἐπ-

1140 1885 1261 1922 αγγελίαν
1288 1887 1344 1922 ἔχει
1365 1887 1433 1921 (20),
1449 1888 1493 1912 τόν
1522 1897 1555 1913 τα
1575 1889 1739 1924 παροιμιακὰ
1764 1887 1939 1915 παιδευθέντα

1141 1929 1302 1960 δυνήσεσται
1330 1930 1418 1957 λοιπόν
1446 1930 1573 1957 ἐπιϐαλεῖν
1600 1936 1630 1969 τῇ
1659 1931 1780 1970 ἀκριϐείᾳ
1812 1937 1858 1964 τῆς
1886 1934 1940 1959 θεο-

1140 1976 1238 2011 λογίας,
1260 1975 1289 2001 ἸΙ
1311 1977 1361 2012 γὰρ
1386 1975 1485 2007 ἀληθὴς
1507 1975 1662 2007 δικαιοσύνη
1686 1978 1755 2004 ἐστὶν
1775 1979 1788 2004 ὁ
1812 1980 1938 2015 Χριστὸς,

1140 2021 1187 2052 Ὃς
1219 2019 1323 2056 ἐγενηθη
1367 2021 1428 2056 ἡμῖν
1472 2024 1549 2057 σοφία
1590 2021 1639 2048 ἀπὸ
1673 2027 1750 2056 Θεοῦ,
1783 2021 1938 2052 δικαιοσύνη

1141 2075 1168 2092 τε
1200 2068 1244 2091 καὶ
1281 2065 1425 2101 ἁγιασμὸς,
1460 2068 1504 2092 καὶ
1546 2065 1735 2104 ἀπολύτρωσις.
1771 2067 1941 2097 Συνεζευκται

1141 2115 1177 2146 τῷ
1193 2110 1246 2145 (21)
1267 2114 1362 2145 γνῶναι
1384 2108 1555 2139 δικαιοσύνην
1580 2110 1662 2141 ἀληθῆ
1686 2114 1715 2138 τὸ
1739 2116 1820 2149 κρῖμα
1844 2121 1940 2138 κατευ-

1144 2156 1227 2181 θῦναι.
1252 2154 1402 2190 Ἀμήχανον
1428 2156 1478 2192 γὰρ
1503 2157 1546 2181 τόν
1572 2158 1607 2192 μὴ
1635 2155 1860 2192 προπαιδευθέντα
1881 2158 1941 2192 περὶ

1142 2203 1188 2226 τοῦ
1209 2197 1314 2225 δικαίου
1337 2197 1468 2225 δύνασθαι
1482 2201 1529 2230 τὰς
1549 2199 1759 2237 ἀμφισϐητήσεις
1775 2202 1855 2238 ὀρθῶς
1876 2199 1940 2226 δια-

1143 2247 1238 2280 κρῖναι.
1264 2242 1334 2269 Οὐδὲ
1360 2245 1410 2280 γὰρ
1433 2245 1511 2274 αὐτὸς
1535 2245 1660 2281 Σολομὼν,
1685 2246 1706 2272 εἰ
1734 2249 1769 2282 μὴ
1798 2245 1854 2281 εἶχε
1879 2248 1940 2277 τοὺς

1142 2291 1200 2324 περὶ
1226 2292 1271 2314 τοῦ
1297 2287 1401 2314 δικαίου
1417 2288 1508 2324 λόγους
1526 2288 1641 2326 ἀκριῧεῐς
1664 2291 1688 2316 ἐν
1713 2290 1804 2326 ἐαυτῷ,
1822 2289 1940 2319 ἡδύτατο

1141 2336 1188 2362 τὴν
1211 2333 1420 2370 πο).νορύλ).ητον
1447 2333 1543 2362 ἐκείνην
1567 2337 1653 2372 κρίσιν
1676 2336 1756 2366 οὕτως
1785 2335 1868 2372 ὀρθῶς
1894 2337 1940 2361 καὶ

1142 2377 1284 2410 εὐθυϐολως
1315 2377 1459 2414 ἐξενεγκεῖν,
1489 2380 1519 2408 ἦν
1546 2380 1627 2415 ἔκρινε
1654 2384 1712 2411 ταῖς
1748 2383 1854 2418 πόρναις
1881 2383 1942 2417 περὶ

1141 2427 1186 2449 τοῦ
1202 2421 1319 2450 παιδίου.
1335 2421 1441 2452 Ἐπειδὴ
1466 2425 1516 2461 γὰρ
1541 2423 1679 2462 ἀμάρτυρα
1698 2424 1728 2454 ἦν
1750 2427 1782 2451 τὰ
1805 2425 1866 2462 παρ’
1882 2426 1942 2451 ἑκα-

1141 2470 1214 2504 τέρας
1242 2467 1374 2504 λεγόμενα,
1404 2467 1443 2494 ἐπὶ
1476 2471 1523 2497 τὴν
1558 2471 1634 2504 φύσιν
1668 2469 1798 2506 ἐχώρησε,
1827 2480 1872 2495 και
1897 2469 1942 2496 δι’

1141 2512 1223 2543 αὐτῆς
1247 2512 1304 2549 εὗρε
1331 2514 1364 2538 τὰ
1388 2512 1547 2549 ἀγνοούμενα
1567 2514 1641 2549 (22)·
1664 2518 1712 2545 τῆς
1731 2516 1775 2550 μεν
1805 2513 1940 2552 ἀλλοτρίας

856 2582 878 2598 ¹⁹
893 2581 970 2608 Prov
1003 2588 1022 2614 ι,
1039 2580 1065 2610 3,
1078 2577 1164 2613 juxta
1181 2576 1252 2603 LXX.

1143 2637 1278 2680 ἀμήχμνρν
1301 2638 1423 2677 γὰοκαὶ
1443 2639 1487 2680 μή.
1504 2638 1621 2680 Veteres
1645 2641 1780 2680 quatuor
1797 2638 1865 2680 libri
1880 2641 1941 2680 ’γὰρ

1142 2677 1189 2709 μή.
1207 2673 1288 2701 Coll).
1304 2673 1406 2710 tertius
1422 2673 1471 2710 γὰρ
1485 2675 1528 2699 τὸν
1542 2677 1590 2710 μή,
1605 2673 1693 2702 recte.
1711 2675 1843 2703 Subinde
1858 2673 1941 2703 idem

1141 2708 1235 2737 codex
1252 2709 1334 2746 ὀρθῶς
1346 2708 1498 2745 διακρίνειν.

1175 2746 1231 2781 (22)
1245 2745 1326 2780 Regii
1341 2745 1457 2781 primus
1481 2747 1509 2773 et
1533 2746 1683 2774 secundus
1708 2747 1736 2772 τὸ
1756 2745 1938 2782 ἀγνοούμενον.
