2059 3136
260 169 313 198 407

947 166 976 195 S.
997 165 1119 193 BASILH
1139 165 1248 193 MAGNI

1887 167 1943 194 408

260 230 458 259 exsecrationi
474 231 549 266 ejus.
574 229 627 266 qui
641 230 714 258 dixit
729 238 735 257 τ
756 230 803 257 Va:
826 230 880 266 qui
891 229 989 257 (licitis
1005 235 1085 256 ama-

1140 228 1169 252 τὸ
1184 229 1276 265 πικρὸν
1290 227 1383 264 γλυκύ,
1400 231 1445 255 καὶ
1464 230 1492 254 τὸ
1508 227 1589 264 γλυκυ
1603 230 1695 265 πικρόν
1708 238 1714 245 ·
1735 229 1759 255 οἱ
1777 227 1891 266 λέγοντες
1910 230 1940 255 τό

261 284 329 305 rum
344 276 442 310 dulce,
464 278 491 303 et
515 275 604 303 dulce
627 282 764 303 amarum
782 283 788 302 :
806 275 858 310 qui
872 274 970 302 dicitis
991 274 1087 301 lucem

261 321 407 355 tenebras,
422 323 448 349 et
460 320 596 348 tenebras
609 321 704 348 lucem
715 321 749 348 “.

299 367 341 393 10.
359 365 508 398 Quoniam
524 365 622 400 igitur,
645 365 733 401 juxta
759 365 859 401 ipsum
885 364 1088 398 Salomonem,

263 411 465 446 Cogitationes
471 411 625 444 justorum
634 410 753 445 judicia
763 413 832 437 sunt
843 410 878 441 ³⁵,
890 417 984 445 opera
994 411 1037 436 est
1047 416 1091 436 se-

263 455 335 483 dulo
348 454 462 488 dandu,
477 457 510 482 ut
531 455 611 482 intus
621 454 651 482 in
667 454 769 482 abdito
793 454 1009 489 cogitationum
1024 453 1090 481 foro

262 501 343 528 recta
369 499 407 527 de
435 498 526 526 rebus
549 499 665 534 judicia.
690 499 833 532 feramus,
861 498 1090 533 habeamusque

263 545 395 572 mentem
408 543 526 571 trutinae
541 543 680 576 similem,
695 551 763 577 quae
777 543 850 570 citra
864 542 1090 570 inclinationem

262 589 356 616 ullam
371 588 491 624 agenda
501 596 630 625 quaeque
645 587 943 624 appendat.Quando
958 586 1088 623 quodvis

262 633 443 661 mandatum
454 635 482 660 et
494 633 668 668 oppositum
677 633 703 661 ei
713 633 819 660 vitium
828 631 944 668 judicio
957 633 1009 659 tuo
1024 638 1089 667 per-

261 677 398 712 mittitur,
417 677 458 705 da.
479 677 634 705 victoriam
650 677 706 712 legi
731 678 779 705 Dei
793 679 897 705 contra
918 678 1086 713 peccatum.

261 722 399 750 Habendi
413 722 586 758 appetentia
597 722 694 757 major
704 724 734 750 et
751 722 877 758 tequitas
893 721 1088 757 judicantur?

261 767 423 795 Pronuntia
443 767 591 794 adversus
619 767 788 794 alienorum
815 766 1021 802 cupiditatem,
1047 765 1088 793 da.

260 811 408 839 calculum
428 811 577 847 potiorem
594 811 705 839 virtuti.
721 811 871 839 Dissident
884 811 961 838 inter
976 819 1006 838 se
1017 817 1086 838 con-

258 855 368 883 vicium
395 858 424 883 et
448 855 579 884 lenitas?
602 857 749 884 Pudorem
770 856 869 884 incute
893 855 1037 888 convicio,
1058 856 1086 882 et

1142 276 1192 310 φῶς
1208 275 1308 306 σκότος,
1319 275 1364 299 καὶ
1379 275 1408 301 τὸ
1424 275 1516 304 σκότος
1537 277 1595 311 φῶς,

1178 364 1221 391 10.
1242 363 1312 390 Ἐπεὶ
1338 367 1391 399 οὖν,
1421 364 1478 390 κατ’
1497 363 1576 390 who»
1606 365 1650 390 τὸν
1678 363 1838 400 Σολομῶντα,
1858 366 1940 400 Λογι-

1144 411 1206 445 σμοὶ
1240 407 1350 434 δικαίων
1379 411 1503 445 κρίματα,
1533 407 1606 435 ἔνδον
1644 408 1667 434 ἐν
1704 413 1740 444 τῷ
1773 411 1939 446 κεκρυμμένῳ

1129 450 1192 479 ’τῶν
1207 453 1338 490 λογισμῶν
1358 456 1484 491 κριτηρίῳ
1505 451 1666 483 σπουδάζειν
1682 455 1737 490 χρὴ
1758 455 1802 484 τὰς
1816 457 1874 491 περὶ
1893 458 1939 480 τοῦ

1130 499 1294 534 ηπφάγματος
1331 501 1429 534 κρίσεις
1466 497 1678 535 ἀπαρατρέπτους
1708 499 1860 532 ποιεῖσθαι,
1896 501 1940 525 καὶ

1142 544 1185 569 τὸν
1209 547 1267 570 νοῦν
1296 545 1408 580 τρυτάνη
1442 545 1513 579 ἔχειν
1537 545 1720 580 προσεοικότα,
1747 543 1854 574 induo”);
1880 544 1940 570 ἑκα-

1144 597 1203 614 στον
1224 589 1279 623 (‘28)
1299 593 1348 614 τῶν
1373 590 1506 626 πρακτέων
1531 588 1753 624 ξυγοστατοῦντα.
1773 588 1854 614 ’Όταν
1878 588 1940 614 ἀά-

1143 643 1191 663 στη
1222 633 1308 662 ἐντολὴ
1338 634 1409 670 παρά
1429 635 1471 659 σοὶ
1501 635 1567 670 πρὸς
1593 635 1639 662 τὴν
1669 632 1845 669 ἀντικειμένην
1873 633 1938 669 αὐτῇ

1141 680 1234 704 κακίαν
1254 676 1457 711 διαδικάζηται,
1479 676 1523 708 δός
1550 688 1586 714 τῳ
1614 680 1683 714 νόμῳ
1707 681 1752 704 τοῦ
1781 681 1847 704 Θεοῦ
1873 678 1941 704 κατά

1141 727 1189 754 τῆς
1217 723 1344 760 ἁμαρτίας
1370 724 1403 749 τά
1430 725 1578 760 νικητήρια.
1602 722 1763 759 Πλεονασμός
1781 725 1827 748 καὶ
1851 722 1940 753 ἰσότης

1140 771 1291 806 κρίνονται;
1323 767 1436 804 ἀπόφηνε
1464 769 1531 794 κατά
1562 772 1608 798 τῆς
1636 771 1685 793 τῶν
1714 767 1852 804 ἀλλοτρίων
1881 767 1940 794 ἑπι-

1142 815 1245 850 θυμίας,
1271 812 1316 844 δὸς
1339 816 1385 842 τήν
1412 813 1531 850 βελτίονα
1557 813 1643 849 ψῆφον
1658 817 1689 849 τῇ
1707 811 1796 849 ἀρετῇ.
1813 811 1941 850 Λοιδορία

1139 862 1184 885 καὶ¹
1217 859 1386 896 μακροθυμία
1416 857 1535 888 ἀλλήλαις
1569 857 1820 891 ἀντικαθίστανταις
1849 860 1941 883 καταί-

258 903 410 936 antepone
424 900 701 929 lenitatem.0dium
713 900 738 929 ei
753 900 870 928 dilectio
882 899 1086 928 contendunt?

1141 913 1238 940 σχυνον
1258 905 1304 932 τὴν
1332 901 1476 940 λοιδορίαν,
1501 905 1546 929 καὶ
1573 905 1736 940 προτίμησον
1756 904 1785 928 τό
1804 903 1940 940 μακρόθυ-

257 944 333 972 lllud
345 945 513 980 ignominia
529 944 681 978 affectum,
697 953 791 981 quam
814 945 990 980 longissime
1005 943 1086 972 able-

257 992 338 1024 gato,
354 989 546 1017 dilectionem
556 998 629 1018 vero
642 990 757 1018 honore
771 989 1016 1022 decoratam,tibi
1027 988 1087 1025 ipsi

256 1034 346 1062 facito
356 1034 704 1062 familiarem.Simulatio
713 1037 741 1063 et
754 1035 1086 1071 simplicitas,f0rtitudo

257 1081 286 1106 et
299 1078 453 1112 timiditas,
466 1079 628 1115 prudentia
648 1082 677 1107 et
698 1079 831 1111 stultitia,
844 1080 958 1115 justitia
971 1083 999 1108 et
1012 1080 1087 1116 inju-

258 1123 347 1156 stitia,
365 1123 511 1159 pudicitia
525 1126 554 1151 et
569 1124 765 1159 impudicitia,
779 1127 817 1158 et,
833 1127 866 1152 ut
877 1125 961 1153 brevi
974 1125 1084 1162 dicam,

256 1168 352 1196 virtus
366 1168 507 1204 quaelibet
517 1176 587 1196 cum
597 1169 732 1205 quolibet
746 1170 823 1198 vicio
833 1170 981 1205 judicium
994 1171 1088 1200 subit?

258 1215 339 1242 Tunc
358 1214 448 1248 igitur
467 1213 652 1249 judiciorum
668 1215 878 1243 rectitudinem
893 1216 1042 1244 Ostendito
1057 1217 1088 1244 in

259 1257 377 1286 occulto
393 1258 503 1286 animae
520 1260 577 1286 tua:
598 1258 724 1293 judicio,
739 1263 984 1297 prmeeptumque
999 1261 1088 1297 quasi

259 1310 445 1331 assessorem
473 1302 623 1331 adhibens
646 1303 712 1337 tibi,
734 1305 840 1333 odium
865 1305 896 1333 in
922 1306 1088 1342 nequitiam

259 1351 347 1376 tuum
375 1350 620 1382 commonstrato,
644 1356 789 1376 aversaris
815 1353 949 1386 peccata,
965 1351 1090 1379 virtutes

260 1392 434 1428 praeferens.
453 1392 481 1420 Si
496 1392 576 1420 enim
592 1392 666 1420 facis
681 1395 713 1421 ut
729 1394 759 1421 in
778 1394 904 1429 singulis
919 1396 1088 1424 actionibus

259 1436 383 1465 vincant
405 1436 487 1473 apud
512 1439 539 1464 te
564 1437 699 1473 meliora,
716 1438 822 1466 beatus
839 1439 896 1467 eris
911 1441 946 1468 In
961 1440 1009 1468 die
1022 1441 1088 1475 illa,

262 1489 328 1509 cum
337 1481 491 1516 judicabit
505 1482 650 1510 Dominus
672 1483 791 1511 occulta
815 1484 969 1512 hominum
984 1493 1088 1513 secun-

262 1526 332 1553 dum
348 1526 550 1562 Evangelium
565 1530 714 1562 nostrum,
729 1529 960 1563 cogitationibus
972 1530 1051 1557 inter
1060 1537 1091 1558 se

1140 958 1197 985 μον,
1219 948 1325 986 Ἐχθρα
1351 950 1396 974 καὶ
1421 947 1531 984 ἁγάπη;
1560 949 1607 976 τὴν
1631 949 1676 984 μὲν
1704 948 1796 984 ἄτιμον
1816 950 1939 983 ποιήσας,

1140 993 1294 1031 ὐπερὸρισον
1315 995 1347 1023 ὡς
1362 992 1520 1030 πορρωτάτω
1535 1003 1541 1008 -
1561 995 1608 1022 τὴν
1629 990 1659 1018 δὲ
1679 991 1783 1028 ἀγάπην
1803 993 1939 1028 σεμνύνας,

1141 1039 1235 1064 οἰκείαν
1264 1040 1374 1067 ποίησον
1394 1040 1448 1071 (29)
1477 1041 1586 1073 σεαυτῷ.
1617 1037 1767 1074 ’Υπόκρισις
1790 1039 1835 1062 καὶ
1860 1036 1942 1062 ἁπλο-

1140 1093 1196 1116 της,
1236 1081 1332 1120 ἀνδρία
1365 1084 1409 1108 καὶ
1438 1081 1534 1116 δειλία,
1563 1084 1688 1119 φρόνησις
1716 1084 1760 1108 καὶ
1793 1081 1939 1118 ἀφροσύνη,

1142 1127 1298 1157 δικαιοσύνη
1330 1130 1374 1154 καὶ
1403 1125 1505 1160 ἀδικία,
1542 1128 1696 1165 σωφροσύνη
1727 1128 1771 1152 καὶ
1800 1125 1938 1159 ἀκολασία,

1141 1175 1185 1199 καὶ
1209 1173 1338 1199 συνελόντι
1367 1176 1450 1209 φῆσαι
1474 1172 1542 1207 (30),
1565 1175 1640 1198 πᾶσα
1668 1171 1744 1209 ἀρετὴ
1769 1173 1832 1208 πρὸς
1852 1174 1940 1197 πᾶσαν

1141 1220 1234 1244 κακίαν
1260 1216 1453 1250 δαδικάζεται;
1474 1219 1537 1243 Τότε
1559 1215 1592 1246 δὴ
1618 1216 1662 1242 οὖν
1682 1214 1810 1247 ἐπίδειξαι
1829 1218 1876 1245 τὴν
1901 1215 1942 1241 r3-

1144 1257 1243 1291 θύτητα
1266 1267 1315 1288 τῶν
1339 1263 1482 1300 χριμάτων,
1508 1261 1532 1288 ἓν
1559 1265 1595 1297 τῷ
1609 1262 1725 1298 ’κρυπτῷ
1747 1271 1794 1287 σου
1817 1265 1863 1290 τῆς
1889 1260 1940 1295 ψυ-

1142 1312 1196 1343 χῆς
1211 1310 1349 1345 κριτηρίῳ,
1366 1309 1411 1333 καὶ
1430 1308 1506 1333 οἱονεὶ
1531 1305 1661 1344 πάρεδρον
1688 1310 1787 1342 σεαυτῷ
1809 1308 1856 1334 τὴν
1873 1305 1942 1331 ἐντο-

1142 1352 1188 1381 λὴν
1207 1354 1391 1388 ποιησάμενος,
1413 1350 1496 1384 δεῖξον
1517 1353 1547 1378 τὸ
1566 1353 1760 1389 μισοπόνηρον-
1783 1350 1942 1387 ἀποστρεφό-

1121 1423 1124 1429 ,
1143 1407 1215 1434 μενος
1230 1398 1286 1434 Ῐμὲν
1310 1399 1355 1428 τὰς
1374 1397 1511 1434 ἁμαρτίας,
1536 1397 1682 1434 ὑπερτιμων
1713 1394 1742 1422 δὲ
1768 1397 1814 1426 τὰς
1838 1394 1941 1433 ἀρετάς.

1119 1437 1123 1469 ἶ
1144 1442 1202 1470 Ἐὰν
1227 1443 1278 1479 γὰρ
1303 1442 1339 1478 ἐφ’
1360 1442 1469 1472 ἑκάστης
1493 1441 1610 1479 πράξεως
1634 1444 1706 1476 νικᾷν
1734 1443 1849 1476 ποιήσῃς
1874 1441 1946 1477 παρὰ

1122 1490 1187 1525 (σοὶ
1216 1489 1250 1514 τὰ
1274 1487 1404 1524 βελτίονα,
1434 1487 1561 1524 μακάριος
1590 1487 1636 1522 ἔσῃ
1664 1486 1703 1512 Ἐν
1730 1489 1762 1522 τῇ
1779 1486 1865 1523 ἡμέρᾳ
1884 1483 1946 1510 ὲκεί-

1122 1526 1188 1569 λνῃ,
1217 1534 1258 1558 ὅτε
1290 1536 1371 1570 κρινεῖ
1402 1532 1415 1558 ὁ
1449 1533 1511 1562 Θεὸς
1540 1532 1573 1557 τὰ
1599 1531 1703 1568 κρυπτὰ
1726 1534 1775 1556 τῶν
1805 1529 1946 1566 ἀνθρώπων

262 1573 290 1598 et
302 1571 524 1602 accusantibus,
541 1574 595 1599 aut
612 1575 639 1599 et
661 1572 931 1607 defendentibus“,
948 1582 1003 1602 nec
1024 1574 1088 1602 abi-

1145 1578 1212 1604 κατά
1243 1578 1273 1603 τὸ
1304 1576 1460 1613 Εὖαγγέλιον
1491 1577 1573 1612 ἡμῶν,
1615 1577 1660 1602 καὶ
1695 1574 1791 1612 μεταξὺ
1832 1573 1946 1603 ἀλλήλων

263 1614 310 1642 bis
322 1615 543 1643 condemnatus
553 1615 593 1643 ob
605 1616 697 1644 ullam
710 1617 749 1644 ad
762 1617 843 1645 mala
853 1618 1088 1647 inclinationem:

264 1659 317 1686 sed
331 1659 451 1694 justitiee
465 1660 584 1688 coronis
603 1660 792 1690 honorabere
811 1663 893 1698 107
909 1663 1020 1699 quibus
1035 1664 1092 1692 vir-

264 1705 358 1731 tutem
372 1711 426 1740 per
441 1713 562 1732 omnem
580 1707 661 1733 tuam
677 1706 769 1733 vitam
795 1707 998 1735 coronaveris.
1015 1709 1093 1741 Quot

264 1748 346 1776 bona
362 1749 533 1777 conciliabit
548 1750 601 1777 tibi
614 1749 845 1779 Proverbiorum
855 1751 995 1788 liber,qui
1005 1753 1093 1781 docet

265 1796 294 1822 et
303 1801 405 1822 veram
418 1793 514 1823 colere
524 1794 682 1830 justitiam,
697 1797 726 1823 et
736 1796 886 1831 judicium
899 1797 1026 1833 dirigere
1035 1797 1050 1825 ?

304 1939 345 1964 tt.
362 1937 476 1973 Ecquid
501 1937 591 1972 igitur
614 1938 659 1966 his
675 1939 826 1974 amplius?
843 1939 878 1967 Ut
906 1939 964 1974 det,
985 1939 1093 1976 inquit,

266 1982 474 2010 innocentibus
487 1984 679 2015 astutiamac
687 1992 780 2018 puero
785 1985 895 2018 juveni
903 1988 930 2013 ct
939 1993 1054 2013 sensum
1067 1989 1094 2014 et

268 2027 499 2061 intelligentiam
511 2028 546 2055 ετ.
564 2024 732 2064 Dupliciter.
743 2029 935 2063 intelligimus
950 2030 1094 2058 innocen-

267 2071 349 2099 tiam.
361 2073 417 2099 Aut
427 2072 506 2100 enim
522 2074 689 2109 quamdam
701 2081 718 2101 θ.
731 2077 853 2110 peccato
869 2074 1094 2108 alienationem,

267 2123 335 2152 qua:
350 2116 464 2144 ratione
479 2117 522 2150 ﬁt,
544 2118 768 2153 excogitamus;
784 2119 906 2155 Vitiique
919 2119 997 2147 velut
1020 2128 1094 2156 qua-

267 2160 340 2189 dam
352 2161 454 2190 radice
468 2170 522 2198 per
532 2162 656 2198 longam
671 2163 865 2191 attentionem
880 2164 1094 2201 bonorumque

267 2206 492 2234 meditationem
500 2207 652 2241 excisa,ob
659 2207 806 2244 integram
815 2209 838 2244 ej
845 2199 1092 2245 usprivalionem,
1108 2199 1131 2227 Β

267 2251 443 2279 innocentia:
454 2252 689 2288 appellationem
699 2253 878 2289 accipimus:
892 2257 943 2282 aut
953 2255 1094 2283 innocen-

267 2295 308 2322 tia
317 2295 436 2330 dicitur,
448 2304 516 2324 cum
527 2297 598 2324 mali
609 2297 746 2324 nondum
762 2298 1006 2333 estexperientia,
1023 2308 1092 2328 cum

267 2338 326 2367 sint
335 2340 386 2376 qui
398 2348 479 2376 smpe
490 2341 529 2368 ob
538 2341 684 2376 puerilem
695 2344 812 2370 (etatem
825 2345 876 2370 aut
886 2343 951 2370 vitae
965 2344 1092 2380 alicujus

264 2383 435 2412 institutum
446 2384 518 2412 vitia
527 2385 670 2421 quaedam
682 2394 742 2414 non
754 2387 1092 2425 experiantur.Exempli

264 2428 368 2464 gratia,
386 2437 462 2464 puer
476 2437 537 2456 non
551 2430 634 2458 novit
648 2430 832 2466 superbiam,
854 2439 914 2459 non
937 2433 1018 2462 novit
1040 2434 1092 2462 do-

261 2472 325 2501 lum
341 2475 369 2501 et
382 2473 540 2501 fallaciam.
558 2475 672 2501 Rursus
688 2478 758 2502 sunt
779 2475 830 2511 qui
854 2476 915 2504 ruri
935 2477 1088 2513 degentes,

260 2525 321 2546 non
336 2518 434 2546 sciunt
448 2517 536 2546 dolos
552 2522 766 2554 mercatorum,
780 2528 878 2556 neque
898 2521 1032 2549 forenses
1052 2522 1088 2550 si-

259 2562 408 2592 multates.
420 2563 475 2597 Qui
485 2563 559 2592 tales
570 2566 649 2597 sunt,
663 2571 713 2592 eos
728 2564 902 2594 innocentes
917 2574 1064 2595 vocamus
1077 2577 1084 2602 ;

291 2640 314 2657 "
328 2639 384 2667 Isa.
398 2648 426 2672 v,
437 2641 482 2668 20.
522 2641 546 2658 ²⁵
558 2641 643 2668 Prov.
660 2649 707 2676 χιι,
723 2643 747 2668 5.
787 2642 811 2660 ²⁶
827 2643 912 2670 Rom.
929 2651 959 2676 ll,
979 2645 1020 2679 t6,
1041 2646 1084 2671 15.

289 2702 342 2739 (28)
360 2702 441 2731 Colb.
463 2703 588 2739 primus.
605 2704 712 2731 ἕκαστά.
736 2705 799 2733 Mox
824 2705 886 2734 duo
904 2714 976 2734 mss.
990 2709 1083 2733 κακίαν

252 2736 407 2768 δικάζηται.

284 2776 341 2809 (29)
358 2774 478 2810 Antiqui
489 2777 551 2803 duo
565 2775 633 2804 libri
648 2776 745 2802 οἰκείαν
761 2780 882 2806 ποίησαι.

284 2811 338 2848 (30)
352 2811 421 2848 Reg.
440 2811 555 2848 primus
571 2811 698 2838 σννελὰντι
716 2814 802 2848 φάναι.

284 2847 343 2882 (3t)
357 2846 457 2875 Codex
467 2847 549 2876 idem
567 2848 629 2885 παρ’
645 2846 756 2876 ᾶπαντα.
769 2850 836 2877 Mox
849 2849 881 2878 in
897 2848 978 2878 Colb.
996 2849 1080 2878 tertio

1145 1627 1195 1649 τῶν
1225 1622 1357 1658 λογισμῶν
1391 1622 1605 1658 κατηγορούντων
1643 1621 1658 1650 ἦ
1693 1622 1738 1646 καί
1771 1619 1947 1654 ἁπολογουμί-

1146 1679 1204 1699 νων,
1234 1667 1281 1693 οὐκ
1310 1667 1414 1704 ἀπέρχῃ
1447 1664 1704 1701 καταδεδικασμένος
1733 1663 1780 1691 διὰ
1803 1666 1850 1692 τὴν
1881 1664 1946 1699 πρὸς

1146 1714 1179 1739 re.
1194 1712 1278 1749 φαῦλα
1291 1713 1384 1750 ῥοπὴν,
1399 1711 1463 1737 ἀλλά
1483 1715 1535 1741 τοῖς
1556 1715 1602 1741 τῆς
1618 1708 1789 1739 δικαιοσύνης
1806 1708 1943 1744 τιμηθήση

1147 1759 1289 1793 στεφάνοις,
1314 1758 1351 1787 οἷς
1377 1757 1448 1793 παρά
1471 1757 1556 1782 πάντα
1585 1757 1638 1791 (31)
1663 1764 1710 1782 σου
1739 1755 1782 1780 τόν
1807 1752 1864 1789 βίον
1897 1754 1944 1781 τὴν

1147 1803 1239 1840 ἀρετὴν
1269 1801 1456 1838 ἐστεφάνωσας.
1478 1800 1598 1830 Πηλίκων
1626 1809 1669 1826 σοι
1698 1798 1817 1836 πρόξενος
1841 1797 1944 1833 ἀγαθῶν

1145 1850 1283 1884 γενήσεται
1305 1847 1320 1876 ἡ
1345 1845 1433 1882 βίϐλος
1457 1850 1506 1872 τῶν
1532 1849 1690 1882 Παροιμιῶν,
1709 1842 1879 1870 διδάσκουσα
1898 1844 1944 1871 τήν

1146 1903 1173 1919 τε
1193 1893 1276 1929 ἀλῆθῇ
1292 1891 1462 1920 δικαιοσύνην
1478 1893 1521 1917 καὶ
1534 1894 1616 1927 κρῖμα
1630 1889 1810 1921 κατευθύνεινς

1184 1939 1226 1966 il.
1243 1941 1274 1964 Τὶ
1293 1938 1337 1964 οὖν
1359 1938 1421 1974 πρὸς
1440 1937 1540 1966 τούτοις
1564 1936 1619 1968 in;
1635 1934 1690 1960 Ἵνα
1705 1934 1759 1969 (32)
1780 1932 1830 1968 δῷ,
1855 1934 1945 1968 φησὶν,

1149 1983 1254 2013 ἀκάκοις
1284 1984 1464 2019 πανουργίαν,
1497 1979 1576 2007 παιδὶ
1611 1978 1640 2006 δὲ
1676 1982 1723 2015 νέῳ
1763 1979 1889 2006 αἴσθησίν
1919 1986 1946 2003 τε

1147 2029 1321 2054 καὶ”ἔννοιαν.
1351 2030 1448 2057 Διττῶς
1475 2030 1580 2062 νοοῦμεν
1609 2027 1656 2054 τὴν
1683 2024 1802 2050 ἀκακίαν.
1831 2022 1865 2048 ’Ἡ
1895 2023 1944 2058 γὰρ

1147 2076 1194 2103 τὴν
1221 2073 1271 2099 ἀπὸ
1299 2077 1343 2102 τῆς
1370 2072 1495 2109 ἁμαρτίας
1517 2071 1686 2108 ἀλλοτρίωσιν
1709 2069 1828 2105 λογισμῷ
1854 2076 1947 2103 κατορ-

1149 2119 1283 2155 θουμένην,
1299 2121 1344 2144 καὶ
1365 2116 1411 2143 διὰ
1425 2120 1525 2154 μακρᾶς
1551 2119 1687 2153 προσοχῆς
1706 2117 1751 2141 καὶ
1775 2114 1879 2151 μελέτης
1896 2117 1946 2139 τῶν

1149 2163 1251 2199 ἀγαθῶν
1276 2165 1328 2190 οἷον
1346 2163 1400 2198 (33)
1425 2172 1483 2188 τινα
1510 2162 1585 2198 ῥίζαν
1605 2165 1651 2191 τῆς
1669 2162 1761 2190 κακίας
1789 2159 1944 2195 ἐκτεμόντες,

1147 2211 1214 2236 κατά
1240 2211 1362 2247 στέρησιν
1383 2207 1462 2237 αὐτῆς
1484 2206 1593 2235 παντελῆ
1618 2207 1665 2234 τὴν
1684 2209 1730 2231 τοῦ
1751 2204 1848 2230 ἀκάκου
1864 2212 1945 2239 προσ-

1147 2257 1255 2292 ηγορίαν
1286 2252 1443 2289 δεχόμεθα·
1476 2251 1490 2280 ἡ
1525 2249 1622 2276 ἀκακία
1645 2249 1714 2275 ἐστὶν
1743 2250 1758 2277 ἡ
1793 2251 1872 2284 μήπω
1898 2250 1943 2273 τοῦ

1146 2303 1227 2326 κακοῦ
1253 2299 1381 2335 ἐμπειρία,
1406 2295 1452 2323 διά
1475 2298 1582 2324 νεότητα
1608 2293 1731 2324 πολλάκις
1754 2293 1768 2322 ἣ
1795 2292 1854 2328 βίου
1875 2293 1944 2322 τινὸς

1147 2343 1315 2372 ἐπιτήδευσιν
1341 2342 1451 2379 ἀπείρως
1475 2345 1550 2366 τινῶν
1574 2341 1636 2376 πρός
1667 2348 1736 2368 τινας
1764 2340 1854 2367 κακίας
1881 2335 1943 2363 δια-

1145 2391 1276 2425 κειμένων.
1303 2389 1364 2414 Οἰόν
1397 2388 1410 2413 ό
1439 2391 1499 2417 παῖς
1524 2385 1571 2412 οὐκ
1599 2383 1669 2412 οἶδεν
1688 2384 1872 2421 ὑπερηφανίαν,
1899 2382 1945 2408 οὐκ

1145 2432 1201 2460 οἶδε
1217 2432 1291 2459 δόλον
1315 2435 1360 2458 καὶ
1382 2430 1565 2469 ῥᾳδιουργίαν.
1585 2431 1663 2457 Πάλιν
1684 2430 1735 2456 εἱσι
1749 2438 1813 2459 τινες
1832 2432 1882 2454 τῶν
1898 2430 1944 2456 τὴν

1145 2477 1280 2516 ἀγροικίαν
1306 2477 1455 2511 οἰκούντων,
1482 2477 1528 2503 οὐκ
1552 2475 1648 2506 εἰδότες
1667 2477 1712 2505 τὰς
1731 2475 1873 2512 ἐμπορικὰς
1895 2483 1943 2499 κα·-

1143 2525 1275 2559 κονργίας,
1302 2520 1364 2548 οὐδὲ
1393 2523 1437 2552 τὰς
1461 2521 1484 2547 ἐν
1506 2519 1671 2557 δικαστηρίῳ
1698 2518 1850 2548 διαπλοκάς.
1880 2519 1944 2547 Τοὺς

1142 2569 1273 2598 τοιούτους
1303 2566 1414 2598 ἀκάκους
1442 2567 1556 2604 λέγομεν,
1592 2565 1678 2602 οὗχὼς
1711 2564 1738 2591 ἐκ
1771 2565 1945 2601 προαιρέσεως

1123 2645 1145 2662 ²¹¹
1163 2647 1249 2673 Prov.
1265 2653 1286 2679 ι,
1302 2646 1328 2672 At.

1139 2715 1195 2743 pro
1207 2707 1299 2745 ἀρετήν
1316 2707 1462 2742 scriptum
1477 2705 1646 2745 invenimus
1665 2705 1765 2745 ψυχήν.
1780 2703 1942 2739 Aliquanto

1137 2741 1208 2779 post
1224 2741 1295 2771 editi
1307 2741 1468 2778 γεννήσεται.
1483 2744 1518 2768 At
1528 2741 1588 2779 duo
1600 2743 1835 2779 ωδε-γενήσεται.

1174 2781 1232 2812 (32.³
1249 2776 1318 2813 Heg}
1336 2778 1440 2806 tertius
1456 2779 1557 2807 τούτοις
1570 2776 1640 2803 ἐστίν
1653 2785 1660 2811 ;
1675 2776 1739 2804 Ἵνα,

1173 2816 1231 2851 (33)
1246 2814 1366 2842 Veteres
1379 2813 1440 2842 duo
1451 2813 1519 2842 libri
1533 2814 1619 2841 οἱονεί.
