2059 3136
128 111 183 140 409

612 110 756 139 HOMILIA
775 111 808 138 IN
828 108 1029 138 PRINClPlUM
1046 110 1331 140 PROVEBBIORUM.

1761 112 1813 141 410

131 177 179 204 τῆς
194 175 289 203 κακίας
314 175 537 210 κεχωρισμένους,
555 172 607 200 ἀλλ’
623 175 658 204 ὡς
679 175 758 209 μήπω
782 172 815 203 εἰς
840 175 931 210 πεῖραν

990 180 1049 200 non
1060 173 1143 209 quod
1155 173 1307 202 voluntate
1318 181 1336 201 a
1346 173 1461 202 malitia
1472 173 1659 210 secesserint,
1667 173 1718 202 sed
1730 174 1814 210 quod

131 222 179 249 τῆς
200 221 317 254 πονηρᾶς
340 217 415 249 ἕξεως
440 217 605 254 ἀφιγμένους·
629 217 744 248 ’Ἃκακος
768 216 797 244 δὲ
825 220 930 254 κυρίως,

132 264 222 294 ὁποῖος
251 261 281 292 ἧν
308 261 402 296 Δαϐὶδ,
432 262 530 298 λέγων’
556 262 620 298 Ἐγὼ
650 260 679 290 δὲ
706 262 729 288 ἐν
758 261 855 298 ἀκακία
883 272 932 299 μου

133 307 293 344 ἐπορεύθηνο
318 307 331 333 ὀ
355 308 442 334 πᾶσαν
468 309 595 344 πονηρίαν
621 306 667 333 διὰ
690 311 738 338 τῆς
762 307 819 333 κατ’
840 306 933 344 ἀρετὴν

133 352 272 383 ἀσκήσεως
297 357 344 382 τῆς
367 352 460 378 ἑαυτοῦ
483 352 578 388 ψυχῆς
597 351 763 386 ἀποστήσας,
780 351 807 383 ὃς
821 354 866 378 καὶ
885 356 933 383 τῆς

131 397 307 434 κληρονομίας
329 401 378 423 τῶν
406 395 509 432 ἀγαθῶν
533 396 661 428 ἀξιοῦται,
686 399 757 423 Διότι
785 398 879 434 Κύριος
903 396 932 423 οὐ

134 445 257 479 στερήσει
293 443 326 468 τὰ
360 441 446 477 ἀγαθὰ
484 443 544 472 τοὺς
580 444 766 479 πορευομένους
799 441 824 468 ἐν
867 441 933 468 ἀκα-

132 490 178 524 κίᾳ
190 487 257 522 (34).
271 486 300 513 ’0
316 490 434 518 τοιοῦτος
447 488 577 518 πεποιθὼς
593 486 644 523 ἐρεῖ
654 498 660 504 -
678 489 768 524 Κρῖνόν
784 497 823 524 με,
843 488 930 524 Κύριε,

132 532 172 558 ὃτι
197 531 245 567 ἐγὼ
270 531 294 557 ἐν
318 531 417 567 ἀκακία
431 541 481 568 μου
497 531 637 569 ἐπορεύθην
650 543 656 549 ·
673 534 718 558 καὶ
733 532 809 558 πάλιν
820 543 825 548 ·
842 534 932 569 Κρῖνόν

131 587 162 613 με
176 577 236 612 (35)
251 578 317 602 κατὰ
331 578 378 606 τὴν
395 574 565 606 δικαιοσύνην
580 587 629 613 μου
651 579 696 603 καὶ
715 577 782 603 κατά
803 579 849 606 τὴν
865 576 932 602 ἀκα-

131 623 190 647 κίαν
205 630 256 657 μου
270 620 308 647 ἐπ’
317 620 384 657 ἐμοί.
401 622 600 659 Χαρακτηρίζει
616 620 645 648 δὲ
655 623 698 648 τὸν
711 623 808 648 ἄκακον
823 622 838 651 ὴ
855 621 932 648 ἁπλό-

131 676 179 697 της
202 669 248 691 τοῦ
273 667 363 699 ἤθους,
386 667 416 692 τὸ
439 670 564 701 γενναῖον,
582 667 610 693 τὸ
627 665 814 693 ἀκατάσκευον.
829 665 933 697 Ὀπνῖος

132 710 162 740 ἦν
189 710 300 737 Ἰακώϐ·
326 709 494 744 ”Απλαστος,
524 713 602 747 φησίν
623 712 696 747 (36),
725 712 801 738 οἰκῶν
828 711 930 738 οἰκίαν·

132 757 263 788 τουτέστι,
275 759 306 791 τῇ
324 754 350 781 ἐκ
363 759 411 792 τῇς
422 756 521 791 φύσεως
535 756 661 785 ἁπλότητι
674 757 844 793 κεχρημένος,
857 755 932 782 οὐδὲν

133 799 156 827 ἐν
185 801 282 836 τέχνης
305 799 463 826 ἐπίπλαστον
494 804 589 837 σχῆμα
612 801 664 827 οἷον
686 804 857 838 προσωπεῖον,
875 800 933 827 ἑαυ-

987 218 1125 246 nondum
1135 217 1273 246 habitum
1284 218 1400 247 malum
1410 218 1520 247 fuerint
1529 219 1654 255 experti.
1667 221 1814 248 lnnocens

987 264 1087 291 autem
1105 263 1224 300 proprie
1240 266 1296 298 est,
1312 263 1410 299 qualis
1432 266 1496 292 erat
1513 264 1617 298 David,
1635 265 1721 300 cujus
1748 264 1814 293 haec

987 309 1075 335 sunt:
1091 307 1156 342 Ego
1171 311 1270 336 autem
1286 309 1317 336 in
1332 309 1504 336 innocentia
1523 316 1588 337 mea
1603 309 1811 338 ambulavi“:

987 352 1039 388 qui
1054 352 1192 380 videlicet
1206 361 1329 381 omnem
1352 352 1518 389 nequitiam
1535 361 1588 390 per
1603 353 1717 382 virtutis
1733 362 1815 382 exer-

987 396 1159 425 citationem
1173 398 1213 426 ab
1226 398 1329 426 anima.
1344 406 1400 426 sua
1414 401 1584 432 amoverat,
1595 398 1646 434 qui
1668 400 1697 426 et
1716 398 1814 426 bono-

986 449 1054 469 rum
1063 441 1268 471 liaereditatem
1277 443 1482 479 consequitur.
1489 443 1633 471 Dominus
1642 443 1723 471 enim
1731 443 1814 471 bonis

986 494 1047 514 non
1065 487 1199 522 privabit
1215 495 1272 522 eos,
1294 489 1347 523 qui
1367 487 1526 516 ambulant
1551 487 1583 515 in
1602 488 1774 516 innocentia
1788 488 1812 506 ²⁹

987 530 1128 567 Quisquis
1155 532 1307 568 ejusmodi
1330 532 1429 567 fuerit,
1453 531 1580 560 ﬁdenter
1598 532 1731 560 dicturus
1745 533 1812 560 est:

986 575 1097 604 Judica
1118 584 1174 610 me,
1190 577 1324 610 Domine,
1341 577 1482 612 quoniam
1507 584 1559 612 ego
1583 577 1615 604 in
1639 577 1814 605 innocentia

986 627 1051 648 mea
1064 621 1220 650 ambulavi
1227 622 1260 648 ³ο.
1275 624 1316 650 Ac
1332 621 1440 650 iterum
1452 630 1458 649 :
1471 622 1582 650 Judica
1595 628 1641 649 me
1650 621 1813 650 secundum

981 665 1135 700 justitiam
1150 674 1257 701 meum,
1273 669 1300 694 et
1319 666 1484 695 secundum
1500 667 1703 694 innocentiam
1718 673 1813 694 meam

985 717 1076 745 super
1084 711 1171 739 me“.
1182 713 1295 739 Morum
1307 713 1408 739 autem
1419 711 1609 746 simplicitas,
1618 710 1814 746 generositas,

987 762 1093 783 carens
1108 756 1234 784 artiﬁcio
1248 755 1377 791 indoles,
1390 756 1546 784 character
1561 757 1631 784 sunt
1646 755 1814 784 innocentis

987 804 1078 838 atque
1088 801 1216 836 insigne.
1229 801 1405 836 Cujusmodi
1417 803 1482 829 erat
1490 800 1595 829 Jacob:
1606 801 1686 829 Fuco
1697 808 1813 833 carens,

132 849 168 880 τῷ
187 846 254 881 πρὸς
282 847 328 873 τὴν
347 848 397 870 τῶν
418 844 626 881 ἐντυγχανόντων
656 845 757 874 ἀπάτην
781 847 930 883 περιτιθείς.

990 847 1092 883 inquit,
1109 846 1251 874 habitans
1261 846 1380 874 domum
1388 847 1426 874 5’:
1441 846 1499 874 hoc
1512 848 1568 880 est,
1585 847 1671 873 utens
1684 844 1815 873 naturali

133 889 261 916 Ἐνταῦθα
284 890 372 925 μέντοι
400 890 497 915 ἄκακον
523 890 589 916 ἔοικε
617 890 697 926 λέγειν
726 892 769 916 τὸν
796 890 932 928 ἀπειρόκα-

132 943 186 967 κον,
203 933 230 959 ὃν
251 936 296 960 καὶ
314 935 407 970 χρείαν
424 935 495 969 ἔχειν
511 937 576 970 φησί
597 938 645 966 τῆς
664 934 798 966 ἐπαινετῆς
816 945 931 972 πανουρ-

131 981 199 1014 γίας,
225 979 266 1004 ἵνα
289 980 354 1016 πρὸς
377 982 408 1015 τῇ
434 978 461 1004 ἐκ
481 979 581 1014 φύσεως
603 978 769 1016 ἁκεραιότητι
795 982 839 1006 καὶ
860 982 889 1006 τὸ
906 979 932 1011 ἐξ

133 1023 267 1059 ἐμπειρίας
292 1024 396 1049 συνετὸν
423 1023 608 1058 ἐπικτήσηται,
633 1027 678 1050 καί
706 1026 757 1051 οἶον
784 1025 853 1061 όπλῳ
881 1029 932 1053 τινὶ

131 1072 161 1104 τῇ
186 1068 252 1104 καλῇ
278 1070 425 1105 πανουργίᾳ
447 1070 633 1104 πεφραγμένος,
660 1067 811 1101 δυσάλωτος
875 1074 933 1101 ταῖς

133 1112 284 1143 ἐπιϐουλαῖς
307 1117 356 1139 τῶν
381 1113 547 1139 ὑπεναντίωνυ
564 1117 606 1140 Δεῖ
628 1115 690 1151 γὰρ,
714 1113 796 1151 οἶμαι,
822 1116 865 1141 τὸν
888 1117 932 1142 τέ-

131 1156 197 1183 λειον
213 1159 335 1194 φρόνιμον
358 1158 402 1194 μὲν
419 1156 483 1183 εἶναι
506 1159 573 1195 πρὸς
586 1159 615 1184 τό
638 1158 746 1194 ἀγαθὸν,
761 1158 879 1196 ἀκέραιον
903 1158 933 1187 δὲ

132 1204 197 1239 πρὸς
220 1204 249 1228 τὸ
274 1204 363 1229 κακόν.
380 1201 507 1228 Ἐντεῦθεν
532 1204 618 1239 ὥσπερ
634 1203 691 1238 (37)
706 1203 734 1229 ἐκ
757 1208 846 1240 πηγῆς
864 1215 933 1236 τινος

134 1246 303 1285 ἀρυέσθωσαν
333 1247 356 1273 οἱ
387 1247 482 1273 ἄκακοι
511 1249 557 1276 τὴν
592 1248 729 1278 σώζουσαν
761 1252 930 1287 πανουργίαν.

134 1291 211 1329 Ἀνὴρ
240 1292 290 1328 γὰρ
320 1295 466 1328 πανοῦργος
496 1292 584 1329 θρόνος
614 1292 782 1324 αἰσθήσεως-
810 1296 854 1320 καὶ
881 1297 933 1321 Πα-

132 1340 238 1373 νοῦργος
272 1334 320 1369 δὲ,
349 1340 434 1362 κακῶν
464 1335 661 1374 ἐπερχομένων,
696 1336 848 1374 ἀπεκρύϐηο
875 1341 931 1374 καὶ,

138 1384 158 1407 O
180 1378 210 1407 δὲ
226 1380 284 1416 (38)
300 1380 439 1416 φυλάσσων
459 1380 593 1417 ἐλέγχους,
609 1384 824 1420 πανουργότερος.
842 1383 932 1410 Ἔστιν

134 1425 176 1451 οὖν
203 1426 217 1453 ἠ
248 1427 395 1462 πανουργία
423 1424 536 1462 ἐνέργεια
564 1426 666 1452 πάντων
695 1426 751 1453 κατ’
784 1427 932 1457 ἐπιτηευσιν

133 1472 276 1506 τεχνικήν·
306 1471 392 1507 ὥσπερ
423 1471 437 1499 ἡ
467 1473 614 1508 κακουργία
643 1472 657 1500 ἡ
688 1474 767 1508 μόνου
800 1471 854 1499 ἐστὶ
886 1476 932 1499 τοῦ

129 1519 212 1541 κακοῦ
242 1514 361 1551 ἐργασία.
390 1514 460 1541 Ἐπεὶ
492 1513 536 1541 οὖν
569 1519 656 1542 πᾶσαν
690 1515 814 1553 ἐργασίαν
844 1527 932 1556 παρα-

131 1557 240 1595 δέχεται
261 1560 274 1584 ὁ
296 1563 451 1597 πανοῦργος,
469 1559 494 1585 ἐν
518 1564 573 1591 τοῖς
593 1563 660 1586 πᾶσι
683 1559 713 1587 δέ
733 1564 778 1588 καὶ
797 1563 829 1588 τὰ
849 1562 933 1598 φαῦλά

133 1603 199 1637 ἐστι,
229 1602 277 1630 δύο
305 1606 428 1640 σημαίνει
455 1605 470 1633 ἡ
502 1608 547 1630 τοῦ
579 1606 727 1643 πανούργου
756 1609 931 1645 προσηγορία.

134 1651 183 1676 Καὶ
209 1647 222 1674 ὀ
249 1650 294 1684 μεν
322 1647 365 1674 ἐπὶ
392 1647 477 1685 βλάϐη
508 1648 598 1686 ἑτέρων
622 1654 652 1686 τῇ
679 1649 779 1686 ἐπινοίᾳ
798 1654 933 1688 χρώμενος

132 1697 181 1719 τῶν
206 1694 306 1729 ἔργων,
334 1695 465 1731 πονηρός·
494 1694 507 1719 ὀ
533 1692 562 1720 δὲ
588 1693 720 1726 ἐπαινετὸς
749 1705 891 1733 πανουργος
920 1696 932 1722 ὁ

134 1737 213 1768 ὀξέως
237 1739 282 1763 καὶ
306 1742 416 1768 συνετῶς
430 1739 460 1764 τὸ
484 1738 577 1764 οἰκεῖον
595 1737 692 1774 ἀγαθὸν
708 1739 872 1778 ἐξευρίσκων,
888 1743 934 1767 καὶ

135 1783 184 1812 τὰς
204 1779 297 1812 δολίως
317 1784 360 1809 καὶ
383 1781 524 1814 ἐπιϐούλως
547 1783 608 1820 παρ’
628 1783 718 1820 ἑτέρων
743 1784 813 1820 αὐτῷ
833 1785 934 1821 βλάϐας

136 1827 347 1863 σκευωρουμένας
374 1826 589 1864 ἀποδιδράσκων.
606 1830 726 1864 Πρόσεχε
752 1827 795 1854 οὖν
819 1829 935 1867 ἀκριϐῶς

133 1875 169 1906 τῷ
193 1875 243 1902 τῆς
265 1874 424 1908 πανουργίας
450 1871 558 1908 ὀνόματι
572 1883 578 1888 -
595 1875 640 1898 καὶ
662 1875 784 1908 γίνωσκε,
801 1874 842 1900 ὁτι
865 1876 931 1910 μέση

133 1925 171 1946 τις
189 1915 241 1947 ἕξις
263 1916 328 1949 ἐστί,
345 1915 404 1942 καθ’
421 1915 450 1945 ἢν
467 1917 479 1942 ὁ
494 1918 540 1953 μὲν
563 1916 587 1943 ἐν
612 1918 759 1954 προθέσεως
772 1918 829 1954 (39)
844 1919 933 1955 ὑγιοῦς

133 1959 171 1986 ἐπ’
189 1959 295 1996 ὠφελείᾳ
314 1960 405 1986 ἑαυτοῦ
421 1963 465 1986 καί
485 1966 536 1987 τῶν
558 1961 670 1990 πλησίον
686 1962 750 1999 αὐτῇ
771 1965 933 2000 κεχρημένος

134 2003 286 2038 ἀποδεκτός,
299 2006 311 2030 ὸ
327 2003 356 2031 δὲ
370 2005 411 2031 ἐπὶ
423 2005 508 2042 βλάϐῃ
526 2010 577 2031 τῶν
592 2006 671 2037 πέλας
686 2009 933 2046 μεταχειριζόμενος

133 2049 212 2079 αὐτὴν
235 2052 454 2086 κατεγνωσμένος,
471 2050 574 2088 ἀφορμῇ
597 2051 660 2088 πρὸς
680 2050 807 2078 ἀπώλειαν
829 2057 864 2088 τῷ
879 2052 933 2079 ἐτι-

133 2092 280 2130 τπὸιύματι
294 2097 416 2131 χρώμενα
422 2105 441 2126 ς.

987 891 1192 928 simplicitate,
1213 891 1390 927 nullamque
1415 890 1547 927 speciem
1569 890 1609 918 ab
1633 892 1696 918 arte
1720 889 1812 918 conﬁ-

986 939 1076 970 ctam,
1089 935 1178 973 quasi
1190 936 1359 972 quamdam
1373 935 1498 971 larvam,
1515 935 1556 964 ad
1575 935 1682 963 obvios
1703 933 1814 971 quosli-

986 981 1038 1010 bet
1048 980 1244 1017 decipiendos
1256 980 1311 1008 sibi
1322 980 1380 1017 ipsi
1390 980 1632 1016 circumponens.
1647 979 1697 1007 llic
1712 981 1814 1008 tamen

985 1026 1179 1054 innocentem
1189 1025 1288 1054 dicere
1299 1025 1417 1054 videtur
1430 1025 1585 1053 hominem
1595 1024 1669 1052 mali
1677 1025 1813 1060 inexper-

987 1071 1069 1098 tum:
1089 1068 1137 1097 cui
1150 1069 1239 1097 etiam
1256 1068 1404 1096 laudabili
1419 1068 1528 1096 astutia
1542 1075 1620 1104 opus
1635 1074 1702 1095 esse
1717 1066 1768 1099 ait,
1782 1067 1814 1094 ut

986 1116 1094 1150 praeter
1107 1113 1275 1142 naturalem
1290 1112 1509 1149 simplicitatem
1521 1113 1678 1148 comparet
1691 1118 1814 1147 quoque

987 1158 1180 1195 prudentiam
1193 1157 1223 1185 in
1237 1157 1444 1194 experimento
1461 1157 1559 1191 sitam,
1575 1156 1719 1192 bonaque
1734 1156 1814 1183 astu-

988 1203 1029 1232 tia
1043 1202 1131 1240 quasi
1142 1202 1277 1238 quodam
1291 1202 1349 1230 telo
1359 1201 1575 1234 communitus,
1591 1201 1639 1229 vix
1652 1199 1750 1236 possit
1761 1199 1814 1227 ini-

987 1247 1136 1276 micorum
1147 1247 1262 1275 insidiis
1270 1246 1490 1274 circumveniri.
1499 1246 1621 1282 Oportet
1630 1244 1720 1278 enim,
1728 1246 1812 1280 puto,

987 1292 1153 1329 perfectum
1168 1291 1276 1324 virum,
1289 1291 1471 1327 prudentem
1487 1290 1612 1326 quidem
1626 1297 1693 1317 esse
1708 1289 1748 1317 ad
1761 1288 1814 1316 bo-

987 1345 1072 1370 num,
1087 1336 1256 1373 simplicem
1280 1343 1350 1363 vero
1366 1335 1405 1363 ad
1430 1334 1557 1363 malum.
1580 1334 1652 1362 Hinc
1675 1333 1754 1361 velut
1778 1340 1814 1361 ex

987 1381 1068 1410 fonte
1078 1381 1214 1418 quodam
1223 1380 1365 1409 hauriant
1373 1380 1550 1408 innocentes
1562 1378 1725 1407 salutarem
1735 1379 1815 1406 astu-

988 1428 1071 1455 tiam.
1093 1427 1144 1454 Vir
1161 1426 1243 1454 enim
1265 1428 1383 1454 astutus
1399 1425 1526 1453 thronus
1542 1427 1583 1453 est
1598 1432 1699 1453 sensus
1711 1424 1744 1451 ³³.
1770 1424 1813 1456 Et,

987 1473 1125 1505 Astutus,
1142 1471 1230 1500 matis
1254 1470 1543 1506 supervenientibus,
1564 1469 1719 1497 abscondit
1738 1476 1768 1496 se
1778 1468 1814 1500 3‘,

953 1531 973 1560 ο
990 1518 1033 1550 Et,
1046 1516 1104 1550 Qui
1114 1518 1213 1544 autem
1223 1518 1307 1544 cavet
1319 1515 1574 1549 reprehensiones,
1585 1514 1715 1560 astutior
1729 1513 1813 1560 εει-ξ.

989 1563 1038 1590 Est
1051 1561 1139 1596 igitur
1156 1560 1269 1588 astutia
1280 1560 1311 1587 id
1325 1567 1386 1596 quo
1401 1561 1533 1594 aguntur
1540 1558 1643 1586 omnia
1657 1565 1711 1594 per
1723 1556 1814 1585 artiﬁ-

989 1606 1103 1634 ciOSam
1137 1604 1305 1641 quamdam
1334 1604 1524 1638 industriam,
1552 1602 1815 1639 quemadmodum

988 1650 1171 1679 maleficium
1186 1652 1229 1678 est
1244 1649 1275 1677 id
1295 1657 1356 1685 quo
1370 1648 1488 1677 malum
1501 1648 1599 1676 solum
1615 1649 1812 1684 perpetratur.

989 1695 1136 1728 Quoniam
1145 1695 1235 1729 igitur
1245 1693 1323 1721 actio
1332 1693 1431 1722 omnis
1440 1693 1471 1720 in
1482 1694 1614 1721 astutum
1626 1692 1713 1727 108
1724 1690 1815 1726 cadit,

987 1740 1118 1775 itemque
1133 1739 1175 1766 ita
1188 1737 1331 1766 omnibus
1347 1737 1428 1766 mala
1442 1739 1614 1771 occurrunt,
1630 1736 1691 1764 duo
1704 1735 1815 1771 signiﬁ-

989 1787 1036 1812 cat
1051 1783 1142 1811 astuti
1159 1790 1282 1811 nomen.
1295 1784 1327 1810 Et
1337 1782 1389 1818 qui
1399 1781 1524 1818 quidem
1534 1781 1566 1808 in
1579 1781 1706 1808 aliorum
1716 1780 1814 1816 perni-

989 1829 1063 1857 ciem
1076 1827 1195 1856 solertia
1205 1829 1233 1855 et
1244 1826 1369 1854 artiticio
1385 1826 1487 1860 utitur,
1498 1825 1596 1853 malus
1609 1827 1667 1859 est;
1680 1825 1733 1861 qui
1746 1831 1814 1852 vero

988 1875 1123 1901 actutum
1136 1880 1171 1901 ac
1185 1871 1352 1908 prudenter
1366 1879 1456 1898 suum
1468 1869 1563 1906 ipsius
1579 1869 1695 1897 bonum
1708 1869 1815 1905 dcpre-

987 1918 1135 1949 hendens,
1157 1924 1253 1945 noxas
1276 1915 1380 1944 dolose
1401 1923 1436 1943 ac
1446 1914 1598 1954 insidiose
1615 1914 1672 1942 sibi
1694 1913 1734 1942 ab
1750 1913 1815 1941 aliis

988 1964 1175 1999 preparatus
1185 1961 1285 1996 evitat,
1298 1962 1342 1988 est
1352 1962 1470 1988 astutus
1481 1959 1569 1987 laude
1579 1959 1700 1994 dignus.
1713 1960 1815 1994 Itaque

989 2007 1029 2035 ad
1041 2015 1148 2036 vocem
1159 2006 1276 2034 astutiae
1292 2005 1429 2032 animum
1444 2004 1599 2038 diligenter
1613 2003 1749 2036 attende;
1762 2010 1814 2030 no-

988 2052 1126 2088 verisque
1150 2050 1285 2078 medium
1307 2048 1474 2086 quemdam
1498 2056 1562 2076 esse
1585 2048 1735 2080 habitum,
1754 2054 1815 2083 quo

989 2097 1063 2126 alter
1077 2096 1201 2133 quidem
1217 2095 1328 2123 astutia
1342 2102 1379 2122 ex
1395 2101 1471 2121 sano
1482 2093 1606 2121 consilio
1617 2101 1690 2120 usus
1705 2092 1737 2120 in
1751 2100 1815 2120 rem

134 2146 232 2173 suam,
248 2141 277 2167 et
292 2139 421 2175 proximi
443 2147 526 2175 usus,
542 2139 716 2168 laudandus
731 2143 793 2169 est:
811 2141 886 2170 alter
899 2145 973 2170 vero
984 2142 1085 2178 ipsum
1101 2141 1138 2169 ad
1153 2140 1282 2177 proximi
1297 2139 1461 2176 perniciem
1480 2138 1640 2171 adhibens,
1653 2137 1817 2174 reprehen-

135 2183 212 2212 sioni
227 2183 260 2212 ﬁt
274 2183 436 2219 obnoxius,
453 2187 484 2213 ut
496 2185 548 2221 qui
563 2185 712 2214 industria
725 2194 780 2215 sua
793 2194 848 2215 ceu
860 2187 996 2223 quadam
1011 2185 1155 2223 perdendi
1167 2184 1326 2213 occasione
1343 2185 1454 2211 utatur.

172 2248 214 2274 i2.
237 2246 342 2284 Πλήρης
358 2244 387 2273 δὲ
405 2247 420 2276 ἠ
439 2247 541 2283 ίστορὶα
562 2251 610 2278 τῆς
632 2247 668 2283 ἐφ’
685 2247 794 2285 ἑκατερα
813 2251 937 2286 χρήσεως
956 2250 978 2277 D

169 2327 192 2345 ²⁸
214 2328 291 2355 Psal.
313 2335 379 2361 xxv,
397 2329 440 2356 Η.

479 2328 502 2345 ²⁹
524 2327 600 2356 Psal.
616 2336 726 2362 Lxxxm,
750 2330 791 2356 t3.

135 2371 181 2397 xu,
199 2362 246 2391 23.

286 2363 310 2380 ³⁸
329 2364 413 2391 Prov.
435 2371 520 2396 xxvn,
546 2366 586 2391 t2.
626 2364 649 2381 ³⁵
670 2365 752 2392 Prov.
775 2372 818 2399 xv,
842 2366 868 2392 5.

171 2437 227 2475 (3t)
248 2437 344 2466 Editio
358 2440 486 2474 utraque
499 2441 527 2466 et
542 2438 624 2475 Colb.
634 2438 753 2475 primus
769 2438 797 2464 ou’
814 2442 935 2475 στερήσει

134 2474 167 2499 τὰ
192 2472 277 2510 αγαθά
299 2478 353 2504 τοῖς
377 2472 560 2510 πορευομένοις
581 2474 606 2500 ἐν
629 2472 737 2510 ἆκακίᾳ.
753 2476 788 2502 At
809 2472 879 2509 Heg.
895 2483 939 2502 se-

135 2509 253 2546 cundus
280 2511 308 2536 et
337 2509 420 2538 Colb.
452 2509 554 2538 tertius
587 2518 643 2546 pro
677 2514 732 2541 τοῖς
759 2512 940 2546 πορευομένοις

136 2544 251 2582 habent
267 2547 326 2575 τοὺς
349 2548 546 2582 πορευομένους,
559 2544 642 2582 quod
660 2553 767 2582 sanum
784 2544 812 2573 ἐι
831 2544 939 2574 verum

133 2580 247 2615 judico.
264 2580 456 2609 Gramm‘atic’i
471 2582 552 2608 enim
568 2580 682 2608 docent
696 2581 773 2608 duos
793 2582 940 2610 accusati-

135 2623 189 2643 vos
203 2624 273 2643 cum
287 2616 385 2643 verbis
398 2617 536 2652 privandi
551 2624 613 2652 non
624 2624 692 2644 raro
707 2616 840 2652 reperiri.
854 2617 937 2645 Colb.

136 2651 291 2694 secundus
312 2652 365 2687 οὐχ
387 2651 532 2694 ὗστξρχὲσιι,
547 2654 581 2694 τα
604 2651 691 2688 ἀγαθὰ
717 2651 774 2694 τοῖς
794 2655 937 2694 πορευομε-

136 2696 199 2720 νοις,
216 2689 282 2714 etc..
301 2695 361 2715 non
375 2687 546 2721 prohibebit
566 2687 643 2716 bona
660 2687 893 2716 ambulantibus
905 2689 937 2716 in

136 2723 311 2759 innorentia
322 2730 333 2757 ;
347 2729 402 2749 nec
415 2722 500 2750 aliter
513 2723 621 2758 legitur
633 2723 720 2759 apud,
732 2724 804 2759 LXX.

171 2759 228 2794 (55)
248 2758 325 2786 Editi
341 2760 433 2794 Κρῖνόν
454 2768 495 2795 με,
513 2760 600 2796 Κύριε.
616 2758 678 2788 de
693 2758 799 2787 ultima
815 2758 848 2787 in
862 2767 936 2787 mss.

830 2329 855 2346 ³ο
875 2328 950 2358 Psal.
970 2337 1035 2364 xxv,
1053 2331 1078 2357 t.

1033 2249 1075 2277 t2.
1096 2250 1184 2276 Porro
1210 2247 1337 2282 hujusce
1364 2245 1549 2274 dexteritatis
1572 2252 1630 2273 usu
1654 2244 1745 2281 plena
1772 2245 1817 2272 est

1116 2329 1138 2347 εί
1160 2327 1238 2356 Psal.
1256 2336 1304 2363 vn,
1322 2329 1346 2356 9.
1386 2328 1410 2345 θ²
1430 2328 1500 2355 Gen.
1521 2334 1584 2360 xxv,
1598 2328 1644 2354 27.
1683 2326 1707 2343 ³³
1727 2326 1814 2354 Prov.

990 2447 1052 2468 non
1067 2440 1230 2469 invenitur.

1029 2477 1087 2510 (36)
1108 2476 1191 2504 Colb.
1206 2475 1310 2503 tertius
1326 2475 1459 2510 ὈῘῙακὼϐ
1473 2475 1606 2505 ἄπλαστος
1620 2472 1661 2510 ἦν,
1679 2475 1752 2510 φησί.

1105 2512 1179 2539 Editi
1202 2511 1328 2548 Ἐντεῦθεν
1344 2509 1387 2537 οὖν
1407 2512 1503 2548 ὥσπερ.
1521 2510 1595 2548 illud
1612 2507 1663 2548 -οῗξν
1682 2507 1718 2548 in
1738 2508 1817 2536 anti-

992 2547 1060 2582 quis
1073 2544 1166 2580 deest,
1184 2547 1435 2582 idcircoqueqeam
1451 2544 1590 2574 Voculam
1603 2544 1780 2582 delevimus.

1028 2583 1085 2617 (38)
1106 2583 1181 2610 Editi
1194 2586 1238 2609 καὶ
1251 2584 1280 2609 τό
1295 2580 1331 2608 Γό
1347 2580 1386 2610 δέ.
1402 2584 1438 2609 At
1451 2589 1524 2609 mss.
1541 2581 1637 2608 nostri
1651 2588 1758 2608 omnes
1772 2582 1818 2606 καὶ

992 2619 1004 2643 ὁ
1021 2616 1061 2645 δέ.
1078 2618 1128 2646 Hic
1145 2620 1207 2646 LXX
1222 2626 1277 2654 pro
1292 2617 1417 2654 ἐλέγχους
1435 2617 1526 2644 habet
1539 2616 1644 2654 ἐντολάς
1654 2617 1706 2652 qui
1721 2618 1818 2644 custo-

991 2654 1034 2681 dit
1052 2655 1209 2682 mandata.
1223 2651 1354 2682 Basilius
1363 2651 1485 2681 secutus
1499 2656 1544 2681 est
1560 2651 1709 2688 Aquilam.

1026 2690 1083 2725 (39)
1103 2689 1178 2717 Editi
1202 2689 1229 2726 ἐκ
1250 2691 1434 2726 προαιρέσεως.
1464 2690 1500 2716 At
1515 2686 1662 2726 quinque
1687 2695 1760 2726 nass:
1789 2686 1817 2713 ἐκ

990 2721 1144 2761 προθέσεως,
1155 2721 1274 2761 eadem'
1287 2721 1378 2761 plane
1394 2721 1551 2761 sententia.
1569 2721 1684 2761 ibidem
1700 2721 1817 2750 Colber—

991 2759 1043 2789 ﬁni
1057 2760 1119 2789 duo
1130 2760 1199 2790 libri
1211 2759 1319 2799 ὠφελείᾳ
1333 2760 1438 2791 ἑαυτοῦ,
1459 2759 1535 2788 Editi
1547 2759 1637 2788 αὐτοῦ,
