2059 3136
250 137 300 165 Hi

953 133 982 162 S.
1002 131 1126 161 BASiLll
1145 132 1255 160 MAGNI

1132 88 1144 103 ι

1879 133 1933 161 412

251 198 379 227 historia.
397 197 428 225 in
448 198 609 232 utramque
623 197 752 232 partem.
767 195 896 224 Pulchra
910 197 953 224 est
968 194 1079 223 astutia

1136 197 1181 220 τοῦ
1206 192 1422 231 ἐπιτηδεύματος.
1452 194 1522 224 Καλὴ
1556 196 1702 231 πανουργία
1728 198 1777 220 τῶν
1807 193 1933 232 Ἑϐραίων

252 243 457 277 Hebraeorum,
480 242 542 278 qui,
571 241 704 278 deceptis
720 241 875 277 Egyptiis,
906 242 940 269 ut
958 240 1079 268 urbium

252 288 443 317 conditarum
455 286 627 314 mercedem
642 289 820 322 receperunt
831 287 865 320 ³⁵,
882 286 924 314 ita
937 285 1079 314 materias

253 333 292 361 ad
318 331 548 361 tabernaculum
577 331 816 360 construendum
844 330 898 358 sibi
923 337 1081 367 compara-

251 380 332 406 runt.
347 376 549 405 Laudabiliter
565 376 676 404 astutia
691 384 753 403 usa:
769 378 839 404 sunt
853 375 996 410 nutrices,
1012 382 1080 411 quin

251 430 352 450 mares
370 421 564 450 Hebraeorum
583 429 739 449 servavere
750 421 783 448 ³⁷.
801 421 929 448 Pulchra
943 422 988 448 est
1001 421 1080 448 astu-

251 466 292 495 tia
316 466 470 501 Rebeccae,
495 474 564 502 quae
586 465 829 494 benedictionem
852 472 997 500 magnam
1019 463 1080 492 ﬁlio

252 511 421 540 conciliavit
431 511 465 538 ⁸⁸.
478 510 583 538 Rahah
596 510 719 547 pulchre
730 510 784 538 fuit
797 512 897 538 astuta.
905 510 928 527 ³³
938 518 944 537 :
956 508 1080 546 pulchre

251 556 357 585 itidem
373 555 483 584 Rachel
492 556 525 583 ιο.
541 555 602 591 illa,
616 555 700 592 quod
714 555 919 592 exploratores
935 553 1078 582 servavit:

251 600 316 629 haec
330 600 413 637 quod
430 602 547 636 patrem
561 600 685 636 decepit,
697 602 725 628 et
738 600 776 628 ab
791 599 960 628 idololatria
974 598 1080 626 libera-

251 645 304 674 vit.
321 648 358 673 At
376 653 448 673 vero
470 645 643 673 Gabaonita:
659 645 804 673 adversus
823 644 970 672 israelitas
989 651 1080 680 prave

253 690 345 718 astuti
359 690 497 718 exstitere
507 691 541 717 λί.
557 689 632 718 Mala
645 689 700 717 fuit
715 690 826 718 astutia
840 688 1012 723 Absalonis,
1027 687 1081 724 qui

253 734 443 762 simulatione
464 734 612 771 aequitatis
635 734 757 770 pellexit
779 733 926 768 subditos,
942 741 978 761 ac
1001 733 1081 769 patri

252 779 448 807 insidiaturus
462 786 609 813 magnam
624 778 782 806 rebellium
797 778 916 814 copiam
937 778 1078 812 coegit".

252 823 523 860 Reprehenduntur
536 823 626 852 etiam
643 823 767 859 aliquid,
782 824 866 860 quod
880 823 1000 851 inierint
1010 830 1081 850 con-

1135 241 1383 278 κατασοφισαμένων
1407 241 1467 271 τοὺς
1499 241 1665 276 Αἰγυπτίους,
1694 241 1740 265 καὶ
1765 241 1808 265 τόν
1834 248 1861 265 τε
1891 249 1934 275 μι-

1136 284 1198 311 σθόν
1231 288 1278 315 τῆς
1309 284 1433 321 ἐργασίας
1465 289 1515 311 τῶν
1545 284 1641 312 πολεων
1657 285 1714 320 (40)
1740 283 1932 317 ὰπολάϐόντων,

1134 330 1180 355 καὶ
1201 328 1262 361 ὗλας
1289 329 1392 361 ἑαυτοῖς
1405 331 1468 367 πρὸς
1490 332 1537 359 τὴν
1563 331 1661 359 σκηνὴν
1685 331 1932 366 σνμπορισαμίνυν.

1134 373 1287 406 Ἐπαινιτῶς
1324 374 1560 413 ἐπανουργεύσαντο
1600 376 1628 401 αἱ
1666 379 1744 411 μαῖαι
1779 375 1933 411 περιποιούο

1135 428 1210 455 μιναι
1242 421 1276 446 τὰ
1312 420 1406 459 ἄρρενα
1437 424 1487 446 τῶν
1514 420 1647 457 Ἐϐραίων.
1682 419 1752 449 Καλή
1786 421 1934 455 πανουργία

1134 463 1267 494 Ῥεϐέκκας
1294 467 1341 494 τὴν
1367 465 1480 502 μεγάλην
1505 465 1620 501 εὐλογίαι
1649 468 1685 500 τῷ
1713 465 1762 499 υἱῷ
1792 463 1933 501 προξενού-

1136 518 1186 540 σης
1209 510 1277 545 (Η).
1317 510 1406 541 Καλῶς
1443 509 1685 548 ἐπανοφυργεύσατο
1717 507 1795 535 Ῥααίϐ
1809 518 1816 525 ι
1848 507 1933 539 καλῶς

1134 553 1246 589 Ραχήλο
1271 555 1286 582 ἠ
1316 555 1360 590 μὲν
1386 555 1444 585 τοὺς
1471 556 1655 586 κατασκόπους
1682 555 1893 592 περισωσαμένη,
1916 553 1932 583 ἡ

1135 596 1165 625 δὲ
1191 599 1234 625 τὸν
1263 601 1362 636 πατέρα
1385 601 1627 636 κατασοφισαμένη,
1652 602 1697 625 καὶ
1723 603 1770 629 τῆς
1798 596 1935 624 εἰδωλολαο

1134 645 1221 680 τρείας
1252 643 1458 680 ἐλευθερώσασα.
1493 647 1615 681 Πονηρῶς
1644 643 1934 680 κατιπανουργςύσαντο

1134 689 1193 718 τοὺς
1215 687 1381 725 Ἰσραηλίτας
1407 690 1431 715 οὶ
1455 689 1625 717 Γαϐαωνῖται.
1655 689 1760 726 Πονηριί
1787 690 1935 724 πανουργία

1135 736 1181 758 τοῦ
1217 732 1388 770 ’Λϐεσσαλὼμ
1423 732 1448 759 ὶν
1481 736 1604 770 σχήματι
1637 733 1772 764 ὶπισικείκς
1802 733 1936 769 ὑπαγομέ-

1134 787 1178 804 νου
1190 778 1244 813 (42)
1260 780 1318 808 τοὺς
1342 779 1483 812 ὑπηκόους,
1504 781 1550 805 καὶ
1570 779 1666 809 πλῆθος
1691 777 1843 805 ἀποστατῶν
1876 786 1937 803 συν-

1135 823 1305 860 αθροίσαντος
1329 823 1363 854 εἰς
1389 822 1527 852 ἐπιϐουλὴν
1542 827 1588 850 τοῦ
1616 825 1724 860 πατρὸς.
1752 822 1936 858 Ἐγκαλοῦνται

252 868 353 897 silium
373 871 506 896 astutum
530 871 559 897 et
578 869 746 903 malignum
763 868 794 896 in
813 868 961 905 populum
982 868 1032 895 Dei
1044 868 1079 896 ⁸³.

1136 865 1166 894 δέ
1184 877 1260 901 τινες,
1275 869 1308 898 ὡς
1329 870 1374 894 καί
1396 867 1439 894 ἰπὶ
1467 869 1511 894 τὸν
1525 868 1585 894 λαόν
1600 871 1647 894 τοῦ
1670 871 1737 895 Θεοῦ
1756 876 1936 903 καταπανουρ-

253 914 398 941 Craterum
418 913 476 941 hoc
497 913 564 941 loco
580 913 734 947 astutiam,
749 921 817 949 quae
834 912 943 941 utiliter
956 912 1081 941 adhibe-

252 959 312 992 tur,
328 958 480 993 Scriptura
493 957 612 994 probat,
629 966 698 985 cum
712 957 749 985 sit
762 957 852 993 quasi
871 959 1026 985 armatura
1041 957 1080 985 ad

252 1001 322 1030 vitae
342 1002 474 1037 negotia,
495 1004 585 1038 atque
607 1009 660 1039 per
681 1002 811 1038 seipsam
833 1002 953 1030 animas
966 1002 1081 1038 simpli-

255 1046 369 1074 ciorum
394 1047 591 1074 communiat.
612 1048 688 1075 Nam
712 1047 791 1074 hanc
815 1046 955 1074 astutiam
979 1046 1004 1074 si
1027 1046 1081 1075 ha.-

254 1089 370 1119 buisset
400 1092 471 1126 Eva,
494 1091 640 1127 serpentis
670 1091 747 1119 dolis
776 1091 880 1119 seduci
906 1099 967 1120 non
995 1091 1081 1119 facile

253 1135 409 1171 potuisset.
434 1137 629 1163 lnnocentem
655 1135 757 1171 igitur,
781 1136 844 1173 qui,
868 1136 951 1172 quod
980 1135 1082 1164 credat

255 1180 388 1208 sermoni
409 1180 496 1208 facile
512 1183 612 1208 mente
628 1180 840 1217 corrumpitur,
852 1180 989 1208 doctrina
1003 1181 1081 1215 ejus-

253 1224 339 1252 modi
352 1224 448 1252 munit
463 1227 492 1252 et
513 1224 709 1254 corroborat:
725 1225 874 1261 siquidem
895 1225 1012 1253 astutire
1027 1225 1083 1253 uti-

253 1268 366 1298 litatem
383 1277 438 1297 ceu
452 1269 611 1306 quoddam
627 1270 666 1299 ad
690 1271 758 1299 vitae
779 1271 901 1306 negotia
921 1271 1081 1307 adjumen-

254 1316 318 1344 tum
333 1315 360 1343 ei
374 1314 516 1351 impertit.

292 1410 335 1437 t3.
356 1410 551 1446 Consequens
566 1411 609 1438 est
630 1411 662 1438 ut
683 1410 910 1439 consideremus
925 1410 1081 1447 quomodo

254 1461 349 1490 puero
362 1454 467 1490 juveni
483 1454 533 1482 det
548 1462 672 1482 sensum
687 1457 716 1483 et
734 1455 963 1490 intelligentiam
974 1457 1007 1484 “.
1022 1456 1081 1483 Du-

253 1498 324 1534 plex
339 1506 408 1526 cum
424 1498 461 1526 sit
474 1499 576 1535 homo,
593 1501 625 1527 ut
640 1500 681 1528 ait
692 1499 852 1534 Apostolus
863 1501 897 1534 ‘5,
914 1507 992 1528 unus
1004 1502 1082 1528 exte-

254 1543 326 1577 rior,
349 1543 472 1571 interior
499 1543 591 1577 alter;
617 1551 741 1572 necesse
763 1544 851 1573 nobis
882 1547 934 1580 est,
963 1547 1081 1572 aetatem
1101 1555 1121 1583 ο

254 1587 355 1623 etiam,
371 1590 433 1615 tam
446 1589 614 1615 secundum
630 1596 699 1616 eum
715 1589 768 1625 qui
781 1589 974 1625 conspicitur,
987 1597 1081 1626 quam

255 1631 424 1660 secundum
444 1640 513 1660 eum
528 1634 580 1668 qui
594 1633 625 1661 in
640 1633 758 1661 occulto
774 1634 955 1669 intelligitur,
971 1635 1082 1670 pariter

254 1676 285 1704 in
299 1679 425 1713 utroque
441 1678 587 1714 accipere.
601 1678 701 1706 Dicere
717 1681 818 1707 autem
834 1687 962 1716 puerum
977 1687 1082 1707 recens

254 1723 361 1749 natum
371 1722 559 1758 corporalem
574 1731 696 1751 sensum
705 1717 847 1760 recipere,
858 1724 1082 1760 propemodum

255 1766 350 1794 risum
361 1769 471 1795 movet.
484 1768 578 1800 Quem
592 1769 673 1796 enim
684 1777 808 1797 sensum
818 1768 919 1804 largiri
928 1771 1026 1806 potest
1036 1769 1083 1798 hic

254 1810 340 1846 liber,
357 1818 427 1839 cum
441 1813 469 1839 et
483 1811 581 1847 visus,
597 1814 626 1840 et
641 1812 770 1845 auditus,
786 1815 815 1841 et
834 1812 973 1847 olfactus,
985 1815 1013 1842 et
1028 1821 1082 1848 gu-

255 1856 330 1889 stus,
344 1857 371 1883 et
387 1858 483 1884 tactus
499 1856 600 1884 statim
612 1857 774 1885 nobiscum
785 1857 924 1890 edantur,
934 1866 989 1885 nec
1000 1865 1083 1886 acce-

254 1898 328 1927 dant
339 1907 375 1927 cx
385 1900 532 1934 doctrina,
545 1901 597 1928 sed
609 1909 662 1937 per
671 1901 727 1930 hos
739 1905 847 1930 natura
857 1902 970 1930 animal
981 1902 1082 1930 absol-

254 1945 328 1972 vat?
344 1945 443 1981 Neque
457 1945 548 1980 igitur
561 1953 637 1982 puer
655 1947 850 1983 corporaliter
869 1947 1082 1982 intelligendus

254 1991 310 2028 est,
326 1996 424 2025 neque
438 1990 517 2017 ullus
532 1998 639 2018 sensus
653 1999 689 2019 ex
704 1992 906 2020 enumeratis:
919 1992 970 2020 sed
987 1992 1024 2019 de
1039 1992 1083 2020 in-

255 2033 362 2061 teriore
374 2033 497 2062 homine
509 2035 693 2072 accipiendae
709 2038 810 2064 aetates
823 2039 902 2065 sunt.
918 2036 1081 2065 Didicimus

255 2077 336 2105 enim
357 2078 388 2106 in
404 2078 504 2106 multis
521 2080 678 2116 Scriptura;
692 2081 774 2117 locis,
790 2081 955 2117 quemdam
971 2082 1080 2110 animus

255 2124 367 2151 statum
378 2123 523 2159 puerilem
534 2132 609 2158 esse,
617 2125 708 2153 alium
718 2133 782 2154 esse
793 2125 931 2161 ejusdem
943 2126 1078 2163 vigentis,

254 2167 347 2196 alium
361 2168 426 2204 jam
443 2169 533 2197 senis.
550 2169 637 2198 Verbi
650 2178 754 2205 causa,
771 2171 813 2199 uti
829 2179 847 2199 a
862 2171 952 2199 Paulo
968 2171 1080 2199 fuimus

255 2212 352 2240 edocti
364 2214 398 2247 ιε,
417 2214 504 2250 pueri
523 2217 608 2242 erant
629 2214 781 2251 Corinthii,
805 2215 978 2252 idcircoque
1003 2216 1080 2244 lacte
1098 2233 1120 2261 Β

255 2258 355 2286 adhuc
379 2258 421 2286 eis
443 2266 519 2294 opus
538 2261 610 2294 erat,
626 2259 771 2295 primaria
792 2260 902 2288 scilicet
921 2263 949 2288 et
963 2261 1080 2297 simpli-

255 2302 334 2329 ciore
348 2302 499 2337 Evangelii
511 2302 658 2338 doctrina,
673 2311 741 2331 cum
757 2303 885 2332 solidam
901 2305 1080 2339 dogmatum

255 2353 359 2374 escam
383 2347 522 2374 nondum
537 2347 672 2382 digerere
687 2351 821 2383 possent.
844 2348 1016 2377 Alolesccns
1030 2357 1082 2378 au-

255 2393 316 2431 tem
327 2391 429 2419 animo
441 2394 492 2426 est,
503 2392 555 2428 qui
572 2400 695 2428 prorsus
708 2393 850 2421 omnibus
861 2393 977 2422 virtutis
996 2395 1081 2431 109

254 2435 392 2472 partibus
413 2435 571 2464 absolutus
586 2439 642 2470 est,
664 2437 717 2473 qui
737 2437 845 2473 spiritu
860 2438 962 2471 fervet,
976 2440 1028 2475 qui
1044 2439 1082 2467 ad

290 2490 314 2507 ³⁸
335 2489 416 2517 Exod
437 2497 484 2520 xu,
506 2491 550 2517 35.
590 2491 612 2507 ³⁷
634 2491 725 2518 Exod.
748 2499 767 2519 ι.
792 2493 832 2520 t7.

255 2527 277 2564 ff
301 2526 363 2564 los.
385 2533 422 2560 ix,
442 2526 459 2552 4
480 2533 564 2564 seqq.
617 2527 640 2544 "
664 2528 687 2554 ll
706 2527 778 2562 Reg.
803 2535 848 2560 xv,
869 2529 886 2555 4
907 2536 991 2564 seqq.

255 2562 279 2580 ⁸⁵
300 2563 309 2589 1
330 2563 395 2590 Cor.
416 2569 456 2596 lli,
478 2563 504 2593 1,
524 2563 551 2588 2.

281 2618 348 2657 _(46)
370 2617 407 2657 ln_
424 2614 506 2644 Colb.
524 2615 610 2644 tertio
626 2624 681 2652 pro
695 2616 791 2643 πόλεων
807 2617 952 2654 scriptum
976 2617 1056 2646 inve-

255 2660 361 2682 nimus
376 2662 460 2677 πονων

292 2689 350 2722 (41)
372 2686 454 2724 Colb.
487 2688 602 2723 primus
631 2687 838 2724 προξενησάσης.
871 2689 1058 2724 Colbertinus

256 2723 359 2752 tertius
381 2723 582 2760 efﬁgiata-aiam.
606 2723 671 2760 Mox
694 2724 744 2752 hic
768 2725 849 2752 idem
876 2725 972 2752 codex
1001 2723 1059 2751 δια-

257 2759 406 2798 σῳςιαμενηζ
423 2759 548 2798 Basilius
572 2759 615 2788 ita
628 2759 733 2798 laudat
747 2762 905 2798 πανουργίαν
920 2760 1010 2798 καλήν,
1026 2763 1060 2798 ut

255 2795 349 2825 videri
365 2795 464 2832 possit
475 2799 503 2824 et
513 2795 589 2832 ipse,
601 2803 686 2824 more
699 2795 881 2832 ercorum,
893 2795 1059 2825 mendaciis

872 2492 897 2510 ³³
917 2494 1020 2521 Genes.
1042 2501 1128 2525 xxvu,
1151 2495 1194 2520 t5.

1044 2529 1068 2546 ⁵³
1091 2529 1169 2557 Psal.
1189 2536 1290 2563 Lxxxu,
1310 2530 1337 2556 4.

1134 913 1290 949 γευσάμενοι
1311 915 1429 949 7145mm,
1441 912 1568 939 Ἐνταῦθα
1590 915 1677 949 μέντοι
1704 915 1751 941 τὴν
1766 911 1805 938 ἐπ’
1829 911 1936 948 ὠφελείᾳ

1134 956 1402 995 παραλαμϐανομένην
1443 960 1603 994 πανουργίαν
1636 958 1648 984 ὁ
1691 956 1764 993 λόγος
1803 956 1932 994 ἐγκρίνει,

1135 1003 1211 1029 οἱονεὶ
1229 1002 1306 1028 ὁπλον
1327 1000 1408 1029 οὖσαν
1427 1004 1491 1039 πρὸς
1511 1003 1544 1029 τὰ
1566 1006 1611 1029 τοῦ
1636 1001 1696 1039 βίου
1719 1002 1874 1040 πράγματα,
1889 1003 1934 1027 καὶ

1135 1046 1287 1084 ἀκυροῦσαν
1310 1045 1345 1073 δι’
1369 1047 1460 1077 ἑαυτῆς
1486 1048 1533 1078 τὰς
1556 1047 1646 1083 ψυχὰς
1669 1051 1718 1073 τῶν
1743 1046 1934 1082 ἁπλουστέρων.

1135 1092 1165 1118 Εἰ
1183 1093 1234 1129 γὰρ
1259 1090 1315 1128 εἶχε
1339 1094 1386 1121 τὴν
1410 1095 1570 1130 πανουργίαν
1592 1094 1689 1121 ταύτην
1715 1092 1730 1121 ἠ
1755 1093 1818 1125 Εὔα,
1839 1090 1887 1117 οὐκ
1906 1089 1935 1117 ἃν

1137 1136 1260 1167 εὐάλωτος
1284 1137 1397 1174 ἐγεγόνει
1418 1141 1474 1167 ταῖς
1497 1136 1610 1168 ἀπάταις
1633 1140 1680 1163 τοῦ
1706 1138 1793 1172 ὄφεως.
1816 1137 1866 1162 Τὸν
1892 1133 1935 1162 οὖν

1135 1181 1243 1215 ἄκακον,
1260 1184 1303 1208 τὸν
1325 1180 1372 1208 διὰ
1395 1183 1424 1208 τὸ
1444 1182 1574 1208 πιστεύειν
1597 1184 1675 1208 παντὶ
1697 1180 1764 1217 λόγῳ
1786 1179 1888 1206 εὔκολον
1903 1179 1936 1210 εἰς

1137 1228 1166 1253 τὸ
1187 1228 1316 1264 φθαρῆναι
1340 1228 1372 1253 τὰ
1395 1229 1522 1263 νοήματα,
1544 1226 1640 1264 ὀχυροί
1663 1227 1678 1256 ἠ
1705 1227 1860 1262 προκειμένη
1890 1223 1936 1251 δι-

1136 1269 1279 1306 δασκαλία,
1301 1272 1354 1298 οἷον
1383 1273 1542 1308 συμμαχίαν
1566 1271 1636 1307 αὐτῷ
1657 1272 1721 1308 πρὸς
1743 1272 1777 1297 τὰ
1801 1273 1847 1296 τοῦ
1874 1269 1935 1307 βίον

1135 1317 1281 1353 πράγματα
1303 1319 1349 1346 τὴν
1374 1315 1401 1342 ix
1423 1320 1470 1348 τῆς
1494 1318 1654 1353 πανουργίας
1678 1315 1798 1353 ὠφίλιιαν
1822 1324 1936 1352 παρεχο-

1136 1363 1198 1398 μένη
1204 1383 1210 1389 .

1174 1408 1215 1435 13.
1236 1406 1308 1438 Ἑξῆς
1321 1405 1391 1433 ἔστιν
1406 1405 1610 1442 ἐπισκέψασθαι,
1626 1409 1679 1437 πῶς
1693 1403 1772 1432 παιδὶ
1790 1406 1837 1442 νέῳ
1849 1403 1867 1432 δ
1870 1402 1935 1432 ἔδω-

1137 1461 1178 1478 σιν
1203 1452 1329 1480 αἴσθησιν
1345 1454 1388 1477 καὶ
1403 1452 1511 1479 ἔννοιαν.
1524 1449 1629 1480 Ἐπειδὴ
1651 1449 1757 1481 διπλοῦς
1772 1451 1785 1476 ό
1800 1451 1936 1488 ἄνθρωπος

1136 1497 1171 1527 ὥς
1192 1506 1271 1533 φησιν
1288 1497 1301 1522 ὁ
1320 1496 1493 1527 Ἀπόστολος·
1517 1497 1530 1522 ὀ
1553 1497 1599 1533 μέν
1622 1505 1660 1526 τις
1683 1495 1772 1527 ἔξωθεν
1800 1495 1844 1529 ὢν,
1869 1495 1882 1521 ὁ
1906 1493 1935 1521 δί

1136 1539 1248 1574 ἔνδοθεν,
1265 1542 1332 1568 κατά
1351 1550 1378 1567 τι
1401 1543 1443 1567 τὸν
1466 1542 1603 1579 ὁρώμενον,
1617 1543 1663 1567 καί
1683 1540 1829 1576 κατὰῌιΐ)
1846 1541 1890 1566 τὸν
1910 1539 1934 1565 ἐν

1135 1590 1172 1622 τῷ
1197 1590 1304 1623 κρυπτῷ
1328 1587 1473 1623 νοούμενον,
1490 1586 1591 1622 ἀνάγκη
1612 1587 1682 1622 ἡμᾶς
1695 1588 1740 1612 καὶ
1763 1587 1797 1612 τὰ
1816 1588 1865 1616 τῆς
1880 1585 1936 1614 ἤλι-

1136 1633 1194 1662 κίας
1221 1630 1257 1667 ἐφ’
1284 1630 1408 1668 ἑκατέρων
1434 1630 1625 1668 παραπλησίως
1652 1629 1798 1666 λαμϐάνειν.
1825 1631 1861 1656 Τό
1889 1630 1934 1666 μὶν

1137 1673 1180 1702 οὖν
1206 1675 1288 1711 λέγειν
1311 1677 1355 1701 τὸν
1382 1675 1502 1712 ἀρτιγενῆ
1532 1673 1618 1702 παῖδα
1646 1676 1769 1704 αἴσθησιν
1795 1673 1934 1710 λαμϐάνειν

1138 1723 1290 1756 σωματικὴν
1312 1720 1342 1746 οὐ
1365 1720 1453 1757 πὸρῥω
1479 1719 1536 1746 ἐστὶ
1559 1723 1606 1746 τοῦ
1634 1720 1744 1756 γελοίου.
1771 1721 1855 1746 Ποίακ
1884 1720 1934 1757 γὰρ

1136 1769 1186 1791 τῶν
1212 1765 1361 1794 αἰσθήσεων
1388 1767 1404 1794 ὴ
1432 1764 1520 1801 βίϐλος
1548 1765 1717 1802 χαρίσασθαι
1745 1762 1866 1798 δύναται,
1891 1766 1936 1790 καὶ

1136 1809 1227 1845 ἅφεως,
1252 1812 1297 1836 καὶ
1316 1809 1406 1843 ἀκοῆς,
1429 1811 1474 1835 καὶ
1496 1804 1658 1847 ὀσφρήσεως,
1678 1811 1724 1836 καὶ
1748 1810 1872 1845 γεύσεως,
1891 1810 1936 1835 καὶ

1136 1854 1205 1891 ἁφῆς
1239 1855 1314 1885 εὐθὺς
1349 1857 1610 1891 συναπογεγνωμένων
1641 1855 1723 1891 ἡμῖν,
1751 1855 1796 1880 καὶ
1828 1853 1875 1879 οὐκ
1908 1853 1934 1880 ἐκ

1137 1897 1314 1930 διδασκαλίας
1341 1901 1568 1936 προσγινομένων,
1596 1899 1660 1925 ἀλλὰ
1685 1902 1731 1930 τῆς
1763 1900 1863 1936 φύσεως
1888 1897 1935 1925 διὰ

1135 1945 1232 1970 τούτων
1256 1943 1455 1981 ἆπαρτιζούσης
1469 1945 1498 1970 τὸ
1526 1944 1608 1978 ζῶον;
1625 1945 1692 1970 Οὔτε
1711 1943 1754 1970 οὖν
1777 1942 1864 1970 παῖδα
1885 1953 1934 1970 σω-

1135 1993 1250 2025 ματικῶς
1281 1990 1403 2023 νοητέον,
1423 1990 1480 2014 οὗτε
1509 1989 1633 2018 αἴσθησιν
1663 1991 1725 2025 μίαν
1755 1989 1852 2015 τούτων
1883 1992 1933 2014 τῶν

1136 2033 1371 2071 ἁπηριθμημένων,
1403 2033 1457 2060 ἀλλ’
1488 2033 1530 2060 ἐπὶ
1562 2036 1606 2061 τὸν
1636 2035 1686 2060 ἔσω
1719 2035 1854 2072 ἄνθρωπον
1887 2035 1933 2065 τὰς

1134 2078 1236 2109 ἡλικίας
1269 2078 1453 2116 μεταληπτέον.
1486 2077 1683 2116 Ἐδιδάχθημεν
1715 2080 1765 2116 γὰρ
1799 2078 1932 2115 πολλαχοῦ

1134 2128 1180 2155 τῆς
1207 2127 1309 2162 Γραφῆς
1334 2126 1380 2150 καὶ
1405 2122 1533 2153 παιδικήν
1559 2125 1721 2150 κατάστασιν
1747 2128 1792 2155 τῆς
1819 2124 1931 2160 ψυχῆς·

1134 2172 1179 2196 καὶ
1205 2169 1283 2198 ἄλλην
1307 2168 1491 2205 ἁκμαστικήν·
1514 2170 1559 2194 καὶ
1589 2168 1668 2197 ἄλλην
1696 2167 1750 2198 ἤδη
1775 2168 1931 2207 πρεσϐύτου.

1136 2215 1207 2247 Οἴον,
1233 2214 1267 2244 ὡς
1292 2214 1363 2251 παρά
1386 2213 1488 2240 Παύλου
1513 2214 1744 2250 μεμαθήκαμτι,οἱ
1767 2213 1791 2240 ἐν
1819 2215 1933 2251 Κορίνθῳ

1135 2261 1227 2287 κήπιοι
1248 2256 1333 2287 ἦσαν·
1358 2256 1448 2294 διόπερ
1471 2261 1516 2285 καὶ
1541 2258 1668 2295 γάλακτος
1689 2259 1724 2286 ἔτι
1749 2256 1861 2293 ἐδέοντο,
1887 2263 1935 2290 τῆς

1136 2303 1309 2338 εἰσαγωγικῆς
1333 2305 1377 2329 καὶ
1397 2303 1574 2342 ἁπλουστέρας
1596 2308 1642 2331 τοῦ
1667 2304 1824 2341 Εὐαγγελίθυ
1852 2302 1933 2331 διδα-

1137 2347 1259 2381 σκαλίας,
1285 2350 1364 2384 μήπω
1393 2347 1532 2385 δυνάμενοι
1559 2354 1722 2387 περικρατεῖν
1751 2352 1853 2386 napi;
1879 2359 1936 2387 τρο-

1137 2394 1255 2430 φῆς(43)
1277 2397 1321 2424 τῆς
1337 2392 1361 2419 ἐν
1377 2392 1504 2430 δόγμασι.
1526 2397 1668 2426 Νεανὶσκος
1699 2393 1729 2421 δι
1752 2396 1820 2421 κατὰ
1842 2395 1935 2431 ψυχήν

1138 2439 1208 2465 ἐστιν
1229 2439 1241 2464 ό
1265 2441 1331 2464 πᾶσι
1355 2442 1410 2469 τοῖς
1433 2441 1524 2476 μέρεσι
1549 2444 1597 2470 τῆς
1619 2439 1710 2476 ἀρετῆς
1730 2442 1936 2477 κατηρτισμένος

1232 2493 1256 2510 3°
1276 2493 1338 2520 Jos.
1357 2500 1388 2525 ιι,
1407 2494 1424 2520 4
1444 2501 1511 2529 sqq.
1549 2494 1573 2511 ³⁰
1593 2494 1698 2521 Genes.
1718 2501 1792 2527 uxr,
1813 2495 1848 2522 34
1868 2501 1936 2530 sqq.

1386 2529 1410 2546 “
1430 2530 1514 2557 Prov.
1535 2537 1555 2564 ι,
1576 2531 1602 2558 4.
1655 2529 1678 2548 ⁵⁵
1702 2530 1726 2557 lt
1746 2531 1812 2559 Cor.
1831 2538 1870 2564 iv,
1893 2529 1935 2558 l6.

1113 2617 1254 2646 ofﬁciosis
1270 2618 1370 2646 favere

1149 2655 1206 2690 (42)
1227 2654 1303 2682 Editi
1327 2654 1496 2691 ἐπαγομένοψ
1521 2655 1558 2682 At
1576 2653 1710 2691 quinque
1738 2662 1812 2683 mss.
1841 2655 1939 2691 ὑπαγο-

1113 2692 1189 2726 μένου
1194 2711 1200 2717 .

1149 2727 1219 2759 (t2‘)
1239 2726 1347 2753 Vocem
1363 2726 1430 2752 κατά
1445 2734 1481 2754 ex
1495 2725 1590 2753 tribus
1607 2734 1681 2754 mss.
1698 2725 1886 2754 addidimus.

1149 2762 1206 2798 (43)
1227 2761 1309 2789 Colb.
1326 2761 1429 2790 tertius
1446 2764 1612 2800 στερεωτέρας
1627 2765 1733 2800 τροφῆς.
