2059 3136
235 107 289 134 4ίὸ

879 105 909 135 S.
937 105 1061 134 BASlLlI
1080 105 1199 133 MAGNL

1858 108 1917 135 416

237 169 382 197 Dominus
391 169 425 196 η.
442 169 491 196 Est
505 169 606 196 autem
625 170 653 196 et
671 169 769 196 tactus
794 168 921 205 quidam
942 167 1063 202 animae,

1126 168 1252 194 Γεύσασθε
1277 170 1321 195 καὶ
1347 167 1427 201 ἴδετε,
1452 169 1492 195 ὅτι
1518 169 1638 207 χρηστὸς
1661 169 1674 194 6
1703 169 1809 205 Κύριος.
1839 168 1918 196 ’Ἐστι

238 221 299 250 quo
315 213 461 249 sapientia
476 220 542 240 eam
555 212 684 248 attingit,
701 215 869 241 amatorem
880 221 969 240 suum
985 211 1066 240 velut

238 258 434 294 amplectens.
450 257 528 285 Ama
543 256 635 290 enim,
650 257 758 293 inquit,
779 258 885 292 ipsam,
904 260 937 285 ut
959 259 985 284 te
1007 263 1066 284 am-

235 303 417 338 plexetur“.
434 303 466 329 Et
477 310 583 329 rursus
595 301 797 336 Ecclesiastes,
810 303 935 337 Tempus
948 303 991 330 est
1005 308 1066 329 am-

237 347 390 382 plectendi
397 349 423 374 et
433 349 547 381 tempus
560 347 649 381 longe
657 346 830 374 discedendi
834 347 871 375 ab
878 346 1022 381 amplexu
1030 346 1052 362 ⁶¹
1058 366 1065 373 .

240 393 370 428 Corpora
382 391 507 427 quidem
521 391 713 427 amplexibus
725 391 852 427 impuris
869 390 1068 427 coinquinan-

239 437 300 464 tur:
322 435 425 464 anima
442 443 512 463 vero
525 435 680 471 sapientiae
695 436 840 472 amplexu
850 437 911 464 tota
923 443 958 463 ex
969 437 1029 463 toto
1041 433 1067 462 ei

239 481 400 516 conjuncta
408 502 415 514 ,
424 481 628 509 sanctimonia
639 481 807 517 completur
815 489 850 509 ac
861 481 1000 518 puritate.
1021 479 1067 508 Sic

239 525 330 560 igitur
341 533 436 561 puero
449 525 612 560 juvenculo
642 533 768 553 sensum
780 526 892 553 tribuit.
909 524 1067 558 Quomodo

245 570 266 605 ι
276 571 406 605 lavero
413 569 641 605 intelligentiam
649 570 744 598 indit?
753 570 897 598 Nimirum
905 578 973 597 cum
981 569 1066 596 dicit:

240 615 307 643 Non
315 614 693 649 proderuntfacultatesz‘n
702 615 750 642 die
757 615 840 643 mala
848 613 1068 650 ".Injicitenim

242 659 326 686 cordi
339 661 391 686 tuo
405 659 618 693 cogitationem
634 659 671 687 de
687 659 735 686 die
749 659 809 692 illa,
836 659 865 687 in
879 667 940 696 qua
954 658 1005 686 tibi
1020 665 1069 694 pe—

242 703 401 731 cuniarum
415 703 502 739 copia
513 704 689 739 adjumento
703 711 765 731 non
776 704 840 737 erit,
852 711 950 739 neque
959 702 1070 731 eximet

242 750 270 776 te
284 750 395 776 interna
408 756 510 784 poena.
527 749 586 777 Aut
595 756 665 776 cum
677 748 765 776 dicit:
785 749 957 776 hmocentes
970 751 1069 776 autem

243 793 463 820 haereditabunt
475 796 588 821 terram
597 794 635 820 63:
649 795 759 820 terram
771 792 908 820 videlicet
918 792 1011 824 illam,
1021 799 1070 819 cu-

240 837 290 872 jus
303 837 393 865 etiam
411 838 499 865 mites
517 840 587 865 sunt
599 837 745 871 hmredes,
767 840 830 865 tum
845 838 931 873 juxta
949 836 1072 864 Psalmi-

242 884 321 910 stam
327 881 487 910 dicentem:
496 883 574 910 illz'tes
581 886 678 910 autem
687 882 908 911 hwreditabuizt
916 885 1028 910 terram
1035 882 1070 915 5‘,

242 929 307 955 tum
327 927 413 962 juxta
432 927 626 963 praedicatam
647 936 665 956 a
689 928 816 955 Domino
840 927 1070 961 beatitudinem,

243 972 334 999 Beati
342 972 790 1008 enim,inquit,mites,quoniam
804 973 862 1007 ipsi
877 972 1072 1007 possidebunt

245 1017 397 1045 terram“.
410 1017 443 1044 Et
452 1024 557 1044 rursus
571 1025 577 1044 :
603 1017 738 1045 Gloriam
753 1018 902 1052 sapientes
913 1016 1073 1044 haeredita-

246 1061 322 1089 bunt
334 1062 366 1086 σε.
391 1063 432 1089 Ita
447 1062 487 1089 ad
502 1061 585 1089 bona
598 1070 666 1098 quae
691 1062 843 1098 promissa
867 1064 938 1089 sunt
960 1060 1075 1089 deside-

244 1106 341 1134 randa
369 1106 540 1134 exstimulat
564 1107 711 1135 animam.
733 1107 816 1135 Hanc
845 1106 1073 1141 intelligentiam

244 1158 338 1187 puero
347 1158 426 1178 novo
437 1150 498 1184 dat,
507 1153 621 1179 metum
633 1151 757 1187 quidem
763 1152 917 1179 minarum
929 1159 997 1187 qua:
1006 1157 1074 1187 pec-

244 1195 395 1224 catoribus
408 1196 771 1231 intentatur,desiderium
783 1204 855 1224 vero
876 1204 983 1224 eorum
1004 1204 1072 1232 qum

241 1240 330 1276 justis
346 1243 416 1268 sunt
430 1243 545 1276 parata.
567 1242 637 1269 Haec
652 1242 731 1270 enim
745 1242 873 1269 audiens
886 1241 1017 1275 sapiens,
1028 1247 1074 1268 sa-

243 1285 491 1320 ptentiorertt“.
522 1286 660 1320 Magnam
674 1285 735 1314 vim
759 1285 927 1313 Proverbiis
952 1284 1074 1313 ascribit

246 1329 409 1365 Scriptura,
425 1329 561 1357 videlicet
576 1329 660 1366 quod
674 1332 820 1366 superant
834 1330 1005 1366 sapientum
1027 1337 1073 1357 sa-

246 1374 402 1410 pientiam,
416 1376 444 1402 et
456 1375 539 1410 quod
549 1375 733 1402 documenta
745 1375 775 1402 in
788 1374 846 1403 hoc
861 1374 937 1402 libro
952 1374 1072 1409 tradita,

247 1419 364 1454 majora
370 1421 537 1455 suntquam
545 1427 612 1456 quae
619 1419 702 1456 apud
709 1420 860 1456 sapientes
871 1419 1071 1455 reperiuntur.

248 1465 345 1496 Quare
360 1463 489 1491 aliorum
504 1463 628 1500 quidem
642 1464 859 1500 magistrorum
872 1463 1012 1500 discipuli
1026 1463 1072 1491 in-

247 1507 364 1536 numeri
378 1508 541 1536 exsistunt:
553 1508 619 1544 ejus
633 1517 701 1536 vero
711 1508 780 1536 libri
788 1509 949 1544 auditores,
957 1508 1074 1545 sapien-

247 1554 292 1580 tes
307 1554 385 1579 sunt.
412 1553 561 1585 Quoniam
577 1555 677 1580 autem
694 1553 873 1588 ambiguum
893 1555 936 1580 est
953 1553 1073 1589 sapien-

247 1598 312 1624 tum
323 1604 434 1624 nomen
445 1597 610 1633 (sapientes
623 1597 703 1624 enim
712 1597 854 1625 dicuntur
863 1597 955 1626 etiam
967 1597 1074 1625 mundi

248 1641 340 1676 hujus
346 1641 531 1677 sapientes“,
539 1641 672 1678 itemque
678 1642 829 1678 sapientes
836 1641 1074 1678 vocantur‘9,qui

249 1685 427 1721 sapientiam
442 1693 544 1713 veram
558 1686 718 1714 Dominum
732 1689 870 1715 nostrum
880 1688 984 1715 Jesum
995 1686 1076 1714 Chri-

250 1733 331 1759 stum
347 1739 401 1767 per
415 1730 508 1759 tidem
523 1731 554 1759 in
569 1732 671 1768 ipsum
686 1733 887 1768 receperunt),
910 1740 961 1760 eos
983 1731 1035 1768 qui
1056 1739 1075 1759 a

249 1775 388 1804 doctrina
401 1779 505 1805 nostra
520 1776 610 1804 alieni
625 1779 704 1811 sunt,
721 1777 773 1805 ubi
788 1777 828 1805 ad
847 1785 954 1805 sanam
978 1777 1074 1805 Parce-

249 1821 382 1849 miarum
397 1821 565 1850 doctrinam
582 1821 775 1855 accesserint,
799 1822 996 1857 sapientiores
1011 1821 1075 1849 fore

249 1866 404 1902 Scriptura
415 1866 583 1902 pollicetur,
600 1865 641 1893 sic
655 1868 687 1894 ut
700 1874 802 1894 rerum
821 1866 958 1894 inanium
974 1867 1075 1902 spreta.

249 1910 664 1945 cognitione,admirationem
677 1919 766 1938 suam
776 1911 807 1938 in
817 1911 969 1938 veritatem
980 1913 1074 1938 trans~

250 1953 356 1981 ferant.
371 1956 427 1981 Aut
441 1954 588 1990 quoniam
603 1954 704 1982 multis
719 1954 819 1982 modis
834 1954 955 1990 sapiens
967 1954 1076 1982 dicitur

251 1997 374 2034 (etenim
396 2001 425 2026 et
439 1999 491 2034 qui
503 1998 658 2034 sapientiae
672 1998 821 2027 desiderio
838 2001 967 2031 tenetur,
980 2001 1008 2026 et
1022 1998 1076 2035 qui

247 2042 312 2079 jam
323 2042 440 2079 proﬁcit
449 2043 480 2070 in
486 2043 641 2079 sapientia
651 2043 1074 2079 contemplatione,etquijam

250 2087 281 2115 in
298 2095 334 2115 eo
352 2087 458 2116 habitu
473 2087 621 2124 perfectus
635 2091 690 2122 est,
706 2088 813 2116 eodem
829 2089 950 2116 nomine
970 2089 1075 2125 appel-

249 2132 369 2166 lantur),
385 2133 450 2161 haec
462 2132 515 2161 ubi
525 2133 654 2161 audierit
667 2133 798 2169 sapiens,
814 2133 876 2161 sive
890 2133 942 2170 qui
957 2134 1075 2169 sapien-

250 2178 299 2206 tiae
311 2178 399 2206 fuerit
409 2180 537 2212 amator,
562 2177 624 2206 sive
637 2178 690 2214 qui
700 2179 764 2214 jam
779 2178 811 2206 in
825 2179 892 2215 ipsa
906 2178 1074 2214 profecerit,

251 2222 343 2251 futuri
353 2225 422 2250 sunt
435 2223 641 2259 sapientiores.
653 2224 687 2251 Et
700 2231 771 2250 vero
787 2225 820 2250 ut
831 2222 926 2251 multa.
938 2223 976 2250 de
985 2223 1076 2251 rebus

251 2267 361 2295 divinis
376 2268 521 2302 dogmata
540 2267 666 2302 discent,
693 2267 734 2295 ita
753 2268 849 2296 multa
872 2267 909 2295 de
932 2268 1075 2296 humanis

251 2311 510 2344 docebuntur,hoc
517 2311 583 2347 ipso
593 2311 670 2339 libro
679 2312 760 2339 varie
769 2312 874 2339 vitium
883 2312 1075 2348 proﬂigante,

251 2357 279 2383 et
294 2363 398 2383 rursus
419 2355 521 2383 multis
535 2355 636 2383 modis
655 2355 794 2383 virtutem
816 2356 989 2385 inducente.
1012 2357 1078 2385 Lin-

252 2408 343 2437 guam
354 2400 490 2436 iniquam
501 2399 734 2434 frenat,oculum
745 2400 842 2428 erudit
851 2408 944 2437 prava
957 2401 1076 2430 intuen-

288 2465 312 2482 59
328 2463 406 2492 Psal.
423 2471 526 2497 xxxm,
540 2465 566 2492 9.

253 2509 300 2537 11.
342 2509 365 2527 ⁶⁵
381 2508 480 2537 Matth.
492 2516 520 2541 v,
535 2509 562 2536 4.

288 2571 343 2607 (47)
360 2571 441 2599 Colb.
455 2570 570 2607 primus
586 2575 671 2607 σῶμα.
799 2605 805 2607 Α
905 2572 922 2588 ’δ

289 2605 356 2644 (Ηὶ)
371 2605 484 2640 1113,,οὖκ
496 2605 820 2644 ὠφελήσειυπάρχονταγέν
834 2607 919 2644 ἡμέρᾳ
928 2611 1006 2644 κακῇ,
1019 2614 1080 2644 non

250 2643 420 2678 proderunt
433 2642 611 2678 facultates,
627 2642 659 2670 in
675 2642 722 2670 die
735 2643 829 2677 mala,
845 2642 955 2670 desunt
973 2642 1005 2670 in
1020 2643 1080 2671 edi-

255 2679 335 2707 tione
345 2680 491 2706 Romana.
507 2679 582 2713 Lege
593 2678 699 2706 Nobilii
710 2681 797 2706 notas
809 2681 837 2705 et
848 2678 994 2713 Hexapla.

290 2715 346 2749 (48)
368 2713 452 2747 Illud,
473 2712 566 2740 οἶκακοι
582 2712 611 2740 δὴ
624 2714 851 2750 κληρονομήσουσι
865 2712 1083 2750 γῆνίὶηηοεϐη-

255 2752 297 2779 tes
308 2751 408 2779 autem
424 2750 643 2779 hereditatium
664 2749 786 2786 terram,
811 2749 940 2786 reperire
958 2757 1020 2777 non
1039 2751 1083 2778 est

605 2464 629 2481 ⁶⁰
644 2464 730 2491 Prov.
742 2470 781 2496 1v,
800 2466 825 2498 6,
842 2465 868 2492 8.

601 2508 625 2526 εδ
636 2509 721 2536 Prov.
738 2510 778 2542 ui,
790 2509 834 2536 35.
873 2509 895 2526 ⁸⁷
910 2510 996 2538 Prov.
1013 2518 1031 2544 ι,
1046 2512 1074 2539 5.

907 2465 928 2482 ⁶¹
947 2464 1041 2493 Eccle.
1057 2466 1097 2501 ui,
1113 2468 1139 2495 5.

1120 209 1149 238 δὲ
1173 222 1213 243 τις
1235 215 1280 239 καὶ
1300 213 1350 249 ἁφὴ
1374 218 1422 244 τῆς
1444 213 1546 250 ψυχῆς,
1568 214 1627 240 καθ’
1650 214 1681 243 ἦν
1705 213 1845 250 ἐφάπτεται
1866 215 1918 240 αὐ-

1119 261 1167 288 τῆς
1181 258 1196 286 ἡ
1213 260 1300 294 σοφία,
1323 259 1398 285 οἱονεὶ
1420 261 1646 296 περιπττυσσομένη
1671 261 1717 288 τὴν
1742 258 1838 290 ἑαυτῆς
1857 258 1918 297 ἀρι-

1120 304 1176 331 τὴν.
1204 302 1346 340 Ἐράσθητι
1371 304 1432 340 γὰρ,
1463 305 1552 340 φησὶν,
1582 304 1673 336 αὐτῆς,
1703 304 1744 329 ἶνα
1779 313 1807 329 σε
1847 313 1920 341 περι-

1120 346 1205 383 λάϐῃ-
1231 349 1275 373 καὶ
1290 348 1366 374 πάλιν
1389 349 1401 373 6
1428 348 1646 382 Ἐκκλησιαστὴς,
1677 350 1773 386 Καιρὸς
1800 352 1846 374 τοῦ
1875 358 1920 374 πε-

1121 391 1243 428 ριλαϐεῖν,
1278 395 1323 418 καὶ
1353 395 1443 430 καιρὸς
1469 397 1514 419 τοῦ
1543 394 1723 430 μακρυνθῆναι
1757 392 1808 419 ἀπὸ
1847 403 1920 430 περι-

1120 436 1232 472 λήψεως.
1265 440 1375 474 Σώματα
1403 438 1457 473 (47)
1495 440 1540 474 μὲν
1572 439 1621 475 γὰρ
1661 438 1829 475 περιπλοκαῖς
1852 437 1920 463 ἀκα-

1123 482 1228 518 θάρτοις
1255 485 1473 518 καταμιαίνεται·
1504 482 1581 518 ψυχὴ
1613 481 1652 516 δὲ,
1681 487 1711 519 τῇ
1742 487 1789 519 τῇς
1826 484 1922 518 σοφίας

1121 526 1262 563 περιπλοκῇ
1278 527 1322 555 ὁλη
1340 526 1375 553 δι’
1397 527 1456 558 ὅλης
1480 529 1546 564 πρὸς
1572 527 1653 556 αὐτὴν
1684 527 1816 561 ἐνωθεῑσα,
1846 527 1922 563 ἁγια-

1124 575 1190 607 σμοῦ
1217 571 1362 608 πληροῦται
1388 574 1432 598 καὶ
1465 573 1653 608 καθαρότητος,
1686 571 1762 597 Οὖτω
1797 572 1842 607 μιν
1877 570 1922 597 οὖν

1123 616 1247 644 αἴσθησιν
1285 615 1363 642 παιδὶ
1398 617 1540 654 χαρίζεται
1571 619 1627 652 νέῳ.
1664 615 1779 642 ’Ἐννοιαν
1809 614 1839 642 δὲ
1866 620 1924 647 πῶς

1124 660 1241 698 ἐμποιεῖ;
1274 664 1354 687 Ὅταν
1378 661 1436 697 λέγῃ
1455 672 1461 678 ³
1487 661 1542 687 Οὐκ
1564 661 1689 697 ὡφελῂσει
1718 661 1874 698 ὑπάρχοντα
1898 660 1923 687 ἐν

1124 707 1208 743 ἡμέρᾳ
1236 711 1303 742 κακῇ
1317 706 1395 741 (47“’).
1428 705 1563 742 Ἐμῆάλλει
1589 707 1638 744 γὰρ
1666 705 1783 742 ἐνθύμιον
1807 709 1838 742 τῇ
1864 705 1923 742 καρ’

1125 749 1172 787 δία
1188 761 1234 777 σον
1250 754 1308 787 περὶ
1323 755 1370 782 τῆς
1385 752 1483 788 ἡμέρας
1494 750 1600 783 ἐκείνης,
1618 750 1642 776 ἐν
1705 760 1747 776 σοι
1772 752 1801 776 τὸ
1823 750 1924 782 πλῆθος

1089 791 1174 821 Bri-"iv
1203 796 1347 832 χρημάτων
1375 795 1420 821 οὐκ
1441 794 1585 832 ἐπαρκέσει,
1613 793 1675 821 οὐδὲ
1705 794 1868 832 ἑξαιρὴσεταί
1894 805 1926 821 σε

1755 839 1865 866 "Anum
1893 838 1924 866 δὲ

1125 885 1355 923 κληρονομήσουσι
1384 889 1431 921 γῆν
1447 887 1504 920 (48)
1523 896 1528 901 -
1563 889 1612 920 γῆν
1639 883 1745 917 ἐκείνην,
1768 883 1799 920 ᾖς
1826 886 1872 910 καὶ
1901 885 1926 910 οἱ

1125 934 1217 967 πραεῖς
1243 930 1294 956 εἱσι
1322 930 1487 966 κληρονόμοι,
1513 930 1580 955 κατά
1605 939 1632 955 τι
1650 931 1693 954 τὸν
1716 927 1860 965 Ψαλμῳδὸν
1881 931 1926 955 τὸν

1124 845 1172 872 τῆς
1193 841 1295 866 αἰωνίου
1315 840 1455 871 κολάσεως,
1485 840 1520 866 ’Ἡ
1549 841 1608 866 ὅταν
1636 840 1698 876 λέγῃ
1716 850 1722 856 .

1125 975 1251 1010 λέγοντα·
1285 975 1317 1000 Οἱ
1340 973 1369 1001 δὲ
1391 978 1482 1011 πραεῖς
1511 974 1741 1011 κληρονομήσουσι
1772 976 1819 1002 τὴν
1851 977 1901 1009 γῆν
1918 983 1926 990 -

1127 1022 1172 1045 καὶ
1204 1020 1272 1045 κατὰ
1306 1021 1348 1045 τὸν
1383 1020 1551 1056 μακαρισμὸν
1580 1022 1625 1044 τοῦ
1655 1021 1763 1056 Κυρίου,
1793 1019 1928 1055 Μακάριοι

1127 1065 1188 1101 γὰρ,
1217 1066 1304 1100 φησὶν,
1333 1064 1357 1089 οὶ
1383 1067 1482 1101 πραεῖς,
1513 1064 1552 1089 ὅτι
1588 1062 1662 1088 αὐτοὶ
1699 1063 1928 1100 κληρονομήσουσι

1127 1111 1268 1144 τὴνκγῆν·
1309 1109 1354 1134 καὶ
1395 1107 1491 1134 πάλιν·
1535 1107 1613 1139 Δόξαν
1650 1109 1724 1143 σοφοὶ
1758 1107 1928 1144 πληρονομή-

1130 1163 1217 1179 σουσι.
1259 1155 1329 1190 Πρὸς
1360 1155 1404 1182 τὴν
1440 1152 1578 1188 ἐπιθυμίαν
1614 1155 1663 1178 τῶν
1701 1151 1725 1177 ἐν
1763 1151 1929 1188 ἐπαγγελίαις

1129 1197 1231 1234 ἀγαθῶν
1255 1200 1302 1227 τὴν
1330 1197 1423 1233 ψυχὴν
1451 1195 1617 1226 διανίστησι.
1646 1197 1749 1225 Ταύτην
1773 1194 1872 1222 δίδωσι.
1891 1200 1928 1231 τῷ

1127 1241 1206 1269 παιδὶ
1232 1246 1267 1278 τῷ
1291 1244 1338 1278 νέῳ
1362 1244 1408 1271 τὴν
1433 1243 1539 1275 ἔννοιαν,
1562 1241 1637 1278 φόϐον
1653 1243 1697 1278 μὲν
1710 1245 1760 1267 τῶν
1776 1245 1830 1271 τοῖς
1845 1241 1930 1278 ἁμαρ-

1128 1286 1220 1318 τωλοῖς
1235 1286 1431 1320 ἀπειληθέντων,
1454 1286 1591 1322 ἐπιθυμίαν
1608 1284 1637 1312 δι
1660 1290 1709 1312 τῶν
1730 1290 1786 1316 τοῖς
1813 1284 1929 1316 δικαίοις

1128 1332 1336 1368 ἡτοιμασμένων.
1365 1329 1453 1357 Τὼνδε
1488 1331 1539 1367 γὰρ
1576 1330 1690 1361 ἀκούσας
1725 1332 1804 1367 σοφὸς
1840 1333 1929 1366 σοφώ-

1128 1386 1199 1413 τερος
1222 1377 1306 1403 ἔσται.
1340 1375 1461 1411 Μεγάλην
1485 1379 1612 1412 μαρτυρεῖ
1638 1373 1749 1411 δύναμιν
1773 1378 1829 1405 ταῖς
1853 1378 1929 1412 Παρ-

1092 1414 1227 1458 οοιμίαις
1255 1422 1268 1447 6
1294 1420 1379 1457 λόγος,
1411 1421 1452 1447 ὃτι
1488 1420 1637 1457 ὑπερϐαίνει
1672 1424 1721 1446 τῶν
1760 1424 1844 1456 σοφῶν
1880 1422 1929 1449 τὴν

1129 1469 1231 1502 σοφίαν,
1257 1468 1302 1492 καὶ
1330 1470 1379 1491 τῶν
1406 1465 1605 1501 ἐναποκειμένων
1629 1465 1718 1495 αὐτοῖς
1741 1463 1929 1501 παιδευμάτων

1127 1511 1235 1548 μείζονά
1249 1510 1306 1536 ἔστι
1320 1511 1354 1536 τὰ
1368 1509 1395 1536 ἐκ
1410 1515 1458 1541 τῆς
1474 1509 1566 1546 βίϐλου
1590 1510 1688 1540 ταύτης
1714 1507 1928 1546 παραδιδόμενα.

1126 1559 1206 1582 "ﬂe-rs
1233 1559 1283 1581 τῶν
1314 1556 1359 1591 μὲν
1386 1554 1468 1580 ἄλλων
1493 1552 1663 1580 διδασκάλων
1689 1554 1712 1580 οἱ
1738 1554 1841 1591 ἄπειροί
1876 1554 1929 1580 εἰσι

1128 1601 1263 1636 μαθηται·
1293 1603 1340 1630 τῆς
1362 1597 1391 1625 δε
1419 1598 1511 1635 βίϐλου
1541 1599 1637 1629 ταύτης
1657 1598 1784 1636 ἀκροαταί
1808 1598 1873 1624 εἰσιν
1904 1598 1929 1623 οὶ

1129 1646 1214 1680 σοφοί.
1232 1642 1337 1673 Ἐπειδὴ
1360 1642 1389 1670 δὲ
1405 1644 1539 1680 ὁμώνυμόν
1556 1643 1622 1679 (48’)
1647 1642 1703 1669 ἔστι
1723 1644 1752 1669 τὸ
1775 1646 1825 1668 τῶν
1840 1642 1928 1678 σοφῶν

1129 1691 1208 1725 ὄνομα
1223 1688 1311 1725 (σοφοὶ
1324 1689 1374 1726 γὰρ
1395 1691 1440 1714 καὶ
1454 1689 1478 1714 οἱ
1493 1691 1538 1714 τοῦ
1556 1689 1657 1724 κόσμου
1681 1689 1772 1714 τούτου
1795 1686 1926 1723 λέγονται,

1130 1736 1205 1770 σοφοὶ
1226 1735 1271 1760 καὶ
1294 1734 1318 1760 οἱ
1333 1735 1379 1762 τὴν
1405 1732 1527 1762 ἀληθινὴν
1551 1735 1639 1769 σοφίαν
1663 1734 1706 1759 τὸν
1729 1733 1823 1770 Κύριον
1853 1732 1927 1767 ἡμῶν

1131 1779 1233 1807 Ἰησοῦν
1248 1779 1355 1815 κριστὸν
1371 1777 1399 1804 ἐκ
1418 1782 1466 1808 τῆς
1487 1777 1523 1808 εἰς
1554 1777 1632 1803 αὐτὸν
1658 1779 1771 1807 πίστεως
1792 1774 1925 1807 ὑποδεξά-

1130 1823 1220 1859 μενοι),
1242 1825 1302 1853 τοὺς
1322 1822 1411 1854 ἔξωθεν
1433 1824 1506 1852 ὂντας
1529 1825 1575 1847 τοῦ
1596 1821 1655 1848 καθ’
1674 1822 1741 1857 ἡμᾶς
1762 1820 1851 1856 λόγου,
1872 1820 1926 1846 ἐπει

1131 1866 1179 1893 δαν
1194 1867 1358 1904 προσῇκθωσι
1373 1870 1403 1903 τῇ
1425 1867 1580 1903 ὑγιαινούσῃ
1602 1870 1652 1892 τῶν
1678 1869 1826 1903 Παροιμιῶν
1848 1863 1927 1892 διδα-

1131 1912 1237 1948 σκαλίᾳ,
1264 1913 1425 1948 σοφωτέρους
1452 1911 1559 1937 ἔσεσθαι
1596 1911 1608 1936 6
1642 1910 1718 1946 λόγος
1754 1909 1927 1946 κατεπαγγέλ-

1129 1957 1218 1983 λεται·
1243 1956 1418 1992 ἀτιμάζοντας
1441 1956 1486 1992 μεν
1510 1958 1557 1984 τὴν
1587 1959 1636 1981 τῶν
1668 1957 1784 1991 ματαίων
1820 1959 1927 1990 γνῶσιν,

1130 2001 1313 2038 μετατιθέντας
1340 1998 1369 2026 δε
1393 2002 1422 2026 τὸ
1449 2001 1536 2036 θαῦμα
1561 2001 1627 2037 πρὸς
1650 2002 1696 2029 τὴν
1724 1999 1855 2029 ἀλήθειαν.
1894 1998 1928 2025 Ἦ

1131 2044 1219 2075 ἐπειδὴ
1236 2044 1376 2081 πολλαχῶς
1387 2044 1489 2080 λέγεται
1502 2045 1515 2070 6
1530 2045 1608 2080 σοφὸς
1631 2045 1653 2074 (ὃ
1676 2053 1704 2070 τε
1726 2045 1776 2081 γὰρ
1797 2043 1929 2080 ἐπιθυμῶν

1131 2091 1234 2126 σοφίας,
1264 2092 1309 2116 καὶ
1338 2090 1350 2115 6
1379 2089 1403 2115 ἐν
1435 2092 1554 2126 προκοπῇ
1583 2087 1637 2117 ἤδη
1658 2088 1691 2114 ὧν
1715 2092 1764 2114 τῶν
1777 2092 1823 2118 τῆς
1839 2090 1929 2123 σοφίας

1131 2136 1314 2172 θεωρημάτων,
1349 2137 1394 2160 καὶ
1418 2134 1431 2160 6
1454 2133 1642 2169 τετελειωμένος
1672 2134 1739 2159 κατὰ
1785 2135 1830 2161 τὴν
1865 2132 1926 2166 ἕξιν,

1131 2181 1225 2216 ὁμοίως
1248 2180 1488 2216 προσαγορεύονται
1516 2178 1595 2213 [49]),
1628 2178 1726 2204 τούτων
1764 2176 1877 2207 ἀκούσας
1915 2177 1928 2202 6

1133 2225 1218 2260 σοφὸς,
1243 2225 1292 2250 εἶτε
1313 2224 1326 2249 6
1353 2223 1466 2260 ἐραστὴς
1494 2226 1541 2253 τῆς
1563 2224 1664 2258 σοφίας,
1692 2223 1741 2248 εἴτε
1760 2224 1805 2248 καὶ
1834 2223 1846 2248 6
1873 2220 1927 2251 ἤδη

1132 2268 1295 2299 διαϐεϐηκὼς
1318 2268 1341 2294 ἐν
1365 2268 1442 2304 αὐτῇ,
1475 2270 1615 2304 σοφώτεροι
1641 2268 1753 2299 ἔσονται,
1783 2266 1864 2293 πολλά
1884 2268 1929 2303 μὲν

1130 2316 1189 2350 περὶ
1204 2317 1253 2339 τῶν
1268 2314 1340 2339 θείων
1355 2311 1535 2342 παιδευθέντες
1555 2310 1705 2347 δογμάτων,
1729 2311 1810 2337 πολλὰ
1832 2309 1861 2338 δε
1884 2314 1930 2338 καὶ

1131 2361 1190 2395 περὶ
1216 2362 1266 2384 τῶν
1291 2357 1455 2395 ἀνθρωπίνων
1480 2354 1708 2392 ἐκδιδασκόμενοι,
1737 2356 1860 2387 ποικίλως
1884 2357 1929 2392 μὲν

1132 2405 1178 2432 τὴν
1198 2405 1291 2429 κακίαν
1314 2402 1480 2440 ἐξοριζοὺσης
1508 2404 1555 2431 τῆς
1582 2399 1684 2437 βίϐλου,
1712 2400 1877 2439 πολυτρόπως
1901 2399 1930 2428 δί

1178 2466 1201 2483 ⁶²
1218 2467 1303 2493 Prov.
1319 2473 1358 2499 x1,
1373 2466 1400 2493 4.
1438 2465 1462 2482 ⁸³
1478 2466 1561 2494 Prov.
1576 2473 1604 2501 ιι,
1621 2466 1667 2493 21.

1117 2511 1140 2529 ⁸⁸
1154 2512 1164 2538 l
1178 2510 1243 2538 Cor.
1259 2517 1279 2544 ι,
1297 2503 1343 2537 2οἶ
1386 2510 1409 2527 ε’
1426 2509 1449 2536 ll
1466 2510 1533 2538 Cor.
1547 2517 1588 2544 x1,
1605 2511 1650 2537 t9.

1135 2571 1218 2608 apud
1230 2572 1302 2605 LXX,
1323 2571 1376 2608 qui
1388 2571 1430 2599 ila.
1442 2571 1564 2606 habent,
1590 2571 1630 2608 ὅτι
1645 2570 1737 2608 suasi;
1758 2571 1931 2599 κατασκηνὼ-

1136 2606 1214 2633 σόυσι
1228 2612 1285 2643 γῆν,
1304 2606 1444 2643 ᾳᾱοηίαηι
1470 2607 1546 2635 recti
1565 2606 1780 2643 inhabitabant
1800 2608 1927 2643 terram.

1135 2641 1263 2671 Basilius
1274 2641 1355 2670 credi
1366 2645 1462 2678 potest
1473 2642 1691 2678 Symmachum
1698 2644 1817 2670 secutus
1826 2641 1930 2670 fuisse.

1136 2680 1211 2714 Lege
1225 2681 1312 2706 notas
1325 2678 1441 2706 Nobilii.

1171 2711 1240 2749 (48')
1255 2714 1337 2750 C011).
1355 2714 1457 2742 tertius
1472 2711 1562 2742 ἐπειδὴ
1580 2711 1609 2740 δὲ
1624 2712 1766 2750 ἐπώνυμον.

1173 2750 1226 2786 (49)
1241 2749 1403 2778 Colbertini
1417 2749 1478 2778 duo
1492 2749 1561 2778 libri
1575 2750 1805 2787 προσαγορεύεται.

1705 2464 1729 2482 ⁸⁸
1746 2463 1821 2492 Psal.
1834 2471 1930 2499 xxxvr,
