2059 3136
123 129 175 158 417

599 128 747 157 HOMILIA
766 129 801 156 ΙΝ
821 121 1023 156 PRINCIPIUM
1042 128 1318 159 PROVERBIORUH

1748 131 1802 164 418

123 191 199 218 παλιν
232 189 441 226 ἀντεισαγούσης
466 192 513 220 τήν
545 190 647 228 ἀρετὴν·
676 190 800 217 Γλῶσσαν
828 188 920 215 ἄδικον

983 197 1046 223 em,
1069 199 1178 220 manus
1196 193 1343 221 violentas
1354 193 1507 223 neminem
1525 194 1594 222 sinit
1611 195 1743 231 priorem
1759 197 1802 225 in—

124 236 238 273 χαλινοῖ,
260 235 391 271 ὀφθαλμόν
410 234 530 262 παιδεύει
550 236 651 273 πονηρά
667 235 804 272 βλέποντα,
825 238 921 271 χειρῶν

125 280 222 307 ἀδίκων
251 281 345 318 οῖρχειν
379 280 425 306 οὔκ
458 279 596 317 ἐπιτρέπει·
637 279 729 317 ἀργίαν
767 278 920 312 ἁποδιώκει,

125 325 264 361 ἐπιθυμίας
289 324 402 356 ἀτόπους
427 325 540 359 κολάζει,
572 323 697 351 διδάσκει
721 327 854 362 φρόνησιν,
883 322 923 349 δι-

125 369 220 397 δάσκει
253 368 372 407 ἀνδρίαν,
406 371 574 406 σωφροσύνην
604 369 783 407 ἀποσεμνύνει.
817 369 846 394 Ὀ
879 366 922 394 οὖν

124 419 208 441 ταῦτα
227 412 388 448 παιδευθεὶς,
412 417 457 440 καὶ
479 417 525 444 τήν
545 425 572 441 τε
594 417 659 453 πρὸς
680 416 713 440 τὰ
738 416 847 451 χείρονα
866 411 924 439 δια-

125 459 201 489 ϐολὴν
223 459 338 496 ἰσχυρὰν
353 459 421 495 ἔχων
437 459 497 497 παρ’
518 459 610 496 ἑαυτῷ,
628 462 672 486 καὶ
687 462 733 489 τὴν
755 463 801 485 τοῦ
826 458 924 494 ἀγαθοῦ

124 506 208 541 ἔφεσιν
223 505 324 541 μείζονι
347 508 378 540 τῇ
404 505 482 541 ὁρμῇ,
508 504 560 531 οἷον
577 503 624 531 διά
639 515 708 535 τινος
724 505 922 540 ὑποφωνήσεως,

123 550 365 587 προσκτησάμενος,
378 551 457 586 σοφὸς
467 549 500 575 ὧν
515 548 562 576 διὰ
571 551 618 578 τήν
629 550 725 576 οἰκείαν
735 550 827 586 ὁρμὴν,
841 550 925 584 σοφώ-

122 605 196 633 τερος
208 597 296 631 γέγονε
312 593 359 621 διὰ
370 597 417 624 τὴν
430 594 457 621 ἐκ
472 598 520 626 τῆς
535 593 713 625 διδασκαλίας
728 594 868 621 τελείωσιν.

160 643 203 668 t5.
227 640 256 666 Ὀ
282 638 312 666 δὴ
333 642 435 675 νοήμων
458 639 614 676 κυϐέρνησιν
638 642 774 669 κτήσεται.
797 641 854 676 Χρή
880 639 923 665 τὸν
952 649 954 652 ‘

121 685 246 722 μέλλοντα
280 686 416 722 προσιέναι
449 686 546 720 τέχνης
574 686 644 716 τινὸς
672 684 798 720 ἀναλήψει
826 685 872 715 τὰς
896 683 924 710 ἔκ

120 734 170 761 τῆς
203 731 303 766 φύσεως
336 727 554 761 ἔπιτηδειότητας
596 730 803 767 ηὖτριπισμένας
841 730 921 764 ἔχειν·

120 777 167 801 τὸν
186 774 334 804 παλαιστὴν
358 777 405 803 τὴν
427 778 472 800 τοῦ
501 777 621 811 σώματος
646 773 788 801 διάπλασιν
812 776 857 800 καὶ
876 776 922 803 τὴν

124 820 215 856 ἰσχύν·
245 821 287 846 τὸν
319 817 444 856 δρομικὸν
477 821 524 848 τὴν
556 819 732 856 εὐαρμοστίαν
765 823 814 845 τῶν
842 818 923 855 μελῶν

975 234 1153 269 ferre,otium
1165 237 1267 272 abigit,
1280 237 1429 266 desideria
1440 239 1538 275 turpia
1556 241 1701 276 reprimit,
1715 241 1804 271 docet

977 280 1179 315 prudentiam,
1211 281 1298 310 docet
1321 281 1537 317 fortitudinem,
1572 286 1803 322 temperantiam

978 324 1115 353 adornat.
1131 326 1227 358 Quare
1243 326 1307 354 haec
1322 326 1374 363 qui
1389 327 1514 355 edoctus
1532 328 1630 364 fuerit,
1645 330 1803 367 oden-itque

977 368 1091 397 fortiter
1102 369 1132 397 in
1148 370 1309 406 semetipso
1324 370 1481 406 deteriora,
1497 374 1526 400 et
1537 373 1609 401 boni
1620 373 1803 403 desiderium

977 413 1093 450 impetu
1103 415 1218 450 majore
1233 415 1314 443 velut
1327 416 1544 445 acclamatione
1568 419 1703 454 quadam
1716 420 1804 448 fuerit

978 460 1118 495 adeptus,
1127 460 1247 496 sapiens
1259 468 1328 488 cum
1340 461 1440 489 sitsuo
1453 461 1549 497 ipsius
1561 462 1687 499 impetu,
1702 466 1804 492 tamen

978 511 1032 539 per
1044 504 1258 540 perfectionem
1277 513 1313 533 ex
1328 505 1464 536 dcctrina
1477 507 1671 537 accedentem
1686 509 1805 546 sapien-

978 548 1035 577 tior
1045 548 1181 578 efﬁcitur.

1016 641 1057 667 15.
1066 639 1244 675 Intelligens
1254 644 1354 669 autem
1362 642 1610 677 gubernationem
1618 643 1760 672 obtinebit
1768 644 1803 672 7°.

954 697 955 704 ι
979 683 1033 717 Qui
1040 685 1078 712 ad
1089 687 1185 712 artem
1197 685 1331 721 aliquam
1340 687 1557 716 assumendam
1565 696 1743 717 accessurus
1750 691 1804 724 est,

955 748 957 763 ε
978 736 1048 757 eum
1057 731 1174 765 oportet
1182 732 1285 766 aptam
1292 731 1525 768 expeditamque
1535 735 1675 762 naturam
1686 734 1726 762 ad
1736 742 1805 762 eam

978 773 1179 801 exercendam
1207 773 1319 802 habere
1341 784 1348 808 ;
1374 775 1562 809 luctatorem,
1592 785 1702 814 corpus
1729 779 1806 806 bene

978 818 1176 846 constitutum
1192 821 1219 846 et
1240 819 1399 847 robustum
1415 829 1422 854 3
1437 828 1601 855 cursorem,
1623 822 1807 851 concinnita-

121 867 169 891 καὶ
195 867 243 894 τὴν
269 867 427 901 κουφότητα·
455 864 522 891 οὕτω
550 866 595 890 καὶ
630 866 673 890 τὸν
707 864 865 901 κυϐερνήτην
894 865 923 890 τὸ

983 864 1039 891 tem
1051 863 1258 891 membrorum
1267 866 1357 900 atque
1366 864 1532 893 levitatem:
1544 866 1584 894 ad
1603 867 1807 903 eumdemque

122 915 173 941 τῆς
197 908 314 940 διανοίας
338 909 384 941 ὀξὺ
408 911 453 936 καὶ
480 909 748 947 εὐπαρακολούθητον.
778 910 825 935 Διὰ
848 912 924 935 τοῦτο

123 956 155 981 οὐ
179 956 223 981 τόν
246 957 364 991 τυχόντα
382 954 456 980 καλεί
474 956 540 991 πρὸς
558 956 605 983 τὴν
629 954 783 991 κυϐέρνησιν
805 954 818 980 ὁ
838 953 924 990 λόγος,

123 999 191 1026 ἀλλᾶ
223 1000 266 1025 τὸν
294 1001 418 1035 νοήμονα.
452 1002 484 1024 Τι
510 996 540 1025 δέ
569 998 639 1025 ἔστιν
663 1000 678 1028 ἠ
713 998 878 1036 κυϐέρνησις,
908 998 924 1028 ἦ

121 1045 229 1075 πάντως
255 1043 386 1079 ἐπιστήμη
413 1043 507 1079 ψυχῆς
534 1045 593 1080 περὶ
627 1046 674 1072 τὴν
702 1044 815 1070 ἄστατον
849 1044 925 1080 φύσιν

122 1094 175 1116 τῶν
209 1089 375 1126 ἀνθρωπίνων
408 1088 579 1125 πραγμάτων,
615 1089 684 1119 ὅπως
717 1088 798 1118 αὐτὴν
831 1086 926 1114 διαπε-

123 1135 269 1172 ραιοὺσθαι
283 1135 410 1171 προσήκει
425 1141 432 1166 ;
450 1132 588 1169 Πολλαχοῦ
600 1143 651 1170 γαρ
667 1131 754 1159 ὕδατα
772 1134 816 1159 καὶ
831 1132 927 1159 Θάλασ-

125 1190 176 1206 σαν
193 1181 237 1205 τόν
251 1178 310 1215 βίον
325 1182 416 1204 τοῦτον
440 1178 592 1214 εὑρίσκομεν
614 1178 664 1204 ὑπὸ
679 1183 728 1208 τῆς
743 1181 847 1215 Γραφῆς
862 1177 926 1203 ὠνο-

124 1225 269 1261 μασμὲνον,
311 1224 345 1253 ὡς
383 1221 408 1248 ἔν
446 1226 482 1257 τῷ
523 1222 629 1259 ψαλμῷ·
671 1222 861 1254 Ἐξαπέστειλιν
901 1221 928 1254 ἐξ

125 1269 221 1304 ὕψους,
251 1270 296 1294 καὶ
320 1267 394 1293 ἔλαϐέ
428 1276 469 1303 με’
503 1266 676 1303 προσελάϐετό
710 1277 741 1303 με
769 1266 796 1298 ἐξ
824 1265 929 1293 ὑδάτων

125 1313 237 1341 πολλῶν.
259 1310 394 1349 Πρόδηλον
413 1313 475 1349 γὰρ,
503 1312 543 1338 ὃτι
570 1314 617 1341 τὴν
643 1314 765 1350 ταραχὴν
789 1315 835 1338 τοῦ
855 1305 927 1348 βίον,

128 1357 217 1385 ὕδατα
237 1357 315 1394 λέγει.
339 1357 406 1383 Οὔτε
424 1358 474 1394 γὰρ
495 1358 528 1382 τὰ
550 1354 624 1388 δεξιὰ
642 1359 687 1383 καὶ
710 1354 930 1394 περισπούδαστα

311 1224 345 1253 ὡς
383 1221 408 1248 ἔν
446 1226 482 1257 τῷ
523 1222 629 1259 ψαλμῷ·

128 1408 184 1434 τοίς
205 1402 309 1433 πολλοῖς
322 1403 352 1428 τὸ
368 1402 448 1432 ἑστὼς
467 1404 512 1427 καὶ
526 1404 633 1438 μόνιμον
649 1403 715 1438 ἔχει,
737 1403 794 1428 οὔτε
807 1403 840 1427 τὰ
854 1410 930 1437 περι-

132 1448 246 1475 στατικά
270 1451 320 1473 τῶν
346 1447 508 1484 πραγμάτων
530 1449 574 1473 καὶ
598 1449 701 1483 κατήφῆ
725 1448 827 1482 παγίως
842 1444 930 1482 ἡδρα-

134 1503 204 1519 σται·
219 1492 283 1518 ἀλλά
296 1492 382 1518 πάντα
402 1491 471 1527 σάλῳ
490 1493 540 1517 τινὶ
562 1493 606 1518 καὶ
622 1491 702 1527 κλόνῳ
716 1494 761 1518 καὶ
776 1490 932 1527 μεταϐολαῖς

134 1536 275 1568 ἀδοκήτοις
292 1537 437 1564 ὑπόκειται.
457 1536 557 1572 Ὠσπερ
583 1534 626 1562 οὖν
643 1536 777 1563 θάλασσαν
793 1535 930 1572 ἀμήχανον

134 1585 180 1612 τὴν
204 1582 285 1611 αὐτὴν
312 1581 354 1608 Exi.
380 1581 445 1608 πολὺ
466 1580 607 1619 διαρκέσαι
627 1582 686 1617 (τὴν
714 1582 763 1619 γὰρ
790 1585 834 1607 νῦν
862 1581 931 1607 λείαν

134 1629 177 1653 καὶ
192 1627 319 1664 σταθερὰν
343 1627 436 1662 μικρὸν
456 1626 563 1662 ὕστερον
585 1625 636 1662 ὄψῃ
735 1625 809 1662 βίαις
834 1624 931 1662 ἀνέμων

133 1674 339 1710 τραχυνομένην,
365 1673 410 1697 καὶ
429 1672 516 1707 μέντοι
531 1672 576 1697 καὶ
597 1673 644 1700 τὴν
669 1670 866 1706 ἀγριαίνουσαν,
887 1671 932 1696 καὶ

135 1717 319 1754 βρασσομένην
339 1713 518 1751 τῷΔκλύδωνι,
541 1714 637 1751 βαθεῖα
657 1715 755 1751 γαλήνη
780 1716 850 1751 ταχὺ
866 1724 932 1740 κατ-

135 1762 289 1798 εστόρεσεν)·
314 1760 381 1786 οὕτω
402 1762 447 1786 καὶ
471 1761 504 1786 τὰ
528 1763 573 1786 τοῦ
590 1759 651 1796 βίου
672 1760 815 1796 πράγματα
832 1757 933 1796 ῥᾳδίως

134 1805 260 1842 λαμϐάνει
287 1806 333 1836 τὰς
363 1805 538 1842 περιστροφὰς
571 1803 607 1840 ἐφ’
634 1804 752 1841 ἑκάτερα.
781 1805 829 1830 Διὰ
856 1807 932 1830 τοῦτο

135 1849 294 1887 κυϐερνήτου
309 1852 397 1886 χρεία,
423 1850 464 1876 ἵνα
484 1851 529 1875 καὶ
549 1848 573 1875 ἐν
588 1848 688 1885 γαλήνῃ
711 1852 757 1874 τοῦ
782 1848 843 1885 βίου
865 1849 932 1875 πάν-

134 1905 183 1921 των
208 1896 278 1930 αὗτῷ
301 1895 368 1920 κατὰ
387 1895 448 1932 ῥοῦν
466 1894 523 1930 (51)
547 1895 698 1930 προϊόντων,
723 1892 770 1924 τὰς
789 1892 933 1929 μεταϐολὰς

135 1938 290 1977 ἐπιδέχηται,
315 1940 360 1965 καὶ
383 1941 418 1976 μὴ
439 1940 474 1970 ὡς
494 1937 633 1968 ἀθανάτοις
657 1937 856 1967 ἐπαναπαὺηται
877 1941 934 1969 τοῖς

134 1989 259 2023 παροῦσι,
277 1987 322 2010 καὶ
349 1983 373 2009 ἐν
403 1987 433 2020 τῇ
465 1984 668 2021 σκυθρωποτέρᾳ
700 1983 862 2009 καταστάσει
895 1984 931 2019 μὴ

137 2030 262 2067 ἀπελπίζη
287 2029 388 2062 ἑαυτὸν,
408 2026 478 2065 μηδὶ
492 2032 523 2065 τῇ
547 2030 722 2065 περισσοτέρᾳ
746 2027 813 2064 λύπῃ
845 2037 931 2053 κατα-

134 2077 221 2106 ποθεὶς
236 2074 399 2112 ὑποϐρύχιος
414 2075 533 2110 φέρηται.
550 2074 617 2099 Οὔτε
643 2074 692 2109 γὰρ
716 2073 773 2108 (52)
788 2073 863 2108 ὑγεία
883 2074 933 2098 σώ-

979 907 1106 935 modum
1114 907 1358 943 gubernatorem,
1366 917 1492 937 acumen
1501 911 1610 939 mentis
1617 919 1651 939 ac
1661 912 1806 947 sagacita-

980 954 1050 981 tem.
1058 953 1080 985 Q
1086 952 1262 980 uamobrem
1269 961 1330 981 non
1337 953 1502 989 quemlibet
1509 955 1548 983 ad
1557 955 1806 990 gubernationem

980 999 1067 1024 vocat
1075 997 1237 1033 Scriptura,
1249 997 1536 1033 sedintelligentem.
1555 999 1633 1032 Quid
1646 1002 1747 1028 autem
1762 1002 1809 1029 est

981 1040 1169 1077 gubernatio,
1181 1042 1202 1076 1
1212 1042 1233 1076 ι
1243 1042 1264 1076 1
1279 1042 1336 1069 nisi
1347 1042 1472 1070 omnino
1480 1043 1573 1071 animi
1582 1044 1707 1073 scientia
1717 1047 1807 1082 atque

981 1093 1042 1118 ars,
1058 1085 1138 1114 circa
1147 1094 1249 1114 rerum
1260 1086 1465 1115 humanarum
1480 1087 1719 1124 instabilitatem,
1734 1098 1808 1125 quo-

980 1131 1074 1159 modo
1087 1139 1142 1167 par
1152 1132 1189 1159 sit
1199 1139 1267 1159 eam
1278 1131 1434 1167 trajicere?
1444 1134 1519 1161 Nam
1529 1133 1604 1162 locis
1614 1135 1717 1162 multis
1726 1135 1808 1163 inve-

981 1175 1083 1203 nimus
1100 1175 1194 1203 vitam
1215 1175 1294 1204 hanc
1309 1184 1406 1212 aquas
1417 1179 1446 1205 et
1459 1185 1544 1205 mare
1554 1186 1573 1207 a
1588 1179 1741 1215 Scriptura
1756 1188 1809 1216 ap-

981 1220 1138 1257 pellatam,
1149 1222 1182 1248 ut
1195 1219 1226 1248 in
1239 1220 1360 1249 Psalmo
1377 1229 1383 1247 :
1399 1221 1482 1249 Misit
1497 1223 1535 1250 de
1547 1230 1672 1258 summa,
1684 1229 1712 1253 et
1726 1234 1808 1256 acce-

981 1265 1026 1302 pit
1034 1266 1261 1300 me:assumpsit
1267 1266 1354 1294 mede
1360 1266 1446 1301 aquis
1455 1267 1602 1296 multis“.
1613 1269 1729 1298 Etenim
1738 1272 1807 1300 vitae

982 1310 1146 1340 tumultum
1161 1319 1258 1347 aquas
1270 1313 1373 1347 aperte
1386 1314 1484 1340 vocat.
1495 1314 1596 1349 Neque
1606 1314 1687 1343 enim
1700 1323 1748 1344 res
1764 1325 1810 1345 se-

983 1355 1100 1391 cundae,
1114 1357 1143 1383 et
1152 1363 1283 1391 quarum
1296 1356 1396 1384 studio
1410 1356 1545 1394 plerique
1558 1361 1706 1396 tenentur,
1717 1361 1809 1390 stabi-

982 1401 1095 1429 litatem
1106 1408 1141 1428 ac
1149 1399 1376 1428 diuturnitatem
1386 1401 1510 1436 habent,
1516 1410 1614 1439 neque
1620 1412 1667 1431 res
1674 1405 1809 1435 adversa:

985 1454 1020 1474 ac
1038 1446 1138 1473 tristes
1153 1447 1327 1473 constanter
1339 1449 1551 1481 perseverant:
1573 1448 1626 1476 sed
1653 1450 1810 1485 agitationi

985 1490 1107 1518 cuidam
1118 1489 1274 1526 motuique
1289 1492 1318 1518 et
1338 1490 1501 1526 inopinatis
1519 1493 1739 1522 mutationibus
1754 1496 1810 1524 ob-

945 1547 966 1575 c
985 1534 1078 1563 noxia
1091 1536 1161 1562 sunt
1173 1534 1286 1562 omnia.
1299 1535 1563 1567 Quemadmodum
1573 1537 1664 1572 igitur
1673 1538 1737 1567 fieri
1748 1548 1811 1569 non

985 1581 1092 1616 potest,
1104 1582 1136 1608 ut
1150 1587 1234 1608 mare
1257 1579 1310 1607 diu
1323 1579 1404 1608 idem
1426 1584 1605 1617 permaneat
1617 1583 1714 1619 (quod
1729 1585 1810 1614 enim

985 1633 1067 1653 nunc
1078 1624 1274 1661 tranquillum
1289 1632 1326 1653 ac
1336 1624 1443 1654 stabile
1453 1626 1548 1660 vides,
1561 1627 1653 1662 paulo
1663 1633 1732 1664 post
1742 1638 1812 1658 con-

985 1669 1093 1706 spicies
1109 1672 1265 1698 ventorum
1280 1670 1309 1697 vi
1319 1673 1532 1706 exasperatum
1546 1679 1552 1698 ς
1565 1673 1648 1708 quod
1658 1681 1730 1702 vero
1743 1675 1812 1704 effe-

984 1717 1085 1743 ratum
1100 1716 1156 1749 est,
1173 1716 1202 1742 et
1214 1716 1290 1742 aestu
1305 1714 1513 1751 effervescens,
1525 1724 1596 1745 mox
1608 1719 1811 1754 tranquillitas

986 1759 1046 1787 alta
1057 1758 1154 1793 sedat)
1169 1767 1176 1786 :
1194 1759 1237 1787 sic
1252 1759 1343 1786 etiam
1358 1766 1407 1787 res
1422 1759 1587 1788 mundana:
1606 1761 1637 1789 in
1650 1765 1811 1800 utramque

985 1806 1103 1840 partem
1111 1802 1199 1831 facile
1209 1805 1511 1832 convertunturliam
1519 1804 1559 1832 ob
1566 1813 1692 1835 causam
1700 1808 1812 1843 guber-

985 1850 1091 1876 natore
1109 1855 1188 1884 opus
1202 1850 1259 1882 est,
1275 1849 1307 1876 ut
1317 1850 1346 1876 et
1360 1847 1392 1876 in
1403 1848 1468 1876 vitae
1484 1850 1697 1886 tranquillitate
1711 1853 1810 1881 Omni-

985 1893 1044 1921 bus
1059 1901 1094 1921 ex
1105 1891 1199 1921 animi
1210 1892 1360 1920 sententia
1369 1893 1611 1931 procedentibus,
1629 1897 1812 1926 mutationes

986 1937 1185 1975 pracstoletur,
1199 1945 1256 1964 nec
1270 1936 1301 1964 in
1314 1937 1515 1972 praesentibus
1527 1941 1675 1975 tanquam
1692 1949 1813 1978 semper

985 1981 1193 2020 permansuris
1203 1981 1407 2018 conquiescat,
1421 1990 1520 2019 neque
1534 1983 1571 2011 de
1583 1992 1615 2012 se
1627 1984 1767 2022 desperet
1781 1986 1812 2015 in

987 2029 1066 2056 statu
1076 2026 1238 2062 mmstiore,
1247 2034 1346 2063 neque
1354 2026 1574 2056 abundantiore
1584 2029 1702 2058 tristitia
1709 2031 1814 2059 absor-

986 2073 1082 2109 ptus“
1092 2071 1422 2107 submergatur.Neque
1428 2071 1508 2099 enim
1515 2073 1650 2109 corporis
1656 2074 1812 2111 valetudo,

135 2130 225 2158 ματος,
248 2121 307 2146 οὗτε
327 2120 447 2148 νεότητος
468 2118 555 2151 ἄνθος,
581 2117 628 2143 οὐκ
650 2117 757 2146 εὖθηνία
780 2119 863 2150 οἴκου,
880 2116 929 2153 οὐχ

986 2123 1085 2152 neque
1093 2115 1258 2151 juventutis
1268 2114 1334 2146 ﬂos,
1341 2122 1441 2151 neque
1450 2115 1560 2144 domus
1568 2116 1704 2152 felicitas,
1712 2127 1812 2155 neque

135 2167 149 2195 ἠ
165 2166 241 2195 λοιπὴ
258 2169 304 2191 τοῦ
327 2163 388 2200 βίον
404 2163 528 2200 εὐημερία
551 2161 658 2189 ἐπιπολὺ
685 2160 810 2198 διαμένει·
832 2161 885 2188 ἀλλ’
908 2160 932 2187 ἔν

135 2215 164 2247 τῇ
189 2208 266 2246 εὑδίᾳ
279 2210 361 2246 ταύτῃ
382 2212 427 2234 τοῦ
444 2207 505 2244 βίου
530 2207 573 2241 ὧν,
590 2205 702 2243 ἔκδέχου
722 2208 784 2233 ποτε
805 2208 850 2233 καὶ
876 2216 933 2242 χει‹

135 2260 207 2292 μῶνα
230 2255 402 2292 πραγμάτων.
416 2253 489 2284 Ἥξει
507 2254 558 2289 γὰρ
582 2254 669 2286 νόσος,
699 2254 743 2278 καὶ
768 2251 824 2283 ἣξει
846 2253 930 2278 πενία·

135 2300 181 2326 οὐκ
197 2299 236 2326 ἀεὶ
257 2300 326 2325 κατὰ
337 2299 456 2336 πρύμναν
475 2298 614 2334 ἱσταμένου
629 2300 675 2323 τοῦ
696 2299 851 2333 πνεῦματοςι
869 2295 933 2322 ἀ).λά

135 2348 180 2372 καὶ
200 2344 244 2371 τόν
262 2343 429 2381 περίϐλεπτον
456 2341 480 2368 ἔν
506 2345 574 2368 πᾶσι
601 2343 646 2368 καὶ
666 2340 782 2371 ζηλωτὸν
804 2339 932 2369 ἀδόκητοι

135 2390 258 2420 πολλάκις
284 2387 392 2420 ἀδοξίαι
419 2386 659 2423 καταλαμϐάνουσι·
689 2387 735 2412 καὶ
767 2388 854 2412 πᾶσαν
884 2387 932 2414 τὴν

136 2435 272 2472 εὐημερίαν
285 2437 332 2460 τοῦ
353 2432 425 2469 βίον,
446 2431 498 2458 οἷον
522 2429 648 2461 σπιλάδες
668 2432 744 2466 τινὲς,
764 2430 933 2467 περιστάσεις

136 2478 274 2509 ἀϐούλητοι
301 2477 485 2514 συνετάραξαν.
509 2478 560 2503 Καὶ
583 2477 598 2505 ἡ
626 2478 750 2512 συνέχεια
772 2479 822 2502 τῶν
845 2479 932 2501 κακῶν

169 2543 193 2561 ¹¹⁰
213 2543 298 2570 Prov.
312 2549 332 2574 ι,
352 2543 379 2569 5.

170 2605 226 2644 (50)
237 2603 312 2632 Edili
321 2606 350 2644 et
360 2602 554 2644 Colb,tertius
564 2600 632 2644 ﬂia,
642 2601 698 2644 Alii
708 2601 769 2644 diro
779 2609 852 2644 mss.
864 2600 932 2644 ϐέλει,

134 2635 198 2669 mox
211 2642 280 2675 Reg.
293 2640 410 2676 primus
422 2641 450 2666 et
459 2635 612 2679 secundus
616 2635 717 2699 Ᾱόᾳδίας
730 2636 865 2673 λαμϐάνει,
876 2635 934 2665 Sed

136 2675 181 2699 alii
196 2677 259 2699 rlnn
274 2684 346 2699 mss.
357 2674 439 2699 Colb.
454 2677 483 2699 et
495 2674 564 2699 editi
580 2683 613 2699 οα
625 2673 689 2699 Ἴως.

136 2674 261 2717 οὶίίλᾴυρ
273 2674 346 2717 mss.
357 2674 439 2717 Colb:
454 2677 483 2702 et
495 2674 696 2717 editipqa‘twc._

168 2715 223 2747 (51)
236 2713 354 2739 Veteres
365 2712 496 2746 quatuor
503 2709 570 2737 libri
579 2709 646 2735 κατὰ
653 2712 722 2743 νοῦν,
731 2716 768 2736 ea;
775 2709 934 2736 sententia.

134 2743 266 2784 Utraque
282 2744 373 2784 editio
384 2744 451 2784 κατά
464 2743 535 2782 ῥοῦν,
547 2745 675 2784 secundp
685 2744 819 2784 ﬂamine.
835 2745 934 2784 Quan-

135 2779 228 2819 quam
243 2783 291 2811 hue
306 2782 374 2810 duae
385 2779 527 2810 lectiones
542 2781 642 2817 prima
651 2780 748 2809 fronte
760 2779 856 2808 videri
865 2786 933 2815 pos-

416 2540 440 2559 ‘“
457 2538 537 2568 Psal.
551 2546 621 2574 xvn,
639 2539 682 2566 t7.
719 2539 744 2556 τ’
764 2538 787 2564 II
803 2539 869 2567 Cor.
883 2545 913 2572 ιι,
929 2539 957 2567 7.

986 2159 1103 2196 reliqua
1117 2159 1185 2187 vitae
1197 2158 1397 2195 prosperitas,
1413 2158 1467 2186 diu
1478 2159 1586 2188 durat:
1604 2161 1657 2189 sed
1672 2162 1697 2190 si
1709 2162 1741 2190 in
1755 2164 1813 2192 hac

986 2205 1055 2233 vitae
1064 2203 1222 2232 serenitate
1233 2202 1373 2236 versaris,
1380 2204 1483 2230 tamen
1490 2211 1592 2232 rerum
1601 2206 1766 2241 procellam
1777 2216 1813 2236 ac

986 2251 1196 2287 tempestatem
1203 2247 1368 2284 aliquando
1377 2250 1528 2284 exspecta.
1535 2250 1637 2278 Veniet
1644 2251 1725 2279 enim
1733 2260 1814 2281 mor-

985 2295 1055 2329 bus,
1074 2293 1175 2322 veniet
1199 2295 1228 2321 et
1251 2294 1426 2329 paupertas,
1451 2295 1543 2322 vento
1569 2302 1632 2323 non
1652 2303 1771 2333 semper
1794 2305 1814 2326 a

985 2339 1083 2376 puppi
1098 2339 1249 2374 surgente.
1263 2337 1321 2365 Sed
1336 2339 1364 2365 et
1374 2337 1472 2379 virum
1487 2337 1518 2366 in
1534 2339 1677 2368 omnibus
1692 2343 1815 2378 specta-

985 2385 1078 2414 bilem
1094 2391 1130 2412 ac
1143 2381 1351 2410 aemulandum
1366 2382 1517 2411 invadunt
1530 2384 1736 2422 inexspectata
1749 2387 1814 2423 ple-

985 2435 1115 2464 rumque
1121 2426 1282 2460 dedecora,
1290 2428 1381 2462 atque
1388 2427 1545 2463 improvisi
1555 2437 1643 2457 casus
1653 2431 1741 2466 quasi
1749 2431 1814 2467 qui-

987 2473 1059 2502 dam
1072 2471 1209 2501 turbines
1220 2477 1343 2499 omnem
1354 2470 1421 2500 vitae
1431 2470 1602 2501 felicitatem
1613 2473 1815 2505 interturbant

988 2598 1047 2626 sint
1074 2597 1203 2626 multum
1227 2604 1258 2632 a7
1278 2603 1311 2624 se
1338 2594 1468 2632 differre,
1499 2599 1617 2626 constat
1644 2600 1746 2629 tamen
1771 2598 1814 2630 eis

989 2642 1083 2672 unam
1114 2636 1142 2661 et
1171 2631 1313 2672 eamdem
1339 2631 1497 2664 notionem
1533 2633 1703 2669 subjectam
1738 2644 1814 2672 esse,

988 2670 1158 2705 eodemque
1173 2668 1279 2705 redire.

1023 2707 1079 2742 (52)
1095 2703 1225 2744 Utraque
1238 2703 1329 2744 editio
1337 2705 1395 2731 οὔτε
1405 2705 1467 2741 γὰρ.
1479 2704 1590 2734 Vocula
1604 2707 1655 2744 γάρ
1666 2706 1697 2734 in
1707 2707 1816 2736 nostris

988 2750 1061 2770 mss.
1082 2749 1144 2770 non
1158 2741 1315 2768 invenitur.
