  <div class='ocr_page' id='page_1' title='image "/cluster/home/n/w/nwhite01/storage/ocr_20150623/31/njp.32101013202609/222.png"; bbox 0 0 2059 3136; ppageno 0'>
   <div class='ocr_carea' id='block_1_1' title="bbox 93 119 143 148">
    <p class='ocr_par' dir='ltr' id='par_1_1' title="bbox 93 119 143 148">
     <span class='ocr_line' id='line_1_1' title="bbox 93 119 143 148; baseline 0.02 -1"><span class='ocrx_word' id='word_1_1' title='bbox 93 119 143 148; x_wconf 77' lang='grc'>421</span> 
     </span>
    </p>
   </div>
   <div class='ocr_carea' id='block_1_2' title="bbox 565 117 1296 153">
    <p class='ocr_par' dir='ltr' id='par_1_2' title="bbox 565 117 1296 153">
     <span class='ocr_line' id='line_1_2' title="bbox 565 117 1296 153; baseline 0.004 -4"><span class='ocrx_word' id='word_1_2' title='bbox 565 117 711 149; x_wconf 76' lang='lat' dir='ltr'>HOMILIA</span> <span class='ocrx_word' id='word_1_3' title='bbox 730 121 764 148; x_wconf 78' lang='lat' dir='ltr'>IN</span> <span class='ocrx_word' id='word_1_4' title='bbox 785 117 988 153; x_wconf 77' lang='lat' dir='ltr'>PRINCIPIUM</span> <span class='ocrx_word' id='word_1_5' title='bbox 1008 121 1296 152; x_wconf 81' lang='lat' dir='ltr'>PROVERBIORUM.</span> 
     </span>
    </p>
   </div>
   <div class='ocr_carea' id='block_1_3' title="bbox 1718 128 1775 158">
    <p class='ocr_par' dir='ltr' id='par_1_3' title="bbox 1718 128 1775 158">
     <span class='ocr_line' id='line_1_3' title="bbox 1718 128 1775 158; baseline 0 0"><span class='ocrx_word' id='word_1_6' title='bbox 1718 128 1775 158; x_wconf 74' lang='grc'>422</span> 
     </span>
    </p>
   </div>
   <div class='ocr_carea' id='block_1_4' title="bbox 94 180 893 231">
    <p class='ocr_par' dir='ltr' id='par_1_4' title="bbox 94 180 892 231">
     <span class='ocr_line' id='line_1_4' title="bbox 94 180 892 231; baseline -0.001 -21"><span class='ocrx_word' id='word_1_7' title='bbox 94 186 140 214; x_wconf 73' lang='grc' dir='ltr'>τῆς</span> <span class='ocrx_word' id='word_1_8' title='bbox 163 184 280 220; x_wconf 79' lang='grc' dir='ltr'>πονηρᾶς</span> <span class='ocrx_word' id='word_1_9' title='bbox 303 180 401 214; x_wconf 77' lang='grc' dir='ltr'>ἡδονῆς</span> <span class='ocrx_word' id='word_1_10' title='bbox 430 181 639 220; x_wconf 66' lang='grc' dir='ltr'>ιπιδραμούσης,</span> <span class='ocrx_word' id='word_1_11' title='bbox 665 182 892 231; x_wconf 42' lang='grc' dir='ltr'>ἆπὼλεσαν.⁴Ἐλε-</span> 
     </span>
    </p>
   </div>
   <div class='ocr_carea' id='block_1_5' title="bbox 949 180 1776 231">
    <p class='ocr_par' dir='ltr' id='par_1_5' title="bbox 949 184 1776 228">
     <span class='ocr_line' id='line_1_5' title="bbox 949 184 1776 228; baseline 0.01 -17"><span class='ocrx_word' id='word_1_12' title='bbox 949 185 1046 212; x_wconf 82' lang='lat' dir='ltr'>ratam</span> <span class='ocrx_word' id='word_1_13' title='bbox 1068 184 1107 212; x_wconf 88' lang='lat' dir='ltr'>ab</span> <span class='ocrx_word' id='word_1_14' title='bbox 1123 185 1249 220; x_wconf 86' lang='lat' dir='ltr'>juventa</span> <span class='ocrx_word' id='word_1_15' title='bbox 1268 186 1436 228; x_wconf 72' lang='lat' dir='ltr'>castitatem</span> <span class='ocrx_word' id='word_1_16' title='bbox 1462 188 1640 218; x_wconf 86' lang='lat' dir='ltr'>amiserunt.</span> <span class='ocrx_word' id='word_1_17' title='bbox 1658 190 1776 220; x_wconf 81' lang='lat' dir='ltr'>Misera-</span> 
     </span>
    </p>
   </div>
   <div class='ocr_carea' id='block_1_6' title="bbox 94 228 890 265">
    <p class='ocr_par' dir='ltr' id='par_1_6' title="bbox 94 228 890 265">
     <span class='ocr_line' id='line_1_6' title="bbox 94 228 890 265; baseline -0.003 -10"><span class='ocrx_word' id='word_1_18' title='bbox 94 230 221 255; x_wconf 76' lang='grc' dir='ltr'>εινὸτατον</span> <span class='ocrx_word' id='word_1_19' title='bbox 242 229 326 264; x_wconf 74' lang='grc' dir='ltr'>θέαμα</span> <span class='ocrx_word' id='word_1_20' title='bbox 348 229 414 265; x_wconf 80' lang='grc' dir='ltr'>μετὰ</span> <span class='ocrx_word' id='word_1_21' title='bbox 437 231 568 262; x_wconf 71' lang='grc' dir='ltr'>νηστείαν,</span> <span class='ocrx_word' id='word_1_22' title='bbox 595 230 659 265; x_wconf 76' lang='grc' dir='ltr'>μετὰ</span> <span class='ocrx_word' id='word_1_23' title='bbox 681 228 890 265; x_wconf 78' lang='grc' dir='ltr'>σκληραγωγίαν,</span> 
     </span>
    </p>
   </div>
   <div class='ocr_carea' id='block_1_7' title="bbox 94 272 894 311">
    <p class='ocr_par' dir='ltr' id='par_1_7' title="bbox 94 272 894 311">
     <span class='ocr_line' id='line_1_7' title="bbox 94 272 894 311; baseline -0.003 -11"><span class='ocrx_word' id='word_1_24' title='bbox 94 274 158 310; x_wconf 78' lang='grc' dir='ltr'>μετὰ</span> <span class='ocrx_word' id='word_1_25' title='bbox 179 275 334 309; x_wconf 75' lang='grc' dir='ltr'>προσευχὴν</span> <span class='ocrx_word' id='word_1_26' title='bbox 354 272 450 307; x_wconf 72' lang='grc' dir='ltr'>ἐκτενῆ,</span> <span class='ocrx_word' id='word_1_27' title='bbox 471 275 536 309; x_wconf 82' lang='grc' dir='ltr'>μετὰ</span> <span class='ocrx_word' id='word_1_28' title='bbox 558 272 671 311; x_wconf 79' lang='grc' dir='ltr'>δάκρυον</span> <span class='ocrx_word' id='word_1_29' title='bbox 693 272 812 308; x_wconf 65' lang='grc' dir='ltr'>δαψιλὲς,</span> <span class='ocrx_word' id='word_1_30' title='bbox 828 273 894 309; x_wconf 85' lang='grc' dir='ltr'>μετὰ</span> 
     </span>
    </p>
   </div>
   <div class='ocr_carea' id='block_1_8' title="bbox 94 315 893 356">
    <p class='ocr_par' dir='ltr' id='par_1_8' title="bbox 94 315 893 356">
     <span class='ocr_line' id='line_1_8' title="bbox 94 315 893 356; baseline -0.001 -12"><span class='ocrx_word' id='word_1_31' title='bbox 94 317 245 355; x_wconf 70' lang='grc' dir='ltr'>ἐγκράτειαν</span> <span class='ocrx_word' id='word_1_32' title='bbox 269 317 331 345; x_wconf 81' lang='grc' dir='ltr'>ἐτῶν</span> <span class='ocrx_word' id='word_1_33' title='bbox 345 320 428 345; x_wconf 75' lang='grc' dir='ltr'>εἰκοσι</span> <span class='ocrx_word' id='word_1_34' title='bbox 441 328 491 345; x_wconf 83' lang='grc' dir='ltr'>που</span> <span class='ocrx_word' id='word_1_35' title='bbox 506 319 521 348; x_wconf 81' lang='grc' dir='ltr'><strong><em>ἡ</em></strong></span> <span class='ocrx_word' id='word_1_36' title='bbox 548 321 591 347; x_wconf 84' lang='grc' dir='ltr'>καὶ</span> <span class='ocrx_word' id='word_1_37' title='bbox 610 319 749 356; x_wconf 71' lang='grc' dir='ltr'>τριάκοντα</span> <span class='ocrx_word' id='word_1_38' title='bbox 765 318 832 354; x_wconf 72' lang='grc'>(58),</span> <span class='ocrx_word' id='word_1_39' title='bbox 856 315 893 343; x_wconf 64' lang='grc' dir='ltr'>δι’</span> 
     </span>
    </p>
   </div>
   <div class='ocr_carea' id='block_1_9' title="bbox 94 362 892 400">
    <p class='ocr_par' dir='ltr' id='par_1_9' title="bbox 94 362 892 400">
     <span class='ocr_line' id='line_1_9' title="bbox 94 362 892 400; baseline -0.001 -11"><span class='ocrx_word' id='word_1_40' title='bbox 94 362 250 400; x_wconf 73' lang='grc' dir='ltr'>ἀπροσεξίαν</span> <span class='ocrx_word' id='word_1_41' title='bbox 283 363 377 399; x_wconf 77' lang='grc' dir='ltr'>ψυχῆς</span> <span class='ocrx_word' id='word_1_42' title='bbox 413 366 458 390; x_wconf 87' lang='grc' dir='ltr'>καὶ</span> <span class='ocrx_word' id='word_1_43' title='bbox 493 363 610 400; x_wconf 75' lang='grc' dir='ltr'>ἆμέλείαν</span> <span class='ocrx_word' id='word_1_44' title='bbox 648 365 744 400; x_wconf 82' lang='grc' dir='ltr'>γυμνὸν</span> <span class='ocrx_word' id='word_1_45' title='bbox 774 363 892 389; x_wconf 81' lang='grc' dir='ltr'>ἁπάντων</span> 
     </span>
    </p>
   </div>
   <div class='ocr_carea' id='block_1_10' title="bbox 95 407 892 446">
    <p class='ocr_par' dir='ltr' id='par_1_10' title="bbox 95 407 892 446">
     <span class='ocr_line' id='line_1_10' title="bbox 95 407 892 446; baseline 0.001 -12"><span class='ocrx_word' id='word_1_46' title='bbox 95 407 299 444; x_wconf 75' lang='grc' dir='ltr'>ἀποδειχθῆναι,</span> <span class='ocrx_word' id='word_1_47' title='bbox 316 411 361 434; x_wconf 84' lang='grc' dir='ltr'>καὶ</span> <span class='ocrx_word' id='word_1_48' title='bbox 375 408 557 446; x_wconf 80' lang='grc' dir='ltr'>παραπλήσιον</span> <span class='ocrx_word' id='word_1_49' title='bbox 584 410 704 444; x_wconf 71' lang='grc' dir='ltr'>γενέσθαι</span> <span class='ocrx_word' id='word_1_50' title='bbox 727 410 771 435; x_wconf 91' lang='grc' dir='ltr'>τὸν</span> <span class='ocrx_word' id='word_1_51' title='bbox 792 412 823 445; x_wconf 82' lang='grc' dir='ltr'>τῇ</span> <span class='ocrx_word' id='word_1_52' title='bbox 850 407 892 446; x_wconf 81' lang='grc' dir='ltr'>ἐρ-</span> 
     </span>
    </p>
   </div>
   <div class='ocr_carea' id='block_1_11' title="bbox 93 452 892 490">
    <p class='ocr_par' dir='ltr' id='par_1_11' title="bbox 93 452 892 490">
     <span class='ocr_line' id='line_1_11' title="bbox 93 452 892 490; baseline -0.001 -11"><span class='ocrx_word' id='word_1_53' title='bbox 93 455 176 489; x_wconf 81' lang='grc' dir='ltr'>γασίᾳ</span> <span class='ocrx_word' id='word_1_54' title='bbox 197 456 248 479; x_wconf 87' lang='grc' dir='ltr'>τῶν</span> <span class='ocrx_word' id='word_1_55' title='bbox 262 454 319 488; x_wconf 82' lang='lat'>(59)</span> <span class='ocrx_word' id='word_1_56' title='bbox 352 452 457 479; x_wconf 76' lang='grc' dir='ltr'>ἐντολῶν</span> <span class='ocrx_word' id='word_1_57' title='bbox 491 453 674 490; x_wconf 71' lang='grc' dir='ltr'>εὖθηνούμενον</span> <span class='ocrx_word' id='word_1_58' title='bbox 708 452 810 490; x_wconf 74' lang='grc' dir='ltr'>ἐμπόρῳ</span> <span class='ocrx_word' id='word_1_59' title='bbox 841 454 892 478; x_wconf 83' lang='grc' dir='ltr'>τινὶ</span> 
     </span>
    </p>
   </div>
   <div class='ocr_carea' id='block_1_12' title="bbox 93 496 892 534">
    <p class='ocr_par' dir='ltr' id='par_1_12' title="bbox 93 496 892 534">
     <span class='ocr_line' id='line_1_12' title="bbox 93 496 892 534; baseline 0 -11"><span class='ocrx_word' id='word_1_60' title='bbox 93 497 305 534; x_wconf 78' lang='grc' dir='ltr'>μεγαλοπλούτῳ,</span> <span class='ocrx_word' id='word_1_61' title='bbox 333 497 360 528; x_wconf 86' lang='grc' dir='ltr'>ὃς</span> <span class='ocrx_word' id='word_1_62' title='bbox 384 501 420 532; x_wconf 85' lang='grc' dir='ltr'>τῷ</span> <span class='ocrx_word' id='word_1_63' title='bbox 447 496 540 526; x_wconf 81' lang='grc' dir='ltr'>πλήθει</span> <span class='ocrx_word' id='word_1_64' title='bbox 565 501 615 524; x_wconf 87' lang='grc' dir='ltr'>τῶν</span> <span class='ocrx_word' id='word_1_65' title='bbox 642 496 781 534; x_wconf 75' lang='grc' dir='ltr'>ἀγωγίμων</span> <span class='ocrx_word' id='word_1_66' title='bbox 810 496 892 533; x_wconf 80' lang='grc' dir='ltr'>ἑπαγ-</span> 
     </span>
    </p>
   </div>
   <div class='ocr_carea' id='block_1_13' title="bbox 92 542 894 580">
    <p class='ocr_par' dir='ltr' id='par_1_13' title="bbox 92 542 894 580">
     <span class='ocr_line' id='line_1_13' title="bbox 92 542 894 580; baseline 0 -12"><span class='ocrx_word' id='word_1_67' title='bbox 92 542 250 579; x_wconf 77' lang='grc' dir='ltr'>γελλόμινος,</span> <span class='ocrx_word' id='word_1_68' title='bbox 275 542 303 573; x_wconf 79' lang='grc' dir='ltr'>ὶξ</span> <span class='ocrx_word' id='word_1_69' title='bbox 326 542 417 579; x_wconf 71' lang='grc' dir='ltr'>οὐρίας</span> <span class='ocrx_word' id='word_1_70' title='bbox 439 542 510 578; x_wconf 78' lang='grc' dir='ltr'>αὐτῷ</span> <span class='ocrx_word' id='word_1_71' title='bbox 535 546 584 573; x_wconf 84' lang='grc' dir='ltr'>τῆς</span> <span class='ocrx_word' id='word_1_72' title='bbox 605 545 666 573; x_wconf 87' lang='grc' dir='ltr'>νεὼς</span> <span class='ocrx_word' id='word_1_73' title='bbox 691 545 839 580; x_wconf 75' lang='grc' dir='ltr'>φερομένης,</span> <span class='ocrx_word' id='word_1_74' title='bbox 860 542 894 568; x_wconf 80' lang='grc' dir='ltr'>τὰ</span> 
     </span>
    </p>
   </div>
   <div class='ocr_carea' id='block_1_14' title="bbox 93 585 892 625">
    <p class='ocr_par' dir='ltr' id='par_1_14' title="bbox 93 585 892 625">
     <span class='ocr_line' id='line_1_14' title="bbox 93 585 892 625; baseline -0.001 -11"><span class='ocrx_word' id='word_1_75' title='bbox 93 587 189 625; x_wconf 72' lang='grc' dir='ltr'>φοϐερὰ</span> <span class='ocrx_word' id='word_1_76' title='bbox 207 587 306 624; x_wconf 73' lang='grc' dir='ltr'>πελάγη</span> <span class='ocrx_word' id='word_1_77' title='bbox 336 585 501 624; x_wconf 76' lang='grc' dir='ltr'>διαδραμὼν,</span> <span class='ocrx_word' id='word_1_78' title='bbox 524 588 590 624; x_wconf 83' lang='grc' dir='ltr'>πρὸς</span> <span class='ocrx_word' id='word_1_79' title='bbox 615 587 704 618; x_wconf 78' lang='grc' dir='ltr'>αὐτοῖς</span> <span class='ocrx_word' id='word_1_80' title='bbox 725 591 780 618; x_wconf 89' lang='grc' dir='ltr'>τοῖς</span> <span class='ocrx_word' id='word_1_81' title='bbox 805 587 892 624; x_wconf 72' lang='grc' dir='ltr'>λιμέσι</span> 
     </span>
    </p>
   </div>
   <div class='ocr_carea' id='block_1_15' title="bbox 93 631 893 670">
    <p class='ocr_par' dir='ltr' id='par_1_15' title="bbox 93 631 893 670">
     <span class='ocr_line' id='line_1_15' title="bbox 93 631 893 670; baseline -0.003 -10"><span class='ocrx_word' id='word_1_82' title='bbox 93 631 280 670; x_wconf 77' lang='grc' dir='ltr'>διαῤῥαγέντος</span> <span class='ocrx_word' id='word_1_83' title='bbox 311 636 357 658; x_wconf 82' lang='grc' dir='ltr'>τοῦ</span> <span class='ocrx_word' id='word_1_84' title='bbox 398 632 498 666; x_wconf 86' lang='grc' dir='ltr'>πλοίου,</span> <span class='ocrx_word' id='word_1_85' title='bbox 534 633 636 658; x_wconf 80' lang='grc' dir='ltr'>πάντων</span> <span class='ocrx_word' id='word_1_86' title='bbox 671 631 770 670; x_wconf 81' lang='grc' dir='ltr'>ἁθρόως</span> <span class='ocrx_word' id='word_1_87' title='bbox 798 633 893 669; x_wconf 64' lang='grc' dir='ltr'>ξοημος</span> 
     </span>
    </p>
   </div>
   <div class='ocr_carea' id='block_1_16' title="bbox 92 675 892 714">
    <p class='ocr_par' dir='ltr' id='par_1_16' title="bbox 92 675 892 714">
     <span class='ocr_line' id='line_1_16' title="bbox 92 675 892 714; baseline -0.003 -10"><span class='ocrx_word' id='word_1_88' title='bbox 92 676 252 714; x_wconf 76' lang='grc' dir='ltr'>ἀπεδείχθη·</span> <span class='ocrx_word' id='word_1_89' title='bbox 269 677 311 704; x_wconf 82' lang='grc' dir='ltr'>ἐὰν</span> <span class='ocrx_word' id='word_1_90' title='bbox 325 679 370 704; x_wconf 84' lang='grc' dir='ltr'>καὶ</span> <span class='ocrx_word' id='word_1_91' title='bbox 383 677 456 709; x_wconf 82' lang='grc' dir='ltr'>οὗτος</span> <span class='ocrx_word' id='word_1_92' title='bbox 469 678 502 703; x_wconf 82' lang='grc' dir='ltr'>τὰ</span> <span class='ocrx_word' id='word_1_93' title='bbox 514 679 618 714; x_wconf 85' lang='grc' dir='ltr'>μυρίοις</span> <span class='ocrx_word' id='word_1_94' title='bbox 632 679 719 708; x_wconf 85' lang='grc' dir='ltr'>πόνοις</span> <span class='ocrx_word' id='word_1_95' title='bbox 734 680 778 703; x_wconf 84' lang='grc' dir='ltr'>καὶ</span> <span class='ocrx_word' id='word_1_96' title='bbox 795 675 892 713; x_wconf 79' lang='grc' dir='ltr'>ἱδρῶσι</span> 
     </span>
    </p>
   </div>
   <div class='ocr_carea' id='block_1_17' title="bbox 91 720 890 760">
    <p class='ocr_par' dir='ltr' id='par_1_17' title="bbox 91 720 890 760">
     <span class='ocr_line' id='line_1_17' title="bbox 91 720 890 760; baseline -0.001 -11"><span class='ocrx_word' id='word_1_97' title='bbox 91 723 219 752; x_wconf 71' lang='grc' dir='ltr'>κτηθέντα</span> <span class='ocrx_word' id='word_1_98' title='bbox 244 725 294 760; x_wconf 80' lang='grc' dir='ltr'>μιᾷ</span> <span class='ocrx_word' id='word_1_99' title='bbox 318 721 450 760; x_wconf 77' lang='grc' dir='ltr'>προσϐολῇ</span> <span class='ocrx_word' id='word_1_100' title='bbox 489 720 613 759; x_wconf 79' lang='grc' dir='ltr'>δαίμονος</span> <span class='ocrx_word' id='word_1_101' title='bbox 649 721 774 759; x_wconf 75' lang='grc' dir='ltr'>ἀπολέσῃ,</span> <span class='ocrx_word' id='word_1_102' title='bbox 805 722 890 759; x_wconf 83' lang='grc' dir='ltr'>ὥσπερ</span> 
     </span>
    </p>
   </div>
   <div class='ocr_carea' id='block_1_18' title="bbox 90 766 892 805">
    <p class='ocr_par' dir='ltr' id='par_1_18' title="bbox 90 766 892 805">
     <span class='ocr_line' id='line_1_18' title="bbox 90 766 892 805; baseline -0.002 -11"><span class='ocrx_word' id='word_1_103' title='bbox 90 770 142 796; x_wconf 81' lang='grc' dir='ltr'>τινὶ</span> <span class='ocrx_word' id='word_1_104' title='bbox 157 767 236 805; x_wconf 74' lang='grc' dir='ltr'>ἀγρίᾳ</span> <span class='ocrx_word' id='word_1_105' title='bbox 249 767 367 801; x_wconf 75' lang='grc' dir='ltr'>λαίλαπι,</span> <span class='ocrx_word' id='word_1_106' title='bbox 382 770 413 803; x_wconf 75' lang='grc' dir='ltr'>τῇ</span> <span class='ocrx_word' id='word_1_107' title='bbox 435 766 551 803; x_wconf 76' lang='grc' dir='ltr'>ἁμαρτίᾳ</span> <span class='ocrx_word' id='word_1_108' title='bbox 575 766 721 803; x_wconf 79' lang='grc' dir='ltr'>βυθισθείς.</span> <span class='ocrx_word' id='word_1_109' title='bbox 740 768 892 803; x_wconf 79' lang='grc' dir='ltr'>·Πρέπουσα</span> 
     </span>
    </p>
   </div>
   <div class='ocr_carea' id='block_1_19' title="bbox 90 810 888 849">
    <p class='ocr_par' dir='ltr' id='par_1_19' title="bbox 90 810 888 849">
     <span class='ocr_line' id='line_1_19' title="bbox 90 810 888 849; baseline -0.001 -11"><span class='ocrx_word' id='word_1_110' title='bbox 90 814 159 849; x_wconf 62' lang='grc' dir='ltr'>φωνὴ</span> <span class='ocrx_word' id='word_1_111' title='bbox 174 815 210 847; x_wconf 87' lang='grc' dir='ltr'>τῷ</span> <span class='ocrx_word' id='word_1_112' title='bbox 233 815 320 838; x_wconf 84' lang='grc' dir='ltr'>πᾶσαν</span> <span class='ocrx_word' id='word_1_113' title='bbox 335 814 390 847; x_wconf 83' lang='grc'>(60)</span> <span class='ocrx_word' id='word_1_114' title='bbox 416 812 481 848; x_wconf 83' lang='grc' dir='ltr'>ὁμοῦ</span> <span class='ocrx_word' id='word_1_115' title='bbox 506 813 553 841; x_wconf 86' lang='grc' dir='ltr'>τὴν</span> <span class='ocrx_word' id='word_1_116' title='bbox 580 810 672 849; x_wconf 75' lang='grc' dir='ltr'>ἀρετὴν</span> <span class='ocrx_word' id='word_1_117' title='bbox 700 813 888 847; x_wconf 83' lang='grc' dir='ltr'>ναυαγήσαντι·</span> 
     </span>
    </p>
   </div>
   <div class='ocr_carea' id='block_1_20' title="bbox 89 855 927 894">
    <p class='ocr_par' dir='ltr' id='par_1_20' title="bbox 89 855 927 894">
     <span class='ocr_line' id='line_1_20' title="bbox 89 855 927 894; baseline -0.004 -9"><span class='ocrx_word' id='word_1_118' title='bbox 89 856 184 885; x_wconf 84' lang='grc' dir='ltr'>Ἦλθον</span> <span class='ocrx_word' id='word_1_119' title='bbox 200 856 235 888; x_wconf 79' lang='grc' dir='ltr'>εἰς</span> <span class='ocrx_word' id='word_1_120' title='bbox 250 858 283 883; x_wconf 83' lang='grc' dir='ltr'>τὰ</span> <span class='ocrx_word' id='word_1_121' title='bbox 298 855 368 894; x_wconf 82' lang='grc' dir='ltr'>βάθη</span> <span class='ocrx_word' id='word_1_122' title='bbox 385 860 430 888; x_wconf 83' lang='grc' dir='ltr'>τῆς</span> <span class='ocrx_word' id='word_1_123' title='bbox 455 855 600 890; x_wconf 75' lang='grc' dir='ltr'>Θαλάσσης,</span> <span class='ocrx_word' id='word_1_124' title='bbox 614 858 659 882; x_wconf 85' lang='grc' dir='ltr'>καὶ</span> <span class='ocrx_word' id='word_1_125' title='bbox 673 858 795 892; x_wconf 81' lang='grc' dir='ltr'>καταιγὶς</span> <span class='ocrx_word' id='word_1_126' title='bbox 817 865 890 883; x_wconf 73' lang='grc' dir='ltr'>κατε·</span> <span class='ocrx_word' id='word_1_127' title='bbox 907 861 927 888; x_wconf 81' lang='grc' dir='ltr'>Β</span> 
     </span>
    </p>
   </div>
   <div class='ocr_carea' id='block_1_21' title="bbox 88 903 250 938">
    <p class='ocr_par' dir='ltr' id='par_1_21' title="bbox 88 903 250 938">
     <span class='ocr_line' id='line_1_21' title="bbox 88 903 250 938; baseline 0.012 -10"><span class='ocrx_word' id='word_1_128' title='bbox 88 903 196 928; x_wconf 75' lang='grc' dir='ltr'>πόντισί</span> <span class='ocrx_word' id='word_1_129' title='bbox 210 911 250 938; x_wconf 76' lang='grc' dir='ltr'>με.</span> 
     </span>
    </p>
   </div>
   <div class='ocr_carea' id='block_1_22' title="bbox 128 944 893 984">
    <p class='ocr_par' dir='ltr' id='par_1_22' title="bbox 128 944 893 984">
     <span class='ocr_line' id='line_1_22' title="bbox 128 944 893 984; baseline -0.004 -9"><span class='ocrx_word' id='word_1_130' title='bbox 128 947 170 975; x_wconf 84' lang='grc'>17.</span> <span class='ocrx_word' id='word_1_131' title='bbox 187 946 253 983; x_wconf 80' lang='grc' dir='ltr'>Ἐχε</span> <span class='ocrx_word' id='word_1_132' title='bbox 267 945 311 974; x_wconf 81' lang='grc' dir='ltr'>οὖν</span> <span class='ocrx_word' id='word_1_133' title='bbox 333 946 455 984; x_wconf 76' lang='grc' dir='ltr'>ἀσφαλῶς</span> <span class='ocrx_word' id='word_1_134' title='bbox 477 950 525 978; x_wconf 76' lang='grc' dir='ltr'>τῆς</span> <span class='ocrx_word' id='word_1_135' title='bbox 547 946 616 978; x_wconf 81' lang='grc' dir='ltr'>ζωῆς</span> <span class='ocrx_word' id='word_1_136' title='bbox 638 947 672 973; x_wconf 81' lang='grc' dir='ltr'>τὰ</span> <span class='ocrx_word' id='word_1_137' title='bbox 694 944 822 976; x_wconf 81' lang='grc' dir='ltr'>πηδάλια·</span> <span class='ocrx_word' id='word_1_138' title='bbox 846 956 893 972; x_wconf 82' lang='grc' dir='ltr'>κυ-</span> 
     </span>
    </p>
   </div>
   <div class='ocr_carea' id='block_1_23' title="bbox 89 989 891 1030">
    <p class='ocr_par' dir='ltr' id='par_1_23' title="bbox 89 989 891 1030">
     <span class='ocr_line' id='line_1_23' title="bbox 89 989 891 1030; baseline -0.002 -12"><span class='ocrx_word' id='word_1_139' title='bbox 89 992 168 1030; x_wconf 68' lang='grc' dir='ltr'>ϐέρνα</span> <span class='ocrx_word' id='word_1_140' title='bbox 190 993 233 1018; x_wconf 83' lang='grc' dir='ltr'>τὸν</span> <span class='ocrx_word' id='word_1_141' title='bbox 256 991 386 1028; x_wconf 65' lang='grc' dir='ltr'>ὀφθαλμόν</span> <span class='ocrx_word' id='word_1_142' title='bbox 413 1001 471 1024; x_wconf 86' lang='grc' dir='ltr'>σου,</span> <span class='ocrx_word' id='word_1_143' title='bbox 497 993 599 1029; x_wconf 82' lang='grc' dir='ltr'>μήποτέ</span> <span class='ocrx_word' id='word_1_144' title='bbox 626 1001 668 1018; x_wconf 87' lang='grc' dir='ltr'>σοι</span> <span class='ocrx_word' id='word_1_145' title='bbox 694 989 731 1018; x_wconf 76' lang='grc' dir='ltr'>δι’</span> <span class='ocrx_word' id='word_1_146' title='bbox 756 991 891 1028; x_wconf 69' lang='grc' dir='ltr'>ὀφθαλμῶν</span> 
     </span>
    </p>
   </div>
   <div class='ocr_carea' id='block_1_24' title="bbox 86 1035 890 1075">
    <p class='ocr_par' dir='ltr' id='par_1_24' title="bbox 86 1035 890 1075">
     <span class='ocr_line' id='line_1_24' title="bbox 86 1035 890 1075; baseline -0.002 -12"><span class='ocrx_word' id='word_1_147' title='bbox 86 1036 184 1074; x_wconf 74' lang='grc' dir='ltr'>λάϐρον</span> <span class='ocrx_word' id='word_1_148' title='bbox 196 1036 295 1075; x_wconf 71' lang='grc' dir='ltr'>ἄμπέσῃ</span> <span class='ocrx_word' id='word_1_149' title='bbox 320 1041 367 1067; x_wconf 72' lang='grc' dir='ltr'>τῆς</span> <span class='ocrx_word' id='word_1_150' title='bbox 395 1036 536 1073; x_wconf 75' lang='grc' dir='ltr'>ὶπιθυμίας</span> <span class='ocrx_word' id='word_1_151' title='bbox 561 1038 588 1063; x_wconf 81' lang='grc' dir='ltr'>τὸ</span> <span class='ocrx_word' id='word_1_152' title='bbox 617 1040 699 1073; x_wconf 80' lang='grc' dir='ltr'>κῦμα·</span> <span class='ocrx_word' id='word_1_153' title='bbox 728 1038 775 1066; x_wconf 80' lang='grc' dir='ltr'>τὴν</span> <span class='ocrx_word' id='word_1_154' title='bbox 802 1035 890 1070; x_wconf 72' lang='grc' dir='ltr'>ἀκοὴν,</span> 
     </span>
    </p>
   </div>
   <div class='ocr_carea' id='block_1_25' title="bbox 85 1079 889 1120">
    <p class='ocr_par' dir='ltr' id='par_1_25' title="bbox 85 1079 889 1120">
     <span class='ocr_line' id='line_1_25' title="bbox 85 1079 889 1120; baseline -0.001 -12"><span class='ocrx_word' id='word_1_155' title='bbox 85 1083 137 1113; x_wconf 68' lang='grc' dir='ltr'>τὴν</span> <span class='ocrx_word' id='word_1_156' title='bbox 149 1081 282 1118; x_wconf 80' lang='grc' dir='ltr'>γλῶσσαν,</span> <span class='ocrx_word' id='word_1_157' title='bbox 295 1084 330 1118; x_wconf 74' lang='grc' dir='ltr'>μὴ</span> <span class='ocrx_word' id='word_1_158' title='bbox 345 1079 480 1120; x_wconf 78' lang='grc' dir='ltr'>παραδέξῃ</span> <span class='ocrx_word' id='word_1_159' title='bbox 497 1091 523 1107; x_wconf 84' lang='grc' dir='ltr'>τι</span> <span class='ocrx_word' id='word_1_160' title='bbox 538 1080 675 1119; x_wconf 80' lang='grc' dir='ltr'>βλαϐερὸν,</span> <span class='ocrx_word' id='word_1_161' title='bbox 700 1079 770 1118; x_wconf 61' lang='grc' dir='ltr'>μηδὲ</span> <span class='ocrx_word' id='word_1_162' title='bbox 794 1080 889 1117; x_wconf 77' lang='grc' dir='ltr'>φθέγξῃ</span> 
     </span>
    </p>
   </div>
   <div class='ocr_carea' id='block_1_26' title="bbox 84 1125 891 1164">
    <p class='ocr_par' dir='ltr' id='par_1_26' title="bbox 84 1125 891 1164">
     <span class='ocr_line' id='line_1_26' title="bbox 84 1125 891 1164; baseline -0.004 -10"><span class='ocrx_word' id='word_1_163' title='bbox 84 1130 178 1154; x_wconf 81' lang='grc' dir='ltr'>τιτῶν</span> <span class='ocrx_word' id='word_1_164' title='bbox 205 1126 429 1164; x_wconf 71' lang='grc' dir='ltr'>ἀπηγορευμένων.</span> <span class='ocrx_word' id='word_1_165' title='bbox 456 1128 499 1156; x_wconf 85' lang='grc' dir='ltr'>Μή</span> <span class='ocrx_word' id='word_1_166' title='bbox 525 1135 554 1153; x_wconf 73' lang='grc' dir='ltr'>σε</span> <span class='ocrx_word' id='word_1_167' title='bbox 580 1125 710 1162; x_wconf 63' lang='grc' dir='ltr'>ἀνατρέψῃ</span> <span class='ocrx_word' id='word_1_168' title='bbox 735 1129 780 1152; x_wconf 86' lang='grc' dir='ltr'>τοῦ</span> <span class='ocrx_word' id='word_1_169' title='bbox 809 1125 891 1161; x_wconf 82' lang='grc' dir='ltr'>θυμοῦ</span> 
     </span>
    </p>
   </div>
   <div class='ocr_carea' id='block_1_27' title="bbox 84 1169 892 1208">
    <p class='ocr_par' dir='ltr' id='par_1_27' title="bbox 84 1169 892 1208">
     <span class='ocr_line' id='line_1_27' title="bbox 84 1169 892 1208; baseline -0.004 -10"><span class='ocrx_word' id='word_1_170' title='bbox 84 1172 105 1201; x_wconf 70' lang='grc' dir='ltr'>ἡ</span> <span class='ocrx_word' id='word_1_171' title='bbox 121 1171 197 1202; x_wconf 72' lang='grc' dir='ltr'>ζάλη-</span> <span class='ocrx_word' id='word_1_172' title='bbox 219 1173 256 1208; x_wconf 80' lang='grc' dir='ltr'>μή</span> <span class='ocrx_word' id='word_1_173' title='bbox 281 1172 331 1198; x_wconf 70' lang='grc' dir='ltr'><strong>πού</strong></span> <span class='ocrx_word' id='word_1_174' title='bbox 356 1181 384 1198; x_wconf 86' lang='grc' dir='ltr'>σε</span> <span class='ocrx_word' id='word_1_175' title='bbox 407 1170 569 1198; x_wconf 72' lang='grc' dir='ltr'>ἐπικλύσωσι</span> <span class='ocrx_word' id='word_1_176' title='bbox 592 1174 642 1197; x_wconf 88' lang='grc' dir='ltr'>τῶν</span> <span class='ocrx_word' id='word_1_177' title='bbox 665 1169 749 1207; x_wconf 71' lang='grc' dir='ltr'>φόϐων</span> <span class='ocrx_word' id='word_1_178' title='bbox 773 1170 801 1196; x_wconf 78' lang='grc' dir='ltr'>αἱ</span> <span class='ocrx_word' id='word_1_179' title='bbox 812 1179 892 1196; x_wconf 87' lang='grc' dir='ltr'>κατα-</span> 
     </span>
    </p>
   </div>
   <div class='ocr_carea' id='block_1_28' title="bbox 84 1213 891 1253">
    <p class='ocr_par' dir='ltr' id='par_1_28' title="bbox 84 1213 891 1253">
     <span class='ocr_line' id='line_1_28' title="bbox 84 1213 891 1253; baseline -0.005 -9"><span class='ocrx_word' id='word_1_180' title='bbox 84 1215 194 1248; x_wconf 73' lang='grc' dir='ltr'>πλήξας</span> <span class='ocrx_word' id='word_1_181' title='bbox 209 1216 276 1252; x_wconf 83' lang='lat' dir='ltr'>(6t),</span> <span class='ocrx_word' id='word_1_182' title='bbox 292 1218 328 1253; x_wconf 81' lang='grc' dir='ltr'>μή</span> <span class='ocrx_word' id='word_1_183' title='bbox 354 1225 382 1243; x_wconf 82' lang='grc' dir='ltr'>σε</span> <span class='ocrx_word' id='word_1_184' title='bbox 395 1215 578 1252; x_wconf 76' lang='grc' dir='ltr'>καταϐαπτίσῃ</span> <span class='ocrx_word' id='word_1_185' title='bbox 604 1220 652 1247; x_wconf 84' lang='grc' dir='ltr'>τῆς</span> <span class='ocrx_word' id='word_1_186' title='bbox 674 1215 756 1245; x_wconf 79' lang='grc' dir='ltr'>λύπης</span> <span class='ocrx_word' id='word_1_187' title='bbox 782 1215 812 1241; x_wconf 87' lang='grc' dir='ltr'>τὸ</span> <span class='ocrx_word' id='word_1_188' title='bbox 838 1213 891 1251; x_wconf 74' lang='grc' dir='ltr'>βά-</span> 
     </span>
    </p>
   </div>
   <div class='ocr_carea' id='block_1_29' title="bbox 83 1260 891 1298">
    <p class='ocr_par' dir='ltr' id='par_1_29' title="bbox 83 1260 891 1298">
     <span class='ocr_line' id='line_1_29' title="bbox 83 1260 891 1298; baseline -0.002 -11"><span class='ocrx_word' id='word_1_189' title='bbox 83 1270 144 1298; x_wconf 79' lang='grc' dir='ltr'>ρος,</span> <span class='ocrx_word' id='word_1_190' title='bbox 171 1261 281 1298; x_wconf 74' lang='grc' dir='ltr'>Κύματά</span> <span class='ocrx_word' id='word_1_191' title='bbox 301 1260 358 1287; x_wconf 73' lang='grc' dir='ltr'>ἐστι</span> <span class='ocrx_word' id='word_1_192' title='bbox 381 1262 414 1287; x_wconf 79' lang='grc' dir='ltr'>τὰ</span> <span class='ocrx_word' id='word_1_193' title='bbox 438 1262 520 1294; x_wconf 80' lang='grc' dir='ltr'>πάθη,</span> <span class='ocrx_word' id='word_1_194' title='bbox 544 1261 578 1287; x_wconf 86' lang='grc' dir='ltr'>ὧν</span> <span class='ocrx_word' id='word_1_195' title='bbox 603 1260 760 1298; x_wconf 74' lang='grc' dir='ltr'>ὑψηλότερον</span> <span class='ocrx_word' id='word_1_196' title='bbox 785 1261 891 1286; x_wconf 81' lang='grc' dir='ltr'>σεαυτὸν</span> 
     </span>
    </p>
   </div>
   <div class='ocr_carea' id='block_1_30' title="bbox 86 1302 892 1343">
    <p class='ocr_par' dir='ltr' id='par_1_30' title="bbox 86 1302 892 1343">
     <span class='ocr_line' id='line_1_30' title="bbox 86 1302 892 1343; baseline -0.004 -10"><span class='ocrx_word' id='word_1_197' title='bbox 86 1305 200 1342; x_wconf 78' lang='grc' dir='ltr'>ἆνίχων,</span> <span class='ocrx_word' id='word_1_198' title='bbox 226 1305 343 1342; x_wconf 69' lang='grc' dir='ltr'>ἀσφαλὴς</span> <span class='ocrx_word' id='word_1_199' title='bbox 369 1306 414 1342; x_wconf 75' lang='grc' dir='ltr'>ἴσῃ</span> <span class='ocrx_word' id='word_1_200' title='bbox 445 1305 601 1343; x_wconf 77' lang='grc' dir='ltr'>κυϐερνήτης</span> <span class='ocrx_word' id='word_1_201' title='bbox 624 1308 670 1332; x_wconf 86' lang='grc' dir='ltr'>τοῦ</span> <span class='ocrx_word' id='word_1_202' title='bbox 695 1304 766 1341; x_wconf 84' lang='grc' dir='ltr'>βίου.</span> <span class='ocrx_word' id='word_1_203' title='bbox 788 1304 846 1331; x_wconf 81' lang='grc' dir='ltr'>Ἐὰν</span> <span class='ocrx_word' id='word_1_204' title='bbox 862 1302 892 1331; x_wconf 60' lang='grc' dir='ltr'><strong>δί</strong></span> 
     </span>
    </p>
   </div>
   <div class='ocr_carea' id='block_1_31' title="bbox 86 1347 891 1387">
    <p class='ocr_par' dir='ltr' id='par_1_31' title="bbox 86 1347 891 1387">
     <span class='ocr_line' id='line_1_31' title="bbox 86 1347 891 1387; baseline -0.002 -10"><span class='ocrx_word' id='word_1_205' title='bbox 86 1353 126 1387; x_wconf 73' lang='grc' dir='ltr'>μὴ</span> <span class='ocrx_word' id='word_1_206' title='bbox 156 1350 336 1386; x_wconf 71' lang='grc' dir='ltr'>ἕπιστημόνως</span> <span class='ocrx_word' id='word_1_207' title='bbox 363 1352 408 1377; x_wconf 86' lang='grc' dir='ltr'>καὶ</span> <span class='ocrx_word' id='word_1_208' title='bbox 435 1350 567 1381; x_wconf 70' lang='grc' dir='ltr'>εὐσταθῶς</span> <span class='ocrx_word' id='word_1_209' title='bbox 594 1350 702 1377; x_wconf 76' lang='grc' dir='ltr'>ἕκαστον</span> <span class='ocrx_word' id='word_1_210' title='bbox 725 1350 819 1376; x_wconf 81' lang='grc' dir='ltr'>τούτων</span> <span class='ocrx_word' id='word_1_211' title='bbox 846 1347 891 1375; x_wconf 76' lang='grc' dir='ltr'>ἰκ-</span> 
     </span>
    </p>
   </div>
   <div class='ocr_carea' id='block_1_32' title="bbox 86 1393 891 1433">
    <p class='ocr_par' dir='ltr' id='par_1_32' title="bbox 86 1393 891 1433">
     <span class='ocr_line' id='line_1_32' title="bbox 86 1393 891 1433; baseline -0.002 -11"><span class='ocrx_word' id='word_1_212' title='bbox 86 1395 185 1432; x_wconf 75' lang='grc' dir='ltr'>κλίνῃς,</span> <span class='ocrx_word' id='word_1_213' title='bbox 213 1396 300 1433; x_wconf 83' lang='grc' dir='ltr'>ὥσπερ</span> <span class='ocrx_word' id='word_1_214' title='bbox 329 1405 355 1422; x_wconf 86' lang='grc' dir='ltr'>τι</span> <span class='ocrx_word' id='word_1_215' title='bbox 377 1395 465 1422; x_wconf 86' lang='grc' dir='ltr'>πλοῖον</span> <span class='ocrx_word' id='word_1_216' title='bbox 495 1394 681 1433; x_wconf 76' lang='grc' dir='ltr'>ἀνερμάτιστον</span> <span class='ocrx_word' id='word_1_217' title='bbox 704 1395 755 1421; x_wconf 81' lang='grc' dir='ltr'><strong>ύπό</strong></span> <span class='ocrx_word' id='word_1_218' title='bbox 776 1398 826 1420; x_wconf 86' lang='grc' dir='ltr'>τῶν</span> <span class='ocrx_word' id='word_1_219' title='bbox 852 1393 891 1420; x_wconf 77' lang='grc' dir='ltr'>ἀεὶ</span> 
     </span>
    </p>
   </div>
   <div class='ocr_carea' id='block_1_33' title="bbox 86 1439 890 1478">
    <p class='ocr_par' dir='ltr' id='par_1_33' title="bbox 86 1439 890 1478">
     <span class='ocr_line' id='line_1_33' title="bbox 86 1439 890 1478; baseline -0.002 -11"><span class='ocrx_word' id='word_1_220' title='bbox 86 1441 303 1477; x_wconf 77' lang='grc' dir='ltr'>προσπιπτόντων</span> <span class='ocrx_word' id='word_1_221' title='bbox 329 1442 536 1478; x_wconf 78' lang='grc' dir='ltr'>περιφερόμενος,</span> <span class='ocrx_word' id='word_1_222' title='bbox 566 1439 760 1476; x_wconf 74' lang='grc' dir='ltr'>ἕναφανισθήσῃ</span> <span class='ocrx_word' id='word_1_223' title='bbox 783 1442 819 1474; x_wconf 85' lang='grc' dir='ltr'>τῷ</span> <span class='ocrx_word' id='word_1_224' title='bbox 842 1447 890 1465; x_wconf 83' lang='grc' dir='ltr'>πε-</span> 
     </span>
    </p>
   </div>
   <div class='ocr_carea' id='block_1_34' title="bbox 86 1484 889 1522">
    <p class='ocr_par' dir='ltr' id='par_1_34' title="bbox 86 1484 889 1522">
     <span class='ocr_line' id='line_1_34' title="bbox 86 1484 889 1522; baseline -0.002 -10"><span class='ocrx_word' id='word_1_225' title='bbox 86 1484 161 1521; x_wconf 74' lang='grc' dir='ltr'>λάγει</span> <span class='ocrx_word' id='word_1_226' title='bbox 176 1488 223 1516; x_wconf 82' lang='grc' dir='ltr'>τῆς</span> <span class='ocrx_word' id='word_1_227' title='bbox 239 1485 376 1522; x_wconf 64' lang='grc' dir='ltr'>ἁμαρτίας.</span> <span class='ocrx_word' id='word_1_228' title='bbox 398 1484 493 1512; x_wconf 73' lang='grc' dir='ltr'>’Δκουε</span> <span class='ocrx_word' id='word_1_229' title='bbox 514 1486 599 1511; x_wconf 80' lang='grc' dir='ltr'>τοίνυν</span> <span class='ocrx_word' id='word_1_230' title='bbox 623 1488 677 1516; x_wconf 86' lang='grc' dir='ltr'>πῶς</span> <span class='ocrx_word' id='word_1_231' title='bbox 695 1484 726 1510; x_wconf 79' lang='grc' dir='ltr'>οἶν</span> <span class='ocrx_word' id='word_1_232' title='bbox 749 1493 791 1510; x_wconf 87' lang='grc' dir='ltr'>σοι</span> <span class='ocrx_word' id='word_1_233' title='bbox 814 1486 858 1510; x_wconf 83' lang='grc' dir='ltr'>καὶ</span> <span class='ocrx_word' id='word_1_234' title='bbox 874 1484 889 1513; x_wconf 85' lang='grc' dir='ltr'>ἡ</span> 
     </span>
    </p>
   </div>
   <div class='ocr_carea' id='block_1_35' title="bbox 86 1528 926 1568">
    <p class='ocr_par' dir='ltr' id='par_1_35' title="bbox 86 1528 926 1568">
     <span class='ocr_line' id='line_1_35' title="bbox 86 1528 926 1568; baseline -0.001 -12"><span class='ocrx_word' id='word_1_235' title='bbox 86 1533 136 1561; x_wconf 82' lang='grc' dir='ltr'>τῆς</span> <span class='ocrx_word' id='word_1_236' title='bbox 162 1529 341 1567; x_wconf 75' lang='grc' dir='ltr'>κυϐερνήσεως</span> <span class='ocrx_word' id='word_1_237' title='bbox 368 1529 500 1566; x_wconf 79' lang='grc' dir='ltr'>ἐπιστήμη</span> <span class='ocrx_word' id='word_1_238' title='bbox 527 1531 703 1566; x_wconf 74' lang='grc' dir='ltr'>προσγένηται</span> <span class='ocrx_word' id='word_1_239' title='bbox 718 1528 784 1565; x_wconf 78' lang='grc'>(62).</span> <span class='ocrx_word' id='word_1_240' title='bbox 813 1528 926 1568; x_wconf 73' lang='grc' dir='ltr'>’Ἐθοςρ</span> 
     </span>
    </p>
   </div>
   <div class='ocr_carea' id='block_1_36' title="bbox 86 1573 891 1613">
    <p class='ocr_par' dir='ltr' id='par_1_36' title="bbox 86 1573 891 1613">
     <span class='ocr_line' id='line_1_36' title="bbox 86 1573 891 1613; baseline -0.004 -10"><span class='ocrx_word' id='word_1_241' title='bbox 86 1578 142 1606; x_wconf 79' lang='grc' dir='ltr'>τοῖς</span> <span class='ocrx_word' id='word_1_242' title='bbox 163 1575 367 1612; x_wconf 77' lang='grc' dir='ltr'>ναυτιλλομένοις</span> <span class='ocrx_word' id='word_1_243' title='bbox 393 1577 458 1612; x_wconf 85' lang='grc' dir='ltr'>πρὸς</span> <span class='ocrx_word' id='word_1_244' title='bbox 486 1574 593 1613; x_wconf 77' lang='grc' dir='ltr'>οὐρανὸν</span> <span class='ocrx_word' id='word_1_245' title='bbox 621 1573 779 1608; x_wconf 71' lang='grc' dir='ltr'>ἀναϐλέπειν,</span> <span class='ocrx_word' id='word_1_246' title='bbox 800 1573 891 1600; x_wconf 77' lang='grc' dir='ltr'>κάκεῖ-</span> 
     </span>
    </p>
   </div>
   <div class='ocr_carea' id='block_1_37' title="bbox 90 1617 890 1657">
    <p class='ocr_par' dir='ltr' id='par_1_37' title="bbox 90 1617 890 1657">
     <span class='ocr_line' id='line_1_37' title="bbox 90 1617 890 1657; baseline -0.003 -9"><span class='ocrx_word' id='word_1_247' title='bbox 90 1621 130 1648; x_wconf 79' lang='grc' dir='ltr'>θεν</span> <span class='ocrx_word' id='word_1_248' title='bbox 142 1620 279 1657; x_wconf 71' lang='grc' dir='ltr'>λαμϐάνειν</span> <span class='ocrx_word' id='word_1_249' title='bbox 298 1623 347 1650; x_wconf 69' lang='grc' dir='ltr'>τὴν</span> <span class='ocrx_word' id='word_1_250' title='bbox 373 1617 485 1656; x_wconf 75' lang='grc' dir='ltr'>ὀδηγίαν</span> <span class='ocrx_word' id='word_1_251' title='bbox 513 1624 559 1647; x_wconf 87' lang='grc' dir='ltr'>τοῦ</span> <span class='ocrx_word' id='word_1_252' title='bbox 585 1620 660 1654; x_wconf 85' lang='grc' dir='ltr'>πλοῦ,</span> <span class='ocrx_word' id='word_1_253' title='bbox 685 1619 709 1646; x_wconf 77' lang='grc' dir='ltr'>ἕν</span> <span class='ocrx_word' id='word_1_254' title='bbox 736 1620 821 1657; x_wconf 75' lang='grc' dir='ltr'>ἡμέρᾳ</span> <span class='ocrx_word' id='word_1_255' title='bbox 846 1621 890 1657; x_wconf 64' lang='grc' dir='ltr'>μεν</span> 
     </span>
    </p>
   </div>
   <div class='ocr_carea' id='block_1_38' title="bbox 89 1663 891 1702">
    <p class='ocr_par' dir='ltr' id='par_1_38' title="bbox 89 1663 891 1702">
     <span class='ocr_line' id='line_1_38' title="bbox 89 1663 891 1702; baseline -0.004 -9"><span class='ocrx_word' id='word_1_256' title='bbox 89 1665 140 1693; x_wconf 71' lang='grc' dir='ltr'>ἀπὸ</span> <span class='ocrx_word' id='word_1_257' title='bbox 156 1668 201 1692; x_wconf 83' lang='grc' dir='ltr'>τοῦ</span> <span class='ocrx_word' id='word_1_258' title='bbox 216 1665 301 1700; x_wconf 79' lang='grc' dir='ltr'>ἡλίου,</span> <span class='ocrx_word' id='word_1_259' title='bbox 318 1665 343 1692; x_wconf 76' lang='grc' dir='ltr'>ἐν</span> <span class='ocrx_word' id='word_1_260' title='bbox 359 1667 433 1692; x_wconf 82' lang='grc' dir='ltr'>νυκτὶ.</span> <span class='ocrx_word' id='word_1_261' title='bbox 456 1663 485 1692; x_wconf 66' lang='grc' dir='ltr'>δὲ</span> <span class='ocrx_word' id='word_1_262' title='bbox 500 1664 550 1692; x_wconf 82' lang='grc' dir='ltr'>ἀπὸ</span> <span class='ocrx_word' id='word_1_263' title='bbox 565 1668 617 1694; x_wconf 80' lang='grc' dir='ltr'>τῆσ</span> <span class='ocrx_word' id='word_1_264' title='bbox 631 1664 754 1702; x_wconf 70' lang='grc' dir='ltr'>Ἄρκτου,</span> <span class='ocrx_word' id='word_1_265' title='bbox 782 1665 797 1693; x_wconf 81' lang='grc' dir='ltr'><strong><em>ἦ</em></strong></span> <span class='ocrx_word' id='word_1_266' title='bbox 822 1673 891 1695; x_wconf 83' lang='grc' dir='ltr'>τινος</span> 
     </span>
    </p>
   </div>
   <div class='ocr_carea' id='block_1_39' title="bbox 88 1707 892 1748">
    <p class='ocr_par' dir='ltr' id='par_1_39' title="bbox 88 1707 892 1748">
     <span class='ocr_line' id='line_1_39' title="bbox 88 1707 892 1748; baseline -0.002 -11"><span class='ocrx_word' id='word_1_267' title='bbox 88 1710 167 1737; x_wconf 78' lang='grc' dir='ltr'>ἄλλου</span> <span class='ocrx_word' id='word_1_268' title='bbox 195 1714 244 1737; x_wconf 84' lang='grc' dir='ltr'>τῶν</span> <span class='ocrx_word' id='word_1_269' title='bbox 271 1710 398 1746; x_wconf 72' lang='grc' dir='ltr'>ἀειφανῶν</span> <span class='ocrx_word' id='word_1_270' title='bbox 426 1708 551 1748; x_wconf 73' lang='grc' dir='ltr'>ἀστέρων·</span> <span class='ocrx_word' id='word_1_271' title='bbox 585 1711 630 1736; x_wconf 79' lang='grc' dir='ltr'>καὶ</span> <span class='ocrx_word' id='word_1_272' title='bbox 659 1710 762 1740; x_wconf 81' lang='grc' dir='ltr'>τούτοις</span> <span class='ocrx_word' id='word_1_273' title='bbox 787 1707 827 1736; x_wconf 79' lang='grc' dir='ltr'>ἀεὶ</span> <span class='ocrx_word' id='word_1_274' title='bbox 852 1718 892 1735; x_wconf 84' lang='grc' dir='ltr'>τε-</span> 
     </span>
    </p>
   </div>
   <div class='ocr_carea' id='block_1_40' title="bbox 88 1755 892 1794">
    <p class='ocr_par' dir='ltr' id='par_1_40' title="bbox 88 1755 892 1794">
     <span class='ocr_line' id='line_1_40' title="bbox 88 1755 892 1794; baseline -0.002 -13"><span class='ocrx_word' id='word_1_275' title='bbox 88 1755 249 1794; x_wconf 77' lang='grc' dir='ltr'>κμαίρεσθαι</span> <span class='ocrx_word' id='word_1_276' title='bbox 271 1757 315 1785; x_wconf 74' lang='grc' dir='ltr'>τὴν</span> <span class='ocrx_word' id='word_1_277' title='bbox 331 1755 468 1784; x_wconf 75' lang='grc' dir='ltr'>ιῦθύτητα.</span> <span class='ocrx_word' id='word_1_278' title='bbox 496 1757 547 1782; x_wconf 80' lang='grc' dir='ltr'>Καὶ</span> <span class='ocrx_word' id='word_1_279' title='bbox 572 1756 605 1782; x_wconf 87' lang='grc' dir='ltr'>σὺ</span> <span class='ocrx_word' id='word_1_280' title='bbox 625 1756 712 1781; x_wconf 84' lang='grc' dir='ltr'>τοίνυν</span> <span class='ocrx_word' id='word_1_281' title='bbox 725 1755 792 1792; x_wconf 85' lang='grc' dir='ltr'>πρὸς</span> <span class='ocrx_word' id='word_1_282' title='bbox 815 1755 892 1792; x_wconf 73' lang='grc' dir='ltr'>ούρα-</span> 
     </span>
    </p>
   </div>
   <div class='ocr_carea' id='block_1_41' title="bbox 88 1799 891 1837">
    <p class='ocr_par' dir='ltr' id='par_1_41' title="bbox 88 1799 891 1837">
     <span class='ocr_line' id='line_1_41' title="bbox 88 1799 891 1837; baseline -0.004 -10"><span class='ocrx_word' id='word_1_283' title='bbox 88 1803 132 1828; x_wconf 84' lang='grc' dir='ltr'>νὸν</span> <span class='ocrx_word' id='word_1_284' title='bbox 161 1801 209 1836; x_wconf 69' lang='grc' dir='ltr'>ἔχε</span> <span class='ocrx_word' id='word_1_285' title='bbox 231 1801 259 1826; x_wconf 78' lang='grc' dir='ltr'>τὸ</span> <span class='ocrx_word' id='word_1_286' title='bbox 288 1801 358 1837; x_wconf 80' lang='grc' dir='ltr'>ὄμμα</span> <span class='ocrx_word' id='word_1_287' title='bbox 385 1800 441 1836; x_wconf 82' lang='grc'>(63)</span> <span class='ocrx_word' id='word_1_288' title='bbox 469 1801 538 1826; x_wconf 84' lang='grc' dir='ltr'>κατά</span> <span class='ocrx_word' id='word_1_289' title='bbox 563 1801 606 1827; x_wconf 87' lang='grc' dir='ltr'>τὸν</span> <span class='ocrx_word' id='word_1_290' title='bbox 633 1799 747 1826; x_wconf 78' lang='grc' dir='ltr'>εἰπόντα·</span> <span class='ocrx_word' id='word_1_291' title='bbox 778 1800 846 1836; x_wconf 86' lang='grc' dir='ltr'>Πρὸς</span> <span class='ocrx_word' id='word_1_292' title='bbox 863 1799 891 1825; x_wconf 75' lang='grc' dir='ltr'><strong>σὶ</strong></span> 
     </span>
    </p>
   </div>
   <div class='ocr_carea' id='block_1_42' title="bbox 89 1843 891 1883">
    <p class='ocr_par' dir='ltr' id='par_1_42' title="bbox 89 1843 891 1883">
     <span class='ocr_line' id='line_1_42' title="bbox 89 1843 891 1883; baseline -0.001 -12"><span class='ocrx_word' id='word_1_293' title='bbox 89 1843 145 1883; x_wconf 70' lang='grc' dir='ltr'>ἤρα</span> <span class='ocrx_word' id='word_1_294' title='bbox 168 1846 227 1876; x_wconf 81' lang='grc' dir='ltr'>τοὺς</span> <span class='ocrx_word' id='word_1_295' title='bbox 253 1843 399 1881; x_wconf 79' lang='grc' dir='ltr'>ὀφθαλμούς</span> <span class='ocrx_word' id='word_1_296' title='bbox 428 1855 489 1882; x_wconf 84' lang='grc' dir='ltr'>μου,</span> <span class='ocrx_word' id='word_1_297' title='bbox 522 1845 565 1871; x_wconf 83' lang='grc' dir='ltr'>τὸν</span> <span class='ocrx_word' id='word_1_298' title='bbox 596 1848 767 1871; x_wconf 73' lang='grc' dir='ltr'>κατοικοῦντα</span> <span class='ocrx_word' id='word_1_299' title='bbox 798 1843 823 1870; x_wconf 67' lang='grc' dir='ltr'>ἐν</span> <span class='ocrx_word' id='word_1_300' title='bbox 855 1847 891 1879; x_wconf 86' lang='grc' dir='ltr'>τῷ</span> 
     </span>
    </p>
   </div>
   <div class='ocr_carea' id='block_1_43' title="bbox 91 1888 890 1927">
    <p class='ocr_par' dir='ltr' id='par_1_43' title="bbox 91 1888 890 1927">
     <span class='ocr_line' id='line_1_43' title="bbox 91 1888 890 1927; baseline -0.001 -11"><span class='ocrx_word' id='word_1_301' title='bbox 91 1890 202 1927; x_wconf 72' lang='grc' dir='ltr'>οὐρανῷ.</span> <span class='ocrx_word' id='word_1_302' title='bbox 230 1889 368 1916; x_wconf 80' lang='grc' dir='ltr'>Ἀπόϐλεπι</span> <span class='ocrx_word' id='word_1_303' title='bbox 388 1892 454 1927; x_wconf 82' lang='grc' dir='ltr'>πρὸς</span> <span class='ocrx_word' id='word_1_304' title='bbox 476 1891 519 1916; x_wconf 85' lang='grc' dir='ltr'>τὸν</span> <span class='ocrx_word' id='word_1_305' title='bbox 544 1889 615 1920; x_wconf 76' lang='grc' dir='ltr'>ἣλιον</span> <span class='ocrx_word' id='word_1_306' title='bbox 637 1894 684 1920; x_wconf 81' lang='grc' dir='ltr'>τῆν</span> <span class='ocrx_word' id='word_1_307' title='bbox 708 1888 890 1920; x_wconf 79' lang='grc' dir='ltr'>δικαιοσύνης·</span> 
     </span>
    </p>
   </div>
   <div class='ocr_carea' id='block_1_44' title="bbox 91 1933 893 1973">
    <p class='ocr_par' dir='ltr' id='par_1_44' title="bbox 91 1933 893 1973">
     <span class='ocr_line' id='line_1_44' title="bbox 91 1933 893 1973; baseline -0.001 -12"><span class='ocrx_word' id='word_1_308' title='bbox 91 1937 136 1962; x_wconf 80' lang='grc' dir='ltr'>καὶ</span> <span class='ocrx_word' id='word_1_309' title='bbox 149 1935 203 1961; x_wconf 83' lang='grc' dir='ltr'>οἷόν</span> <span class='ocrx_word' id='word_1_310' title='bbox 226 1944 296 1961; x_wconf 84' lang='grc' dir='ltr'>τισιν</span> <span class='ocrx_word' id='word_1_311' title='bbox 322 1936 431 1972; x_wconf 81' lang='grc' dir='ltr'>ἄστροις</span> <span class='ocrx_word' id='word_1_312' title='bbox 457 1937 608 1973; x_wconf 76' lang='grc' dir='ltr'>πιριφανέσι</span> <span class='ocrx_word' id='word_1_313' title='bbox 623 1935 679 1971; x_wconf 75' lang='grc'>(64)</span> <span class='ocrx_word' id='word_1_314' title='bbox 701 1938 757 1965; x_wconf 87' lang='grc' dir='ltr'>ταῖς</span> <span class='ocrx_word' id='word_1_315' title='bbox 780 1933 893 1965; x_wconf 70' lang='grc' dir='ltr'>ἐντολαῖς</span> 
     </span>
    </p>
   </div>
   <div class='ocr_carea' id='block_1_45' title="bbox 91 1979 892 2017">
    <p class='ocr_par' dir='ltr' id='par_1_45' title="bbox 91 1979 892 2017">
     <span class='ocr_line' id='line_1_45' title="bbox 91 1979 892 2017; baseline 0 -11"><span class='ocrx_word' id='word_1_316' title='bbox 91 1984 136 2006; x_wconf 80' lang='grc' dir='ltr'>τοῦ</span> <span class='ocrx_word' id='word_1_317' title='bbox 156 1982 254 2017; x_wconf 79' lang='grc' dir='ltr'>Κυρίου</span> <span class='ocrx_word' id='word_1_318' title='bbox 279 1981 506 2016; x_wconf 70' lang='grc' dir='ltr'>κατευθυνόμενος,</span> <span class='ocrx_word' id='word_1_319' title='bbox 528 1979 670 2017; x_wconf 75' lang='grc' dir='ltr'>ἀκοίμητον</span> <span class='ocrx_word' id='word_1_320' title='bbox 696 1981 742 2016; x_wconf 78' lang='grc' dir='ltr'>ἔχε</span> <span class='ocrx_word' id='word_1_321' title='bbox 759 1981 788 2006; x_wconf 85' lang='grc' dir='ltr'>τὸ</span> <span class='ocrx_word' id='word_1_322' title='bbox 810 1981 892 2017; x_wconf 78' lang='grc' dir='ltr'>ἅμμα,</span> 
     </span>
    </p>
   </div>
   <div class='ocr_carea' id='block_1_46' title="bbox 91 2023 893 2062">
    <p class='ocr_par' dir='ltr' id='par_1_46' title="bbox 91 2023 893 2062">
     <span class='ocr_line' id='line_1_46' title="bbox 91 2023 893 2062; baseline -0.001 -10"><span class='ocrx_word' id='word_1_323' title='bbox 91 2027 127 2061; x_wconf 76' lang='grc' dir='ltr'>μὴ</span> <span class='ocrx_word' id='word_1_324' title='bbox 143 2023 238 2057; x_wconf 73' lang='grc' dir='ltr'>διδοὺς</span> <span class='ocrx_word' id='word_1_325' title='bbox 252 2025 330 2052; x_wconf 78' lang='grc' dir='ltr'>ὕπνον</span> <span class='ocrx_word' id='word_1_326' title='bbox 349 2029 402 2056; x_wconf 83' lang='grc' dir='ltr'>τοῖς</span> <span class='ocrx_word' id='word_1_327' title='bbox 427 2024 568 2061; x_wconf 73' lang='grc' dir='ltr'>ὀφθαλμοῖς</span> <span class='ocrx_word' id='word_1_328' title='bbox 592 2035 650 2058; x_wconf 80' lang='grc' dir='ltr'>σου,</span> <span class='ocrx_word' id='word_1_329' title='bbox 673 2023 743 2062; x_wconf 71' lang='grc' dir='ltr'>μηδέ</span> <span class='ocrx_word' id='word_1_330' title='bbox 766 2029 819 2055; x_wconf 86' lang='grc' dir='ltr'>τοῖς</span> <span class='ocrx_word' id='word_1_331' title='bbox 835 2024 893 2061; x_wconf 82' lang='grc' dir='ltr'>βλε-</span> 
     </span>
    </p>
   </div>
   <div class='ocr_carea' id='block_1_47' title="bbox 93 2068 893 2108">
    <p class='ocr_par' dir='ltr' id='par_1_47' title="bbox 93 2068 893 2108">
     <span class='ocr_line' id='line_1_47' title="bbox 93 2068 893 2108; baseline 0 -12"><span class='ocrx_word' id='word_1_332' title='bbox 93 2070 182 2107; x_wconf 74' lang='grc' dir='ltr'>φάροις</span> <span class='ocrx_word' id='word_1_333' title='bbox 201 2079 248 2096; x_wconf 86' lang='grc' dir='ltr'>σου</span> <span class='ocrx_word' id='word_1_334' title='bbox 272 2071 432 2107; x_wconf 77' lang='grc' dir='ltr'>νυσταγμὸν,</span> <span class='ocrx_word' id='word_1_335' title='bbox 459 2070 489 2096; x_wconf 83' lang='grc' dir='ltr'>ἶν’</span> <span class='ocrx_word' id='word_1_336' title='bbox 516 2070 580 2106; x_wconf 76' lang='grc' dir='ltr'>ἔχῃς</span> <span class='ocrx_word' id='word_1_337' title='bbox 608 2068 705 2108; x_wconf 76' lang='grc' dir='ltr'>διαρκῆ</span> <span class='ocrx_word' id='word_1_338' title='bbox 730 2071 776 2099; x_wconf 79' lang='grc' dir='ltr'>τὴν</span> <span class='ocrx_word' id='word_1_339' title='bbox 800 2069 829 2096; x_wconf 75' lang='grc' dir='ltr'>ἐκ</span> <span class='ocrx_word' id='word_1_340' title='bbox 844 2074 893 2096; x_wconf 88' lang='grc' dir='ltr'>τῶν</span> 
     </span>
    </p>
   </div>
   <div class='ocr_carea' id='block_1_48' title="bbox 92 2112 893 2152">
    <p class='ocr_par' dir='ltr' id='par_1_48' title="bbox 92 2112 893 2152">
     <span class='ocr_line' id='line_1_48' title="bbox 92 2112 893 2152; baseline 0 -12"><span class='ocrx_word' id='word_1_341' title='bbox 92 2113 197 2140; x_wconf 72' lang='grc' dir='ltr'>ἰντολῶν</span> <span class='ocrx_word' id='word_1_342' title='bbox 216 2112 340 2150; x_wconf 80' lang='grc' dir='ltr'>ὁδηγίαν.</span> <span class='ocrx_word' id='word_1_343' title='bbox 365 2115 469 2151; x_wconf 78' lang='grc' dir='ltr'>Λύχνος</span> <span class='ocrx_word' id='word_1_344' title='bbox 491 2114 554 2152; x_wconf 85' lang='grc' dir='ltr'>γὰρ,</span> <span class='ocrx_word' id='word_1_345' title='bbox 579 2116 654 2150; x_wconf 77' lang='grc' dir='ltr'>φησὶ,</span> <span class='ocrx_word' id='word_1_346' title='bbox 678 2118 731 2144; x_wconf 86' lang='grc' dir='ltr'>τοῖς</span> <span class='ocrx_word' id='word_1_347' title='bbox 756 2116 820 2140; x_wconf 86' lang='grc' dir='ltr'>ποσί</span> <span class='ocrx_word' id='word_1_348' title='bbox 843 2123 893 2150; x_wconf 85' lang='grc' dir='ltr'>μου</span> 
     </span>
    </p>
   </div>
   <div class='ocr_carea' id='block_1_49' title="bbox 93 2158 893 2196">
    <p class='ocr_par' dir='ltr' id='par_1_49' title="bbox 93 2158 893 2196">
     <span class='ocr_line' id='line_1_49' title="bbox 93 2158 893 2196; baseline 0 -11"><span class='ocrx_word' id='word_1_349' title='bbox 93 2159 197 2195; x_wconf 80' lang='grc' dir='ltr'>όνὸμος</span> <span class='ocrx_word' id='word_1_350' title='bbox 222 2169 280 2193; x_wconf 85' lang='grc' dir='ltr'>σου,</span> <span class='ocrx_word' id='word_1_351' title='bbox 307 2160 353 2186; x_wconf 76' lang='grc' dir='ltr'>καὶ</span> <span class='ocrx_word' id='word_1_352' title='bbox 387 2163 439 2195; x_wconf 75' lang='grc' dir='ltr'>φῶς</span> <span class='ocrx_word' id='word_1_353' title='bbox 467 2163 524 2190; x_wconf 85' lang='grc' dir='ltr'>ταῖς</span> <span class='ocrx_word' id='word_1_354' title='bbox 550 2158 650 2196; x_wconf 78' lang='grc' dir='ltr'>τρίϐοις</span> <span class='ocrx_word' id='word_1_355' title='bbox 674 2169 735 2195; x_wconf 87' lang='grc' dir='ltr'>μου.</span> <span class='ocrx_word' id='word_1_356' title='bbox 757 2159 814 2185; x_wconf 82' lang='grc' dir='ltr'>Ἐὰν</span> <span class='ocrx_word' id='word_1_357' title='bbox 842 2159 893 2195; x_wconf 87' lang='grc' dir='ltr'>γὰρ</span> 
     </span>
    </p>
   </div>
   <div class='ocr_carea' id='block_1_50' title="bbox 92 2202 893 2241">
    <p class='ocr_par' dir='ltr' id='par_1_50' title="bbox 92 2202 893 2241">
     <span class='ocr_line' id='line_1_50' title="bbox 92 2202 893 2241; baseline 0 -11"><span class='ocrx_word' id='word_1_358' title='bbox 92 2203 225 2240; x_wconf 66' lang='grc' dir='ltr'>μηδέποτε</span> <span class='ocrx_word' id='word_1_359' title='bbox 240 2203 414 2241; x_wconf 73' lang='grc' dir='ltr'>ἕπινυστάξῃς</span> <span class='ocrx_word' id='word_1_360' title='bbox 435 2208 490 2235; x_wconf 87' lang='grc' dir='ltr'>τοῖς</span> <span class='ocrx_word' id='word_1_361' title='bbox 509 2203 601 2238; x_wconf 81' lang='grc' dir='ltr'>οἴαξιν,</span> <span class='ocrx_word' id='word_1_362' title='bbox 631 2204 677 2235; x_wconf 79' lang='grc' dir='ltr'>ἕως</span> <span class='ocrx_word' id='word_1_363' title='bbox 696 2202 721 2231; x_wconf 83' lang='grc' dir='ltr'>εἷ</span> <span class='ocrx_word' id='word_1_364' title='bbox 740 2203 764 2230; x_wconf 77' lang='grc' dir='ltr'>ἐν</span> <span class='ocrx_word' id='word_1_365' title='bbox 787 2208 822 2240; x_wconf 86' lang='grc' dir='ltr'>τῷ</span> <span class='ocrx_word' id='word_1_366' title='bbox 842 2203 893 2240; x_wconf 86' lang='grc' dir='ltr'>βίῳ</span> 
     </span>
    </p>
   </div>
   <div class='ocr_carea' id='block_1_51' title="bbox 91 2247 894 2286">
    <p class='ocr_par' dir='ltr' id='par_1_51' title="bbox 91 2247 894 2286">
     <span class='ocr_line' id='line_1_51' title="bbox 91 2247 894 2286; baseline 0.001 -12"><span class='ocrx_word' id='word_1_367' title='bbox 91 2249 186 2284; x_wconf 77' lang='grc' dir='ltr'>τούτῳ,</span> <span class='ocrx_word' id='word_1_368' title='bbox 203 2247 228 2274; x_wconf 71' lang='lat' dir='ltr'>&#39;n</span> <span class='ocrx_word' id='word_1_369' title='bbox 242 2252 272 2285; x_wconf 73' lang='grc' dir='ltr'>τῇ</span> <span class='ocrx_word' id='word_1_370' title='bbox 290 2247 394 2285; x_wconf 76' lang='grc' dir='ltr'>ἀστάτῳ</span> <span class='ocrx_word' id='word_1_371' title='bbox 409 2250 484 2284; x_wconf 74' lang='grc' dir='ltr'>φύσει</span> <span class='ocrx_word' id='word_1_372' title='bbox 504 2252 554 2275; x_wconf 86' lang='grc' dir='ltr'>τῶν</span> <span class='ocrx_word' id='word_1_373' title='bbox 578 2251 624 2275; x_wconf 84' lang='grc' dir='ltr'>τοῦ</span> <span class='ocrx_word' id='word_1_374' title='bbox 648 2250 748 2285; x_wconf 85' lang='grc' dir='ltr'>κόσμου</span> <span class='ocrx_word' id='word_1_375' title='bbox 770 2249 894 2286; x_wconf 81' lang='grc' dir='ltr'>πραγμά-</span> 
     </span>
    </p>
   </div>
   <div class='ocr_carea' id='block_1_52' title="bbox 92 2294 893 2332">
    <p class='ocr_par' dir='ltr' id='par_1_52' title="bbox 92 2294 893 2332">
     <span class='ocr_line' id='line_1_52' title="bbox 92 2294 893 2332; baseline 0.004 -13"><span class='ocrx_word' id='word_1_376' title='bbox 92 2302 154 2330; x_wconf 80' lang='grc' dir='ltr'>των,</span> <span class='ocrx_word' id='word_1_377' title='bbox 181 2296 227 2320; x_wconf 77' lang='grc' dir='ltr'>καὶ</span> <span class='ocrx_word' id='word_1_378' title='bbox 249 2296 297 2324; x_wconf 74' lang='grc' dir='ltr'>τὴν</span> <span class='ocrx_word' id='word_1_379' title='bbox 321 2295 394 2332; x_wconf 80' lang='grc' dir='ltr'>παρὰ</span> <span class='ocrx_word' id='word_1_380' title='bbox 416 2298 462 2321; x_wconf 84' lang='grc' dir='ltr'>τοῦ</span> <span class='ocrx_word' id='word_1_381' title='bbox 487 2295 635 2331; x_wconf 74' lang='grc' dir='ltr'>Πνεύματος</span> <span class='ocrx_word' id='word_1_382' title='bbox 663 2297 812 2332; x_wconf 83' lang='grc' dir='ltr'>συνέργειαν</span> <span class='ocrx_word' id='word_1_383' title='bbox 837 2294 893 2331; x_wconf 70' lang='lat'>(65)</span> 
     </span>
    </p>
   </div>
   <div class='ocr_carea' id='block_1_53' title="bbox 948 227 1777 272">
    <p class='ocr_par' dir='ltr' id='par_1_53' title="bbox 948 227 1777 272">
     <span class='ocr_line' id='line_1_53' title="bbox 948 227 1777 272; baseline 0.011 -17"><span class='ocrx_word' id='word_1_384' title='bbox 948 227 1008 255; x_wconf 91' lang='lat' dir='ltr'>bile</span> <span class='ocrx_word' id='word_1_385' title='bbox 1022 228 1252 265; x_wconf 80' lang='lat' dir='ltr'>spectaculum:</span> <span class='ocrx_word' id='word_1_386' title='bbox 1275 230 1407 267; x_wconf 83' lang='lat' dir='ltr'>aliquem</span> <span class='ocrx_word' id='word_1_387' title='bbox 1435 235 1504 268; x_wconf 86' lang='lat' dir='ltr'>post</span> <span class='ocrx_word' id='word_1_388' title='bbox 1523 233 1682 269; x_wconf 87' lang='lat' dir='ltr'>jejunium,</span> <span class='ocrx_word' id='word_1_389' title='bbox 1708 238 1777 272; x_wconf 89' lang='lat' dir='ltr'>post</span> 
     </span>
    </p>
   </div>
   <div class='ocr_carea' id='block_1_54' title="bbox 949 272 1777 316">
    <p class='ocr_par' dir='ltr' id='par_1_54' title="bbox 949 272 1777 316">
     <span class='ocr_line' id='line_1_54' title="bbox 949 272 1777 316; baseline 0.011 -16"><span class='ocrx_word' id='word_1_390' title='bbox 949 272 1059 301; x_wconf 89' lang='lat' dir='ltr'>durum</span> <span class='ocrx_word' id='word_1_391' title='bbox 1084 274 1150 302; x_wconf 63' lang='lat' dir='ltr'>vitae</span> <span class='ocrx_word' id='word_1_392' title='bbox 1178 282 1286 309; x_wconf 86' lang='lat' dir='ltr'>genus,</span> <span class='ocrx_word' id='word_1_393' title='bbox 1312 278 1378 310; x_wconf 89' lang='lat' dir='ltr'>post</span> <span class='ocrx_word' id='word_1_394' title='bbox 1403 277 1535 312; x_wconf 78' lang='lat' dir='ltr'>prolixae</span> <span class='ocrx_word' id='word_1_395' title='bbox 1564 287 1678 314; x_wconf 84' lang='lat' dir='ltr'>preces,</span> <span class='ocrx_word' id='word_1_396' title='bbox 1706 282 1777 316; x_wconf 86' lang='lat' dir='ltr'>post</span> 
     </span>
    </p>
   </div>
   <div class='ocr_carea' id='block_1_55' title="bbox 949 317 1775 356">
    <p class='ocr_par' dir='ltr' id='par_1_55' title="bbox 949 317 1775 356">
     <span class='ocr_line' id='line_1_55' title="bbox 949 317 1775 356; baseline 0.01 -11"><span class='ocrx_word' id='word_1_397' title='bbox 949 317 1101 354; x_wconf 83' lang='lat' dir='ltr'>lacrymas</span> <span class='ocrx_word' id='word_1_398' title='bbox 1113 318 1196 354; x_wconf 82' lang='lat' dir='ltr'>large</span> <span class='ocrx_word' id='word_1_399' title='bbox 1210 320 1362 356; x_wconf 84' lang='lat' dir='ltr'>profusas,</span> <span class='ocrx_word' id='word_1_400' title='bbox 1374 323 1444 356; x_wconf 90' lang='lat' dir='ltr'>post</span> <span class='ocrx_word' id='word_1_401' title='bbox 1456 323 1671 353; x_wconf 70' lang='lat' dir='ltr'>continentiam</span> <span class='ocrx_word' id='word_1_402' title='bbox 1682 333 1775 352; x_wconf 87' lang='lat' dir='ltr'>anno-</span> 
     </span>
    </p>
   </div>
   <div class='ocr_carea' id='block_1_56' title="bbox 948 363 1776 404">
    <p class='ocr_par' dir='ltr' id='par_1_56' title="bbox 948 363 1776 404">
     <span class='ocr_line' id='line_1_56' title="bbox 948 363 1776 404; baseline 0.01 -14"><span class='ocrx_word' id='word_1_403' title='bbox 948 370 1016 390; x_wconf 88' lang='lat' dir='ltr'>rum</span> <span class='ocrx_word' id='word_1_404' title='bbox 1031 363 1145 399; x_wconf 78' lang='lat' dir='ltr'>viginti,</span> <span class='ocrx_word' id='word_1_405' title='bbox 1163 367 1213 392; x_wconf 90' lang='lat' dir='ltr'>aut</span> <span class='ocrx_word' id='word_1_406' title='bbox 1237 365 1311 392; x_wconf 83' lang='lat' dir='ltr'>forte</span> <span class='ocrx_word' id='word_1_407' title='bbox 1340 365 1460 400; x_wconf 81' lang='lat' dir='ltr'>triginta</span> <span class='ocrx_word' id='word_1_408' title='bbox 1483 367 1585 402; x_wconf 85' lang='lat' dir='ltr'>etiam,</span> <span class='ocrx_word' id='word_1_409' title='bbox 1606 376 1660 404; x_wconf 88' lang='lat' dir='ltr'>per</span> <span class='ocrx_word' id='word_1_410' title='bbox 1681 369 1776 397; x_wconf 88' lang='lat' dir='ltr'>animi</span> 
     </span>
    </p>
   </div>
   <div class='ocr_carea' id='block_1_57' title="bbox 948 408 1774 450">
    <p class='ocr_par' dir='ltr' id='par_1_57' title="bbox 948 408 1774 450">
     <span class='ocr_line' id='line_1_57' title="bbox 948 408 1774 450; baseline 0.008 -15"><span class='ocrx_word' id='word_1_411' title='bbox 948 408 1234 436; x_wconf 75' lang='lat' dir='ltr'>inconsiderantiam</span> <span class='ocrx_word' id='word_1_412' title='bbox 1244 417 1279 437; x_wconf 89' lang='lat' dir='ltr'>ac</span> <span class='ocrx_word' id='word_1_413' title='bbox 1289 409 1567 444; x_wconf 85' lang='lat' dir='ltr'>incuriam,nudum</span> <span class='ocrx_word' id='word_1_414' title='bbox 1576 415 1603 441; x_wconf 88' lang='lat' dir='ltr'>et</span> <span class='ocrx_word' id='word_1_415' title='bbox 1611 414 1774 450; x_wconf 83' lang='lat' dir='ltr'>spoliatum</span> 
     </span>
    </p>
   </div>
   <div class='ocr_carea' id='block_1_58' title="bbox 948 452 1773 494">
    <p class='ocr_par' dir='ltr' id='par_1_58' title="bbox 948 452 1773 494">
     <span class='ocr_line' id='line_1_58' title="bbox 948 452 1773 494; baseline 0.01 -15"><span class='ocrx_word' id='word_1_416' title='bbox 948 452 1091 480; x_wconf 84' lang='lat' dir='ltr'>omnibus</span> <span class='ocrx_word' id='word_1_417' title='bbox 1104 453 1270 481; x_wconf 75' lang='lat' dir='ltr'>inveniri&quot;.</span> <span class='ocrx_word' id='word_1_418' title='bbox 1294 456 1375 488; x_wconf 83' lang='lat' dir='ltr'>Item,</span> <span class='ocrx_word' id='word_1_419' title='bbox 1392 463 1472 487; x_wconf 85' lang='lat' dir='ltr'>eum,</span> <span class='ocrx_word' id='word_1_420' title='bbox 1485 456 1536 492; x_wconf 89' lang='lat' dir='ltr'>qui</span> <span class='ocrx_word' id='word_1_421' title='bbox 1554 461 1773 494; x_wconf 60' lang='lat' dir='ltr'>prwceptorum</span> 
     </span>
    </p>
   </div>
   <div class='ocr_carea' id='block_1_59' title="bbox 948 498 1775 539">
    <p class='ocr_par' dir='ltr' id='par_1_59' title="bbox 948 498 1775 539">
     <span class='ocr_line' id='line_1_59' title="bbox 948 498 1775 539; baseline 0.011 -15"><span class='ocrx_word' id='word_1_422' title='bbox 948 500 1064 533; x_wconf 67' lang='lat' dir='ltr'>quaestu</span> <span class='ocrx_word' id='word_1_423' title='bbox 1087 498 1248 534; x_wconf 88' lang='lat' dir='ltr'>opulentus</span> <span class='ocrx_word' id='word_1_424' title='bbox 1266 501 1321 532; x_wconf 88' lang='lat' dir='ltr'>est,</span> <span class='ocrx_word' id='word_1_425' title='bbox 1343 500 1530 529; x_wconf 79' lang='lat' dir='ltr'>consimilem</span> <span class='ocrx_word' id='word_1_426' title='bbox 1544 502 1608 530; x_wconf 84' lang='lat' dir='ltr'>ﬁeri</span> <span class='ocrx_word' id='word_1_427' title='bbox 1629 504 1775 539; x_wconf 66' lang='lat' dir='ltr'>prtediviti</span> 
     </span>
    </p>
   </div>
   <div class='ocr_carea' id='block_1_60' title="bbox 948 542 1774 585">
    <p class='ocr_par' dir='ltr' id='par_1_60' title="bbox 948 542 1774 585">
     <span class='ocr_line' id='line_1_60' title="bbox 948 542 1774 585; baseline 0.01 -16"><span class='ocrx_word' id='word_1_428' title='bbox 948 542 1080 578; x_wconf 87' lang='lat' dir='ltr'>cuipiam</span> <span class='ocrx_word' id='word_1_429' title='bbox 1095 544 1325 580; x_wconf 88' lang='lat' dir='ltr'>mercatori,qui</span> <span class='ocrx_word' id='word_1_430' title='bbox 1335 544 1375 573; x_wconf 91' lang='lat' dir='ltr'>ob</span> <span class='ocrx_word' id='word_1_431' title='bbox 1390 545 1510 581; x_wconf 87' lang='lat' dir='ltr'>copiam</span> <span class='ocrx_word' id='word_1_432' title='bbox 1521 547 1667 575; x_wconf 87' lang='lat' dir='ltr'>mercium</span> <span class='ocrx_word' id='word_1_433' title='bbox 1677 548 1774 585; x_wconf 68' lang='lat' dir='ltr'>laetus,</span> 
     </span>
    </p>
   </div>
   <div class='ocr_carea' id='block_1_61' title="bbox 948 586 1775 624">
    <p class='ocr_par' dir='ltr' id='par_1_61' title="bbox 948 586 1775 624">
     <span class='ocr_line' id='line_1_61' title="bbox 948 586 1775 624; baseline 0.01 -11"><span class='ocrx_word' id='word_1_434' title='bbox 948 586 1083 615; x_wconf 89' lang='lat' dir='ltr'>secundo</span> <span class='ocrx_word' id='word_1_435' title='bbox 1104 590 1193 616; x_wconf 90' lang='lat' dir='ltr'>vento</span> <span class='ocrx_word' id='word_1_436' title='bbox 1209 589 1372 623; x_wconf 82' lang='lat' dir='ltr'>navigante</span> <span class='ocrx_word' id='word_1_437' title='bbox 1396 597 1485 624; x_wconf 87' lang='lat' dir='ltr'>nave,</span> <span class='ocrx_word' id='word_1_438' title='bbox 1511 591 1662 620; x_wconf 84' lang='lat' dir='ltr'>horrenda</span> <span class='ocrx_word' id='word_1_439' title='bbox 1677 594 1775 622; x_wconf 88' lang='lat' dir='ltr'>maria</span> 
     </span>
    </p>
   </div>
   <div class='ocr_carea' id='block_1_62' title="bbox 948 632 1775 671">
    <p class='ocr_par' dir='ltr' id='par_1_62' title="bbox 948 632 1775 671">
     <span class='ocr_line' id='line_1_62' title="bbox 948 632 1775 671; baseline 0.008 -12"><span class='ocrx_word' id='word_1_440' title='bbox 948 639 1101 665; x_wconf 87' lang='lat' dir='ltr'>emensus,</span> <span class='ocrx_word' id='word_1_441' title='bbox 1117 632 1254 661; x_wconf 67' lang='lat' dir='ltr'>diffracto</span> <span class='ocrx_word' id='word_1_442' title='bbox 1270 633 1309 661; x_wconf 88' lang='lat' dir='ltr'>ad</span> <span class='ocrx_word' id='word_1_443' title='bbox 1321 633 1403 670; x_wconf 90' lang='lat' dir='ltr'>ipsos</span> <span class='ocrx_word' id='word_1_444' title='bbox 1418 637 1523 671; x_wconf 75' lang='lat' dir='ltr'>portus</span> <span class='ocrx_word' id='word_1_445' title='bbox 1544 636 1673 671; x_wconf 79' lang='lat' dir='ltr'>navigio,</span> <span class='ocrx_word' id='word_1_446' title='bbox 1692 637 1775 666; x_wconf 89' lang='lat' dir='ltr'>dere-</span> 
     </span>
    </p>
   </div>
   <div class='ocr_carea' id='block_1_63' title="bbox 947 676 1774 717">
    <p class='ocr_par' dir='ltr' id='par_1_63' title="bbox 947 676 1774 717">
     <span class='ocr_line' id='line_1_63' title="bbox 947 676 1774 717; baseline 0.01 -14"><span class='ocrx_word' id='word_1_447' title='bbox 947 679 1037 713; x_wconf 90' lang='lat' dir='ltr'>pente</span> <span class='ocrx_word' id='word_1_448' title='bbox 1050 676 1154 705; x_wconf 83' lang='lat' dir='ltr'>fuisset</span> <span class='ocrx_word' id='word_1_449' title='bbox 1176 678 1309 706; x_wconf 80' lang='lat' dir='ltr'>nudatus</span> <span class='ocrx_word' id='word_1_450' title='bbox 1324 679 1466 707; x_wconf 90' lang='lat' dir='ltr'>omnibus</span> <span class='ocrx_word' id='word_1_451' title='bbox 1479 688 1486 706; x_wconf 86' lang='lat'><strong>:</strong></span> <span class='ocrx_word' id='word_1_452' title='bbox 1513 680 1664 717; x_wconf 83' lang='lat' dir='ltr'>siquidem</span> <span class='ocrx_word' id='word_1_453' title='bbox 1678 684 1706 710; x_wconf 90' lang='lat' dir='ltr'>et</span> <span class='ocrx_word' id='word_1_454' title='bbox 1720 683 1774 712; x_wconf 87' lang='lat' dir='ltr'>iste</span> 
     </span>
    </p>
   </div>
   <div class='ocr_carea' id='block_1_64' title="bbox 947 720 1773 759">
    <p class='ocr_par' dir='ltr' id='par_1_64' title="bbox 947 720 1773 759">
     <span class='ocr_line' id='line_1_64' title="bbox 947 720 1773 759; baseline 0.008 -11"><span class='ocrx_word' id='word_1_455' title='bbox 947 720 1103 749; x_wconf 82' lang='lat' dir='ltr'>laboribus</span> <span class='ocrx_word' id='word_1_456' title='bbox 1114 729 1149 750; x_wconf 88' lang='lat' dir='ltr'>ac</span> <span class='ocrx_word' id='word_1_457' title='bbox 1160 722 1323 750; x_wconf 85' lang='lat' dir='ltr'>sudoribus</span> <span class='ocrx_word' id='word_1_458' title='bbox 1335 725 1421 759; x_wconf 88' lang='lat' dir='ltr'>parta</span> <span class='ocrx_word' id='word_1_459' title='bbox 1432 723 1514 752; x_wconf 89' lang='lat' dir='ltr'>bona</span> <span class='ocrx_word' id='word_1_460' title='bbox 1528 726 1617 753; x_wconf 89' lang='lat' dir='ltr'>unico</span> <span class='ocrx_word' id='word_1_461' title='bbox 1627 725 1773 756; x_wconf 75' lang='lat' dir='ltr'>daemonis</span> 
     </span>
    </p>
   </div>
   <div class='ocr_carea' id='block_1_65' title="bbox 948 766 1774 808">
    <p class='ocr_par' dir='ltr' id='par_1_65' title="bbox 948 766 1774 808">
     <span class='ocr_line' id='line_1_65' title="bbox 948 766 1774 808; baseline 0.007 -13"><span class='ocrx_word' id='word_1_462' title='bbox 948 766 1334 804; x_wconf 82' lang='lat' dir='ltr'>assultuperdidit,peccalo</span> <span class='ocrx_word' id='word_1_463' title='bbox 1345 770 1491 805; x_wconf 86' lang='lat' dir='ltr'>tanquam</span> <span class='ocrx_word' id='word_1_464' title='bbox 1502 769 1629 802; x_wconf 85' lang='lat' dir='ltr'>immani</span> <span class='ocrx_word' id='word_1_465' title='bbox 1639 772 1774 808; x_wconf 86' lang='lat' dir='ltr'>quadam</span> 
     </span>
    </p>
   </div>
   <div class='ocr_carea' id='block_1_66' title="bbox 948 811 1774 851">
    <p class='ocr_par' dir='ltr' id='par_1_66' title="bbox 948 811 1774 851">
     <span class='ocr_line' id='line_1_66' title="bbox 948 811 1774 851; baseline 0.008 -13"><span class='ocrx_word' id='word_1_466' title='bbox 948 811 1079 848; x_wconf 80' lang='lat' dir='ltr'>procella</span> <span class='ocrx_word' id='word_1_467' title='bbox 1092 812 1457 840; x_wconf 87' lang='lat' dir='ltr'>immersus.Conveniens</span> <span class='ocrx_word' id='word_1_468' title='bbox 1472 821 1529 842; x_wconf 82' lang='lat' dir='ltr'>vox</span> <span class='ocrx_word' id='word_1_469' title='bbox 1544 815 1571 842; x_wconf 88' lang='lat' dir='ltr'>ei</span> <span class='ocrx_word' id='word_1_470' title='bbox 1585 816 1637 851; x_wconf 85' lang='lat' dir='ltr'>qui</span> <span class='ocrx_word' id='word_1_471' title='bbox 1650 823 1774 846; x_wconf 91' lang='lat' dir='ltr'>omnem</span> 
     </span>
    </p>
   </div>
   <div class='ocr_carea' id='block_1_67' title="bbox 949 855 1774 893">
    <p class='ocr_par' dir='ltr' id='par_1_67' title="bbox 949 855 1774 893">
     <span class='ocr_line' id='line_1_67' title="bbox 949 855 1774 893; baseline 0.008 -10"><span class='ocrx_word' id='word_1_472' title='bbox 949 855 1038 884; x_wconf 88' lang='lat' dir='ltr'>simul</span> <span class='ocrx_word' id='word_1_473' title='bbox 1055 856 1193 884; x_wconf 81' lang='lat' dir='ltr'>virtutem</span> <span class='ocrx_word' id='word_1_474' title='bbox 1214 857 1373 893; x_wconf 84' lang='lat' dir='ltr'>naufragio</span> <span class='ocrx_word' id='word_1_475' title='bbox 1389 857 1506 886; x_wconf 85' lang='lat' dir='ltr'>amisit:</span> <span class='ocrx_word' id='word_1_476' title='bbox 1537 859 1610 888; x_wconf 85' lang='lat' dir='ltr'>Veni</span> <span class='ocrx_word' id='word_1_477' title='bbox 1624 860 1655 888; x_wconf 85' lang='lat' dir='ltr'>in</span> <span class='ocrx_word' id='word_1_478' title='bbox 1668 862 1774 889; x_wconf 77' lang='lat' dir='ltr'>altitu-</span> 
     </span>
    </p>
   </div>
   <div class='ocr_carea' id='block_1_68' title="bbox 947 900 1638 937">
    <p class='ocr_par' dir='ltr' id='par_1_68' title="bbox 947 900 1638 937">
     <span class='ocr_line' id='line_1_68' title="bbox 947 900 1638 937; baseline 0.006 -9"><span class='ocrx_word' id='word_1_479' title='bbox 947 900 1046 929; x_wconf 85' lang='lat' dir='ltr'>dinem</span> <span class='ocrx_word' id='word_1_480' title='bbox 1061 902 1165 937; x_wconf 81' lang='lat' dir='ltr'>marz&#39;s,</span> <span class='ocrx_word' id='word_1_481' title='bbox 1177 904 1205 929; x_wconf 78' lang='lat' dir='ltr'>et</span> <span class='ocrx_word' id='word_1_482' title='bbox 1220 904 1377 936; x_wconf 81' lang='lat' dir='ltr'>tempestas</span> <span class='ocrx_word' id='word_1_483' title='bbox 1392 903 1530 931; x_wconf 78' lang='lat' dir='ltr'>demersit</span> <span class='ocrx_word' id='word_1_484' title='bbox 1545 912 1591 932; x_wconf 88' lang='lat' dir='ltr'>me</span> <span class='ocrx_word' id='word_1_485' title='bbox 1604 905 1638 932; x_wconf 78' lang='grc'>⁷⁸.</span> 
     </span>
    </p>
   </div>
   <div class='ocr_carea' id='block_1_69' title="bbox 984 946 1773 985">
    <p class='ocr_par' dir='ltr' id='par_1_69' title="bbox 984 946 1773 985">
     <span class='ocr_line' id='line_1_69' title="bbox 984 946 1773 985; baseline 0.009 -12"><span class='ocrx_word' id='word_1_486' title='bbox 984 949 1026 974; x_wconf 82' lang='grc'>17.</span> <span class='ocrx_word' id='word_1_487' title='bbox 1042 947 1119 974; x_wconf 85' lang='lat' dir='ltr'>Tene</span> <span class='ocrx_word' id='word_1_488' title='bbox 1133 946 1223 982; x_wconf 80' lang='lat' dir='ltr'>igitur</span> <span class='ocrx_word' id='word_1_489' title='bbox 1237 955 1328 983; x_wconf 86' lang='lat' dir='ltr'>quam</span> <span class='ocrx_word' id='word_1_490' title='bbox 1353 946 1510 983; x_wconf 84' lang='lat' dir='ltr'>diligenter</span> <span class='ocrx_word' id='word_1_491' title='bbox 1533 949 1601 977; x_wconf 69' lang='lat' dir='ltr'>vita:</span> <span class='ocrx_word' id='word_1_492' title='bbox 1624 951 1773 985; x_wconf 83' lang='lat' dir='ltr'>guberna-</span> 
     </span>
    </p>
   </div>
   <div class='ocr_carea' id='block_1_70' title="bbox 946 990 1775 1033">
    <p class='ocr_par' dir='ltr' id='par_1_70' title="bbox 946 990 1775 1033">
     <span class='ocr_line' id='line_1_70' title="bbox 946 990 1775 1033; baseline 0.007 -15"><span class='ocrx_word' id='word_1_493' title='bbox 946 990 1025 1025; x_wconf 87' lang='lat' dir='ltr'>cula;</span> <span class='ocrx_word' id='word_1_494' title='bbox 1036 991 1172 1026; x_wconf 82' lang='lat' dir='ltr'>guberna</span> <span class='ocrx_word' id='word_1_495' title='bbox 1186 991 1307 1019; x_wconf 89' lang='lat' dir='ltr'>oculum</span> <span class='ocrx_word' id='word_1_496' title='bbox 1319 994 1414 1027; x_wconf 91' lang='lat' dir='ltr'>tuum,</span> <span class='ocrx_word' id='word_1_497' title='bbox 1429 1001 1465 1020; x_wconf 92' lang='lat' dir='ltr'>ne</span> <span class='ocrx_word' id='word_1_498' title='bbox 1479 994 1604 1030; x_wconf 82' lang='lat' dir='ltr'>quando</span> <span class='ocrx_word' id='word_1_499' title='bbox 1615 995 1667 1023; x_wconf 83' lang='lat' dir='ltr'>tibi</span> <span class='ocrx_word' id='word_1_500' title='bbox 1680 995 1775 1033; x_wconf 89' lang='lat' dir='ltr'>impe-</span> 
     </span>
    </p>
   </div>
   <div class='ocr_carea' id='block_1_71' title="bbox 946 1035 1774 1074">
    <p class='ocr_par' dir='ltr' id='par_1_71' title="bbox 946 1035 1774 1074">
     <span class='ocr_line' id='line_1_71' title="bbox 946 1035 1774 1074; baseline 0.007 -11"><span class='ocrx_word' id='word_1_501' title='bbox 946 1037 1052 1064; x_wconf 89' lang='lat' dir='ltr'>tuosus</span> <span class='ocrx_word' id='word_1_502' title='bbox 1073 1035 1206 1064; x_wconf 86' lang='lat' dir='ltr'>libidinis</span> <span class='ocrx_word' id='word_1_503' title='bbox 1221 1035 1331 1064; x_wconf 89' lang='lat' dir='ltr'>ﬂuctus</span> <span class='ocrx_word' id='word_1_504' title='bbox 1352 1045 1406 1074; x_wconf 87' lang='lat' dir='ltr'>pcr</span> <span class='ocrx_word' id='word_1_505' title='bbox 1421 1037 1525 1065; x_wconf 90' lang='lat' dir='ltr'>oculos</span> <span class='ocrx_word' id='word_1_506' title='bbox 1546 1038 1704 1074; x_wconf 88' lang='lat' dir='ltr'>illabatur;</span> <span class='ocrx_word' id='word_1_507' title='bbox 1722 1049 1774 1070; x_wconf 88' lang='lat' dir='ltr'>au-</span> 
     </span>
    </p>
   </div>
   <div class='ocr_carea' id='block_1_72' title="bbox 945 1080 1774 1121">
    <p class='ocr_par' dir='ltr' id='par_1_72' title="bbox 945 1080 1774 1121">
     <span class='ocr_line' id='line_1_72' title="bbox 945 1080 1774 1121; baseline 0.006 -13"><span class='ocrx_word' id='word_1_508' title='bbox 945 1088 1020 1114; x_wconf 86' lang='lat' dir='ltr'>rem,</span> <span class='ocrx_word' id='word_1_509' title='bbox 1031 1080 1178 1116; x_wconf 87' lang='lat' dir='ltr'>linguam,</span> <span class='ocrx_word' id='word_1_510' title='bbox 1195 1089 1232 1109; x_wconf 92' lang='lat' dir='ltr'>ne</span> <span class='ocrx_word' id='word_1_511' title='bbox 1247 1081 1320 1118; x_wconf 89' lang='lat' dir='ltr'>quid</span> <span class='ocrx_word' id='word_1_512' title='bbox 1336 1082 1466 1118; x_wconf 82' lang='lat' dir='ltr'>excipiat</span> <span class='ocrx_word' id='word_1_513' title='bbox 1475 1083 1567 1119; x_wconf 81' lang='lat' dir='ltr'>noxii,</span> <span class='ocrx_word' id='word_1_514' title='bbox 1582 1092 1619 1112; x_wconf 89' lang='lat' dir='ltr'>ne</span> <span class='ocrx_word' id='word_1_515' title='bbox 1635 1085 1711 1121; x_wconf 89' lang='lat' dir='ltr'>quid</span> <span class='ocrx_word' id='word_1_516' title='bbox 1725 1093 1774 1114; x_wconf 87' lang='lat' dir='ltr'>eo-</span> 
     </span>
    </p>
   </div>
   <div class='ocr_carea' id='block_1_73' title="bbox 945 1125 1773 1163">
    <p class='ocr_par' dir='ltr' id='par_1_73' title="bbox 945 1125 1773 1163">
     <span class='ocr_line' id='line_1_73' title="bbox 945 1125 1773 1163; baseline 0.007 -11"><span class='ocrx_word' id='word_1_517' title='bbox 945 1133 1014 1153; x_wconf 88' lang='lat' dir='ltr'>rum</span> <span class='ocrx_word' id='word_1_518' title='bbox 1029 1133 1097 1162; x_wconf 76' lang='lat' dir='ltr'>qum</span> <span class='ocrx_word' id='word_1_519' title='bbox 1112 1126 1203 1154; x_wconf 87' lang='lat' dir='ltr'>vetita</span> <span class='ocrx_word' id='word_1_520' title='bbox 1217 1128 1287 1154; x_wconf 89' lang='lat' dir='ltr'>sunt</span> <span class='ocrx_word' id='word_1_521' title='bbox 1300 1125 1452 1163; x_wconf 86' lang='lat' dir='ltr'>loquatur.</span> <span class='ocrx_word' id='word_1_522' title='bbox 1466 1128 1544 1156; x_wconf 84' lang='lat' dir='ltr'>Cave</span> <span class='ocrx_word' id='word_1_523' title='bbox 1559 1131 1674 1157; x_wconf 88' lang='lat' dir='ltr'>evertat</span> <span class='ocrx_word' id='word_1_524' title='bbox 1686 1131 1712 1157; x_wconf 90' lang='lat' dir='ltr'>te</span> <span class='ocrx_word' id='word_1_525' title='bbox 1723 1129 1773 1158; x_wconf 76' lang='lat' dir='ltr'>ires</span> 
     </span>
    </p>
   </div>
   <div class='ocr_carea' id='block_1_74' title="bbox 946 1170 1774 1208">
    <p class='ocr_par' dir='ltr' id='par_1_74' title="bbox 946 1170 1774 1208">
     <span class='ocr_line' id='line_1_74' title="bbox 946 1170 1774 1208; baseline 0.007 -11"><span class='ocrx_word' id='word_1_526' title='bbox 946 1172 1057 1204; x_wconf 75' lang='lat' dir='ltr'>aestus;</span> <span class='ocrx_word' id='word_1_527' title='bbox 1073 1178 1146 1198; x_wconf 86' lang='lat' dir='ltr'>cave</span> <span class='ocrx_word' id='word_1_528' title='bbox 1170 1170 1302 1199; x_wconf 84' lang='lat' dir='ltr'>obruant</span> <span class='ocrx_word' id='word_1_529' title='bbox 1322 1173 1349 1198; x_wconf 90' lang='lat' dir='ltr'>te</span> <span class='ocrx_word' id='word_1_530' title='bbox 1373 1171 1450 1199; x_wconf 87' lang='lat' dir='ltr'>ictus</span> <span class='ocrx_word' id='word_1_531' title='bbox 1465 1171 1682 1208; x_wconf 85' lang='lat' dir='ltr'>formidinum;</span> <span class='ocrx_word' id='word_1_532' title='bbox 1702 1182 1774 1203; x_wconf 83' lang='lat' dir='ltr'>cave</span> 
     </span>
    </p>
   </div>
   <div class='ocr_carea' id='block_1_75' title="bbox 945 1214 1776 1250">
    <p class='ocr_par' dir='ltr' id='par_1_75' title="bbox 945 1214 1776 1250">
     <span class='ocr_line' id='line_1_75' title="bbox 945 1214 1776 1250; baseline 0.006 -8"><span class='ocrx_word' id='word_1_533' title='bbox 945 1214 1106 1250; x_wconf 86' lang='lat' dir='ltr'>immergat</span> <span class='ocrx_word' id='word_1_534' title='bbox 1116 1217 1143 1242; x_wconf 87' lang='lat' dir='ltr'>te</span> <span class='ocrx_word' id='word_1_535' title='bbox 1153 1222 1231 1242; x_wconf 90' lang='lat' dir='ltr'>onus</span> <span class='ocrx_word' id='word_1_536' title='bbox 1242 1214 1372 1243; x_wconf 68' lang='lat' dir='ltr'>tristitiae.</span> <span class='ocrx_word' id='word_1_537' title='bbox 1384 1215 1501 1244; x_wconf 82' lang='lat' dir='ltr'>Fluctus</span> <span class='ocrx_word' id='word_1_538' title='bbox 1515 1216 1691 1246; x_wconf 77' lang='lat' dir='ltr'>affectiones</span> <span class='ocrx_word' id='word_1_539' title='bbox 1705 1220 1776 1248; x_wconf 83' lang='lat' dir='ltr'>sunt</span> 
     </span>
    </p>
   </div>
   <div class='ocr_carea' id='block_1_76' title="bbox 946 1259 1775 1296">
    <p class='ocr_par' dir='ltr' id='par_1_76' title="bbox 946 1259 1775 1296">
     <span class='ocr_line' id='line_1_76' title="bbox 946 1259 1775 1296; baseline 0.005 -9"><span class='ocrx_word' id='word_1_540' title='bbox 946 1259 1050 1294; x_wconf 86' lang='lat' dir='ltr'>animi,</span> <span class='ocrx_word' id='word_1_541' title='bbox 1064 1259 1175 1295; x_wconf 86' lang='lat' dir='ltr'>quibus</span> <span class='ocrx_word' id='word_1_542' title='bbox 1195 1259 1331 1288; x_wconf 83' lang='lat' dir='ltr'>altiorem</span> <span class='ocrx_word' id='word_1_543' title='bbox 1346 1261 1374 1287; x_wconf 87' lang='lat' dir='ltr'>te</span> <span class='ocrx_word' id='word_1_544' title='bbox 1386 1260 1410 1288; x_wconf 89' lang='lat' dir='ltr'>si</span> <span class='ocrx_word' id='word_1_545' title='bbox 1424 1261 1600 1296; x_wconf 84' lang='lat' dir='ltr'>constituas,</span> <span class='ocrx_word' id='word_1_546' title='bbox 1617 1262 1675 1290; x_wconf 88' lang='lat' dir='ltr'>eris</span> <span class='ocrx_word' id='word_1_547' title='bbox 1690 1271 1775 1291; x_wconf 86' lang='lat' dir='ltr'>secu-</span> 
     </span>
    </p>
   </div>
   <div class='ocr_carea' id='block_1_77' title="bbox 945 1304 1774 1340">
    <p class='ocr_par' dir='ltr' id='par_1_77' title="bbox 945 1304 1774 1340">
     <span class='ocr_line' id='line_1_77' title="bbox 945 1304 1774 1340; baseline 0.005 -8"><span class='ocrx_word' id='word_1_548' title='bbox 945 1312 997 1332; x_wconf 89' lang='lat' dir='ltr'>rus</span> <span class='ocrx_word' id='word_1_549' title='bbox 1011 1304 1078 1332; x_wconf 70' lang='lat' dir='ltr'>vitae</span> <span class='ocrx_word' id='word_1_550' title='bbox 1092 1304 1288 1340; x_wconf 82' lang='lat' dir='ltr'>gubernator.</span> <span class='ocrx_word' id='word_1_551' title='bbox 1305 1305 1373 1338; x_wconf 88' lang='lat' dir='ltr'>Sed,</span> <span class='ocrx_word' id='word_1_552' title='bbox 1388 1305 1412 1333; x_wconf 90' lang='lat' dir='ltr'>si</span> <span class='ocrx_word' id='word_1_553' title='bbox 1426 1313 1489 1334; x_wconf 91' lang='lat' dir='ltr'>non</span> <span class='ocrx_word' id='word_1_554' title='bbox 1501 1306 1573 1335; x_wconf 87' lang='lat' dir='ltr'>scite</span> <span class='ocrx_word' id='word_1_555' title='bbox 1586 1315 1622 1335; x_wconf 88' lang='lat' dir='ltr'>ac</span> <span class='ocrx_word' id='word_1_556' title='bbox 1633 1310 1774 1336; x_wconf 90' lang='lat' dir='ltr'>constan-</span> 
     </span>
    </p>
   </div>
   <div class='ocr_carea' id='block_1_78' title="bbox 946 1348 1774 1388">
    <p class='ocr_par' dir='ltr' id='par_1_78' title="bbox 946 1348 1774 1388">
     <span class='ocr_line' id='line_1_78' title="bbox 946 1348 1774 1388; baseline 0.006 -12"><span class='ocrx_word' id='word_1_557' title='bbox 946 1351 990 1377; x_wconf 86' lang='lat' dir='ltr'>ter</span> <span class='ocrx_word' id='word_1_558' title='bbox 1001 1349 1111 1377; x_wconf 89' lang='lat' dir='ltr'>horum</span> <span class='ocrx_word' id='word_1_559' title='bbox 1127 1348 1283 1386; x_wconf 85' lang='lat' dir='ltr'>quodlibet</span> <span class='ocrx_word' id='word_1_560' title='bbox 1298 1349 1506 1385; x_wconf 84' lang='lat' dir='ltr'>declinaveris,</span> <span class='ocrx_word' id='word_1_561' title='bbox 1522 1351 1603 1379; x_wconf 87' lang='lat' dir='ltr'>velut</span> <span class='ocrx_word' id='word_1_562' title='bbox 1616 1352 1774 1388; x_wconf 82' lang='lat' dir='ltr'>navigium</span> 
     </span>
    </p>
   </div>
   <div class='ocr_carea' id='block_1_79' title="bbox 945 1393 1775 1430">
    <p class='ocr_par' dir='ltr' id='par_1_79' title="bbox 945 1393 1775 1430">
     <span class='ocr_line' id='line_1_79' title="bbox 945 1393 1775 1430; baseline 0.006 -10"><span class='ocrx_word' id='word_1_563' title='bbox 945 1393 1103 1430; x_wconf 87' lang='lat' dir='ltr'>quoddam</span> <span class='ocrx_word' id='word_1_564' title='bbox 1116 1401 1178 1421; x_wconf 91' lang='lat' dir='ltr'>non</span> <span class='ocrx_word' id='word_1_565' title='bbox 1195 1393 1400 1429; x_wconf 89' lang='lat' dir='ltr'>saburratum,</span> <span class='ocrx_word' id='word_1_566' title='bbox 1409 1394 1559 1422; x_wconf 86' lang='lat' dir='ltr'>continuis</span> <span class='ocrx_word' id='word_1_567' title='bbox 1574 1395 1642 1424; x_wconf 66' lang='lat' dir='ltr'>vitae</span> <span class='ocrx_word' id='word_1_568' title='bbox 1652 1396 1775 1425; x_wconf 86' lang='lat' dir='ltr'>casibus</span> 
     </span>
    </p>
   </div>
   <div class='ocr_carea' id='block_1_80' title="bbox 946 1437 1775 1475">
    <p class='ocr_par' dir='ltr' id='par_1_80' title="bbox 946 1437 1775 1475">
     <span class='ocr_line' id='line_1_80' title="bbox 946 1437 1775 1475; baseline 0.004 -9"><span class='ocrx_word' id='word_1_569' title='bbox 946 1437 1160 1471; x_wconf 85' lang='lat' dir='ltr'>circumactus,</span> <span class='ocrx_word' id='word_1_570' title='bbox 1173 1437 1204 1465; x_wconf 90' lang='lat' dir='ltr'>in</span> <span class='ocrx_word' id='word_1_571' title='bbox 1219 1437 1337 1474; x_wconf 88' lang='lat' dir='ltr'>peccati</span> <span class='ocrx_word' id='word_1_572' title='bbox 1351 1437 1461 1474; x_wconf 83' lang='lat' dir='ltr'>pelago</span> <span class='ocrx_word' id='word_1_573' title='bbox 1477 1439 1682 1475; x_wconf 84' lang='lat' dir='ltr'>submergere.</span> <span class='ocrx_word' id='word_1_574' title='bbox 1697 1441 1775 1469; x_wconf 78' lang='lat' dir='ltr'>Audi</span> 
     </span>
    </p>
   </div>
   <div class='ocr_carea' id='block_1_81' title="bbox 945 1481 1775 1520">
    <p class='ocr_par' dir='ltr' id='par_1_81' title="bbox 945 1481 1775 1520">
     <span class='ocr_line' id='line_1_81' title="bbox 945 1481 1775 1520; baseline 0.005 -10"><span class='ocrx_word' id='word_1_575' title='bbox 945 1482 1034 1518; x_wconf 81' lang='lat' dir='ltr'>igitur</span> <span class='ocrx_word' id='word_1_576' title='bbox 1048 1482 1101 1519; x_wconf 90' lang='lat' dir='ltr'>qui</span> <span class='ocrx_word' id='word_1_577' title='bbox 1114 1481 1178 1510; x_wconf 86' lang='lat' dir='ltr'>ﬁeri</span> <span class='ocrx_word' id='word_1_578' title='bbox 1192 1483 1297 1519; x_wconf 85' lang='lat' dir='ltr'>possit,</span> <span class='ocrx_word' id='word_1_579' title='bbox 1312 1482 1362 1511; x_wconf 88' lang='lat' dir='ltr'>tibi</span> <span class='ocrx_word' id='word_1_580' title='bbox 1387 1485 1420 1511; x_wconf 92' lang='lat' dir='ltr'>ut</span> <span class='ocrx_word' id='word_1_581' title='bbox 1442 1484 1567 1512; x_wconf 89' lang='lat' dir='ltr'>accedat</span> <span class='ocrx_word' id='word_1_582' title='bbox 1582 1484 1775 1520; x_wconf 84' lang='lat' dir='ltr'>gubernandi</span> 
     </span>
    </p>
   </div>
   <div class='ocr_carea' id='block_1_82' title="bbox 945 1526 1774 1566">
    <p class='ocr_par' dir='ltr' id='par_1_82' title="bbox 945 1526 1774 1566">
     <span class='ocr_line' id='line_1_82' title="bbox 945 1526 1774 1566; baseline 0.005 -12"><span class='ocrx_word' id='word_1_583' title='bbox 945 1527 1062 1564; x_wconf 85' lang='lat' dir='ltr'>peritia.</span> <span class='ocrx_word' id='word_1_584' title='bbox 1079 1528 1139 1555; x_wconf 87' lang='lat' dir='ltr'>Mos</span> <span class='ocrx_word' id='word_1_585' title='bbox 1150 1529 1194 1554; x_wconf 87' lang='lat' dir='ltr'>est</span> <span class='ocrx_word' id='word_1_586' title='bbox 1208 1526 1423 1562; x_wconf 85' lang='lat' dir='ltr'>navigantibus</span> <span class='ocrx_word' id='word_1_587' title='bbox 1437 1527 1468 1555; x_wconf 89' lang='lat' dir='ltr'>in</span> <span class='ocrx_word' id='word_1_588' title='bbox 1483 1528 1594 1557; x_wconf 72' lang='lat' dir='ltr'>caelum</span> <span class='ocrx_word' id='word_1_589' title='bbox 1610 1530 1774 1566; x_wconf 86' lang='lat' dir='ltr'>suspicere.</span> 
     </span>
    </p>
   </div>
   <div class='ocr_carea' id='block_1_83' title="bbox 945 1571 1774 1609">
    <p class='ocr_par' dir='ltr' id='par_1_83' title="bbox 945 1571 1774 1609">
     <span class='ocr_line' id='line_1_83' title="bbox 945 1571 1774 1609; baseline 0.005 -9"><span class='ocrx_word' id='word_1_590' title='bbox 945 1571 1076 1609; x_wconf 87' lang='lat' dir='ltr'>indeque</span> <span class='ocrx_word' id='word_1_591' title='bbox 1099 1572 1299 1607; x_wconf 82' lang='lat' dir='ltr'>navigationis</span> <span class='ocrx_word' id='word_1_592' title='bbox 1314 1581 1436 1600; x_wconf 88' lang='lat' dir='ltr'>cursum</span> <span class='ocrx_word' id='word_1_593' title='bbox 1461 1574 1626 1609; x_wconf 83' lang='lat' dir='ltr'>instituere,</span> <span class='ocrx_word' id='word_1_594' title='bbox 1642 1575 1774 1604; x_wconf 87' lang='lat' dir='ltr'>interdiu</span> 
     </span>
    </p>
   </div>
   <div class='ocr_carea' id='block_1_84' title="bbox 946 1617 1774 1655">
    <p class='ocr_par' dir='ltr' id='par_1_84' title="bbox 946 1617 1774 1655">
     <span class='ocr_line' id='line_1_84' title="bbox 946 1617 1774 1655; baseline 0.005 -10"><span class='ocrx_word' id='word_1_595' title='bbox 946 1617 1069 1655; x_wconf 87' lang='lat' dir='ltr'>quidem</span> <span class='ocrx_word' id='word_1_596' title='bbox 1083 1625 1140 1654; x_wconf 89' lang='lat' dir='ltr'>ope</span> <span class='ocrx_word' id='word_1_597' title='bbox 1154 1617 1236 1654; x_wconf 88' lang='lat' dir='ltr'>solis,</span> <span class='ocrx_word' id='word_1_598' title='bbox 1251 1620 1342 1646; x_wconf 90' lang='lat' dir='ltr'>noctu</span> <span class='ocrx_word' id='word_1_599' title='bbox 1357 1627 1427 1646; x_wconf 88' lang='lat' dir='ltr'>vero</span> <span class='ocrx_word' id='word_1_600' title='bbox 1445 1619 1465 1654; x_wconf 82' lang='lat'><strong>1</strong></span> <span class='ocrx_word' id='word_1_601' title='bbox 1475 1619 1530 1655; x_wconf 82' lang='lat'><strong>13</strong></span> <span class='ocrx_word' id='word_1_602' title='bbox 1546 1627 1604 1655; x_wconf 91' lang='lat' dir='ltr'>ope</span> <span class='ocrx_word' id='word_1_603' title='bbox 1621 1621 1709 1654; x_wconf 74' lang='lat' dir='ltr'>Ursze,</span> <span class='ocrx_word' id='word_1_604' title='bbox 1723 1623 1774 1649; x_wconf 86' lang='lat' dir='ltr'>aut</span> 
     </span>
    </p>
   </div>
   <div class='ocr_carea' id='block_1_85' title="bbox 946 1662 1773 1700">
    <p class='ocr_par' dir='ltr' id='par_1_85' title="bbox 946 1662 1773 1700">
     <span class='ocr_line' id='line_1_85' title="bbox 946 1662 1773 1700; baseline 0.002 -9"><span class='ocrx_word' id='word_1_605' title='bbox 946 1663 1069 1692; x_wconf 87' lang='lat' dir='ltr'>alterius</span> <span class='ocrx_word' id='word_1_606' title='bbox 1082 1662 1216 1698; x_wconf 87' lang='lat' dir='ltr'>cujusvis</span> <span class='ocrx_word' id='word_1_607' title='bbox 1232 1670 1269 1690; x_wconf 84' lang='lat' dir='ltr'>ex</span> <span class='ocrx_word' id='word_1_608' title='bbox 1282 1662 1317 1691; x_wconf 86' lang='lat' dir='ltr'>iis</span> <span class='ocrx_word' id='word_1_609' title='bbox 1332 1671 1401 1700; x_wconf 76' lang='lat' dir='ltr'>quae</span> <span class='ocrx_word' id='word_1_610' title='bbox 1418 1672 1540 1699; x_wconf 90' lang='lat' dir='ltr'>semper</span> <span class='ocrx_word' id='word_1_611' title='bbox 1554 1663 1655 1692; x_wconf 89' lang='lat' dir='ltr'>lucent</span> <span class='ocrx_word' id='word_1_612' title='bbox 1670 1665 1773 1699; x_wconf 85' lang='lat' dir='ltr'>stellis,</span> 
     </span>
    </p>
   </div>
   <div class='ocr_carea' id='block_1_86' title="bbox 945 1707 1774 1744">
    <p class='ocr_par' dir='ltr' id='par_1_86' title="bbox 945 1707 1774 1744">
     <span class='ocr_line' id='line_1_86' title="bbox 945 1707 1774 1744; baseline 0.005 -10"><span class='ocrx_word' id='word_1_613' title='bbox 945 1707 1117 1743; x_wconf 89' lang='lat' dir='ltr'>horumque</span> <span class='ocrx_word' id='word_1_614' title='bbox 1130 1707 1223 1735; x_wconf 91' lang='lat' dir='ltr'>ductu</span> <span class='ocrx_word' id='word_1_615' title='bbox 1237 1715 1357 1743; x_wconf 86' lang='lat' dir='ltr'>semper</span> <span class='ocrx_word' id='word_1_616' title='bbox 1368 1710 1484 1736; x_wconf 89' lang='lat' dir='ltr'>rectum</span> <span class='ocrx_word' id='word_1_617' title='bbox 1498 1709 1677 1744; x_wconf 88' lang='lat' dir='ltr'>conjectare.</span> <span class='ocrx_word' id='word_1_618' title='bbox 1693 1710 1727 1737; x_wconf 87' lang='lat' dir='ltr'>Et</span> <span class='ocrx_word' id='word_1_619' title='bbox 1741 1712 1774 1738; x_wconf 93' lang='lat' dir='ltr'>tu</span> 
     </span>
    </p>
   </div>
   <div class='ocr_carea' id='block_1_87' title="bbox 945 1751 1772 1790">
    <p class='ocr_par' dir='ltr' id='par_1_87' title="bbox 945 1751 1772 1790">
     <span class='ocr_line' id='line_1_87' title="bbox 945 1751 1772 1790; baseline 0.002 -10"><span class='ocrx_word' id='word_1_620' title='bbox 945 1751 1184 1788; x_wconf 74' lang='lat' dir='ltr'>igiturpculosin</span> <span class='ocrx_word' id='word_1_621' title='bbox 1200 1751 1309 1779; x_wconf 73' lang='lat' dir='ltr'>ccelum</span> <span class='ocrx_word' id='word_1_622' title='bbox 1322 1752 1433 1786; x_wconf 87' lang='lat' dir='ltr'>attolle,</span> <span class='ocrx_word' id='word_1_623' title='bbox 1443 1753 1528 1788; x_wconf 85' lang='lat' dir='ltr'>juxta</span> <span class='ocrx_word' id='word_1_624' title='bbox 1543 1761 1613 1781; x_wconf 89' lang='lat' dir='ltr'>cum</span> <span class='ocrx_word' id='word_1_625' title='bbox 1624 1754 1678 1790; x_wconf 89' lang='lat' dir='ltr'>qui</span> <span class='ocrx_word' id='word_1_626' title='bbox 1688 1754 1772 1783; x_wconf 82' lang='lat' dir='ltr'>dixit:</span> 
     </span>
    </p>
   </div>
   <div class='ocr_carea' id='block_1_88' title="bbox 946 1796 1768 1833">
    <p class='ocr_par' dir='ltr' id='par_1_88' title="bbox 946 1796 1768 1833">
     <span class='ocr_line' id='line_1_88' title="bbox 946 1796 1768 1833; baseline 0.002 -8"><span class='ocrx_word' id='word_1_627' title='bbox 946 1797 995 1825; x_wconf 86' lang='lat' dir='ltr'>Ad</span> <span class='ocrx_word' id='word_1_628' title='bbox 1009 1799 1037 1825; x_wconf 84' lang='lat' dir='ltr'>le</span> <span class='ocrx_word' id='word_1_629' title='bbox 1057 1796 1156 1824; x_wconf 81' lang='lat' dir='ltr'>levavi</span> <span class='ocrx_word' id='word_1_630' title='bbox 1172 1796 1274 1824; x_wconf 84' lang='lat' dir='ltr'>oculos</span> <span class='ocrx_word' id='word_1_631' title='bbox 1290 1803 1374 1830; x_wconf 82' lang='lat' dir='ltr'>meos,</span> <span class='ocrx_word' id='word_1_632' title='bbox 1391 1798 1445 1833; x_wconf 85' lang='lat' dir='ltr'>qui</span> <span class='ocrx_word' id='word_1_633' title='bbox 1458 1797 1578 1825; x_wconf 76' lang='lat' dir='ltr'>habitas</span> <span class='ocrx_word' id='word_1_634' title='bbox 1590 1798 1622 1826; x_wconf 76' lang='lat' dir='ltr'>in</span> <span class='ocrx_word' id='word_1_635' title='bbox 1638 1799 1768 1827; x_wconf 61' lang='lat' dir='ltr'>caelis&quot;.</span> 
     </span>
    </p>
   </div>
   <div class='ocr_carea' id='block_1_89' title="bbox 946 1840 1773 1878">
    <p class='ocr_par' dir='ltr' id='par_1_89' title="bbox 946 1840 1773 1878">
     <span class='ocr_line' id='line_1_89' title="bbox 946 1840 1773 1878; baseline 0.001 -8"><span class='ocrx_word' id='word_1_636' title='bbox 946 1841 1071 1878; x_wconf 80' lang='lat' dir='ltr'>Respice</span> <span class='ocrx_word' id='word_1_637' title='bbox 1081 1841 1120 1868; x_wconf 88' lang='lat' dir='ltr'>ad</span> <span class='ocrx_word' id='word_1_638' title='bbox 1133 1840 1228 1868; x_wconf 88' lang='lat' dir='ltr'>solem</span> <span class='ocrx_word' id='word_1_639' title='bbox 1239 1840 1469 1878; x_wconf 71' lang='lat' dir='ltr'>justitiae,teque</span> <span class='ocrx_word' id='word_1_640' title='bbox 1480 1842 1597 1870; x_wconf 90' lang='lat' dir='ltr'>Domini</span> <span class='ocrx_word' id='word_1_641' title='bbox 1609 1843 1773 1878; x_wconf 86' lang='lat' dir='ltr'>mandatis,</span> 
     </span>
    </p>
   </div>
   <div class='ocr_carea' id='block_1_90' title="bbox 946 1884 1773 1922">
    <p class='ocr_par' dir='ltr' id='par_1_90' title="bbox 946 1884 1773 1922">
     <span class='ocr_line' id='line_1_90' title="bbox 946 1884 1773 1922; baseline 0.001 -8"><span class='ocrx_word' id='word_1_642' title='bbox 946 1887 1041 1914; x_wconf 90' lang='lat' dir='ltr'>instar</span> <span class='ocrx_word' id='word_1_643' title='bbox 1054 1884 1374 1922; x_wconf 87' lang='lat' dir='ltr'>splendidissimorum</span> <span class='ocrx_word' id='word_1_644' title='bbox 1390 1886 1596 1921; x_wconf 88' lang='lat' dir='ltr'>quorumdam</span> <span class='ocrx_word' id='word_1_645' title='bbox 1611 1889 1773 1922; x_wconf 88' lang='lat' dir='ltr'>astrorum,</span> 
     </span>
    </p>
   </div>
   <div class='ocr_carea' id='block_1_91' title="bbox 947 1928 1775 1965">
    <p class='ocr_par' dir='ltr' id='par_1_91' title="bbox 947 1928 1775 1965">
     <span class='ocr_line' id='line_1_91' title="bbox 947 1928 1775 1965; baseline 0.001 -7"><span class='ocrx_word' id='word_1_646' title='bbox 947 1929 1158 1965; x_wconf 87' lang='lat' dir='ltr'>dirigentibus,</span> <span class='ocrx_word' id='word_1_647' title='bbox 1173 1928 1253 1957; x_wconf 82' lang='lat' dir='ltr'>habe</span> <span class='ocrx_word' id='word_1_648' title='bbox 1271 1929 1393 1957; x_wconf 88' lang='lat' dir='ltr'>oculum</span> <span class='ocrx_word' id='word_1_649' title='bbox 1414 1929 1597 1965; x_wconf 89' lang='lat' dir='ltr'>insomnem,</span> <span class='ocrx_word' id='word_1_650' title='bbox 1612 1930 1706 1959; x_wconf 88' lang='lat' dir='ltr'>oculis</span> <span class='ocrx_word' id='word_1_651' title='bbox 1719 1932 1775 1960; x_wconf 85' lang='lat' dir='ltr'>tuis</span> 
     </span>
    </p>
   </div>
   <div class='ocr_carea' id='block_1_92' title="bbox 946 1975 1775 2013">
    <p class='ocr_par' dir='ltr' id='par_1_92' title="bbox 946 1975 1775 2013">
     <span class='ocr_line' id='line_1_92' title="bbox 946 1975 1775 2013; baseline -0.001 -8"><span class='ocrx_word' id='word_1_652' title='bbox 946 1984 1008 2005; x_wconf 89' lang='lat' dir='ltr'>non</span> <span class='ocrx_word' id='word_1_653' title='bbox 1018 1975 1158 2013; x_wconf 80' lang='lat' dir='ltr'>praebens</span> <span class='ocrx_word' id='word_1_654' title='bbox 1167 1982 1422 2011; x_wconf 89' lang='lat' dir='ltr'>somnum,neque</span> <span class='ocrx_word' id='word_1_655' title='bbox 1432 1975 1586 2011; x_wconf 83' lang='lat' dir='ltr'>palpebris</span> <span class='ocrx_word' id='word_1_656' title='bbox 1596 1976 1653 2004; x_wconf 86' lang='lat' dir='ltr'>tuis</span> <span class='ocrx_word' id='word_1_657' title='bbox 1664 1976 1775 2005; x_wconf 90' lang='lat' dir='ltr'>dormi-</span> 
     </span>
    </p>
   </div>
   <div class='ocr_carea' id='block_1_93' title="bbox 947 2019 1772 2056">
    <p class='ocr_par' dir='ltr' id='par_1_93' title="bbox 947 2019 1772 2056">
     <span class='ocr_line' id='line_1_93' title="bbox 947 2019 1772 2056; baseline 0 -6"><span class='ocrx_word' id='word_1_658' title='bbox 947 2021 1139 2056; x_wconf 68' lang='lat' dir='ltr'>talionem“,</span> <span class='ocrx_word' id='word_1_659' title='bbox 1161 2022 1194 2048; x_wconf 92' lang='lat' dir='ltr'>ut</span> <span class='ocrx_word' id='word_1_660' title='bbox 1216 2021 1243 2047; x_wconf 93' lang='lat' dir='ltr'>te</span> <span class='ocrx_word' id='word_1_661' title='bbox 1269 2021 1416 2055; x_wconf 83' lang='lat' dir='ltr'>perpetuo</span> <span class='ocrx_word' id='word_1_662' title='bbox 1441 2019 1594 2049; x_wconf 89' lang='lat' dir='ltr'>deducant</span> <span class='ocrx_word' id='word_1_663' title='bbox 1615 2022 1772 2050; x_wconf 87' lang='lat' dir='ltr'>mandata.</span> 
     </span>
    </p>
   </div>
   <div class='ocr_carea' id='block_1_94' title="bbox 947 2064 1774 2101">
    <p class='ocr_par' dir='ltr' id='par_1_94' title="bbox 947 2064 1774 2101">
     <span class='ocr_line' id='line_1_94' title="bbox 947 2064 1774 2101; baseline -0.001 -5"><span class='ocrx_word' id='word_1_664' title='bbox 947 2068 1086 2096; x_wconf 85' lang='lat' dir='ltr'>Lucerna</span> <span class='ocrx_word' id='word_1_665' title='bbox 1099 2065 1191 2099; x_wconf 86' lang='lat' dir='ltr'>enim,</span> <span class='ocrx_word' id='word_1_666' title='bbox 1203 2064 1310 2101; x_wconf 86' lang='lat' dir='ltr'>inquit,</span> <span class='ocrx_word' id='word_1_667' title='bbox 1320 2064 1446 2100; x_wconf 79' lang='lat' dir='ltr'>pedibus</span> <span class='ocrx_word' id='word_1_668' title='bbox 1460 2066 1531 2094; x_wconf 78' lang='lat' dir='ltr'>meis</span> <span class='ocrx_word' id='word_1_669' title='bbox 1543 2066 1593 2094; x_wconf 69' lang='lat' dir='ltr'>lex</span> <span class='ocrx_word' id='word_1_670' title='bbox 1603 2069 1666 2097; x_wconf 76' lang='lat' dir='ltr'>tua.</span> <span class='ocrx_word' id='word_1_671' title='bbox 1683 2069 1710 2094; x_wconf 84' lang='lat' dir='ltr'>et</span> <span class='ocrx_word' id='word_1_672' title='bbox 1726 2067 1774 2095; x_wconf 79' lang='lat' dir='ltr'>lu-</span> 
     </span>
    </p>
   </div>
   <div class='ocr_carea' id='block_1_95' title="bbox 947 2109 1775 2146">
    <p class='ocr_par' dir='ltr' id='par_1_95' title="bbox 947 2109 1775 2146">
     <span class='ocr_line' id='line_1_95' title="bbox 947 2109 1775 2146; baseline -0.004 -5"><span class='ocrx_word' id='word_1_673' title='bbox 947 2120 1016 2141; x_wconf 85' lang='lat' dir='ltr'>men</span> <span class='ocrx_word' id='word_1_674' title='bbox 1030 2111 1141 2140; x_wconf 81' lang='lat' dir='ltr'>semitis</span> <span class='ocrx_word' id='word_1_675' title='bbox 1153 2110 1224 2138; x_wconf 77' lang='lat' dir='ltr'>meis</span> <span class='ocrx_word' id='word_1_676' title='bbox 1234 2110 1268 2136; x_wconf 73' lang='grc'>⁸⁸.</span> <span class='ocrx_word' id='word_1_677' title='bbox 1285 2109 1410 2144; x_wconf 89' lang='lat' dir='ltr'>Etenim,</span> <span class='ocrx_word' id='word_1_678' title='bbox 1426 2109 1450 2136; x_wconf 94' lang='lat' dir='ltr'>si</span> <span class='ocrx_word' id='word_1_679' title='bbox 1460 2109 1546 2138; x_wconf 86' lang='lat' dir='ltr'>clavo</span> <span class='ocrx_word' id='word_1_680' title='bbox 1560 2117 1718 2146; x_wconf 75' lang='lat' dir='ltr'>nunquam</span> <span class='ocrx_word' id='word_1_681' title='bbox 1731 2111 1775 2138; x_wconf 90' lang='lat' dir='ltr'>in-</span> 
     </span>
    </p>
   </div>
   <div class='ocr_carea' id='block_1_96' title="bbox 948 2153 1775 2189">
    <p class='ocr_par' dir='ltr' id='par_1_96' title="bbox 948 2153 1775 2189">
     <span class='ocr_line' id='line_1_96' title="bbox 948 2153 1775 2189; baseline -0.004 -3"><span class='ocrx_word' id='word_1_682' title='bbox 948 2156 1117 2189; x_wconf 83' lang='lat' dir='ltr'>dormieris,</span> <span class='ocrx_word' id='word_1_683' title='bbox 1134 2155 1208 2183; x_wconf 89' lang='lat' dir='ltr'>dum</span> <span class='ocrx_word' id='word_1_684' title='bbox 1223 2154 1254 2181; x_wconf 91' lang='lat' dir='ltr'>in</span> <span class='ocrx_word' id='word_1_685' title='bbox 1269 2153 1326 2181; x_wconf 85' lang='lat' dir='ltr'>hac</span> <span class='ocrx_word' id='word_1_686' title='bbox 1340 2153 1400 2181; x_wconf 84' lang='lat' dir='ltr'>vita</span> <span class='ocrx_word' id='word_1_687' title='bbox 1414 2155 1583 2189; x_wconf 86' lang='lat' dir='ltr'>versabere,</span> <span class='ocrx_word' id='word_1_688' title='bbox 1598 2154 1627 2181; x_wconf 92' lang='lat' dir='ltr'>in</span> <span class='ocrx_word' id='word_1_689' title='bbox 1642 2154 1775 2183; x_wconf 85' lang='lat' dir='ltr'>instabili</span> 
     </span>
    </p>
   </div>
   <div class='ocr_carea' id='block_1_97' title="bbox 910 2187 1774 2235">
    <p class='ocr_par' dir='ltr' id='par_1_97' title="bbox 910 2187 1774 2235">
     <span class='ocr_line' id='line_1_97' title="bbox 910 2187 1774 2235; baseline -0.003 -5"><span class='ocrx_word' id='word_1_690' title='bbox 910 2187 932 2214; x_wconf 70' lang='grc' dir='ltr'>θ</span> <span class='ocrx_word' id='word_1_691' title='bbox 949 2201 1061 2230; x_wconf 87' lang='lat' dir='ltr'>scilicet</span> <span class='ocrx_word' id='word_1_692' title='bbox 1072 2187 1173 2228; x_wconf 82' lang='lat' dir='ltr'>rerum</span> <span class='ocrx_word' id='word_1_693' title='bbox 1194 2198 1420 2226; x_wconf 87' lang='lat' dir='ltr'>mundanarum</span> <span class='ocrx_word' id='word_1_694' title='bbox 1436 2200 1526 2233; x_wconf 85' lang='lat' dir='ltr'>statu,</span> <span class='ocrx_word' id='word_1_695' title='bbox 1543 2187 1668 2234; x_wconf 83' lang='lat' dir='ltr'>spiritus</span> <span class='ocrx_word' id='word_1_696' title='bbox 1683 2207 1774 2235; x_wconf 89' lang='lat' dir='ltr'>opem</span> 
     </span>
    </p>
   </div>
   <div class='ocr_carea' id='block_1_98' title="bbox 948 2242 1803 2282">
    <p class='ocr_par' dir='ltr' id='par_1_98' title="bbox 948 2242 1803 2282">
     <span class='ocr_line' id='line_1_98' title="bbox 948 2242 1803 2282; baseline -0.005 -6"><span class='ocrx_word' id='word_1_697' title='bbox 948 2253 1145 2282; x_wconf 88' lang='lat' dir='ltr'>consequere,</span> <span class='ocrx_word' id='word_1_698' title='bbox 1160 2244 1213 2280; x_wconf 90' lang='lat' dir='ltr'>qui</span> <span class='ocrx_word' id='word_1_699' title='bbox 1223 2246 1251 2271; x_wconf 74' lang='lat' dir='ltr'>te</span> <span class='ocrx_word' id='word_1_700' title='bbox 1262 2242 1386 2270; x_wconf 87' lang='lat' dir='ltr'>ulterius</span> <span class='ocrx_word' id='word_1_701' title='bbox 1397 2242 1537 2275; x_wconf 87' lang='lat' dir='ltr'>deducet,</span> <span class='ocrx_word' id='word_1_702' title='bbox 1552 2245 1581 2270; x_wconf 87' lang='lat' dir='ltr'>et</span> <span class='ocrx_word' id='word_1_703' title='bbox 1591 2242 1710 2271; x_wconf 88' lang='lat' dir='ltr'>lenibus</span> <span class='ocrx_word' id='word_1_704' title='bbox 1723 2252 1775 2272; x_wconf 86' lang='lat' dir='ltr'>au-</span> <span class='ocrx_word' id='word_1_705' title='bbox 1798 2263 1803 2268; x_wconf 66' lang='grc' dir='ltr'>ι</span> 
     </span>
    </p>
   </div>
   <div class='ocr_carea' id='block_1_99' title="bbox 947 2287 1775 2328">
    <p class='ocr_par' dir='ltr' id='par_1_99' title="bbox 947 2287 1775 2328">
     <span class='ocr_line' id='line_1_99' title="bbox 947 2287 1775 2328; baseline -0.005 -6"><span class='ocrx_word' id='word_1_706' title='bbox 947 2293 988 2322; x_wconf 89' lang='lat' dir='ltr'>ris</span> <span class='ocrx_word' id='word_1_707' title='bbox 998 2294 1088 2328; x_wconf 84' lang='lat' dir='ltr'>atque</span> <span class='ocrx_word' id='word_1_708' title='bbox 1098 2289 1234 2327; x_wconf 83' lang='lat' dir='ltr'>paciﬁcis</span> <span class='ocrx_word' id='word_1_709' title='bbox 1244 2289 1307 2316; x_wconf 88' lang='lat' dir='ltr'>tuto</span> <span class='ocrx_word' id='word_1_710' title='bbox 1317 2288 1501 2323; x_wconf 83' lang='lat' dir='ltr'>transvehet,</span> <span class='ocrx_word' id='word_1_711' title='bbox 1508 2287 1605 2318; x_wconf 89' lang='lat' dir='ltr'>donec</span> <span class='ocrx_word' id='word_1_712' title='bbox 1613 2288 1775 2318; x_wconf 83' lang='lat' dir='ltr'>incolumis</span> 
     </span>
    </p>
   </div>
   <div class='ocr_carea' id='block_1_100' title="bbox 129 2351 1517 2392">
    <p class='ocr_par' dir='ltr' id='par_1_100' title="bbox 129 2351 1517 2392">
     <span class='ocr_line' id='line_1_100' title="bbox 129 2351 1517 2392; baseline -0.004 -7"><span class='ocrx_word' id='word_1_713' title='bbox 129 2357 151 2375; x_wconf 83' lang='lat'>&#39;“</span> <span class='ocrx_word' id='word_1_714' title='bbox 165 2357 189 2385; x_wconf 86' lang='lat' dir='ltr'>Il</span> <span class='ocrx_word' id='word_1_715' title='bbox 204 2356 270 2385; x_wconf 83' lang='lat' dir='ltr'>Cor.</span> <span class='ocrx_word' id='word_1_716' title='bbox 285 2364 313 2392; x_wconf 86' lang='lat' dir='ltr'>v,</span> <span class='ocrx_word' id='word_1_717' title='bbox 329 2359 354 2385; x_wconf 82' lang='lat'>3.</span> <span class='ocrx_word' id='word_1_718' title='bbox 370 2357 396 2375; x_wconf 73' lang='grc'>’⁸⁸</span> <span class='ocrx_word' id='word_1_719' title='bbox 410 2357 596 2389; x_wconf 82' lang='lat' dir='ltr'>Psal.1.xvm.</span> <span class='ocrx_word' id='word_1_720' title='bbox 613 2359 640 2385; x_wconf 86' lang='lat'>3.</span> <span class='ocrx_word' id='word_1_721' title='bbox 656 2358 680 2377; x_wconf 78' lang='grc' dir='ltr'><strong><em>ἠ</em></strong></span> <span class='ocrx_word' id='word_1_722' title='bbox 694 2357 772 2386; x_wconf 83' lang='lat' dir='ltr'>Psal.</span> <span class='ocrx_word' id='word_1_723' title='bbox 789 2365 872 2389; x_wconf 80' lang='lat' dir='ltr'>cxxu,</span> <span class='ocrx_word' id='word_1_724' title='bbox 891 2358 916 2385; x_wconf 79' lang='grc'>1.</span> <span class='ocrx_word' id='word_1_725' title='bbox 933 2356 957 2375; x_wconf 82' lang='grc' dir='ltr'>³ο</span> <span class='ocrx_word' id='word_1_726' title='bbox 969 2354 1047 2384; x_wconf 82' lang='lat' dir='ltr'>Psal.</span> <span class='ocrx_word' id='word_1_727' title='bbox 1062 2361 1159 2388; x_wconf 74' lang='lat' dir='ltr'>cxxxx,</span> <span class='ocrx_word' id='word_1_728' title='bbox 1174 2354 1202 2381; x_wconf 82' lang='grc'>4.</span> <span class='ocrx_word' id='word_1_729' title='bbox 1215 2352 1238 2370; x_wconf 82' lang='grc'>¹¹</span> <span class='ocrx_word' id='word_1_730' title='bbox 1253 2351 1332 2380; x_wconf 82' lang='lat' dir='ltr'>Psal.</span> <span class='ocrx_word' id='word_1_731' title='bbox 1345 2358 1443 2386; x_wconf 85' lang='lat' dir='ltr'>cxvm,</span> <span class='ocrx_word' id='word_1_732' title='bbox 1457 2352 1517 2379; x_wconf 80' lang='lat' dir='ltr'>t05.</span> 
     </span>
    </p>
   </div>
   <div class='ocr_carea' id='block_1_101' title="bbox 129 2418 890 2457">
    <p class='ocr_par' dir='ltr' id='par_1_101' title="bbox 129 2418 890 2457">
     <span class='ocr_line' id='line_1_101' title="bbox 129 2418 890 2457; baseline -0.004 -9"><span class='ocrx_word' id='word_1_733' title='bbox 129 2422 186 2456; x_wconf 77' lang='lat'>(58)</span> <span class='ocrx_word' id='word_1_734' title='bbox 291 2421 305 2449; x_wconf 85' lang='grc' dir='ltr'><strong>ἦ</strong></span> <span class='ocrx_word' id='word_1_735' title='bbox 320 2420 470 2457; x_wconf 70' lang='grc' dir='ltr'>τριάκοντα.</span> <span class='ocrx_word' id='word_1_736' title='bbox 487 2422 522 2457; x_wconf 58' lang='lat' dir='ltr'>At</span> <span class='ocrx_word' id='word_1_737' title='bbox 541 2428 615 2448; x_wconf 81' lang='lat' dir='ltr'>mss.</span> <span class='ocrx_word' id='word_1_738' title='bbox 637 2422 698 2457; x_wconf 69' lang='lat' dir='ltr'>tres</span> <span class='ocrx_word' id='word_1_739' title='bbox 712 2421 727 2449; x_wconf 75' lang='grc' dir='ltr'>ἦ</span> <span class='ocrx_word' id='word_1_740' title='bbox 745 2422 790 2446; x_wconf 82' lang='grc' dir='ltr'>καὶ</span> <span class='ocrx_word' id='word_1_741' title='bbox 804 2420 890 2457; x_wconf 74' lang='grc' dir='ltr'>τρισίκ.</span> 
     </span>
    </p>
   </div>
   <div class='ocr_carea' id='block_1_102' title="bbox 129 2455 895 2493">
    <p class='ocr_par' dir='ltr' id='par_1_102' title="bbox 129 2455 895 2493">
     <span class='ocr_line' id='line_1_102' title="bbox 129 2455 895 2493; baseline -0.001 -9"><span class='ocrx_word' id='word_1_742' title='bbox 129 2458 186 2493; x_wconf 69' lang='lat'>(59)</span> <span class='ocrx_word' id='word_1_743' title='bbox 202 2455 362 2493; x_wconf 75' lang='lat' dir='ltr'>Colbertini</span> <span class='ocrx_word' id='word_1_744' title='bbox 372 2456 432 2493; x_wconf 86' lang='lat' dir='ltr'>duo</span> <span class='ocrx_word' id='word_1_745' title='bbox 443 2456 562 2493; x_wconf 81' lang='lat' dir='ltr'>codices</span> <span class='ocrx_word' id='word_1_746' title='bbox 571 2460 618 2487; x_wconf 87' lang='grc' dir='ltr'>τῆς</span> <span class='ocrx_word' id='word_1_747' title='bbox 633 2456 768 2493; x_wconf 79' lang='grc' dir='ltr'>ἐργασίας.</span> <span class='ocrx_word' id='word_1_748' title='bbox 781 2455 840 2484; x_wconf 85' lang='lat' dir='ltr'>Nec</span> <span class='ocrx_word' id='word_1_749' title='bbox 853 2455 895 2483; x_wconf 83' lang='lat' dir='ltr'>ita.</span> 
     </span>
    </p>
   </div>
   <div class='ocr_carea' id='block_1_103' title="bbox 91 2491 890 2532">
    <p class='ocr_par' dir='ltr' id='par_1_103' title="bbox 91 2491 890 2532">
     <span class='ocr_line' id='line_1_103' title="bbox 91 2491 890 2532; baseline -0.004 -11"><span class='ocrx_word' id='word_1_750' title='bbox 91 2492 189 2532; x_wconf 75' lang='lat' dir='ltr'>multo</span> <span class='ocrx_word' id='word_1_751' title='bbox 203 2493 273 2532; x_wconf 69' lang='lat' dir='ltr'>post</span> <span class='ocrx_word' id='word_1_752' title='bbox 285 2491 356 2520; x_wconf 89' lang='lat' dir='ltr'>editi</span> <span class='ocrx_word' id='word_1_753' title='bbox 366 2495 395 2532; x_wconf 82' lang='lat' dir='ltr'>et</span> <span class='ocrx_word' id='word_1_754' title='bbox 408 2492 594 2532; x_wconf 70' lang='lat' dir='ltr'>Golbertinus</span> <span class='ocrx_word' id='word_1_755' title='bbox 602 2491 753 2532; x_wconf 75' lang='lat' dir='ltr'>secundus</span> <span class='ocrx_word' id='word_1_756' title='bbox 763 2496 794 2521; x_wconf 83' lang='grc' dir='ltr'>τῆ</span> <span class='ocrx_word' id='word_1_757' title='bbox 800 2502 810 2532; x_wconf 74' lang='grc' dir='ltr'>ς</span> <span class='ocrx_word' id='word_1_758' title='bbox 820 2493 890 2532; x_wconf 66' lang='grc' dir='ltr'>νηός.</span> 
     </span>
    </p>
   </div>
   <div class='ocr_carea' id='block_1_104' title="bbox 91 2527 892 2563">
    <p class='ocr_par' dir='ltr' id='par_1_104' title="bbox 91 2527 892 2563">
     <span class='ocr_line' id='line_1_104' title="bbox 91 2527 892 2563; baseline -0.002 -6"><span class='ocrx_word' id='word_1_759' title='bbox 91 2528 176 2557; x_wconf 86' lang='lat' dir='ltr'>Colb.</span> <span class='ocrx_word' id='word_1_760' title='bbox 200 2527 302 2555; x_wconf 87' lang='lat' dir='ltr'>tertius</span> <span class='ocrx_word' id='word_1_761' title='bbox 324 2530 404 2559; x_wconf 75' lang='grc' dir='ltr'>νηώς.</span> <span class='ocrx_word' id='word_1_762' title='bbox 428 2529 498 2563; x_wconf 80' lang='lat' dir='ltr'>Reg.</span> <span class='ocrx_word' id='word_1_763' title='bbox 522 2528 676 2556; x_wconf 84' lang='lat' dir='ltr'>secundus</span> <span class='ocrx_word' id='word_1_764' title='bbox 702 2530 774 2562; x_wconf 79' lang='grc' dir='ltr'>νεώς,</span> <span class='ocrx_word' id='word_1_765' title='bbox 797 2527 892 2555; x_wconf 74' lang='lat' dir='ltr'>Attico</span> 
     </span>
    </p>
   </div>
   <div class='ocr_carea' id='block_1_105' title="bbox 91 2572 894 2636">
    <p class='ocr_par' dir='ltr' id='par_1_105' title="bbox 91 2572 894 2636">
     <span class='ocr_line' id='line_1_105' title="bbox 91 2572 894 2636; baseline -0.002 -8"><span class='ocrx_word' id='word_1_766' title='bbox 91 2572 194 2636; x_wconf 58' lang='grc' dir='ltr'>ωῗὲδί</span> <span class='ocrx_word' id='word_1_767' title='bbox 213 2599 331 2636; x_wconf 74' lang='lat' dir='ltr'>Legitur</span> <span class='ocrx_word' id='word_1_768' title='bbox 343 2601 482 2635; x_wconf 86' lang='lat' dir='ltr'>corrupte</span> <span class='ocrx_word' id='word_1_769' title='bbox 497 2599 528 2628; x_wconf 85' lang='lat' dir='ltr'>in</span> <span class='ocrx_word' id='word_1_770' title='bbox 541 2599 672 2635; x_wconf 83' lang='lat' dir='ltr'>vulgatis</span> <span class='ocrx_word' id='word_1_771' title='bbox 686 2603 736 2626; x_wconf 87' lang='grc' dir='ltr'>τῶν</span> <span class='ocrx_word' id='word_1_772' title='bbox 750 2601 847 2632; x_wconf 84' lang='grc' dir='ltr'>πᾶσαν,</span> <span class='ocrx_word' id='word_1_773' title='bbox 863 2599 894 2627; x_wconf 86' lang='lat' dir='ltr'>at</span> 
     </span>
    </p>
   </div>
   <div class='ocr_carea' id='block_1_106' title="bbox 90 2635 565 2671">
    <p class='ocr_par' dir='ltr' id='par_1_106' title="bbox 90 2635 565 2671">
     <span class='ocr_line' id='line_1_106' title="bbox 90 2635 565 2671; baseline -0.004 -7"><span class='ocrx_word' id='word_1_774' title='bbox 90 2637 266 2671; x_wconf 86' lang='lat' dir='ltr'>incorrupte</span> <span class='ocrx_word' id='word_1_775' title='bbox 281 2635 312 2663; x_wconf 87' lang='lat' dir='ltr'>in</span> <span class='ocrx_word' id='word_1_776' title='bbox 327 2643 404 2663; x_wconf 88' lang='lat' dir='ltr'>mss.</span> <span class='ocrx_word' id='word_1_777' title='bbox 424 2639 459 2670; x_wconf 82' lang='grc' dir='ltr'>τῷ</span> <span class='ocrx_word' id='word_1_778' title='bbox 472 2639 565 2662; x_wconf 84' lang='grc' dir='ltr'>τᾶσαν.</span> 
     </span>
    </p>
   </div>
   <div class='ocr_carea' id='block_1_107' title="bbox 132 2670 892 2707">
    <p class='ocr_par' dir='ltr' id='par_1_107' title="bbox 132 2670 892 2707">
     <span class='ocr_line' id='line_1_107' title="bbox 132 2670 892 2707; baseline -0.001 -8"><span class='ocrx_word' id='word_1_779' title='bbox 132 2672 188 2707; x_wconf 83' lang='lat' dir='ltr'>(6t)</span> <span class='ocrx_word' id='word_1_780' title='bbox 201 2673 251 2707; x_wconf 81' lang='lat' dir='ltr'>Hic</span> <span class='ocrx_word' id='word_1_781' title='bbox 265 2671 296 2699; x_wconf 90' lang='lat' dir='ltr'>in</span> <span class='ocrx_word' id='word_1_782' title='bbox 310 2671 440 2707; x_wconf 79' lang='lat' dir='ltr'>vulgatis</span> <span class='ocrx_word' id='word_1_783' title='bbox 451 2671 560 2706; x_wconf 85' lang='lat' dir='ltr'>legitur</span> <span class='ocrx_word' id='word_1_784' title='bbox 568 2670 762 2703; x_wconf 76' lang='grc' dir='ltr'>χαταιπλὴξςις.</span> <span class='ocrx_word' id='word_1_785' title='bbox 772 2671 809 2699; x_wconf 81' lang='lat' dir='ltr'>At</span> <span class='ocrx_word' id='word_1_786' title='bbox 820 2678 892 2707; x_wconf 84' lang='lat' dir='ltr'>mss.</span> 
     </span>
    </p>
   </div>
   <div class='ocr_carea' id='block_1_108' title="bbox 91 2706 894 2743">
    <p class='ocr_par' dir='ltr' id='par_1_108' title="bbox 91 2706 894 2743">
     <span class='ocr_line' id='line_1_108' title="bbox 91 2706 894 2743; baseline -0.002 -7"><span class='ocrx_word' id='word_1_787' title='bbox 91 2707 182 2736; x_wconf 87' lang='lat' dir='ltr'>multi</span> <span class='ocrx_word' id='word_1_788' title='bbox 195 2706 310 2743; x_wconf 67' lang='lat' dir='ltr'>habent</span> <span class='ocrx_word' id='word_1_789' title='bbox 319 2706 704 2743; x_wconf 59' lang='grc' dir='ltr'>καταπλήξειςβοωὺθῧδὶυς</span> <span class='ocrx_word' id='word_1_790' title='bbox 714 2706 785 2734; x_wconf 91' lang='lat' dir='ltr'>velit</span> <span class='ocrx_word' id='word_1_791' title='bbox 794 2706 894 2743; x_wconf 84' lang='lat' dir='ltr'>potius</span> 
     </span>
    </p>
   </div>
   <div class='ocr_carea' id='block_1_109' title="bbox 91 2741 895 2809">
    <p class='ocr_par' dir='ltr' id='par_1_109' title="bbox 91 2741 895 2809">
     <span class='ocr_line' id='line_1_109' title="bbox 92 2741 894 2784; baseline 0.001 -15"><span class='ocrx_word' id='word_1_792' title='bbox 92 2741 411 2784; x_wconf 55' lang='grc' dir='ltr'>καταιγιδιςφνοιιειιᾶ·</span> <span class='ocrx_word' id='word_1_793' title='bbox 421 2742 471 2770; x_wconf 86' lang='lat' dir='ltr'>sed</span> <span class='ocrx_word' id='word_1_794' title='bbox 483 2743 563 2771; x_wconf 82' lang='lat' dir='ltr'>hanc</span> <span class='ocrx_word' id='word_1_795' title='bbox 574 2743 778 2784; x_wconf 81' lang='lat' dir='ltr'>conjecturam</span> <span class='ocrx_word' id='word_1_796' title='bbox 788 2741 894 2783; x_wconf 53' lang='lat' dir='ltr'>Quam;</span> 
     </span>
     <span class='ocr_line' id='line_1_110' title="bbox 91 2777 895 2809; baseline 0 -3"><span class='ocrx_word' id='word_1_797' title='bbox 91 2779 167 2808; x_wconf 78' lang='lat' dir='ltr'>libet</span> <span class='ocrx_word' id='word_1_798' title='bbox 180 2779 306 2809; x_wconf 87' lang='lat' dir='ltr'>bonam.</span> <span class='ocrx_word' id='word_1_799' title='bbox 319 2777 403 2809; x_wconf 88' lang='lat' dir='ltr'>quod</span> <span class='ocrx_word' id='word_1_800' title='bbox 417 2777 500 2806; x_wconf 90' lang='lat' dir='ltr'>nullo</span> <span class='ocrx_word' id='word_1_801' title='bbox 516 2781 650 2807; x_wconf 85' lang='lat' dir='ltr'>veterum</span> <span class='ocrx_word' id='word_1_802' title='bbox 659 2778 806 2809; x_wconf 74' lang='lat' dir='ltr'>librorum</span> <span class='ocrx_word' id='word_1_803' title='bbox 820 2780 895 2807; x_wconf 79' lang='lat' dir='ltr'>testi-</span> 
     </span>
    </p>
   </div>
   <div class='ocr_carea' id='block_1_110' title="bbox 94 2786 862 2850">
    <p class='ocr_par' dir='ltr' id='par_1_110' title="bbox 94 2786 862 2850">
     <span class='ocr_line' id='line_1_111' title="bbox 94 2786 862 2814; baseline -0.001 -7"><span class='ocrx_word' id='word_1_804' title='bbox 94 2786 167 2808; x_wconf 80' lang='grc' dir='ltr'>ιωοι</span> <span class='ocrx_word' id='word_1_805' title='bbox 180 2786 306 2813; x_wconf 85' lang='lat' dir='ltr'>nonam,</span> <span class='ocrx_word' id='word_1_806' title='bbox 319 2786 403 2814; x_wconf 86' lang='lat' dir='ltr'>quoa</span> <span class='ocrx_word' id='word_1_807' title='bbox 417 2786 500 2806; x_wconf 89' lang='lat' dir='ltr'>nuuo</span> <span class='ocrx_word' id='word_1_808' title='bbox 516 2786 650 2807; x_wconf 78' lang='lat' dir='ltr'>veterum</span> <span class='ocrx_word' id='word_1_809' title='bbox 659 2786 806 2809; x_wconf 77' lang='lat' dir='ltr'>umorum</span> <span class='ocrx_word' id='word_1_810' title='bbox 820 2786 862 2807; x_wconf 70' lang='lat' dir='ltr'>tes</span> 
     </span>
     <span class='ocr_line' id='line_1_112' title="bbox 94 2814 626 2850; baseline 0 -7"><span class='ocrx_word' id='word_1_811' title='bbox 94 2815 199 2845; x_wconf 86' lang='lat' dir='ltr'>monio</span> <span class='ocrx_word' id='word_1_812' title='bbox 213 2814 285 2844; x_wconf 82' lang='lat' dir='ltr'>nixa</span> <span class='ocrx_word' id='word_1_813' title='bbox 298 2814 347 2850; x_wconf 88' lang='lat' dir='ltr'>sit,</span> <span class='ocrx_word' id='word_1_814' title='bbox 362 2814 448 2850; x_wconf 84' lang='lat' dir='ltr'>sequi</span> <span class='ocrx_word' id='word_1_815' title='bbox 461 2814 626 2843; x_wconf 83' lang='lat' dir='ltr'>noluimus.</span> 
     </span>
    </p>
   </div>
   <div class='ocr_carea' id='block_1_111' title="bbox 984 2413 1774 2454">
    <p class='ocr_par' dir='ltr' id='par_1_111' title="bbox 984 2413 1774 2454">
     <span class='ocr_line' id='line_1_113' title="bbox 984 2413 1774 2454; baseline -0.003 -8"><span class='ocrx_word' id='word_1_816' title='bbox 984 2418 1040 2454; x_wconf 82' lang='lat'>(62)</span> <span class='ocrx_word' id='word_1_817' title='bbox 1063 2415 1146 2454; x_wconf 71' lang='lat' dir='ltr'>Regii</span> <span class='ocrx_word' id='word_1_818' title='bbox 1161 2414 1324 2454; x_wconf 38' lang='lat' dir='ltr'>_duo.mss.</span> <span class='ocrx_word' id='word_1_819' title='bbox 1349 2413 1687 2454; x_wconf 53' lang='lat' dir='ltr'>rrpoays’yom,__$ubinde</span> <span class='ocrx_word' id='word_1_820' title='bbox 1712 2415 1774 2444; x_wconf 91' lang='lat' dir='ltr'>duo</span> 
     </span>
    </p>
   </div>
   <div class='ocr_carea' id='block_1_112' title="bbox 947 2448 1774 2485">
    <p class='ocr_par' dir='ltr' id='par_1_112' title="bbox 947 2448 1774 2485">
     <span class='ocr_line' id='line_1_114' title="bbox 947 2448 1774 2485; baseline -0.002 -3"><span class='ocrx_word' id='word_1_821' title='bbox 947 2448 1201 2482; x_wconf 56' lang='lat' dir='ltr'>mss.&#39;Colb&#39;ertini</span> <span class='ocrx_word' id='word_1_822' title='bbox 1216 2448 1327 2485; x_wconf 69' lang='grc' dir='ltr'>ὀδηγίαν</span> <span class='ocrx_word' id='word_1_823' title='bbox 1339 2448 1385 2475; x_wconf 69' lang='grc' dir='ltr'>τοῦ</span> <span class='ocrx_word' id='word_1_824' title='bbox 1396 2448 1495 2477; x_wconf 83' lang='grc' dir='ltr'>πλοίου.</span> <span class='ocrx_word' id='word_1_825' title='bbox 1513 2450 1568 2478; x_wconf 82' lang='lat' dir='ltr'>Alii</span> <span class='ocrx_word' id='word_1_826' title='bbox 1580 2450 1642 2479; x_wconf 93' lang='lat' dir='ltr'>duo</span> <span class='ocrx_word' id='word_1_827' title='bbox 1657 2459 1731 2481; x_wconf 89' lang='lat' dir='ltr'>mss.</span> <span class='ocrx_word' id='word_1_828' title='bbox 1746 2455 1774 2480; x_wconf 88' lang='lat' dir='ltr'>et</span> 
     </span>
    </p>
   </div>
   <div class='ocr_carea' id='block_1_113' title="bbox 947 2488 1276 2521">
    <p class='ocr_par' dir='ltr' id='par_1_113' title="bbox 947 2488 1276 2521">
     <span class='ocr_line' id='line_1_115' title="bbox 947 2488 1276 2521; baseline -0.018 -2"><span class='ocrx_word' id='word_1_829' title='bbox 947 2490 1018 2518; x_wconf 82' lang='lat' dir='ltr'>editi</span> <span class='ocrx_word' id='word_1_830' title='bbox 1031 2492 1078 2515; x_wconf 79' lang='grc' dir='ltr'>τοῦ</span> <span class='ocrx_word' id='word_1_831' title='bbox 1093 2488 1168 2521; x_wconf 81' lang='grc' dir='ltr'>πλοῦ,</span> <span class='ocrx_word' id='word_1_832' title='bbox 1188 2489 1276 2514; x_wconf 88' lang='lat' dir='ltr'>recte.</span> 
     </span>
    </p>
   </div>
   <div class='ocr_carea' id='block_1_114' title="bbox 982 2533 1773 2573">
    <p class='ocr_par' dir='ltr' id='par_1_114' title="bbox 982 2533 1773 2573">
     <span class='ocr_line' id='line_1_116' title="bbox 982 2533 1773 2573; baseline -0.003 -7"><span class='ocrx_word' id='word_1_833' title='bbox 982 2539 1041 2573; x_wconf 88' lang='lat'>(63)</span> <span class='ocrx_word' id='word_1_834' title='bbox 1057 2537 1103 2573; x_wconf 83' lang='lat' dir='ltr'>Sic</span> <span class='ocrx_word' id='word_1_835' title='bbox 1118 2536 1179 2564; x_wconf 88' lang='lat' dir='ltr'>duo</span> <span class='ocrx_word' id='word_1_836' title='bbox 1201 2533 1361 2573; x_wconf 76' lang='lat' dir='ltr'>Colbertini</span> <span class='ocrx_word' id='word_1_837' title='bbox 1382 2535 1496 2573; x_wconf 16' lang='lat' dir='ltr'>etﬁﬂcg.</span> <span class='ocrx_word' id='word_1_838' title='bbox 1518 2533 1681 2573; x_wconf 82' lang='lat' dir='ltr'>secundus.</span> <span class='ocrx_word' id='word_1_839' title='bbox 1696 2534 1773 2565; x_wconf 85' lang='lat' dir='ltr'>Editi</span> 
     </span>
    </p>
   </div>
   <div class='ocr_carea' id='block_1_115' title="bbox 948 2570 1620 2611">
    <p class='ocr_par' dir='ltr' id='par_1_115' title="bbox 948 2570 1620 2611">
     <span class='ocr_line' id='line_1_117' title="bbox 948 2570 1620 2611; baseline -0.004 -10"><span class='ocrx_word' id='word_1_840' title='bbox 948 2570 1016 2611; x_wconf 66' lang='grc' dir='ltr'>ἔχων</span> <span class='ocrx_word' id='word_1_841' title='bbox 1030 2570 1060 2600; x_wconf 66' lang='grc' dir='ltr'>τὸ</span> <span class='ocrx_word' id='word_1_842' title='bbox 1075 2572 1188 2609; x_wconf 77' lang='grc' dir='ltr'>βλέμμα.</span> <span class='ocrx_word' id='word_1_843' title='bbox 1203 2570 1285 2599; x_wconf 88' lang='lat' dir='ltr'>Colb.</span> <span class='ocrx_word' id='word_1_844' title='bbox 1300 2570 1400 2598; x_wconf 82' lang='lat' dir='ltr'>tertius</span> <span class='ocrx_word' id='word_1_845' title='bbox 1416 2571 1484 2606; x_wconf 72' lang='grc' dir='ltr'>ἔχων</span> <span class='ocrx_word' id='word_1_846' title='bbox 1496 2572 1526 2596; x_wconf 79' lang='grc' dir='ltr'>τὸ</span> <span class='ocrx_word' id='word_1_847' title='bbox 1540 2573 1620 2607; x_wconf 62' lang='grc' dir='ltr'>ιῇιιμα.</span> 
     </span>
    </p>
   </div>
   <div class='ocr_carea' id='block_1_116' title="bbox 982 2618 1773 2668">
    <p class='ocr_par' dir='ltr' id='par_1_116' title="bbox 982 2618 1773 2668">
     <span class='ocr_line' id='line_1_118' title="bbox 982 2618 1773 2668; baseline -0.001 -18"><span class='ocrx_word' id='word_1_848' title='bbox 982 2623 1039 2668; x_wconf 64' lang='lat' dir='ltr'>(si)</span> <span class='ocrx_word' id='word_1_849' title='bbox 1061 2621 1138 2650; x_wconf 87' lang='lat' dir='ltr'>Editi</span> <span class='ocrx_word' id='word_1_850' title='bbox 1160 2621 1313 2659; x_wconf 76' lang='grc' dir='ltr'>προφανέσι.</span> <span class='ocrx_word' id='word_1_851' title='bbox 1343 2620 1462 2648; x_wconf 80' lang='lat' dir='ltr'>Veteres</span> <span class='ocrx_word' id='word_1_852' title='bbox 1485 2619 1601 2656; x_wconf 81' lang='lat' dir='ltr'>aliquot</span> <span class='ocrx_word' id='word_1_853' title='bbox 1624 2618 1693 2649; x_wconf 88' lang='lat' dir='ltr'>libri</span> <span class='ocrx_word' id='word_1_854' title='bbox 1702 2628 1773 2660; x_wconf 77' lang='grc' dir='ltr'>περι-</span> 
     </span>
    </p>
   </div>
   <div class='ocr_carea' id='block_1_117' title="bbox 948 2669 1771 2738">
    <p class='ocr_par' dir='ltr' id='par_1_117' title="bbox 948 2669 1771 2738">
     <span class='ocr_line' id='line_1_119' title="bbox 967 2669 1049 2686; baseline -0.012 0"><span class='ocrx_word' id='word_1_855' title='bbox 967 2669 1049 2686; x_wconf 87' lang='grc' dir='ltr'>ανεσι.</span> 
     </span>
     <span class='ocr_line' id='line_1_120' title="bbox 948 2670 1771 2738; baseline -0.005 -6"><span class='ocrx_word' id='word_1_856' title='bbox 948 2670 964 2697; x_wconf 55' lang='grc' dir='ltr'><strong><em>φ</em></strong></span> <span class='ocrx_word' id='word_1_857' title='bbox 984 2705 1042 2738; x_wconf 72' lang='lat'>(65)</span> <span class='ocrx_word' id='word_1_858' title='bbox 1069 2704 1141 2737; x_wconf 83' lang='lat' dir='ltr'>Reg.</span> <span class='ocrx_word' id='word_1_859' title='bbox 1166 2700 1287 2738; x_wconf 77' lang='lat' dir='ltr'>primus</span> <span class='ocrx_word' id='word_1_860' title='bbox 1307 2700 1379 2737; x_wconf 76' lang='grc' dir='ltr'>παρὰ</span> <span class='ocrx_word' id='word_1_861' title='bbox 1406 2703 1452 2726; x_wconf 86' lang='grc' dir='ltr'>τοῦ</span> <span class='ocrx_word' id='word_1_862' title='bbox 1478 2703 1597 2738; x_wconf 63' lang='grc' dir='ltr'>Σωτῆρος</span> <span class='ocrx_word' id='word_1_863' title='bbox 1623 2703 1771 2738; x_wconf 71' lang='grc' dir='ltr'>συνεργίαν,</span> 
     </span>
    </p>
   </div>
   <div class='ocr_carea' id='block_1_118' title="bbox 947 2736 1772 2776">
    <p class='ocr_par' dir='ltr' id='par_1_118' title="bbox 947 2736 1772 2776">
     <span class='ocr_line' id='line_1_121' title="bbox 947 2736 1772 2776; baseline -0.005 -8"><span class='ocrx_word' id='word_1_864' title='bbox 947 2736 1038 2776; x_wconf 65' lang='grc' dir='ltr'>ορὲηι</span> <span class='ocrx_word' id='word_1_865' title='bbox 1050 2736 1229 2776; x_wconf 66' lang='lat' dir='ltr'>Saluatoris.</span> <span class='ocrx_word' id='word_1_866' title='bbox 1245 2736 1406 2772; x_wconf 82' lang='lat' dir='ltr'>Aliquanto</span> <span class='ocrx_word' id='word_1_867' title='bbox 1427 2738 1496 2772; x_wconf 86' lang='lat' dir='ltr'>post</span> <span class='ocrx_word' id='word_1_868' title='bbox 1518 2736 1598 2776; x_wconf 78' lang='lat' dir='ltr'>idem</span> <span class='ocrx_word' id='word_1_869' title='bbox 1617 2736 1772 2776; x_wconf 54' lang='lat' dir='ltr'>codéxipe</span> 
     </span>
    </p>
   </div>
   <div class='ocr_carea' id='block_1_119' title="bbox 947 2771 1772 2808">
    <p class='ocr_par' dir='ltr' id='par_1_119' title="bbox 947 2771 1772 2808">
     <span class='ocr_line' id='line_1_122' title="bbox 947 2771 1772 2808; baseline -0.002 -5"><span class='ocrx_word' id='word_1_870' title='bbox 947 2771 988 2803; x_wconf 76' lang='grc' dir='ltr'>οῖῖι.</span> <span class='ocrx_word' id='word_1_871' title='bbox 1005 2776 1067 2803; x_wconf 80' lang='lat' dir='ltr'>Vox</span> <span class='ocrx_word' id='word_1_872' title='bbox 1089 2773 1282 2806; x_wconf 77' lang='grc' dir='ltr'>ἀτελευτήτους,</span> <span class='ocrx_word' id='word_1_873' title='bbox 1298 2771 1367 2808; x_wconf 76' lang='lat' dir='ltr'>quae</span> <span class='ocrx_word' id='word_1_874' title='bbox 1381 2771 1454 2800; x_wconf 82' lang='lat' dir='ltr'>mox</span> <span class='ocrx_word' id='word_1_875' title='bbox 1477 2771 1620 2808; x_wconf 76' lang='lat' dir='ltr'>sequitur,</span> <span class='ocrx_word' id='word_1_876' title='bbox 1642 2771 1728 2801; x_wconf 85' lang='lat' dir='ltr'>deest</span> <span class='ocrx_word' id='word_1_877' title='bbox 1740 2772 1772 2801; x_wconf 89' lang='lat' dir='ltr'>in</span> 
     </span>
    </p>
   </div>
   <div class='ocr_carea' id='block_1_120' title="bbox 948 2808 1279 2848">
    <p class='ocr_par' dir='ltr' id='par_1_120' title="bbox 948 2808 1279 2848">
     <span class='ocr_line' id='line_1_123' title="bbox 948 2808 1279 2848; baseline -0.018 -7"><span class='ocrx_word' id='word_1_878' title='bbox 948 2810 1100 2848; x_wconf 88' lang='lat' dir='ltr'>aliquibus</span> <span class='ocrx_word' id='word_1_879' title='bbox 1114 2808 1279 2838; x_wconf 84' lang='lat' dir='ltr'>codicibus.</span> 
     </span>
    </p>
   </div>
  </div>
