2059 3136
291 122 344 153 Ιιὶ3

980 123 1008 150 8.
1030 118 1154 150 BASlLll
1172 120 1278 152 MAGNI

1919 126 1973 155 424

292 187 405 216 evadas
419 185 458 214 ad
474 183 668 221 tranquillum
684 183 768 212 illum
792 192 827 212 ac
844 192 984 213 serenum
999 187 1112 221 porturr

1174 185 1257 222 λήψῃ,
1282 188 1479 223 προπέμποντος
1506 187 1542 218 εἰς
1563 188 1593 213 τὸ
1615 188 1768 224 ἔμπροσθεν,
1784 190 1829 214 καὶ
1853 191 1976 226 πραείαις

290 231 452 260 voluntatis
475 230 536 262 Dei,
553 229 599 257 cui
617 229 711 264 gloria
733 231 761 257 et
776 229 982 265 imperiumin
1009 232 1120 259 aeterna

292 276 404 305 saecula
416 275 606 303 saeculorum.
623 277 728 302 Amen.

1175 231 1266 267 οῐῦραις
1295 233 1339 257 καὶ
1365 231 1507 268 εἰρηνικαῖς
1545 231 1666 268 ἀσφαλῶς
1703 242 1732 259 σε
1761 231 1974 269 διακομίζον-τος,

1174 275 1218 305 ἕως
1249 274 1387 312 ἀποσωοῇς
1420 278 1485 314 πρὸς
1511 278 1555 303 τὸν
1588 276 1705 313 ἀκύμονα
1736 277 1828 304 ἐκεῖνον
1859 281 1904 304 καὶ
1936 281 1977 305 €3-

293 320 348 348 διον
363 321 454 357 λιμένα
465 324 511 346 τοῦ
529 319 669 356 θελήματος
684 323 730 346 τοῦ
747 323 823 346 Θεοῦ·
872 321 886 349 ἠ
900 318 965 351 δόξα
979 322 1024 347 καὶ
1036 322 1064 346 τό
1079 321 1174 357 κράτος
1190 320 1223 351 εἰς
1236 322 1296 352 τοὺς
1312 320 1493 352 ἀτελευτήτους
1505 325 1601 353 αῖῶνας
1610 326 1660 348 τῶν
1673 323 1769 348 αἰώνων
1786 323 1878 359 Ἀμὴν.

583 477 729 506 HOMlLlA
753 478 823 506 Xlll.

396 541 616 570 Exhortaloria
635 541 677 569 ad
695 544 833 570 sanctum
850 541 1008 576 baptisma.

327 607 351 635 t.
369 606 495 642 Sapiens
509 603 557 633 ille
574 605 726 639 Salomon,
742 613 843 633 rerum
853 605 884 633 in
899 605 960 634 vita
974 605 1119 640 gerenda-

288 660 356 680 rum
372 654 509 687 tempora
532 650 731 685 distinguens,
756 652 785 678 et
809 650 934 685 singulis
957 659 1026 686 quae
1041 650 1119 678 ﬁunt

288 696 432 725 idoneum
447 695 617 730 assignans,
632 695 673 722 ait
690 704 696 722 :
730 695 872 722 Omnibus
884 698 999 729 tempus
1013 698 1066 730 est,
1090 698 1118 723 et

290 744 404 775 tempus
419 740 501 767 omni
515 740 561 767 rei
571 742 613 767 est
628 748 635 766 :
664 742 778 774 tempus
791 739 943 774 pariendi,
960 742 986 767 et
1002 742 1117 774 tempus

287 785 542 818 moriendi".Ego
552 791 623 811 vero
633 784 793 811 immutata
805 783 962 819 paululum
974 784 1117 820 sapientis

287 829 445 860 sententia,
463 828 590 856 dixerim
608 828 695 855 vobis
715 827 792 855 inter
806 828 1051 856 annuntiandum
1072 836 1118 856 sa-

286 875 382 903 lutare
397 873 594 910 praeconium,
610 876 728 909 tempus
744 873 892 900 moriendi
909 881 984 908 esse,
1001 875 1030 901 et
1045 877 1117 902 tem-

286 928 344 956 pus
358 917 516 947 nascendi.
533 918 682 950 Quorsum
697 917 746 945 hic
761 925 861 946 sermo
876 918 1028 946 mutatus?
1042 917 1117 950 Quia

286 963 334 992 ille
349 963 474 1000 quidem
489 962 526 990 de
542 965 609 990 ortu
633 962 814 998 interituque
828 962 992 997 disserens,
1006 971 1116 999 corpo-

285 1016 370 1038 ream
393 1009 534 1036 naturam
555 1009 687 1040 secutus,
712 1008 811 1034 ortum
840 1008 927 1035 morti
950 1007 1117 1043 praeposuit

287 1053 364 1090 (ﬁeri
377 1053 457 1081 enim
472 1060 534 1080 non
548 1054 655 1088 potest,
680 1054 713 1080 ut
735 1054 863 1080 mortem
879 1052 1050 1088 experiatur
1064 1053 1116 1089 qui

285 1098 369 1135 prius
383 1101 472 1126 natus
485 1105 546 1125 non
560 1097 607 1131 sit)
621 1105 628 1124 :
644 1104 701 1131 ego
713 1104 784 1124 vero
798 1096 835 1124 de
850 1097 1044 1132 generatione
1060 1096 1116 1133 spi-

285 1143 383 1172 rituali
397 1142 492 1171 verba
506 1142 650 1176 facturus,
658 1144 786 1169 mortem
798 1142 864 1169 vitae
880 1143 1115 1178 praepono.Cum

284 1188 365 1217 enim
387 1196 478 1216 carne
502 1187 660 1219 morimur,
681 1186 826 1221 contingit
849 1186 939 1214 nobis
957 1190 989 1215 ut
1009 1187 1116 1223 spiritu

284 1240 459 1266 nascamur,
476 1232 518 1260 uti
527 1231 590 1268 ipse
601 1239 724 1267 quoque
736 1231 880 1259 Dominus
897 1231 951 1259 ait:
967 1232 1030 1266 Ego
1041 1231 1116 1260 occi-

285 1277 398 1310 dam,et
412 1278 512 1305 vivere
524 1276 638 1311 faciam
650 1276 684 1303 ⁸³.
701 1275 862 1303 Moriamur
877 1275 976 1311 igitur,
991 1278 1023 1304 ut
1033 1276 1114 1304 viva«

284 1330 365 1350 mus.
380 1320 566 1349 Perimamus
577 1319 719 1348 affectum
732 1320 899 1356 carnis,qui
910 1319 960 1347 Dei
971 1320 1028 1355 legi
1041 1320 1114 1348 sub-

282 1366 335 1402 jici
354 1373 417 1394 non
433 1366 532 1401 potest
546 1364 580 1399 ³⁸,
611 1366 643 1391 ut
665 1363 768 1392 valida
789 1364 911 1400 spiritus
937 1364 1054 1393 affectio
1082 1365 1114 1393 in

284 1410 374 1439 nobis
394 1410 544 1445 gignatur,
562 1408 642 1436 unde
668 1407 725 1436 vita
739 1416 861 1445 paxque
877 1408 952 1437 solet
968 1409 1048 1437 oriri.
1067 1409 1114 1438 Se-

283 1455 433 1493 peliamur
448 1462 509 1483 una
525 1462 594 1482 cum
607 1453 733 1485 Christo.
745 1454 797 1490 qui
808 1462 862 1490 pro
873 1454 961 1482 nobis
974 1456 1113 1483 mortuus

1475 481 1598 507 OMIAIA
1613 478 1661 506 II".

1306 543 1487 582 Προτρεπτικὴ
1503 542 1538 573 εἰς
1550 543 1579 568 τὸ
1592 542 1668 578 ἅγιον
1688 541 1838 579 βάπτισμα.

1210 606 1234 631 ί.
1250 603 1278 629 Ὀ
1298 605 1343 640 μὲν
1360 605 1436 640 σοφὸς
1459 603 1585 640 Σολομὼν,
1600 608 1650 630 τῶν
1672 605 1739 630 κατά
1759 606 1802 631 τὸν
1824 603 1882 641 βίον
1902 615 1974 642 πρα-

1171 649 1275 685 γμάτων
1290 650 1349 680 τοὺς
1370 651 1478 686 καιροὺς
1498 647 1617 686 διαιρῶν,
1644 651 1688 676 καὶ
1711 649 1810 685 ἑκάστῳ
1833 654 1882 676 τῶν
1904 660 1974 686 γινο-

1171 695 1251 729 μένων
1278 695 1321 719 τὸν
1351 692 1498 722 ἔπιτὴδειον
1528 693 1676 731 ἀφορίζων,
1706 695 1764 730 ἔφη·
1802 698 1862 725 Τοῖς
1892 698 1974 722 πᾶσιν

1171 738 1184 762 ὁ
1207 740 1314 774 χρόνος,
1348 740 1393 764 καὶ
1421 739 1513 775 καιρὸς
1544 743 1579 774 τῷ
1609 740 1686 765 παντὶ
1709 739 1853 776 πράγματι·
1882 742 1974 777 καιρὸς

1170 786 1215 808 τοῦ
1240 786 1330 816 τεκεῖν,
1355 784 1399 809 χαὶ
1424 785 1514 820 καιρὸς
1543 786 1588 809 τοῦ
1615 782 1761 810 ἀποθανεῖν·
1788 783 1838 820 ἐγὼ
1862 782 1901 820 δὲ,
1932 794 1976 820 μι-

1170 828 1231 864 κρὸν
1252 831 1298 853 τοῦ
1323 831 1404 863 σοφοῦ
1427 830 1474 857 τὴν
1499 827 1630 864 ἀπόφασιν
1654 828 1811 861 ὑπαλλάξας,
1828 830 1927 865 εἴποιμι
1944 828 1975 855 ἆν

1169 873 1310 908 κηρύσσων
1325 873 1386 908 ὑμῖν
1407 873 1437 899 τὸ
1465 875 1591 910 σωτήριον
1610 875 1742 911 κήρυγμα,
1768 874 1808 899 ὅτι
1822 875 1912 910 καιρὸς
1927 877 1976 900 τοῦ

1171 915 1317 951 ἀποθανεῖν,
1339 919 1383 943 καὶ
1407 919 1495 953 καιρὸς
1516 921 1562 944 τοῦ
1588 919 1752 953 γεννηθῆναι.
1775 921 1819 948 Τίς
1847 916 1876 944 δὲ
1901 919 1914 944 ὁ
1935 918 1977 945 λό-

1170 971 1217 997 γος
1232 962 1289 998 (66)
1303 966 1351 993 τῆς
1365 962 1523 998 ἐναλλαγῆςς
1550 962 1610 989 Ὀτι
1633 963 1646 989 ὁ
1673 964 1718 999 μὲν
1743 965 1801 1000 περὶ
1826 967 1875 990 τῶν
1891 963 1916 989 ἔν
1931 973 1974 999 γε-

1170 1008 1296 1032 νέσειχαὶ
1325 1007 1409 1044 φθορᾷ
1435 1005 1627 1044 διαλεγόμενος,
1656 1011 1687 1044 τῇ
1717 1011 1854 1044 σωματικῇ
1884 1008 1975 1044 ἑπόμε-

1170 1061 1212 1082 νος
1227 1053 1313 1087 φύσει,
1332 1053 1379 1080 τὴν
1403 1053 1503 1088 γένεσιν
1524 1052 1649 1089 προέταξε
1666 1057 1712 1079 τοῦ
1735 1054 1846 1079 Θανάτου
1865 1051 1975 1089 (ἀδύνα-

1169 1105 1212 1122 τον
1221 1097 1271 1133 γὰρ
1289 1097 1400 1123 θανάτου
1420 1100 1510 1133 πεῖραν
1538 1096 1623 1123 λαϐεῖν
1645 1098 1689 1123 τὸν
1713 1099 1749 1133 μὴ
1770 1100 1894 1135 πρότερον
1913 1108 1974 1134 γεν-

1169 1141 1300 1176 νηθέντα)·
1324 1140 1373 1176 ἐγὼ
1390 1139 1428 1174 δὲ,
1445 1143 1504 1178 περὶ
1519 1145 1566 1172 τῆς
1590 1145 1766 1178 πνευματικῆς
1781 1141 1975 1178 ἀναγεννήσςως

1169 1187 1212 1211 τὸν
1236 1185 1312 1221 λόγον
1340 1186 1473 1212 ποιεῖσθαι
1499 1185 1606 1222 μέλλων,
1636 1189 1680 1213 τὸν
1701 1187 1807 1213 θάνατον
1826 1189 1974 1224 προτίθημι

1168 1233 1217 1260 τῆς
1230 1230 1307 1260 ζωῆς.
1333 1231 1379 1256 Διά
1393 1231 1443 1268 γὰρ
1459 1234 1505 1257 τοῦ
1519 1230 1655 1257 ἀποϐαλεῖν
1670 1235 1700 1261 τῆ
1719 1234 1798 1269 σαρκὶ
1813 1234 1972 1269 περιγίνεται

1168 1274 1231 1310 ἡμῖν
1251 1275 1280 1300 τὸ
1301 1275 1454 1310 γεννηθῆναι
1474 1278 1510 1310 τῷ
1538 1276 1674 1312 πνεύματι,
1706 1276 1775 1301 καθά
1799 1285 1865 1311 φησι
1887 1278 1934 1303 καὶ
1960 1277 1973 1302 ὁ

1169 1320 1272 1356 Κύριος·
1287 1319 1352 1355 Ἐγὼ
1376 1318 1518 1352 ἀποκτενῶ,
1541 1322 1586 1346 καὶ
1613 1320 1660 1356 ζῇν
1689 1322 1803 1349 ποιήσω.
1827 1320 1974 1347 Ἀποθάνω-

1168 1373 1212 1400 μεν
1232 1363 1285 1396 οὖν,
1304 1364 1346 1390 ἶνα
1365 1363 1497 1400 ζήσωμεν,
1514 1363 1718 1401 Ἀποκτείνωμεν
1732 1366 1761 1391 τὸ
1778 1367 1899 1402 φρόνημα
1913 1366 1971 1400 (67)

1167 1411 1216 1439 τῆς
1241 1410 1346 1445 σαρκὸς,
1372 1410 1401 1434 τὸ
1425 1411 1460 1445 μὴ
1487 1407 1628 1445 δυνάμενον
1655 1410 1818 1445 ὑποταγῆναι
1844 1414 1881 1445 τῷ
1901 1411 1972 1446 νόμῳ

1167 1457 1214 1480 τοῦ
1238 1457 1316 1487 Θεοῦ,
1342 1453 1384 1480 ἵνα
1408 1455 1438 1480 τὸ
1467 1456 1586 1490 φρόνημα
1608 1458 1654 1480 τοῦ
1683 1456 1826 1490 πνεύματος
1859 1455 1972 1491 ἰσχυρόν

284 1503 339 1536 est,
355 1503 388 1529 ut
401 1500 491 1528 etiam
510 1507 572 1527 una
588 1507 656 1527 cum
674 1499 799 1532 Christo,
816 1499 869 1535 qui
881 1499 971 1527 nobis
983 1507 1112 1528 resurre-

1168 1498 1231 1534 ἡμῖν
1245 1498 1301 1533 (68)
1313 1497 1458 1534 ἐγγένηται,
1475 1497 1512 1525 δι’
1526 1499 1555 1524 οὗ
1568 1500 1619 1535 ζμὴ
1634 1501 1678 1525 καὶ
1694 1499 1781 1535 εἰρήνη
1793 1500 1972 1536 περιγίνεσθαι

255 1567 258 1569 ›
283 1545 388 1574 ctionis
401 1547 506 1573 auctor
518 1543 582 1577 fuit,
593 1551 798 1578 resurgamus.
810 1544 939 1579 Tempus
955 1543 1038 1572 aliud
1047 1544 1113 1572 aliis

281 1589 406 1626 quidem
418 1588 510 1617 rebus
523 1588 667 1616 idoneum
677 1590 733 1616 est:
749 1588 906 1624 proprium
925 1589 1036 1624 somni,
1047 1596 1115 1624 pro-

282 1634 382 1671 prium
397 1632 578 1669 vigiliarum,
587 1632 745 1668 proprium
756 1632 836 1666 belli,
844 1633 1000 1668 proprium
1011 1633 1112 1669 pacis:

282 1677 336 1706 sed
350 1676 542 1715 baptismatis
555 1679 674 1713 tempus
685 1679 746 1705 tota
756 1677 913 1705 hominum
931 1677 991 1705 vita
1005 1679 1114 1706 est.Ne-

280 1731 340 1760 que
354 1723 434 1752 enim
449 1730 559 1759 corpus
571 1722 655 1758 quod
668 1729 729 1749 non
741 1722 879 1758 respirat,
894 1722 1001 1756 vivere,
1013 1731 1113 1759 neque

280 1768 384 1796 anima
396 1775 463 1804 quae
479 1766 669 1795 Conditorem
684 1774 745 1794 non
766 1766 931 1802 cognoscit,
951 1767 1114 1795 consistere

280 1815 388 1850 potest.
403 1813 455 1841 Dei
471 1811 552 1840 enim
576 1811 725 1847 ignoratio
739 1811 849 1840 animm
870 1820 953 1840 mors
977 1814 1031 1840 est.
1055 1811 1112 1845 Qui

279 1860 383 1886 autem
393 1865 455 1886 non
465 1855 648 1892 baptizatus,
660 1855 708 1884 ille
719 1864 774 1884 nec
782 1856 971 1884 illuminatus
980 1858 1033 1884 est.
1041 1858 1113 1884 Rur-

279 1910 332 1930 sus
347 1902 411 1930 sine
426 1900 502 1935 luce,
519 1909 574 1929 nec
584 1900 689 1929 oculus
703 1909 772 1937 quae
786 1909 842 1929 sua
856 1903 927 1928 sunt
940 1901 1043 1935 cernit,
1055 1908 1111 1929 nec

279 1946 383 1974 anima
403 1945 498 1974 Deum
514 1943 711 1982 contemplari
731 1947 840 1982 potest.
867 1946 970 1981 ltaque
991 1948 1111 1982 tempus

279 1998 370 2018 omne
385 1990 424 2019 ad
439 1989 568 2018 salutem
579 1997 632 2026 per
643 1989 798 2026 baptisma
812 1989 1044 2026 adipiscendam
1057 1998 1111 2026 op-

278 2038 446 2072 portunum
470 2037 540 2063 est:
570 2034 632 2062 sive
660 2032 746 2070 1MI
779 2037 901 2062 noctem
924 2034 1018 2068 dicas,
1046 2035 1109 2063 sive

278 2080 370 2115 diem,
393 2080 455 2108 sive
474 2077 592 2115 horam,
622 2079 685 2107 sive
710 2079 854 2115 temporis
875 2079 1108 2116 punctum,sive

277 2125 398 2162 quidvis
415 2124 664 2153 minutissimum.
681 2125 806 2152 Credere
819 2126 921 2152 tamen
934 2132 991 2160 par
1005 2126 1059 2159 est,
1076 2123 1108 2152 id

1167 1545 1273 1579 πέφυκε.
1290 1547 1458 1580 Συνταφῶμεν
1482 1547 1518 1578 τῷ
1542 1547 1651 1581 Χριστῷ
1672 1548 1709 1580 τῷ
1732 1545 1795 1581 ὑπὲρ
1817 1544 1891 1580 ἡμῶν
1910 1543 1972 1570 ἁπο-

1170 1588 1280 1621 θανόντι,
1297 1588 1339 1614 ἵνα
1355 1589 1399 1614 καὶ
1416 1592 1616 1624 σνναναστῶμεν
1640 1592 1676 1624 τῷ
1691 1589 1753 1625 ἡμῖν
1769 1591 1812 1618 τὴν
1828 1587 1971 1615 ἀνάστασιν

1167 1632 1365 1669 προξενήσαντι.
1383 1633 1480 1669 Καιρὸς
1493 1634 1538 1669 μὲν
1553 1633 1597 1659 οὖν
1612 1632 1699 1664 ἄλλοις
1714 1633 1788 1664 ἄλλος
1809 1631 1970 1663 ἐπιτήδειος·

1167 1675 1237 1708 ἴδιος
1256 1676 1348 1711 ὑπνοιι⁷
1373 1679 1418 1703 καὶ
1441 1675 1510 1708 ἴδιος
1535 1676 1725 1714 ἐγρηγόρσεως·
1752 1676 1821 1708 ἴδιος
1842 1677 1970 1713 πολέμου⁹

1167 1724 1212 1748 καὶ
1238 1720 1308 1752 ἴδιος
1335 1722 1445 1759 εἰρήνης·
1480 1724 1571 1760 καιρός
1599 1721 1628 1748 δὲ
1650 1721 1832 1759 βαπτίσματος
1858 1723 1930 1754 ἄπας
1956 1723 1970 1748 ὁ

1166 1772 1215 1793 τῶν
1225 1766 1365 1805 ἀνθρώπων
1381 1767 1450 1804 βίος·
1479 1769 1546 1794 Οὔτε
1568 1768 1619 1805 γὰρ
1651 1771 1753 1805 σώματι
1782 1768 1830 1804 ζῇν
1856 1770 1892 1804 μὴ
1913 1767 1971 1794 ἂνα-

1166 1813 1269 1838 πνίοντι
1285 1810 1405 1846 δυνατὸν,
1429 1813 1487 1839 οὔτε
1508 1812 1585 1849 ψυχῇ
1618 1814 1783 1846 συνεστάναι,
1811 1815 1847 1849 μὴ
1877 1823 1958 1850 γνωρι

1167 1856 1250 1893 ζούσῃ
1279 1858 1324 1883 τὸν
1349 1859 1487 1885 κτίσαντα.
1511 1861 1578 1884 Θεοῦ
1592 1859 1642 1894 γὰρ
1667 1858 1761 1894 ἄγνοια
1785 1858 1894 1889 θάνατός
1914 1857 1970 1884 ἐστι

1164 1901 1268 1937 ψυχῆς.
1291 1900 1320 1927 Ὀ
1337 1900 1366 1927 di
1380 1904 1416 1938 μή
1449 1901 1606 1938 βαπτισθεὶς
1636 1902 1665 1928 οὖ
1690 1905 1862 1939 πεφώτισται.
1891 1902 1968 1928 Ἀνευ

1166 1944 1196 1972 δὲ
1211 1948 1295 1982 φωτὸς
1309 1947 1368 1972 οὔτε
1381 1945 1512 1982 ὀφθαλμὸς
1527 1947 1560 1972 τὰ
1575 1946 1666 1973 ἑαυτοῦ
1681 1947 1791 1984 καθορᾷ,
1820 1948 1876 1973 οὔτε
1890 1946 1967 1982 ψυχή

1165 1994 1233 2017 Θεοῦ
1249 1989 1377 2022 δέξασθαι
1393 1989 1504 2017 δύναται
1521 1992 1638 2029 θεωρίαν.
1665 1994 1720 2022 Πᾶς
1744 1993 1790 2028 μεν
1809 1990 1853 2017 οὖν
1873 1993 1968 2028 χρόνος

1165 2035 1294 2072 εὐκαιρίαν
1310 2036 1367 2071 ἔχει
1381 2032 1446 2073 προς
1467 2037 1514 2065 τὴν
1530 2034 1577 2062 διὰ
1602 2039 1647 2062 τοῦ
1672 2035 1858 2072 βαπτίσματος
1885 2045 1970 2065 σωτη-

1163 2082 1232 2116 ρίαν⁸
1249 2080 1296 2106 κᾶν
1320 2081 1401 2107 νύκτα
1427 2082 1511 2117 εἴπῃς,
1538 2079 1719 2118 κᾶνοόμὲραν,
1748 2080 1796 2106 κᾶν
1821 2081 1901 2117 ὥραν,
1921 2080 1968 2106 κᾶν

1165 2127 1278 2161 στιγμὴν
1296 2127 1404 2162 χρόνον,
1425 2126 1472 2151 κᾶν
1488 2135 1513 2151 τι
1529 2125 1586 2161 (69)
1613 2124 1793 2162 βραχύτατον.
1821 2125 1911 2160 Πολλῷ
1939 2123 1968 2151 δε

276 2171 396 2206 tempus
414 2172 614 2206 opportunius
637 2177 712 2201 esse,
725 2168 809 2205 quod
822 2169 911 2197 fuerit
925 2169 1023 2204 magis
1039 2177 1107 2205 pro-

1166 2167 1252 2198 δήπου
1286 2169 1353 2200 εἰκὸς
1373 2168 1580 2206 ἐπιτηδειότερον
1603 2167 1667 2195 εἶναι
1692 2171 1734 2195 τὸν
1759 2169 1920 2207 οἰκειότερον.
1936 2171 1967 2196 Τί

275 2215 376 2251 prium
391 2214 549 2250 magisque
564 2213 665 2242 afﬁne.
687 2213 764 2246 Quid
779 2216 881 2242 autem
896 2213 1043 2249 majorem
1056 2213 1107 2242 ha-

275 2258 346 2287 bere
352 2261 525 2296 potestcum
531 2258 713 2295 baptismate
719 2258 1037 2294 cognationem,quam
1044 2259 1108 2286 dies

275 2301 448 2340 Paschatis?
457 2303 524 2331 Hinc
534 2303 616 2331 enim
628 2302 693 2331 dies
704 2305 938 2331 monumentum
949 2305 993 2331 est
1007 2311 1107 2332 resur-

275 2347 434 2377 rectionis:
450 2347 606 2384 baptisma
620 2355 693 2376 vero
706 2347 751 2375 vis
766 2349 812 2376 est
821 2349 912 2383 atque
923 2347 1049 2377 facultas
1057 2356 1106 2377 re-

312 2437 336 2457 "
346 2436 440 2473 Eccle,
454 2444 496 2473 ιιι,
515 2438 540 2471 1,
556 2439 583 2464 2.
599 2435 624 2454 ⁸³
639 2437 723 2465 Deut.
733 2443 819 2471 xxxu,
831 2438 875 2465 39.
888 2436 913 2455 ⁸⁸
925 2437 1010 2466 Rom.
1026 2445 1089 2474 vni,
1101 2440 1127 2466 7.

309 2529 367 2561 (οδ)
381 2526 506 2556 Codices
518 2525 646 2562 quidam
662 2525 874 2563 Cpmbeﬂsiani
887 2535 943 2563 pro
959 2526 1036 2563 λόγος
1050 2527 1103 2556 ha-

272 2560 347 2591 bent
358 2560 466 2600 τρόπος.
484 2560 604 2597 Legitur
616 2562 748 2600 quidem
757 2565 786 2590 et
797 2562 828 2590 in
841 2560 946 2600 nostro
962 2560 1103 2600 Regrprij

273 2606 325 2627 mo
339 2597 388 2660 ςτίξΔ
401 2597 431 2625 δί
445 2599 458 2625 ὀ
478 2600 584 2635 τρόπος,
607 2597 660 2626 sed
679 2598 817 2626 additum
837 2598 892 2627 fuit
906 2598 936 2626 in
960 2597 1016 2627 ora
1034 2597 1104 2627 libri

273 2643 317 2660 'ID'
334 2645 347 2660 ο
379 2644 450 2660 ονιοε.

273 2643 317 2671 γρ·
334 2645 347 2660 ο
364 2643 450 2670 Λογος.

308 2674 364 2709 (67)
390 2673 478 2706 Illud,
504 2673 691 2710 ἀποκτείνωμεν
714 2675 744 2700 τὸ
767 2675 894 2710 φρόνημα,
912 2676 980 2705 etc.,
1003 2673 1046 2702 sic
1069 2674 1101 2702 in

272 2708 399 2744 Vulgata
418 2717 597 2737 conversum
611 2708 750 2741 legimus.
770 2708 951 2738 Occiitamus
968 2711 1101 2744 pruden-

273 2747 346 2774 tiam
357 2745 506 2776 carnismt
519 2746 684 2780 prudentia
698 2746 823 2780 spiritus
837 2746 1034 2780 genereturin
1050 2754 1101 2774 no-

274 2782 334 2812 bis:
348 2789 442 2818 quam
457 2781 738 2818 interpretationem
749 2781 957 2817 ascripsimus,
974 2784 1006 2810 ut
1015 2782 1099 2818 quis-

1164 2212 1190 2240 δ’
1205 2213 1234 2240 ἆν
1254 2216 1353 2250 γένοιτο
1378 2219 1424 2246 τῆς
1448 2215 1548 2251 ἡμέρας
1573 2218 1617 2240 τοῦ
1642 2215 1744 2250 Πάσχα
1766 2216 1965 2251 συγγενέστερον

1162 2259 1228 2296 πρὸς
1248 2259 1278 2285 τὸ
1295 2258 1454 2295 βάπτισμα;
1483 2258 1512 2285 Ἠ
1537 2260 1582 2295 μὲν
1608 2259 1658 2296 γὰρ
1686 2260 1771 2296 ἡμέρα
1798 2261 1965 2295 μνημόσυνόν

1162 2303 1233 2330 ἐστιν
1246 2303 1424 2335 ἀναστάσεως·
1449 2305 1478 2330 τὸ
1494 2301 1523 2330 δὲ
1540 2303 1681 2340 βάπτισμα
1700 2302 1813 2340 δύναμίς
1829 2303 1886 2330 ἔστι
1901 2305 1964 2341 πρὸς

1161 2350 1209 2378 τὴν
1228 2348 1382 2376 ἀνάστασιν.
1400 2348 1441 2376 Ἐν
1456 2350 1542 2376 τοίνυν
1566 2351 1599 2385 τῇ
1625 2347 1797 2385 ἁναστασὶμῳ
1817 2349 1905 2387 ἡμέρᾳ
1918 2352 1965 2380 τῆς

1159 2535 1219 2564 que
1230 2527 1354 2564 seligere
1360 2527 1458 2564 possit
1464 2526 1548 2564 quod
1555 2526 1612 2555 sibi
1619 2527 1717 2564 magis
1722 2527 1908 2564 placiturum
1914 2527 1960 2557 sit.

1196 2565 1250 2599 (68)
1267 2562 1351 2601 leb.
1361 2562 1486 2601 th‘imjls
1500 2562 1614 2601 καθαρον
1631 2562 1742 2601 ἐν-ἠμῖν.
1757 2563 1833 2591 Editl
1849 2564 1961 2601 ὶσχνρρν

1158 2598 1184 2625 ἄν
1199 2600 1260 2635 ἡμῖν
1276 2598 1423 2634 ἐγγένηται.
1441 2599 1512 2633 Reg.
1529 2598 1633 2626 tertius
1653 2599 1676 2625 ἐν
1688 2598 1754 2636 ἦμῖν
1773 2598 1961 2635 γενηταὶξᾹΙῘί

1157 2634 1220 2662 duo
1231 2643 1304 2662 mss.
1320 2635 1432 2662 ὶσγυοὸν
1446 2635 1508 2662 ἡμῖν
1521 2633 1668 2662 ἐγγένηται,

1181 2643 1220 2662 uo
1231 2643 1304 2662 mss.
1320 2644 1432 2663 ισγυοον
1446 2645 1508 2663 nu.“
1521 2643 1668 2663 ενσγενηται,

1193 2645 1220 2662 lo
1231 2645 1304 2662 mss.
1320 2645 1432 2672 ισχυρον
1446 2645 1508 2670 ny.“
1521 2645 1668 2670 ιγγενηται,

1193 2676 1249 2709 (69)
1262 2674 1336 2702 Editi
1353 2675 1399 2700 κάν
1415 2683 1460 2711 τις»
1476 2675 1595 2711 Veteres
1617 2675 1752 2711 quinque
1767 2674 1836 2703 libri
1857 2675 1906 2702 κᾶν
1920 2677 1958 2704 τό.

1155 2710 1391 2748 AliquantopOSt
1398 2709 1604 2748 Colb.primu_s
1616 2709 1745 2748 etreditio
1758 2711 1887 2748 Parim-ﬁ
1901 2711 1958 2738 ἁνα-

1156 2745 1279 2782 στασίμῳ
1294 2745 1388 2782 ἡμέρᾳ.
1398 2746 1459 2782 Vox
1470 2745 1576 2782 ultima
1585 2745 1695 2782 inraliis
1708 2748 1840 2782 quatuor
1853 2745 1957 2778 mss.et

1155 2782 1185 2810 in
1198 2781 1329 2810 editione
1344 2781 1433 2810 Basil.
1449 2789 1512 2810 non
1525 2781 1688 2810 invenitur.
