2059 3136
116 138 160 166 429

650 134 793 163 HOMlLlA
812 133 846 162 IN
866 131 1027 160 SANCTUM
1046 130 1237 160 BAPTlSMA.

1737 130 1789 158 430

117 203 204 230 στικῶς
226 201 255 225 τὸ
279 197 351 235 ὕδωρ
373 201 458 236 τρίτον
483 199 541 224 τότε
565 202 610 224 τοῦ
641 197 732 234 βωμοῦ
761 196 907 231 κατεχύθη,

968 194 1044 229 ignis
1056 194 1165 222 exstitit
1175 194 1268 228 origo,
1285 192 1413 229 atquein
1427 192 1553 220 modum
1564 192 1619 220 olei
1635 192 1790 220 ﬂammam

117 244 180 282 ἁρχὴ
201 243 299 280 ἐγένετο
318 247 354 278 τῷ
378 245 453 280 πυρὶ,
476 245 521 268 καὶ
546 242 624 277 ἐξῆψε
645 245 691 270 τὴν
714 241 795 278 φλιὶγα
823 239 908 275 ὣσπερ

116 289 202 315 ﬂama.
234 287 333 314 Λάϐετέ
360 296 415 323 μοι⁷
445 289 534 322 φησὶν,
575 285 680 322 ὑδρίας,
722 288 766 311 καὶ
794 285 911 320 ἐπιχέετε

117 333 154 359 ἐπὶ
179 334 209 358 τὸ
237 332 408 367 ὁλοκαύτωμα
441 333 486 357 καὶ
525 330 567 357 ἐπὶ
606 332 653 361 τὰς
683 328 829 366 σχίᾶακας.
861 330 912 354 Καὶ

118 379 174 405 εἷπε·
205 379 392 414 Δευτερώσατὲ,
422 379 466 402 καὶ
507 375 692 412 ἕδευτέρωσαν·
727 378 910 413 Τριοσωσατε,

116 425 155 450 καὶ
188 422 351 459 ὶτρίσσωσαν
376 422 440 456 (79)·
477 419 624 451 δεικνύντος
660 424 706 446 τοῦ
746 420 835 455 λόγου,
872 420 912 445 ὅτι

119 465 160 494 διὰ
182 471 228 493 τοῦ
255 465 439 502 βαπτίσματος
467 469 503 501 τῷ
533 469 589 500 Θεῷ
618 465 759 491 οἰκειοῦται
776 465 802 489 ’ὁ
830 473 911 500 προσ-

118 514 243 548 αγόμενος,
258 513 303 537 καὶ
322 510 361 536 ὃτι
382 514 433 546 φῶς
457 511 571 546 καθαρὸν
590 512 635 535 καὶ
664 509 781 547 οὐράνιον
806 508 829 534 ἐν
854 508 912 539 (80)

118 560 169 587 ταῖς
189 560 239 582 τῶν
263 557 423 592 προσιόντων
446 554 550 590 ψυχαῖς
573 553 620 580 διὰ
634 558 681 584 τῆς
698 554 732 584 εἰς
747 555 794 582 τὴν
809 551 913 590 Τριάὸα

117 602 224 632 πίστεως
251 599 406 635 ἀναλάμπει.
436 602 466 626 Ei.
490 601 593 636 χρυσόν
627 603 657 635 τῇ
688 597 815 633 ἐκκλησίᾳ
836 595 913 623 διένε-

117 655 169 681 μον,
197 644 244 670 οὑκ
272 645 303 670 ἄν
329 654 374 680 μοι
400 643 478 674 εἶπες·
506 645 599 681 Αὔριον
617 643 680 676 ἥξω,
697 645 741 669 καὶ
757 644 847 679 αὔριον
863 640 914 667 δώ-

119 699 177 720 σεις·
205 688 257 716 ἀλλ’
289 688 397 725 ἀπῄτεις
423 688 453 714 ἂν
480 687 534 718 ἤδη
561 690 608 718 τὴν
639 686 766 724 διανομὴν
795 689 913 713 κατεπεί-

116 743 173 770 γων,
208 735 253 759 καὶ
278 731 433 770 ἐδυσφόρεις
457 734 522 769 πρὸς
545 734 592 761 τὴν
607 733 754 770 ὑπέρθεσιν·
772 730 862 760 ἐπειδὴ
885 729 914 757 (is

118 778 166 814 οὐχ
191 778 255 808 ὕλης
279 779 413 814 εὔχροιαν,
435 776 499 803 ἀλλὰ
521 776 614 813 ψυχῆς
625 778 794 813 καθαρότητα
808 778 913 813 προτεί-

117 825 182 849 νεταί
207 832 248 849 σοι
272 824 285 848 ὁ
308 820 499 859 μεγαλόδωρος,
533 822 676 858 προφάσεις
695 821 795 857 πλαττ-ῃ
818 823 863 846 καὶ
876 819 914 846 αἰ-

967 239 1112 267 accendit.
1120 239 1142 266 A
1150 239 1255 273 ecipile
1262 238 1345 273 mihi,
1353 238 1459 274 inquit,
1469 237 1633 272 hydrias,et
1641 238 1792 273 infundite

966 291 1056 319 super
1067 284 1286 318 holocaustum,
1298 286 1325 311 et
1333 285 1577 318 super-segmenta
1589 282 1792 318 lignorumﬂt

966 329 1045 356 dixit
1058 337 1063 356 :
1085 328 1221 356 Secundo
1234 328 1329 362 facite
1339 329 1365 355 et
1376 327 1506 355 secundo
1519 327 1658 361 fecerunt
1676 335 1682 354 :
1695 327 1792 355 Tertio

964 373 1069 407 facile,
1081 377 1107 401 et
1119 373 1207 401 tertio
1217 373 1355 407 fecerunt
1367 373 1388 399 ‘.
1401 371 1516 404 Quibus
1532 372 1679 408 scriptura
1693 374 1794 400 osten-

966 418 1010 446 dit
1033 426 1085 454 per
1106 417 1260 453 baptisma.
1281 418 1340 445 Deo
1361 417 1504 453 conjungi
1529 425 1565 444 ac
1580 417 1731 445 conciliari
1741 416 1795 453 qui

967 463 1090 497 venerit,
1106 470 1275 499 puramque
1289 469 1324 490 ac
1340 461 1491 490 caelestem
1502 461 1600 489 lucem
1610 461 1640 489 in
1652 461 1795 490 acceden-

968 507 1042 535 tium
1064 507 1174 535 animis
1197 515 1251 543 per
1269 507 1360 534 tidem
1387 506 1418 534 in
1440 506 1612 534 Trinitatem
1636 506 1795 541 refulgere.

972 552 1057 587 116
1077 551 1164 585 Quod
1187 551 1212 578 si
1234 559 1342 579 aurum
1353 550 1484 578 ecclesias
1496 550 1717 584 distribuerem,
1734 558 1796 579 non

968 596 1070 632 utique
1092 604 1172 623 esses
1197 595 1271 623 mihi
1296 595 1448 623 dicturus:
1462 597 1533 623 Cras
1548 595 1719 627 veniam,et
1731 603 1797 623 cras

968 640 1056 669 dabis
1072 650 1077 668 :
1096 640 1220 676 sedjam
1232 639 1795 676 cxposceres,urgensdistributionem,

969 688 997 714 et
1012 685 1186 714 dilationem
1198 685 1301 713 animo
1312 685 1416 721 iniquo
1432 684 1536 712 ferres.
1553 685 1701 717 Quoniam
1725 692 1798 713 vero

968 731 1016 759 hic
1028 731 1076 759 ille
1089 738 1266 766 magnorum
1275 729 1426 758 donorum
1435 729 1558 765 largitor
1568 737 1630 757 non
1640 730 1799 758 materiam

969 775 1093 812 pulchre
1105 775 1282 807 coloratam,
1299 774 1351 802 sed
1365 774 1473 802 animae
1483 774 1643 810 puritatem
1651 774 1703 802 tibi
1712 774 1799 803 offert

969 820 1204 848 comminisccris
1220 819 1430 847 excusaliones
1447 827 1453 853 ;
1470 821 1561 855 atque
1571 827 1680 846 causas
1691 819 1797 848 etim-

117 870 171 898 τίσις
181 866 329 904 ἀπαριθμῇ,
346 865 404 894 δίον
419 866 577 904 ἐπιτρέχειν,
589 870 625 901 τῷ
641 864 727 903 δώρῳ,
745 865 780 892 Ὠ
793 869 839 891 τοῦ
853 865 914 891 θαὺ‹

969 865 1142 902 pedimenta
1150 872 1298 899 recenses,
1310 872 1379 891 cum
1390 863 1430 891 ad
1439 863 1555 891 donum
1565 863 1690 891 deberes
1697 872 1798 892 accur-

117 921 192 948 ματος
223 914 229 938 l
258 911 424 948 ἁνακαινίζῃ,
454 913 490 947 μὴ
527 912 711 947 χωνευόμενος-

117 959 150 993 μὴ
185 956 392 993 σνντριϐόμενος·
431 957 570 992 θεραπεύῃ,
601 957 636 991 μή
672 953 840 991 ὀδυνώμενος,
869 956 936 993 xuii

118 1002 144 1028 οὐ
158 1000 249 1038 λογίζῃ
266 1003 313 1030 τὴν
328 1001 419 1037 χάριν.
435 1000 466 1027 Εἰ
481 998 574 1031 δοῦλος
596 999 736 1037 ἀνθρώπων
752 1000 833 1036 ᾖσθα,
847 1007 913 1036 προ-
931 998 935 1040 1

118 1046 212 1083 εγράφη
230 1044 259 1072 δὲ
275 1044 378 1076 δούλοις
392 1045 531 1082 ἆλευθιρία,
549 1044 594 1070 οὐκ
621 1045 652 1070 οἶν
682 1044 722 1070 ἐπὶ
746 1045 793 1073 τὴν
821 1045 913 1080 κυρίαν

118 1089 278 1123 ἁπήντησας,
315 1091 475 1127 συνηγόρους
496 1090 676 1126 μισθούμενος,
706 1089 751 1114 καὶ
784 1086 914 1119 δικαστὰς

118 1135 271 1172 παρακαλῶν
313 1135 380 1160 ὥστε
415 1135 488 1170 πάσῃ
530 1137 638 1170 μηχανῇ
677 1135 742 1170 πρὸς
770 1131 936 1169 ἕλευθερίανν

119 1178 349 1217 ἔξαιρεθῆναιςἹΙ
378 1189 427 1205 που
456 1180 502 1204 καὶ
529 1179 660 1215 ῥάπισμα,
690 1180 737 1206 τὴν
766 1177 938 1213 τελευταίανΕ

117 1229 164 1251 τῶν
190 1222 289 1251 δούλων
312 1223 425 1259 πληγὴν,
448 1224 512 1261 ὑπὲρ
535 1227 584 1254 τῆς
598 1224 663 1259 μετά
677 1226 767 1256 ,ταῦτα
781 1226 830 1248 τῶν
846 1222 913 1248 αἰκι-
936 1228 939 1244 π

119 1272 188 1306 σμῶν
213 1267 364 1304 ἀπαλλαγῆς
389 1266 546 1303 κατεδέχου.
570 1265 676 1296 Ἐπειδὴ
694 1265 723 1293 δῖε
744 1265 836 1293 δοῦλον
852 1268 913 1292 dum
936 1276 939 1293 ι

118 1323 155 1349 σε,
182 1313 230 1340 οὐκ
253 1312 402 1350 ἀνθρώπων,
429 1311 493 1338 ἀλλὰ
518 1316 566 1343 τῆς
589 1313 729 1349 αμάρτίας,
754 1311 825 1338 καλιῖ
848 1312 912 1347 πρὸς

116 1358 256 1396 ἐλευθερίαν
286 1358 299 1383 ὁ
326 1357 419 1395 κῆρυξ,
444 1358 485 1383 ἳνα
505 1356 571 1393 λύσῃ
593 1359 638 1393 μέν
664 1365 693 1383 σε
706 1360 754 1387 τῆς
770 1355 910 1392 αἰχμαλω-

116 1405 180 1435 σίας,
210 1402 359 1432 ἰσοπολίτην
393 1400 422 1428 δε
450 1404 505 1432 τοῖς
523 1403 580 1437 (Si)
605 1400 721 1436 ἀγγέλοις
737 1403 849 1437 ποιήσῃγ
866 1402 910 1427 καὶ

113 1449 167 1475 υἱὸν
183 1448 228 1484 μὲν
242 1445 368 1483 ἀποδείξῃ
382 1450 428 1473 τοῦ
445 1449 510 1473 Θεοῦ
533 1446 715 1474 ιίσποιηθὲντα
730 1444 777 1472 διὰ
791 1449 840 1475 τῆς
858 1446 909 1481 χά-

112 1501 192 1530 ριτος,
220 1492 377 1530 κληρονόμον
391 1489 422 1517 δὲ
440 1495 491 1517 τῶν
514 1489 616 1526 ἀγαθῶν
631 1494 677 1516 τοῦ
692 1493 820 1527 Χριστοῦ·
837 1490 908 1516 οὔπω

752 909 912 946 ἀναπλάττῃ,
934 911 938 953 J

969 918 1041 939 rere.
1055 911 1076 938 0
1090 918 1153 938 rem
1166 910 1270 937 miram
1289 909 1295 937 1
1311 910 1479 944 renovaris,
1495 916 1551 937 nec
1566 908 1710 937 conﬂaris
1727 919 1734 943 ;
1749 917 1798 938 re—

968 955 1120 989 formaris,
1137 963 1191 982 ncc
1207 954 1370 982 contereris
1385 963 1392 988 ;
1408 954 1533 985 curaris,
1544 961 1600 982 nec
1611 954 1705 982 sentis
1715 953 1799 983 dolo-

967 1007 1042 1031 rem,
1069 1002 1097 1028 et
1125 1002 1226 1028 tamen
1254 999 1285 1027 id
1313 998 1452 1027 beneﬁcii
1466 1001 1566 1026 tecum
1579 1006 1642 1027 non
1664 1001 1796 1035 reputas.

969 1045 1078 1072 Servus
1090 1044 1248 1072 hominum
1260 1044 1285 1072 si
1301 1052 1395 1078 esses,
1411 1043 1564 1079 servisque
1575 1043 1679 1072 fuisset
1689 1052 1798 1080 propo-

968 1088 1164 1122 sitalibertas,
1181 1096 1283 1116 nonne
1299 1088 1481 1116 oecurrisses
1504 1087 1543 1116 ad
1564 1089 1674 1116 statam
1704 1087 1795 1124 diem,

968 1133 1142 1161 conducens
1153 1136 1307 1169 patronos,
1323 1132 1502 1168 judicesque
1517 1140 1640 1167 rogans,
1657 1135 1690 1160 ut
1712 1133 1798 1161 omni

967 1186 1060 1214 opera
1084 1177 1226 1206 assereris
1251 1177 1281 1205 in
1299 1177 1468 1205 libertatem
1483 1177 1497 1205 ?
1511 1177 1586 1208 Quin
1612 1179 1641 1205 et
1660 1177 1793 1214 alapam,

967 1225 1153 1259 postremam
1160 1230 1315 1250 servorum
1327 1229 1447 1258 plenam
1457 1221 1611 1258 perferres,
1620 1222 1689 1250 utin
1698 1225 1796 1258 poste-

965 1275 1034 1295 rum
1043 1275 1061 1295 a
1077 1266 1252 1301 verberibus
1265 1266 1341 1294 liber
1351 1267 1437 1294 ﬁeres
1447 1268 1475 1294 et
1485 1266 1637 1294 immunis.
1646 1267 1794 1299 Quoniam

966 1314 1067 1340 autem
1080 1314 1106 1340 te
1120 1319 1252 1347 servum,
1264 1319 1324 1339 non
1334 1311 1564 1346 liominum,sed
1575 1311 1699 1347 peccati,
1712 1312 1752 1340 ad
1761 1312 1795 1340 li-

964 1357 1111 1384 bertatem
1127 1364 1226 1393 praeco
1237 1359 1335 1391 vocat,
1348 1358 1378 1384 ut
1390 1358 1415 1384 te
1426 1356 1594 1392 captivitate
1612 1356 1744 1385 solutum
1756 1365 1792 1385 ex

965 1409 1054 1437 [equo
1070 1409 1139 1429 cum
1149 1401 1264 1436 angelis
1271 1400 1391 1428 civitate
1405 1400 1508 1435 donet,
1523 1403 1611 1436 teque
1621 1400 1729 1429 efﬁciat
1739 1410 1792 1438 per

964 1445 1136 1482 adoptionis
1153 1445 1281 1481 gratiam
1296 1445 1392 1473 tilium
1406 1445 1467 1479 Dei,
1480 1447 1509 1473 et
1520 1445 1672 1473 bonorum
1685 1445 1792 1474 Christi

963 1490 1115 1518 haeredem
1131 1490 1288 1518 :nondum
1303 1493 1422 1526 tempus
1438 1498 1502 1518 esse
1527 1490 1592 1518 haec
1611 1490 1694 1519 dona
1713 1490 1790 1519 exci-

111 1537 191 1574 λέγεις
213 1535 276 1564 εἶναί
302 1546 344 1563 σοι
367 1537 459 1573 καιρὸν
476 1534 604 1567 δέξασθαι
616 1536 649 1561 τὰ
660 1533 796 1572 διδόμενα.
809 1534 843 1561 Ὠ
857 1538 907 1560 τῶν

967 1535 1064 1572 piendi
1084 1535 1171 1563 dicis.
1186 1536 1208 1563 Ο
1224 1535 1442 1571 impedimenta
1463 1543 1557 1571 prava
1570 1535 1576 1563 !
1589 1536 1610 1563 Ο
1627 1537 1746 1572 turpem
1761 1539 1790 1564 et

110 1586 227 1620 πονηρῶν
255 1579 386 1618 ἔμποδίων
410 1580 416 1608 1
438 1581 458 1606 ὢ
481 1584 527 1611 τῆς
555 1580 673 1617 αἰσχρᾶς
699 1582 743 1606 καὶ
770 1578 906 1606 ἀτελέστου

111 1626 238 1663 ἀσχολίας
255 1626 261 1653 i
279 1625 347 1657 Ἕως
360 1628 423 1652 πότι
437 1623 551 1660 ἠδοναί;
567 1625 615 1656 ἕως
637 1626 699 1651 πότε
723 1623 883 1653 ἡδυπάθειαι
898 1632 905 1658 ;

110 1672 193 1699 Πολὺν
220 1670 346 1707 ὶζήσαμεν
372 1672 467 1708 χρόνον
487 1668 524 1705 τῷ
546 1672 647 1706 κόσμῳ,
670 1670 791 1705 ζήσωμεν
818 1668 907 1695 λοιπὸν

109 1719 154 1743 καὶ
176 1715 286 1746 ἑαυτοῖς.
316 1717 348 1742 Τί
374 1714 466 1750 ψυχῆς
491 1713 608 1746 ἀντάξιον
623 1716 673 1746 ςΤί
693 1714 845 1740 ἰσοστάσιον
860 1718 907 1744 τῆς

110 1759 251 1797 βασιλιίας
263 1762 313 1785 τῶν
325 1759 438 1797 οὐρανῶν
456 1768 462 1793 ;
478 1762 524 1790 Τις
540 1758 754 1795 ἀξιοπιστότερος
776 1767 818 1785 σοι
838 1758 908 1794 σύμ-

109 1803 203 1835 ϐουλος
222 1807 269 1830 τοῦ
294 1807 360 1830 Θεοῦ
377 1813 384 1838 ;
398 1805 445 1834 Τίς
460 1806 649 1840 φρονιμώτερος
661 1807 707 1829 τοῦ
725 1807 824 1839 sopori;
839 1803 854 1832 ἢ
871 1805 909 1833 τίς

108 1847 306 1885 ὠφελιμώτερος
327 1851 373 1874 τοῦ
396 1846 495 1883 ἀγαθοῦ
516 1856 523 1882 ;
545 1849 588 1878 Τίς
618 1851 664 1874 τοῦ
693 1847 752 1882 (82)
773 1849 909 1878 κτίσαντος

109 1892 267 1930 οἰκειότερος
290 1901 297 1926 ;
323 1890 393 1919 Ούδέ
413 1896 445 1928 τῇ
473 1891 528 1928 Εὓᾳ
550 1894 690 1927 συνήνεγκε
715 1895 746 1928 τῇ
762 1895 808 1918 τοῦ
833 1893 910 1927 ὄφεως

110 1937 246 1974 συμϐουλῇ
270 1937 411 1966 πεισθῆναι
430 1936 525 1974 μᾶλλον
557 1938 572 1966 ἦ
599 1941 630 1973 τῇ
651 1940 697 1963 τοῦ
722 1934 911 1963 Δεσπότου.⁴Ω

108 1986 158 2013 τῆς
185 1981 292 2012 ἀτοπίας
320 1985 370 2007 τῶν
393 1981 566 2017 λόγωνιούκ
589 1981 646 2017 ἄγω
668 1980 769 2017 σχολὴν
793 1982 908 2017 ὑγιᾶναι·

107 2028 190 2063 μήπω
217 2036 263 2063 μοι
285 2024 372 2062 δείξῃς
387 2027 418 2052 τὸ
433 2029 493 2062 φῶς·
510 2027 588 2062 μήπω
604 2025 722 2062 συνήψῃς
743 2029 779 2061 τῷ
795 2025 908 2052 Βασιλεῖ.

108 2069 148 2096 Οὐ
160 2073 244 2096 ταῦτα
258 2069 341 2106 λέγεις
355 2070 477 2107 ἄντικρυς
496 2078 503 2104 ;
516 2069 618 2097 Μᾶλλον
632 2068 661 2096 δί
676 2071 709 2096 τὰ
729 2070 827 2096 τούτων
855 2069 911 2096 ἀλο-

106 2117 261 2151 γιστότερα.
284 2116 318 2141 Σὺ
348 2113 388 2148 δί,
417 2114 440 2140 εἰ
458 2116 502 2150 μὶν
524 2112 555 2146 ἧς
570 2114 776 2151 ἐγγεγραμμένος
789 2117 842 2144 τοῖς
863 2112 912 2143 δη-

961 1580 1181 1608 interminatam
1190 1580 1420 1616 occupationem
1430 1579 1435 1607 ε
1444 1580 1788 1616 Quousquetandemvo-

960 1623 1091 1661 luptates
1101 1624 1281 1660 7usquequo
1292 1624 1405 1652 delicia:
1414 1626 1427 1649 Ρ
1435 1624 1568 1651 Viximus
1575 1624 1706 1652 multum
1716 1627 1788 1653 tem-

961 1677 1020 1706 pus
1037 1669 1163 1704 mundo,
1177 1668 1326 1704 reliquum
1339 1669 1477 1696 vivamus
1488 1670 1516 1696 et
1528 1668 1618 1696 nobis
1628 1668 1713 1704 ipsis.
1734 1670 1786 1697 Ec-

961 1713 1037 1750 quid
1052 1713 1162 1742 animaa
1177 1712 1393 1748 inquiparabile
1408 1713 1422 1740 7
1437 1713 1513 1745 Quid
1528 1720 1622 1748 regno
1642 1714 1788 1742 caelorum

962 1757 1205 1794 comparandum
1221 1757 1234 1783 ‘I
1244 1756 1314 1789 Quis
1331 1756 1384 1784 tibi
1398 1757 1585 1784 consiliarius
1598 1757 1658 1784 ﬁde
1669 1757 1789 1792 dignior

962 1809 1057 1838 quam
1068 1803 1157 1829 Deus.
1170 1800 1240 1834 Quis
1252 1800 1429 1836 prudentior
1437 1801 1583 1837 sapiente,
1596 1803 1646 1830 aut
1656 1802 1725 1838 quis
1735 1802 1790 1830 uti-

962 1846 1018 1874 lior
1030 1846 1111 1874 bono
1124 1846 1137 1873 ‘I
1161 1845 1231 1878 Quis
1245 1845 1398 1873 conditore
1420 1845 1609 1881 conjunctior
1620 1846 1634 1874 ‘I
1647 1847 1704 1874 Nec
1723 1848 1788 1874 Eva:

964 1890 1110 1927 serpentis
1126 1890 1251 1918 consilio
1267 1890 1430 1918 credidisse
1442 1891 1540 1926 magis
1553 1899 1647 1927 quam
1671 1891 1790 1919 Domini

964 1936 1083 1972 profuit.
1094 1937 1115 1963 Ο
1126 1936 1228 1971 inepta
1241 1935 1334 1963 verba
1346 1936 1352 1963 ε
1365 1937 1428 1963 Non
1441 1937 1527 1964 vacat
1537 1935 1640 1964 sanari
1651 1936 1790 1964 nondum

963 1979 1107 2008 ostendas
1120 1979 1193 2007 mihi
1205 1980 1315 2014 lucem,
1326 1980 1465 2008 nondum
1471 1980 1639 2016 conjungas
1648 1988 1696 2008 me
1707 1981 1790 2016 Regi.

965 2027 1068 2055 Nonne
1082 2025 1147 2053 haec
1162 2025 1404 2062 aperteloqueris
1419 2026 1432 2053 ‘I
1444 2026 1506 2054 Imo
1517 2026 1607 2054 etiam
1620 2026 1667 2054 his
1686 2026 1792 2055 absur-

965 2070 1062 2099 diora.
1077 2071 1119 2098 Tu
1133 2070 1214 2098 enim
1227 2070 1251 2097 si
1265 2078 1346 2098 esses
1358 2070 1476 2098 tributis
1493 2070 1620 2106 publicis
1631 2070 1792 2103 obnoxius,

965 2115 1212 2151 nuntiareturque
1221 2115 1375 2143 undelibet
1383 2114 1569 2142 debitoribus
1576 2115 1715 2143 rescissio
1725 2116 1793 2143 uaris

108 2161 216 2195 μοσίοις
239 2158 384 2196 ὀφλήμασι,
403 2162 489 2195 χρεῶν
514 2157 544 2186 δὴ
571 2158 703 2186 ἀποκοπαὶ
730 2162 783 2190 τοῖς
813 2160 911 2185 meo-

967 2160 1054 2188 alieni
1071 2167 1077 2186 :
1093 2159 1201 2187 deinde
1212 2159 1350 2195 essetqui
1359 2167 1412 2195 per
1420 2159 1562 2195 injuriam
1571 2160 1690 2195 privare
1699 2162 1726 2187 te
1736 2160 1794 2188 hac

107 2214 165 2236 νοις
193 2203 431 2241 περιηγγίλθησαν,
457 2201 512 2230 εἶτά
533 2212 572 2234 τις
599 2202 630 2233 ἧν
651 2204 665 2230 ὁ
693 2205 757 2240 πρὸς
790 2203 912 2241 ἐπήρειαν

109 2249 223 2286 ἄμοιρόν
245 2257 274 2274 σε
286 2252 398 2278 ποιῆσαι
411 2252 460 2278 τῆς
480 2250 677 2285 συγχωρήσιως
692 2249 788 2278 ταύτης
814 2248 913 2284 ἐπιχει-

109 2296 176 2331 ρῶν·
200 2292 355 2328 ἠγανάκτεις
375 2291 406 2318 ἆν
430 2295 474 2319 καὶ
498 2292 579 2327 ἂϐόας,
610 2294 642 2323 ὡς
667 2294 697 2319 τὸ
721 2292 856 2319 ἐπιϐάλλον
873 2302 914 2319 σοι

109 2339 193 2375 μέρος
220 2341 266 2368 τῆς
293 2341 383 2369 κοινῆς
405 2338 515 2375 χάριτος
541 2337 737 2375 ἀφαιρούμενος.
756 2336 861 2367 Ἐπειδή
886 2335 916 2364 δί

109 2381 142 2407 οὐ
168 2383 247 2417 μόνον
274 2381 367 2418 ἄφεσις
389 2386 439 2408 τῶν
466 2381 652 2419 παρελθόντων,
678 2381 743 2408 ἀλλὰ
762 2384 806 2408 καὶ
820 2380 916 2419 δωρεαὶ

109 2429 165 2452 τῶν
185 2425 326 2462 μελλόντων
349 2427 600 2464 προεκηρύχθησαν,
630 2426 710 2458 αἰετὸς
731 2428 839 2453 σεαυτὸν
859 2425 917 2453 ἀδι-

108 2473 178 2503 κῶν,
202 2470 221 2497 ἃ
244 2468 308 2507 μηδ’
329 2470 361 2498 ἂν
375 2475 425 2498 τῶν
437 2470 539 2509 ἐχθρῶν
555 2473 598 2499 σοί
613 2481 652 2502 τις
668 2471 832 2509 ἄπηρεάσατο
847 2472 916 2508 (83),

149 2541 161 2558 ⁸
175 2542 296 2577 ΠΙΒθε.
309 2549 390 2577 xviii,
405 2543 450 2571 34.

149 2612 210 2679 ἕἹθ)
221 2612 323 2654 Codex
330 2613 486 2642 Medicmus
492 2614 682 2654 Τριινσιύο-οιτεξ
688 2615 734 2640 καὶ
739 2612 780 2655 ἆτρ
785 2615 921 2654 [σο-ουσαν.

165 2649 212 2679 80)
227 2649 337 2676 Addita
351 2651 396 2677 est
408 2649 519 2678 vocula
533 2649 559 2675 ἐν
571 2649 701 2677 exlibris
713 2652 854 2679 antiquis.
868 2650 921 2677 lbi-

165 2649 212 2682 80)
227 2649 337 2685 Addita
351 2651 396 2677 est
408 2649 519 2678 vocula
533 2649 559 2675 ἐν
571 2657 608 2677 ex
616 2649 701 2677 libris
713 2649 854 2685 antiquis.
868 2650 922 2677 lbi-

108 2683 188 2712 dem
205 2684 288 2721 Colit.
306 2684 409 2713 tertius
419 2689 476 2716 ταῖς
487 2686 559 2721 ἡμῶν
570 2688 740 2721 προσιόντων.

150 2721 212 2754 (81)
221 2719 304 2756 Cpib.
318 2721 436 2756 primus
446 2719 596 2749 ἰσοπολίτην
606 2719 636 2747 δέ
645 2730 674 2747 σε
684 2724 747 2751 τοῖς.
758 2721 923 2756 Aliquanto

113 2757 190 2790 post
201 2755 284 2783 Golb.
303 2755 407 2783 tertius
423 2755 551 2787 δέξασθαί
565 2765 602 2783 σε.

153 2792 214 2826 (82)
230 2790 314 2820 Colb.
329 2791 447 2827 primus
462 2792 476 2821 ἢ
493 2794 534 2822 τίς
544 2795 600 2819 τοῦ.
618 2792 723 2820 Statim
738 2800 814 2820 mss.
846 2801 924 2821 non-

968 2204 1191 2233 condonatione
1201 2206 1361 2232 conaretur
1373 2213 1380 2238 ;
1391 2212 1583 2232 succenseres
1591 2204 1692 2240 utique
1699 2206 1728 2233 et
1737 2204 1796 2233 cla—

968 2257 1079 2284 mares,
1090 2251 1122 2277 ut
1134 2248 1186 2285 qui
1201 2256 1238 2277 ea
1248 2249 1419 2277 communis
1426 2248 1563 2277 beneﬁcii
1571 2249 1796 2285 portione,tu

970 2294 1010 2322 ad
1038 2296 1066 2322 te
1092 2293 1237 2324 attineret,
1268 2293 1451 2330 spoliareris.
1475 2295 1638 2330 Postquam
1654 2302 1724 2322 vero
1736 2302 1798 2322 non

970 2338 1192 2375 praeteritorum
1220 2338 1311 2366 modo
1336 2338 1528 2374 condonalio,
1559 2339 1612 2366 sed
1626 2338 1798 2367 futurorum

971 2383 1062 2411 etiam
1076 2383 1248 2418 largitiones
1261 2383 1545 2419 prienuutiutresunt
1557 2392 1563 2417 ;
1577 2385 1602 2411 te
1613 2383 1676 2419 ipse
1689 2383 1800 2418 injuria

972 2427 1118 2462 atﬁciens,
1134 2430 1285 2463 quantum
1300 2435 1338 2455 ne
1355 2427 1432 2455 ullus
1449 2427 1571 2463 quidem
1589 2427 1730 2455 inimicus
1748 2427 1800 2455 tibi

972 2472 1137 2504 nocuisset,
1146 2474 1276 2508 putasne
1285 2474 1312 2500 te
1319 2472 1371 2500 tibi
1380 2472 1592 2500 convenienter
1601 2471 1799 2506 consuluisse,

977 2615 1050 2652 nulli
1075 2618 1105 2652 τῇ
1134 2618 1180 2652 reo
1204 2616 1284 2652 ὄφεως
1312 2615 1477 2652 συμϐουλίᾳ,
1492 2614 1600 2643 Necita
1615 2614 1711 2644 multo
1724 2614 1804 2643 infra

978 2651 1061 2679 Coll).
1078 2651 1180 2679 tertius
1196 2659 1251 2686 pro
1267 2651 1349 2686 λογων
1369 2651 1459 2678 habet
1474 2651 1613 2686 λογισμῶν.

1014 2687 1067 2722 (83)
1096 2687 1217 2722 Antiqui
1239 2689 1298 2714 tres
1321 2687 1387 2714 libri
1417 2687 1579 2723 ἐπηράσατο.
1602 2686 1666 2713 Edit
1685 2688 1803 2723 ctch.

979 2722 1081 2750 tertius
1096 2724 1270 2759 έπηρεάο-ατο,
1286 2726 1373 2750 recte.
1388 2722 1501 2749 lhidcm
1519 2724 1645 2756 utraque
1657 2722 1745 2749 editio
1759 2724 1806 2746 οϊει

978 2760 1181 2794 προσηκόντως-ν
1200 2759 1236 2785 At
1261 2759 1354 2786 nostri
1365 2766 1416 2785 sex
1433 2765 1505 2785 tuss.
1524 2760 1698 2792 προσήκοντα,
1715 2764 1807 2784 sensu

979 2801 1041 2821 non
1055 2793 1206 2822 dissimili.
