  <div class='ocr_page' id='page_1' title='image "/cluster/home/n/w/nwhite01/storage/ocr_20150623/31/njp.32101013202609/230.png"; bbox 0 0 2059 3136; ppageno 0'>
   <div class='ocr_carea' id='block_1_1' title="bbox 131 128 182 155">
    <p class='ocr_par' dir='ltr' id='par_1_1' title="bbox 131 128 182 155">
     <span class='ocr_line' id='line_1_1' title="bbox 131 128 182 155; baseline -0.02 0"><span class='ocrx_word' id='word_1_1' title='bbox 131 128 182 155; x_wconf 75' lang='grc'><strong>437</strong></span> 
     </span>
    </p>
   </div>
   <div class='ocr_carea' id='block_1_2' title="bbox 133 189 965 229">
    <p class='ocr_par' dir='ltr' id='par_1_2' title="bbox 133 189 965 229">
     <span class='ocr_line' id='line_1_2' title="bbox 133 189 965 229; baseline 0.006 -15"><span class='ocrx_word' id='word_1_2' title='bbox 133 193 181 219; x_wconf 80' lang='grc' dir='ltr'>τῆς</span> <span class='ocrx_word' id='word_1_3' title='bbox 195 189 317 225; x_wconf 80' lang='grc' dir='ltr'>χάριτος,</span> <span class='ocrx_word' id='word_1_4' title='bbox 330 189 344 219; x_wconf 76' lang='grc' dir='ltr'>ἢ</span> <span class='ocrx_word' id='word_1_5' title='bbox 362 189 526 224; x_wconf 81' lang='grc' dir='ltr'><strong>ἀναισθήτως</strong></span> <span class='ocrx_word' id='word_1_6' title='bbox 539 194 608 229; x_wconf 73' lang='grc' dir='ltr'>ἔχεις</span> <span class='ocrx_word' id='word_1_7' title='bbox 623 197 672 219; x_wconf 84' lang='grc' dir='ltr'>τῶν</span> <span class='ocrx_word' id='word_1_8' title='bbox 686 194 834 229; x_wconf 74' lang='grc' dir='ltr'><strong>γινομένων.</strong></span> <span class='ocrx_word' id='word_1_9' title='bbox 846 190 927 218; x_wconf 78' lang='grc' dir='ltr'>Ὅταν</span> <span class='ocrx_word' id='word_1_10' title='bbox 943 192 965 219; x_wconf 78' lang='grc' dir='ltr'><strong>Α</strong></span> 
     </span>
    </p>
   </div>
   <div class='ocr_carea' id='block_1_3' title="bbox 131 231 927 275">
    <p class='ocr_par' dir='ltr' id='par_1_3' title="bbox 131 231 927 275">
     <span class='ocr_line' id='line_1_3' title="bbox 131 231 927 275; baseline 0.003 -15"><span class='ocrx_word' id='word_1_11' title='bbox 131 231 159 260; x_wconf 65' lang='grc' dir='ltr'>δι</span> <span class='ocrx_word' id='word_1_12' title='bbox 187 235 232 259; x_wconf 74' lang='grc' dir='ltr'><strong>καὶ</strong></span> <span class='ocrx_word' id='word_1_13' title='bbox 260 233 440 271; x_wconf 75' lang='grc' dir='ltr'><strong>ἐπιστημόνως</strong></span> <span class='ocrx_word' id='word_1_14' title='bbox 468 240 514 267; x_wconf 82' lang='grc' dir='ltr'>τὴν</span> <span class='ocrx_word' id='word_1_15' title='bbox 538 239 619 275; x_wconf 81' lang='grc' dir='ltr'><strong>χάριν</strong></span> <span class='ocrx_word' id='word_1_16' title='bbox 648 236 708 275; x_wconf 78' lang='grc' dir='ltr'><strong>δέξῃ</strong></span> <span class='ocrx_word' id='word_1_17' title='bbox 737 240 794 264; x_wconf 78' lang='grc' dir='ltr'>τότε</span> <span class='ocrx_word' id='word_1_18' title='bbox 821 238 850 264; x_wconf 87' lang='grc' dir='ltr'>τὸ</span> <span class='ocrx_word' id='word_1_19' title='bbox 882 238 927 273; x_wconf 72' lang='grc' dir='ltr'>μὲν</span> 
     </span>
    </p>
   </div>
   <div class='ocr_carea' id='block_1_4' title="bbox 129 277 788 321">
    <p class='ocr_par' dir='ltr' id='par_1_4' title="bbox 129 277 788 321">
     <span class='ocr_line' id='line_1_4' title="bbox 129 277 788 321; baseline 0.005 -14"><span class='ocrx_word' id='word_1_20' title='bbox 129 277 252 305; x_wconf 73' lang='grc' dir='ltr'>τάλαντον</span> <span class='ocrx_word' id='word_1_21' title='bbox 264 279 406 315; x_wconf 78' lang='grc' dir='ltr'>ἔχιις,.τὴν</span> <span class='ocrx_word' id='word_1_22' title='bbox 426 280 456 309; x_wconf 72' lang='grc' dir='ltr'><strong>δὲ</strong></span> <span class='ocrx_word' id='word_1_23' title='bbox 475 280 598 321; x_wconf 74' lang='grc' dir='ltr'><strong>ἐργασίαν</strong></span> <span class='ocrx_word' id='word_1_24' title='bbox 611 283 658 310; x_wconf 76' lang='grc' dir='ltr'><strong>οὐχ</strong></span> <span class='ocrx_word' id='word_1_25' title='bbox 673 281 788 321; x_wconf 80' lang='grc' dir='ltr'>ἐπιφέρῃ.</span> 
     </span>
    </p>
   </div>
   <div class='ocr_carea' id='block_1_5' title="bbox 164 413 927 454">
    <p class='ocr_par' dir='ltr' id='par_1_5' title="bbox 164 413 927 454">
     <span class='ocr_line' id='line_1_5' title="bbox 164 413 927 454; baseline 0.004 -15"><span class='ocrx_word' id='word_1_26' title='bbox 164 413 190 440; x_wconf 86' lang='lat'><strong>6.</strong></span> <span class='ocrx_word' id='word_1_27' title='bbox 212 414 335 449; x_wconf 84' lang='grc' dir='ltr'>Μίμησαι</span> <span class='ocrx_word' id='word_1_28' title='bbox 359 415 401 441; x_wconf 82' lang='grc' dir='ltr'>τὸν</span> <span class='ocrx_word' id='word_1_29' title='bbox 425 415 562 451; x_wconf 73' lang='grc' dir='ltr'>εὐνοῦχον.</span> <span class='ocrx_word' id='word_1_30' title='bbox 580 416 660 454; x_wconf 80' lang='grc' dir='ltr'>Εὗρεν</span> <span class='ocrx_word' id='word_1_31' title='bbox 683 415 778 447; x_wconf 74' lang='grc' dir='ltr'>ἓκεῖνος</span> <span class='ocrx_word' id='word_1_32' title='bbox 801 417 843 443; x_wconf 82' lang='grc' dir='ltr'>τὸν</span> <span class='ocrx_word' id='word_1_33' title='bbox 868 425 927 442; x_wconf 78' lang='grc' dir='ltr'>κατ-</span> 
     </span>
    </p>
   </div>
   <div class='ocr_carea' id='block_1_6' title="bbox 129 458 928 498">
    <p class='ocr_par' dir='ltr' id='par_1_6' title="bbox 129 458 928 498">
     <span class='ocr_line' id='line_1_6' title="bbox 129 458 928 498; baseline 0.005 -15"><span class='ocrx_word' id='word_1_34' title='bbox 129 460 258 493; x_wconf 84' lang='grc' dir='ltr'>ηχοῦντα,</span> <span class='ocrx_word' id='word_1_35' title='bbox 279 459 322 485; x_wconf 83' lang='grc' dir='ltr'>καὶ</span> <span class='ocrx_word' id='word_1_36' title='bbox 345 458 391 485; x_wconf 69' lang='grc' dir='ltr'><strong>οὐκ</strong></span> <span class='ocrx_word' id='word_1_37' title='bbox 416 459 538 497; x_wconf 76' lang='grc' dir='ltr'>ὑπορεῖδε</span> <span class='ocrx_word' id='word_1_38' title='bbox 557 463 603 491; x_wconf 81' lang='grc' dir='ltr'>τὴν</span> <span class='ocrx_word' id='word_1_39' title='bbox 623 461 750 498; x_wconf 79' lang='grc' dir='ltr'>μάθησιν,</span> <span class='ocrx_word' id='word_1_40' title='bbox 764 459 818 487; x_wconf 80' lang='grc' dir='ltr'>ἀλλ’</span> <span class='ocrx_word' id='word_1_41' title='bbox 838 460 880 487; x_wconf 82' lang='grc' dir='ltr'><strong>ἐπὶ</strong></span> <span class='ocrx_word' id='word_1_42' title='bbox 899 462 928 487; x_wconf 84' lang='grc' dir='ltr'>τὸ</span> 
     </span>
    </p>
   </div>
   <div class='ocr_carea' id='block_1_7' title="bbox 130 501 929 540">
    <p class='ocr_par' dir='ltr' id='par_1_7' title="bbox 130 501 929 540">
     <span class='ocr_line' id='line_1_7' title="bbox 130 501 929 540; baseline 0.003 -12"><span class='ocrx_word' id='word_1_43' title='bbox 130 502 201 540; x_wconf 77' lang='grc' dir='ltr'>ἅρμα</span> <span class='ocrx_word' id='word_1_44' title='bbox 224 501 396 531; x_wconf 71' lang='grc' dir='ltr'>ἀνεϐιϐάσθη-ο</span> <span class='ocrx_word' id='word_1_45' title='bbox 417 506 461 532; x_wconf 84' lang='grc' dir='ltr'>τὸν</span> <span class='ocrx_word' id='word_1_46' title='bbox 484 507 582 536; x_wconf 77' lang='grc' dir='ltr'>πένητα</span> <span class='ocrx_word' id='word_1_47' title='bbox 607 505 620 533; x_wconf 86' lang='grc' dir='ltr'><strong><em>ὀ</em></strong></span> <span class='ocrx_word' id='word_1_48' title='bbox 641 505 775 539; x_wconf 84' lang='grc' dir='ltr'>πλούσιος,</span> <span class='ocrx_word' id='word_1_49' title='bbox 791 506 834 532; x_wconf 80' lang='grc' dir='ltr'>τὸν</span> <span class='ocrx_word' id='word_1_50' title='bbox 858 504 929 532; x_wconf 78' lang='grc' dir='ltr'><strong>ἰδιώ-</strong></span> 
     </span>
    </p>
   </div>
   <div class='ocr_carea' id='block_1_8' title="bbox 127 547 927 588">
    <p class='ocr_par' dir='ltr' id='par_1_8' title="bbox 127 547 927 588">
     <span class='ocr_line' id='line_1_8' title="bbox 127 547 927 588; baseline 0.005 -16"><span class='ocrx_word' id='word_1_51' title='bbox 127 556 174 576; x_wconf 82' lang='grc' dir='ltr'>την</span> <span class='ocrx_word' id='word_1_52' title='bbox 196 549 241 574; x_wconf 81' lang='grc' dir='ltr'><strong>καὶ</strong></span> <span class='ocrx_word' id='word_1_53' title='bbox 263 547 484 586; x_wconf 71' lang='grc' dir='ltr'>εὐκαταφρόνητον</span> <span class='ocrx_word' id='word_1_54' title='bbox 513 551 526 577; x_wconf 92' lang='grc' dir='ltr'><strong>ό</strong></span> <span class='ocrx_word' id='word_1_55' title='bbox 557 550 670 587; x_wconf 77' lang='grc' dir='ltr'>σοϐαρὸς</span> <span class='ocrx_word' id='word_1_56' title='bbox 695 552 740 577; x_wconf 81' lang='grc' dir='ltr'>καὶ</span> <span class='ocrx_word' id='word_1_57' title='bbox 767 551 927 588; x_wconf 76' lang='grc' dir='ltr'><strong>ὑπέρογκος·</strong></span> 
     </span>
    </p>
   </div>
   <div class='ocr_carea' id='block_1_9' title="bbox 128 590 929 632">
    <p class='ocr_par' dir='ltr' id='par_1_9' title="bbox 128 590 929 632">
     <span class='ocr_line' id='line_1_9' title="bbox 128 590 929 632; baseline 0.005 -14"><span class='ocrx_word' id='word_1_58' title='bbox 128 592 173 619; x_wconf 75' lang='grc' dir='ltr'><strong>καὶ</strong></span> <span class='ocrx_word' id='word_1_59' title='bbox 188 590 329 628; x_wconf 69' lang='grc' dir='ltr'>διδαχθεὶς</span> <span class='ocrx_word' id='word_1_60' title='bbox 351 595 380 620; x_wconf 80' lang='grc' dir='ltr'>τὸ</span> <span class='ocrx_word' id='word_1_61' title='bbox 405 593 560 632; x_wconf 74' lang='grc' dir='ltr'>Εὐαγγὲλιον</span> <span class='ocrx_word' id='word_1_62' title='bbox 581 599 631 627; x_wconf 85' lang='grc' dir='ltr'>τῆς</span> <span class='ocrx_word' id='word_1_63' title='bbox 658 594 804 632; x_wconf 74' lang='grc' dir='ltr'><strong>βασιλείας,</strong></span> <span class='ocrx_word' id='word_1_64' title='bbox 826 594 929 628; x_wconf 71' lang='grc' dir='ltr'>ἐδέξατο</span> 
     </span>
    </p>
   </div>
   <div class='ocr_carea' id='block_1_10' title="bbox 129 635 931 675">
    <p class='ocr_par' dir='ltr' id='par_1_10' title="bbox 129 635 931 675">
     <span class='ocr_line' id='line_1_10' title="bbox 129 635 931 675; baseline 0.002 -11"><span class='ocrx_word' id='word_1_65' title='bbox 129 637 175 672; x_wconf 70' lang='grc' dir='ltr'>μὲν</span> <span class='ocrx_word' id='word_1_66' title='bbox 200 640 231 673; x_wconf 74' lang='grc' dir='ltr'>τῇ</span> <span class='ocrx_word' id='word_1_67' title='bbox 264 635 362 675; x_wconf 70' lang='grc' dir='ltr'>καρδίᾳ</span> <span class='ocrx_word' id='word_1_68' title='bbox 386 641 433 668; x_wconf 83' lang='grc' dir='ltr'>τὴν</span> <span class='ocrx_word' id='word_1_69' title='bbox 457 642 557 674; x_wconf 84' lang='grc' dir='ltr'>πίστιν,</span> <span class='ocrx_word' id='word_1_70' title='bbox 587 640 633 666; x_wconf 73' lang='grc' dir='ltr'>οὐκ</span> <span class='ocrx_word' id='word_1_71' title='bbox 668 635 802 666; x_wconf 67' lang='grc' dir='ltr'>ἀνεϐάλετο</span> <span class='ocrx_word' id='word_1_72' title='bbox 831 638 860 666; x_wconf 71' lang='grc' dir='ltr'><strong>δὲ</strong></span> <span class='ocrx_word' id='word_1_73' title='bbox 883 641 931 669; x_wconf 78' lang='grc' dir='ltr'>τὴν</span> 
     </span>
    </p>
   </div>
   <div class='ocr_carea' id='block_1_11' title="bbox 131 679 931 721">
    <p class='ocr_par' dir='ltr' id='par_1_11' title="bbox 131 679 931 721">
     <span class='ocr_line' id='line_1_11' title="bbox 131 679 931 721; baseline 0.006 -15"><span class='ocrx_word' id='word_1_74' title='bbox 131 679 267 718; x_wconf 69' lang='grc' dir='ltr'>σφραγῖδα</span> <span class='ocrx_word' id='word_1_75' title='bbox 287 686 333 708; x_wconf 84' lang='grc' dir='ltr'>τοῦ</span> <span class='ocrx_word' id='word_1_76' title='bbox 351 684 510 720; x_wconf 78' lang='grc' dir='ltr'>Πνεύματος,</span> <span class='ocrx_word' id='word_1_77' title='bbox 522 683 630 714; x_wconf 71' lang='grc' dir='ltr'>Ἐπειδὴ</span> <span class='ocrx_word' id='word_1_78' title='bbox 648 685 697 721; x_wconf 77' lang='grc' dir='ltr'><strong>γὰρ</strong></span> <span class='ocrx_word' id='word_1_79' title='bbox 720 683 873 715; x_wconf 77' lang='grc' dir='ltr'>ἀπήντησαν</span> <span class='ocrx_word' id='word_1_80' title='bbox 892 685 931 721; x_wconf 83' lang='lat'><strong>(2)</strong></span> 
     </span>
    </p>
   </div>
   <div class='ocr_carea' id='block_1_12' title="bbox 130 723 929 767">
    <p class='ocr_par' dir='ltr' id='par_1_12' title="bbox 130 723 929 767">
     <span class='ocr_line' id='line_1_12' title="bbox 130 723 929 767; baseline 0.005 -16"><span class='ocrx_word' id='word_1_81' title='bbox 130 723 219 760; x_wconf 73' lang='grc' dir='ltr'>ὓδατι,</span> <span class='ocrx_word' id='word_1_82' title='bbox 238 724 317 760; x_wconf 78' lang='grc' dir='ltr'><strong>Ἰδοὺ,</strong></span> <span class='ocrx_word' id='word_1_83' title='bbox 334 729 424 763; x_wconf 72' lang='grc' dir='ltr'><strong>φησὶν,</strong></span> <span class='ocrx_word' id='word_1_84' title='bbox 440 727 523 765; x_wconf 78' lang='grc' dir='ltr'>ὕδωρ,</span> <span class='ocrx_word' id='word_1_85' title='bbox 542 729 585 756; x_wconf 79' lang='grc' dir='ltr'><strong>Ἐκ</strong></span> <span class='ocrx_word' id='word_1_86' title='bbox 606 731 778 767; x_wconf 78' lang='grc' dir='ltr'><strong>περιχαρείας</strong></span> <span class='ocrx_word' id='word_1_87' title='bbox 800 730 813 755; x_wconf 85' lang='grc' dir='ltr'><strong>ὁ</strong></span> <span class='ocrx_word' id='word_1_88' title='bbox 837 729 910 766; x_wconf 73' lang='grc' dir='ltr'>λόγος</span> <span class='ocrx_word' id='word_1_89' title='bbox 923 739 929 746; x_wconf 88' lang='grc'>·</span> 
     </span>
    </p>
   </div>
   <div class='ocr_carea' id='block_1_13' title="bbox 130 768 929 810">
    <p class='ocr_par' dir='ltr' id='par_1_13' title="bbox 130 768 929 810">
     <span class='ocr_line' id='line_1_13' title="bbox 130 768 929 810; baseline 0.006 -15"><span class='ocrx_word' id='word_1_90' title='bbox 130 768 200 796; x_wconf 82' lang='grc' dir='ltr'><strong>’ἰδοὺ</strong></span> <span class='ocrx_word' id='word_1_91' title='bbox 231 772 260 796; x_wconf 87' lang='grc' dir='ltr'>τὸ</span> <span class='ocrx_word' id='word_1_92' title='bbox 286 770 451 808; x_wconf 78' lang='grc' dir='ltr'>ζητούμενον,</span> <span class='ocrx_word' id='word_1_93' title='bbox 479 775 510 800; x_wconf 84' lang='grc' dir='ltr'>Τὶ</span> <span class='ocrx_word' id='word_1_94' title='bbox 543 773 635 800; x_wconf 79' lang='grc' dir='ltr'>κωλύει</span> <span class='ocrx_word' id='word_1_95' title='bbox 664 784 696 810; x_wconf 83' lang='grc' dir='ltr'><strong>με</strong></span> <span class='ocrx_word' id='word_1_96' title='bbox 730 773 929 810; x_wconf 80' lang='grc' dir='ltr'>βαπτισθῆναι;</span> 
     </span>
    </p>
   </div>
   <div class='ocr_carea' id='block_1_14' title="bbox 129 813 930 855">
    <p class='ocr_par' dir='ltr' id='par_1_14' title="bbox 129 813 930 855">
     <span class='ocr_line' id='line_1_14' title="bbox 129 813 930 855; baseline 0.006 -16"><span class='ocrx_word' id='word_1_97' title='bbox 129 813 213 840; x_wconf 86' lang='grc' dir='ltr'>Ὀπου</span> <span class='ocrx_word' id='word_1_98' title='bbox 238 817 390 852; x_wconf 78' lang='grc' dir='ltr'>προαίρεσις</span> <span class='ocrx_word' id='word_1_99' title='bbox 416 815 518 854; x_wconf 70' lang='grc' dir='ltr'>ἑτοίμη,</span> <span class='ocrx_word' id='word_1_100' title='bbox 544 818 573 843; x_wconf 83' lang='grc' dir='ltr'>τὸ</span> <span class='ocrx_word' id='word_1_101' title='bbox 598 817 695 844; x_wconf 74' lang='grc' dir='ltr'>κωλύον</span> <span class='ocrx_word' id='word_1_102' title='bbox 719 816 805 845; x_wconf 73' lang='grc' dir='ltr'><strong>οὐδέν.</strong></span> <span class='ocrx_word' id='word_1_103' title='bbox 833 817 861 844; x_wconf 83' lang='grc' dir='ltr'><em>Ὀ</em></span> <span class='ocrx_word' id='word_1_104' title='bbox 880 819 930 855; x_wconf 74' lang='grc' dir='ltr'><strong>γὰρ</strong></span> 
     </span>
    </p>
   </div>
   <div class='ocr_carea' id='block_1_15' title="bbox 129 858 966 899">
    <p class='ocr_par' dir='ltr' id='par_1_15' title="bbox 129 858 966 899">
     <span class='ocr_line' id='line_1_15' title="bbox 129 858 966 899; baseline 0.01 -15"><span class='ocrx_word' id='word_1_105' title='bbox 129 858 212 884; x_wconf 78' lang='grc' dir='ltr'>καλῶν</span> <span class='ocrx_word' id='word_1_106' title='bbox 243 859 439 897; x_wconf 75' lang='grc' dir='ltr'>φιλάνθρωπος,</span> <span class='ocrx_word' id='word_1_107' title='bbox 472 861 484 887; x_wconf 88' lang='grc' dir='ltr'><strong><em>ὀ</em></strong></span> <span class='ocrx_word' id='word_1_108' title='bbox 519 860 640 893; x_wconf 71' lang='grc' dir='ltr'>διάκονος</span> <span class='ocrx_word' id='word_1_109' title='bbox 677 862 800 899; x_wconf 69' lang='grc' dir='ltr'>εὐτρεπὴς</span> <span class='ocrx_word' id='word_1_110' title='bbox 830 863 879 898; x_wconf 81' lang='grc'><strong>(3),</strong></span> <span class='ocrx_word' id='word_1_111' title='bbox 913 863 928 892; x_wconf 83' lang='grc' dir='ltr'>ἡ</span> <span class='ocrx_word' id='word_1_112' title='bbox 947 872 966 898; x_wconf 86' lang='grc' dir='ltr'><strong><em>Β</em></strong></span> 
     </span>
    </p>
   </div>
   <div class='ocr_carea' id='block_1_16' title="bbox 128 904 930 946">
    <p class='ocr_par' dir='ltr' id='par_1_16' title="bbox 128 904 930 946">
     <span class='ocr_line' id='line_1_16' title="bbox 128 904 930 946; baseline 0.006 -17"><span class='ocrx_word' id='word_1_113' title='bbox 128 905 210 941; x_wconf 76' lang='grc' dir='ltr'>χάρις</span> <span class='ocrx_word' id='word_1_114' title='bbox 238 904 363 942; x_wconf 71' lang='grc' dir='ltr'>ἄφθονος·</span> <span class='ocrx_word' id='word_1_115' title='bbox 390 906 405 935; x_wconf 89' lang='grc' dir='ltr'><strong>ἡ</strong></span> <span class='ocrx_word' id='word_1_116' title='bbox 442 907 577 944; x_wconf 77' lang='grc' dir='ltr'><strong>προθυμία</strong></span> <span class='ocrx_word' id='word_1_117' title='bbox 610 906 789 946; x_wconf 78' lang='grc' dir='ltr'>ἔνυπαρχέτω,</span> <span class='ocrx_word' id='word_1_118' title='bbox 824 909 869 933; x_wconf 85' lang='grc' dir='ltr'><em>καί</em></span> <span class='ocrx_word' id='word_1_119' title='bbox 901 909 930 935; x_wconf 88' lang='grc' dir='ltr'>τὸ</span> 
     </span>
    </p>
   </div>
   <div class='ocr_carea' id='block_1_17' title="bbox 130 946 931 990">
    <p class='ocr_par' dir='ltr' id='par_1_17' title="bbox 130 946 931 990">
     <span class='ocr_line' id='line_1_17' title="bbox 130 946 931 990; baseline 0.006 -16"><span class='ocrx_word' id='word_1_120' title='bbox 130 946 271 988; x_wconf 71' lang='grc' dir='ltr'><strong>ἐμποδίζον</strong></span> <span class='ocrx_word' id='word_1_121' title='bbox 293 950 340 976; x_wconf 68' lang='grc' dir='ltr'><strong>οὐκ</strong></span> <span class='ocrx_word' id='word_1_122' title='bbox 361 951 446 978; x_wconf 79' lang='grc' dir='ltr'>ἔσται.</span> <span class='ocrx_word' id='word_1_123' title='bbox 460 952 504 982; x_wconf 80' lang='grc' dir='ltr'>Εἷς</span> <span class='ocrx_word' id='word_1_124' title='bbox 528 950 598 978; x_wconf 81' lang='grc' dir='ltr'>ἐστιν</span> <span class='ocrx_word' id='word_1_125' title='bbox 619 952 631 978; x_wconf 85' lang='grc' dir='ltr'><strong><em>ὸ</em></strong></span> <span class='ocrx_word' id='word_1_126' title='bbox 649 952 763 987; x_wconf 72' lang='grc' dir='ltr'>κωλύων,</span> <span class='ocrx_word' id='word_1_127' title='bbox 780 953 793 978; x_wconf 86' lang='grc' dir='ltr'><strong><em>ὁ</em></strong></span> <span class='ocrx_word' id='word_1_128' title='bbox 816 951 931 990; x_wconf 71' lang='grc' dir='ltr'>ἐμφράσ-</span> 
     </span>
    </p>
   </div>
   <div class='ocr_carea' id='block_1_18' title="bbox 131 994 928 1034">
    <p class='ocr_par' dir='ltr' id='par_1_18' title="bbox 131 994 928 1034">
     <span class='ocr_line' id='line_1_18' title="bbox 131 994 928 1034; baseline 0.005 -15"><span class='ocrx_word' id='word_1_129' title='bbox 131 1002 181 1019; x_wconf 86' lang='grc' dir='ltr'><strong>σων</strong></span> <span class='ocrx_word' id='word_1_130' title='bbox 205 994 268 1031; x_wconf 79' lang='grc' dir='ltr'>ἡμῖν</span> <span class='ocrx_word' id='word_1_131' title='bbox 293 995 340 1026; x_wconf 83' lang='grc' dir='ltr'><strong>τὰς</strong></span> <span class='ocrx_word' id='word_1_132' title='bbox 364 994 400 1026; x_wconf 80' lang='grc' dir='ltr'><strong>εἰς</strong></span> <span class='ocrx_word' id='word_1_133' title='bbox 424 998 555 1032; x_wconf 81' lang='grc' dir='ltr'><strong>σωτηρίαν</strong></span> <span class='ocrx_word' id='word_1_134' title='bbox 575 995 664 1031; x_wconf 70' lang='grc' dir='ltr'>ὁδοὺς,</span> <span class='ocrx_word' id='word_1_135' title='bbox 681 996 708 1023; x_wconf 84' lang='grc' dir='ltr'>ὃν</span> <span class='ocrx_word' id='word_1_136' title='bbox 727 999 873 1034; x_wconf 75' lang='grc' dir='ltr'><strong>νικήσωμεν</strong></span> <span class='ocrx_word' id='word_1_137' title='bbox 897 1001 928 1034; x_wconf 77' lang='grc' dir='ltr'>τῇ</span> 
     </span>
    </p>
   </div>
   <div class='ocr_carea' id='block_1_19' title="bbox 130 1038 930 1079">
    <p class='ocr_par' dir='ltr' id='par_1_19' title="bbox 130 1038 930 1079">
     <span class='ocr_line' id='line_1_19' title="bbox 130 1038 930 1079; baseline 0.005 -15"><span class='ocrx_word' id='word_1_138' title='bbox 130 1039 240 1066; x_wconf 70' lang='grc' dir='ltr'>συνέσει.</span> <span class='ocrx_word' id='word_1_139' title='bbox 257 1038 369 1071; x_wconf 86' lang='grc' dir='ltr'>Ἐκεῖνος</span> <span class='ocrx_word' id='word_1_140' title='bbox 382 1040 426 1066; x_wconf 87' lang='grc' dir='ltr'>τὸν</span> <span class='ocrx_word' id='word_1_141' title='bbox 450 1041 522 1067; x_wconf 76' lang='grc' dir='ltr'>ὄκνον</span> <span class='ocrx_word' id='word_1_142' title='bbox 544 1041 606 1077; x_wconf 81' lang='grc' dir='ltr'>ἡμῖν</span> <span class='ocrx_word' id='word_1_143' title='bbox 633 1040 734 1078; x_wconf 78' lang='grc' dir='ltr'><strong>ἐμποιεῖ</strong></span> <span class='ocrx_word' id='word_1_144' title='bbox 747 1051 754 1059; x_wconf 76' lang='grc' dir='ltr'><strong><em>ο</em></strong></span> <span class='ocrx_word' id='word_1_145' title='bbox 770 1042 844 1079; x_wconf 84' lang='grc' dir='ltr'>ἡμεῖς</span> <span class='ocrx_word' id='word_1_146' title='bbox 867 1039 930 1067; x_wconf 73' lang='grc' dir='ltr'>δια-</span> 
     </span>
    </p>
   </div>
   <div class='ocr_carea' id='block_1_20' title="bbox 128 1083 930 1123">
    <p class='ocr_par' dir='ltr' id='par_1_20' title="bbox 128 1083 930 1123">
     <span class='ocr_line' id='line_1_20' title="bbox 128 1083 930 1123; baseline 0.006 -15"><span class='ocrx_word' id='word_1_147' title='bbox 128 1087 260 1120; x_wconf 80' lang='grc' dir='ltr'>ναστῶμεν</span> <span class='ocrx_word' id='word_1_148' title='bbox 285 1085 349 1121; x_wconf 86' lang='grc' dir='ltr'>πρὸς</span> <span class='ocrx_word' id='word_1_149' title='bbox 373 1083 510 1122; x_wconf 70' lang='grc' dir='ltr'>ἐργασίαν.</span> <span class='ocrx_word' id='word_1_150' title='bbox 535 1085 646 1117; x_wconf 84' lang='grc' dir='ltr'>Ἐκεῖνος</span> <span class='ocrx_word' id='word_1_151' title='bbox 670 1084 800 1117; x_wconf 78' lang='grc' dir='ltr'>διακένοις</span> <span class='ocrx_word' id='word_1_152' title='bbox 824 1085 930 1123; x_wconf 74' lang='grc' dir='ltr'>ἐπαγγε-</span> 
     </span>
    </p>
   </div>
   <div class='ocr_carea' id='block_1_21' title="bbox 128 1126 930 1168">
    <p class='ocr_par' dir='ltr' id='par_1_21' title="bbox 128 1126 930 1168">
     <span class='ocr_line' id='line_1_21' title="bbox 128 1126 930 1168; baseline 0.006 -16"><span class='ocrx_word' id='word_1_153' title='bbox 128 1126 196 1158; x_wconf 82' lang='grc' dir='ltr'>λίαις</span> <span class='ocrx_word' id='word_1_154' title='bbox 219 1128 266 1159; x_wconf 81' lang='grc' dir='ltr'><strong>τὰς</strong></span> <span class='ocrx_word' id='word_1_155' title='bbox 289 1126 400 1164; x_wconf 77' lang='grc' dir='ltr'><strong>καρδίας</strong></span> <span class='ocrx_word' id='word_1_156' title='bbox 426 1130 497 1165; x_wconf 78' lang='grc' dir='ltr'>ἡμῶν</span> <span class='ocrx_word' id='word_1_157' title='bbox 524 1128 658 1165; x_wconf 70' lang='grc' dir='ltr'>ὶξαπατᾷ·</span> <span class='ocrx_word' id='word_1_158' title='bbox 686 1131 760 1167; x_wconf 79' lang='grc' dir='ltr'>ἡμεῖς</span> <span class='ocrx_word' id='word_1_159' title='bbox 788 1129 869 1156; x_wconf 80' lang='grc' dir='ltr'>αὐτοῦ</span> <span class='ocrx_word' id='word_1_160' title='bbox 895 1132 930 1168; x_wconf 71' lang='grc' dir='ltr'>μὴ</span> 
     </span>
    </p>
   </div>
   <div class='ocr_carea' id='block_1_22' title="bbox 128 1170 929 1212">
    <p class='ocr_par' dir='ltr' id='par_1_22' title="bbox 128 1170 929 1212">
     <span class='ocr_line' id='line_1_22' title="bbox 128 1170 929 1212; baseline 0.004 -15"><span class='ocrx_word' id='word_1_161' title='bbox 128 1170 295 1209; x_wconf 73' lang='grc' dir='ltr'>ἀγνοήσωμεν</span> <span class='ocrx_word' id='word_1_162' title='bbox 310 1173 343 1199; x_wconf 80' lang='grc' dir='ltr'>τὰ</span> <span class='ocrx_word' id='word_1_163' title='bbox 357 1175 485 1210; x_wconf 78' lang='grc' dir='ltr'>νοήματα.</span> <span class='ocrx_word' id='word_1_164' title='bbox 495 1172 528 1200; x_wconf 82' lang='grc' dir='ltr'>Ἣ</span> <span class='ocrx_word' id='word_1_165' title='bbox 538 1174 588 1211; x_wconf 71' lang='grc' dir='ltr'><strong>γὰρ</strong></span> <span class='ocrx_word' id='word_1_166' title='bbox 605 1174 669 1210; x_wconf 74' lang='grc' dir='ltr'><strong>οὗχὶ</strong></span> <span class='ocrx_word' id='word_1_167' title='bbox 682 1176 728 1203; x_wconf 75' lang='grc' dir='ltr'>τὴν</span> <span class='ocrx_word' id='word_1_168' title='bbox 742 1175 787 1211; x_wconf 73' lang='grc' dir='ltr'><strong>μὶν</strong></span> <span class='ocrx_word' id='word_1_169' title='bbox 800 1174 929 1212; x_wconf 79' lang='grc' dir='ltr'><strong>ἁμαρτίαν</strong></span> 
     </span>
    </p>
   </div>
   <div class='ocr_carea' id='block_1_23' title="bbox 130 1215 929 1255">
    <p class='ocr_par' dir='ltr' id='par_1_23' title="bbox 130 1215 929 1255">
     <span class='ocr_line' id='line_1_23' title="bbox 130 1215 929 1255; baseline 0.003 -13"><span class='ocrx_word' id='word_1_170' title='bbox 130 1218 242 1253; x_wconf 79' lang='grc' dir='ltr'>σήμερον</span> <span class='ocrx_word' id='word_1_171' title='bbox 257 1215 337 1243; x_wconf 65' lang='grc' dir='ltr'>τέοιεῖν</span> <span class='ocrx_word' id='word_1_172' title='bbox 353 1216 503 1254; x_wconf 72' lang='grc' dir='ltr'>ὑποϐάλλει,</span> <span class='ocrx_word' id='word_1_173' title='bbox 517 1228 565 1255; x_wconf 72' lang='grc' dir='ltr'><strong>τῃν</strong></span> <span class='ocrx_word' id='word_1_174' title='bbox 587 1217 616 1245; x_wconf 71' lang='grc' dir='ltr'><strong>δὲ</strong></span> <span class='ocrx_word' id='word_1_175' title='bbox 641 1217 811 1248; x_wconf 77' lang='grc' dir='ltr'>δικαιοσύνην</span> <span class='ocrx_word' id='word_1_176' title='bbox 827 1219 864 1250; x_wconf 81' lang='grc' dir='ltr'><strong>εἰς</strong></span> <span class='ocrx_word' id='word_1_177' title='bbox 882 1222 929 1248; x_wconf 74' lang='grc' dir='ltr'>τὴν</span> 
     </span>
    </p>
   </div>
   <div class='ocr_carea' id='block_1_24' title="bbox 129 1262 927 1301">
    <p class='ocr_par' dir='ltr' id='par_1_24' title="bbox 129 1262 927 1301">
     <span class='ocr_line' id='line_1_24' title="bbox 129 1262 927 1301; baseline 0.004 -14"><span class='ocrx_word' id='word_1_178' title='bbox 129 1262 218 1297; x_wconf 82' lang='grc' dir='ltr'>αὔριον</span> <span class='ocrx_word' id='word_1_179' title='bbox 236 1262 318 1288; x_wconf 85' lang='grc' dir='ltr'>πείθει</span> <span class='ocrx_word' id='word_1_180' title='bbox 337 1262 407 1298; x_wconf 78' lang='grc' dir='ltr'>ἡμᾶς</span> <span class='ocrx_word' id='word_1_181' title='bbox 429 1263 616 1299; x_wconf 72' lang='grc' dir='ltr'>ταμιεύεσθαις</span> <span class='ocrx_word' id='word_1_182' title='bbox 641 1265 687 1289; x_wconf 82' lang='grc' dir='ltr'><strong>Διά</strong></span> <span class='ocrx_word' id='word_1_183' title='bbox 706 1267 783 1290; x_wconf 84' lang='grc' dir='ltr'>τοῦτο</span> <span class='ocrx_word' id='word_1_184' title='bbox 796 1264 808 1289; x_wconf 83' lang='grc' dir='ltr'><strong>ὁ</strong></span> <span class='ocrx_word' id='word_1_185' title='bbox 823 1265 927 1301; x_wconf 76' lang='grc' dir='ltr'>Κύριος,</span> 
     </span>
    </p>
   </div>
   <div class='ocr_carea' id='block_1_25' title="bbox 126 1304 926 1345">
    <p class='ocr_par' dir='ltr' id='par_1_25' title="bbox 126 1304 926 1345">
     <span class='ocr_line' id='line_1_25' title="bbox 126 1304 926 1345; baseline 0.004 -14"><span class='ocrx_word' id='word_1_186' title='bbox 126 1304 241 1332; x_wconf 79' lang='grc' dir='ltr'>ἀναλύων</span> <span class='ocrx_word' id='word_1_187' title='bbox 266 1306 347 1332; x_wconf 68' lang='grc' dir='ltr'>αὐτοῦ</span> <span class='ocrx_word' id='word_1_188' title='bbox 373 1307 420 1338; x_wconf 86' lang='grc' dir='ltr'><strong>τὰς</strong></span> <span class='ocrx_word' id='word_1_189' title='bbox 451 1309 567 1344; x_wconf 84' lang='grc' dir='ltr'>πονηρὰς</span> <span class='ocrx_word' id='word_1_190' title='bbox 602 1307 771 1344; x_wconf 81' lang='grc' dir='ltr'>συμϐουλίας,</span> <span class='ocrx_word' id='word_1_191' title='bbox 802 1310 926 1345; x_wconf 76' lang='grc' dir='ltr'>Σήμερον,</span> 
     </span>
    </p>
   </div>
   <div class='ocr_carea' id='block_1_26' title="bbox 127 1349 928 1389">
    <p class='ocr_par' dir='ltr' id='par_1_26' title="bbox 127 1349 928 1389">
     <span class='ocr_line' id='line_1_26' title="bbox 127 1349 928 1389; baseline 0.004 -13"><span class='ocrx_word' id='word_1_192' title='bbox 127 1352 216 1386; x_wconf 76' lang='grc' dir='ltr'><strong>φησὶν,</strong></span> <span class='ocrx_word' id='word_1_193' title='bbox 244 1349 286 1377; x_wconf 72' lang='grc' dir='ltr'>ἰὰν</span> <span class='ocrx_word' id='word_1_194' title='bbox 312 1355 360 1383; x_wconf 84' lang='grc' dir='ltr'>τῆς</span> <span class='ocrx_word' id='word_1_195' title='bbox 388 1356 473 1388; x_wconf 76' lang='grc' dir='ltr'>φωνῆς</span> <span class='ocrx_word' id='word_1_196' title='bbox 500 1361 548 1389; x_wconf 86' lang='grc' dir='ltr'><strong>μον</strong></span> <span class='ocrx_word' id='word_1_197' title='bbox 582 1352 721 1381; x_wconf 75' lang='grc' dir='ltr'>ἀκούσητε,</span> <span class='ocrx_word' id='word_1_198' title='bbox 752 1352 861 1384; x_wconf 83' lang='grc' dir='ltr'>Ἐκεῖνος</span> <span class='ocrx_word' id='word_1_199' title='bbox 887 1353 928 1379; x_wconf 84' lang='grc' dir='ltr'><strong>λέ-</strong></span> 
     </span>
    </p>
   </div>
   <div class='ocr_carea' id='block_1_27' title="bbox 125 1396 926 1435">
    <p class='ocr_par' dir='ltr' id='par_1_27' title="bbox 125 1396 926 1435">
     <span class='ocr_line' id='line_1_27' title="bbox 125 1396 926 1435; baseline 0.004 -14"><span class='ocrx_word' id='word_1_200' title='bbox 125 1404 184 1430; x_wconf 76' lang='grc' dir='ltr'>γει·</span> <span class='ocrx_word' id='word_1_201' title='bbox 210 1397 262 1424; x_wconf 81' lang='grc' dir='ltr'><strong>Τὴν</strong></span> <span class='ocrx_word' id='word_1_202' title='bbox 286 1397 398 1433; x_wconf 79' lang='grc' dir='ltr'>σήμερον</span> <span class='ocrx_word' id='word_1_203' title='bbox 426 1396 492 1433; x_wconf 80' lang='grc' dir='ltr'>ἐμοὶ,</span> <span class='ocrx_word' id='word_1_204' title='bbox 521 1399 566 1424; x_wconf 80' lang='grc' dir='ltr'><strong>καὶ</strong></span> <span class='ocrx_word' id='word_1_205' title='bbox 591 1399 637 1426; x_wconf 83' lang='grc' dir='ltr'>τὴν</span> <span class='ocrx_word' id='word_1_206' title='bbox 672 1399 761 1435; x_wconf 71' lang='grc' dir='ltr'>αὔριον</span> <span class='ocrx_word' id='word_1_207' title='bbox 792 1402 829 1433; x_wconf 78' lang='grc' dir='ltr'>τῷ</span> <span class='ocrx_word' id='word_1_208' title='bbox 861 1401 926 1433; x_wconf 79' lang='grc' dir='ltr'><strong>Οεῷ.</strong></span> 
     </span>
    </p>
   </div>
   <div class='ocr_carea' id='block_1_28' title="bbox 124 1437 929 1478">
    <p class='ocr_par' dir='ltr' id='par_1_28' title="bbox 124 1437 929 1478">
     <span class='ocr_line' id='line_1_28' title="bbox 124 1437 929 1478; baseline 0.002 -12"><span class='ocrx_word' id='word_1_209' title='bbox 124 1437 153 1466; x_wconf 77' lang='grc'><strong>’0</strong></span> <span class='ocrx_word' id='word_1_210' title='bbox 178 1440 274 1476; x_wconf 79' lang='grc' dir='ltr'>Κύριος</span> <span class='ocrx_word' id='word_1_211' title='bbox 297 1439 421 1476; x_wconf 80' lang='grc' dir='ltr'>ἀντιϐοᾷ·</span> <span class='ocrx_word' id='word_1_212' title='bbox 452 1443 565 1478; x_wconf 76' lang='grc' dir='ltr'>Σήμερον</span> <span class='ocrx_word' id='word_1_213' title='bbox 588 1445 636 1473; x_wconf 85' lang='grc' dir='ltr'>τῆς</span> <span class='ocrx_word' id='word_1_214' title='bbox 655 1441 718 1478; x_wconf 77' lang='grc' dir='ltr'><strong>ἄμῆς</strong></span> <span class='ocrx_word' id='word_1_215' title='bbox 745 1446 830 1478; x_wconf 75' lang='grc' dir='ltr'>φωνῆς</span> <span class='ocrx_word' id='word_1_216' title='bbox 853 1441 929 1468; x_wconf 80' lang='grc' dir='ltr'><strong>ἀκού-</strong></span> 
     </span>
    </p>
   </div>
   <div class='ocr_carea' id='block_1_29' title="bbox 126 1485 928 1524">
    <p class='ocr_par' dir='ltr' id='par_1_29' title="bbox 126 1485 928 1524">
     <span class='ocr_line' id='line_1_29' title="bbox 126 1485 928 1524; baseline 0.004 -14"><span class='ocrx_word' id='word_1_217' title='bbox 126 1492 187 1510; x_wconf 84' lang='grc' dir='ltr'>σατε</span> <span class='ocrx_word' id='word_1_218' title='bbox 203 1485 250 1520; x_wconf 81' lang='grc'><strong>(4).</strong></span> <span class='ocrx_word' id='word_1_219' title='bbox 267 1487 370 1514; x_wconf 85' lang='grc' dir='ltr'>Νόησον</span> <span class='ocrx_word' id='word_1_220' title='bbox 393 1487 437 1512; x_wconf 88' lang='grc' dir='ltr'>τὸν</span> <span class='ocrx_word' id='word_1_221' title='bbox 453 1485 549 1524; x_wconf 79' lang='grc' dir='ltr'>ἐχθρόν</span> <span class='ocrx_word' id='word_1_222' title='bbox 561 1497 568 1503; x_wconf 92' lang='grc'><strong>-</strong></span> <span class='ocrx_word' id='word_1_223' title='bbox 585 1486 615 1512; x_wconf 78' lang='grc' dir='ltr'>οὐ</span> <span class='ocrx_word' id='word_1_224' title='bbox 634 1487 718 1523; x_wconf 83' lang='grc' dir='ltr'>τολμᾷ</span> <span class='ocrx_word' id='word_1_225' title='bbox 733 1486 928 1523; x_wconf 82' lang='grc' dir='ltr'>συμϐουλεῦσαι</span> 
     </span>
    </p>
   </div>
   <div class='ocr_carea' id='block_1_30' title="bbox 124 1528 963 1574">
    <p class='ocr_par' dir='ltr' id='par_1_30' title="bbox 124 1528 963 1574">
     <span class='ocr_line' id='line_1_30' title="bbox 124 1528 963 1574; baseline 0.005 -20"><span class='ocrx_word' id='word_1_226' title='bbox 124 1528 233 1555; x_wconf 72' lang='grc' dir='ltr'>καθόλου</span> <span class='ocrx_word' id='word_1_227' title='bbox 257 1528 405 1560; x_wconf 79' lang='grc' dir='ltr'>ἀποστῆναι</span> <span class='ocrx_word' id='word_1_228' title='bbox 422 1534 488 1557; x_wconf 80' lang='grc' dir='ltr'>Θεοῦ</span> <span class='ocrx_word' id='word_1_229' title='bbox 503 1529 595 1567; x_wconf 72' lang='grc' dir='ltr'><strong>(οἶδεν,</strong></span> <span class='ocrx_word' id='word_1_230' title='bbox 612 1531 652 1557; x_wconf 86' lang='grc' dir='ltr'>ὅτι</span> <span class='ocrx_word' id='word_1_231' title='bbox 676 1530 747 1568; x_wconf 79' lang='grc' dir='ltr'>βαρὺ</span> <span class='ocrx_word' id='word_1_232' title='bbox 762 1534 839 1558; x_wconf 83' lang='grc' dir='ltr'>τοῦτο</span> <span class='ocrx_word' id='word_1_233' title='bbox 852 1531 928 1558; x_wconf 74' lang='grc' dir='ltr'>ἁκοῦ-</span> <span class='ocrx_word' id='word_1_234' title='bbox 942 1546 963 1574; x_wconf 78' lang='lat' dir='ltr'><strong>c</strong></span> 
     </span>
    </p>
   </div>
   <div class='ocr_carea' id='block_1_31' title="bbox 125 1572 927 1612">
    <p class='ocr_par' dir='ltr' id='par_1_31' title="bbox 125 1572 927 1612">
     <span class='ocr_line' id='line_1_31' title="bbox 125 1572 927 1612; baseline 0.004 -13"><span class='ocrx_word' id='word_1_235' title='bbox 125 1582 170 1599; x_wconf 86' lang='grc' dir='ltr'><strong>σαι</strong></span> <span class='ocrx_word' id='word_1_236' title='bbox 193 1572 384 1610; x_wconf 66' lang='grc' dir='ltr'>Χριπιανοῖς),</span> <span class='ocrx_word' id='word_1_237' title='bbox 409 1573 474 1601; x_wconf 81' lang='grc' dir='ltr'>ἀλλὰ</span> <span class='ocrx_word' id='word_1_238' title='bbox 495 1577 603 1611; x_wconf 79' lang='grc' dir='ltr'><strong>τέχναις</strong></span> <span class='ocrx_word' id='word_1_239' title='bbox 624 1575 771 1607; x_wconf 79' lang='grc' dir='ltr'>ἁπατηλαῖς</span> <span class='ocrx_word' id='word_1_240' title='bbox 791 1574 927 1612; x_wconf 58' lang='lat' dir='ltr'><strong>morso&quot;</strong></span> 
     </span>
    </p>
   </div>
   <div class='ocr_carea' id='block_1_32' title="bbox 123 1617 925 1659">
    <p class='ocr_par' dir='ltr' id='par_1_32' title="bbox 123 1617 925 1659">
     <span class='ocr_line' id='line_1_32' title="bbox 123 1617 925 1659; baseline 0.005 -16"><span class='ocrx_word' id='word_1_241' title='bbox 123 1619 170 1647; x_wconf 81' lang='grc' dir='ltr'>τὴν</span> <span class='ocrx_word' id='word_1_242' title='bbox 184 1617 363 1656; x_wconf 75' lang='grc' dir='ltr'>ἕπεχείρησιν.</span> <span class='ocrx_word' id='word_1_243' title='bbox 380 1621 460 1655; x_wconf 73' lang='grc' dir='ltr'>Σοφός</span> <span class='ocrx_word' id='word_1_244' title='bbox 479 1620 536 1646; x_wconf 75' lang='grc' dir='ltr'>ἐστι</span> <span class='ocrx_word' id='word_1_245' title='bbox 551 1624 598 1647; x_wconf 85' lang='grc' dir='ltr'>τοῦ</span> <span class='ocrx_word' id='word_1_246' title='bbox 613 1625 800 1651; x_wconf 80' lang='grc' dir='ltr'>κακοποιῆσαι.</span> <span class='ocrx_word' id='word_1_247' title='bbox 818 1623 925 1659; x_wconf 81' lang='grc' dir='ltr'>Συνορᾷ,</span> 
     </span>
    </p>
   </div>
   <div class='ocr_carea' id='block_1_33' title="bbox 124 1664 927 1704">
    <p class='ocr_par' dir='ltr' id='par_1_33' title="bbox 124 1664 927 1704">
     <span class='ocr_line' id='line_1_33' title="bbox 124 1664 927 1704; baseline 0.002 -14"><span class='ocrx_word' id='word_1_248' title='bbox 124 1664 163 1690; x_wconf 81' lang='grc' dir='ltr'>ὅτι</span> <span class='ocrx_word' id='word_1_249' title='bbox 184 1665 251 1690; x_wconf 80' lang='grc' dir='ltr'>κατὰ</span> <span class='ocrx_word' id='word_1_250' title='bbox 277 1665 307 1691; x_wconf 86' lang='grc' dir='ltr'>τὸ</span> <span class='ocrx_word' id='word_1_251' title='bbox 337 1665 420 1702; x_wconf 85' lang='grc' dir='ltr'>παρὸν</span> <span class='ocrx_word' id='word_1_252' title='bbox 445 1665 529 1701; x_wconf 78' lang='grc' dir='ltr'>ζῶμεν</span> <span class='ocrx_word' id='word_1_253' title='bbox 556 1666 580 1692; x_wconf 79' lang='grc' dir='ltr'>οἱ</span> <span class='ocrx_word' id='word_1_254' title='bbox 606 1666 750 1704; x_wconf 78' lang='grc' dir='ltr'>ἄνθρωποι,</span> <span class='ocrx_word' id='word_1_255' title='bbox 779 1668 824 1701; x_wconf 78' lang='grc' dir='ltr'>καὶ</span> <span class='ocrx_word' id='word_1_256' title='bbox 852 1669 927 1692; x_wconf 83' lang='grc' dir='ltr'>πᾶσα</span> 
     </span>
    </p>
   </div>
   <div class='ocr_carea' id='block_1_34' title="bbox 123 1708 927 1748">
    <p class='ocr_par' dir='ltr' id='par_1_34' title="bbox 123 1708 927 1748">
     <span class='ocr_line' id='line_1_34' title="bbox 123 1708 927 1748; baseline 0.004 -14"><span class='ocrx_word' id='word_1_257' title='bbox 123 1708 218 1746; x_wconf 81' lang='grc' dir='ltr'>πρᾶξις</span> <span class='ocrx_word' id='word_1_258' title='bbox 238 1709 306 1735; x_wconf 79' lang='grc' dir='ltr'>κατὰ</span> <span class='ocrx_word' id='word_1_259' title='bbox 329 1710 358 1735; x_wconf 84' lang='grc' dir='ltr'>τὸ</span> <span class='ocrx_word' id='word_1_260' title='bbox 373 1709 482 1741; x_wconf 76' lang='grc' dir='ltr'>ἐνεστὼς</span> <span class='ocrx_word' id='word_1_261' title='bbox 506 1709 654 1747; x_wconf 78' lang='grc' dir='ltr'>ὶνεργεῖται.</span> <span class='ocrx_word' id='word_1_262' title='bbox 669 1713 722 1740; x_wconf 85' lang='grc' dir='ltr'><strong>Τὴν</strong></span> <span class='ocrx_word' id='word_1_263' title='bbox 745 1708 789 1737; x_wconf 79' lang='grc' dir='ltr'>οὖν</span> <span class='ocrx_word' id='word_1_264' title='bbox 813 1711 927 1748; x_wconf 79' lang='grc' dir='ltr'>σήμερον</span> 
     </span>
    </p>
   </div>
   <div class='ocr_carea' id='block_1_35' title="bbox 124 1752 924 1792">
    <p class='ocr_par' dir='ltr' id='par_1_35' title="bbox 124 1752 924 1792">
     <span class='ocr_line' id='line_1_35' title="bbox 124 1752 924 1792; baseline 0.004 -13"><span class='ocrx_word' id='word_1_265' title='bbox 124 1753 238 1780; x_wconf 71' lang='grc' dir='ltr'>κλέπτων</span> <span class='ocrx_word' id='word_1_266' title='bbox 267 1753 338 1789; x_wconf 82' lang='grc' dir='ltr'>ἡμῶν</span> <span class='ocrx_word' id='word_1_267' title='bbox 363 1752 410 1780; x_wconf 75' lang='grc' dir='ltr'><strong>διὰ</strong></span> <span class='ocrx_word' id='word_1_268' title='bbox 437 1758 485 1786; x_wconf 86' lang='grc' dir='ltr'>τῆς</span> <span class='ocrx_word' id='word_1_269' title='bbox 517 1753 667 1790; x_wconf 74' lang='grc' dir='ltr'>μεθοδείας,</span> <span class='ocrx_word' id='word_1_270' title='bbox 698 1759 747 1785; x_wconf 86' lang='grc' dir='ltr'>τῆς</span> <span class='ocrx_word' id='word_1_271' title='bbox 770 1757 860 1792; x_wconf 78' lang='grc' dir='ltr'>αὔριον</span> <span class='ocrx_word' id='word_1_272' title='bbox 887 1756 924 1791; x_wconf 80' lang='grc'><strong>(5)</strong></span> 
     </span>
    </p>
   </div>
   <div class='ocr_carea' id='block_1_36' title="bbox 123 1796 925 1837">
    <p class='ocr_par' dir='ltr' id='par_1_36' title="bbox 123 1796 925 1837">
     <span class='ocr_line' id='line_1_36' title="bbox 123 1796 925 1837; baseline 0.004 -14"><span class='ocrx_word' id='word_1_273' title='bbox 123 1799 188 1834; x_wconf 78' lang='grc' dir='ltr'>ἡμῖν</span> <span class='ocrx_word' id='word_1_274' title='bbox 202 1798 249 1829; x_wconf 87' lang='grc' dir='ltr'><strong>τὰς</strong></span> <span class='ocrx_word' id='word_1_275' title='bbox 264 1796 370 1829; x_wconf 79' lang='grc' dir='ltr'>ἐλπίδας</span> <span class='ocrx_word' id='word_1_276' title='bbox 391 1801 571 1835; x_wconf 74' lang='grc' dir='ltr'>περιαφίησιν.</span> <span class='ocrx_word' id='word_1_277' title='bbox 586 1797 659 1832; x_wconf 76' lang='grc' dir='ltr'>Εἶτα,</span> <span class='ocrx_word' id='word_1_278' title='bbox 676 1797 781 1825; x_wconf 81' lang='grc' dir='ltr'>ὶπειδαν</span> <span class='ocrx_word' id='word_1_279' title='bbox 796 1801 811 1829; x_wconf 84' lang='grc' dir='ltr'>ἡ</span> <span class='ocrx_word' id='word_1_280' title='bbox 836 1800 925 1837; x_wconf 75' lang='grc' dir='ltr'>αὔριον</span> 
     </span>
    </p>
   </div>
   <div class='ocr_carea' id='block_1_37' title="bbox 124 1841 922 1880">
    <p class='ocr_par' dir='ltr' id='par_1_37' title="bbox 124 1841 922 1880">
     <span class='ocr_line' id='line_1_37' title="bbox 124 1841 922 1880; baseline 0.003 -12"><span class='ocrx_word' id='word_1_281' title='bbox 124 1841 196 1879; x_wconf 77' lang='grc' dir='ltr'>ἔλθῃ,</span> <span class='ocrx_word' id='word_1_282' title='bbox 231 1841 307 1869; x_wconf 66' lang='grc' dir='ltr'>πάλιν</span> <span class='ocrx_word' id='word_1_283' title='bbox 335 1844 440 1880; x_wconf 78' lang='grc' dir='ltr'>ἔρχεται</span> <span class='ocrx_word' id='word_1_284' title='bbox 475 1844 488 1870; x_wconf 83' lang='grc' dir='ltr'><strong><em>ὁ</em></strong></span> <span class='ocrx_word' id='word_1_285' title='bbox 515 1845 596 1875; x_wconf 76' lang='grc' dir='ltr'>κακός</span> <span class='ocrx_word' id='word_1_286' title='bbox 625 1846 805 1880; x_wconf 79' lang='grc' dir='ltr'>σνμμεριστὴς</span> <span class='ocrx_word' id='word_1_287' title='bbox 839 1845 922 1880; x_wconf 81' lang='grc' dir='ltr'>ἡμῶν,</span> 
     </span>
    </p>
   </div>
   <div class='ocr_carea' id='block_1_38' title="bbox 124 1886 923 1926">
    <p class='ocr_par' dir='ltr' id='par_1_38' title="bbox 124 1886 923 1926">
     <span class='ocr_line' id='line_1_38' title="bbox 124 1886 923 1926; baseline 0.004 -14"><span class='ocrx_word' id='word_1_288' title='bbox 124 1886 203 1919; x_wconf 79' lang='grc' dir='ltr'>ἀξιῶν</span> <span class='ocrx_word' id='word_1_289' title='bbox 217 1889 265 1916; x_wconf 82' lang='grc' dir='ltr'>τὴν</span> <span class='ocrx_word' id='word_1_290' title='bbox 289 1889 400 1924; x_wconf 79' lang='grc' dir='ltr'>σήμερον</span> <span class='ocrx_word' id='word_1_291' title='bbox 415 1887 508 1924; x_wconf 74' lang='grc' dir='ltr'>ἑαυτῷ,</span> <span class='ocrx_word' id='word_1_292' title='bbox 525 1890 570 1918; x_wconf 72' lang='grc' dir='ltr'>τὴν</span> <span class='ocrx_word' id='word_1_293' title='bbox 593 1886 622 1915; x_wconf 72' lang='grc' dir='ltr'><strong>δίς</strong></span> <span class='ocrx_word' id='word_1_294' title='bbox 647 1890 736 1925; x_wconf 83' lang='grc' dir='ltr'>αὔριον</span> <span class='ocrx_word' id='word_1_295' title='bbox 760 1892 796 1924; x_wconf 82' lang='grc' dir='ltr'>τῷ</span> <span class='ocrx_word' id='word_1_296' title='bbox 817 1891 923 1926; x_wconf 82' lang='grc' dir='ltr'>Κυρίῳ·</span> 
     </span>
    </p>
   </div>
   <div class='ocr_carea' id='block_1_39' title="bbox 123 1930 923 1970">
    <p class='ocr_par' dir='ltr' id='par_1_39' title="bbox 123 1930 923 1970">
     <span class='ocr_line' id='line_1_39' title="bbox 123 1930 923 1970; baseline 0.004 -13"><span class='ocrx_word' id='word_1_297' title='bbox 123 1934 167 1958; x_wconf 77' lang='grc' dir='ltr'><strong>καὶ</strong></span> <span class='ocrx_word' id='word_1_298' title='bbox 182 1931 265 1963; x_wconf 81' lang='grc' dir='ltr'>οὕτως</span> <span class='ocrx_word' id='word_1_299' title='bbox 279 1930 317 1958; x_wconf 79' lang='grc' dir='ltr'><strong>ἀεὶ</strong></span> <span class='ocrx_word' id='word_1_300' title='bbox 337 1933 367 1958; x_wconf 84' lang='grc' dir='ltr'>τὸ</span> <span class='ocrx_word' id='word_1_301' title='bbox 392 1933 436 1968; x_wconf 64' lang='grc' dir='ltr'>μὶν</span> <span class='ocrx_word' id='word_1_302' title='bbox 450 1934 534 1969; x_wconf 84' lang='grc' dir='ltr'>παρὸν</span> <span class='ocrx_word' id='word_1_303' title='bbox 550 1931 595 1959; x_wconf 77' lang='grc' dir='ltr'><strong>δι’</strong></span> <span class='ocrx_word' id='word_1_304' title='bbox 614 1931 712 1963; x_wconf 82' lang='grc' dir='ltr'>ἡδονῆς</span> <span class='ocrx_word' id='word_1_305' title='bbox 727 1933 923 1970; x_wconf 78' lang='grc' dir='ltr'>ὑφαιρούμενος,</span> 
     </span>
    </p>
   </div>
   <div class='ocr_carea' id='block_1_40' title="bbox 122 1974 924 2016">
    <p class='ocr_par' dir='ltr' id='par_1_40' title="bbox 122 1974 924 2016">
     <span class='ocr_line' id='line_1_40' title="bbox 122 1974 924 2016; baseline 0.004 -14"><span class='ocrx_word' id='word_1_306' title='bbox 122 1977 151 2002; x_wconf 82' lang='grc' dir='ltr'>τὸ</span> <span class='ocrx_word' id='word_1_307' title='bbox 167 1974 196 2002; x_wconf 70' lang='grc' dir='ltr'>δε</span> <span class='ocrx_word' id='word_1_308' title='bbox 220 1975 309 2012; x_wconf 81' lang='grc' dir='ltr'>μέλλον</span> <span class='ocrx_word' id='word_1_309' title='bbox 323 1980 382 2008; x_wconf 82' lang='grc' dir='ltr'>ταῖς</span> <span class='ocrx_word' id='word_1_310' title='bbox 405 1975 506 2004; x_wconf 78' lang='grc' dir='ltr'>ἐλπίσιν</span> <span class='ocrx_word' id='word_1_311' title='bbox 531 1977 609 2014; x_wconf 76' lang='grc' dir='ltr'>ἡμων</span> <span class='ocrx_word' id='word_1_312' title='bbox 624 1980 789 2016; x_wconf 71' lang='grc' dir='ltr'>προσαφιεὶς,</span> <span class='ocrx_word' id='word_1_313' title='bbox 805 1978 924 2005; x_wconf 69' lang='grc' dir='ltr'>λανθάνει</span> 
     </span>
    </p>
   </div>
   <div class='ocr_carea' id='block_1_41' title="bbox 124 2020 548 2058">
    <p class='ocr_par' dir='ltr' id='par_1_41' title="bbox 124 2020 548 2058">
     <span class='ocr_line' id='line_1_41' title="bbox 124 2020 548 2058; baseline 0.007 -11"><span class='ocrx_word' id='word_1_314' title='bbox 124 2022 194 2058; x_wconf 82' lang='grc' dir='ltr'>ἡμᾶς</span> <span class='ocrx_word' id='word_1_315' title='bbox 209 2020 390 2050; x_wconf 69' lang='grc' dir='ltr'>ἁποϐουκολῶν</span> <span class='ocrx_word' id='word_1_316' title='bbox 405 2025 454 2053; x_wconf 78' lang='grc' dir='ltr'>τῆς</span> <span class='ocrx_word' id='word_1_317' title='bbox 468 2021 548 2053; x_wconf 83' lang='grc' dir='ltr'>ζωῆς.</span> 
     </span>
    </p>
   </div>
   <div class='ocr_carea' id='block_1_42' title="bbox 157 2108 924 2149">
    <p class='ocr_par' dir='ltr' id='par_1_42' title="bbox 157 2108 924 2149">
     <span class='ocr_line' id='line_1_42' title="bbox 157 2108 924 2149; baseline 0.004 -13"><span class='ocrx_word' id='word_1_318' title='bbox 157 2112 182 2137; x_wconf 86' lang='lat'><strong>7.</strong></span> <span class='ocrx_word' id='word_1_319' title='bbox 203 2111 336 2140; x_wconf 85' lang='grc' dir='ltr'>Ταιαύτην</span> <span class='ocrx_word' id='word_1_320' title='bbox 355 2108 425 2137; x_wconf 75' lang='grc' dir='ltr'>εἶδον</span> <span class='ocrx_word' id='word_1_321' title='bbox 440 2110 490 2146; x_wconf 75' lang='grc' dir='ltr'><strong>ξγώ</strong></span> <span class='ocrx_word' id='word_1_322' title='bbox 511 2120 574 2138; x_wconf 86' lang='grc' dir='ltr'>ποτε</span> <span class='ocrx_word' id='word_1_323' title='bbox 592 2113 754 2149; x_wconf 72' lang='grc' dir='ltr'>πανουργίαν</span> <span class='ocrx_word' id='word_1_324' title='bbox 768 2112 870 2149; x_wconf 80' lang='grc' dir='ltr'>ὄρνιθος</span> <span class='ocrx_word' id='word_1_325' title='bbox 884 2111 924 2147; x_wconf 77' lang='grc' dir='ltr'><strong>(ϐ)</strong></span> 
     </span>
    </p>
   </div>
   <div class='ocr_carea' id='block_1_43' title="bbox 123 2153 923 2193">
    <p class='ocr_par' dir='ltr' id='par_1_43' title="bbox 123 2153 923 2193">
     <span class='ocr_line' id='line_1_43' title="bbox 123 2153 923 2193; baseline 0.001 -12"><span class='ocrx_word' id='word_1_326' title='bbox 123 2153 284 2191; x_wconf 77' lang='grc' dir='ltr'>εὐμηχάνου.</span> <span class='ocrx_word' id='word_1_327' title='bbox 305 2155 449 2192; x_wconf 61' lang='lat' dir='ltr'><strong>saw/arm</strong></span> <span class='ocrx_word' id='word_1_328' title='bbox 470 2157 520 2193; x_wconf 73' lang='grc' dir='ltr'>γὰρ</span> <span class='ocrx_word' id='word_1_329' title='bbox 546 2155 611 2192; x_wconf 74' lang='grc' dir='ltr'>αὐτῇ</span> <span class='ocrx_word' id='word_1_330' title='bbox 637 2159 687 2183; x_wconf 84' lang='grc' dir='ltr'>τῶν</span> <span class='ocrx_word' id='word_1_331' title='bbox 709 2160 817 2183; x_wconf 78' lang='grc' dir='ltr'>νεοττῶν</span> <span class='ocrx_word' id='word_1_332' title='bbox 841 2156 923 2192; x_wconf 82' lang='grc' dir='ltr'>ῦπαρ-</span> 
     </span>
    </p>
   </div>
   <div class='ocr_carea' id='block_1_44' title="bbox 123 2199 959 2251">
    <p class='ocr_par' dir='ltr' id='par_1_44' title="bbox 123 2199 959 2251">
     <span class='ocr_line' id='line_1_44' title="bbox 123 2199 959 2251; baseline 0.002 -26"><span class='ocrx_word' id='word_1_333' title='bbox 123 2201 224 2251; x_wconf 77' lang='grc' dir='ltr'>χόντων</span> <span class='ocrx_word' id='word_1_334' title='bbox 257 2199 300 2226; x_wconf 75' lang='grc' dir='ltr'><strong>δι’</strong></span> <span class='ocrx_word' id='word_1_335' title='bbox 335 2199 504 2233; x_wconf 71' lang='grc' dir='ltr'>ἁπαλότητα,</span> <span class='ocrx_word' id='word_1_336' title='bbox 539 2199 633 2230; x_wconf 75' lang='grc' dir='ltr'>ἰαυτὴν</span> <span class='ocrx_word' id='word_1_337' title='bbox 662 2200 856 2237; x_wconf 74' lang='grc' dir='ltr'>προϐαλλομένη</span> <span class='ocrx_word' id='word_1_338' title='bbox 888 2201 922 2232; x_wconf 79' lang='grc' dir='ltr'>ὡς</span> <span class='ocrx_word' id='word_1_339' title='bbox 938 2223 959 2251; x_wconf 82' lang='lat' dir='ltr'><strong>D</strong></span> 
     </span>
    </p>
   </div>
   <div class='ocr_carea' id='block_1_45' title="bbox 124 2244 922 2282">
    <p class='ocr_par' dir='ltr' id='par_1_45' title="bbox 124 2244 922 2282">
     <span class='ocr_line' id='line_1_45' title="bbox 124 2244 922 2282; baseline 0.001 -12"><span class='ocrx_word' id='word_1_340' title='bbox 124 2244 225 2279; x_wconf 78' lang='grc' dir='ltr'>ἕτοιμον</span> <span class='ocrx_word' id='word_1_341' title='bbox 255 2245 370 2282; x_wconf 82' lang='grc' dir='ltr'>θήραμα,</span> <span class='ocrx_word' id='word_1_342' title='bbox 402 2246 446 2271; x_wconf 79' lang='grc' dir='ltr'>καὶ</span> <span class='ocrx_word' id='word_1_343' title='bbox 475 2248 533 2276; x_wconf 84' lang='grc' dir='ltr'>ταῖς</span> <span class='ocrx_word' id='word_1_344' title='bbox 566 2247 646 2281; x_wconf 80' lang='grc' dir='ltr'>χερσὶ</span> <span class='ocrx_word' id='word_1_345' title='bbox 678 2249 728 2271; x_wconf 78' lang='grc' dir='ltr'><strong>τῶν</strong></span> <span class='ocrx_word' id='word_1_346' title='bbox 763 2245 922 2282; x_wconf 72' lang='grc' dir='ltr'>ἂγρευόντων</span> 
     </span>
    </p>
   </div>
   <div class='ocr_carea' id='block_1_46' title="bbox 125 2287 923 2327">
    <p class='ocr_par' dir='ltr' id='par_1_46' title="bbox 125 2287 923 2327">
     <span class='ocr_line' id='line_1_46' title="bbox 125 2287 923 2327; baseline 0.003 -13"><span class='ocrx_word' id='word_1_347' title='bbox 125 2287 321 2326; x_wconf 76' lang='grc' dir='ltr'>ὶνστρεφομένη,</span> <span class='ocrx_word' id='word_1_348' title='bbox 342 2290 400 2317; x_wconf 79' lang='grc' dir='ltr'>οὔτε</span> <span class='ocrx_word' id='word_1_349' title='bbox 432 2288 565 2325; x_wconf 80' lang='grc' dir='ltr'>ἁλώσιμος</span> <span class='ocrx_word' id='word_1_350' title='bbox 597 2287 627 2319; x_wconf 74' lang='grc' dir='ltr'>ἦν</span> <span class='ocrx_word' id='word_1_351' title='bbox 656 2288 683 2316; x_wconf 64' lang='lat' dir='ltr'><strong>ix</strong></span> <span class='ocrx_word' id='word_1_352' title='bbox 706 2293 751 2316; x_wconf 83' lang='grc' dir='ltr'>τοῦ</span> <span class='ocrx_word' id='word_1_353' title='bbox 777 2291 923 2327; x_wconf 74' lang='grc' dir='ltr'>προχείρου</span> 
     </span>
    </p>
   </div>
   <div class='ocr_carea' id='block_1_47' title="bbox 124 2332 926 2371">
    <p class='ocr_par' dir='ltr' id='par_1_47' title="bbox 124 2332 926 2371">
     <span class='ocr_line' id='line_1_47' title="bbox 124 2332 926 2371; baseline 0.002 -12"><span class='ocrx_word' id='word_1_354' title='bbox 124 2337 180 2364; x_wconf 83' lang='grc' dir='ltr'>τοῖς</span> <span class='ocrx_word' id='word_1_355' title='bbox 205 2334 342 2371; x_wconf 78' lang='grc' dir='ltr'>θηρευταῖς</span> <span class='ocrx_word' id='word_1_356' title='bbox 369 2334 420 2370; x_wconf 85' lang='grc'><strong>(7),</strong></span> <span class='ocrx_word' id='word_1_357' title='bbox 450 2335 509 2361; x_wconf 79' lang='grc' dir='ltr'>οὔτε</span> <span class='ocrx_word' id='word_1_358' title='bbox 538 2332 684 2370; x_wconf 79' lang='grc' dir='ltr'>ἀπόγνωσιν</span> <span class='ocrx_word' id='word_1_359' title='bbox 708 2334 796 2366; x_wconf 78' lang='grc' dir='ltr'>αὐτοῖς</span> <span class='ocrx_word' id='word_1_360' title='bbox 821 2334 926 2361; x_wconf 73' lang='grc' dir='ltr'>ἕνεποίει</span> 
     </span>
    </p>
   </div>
   <div class='ocr_carea' id='block_1_48' title="bbox 163 2395 962 2432">
    <p class='ocr_par' dir='ltr' id='par_1_48' title="bbox 163 2395 962 2432">
     <span class='ocr_line' id='line_1_48' title="bbox 163 2395 962 2432; baseline 0 -8"><span class='ocrx_word' id='word_1_361' title='bbox 163 2395 184 2414; x_wconf 79' lang='grc' dir='ltr'>ίτ</span> <span class='ocrx_word' id='word_1_362' title='bbox 201 2397 263 2424; x_wconf 82' lang='lat' dir='ltr'><strong>Act.</strong></span> <span class='ocrx_word' id='word_1_363' title='bbox 279 2403 342 2431; x_wconf 85' lang='lat' dir='ltr'><strong>vm,</strong></span> <span class='ocrx_word' id='word_1_364' title='bbox 359 2397 394 2424; x_wconf 83' lang='lat'><strong>27</strong></span> <span class='ocrx_word' id='word_1_365' title='bbox 410 2403 477 2432; x_wconf 84' lang='lat' dir='ltr'><strong>sqq.</strong></span> <span class='ocrx_word' id='word_1_366' title='bbox 517 2396 540 2414; x_wconf 80' lang='lat'>&quot;</span> <span class='ocrx_word' id='word_1_367' title='bbox 555 2395 632 2424; x_wconf 83' lang='lat' dir='ltr'><strong>Psal.</strong></span> <span class='ocrx_word' id='word_1_368' title='bbox 649 2404 727 2431; x_wconf 68' lang='grc' dir='ltr'>χειν,</span> <span class='ocrx_word' id='word_1_369' title='bbox 742 2396 772 2425; x_wconf 88' lang='lat'><strong>8.</strong></span> <span class='ocrx_word' id='word_1_370' title='bbox 815 2397 838 2414; x_wconf 79' lang='grc'><strong>¹⁹</strong></span> <span class='ocrx_word' id='word_1_371' title='bbox 853 2397 962 2425; x_wconf 82' lang='lat' dir='ltr'><strong>Jerem.</strong></span> 
     </span>
    </p>
   </div>
   <div class='ocr_carea' id='block_1_49' title="bbox 163 2458 928 2495">
    <p class='ocr_par' dir='ltr' id='par_1_49' title="bbox 163 2458 928 2495">
     <span class='ocr_line' id='line_1_49' title="bbox 163 2458 928 2495; baseline 0.001 -9"><span class='ocrx_word' id='word_1_372' title='bbox 163 2458 300 2495; x_wconf 59' lang='grc'><strong>(210011).</strong></span> <span class='ocrx_word' id='word_1_373' title='bbox 325 2458 440 2495; x_wconf 80' lang='lat' dir='ltr'><strong>primus</strong></span> <span class='ocrx_word' id='word_1_374' title='bbox 465 2459 628 2488; x_wconf 77' lang='grc' dir='ltr'>ὑπήντησαν.</span> <span class='ocrx_word' id='word_1_375' title='bbox 650 2460 739 2487; x_wconf 79' lang='lat' dir='ltr'><strong>Notas</strong></span> <span class='ocrx_word' id='word_1_376' title='bbox 760 2459 928 2495; x_wconf 84' lang='lat' dir='ltr'><strong>eruditissi-</strong></span> 
     </span>
    </p>
   </div>
   <div class='ocr_carea' id='block_1_50' title="bbox 126 2493 927 2529">
    <p class='ocr_par' dir='ltr' id='par_1_50' title="bbox 126 2493 927 2529">
     <span class='ocr_line' id='line_1_50' title="bbox 126 2493 927 2529; baseline 0.001 -7"><span class='ocrx_word' id='word_1_377' title='bbox 126 2501 205 2527; x_wconf 86' lang='lat' dir='ltr'><strong>mas,</strong></span> <span class='ocrx_word' id='word_1_378' title='bbox 222 2493 334 2529; x_wconf 76' lang='lat' dir='ltr'><strong>quibus</strong></span> <span class='ocrx_word' id='word_1_379' title='bbox 348 2494 473 2522; x_wconf 71' lang='lat' dir='ltr'><strong>Ducreus</strong></span> <span class='ocrx_word' id='word_1_380' title='bbox 490 2496 583 2523; x_wconf 91' lang='lat' dir='ltr'><strong>totam</strong></span> <span class='ocrx_word' id='word_1_381' title='bbox 605 2495 685 2523; x_wconf 90' lang='lat' dir='ltr'><strong>hanc</strong></span> <span class='ocrx_word' id='word_1_382' title='bbox 708 2495 876 2525; x_wconf 87' lang='lat' dir='ltr'><strong>orationem</strong></span> <span class='ocrx_word' id='word_1_383' title='bbox 895 2494 927 2524; x_wconf 91' lang='lat' dir='ltr'><strong>il-</strong></span> 
     </span>
    </p>
   </div>
   <div class='ocr_carea' id='block_1_51' title="bbox 125 2529 481 2564">
    <p class='ocr_par' dir='ltr' id='par_1_51' title="bbox 125 2529 481 2564">
     <span class='ocr_line' id='line_1_51' title="bbox 125 2529 481 2564; baseline 0 -7"><span class='ocrx_word' id='word_1_384' title='bbox 125 2529 242 2564; x_wconf 89' lang='lat' dir='ltr'><strong>lustrat,</strong></span> <span class='ocrx_word' id='word_1_385' title='bbox 258 2529 342 2564; x_wconf 83' lang='lat' dir='ltr'><strong>legas</strong></span> <span class='ocrx_word' id='word_1_386' title='bbox 355 2529 481 2557; x_wconf 86' lang='lat' dir='ltr'><strong>suadeo.</strong></span> 
     </span>
    </p>
   </div>
   <div class='ocr_carea' id='block_1_52' title="bbox 162 2565 928 2603">
    <p class='ocr_par' dir='ltr' id='par_1_52' title="bbox 162 2565 928 2603">
     <span class='ocr_line' id='line_1_52' title="bbox 162 2565 928 2603; baseline 0.003 -10"><span class='ocrx_word' id='word_1_387' title='bbox 162 2565 202 2599; x_wconf 84' lang='lat'><strong>(3)</strong></span> <span class='ocrx_word' id='word_1_388' title='bbox 217 2565 251 2592; x_wconf 90' lang='lat' dir='ltr'><strong>In</strong></span> <span class='ocrx_word' id='word_1_389' title='bbox 266 2565 350 2603; x_wconf 82' lang='lat' dir='ltr'><strong>_Col_b.</strong></span> <span class='ocrx_word' id='word_1_390' title='bbox 364 2565 463 2603; x_wconf 76' lang='lat' dir='ltr'><strong>primo</strong></span> <span class='ocrx_word' id='word_1_391' title='bbox 477 2565 548 2594; x_wconf 87' lang='lat' dir='ltr'><strong>etin</strong></span> <span class='ocrx_word' id='word_1_392' title='bbox 564 2566 634 2601; x_wconf 77' lang='lat' dir='ltr'><strong>Reg.</strong></span> <span class='ocrx_word' id='word_1_393' title='bbox 650 2565 752 2595; x_wconf 79' lang='lat' dir='ltr'><strong>itidem</strong></span> <span class='ocrx_word' id='word_1_394' title='bbox 764 2566 862 2603; x_wconf 87' lang='lat' dir='ltr'><strong>primo</strong></span> <span class='ocrx_word' id='word_1_395' title='bbox 873 2573 928 2603; x_wconf 88' lang='lat' dir='ltr'><strong>pro</strong></span> 
     </span>
    </p>
   </div>
   <div class='ocr_carea' id='block_1_53' title="bbox 127 2600 525 2638">
    <p class='ocr_par' dir='ltr' id='par_1_53' title="bbox 127 2600 525 2638">
     <span class='ocr_line' id='line_1_53' title="bbox 127 2600 525 2638; baseline 0.005 -12"><span class='ocrx_word' id='word_1_396' title='bbox 127 2600 375 2638; x_wconf 48' lang='lat' dir='ltr'><strong>sarpsréelegitur</strong></span> <span class='ocrx_word' id='word_1_397' title='bbox 386 2601 498 2638; x_wconf 61' lang='grc' dir='ltr'>ερττρξπὴ</span> <span class='ocrx_word' id='word_1_398' title='bbox 505 2610 525 2631; x_wconf 91' lang='grc' dir='ltr'>ς.</span> 
     </span>
    </p>
   </div>
   <div class='ocr_carea' id='block_1_54' title="bbox 164 2635 930 2671">
    <p class='ocr_par' dir='ltr' id='par_1_54' title="bbox 164 2635 930 2671">
     <span class='ocr_line' id='line_1_54' title="bbox 164 2635 930 2671; baseline 0.001 -7"><span class='ocrx_word' id='word_1_399' title='bbox 164 2635 202 2671; x_wconf 75' lang='grc'><strong>(4)</strong></span> <span class='ocrx_word' id='word_1_400' title='bbox 223 2635 318 2664; x_wconf 87' lang='lat' dir='ltr'><strong>Editio</strong></span> <span class='ocrx_word' id='word_1_401' title='bbox 340 2635 586 2665; x_wconf 55' lang='grc' dir='ltr'>Ροτὶεᾙίαούσητε.</span> <span class='ocrx_word' id='word_1_402' title='bbox 604 2636 699 2665; x_wconf 83' lang='lat' dir='ltr'><strong>Editio</strong></span> <span class='ocrx_word' id='word_1_403' title='bbox 718 2636 807 2665; x_wconf 89' lang='lat' dir='ltr'><strong>Basil.</strong></span> <span class='ocrx_word' id='word_1_404' title='bbox 824 2639 853 2666; x_wconf 90' lang='lat' dir='ltr'><strong>et</strong></span> <span class='ocrx_word' id='word_1_405' title='bbox 876 2645 930 2665; x_wconf 82' lang='lat' dir='ltr'><strong>sex</strong></span> 
     </span>
    </p>
   </div>
   <div class='ocr_carea' id='block_1_55' title="bbox 129 2671 930 2707">
    <p class='ocr_par' dir='ltr' id='par_1_55' title="bbox 129 2671 930 2707">
     <span class='ocr_line' id='line_1_55' title="bbox 129 2671 930 2707; baseline 0.001 -7"><span class='ocrx_word' id='word_1_406' title='bbox 129 2680 203 2700; x_wconf 86' lang='lat' dir='ltr'><strong>mss.</strong></span> <span class='ocrx_word' id='word_1_407' title='bbox 211 2671 441 2707; x_wconf 76' lang='grc' dir='ltr'>ἀκούσατε.ουοά</span> <span class='ocrx_word' id='word_1_408' title='bbox 451 2672 491 2700; x_wconf 83' lang='lat' dir='ltr'><strong>ait</strong></span> <span class='ocrx_word' id='word_1_409' title='bbox 499 2671 706 2707; x_wconf 86' lang='lat' dir='ltr'><strong>Combeﬁsius,</strong></span> <span class='ocrx_word' id='word_1_410' title='bbox 715 2680 746 2700; x_wconf 90' lang='lat' dir='ltr'><strong>se</strong></span> <span class='ocrx_word' id='word_1_411' title='bbox 756 2672 814 2700; x_wconf 89' lang='lat' dir='ltr'><strong>hoc</strong></span> <span class='ocrx_word' id='word_1_412' title='bbox 824 2673 889 2700; x_wconf 88' lang='lat' dir='ltr'><strong>loco</strong></span> <span class='ocrx_word' id='word_1_413' title='bbox 899 2673 930 2701; x_wconf 89' lang='lat' dir='ltr'><strong>in</strong></span> 
     </span>
    </p>
   </div>
   <div class='ocr_carea' id='block_1_56' title="bbox 130 2706 930 2745">
    <p class='ocr_par' dir='ltr' id='par_1_56' title="bbox 130 2706 930 2745">
     <span class='ocr_line' id='line_1_56' title="bbox 130 2706 930 2745; baseline 0.001 -10"><span class='ocrx_word' id='word_1_414' title='bbox 130 2707 194 2745; x_wconf 77' lang='lat' dir='ltr'><strong>suis</strong></span> <span class='ocrx_word' id='word_1_415' title='bbox 204 2706 364 2745; x_wconf 78' lang='lat' dir='ltr'><strong>codicibus</strong></span> <span class='ocrx_word' id='word_1_416' title='bbox 374 2706 482 2745; x_wconf 79' lang='lat' dir='ltr'><strong>legisse</strong></span> <span class='ocrx_word' id='word_1_417' title='bbox 492 2709 605 2745; x_wconf 46' lang='lat' dir='ltr'><strong>anilem}</strong></span> <span class='ocrx_word' id='word_1_418' title='bbox 617 2706 669 2745; x_wconf 72' lang='grc' dir='ltr'><strong>ἐάν,</strong></span> <span class='ocrx_word' id='word_1_419' title='bbox 681 2708 711 2736; x_wconf 91' lang='lat' dir='ltr'><strong>in</strong></span> <span class='ocrx_word' id='word_1_420' title='bbox 723 2716 761 2745; x_wconf 76' lang='lat' dir='ltr'><strong>eo</strong></span> <span class='ocrx_word' id='word_1_421' title='bbox 768 2708 872 2745; x_wconf 85' lang='lat' dir='ltr'><strong>lapsus</strong></span> <span class='ocrx_word' id='word_1_422' title='bbox 887 2708 930 2736; x_wconf 82' lang='lat' dir='ltr'><strong>vi-</strong></span> 
     </span>
    </p>
   </div>
   <div class='ocr_carea' id='block_1_57' title="bbox 131 2742 931 2779">
    <p class='ocr_par' dir='ltr' id='par_1_57' title="bbox 131 2742 931 2779">
     <span class='ocr_line' id='line_1_57' title="bbox 131 2742 931 2779; baseline 0.004 -9"><span class='ocrx_word' id='word_1_423' title='bbox 131 2743 194 2779; x_wconf 86' lang='lat' dir='ltr'><strong>deri</strong></span> <span class='ocrx_word' id='word_1_424' title='bbox 204 2745 312 2779; x_wconf 85' lang='lat' dir='ltr'><strong>potest.</strong></span> <span class='ocrx_word' id='word_1_425' title='bbox 326 2744 400 2771; x_wconf 85' lang='lat' dir='ltr'><strong>Nam</strong></span> <span class='ocrx_word' id='word_1_426' title='bbox 410 2742 569 2779; x_wconf 73' lang='lat' dir='ltr'><strong>verisimile</strong></span> <span class='ocrx_word' id='word_1_427' title='bbox 582 2743 624 2779; x_wconf 79' lang='lat' dir='ltr'><strong>ﬁt,</strong></span> <span class='ocrx_word' id='word_1_428' title='bbox 636 2744 734 2772; x_wconf 85' lang='lat' dir='ltr'><strong>virum</strong></span> <span class='ocrx_word' id='word_1_429' title='bbox 744 2742 867 2773; x_wconf 80' lang='lat' dir='ltr'><strong>doctum</strong></span> <span class='ocrx_word' id='word_1_430' title='bbox 878 2752 931 2773; x_wconf 83' lang='lat' dir='ltr'><strong>vo-</strong></span> 
     </span>
    </p>
   </div>
   <div class='ocr_carea' id='block_1_58' title="bbox 133 2777 932 2820">
    <p class='ocr_par' dir='ltr' id='par_1_58' title="bbox 133 2777 932 2820">
     <span class='ocr_line' id='line_1_58' title="bbox 133 2777 932 2820; baseline 0.001 -12"><span class='ocrx_word' id='word_1_431' title='bbox 133 2777 234 2808; x_wconf 78' lang='lat' dir='ltr'><strong>calem</strong></span> <span class='ocrx_word' id='word_1_432' title='bbox 249 2777 301 2814; x_wconf 73' lang='grc' dir='ltr'><strong>ἐάν,</strong></span> <span class='ocrx_word' id='word_1_433' title='bbox 315 2786 385 2818; x_wconf 78' lang='lat' dir='ltr'><strong>quae</strong></span> <span class='ocrx_word' id='word_1_434' title='bbox 399 2778 490 2817; x_wconf 78' lang='lat' dir='ltr'><strong>paulo</strong></span> <span class='ocrx_word' id='word_1_435' title='bbox 509 2779 577 2809; x_wconf 83' lang='lat' dir='ltr'><strong>ante</strong></span> <span class='ocrx_word' id='word_1_436' title='bbox 597 2777 716 2820; x_wconf 71' lang='lat' dir='ltr'><strong>legitur,</strong></span> <span class='ocrx_word' id='word_1_437' title='bbox 731 2780 850 2812; x_wconf 77' lang='lat' dir='ltr'><strong>incaute</strong></span> <span class='ocrx_word' id='word_1_438' title='bbox 872 2780 932 2810; x_wconf 85' lang='lat' dir='ltr'><strong>huc</strong></span> 
     </span>
    </p>
   </div>
   <div class='ocr_carea' id='block_1_59' title="bbox 678 128 1266 158">
    <p class='ocr_par' dir='ltr' id='par_1_59' title="bbox 678 128 1266 158">
     <span class='ocr_line' id='line_1_59' title="bbox 678 128 1266 158; baseline -0.005 0"><span class='ocrx_word' id='word_1_439' title='bbox 678 130 820 158; x_wconf 81' lang='lat' dir='ltr'><strong>HOMlLlA</strong></span> <span class='ocrx_word' id='word_1_440' title='bbox 843 130 875 157; x_wconf 87' lang='grc' dir='ltr'><strong>ΙΝ</strong></span> <span class='ocrx_word' id='word_1_441' title='bbox 897 128 1065 156; x_wconf 85' lang='lat' dir='ltr'><strong>SANCTUM</strong></span> <span class='ocrx_word' id='word_1_442' title='bbox 1085 129 1266 157; x_wconf 76' lang='lat' dir='ltr'><strong>BAPTISMA.</strong></span> 
     </span>
    </p>
   </div>
   <div class='ocr_carea' id='block_1_60' title="bbox 1756 126 1808 154">
    <p class='ocr_par' dir='ltr' id='par_1_60' title="bbox 1756 126 1808 154">
     <span class='ocr_line' id='line_1_60' title="bbox 1756 126 1808 154; baseline 0 -1"><span class='ocrx_word' id='word_1_443' title='bbox 1756 126 1808 154; x_wconf 79' lang='grc'><strong>438</strong></span> 
     </span>
    </p>
   </div>
   <div class='ocr_carea' id='block_1_61' title="bbox 985 187 1809 227">
    <p class='ocr_par' dir='ltr' id='par_1_61' title="bbox 985 187 1809 227">
     <span class='ocr_line' id='line_1_61' title="bbox 985 187 1809 227; baseline -0.005 -9"><span class='ocrx_word' id='word_1_444' title='bbox 985 191 1068 222; x_wconf 86' lang='lat' dir='ltr'><strong>tiare,</strong></span> <span class='ocrx_word' id='word_1_445' title='bbox 1085 198 1182 227; x_wconf 86' lang='lat' dir='ltr'><strong>neque</strong></span> <span class='ocrx_word' id='word_1_446' title='bbox 1199 191 1272 218; x_wconf 85' lang='lat' dir='ltr'><strong>forte</strong></span> <span class='ocrx_word' id='word_1_447' title='bbox 1288 190 1318 218; x_wconf 89' lang='lat' dir='ltr'><strong>in</strong></span> <span class='ocrx_word' id='word_1_448' title='bbox 1342 188 1519 226; x_wconf 83' lang='lat' dir='ltr'><strong>recipiendis</strong></span> <span class='ocrx_word' id='word_1_449' title='bbox 1537 187 1730 216; x_wconf 86' lang='lat' dir='ltr'><strong>initiamentis</strong></span> <span class='ocrx_word' id='word_1_450' title='bbox 1744 195 1809 215; x_wconf 87' lang='lat' dir='ltr'><strong>rem</strong></span> 
     </span>
    </p>
   </div>
   <div class='ocr_carea' id='block_1_62' title="bbox 984 232 1809 272">
    <p class='ocr_par' dir='ltr' id='par_1_62' title="bbox 984 232 1809 272">
     <span class='ocr_line' id='line_1_62' title="bbox 984 232 1809 272; baseline -0.005 -9"><span class='ocrx_word' id='word_1_451' title='bbox 984 235 1110 263; x_wconf 81' lang='lat' dir='ltr'><strong>scienter</strong></span> <span class='ocrx_word' id='word_1_452' title='bbox 1121 235 1262 272; x_wconf 76' lang='lat' dir='ltr'><strong>prosequi</strong></span> <span class='ocrx_word' id='word_1_453' title='bbox 1275 244 1281 268; x_wconf 88' lang='lat'><strong>;</strong></span> <span class='ocrx_word' id='word_1_454' title='bbox 1294 243 1363 262; x_wconf 91' lang='lat' dir='ltr'><strong>cum</strong></span> <span class='ocrx_word' id='word_1_455' title='bbox 1375 233 1512 262; x_wconf 86' lang='lat' dir='ltr'><strong>dubitent</strong></span> <span class='ocrx_word' id='word_1_456' title='bbox 1521 233 1572 270; x_wconf 87' lang='lat' dir='ltr'><strong>qui</strong></span> <span class='ocrx_word' id='word_1_457' title='bbox 1584 232 1809 266; x_wconf 85' lang='lat' dir='ltr'><strong>adsunt,utrum</strong></span> 
     </span>
    </p>
   </div>
   <div class='ocr_carea' id='block_1_63' title="bbox 983 276 1810 314">
    <p class='ocr_par' dir='ltr' id='par_1_63' title="bbox 983 276 1810 314">
     <span class='ocr_line' id='line_1_63' title="bbox 983 276 1810 314; baseline -0.004 -7"><span class='ocrx_word' id='word_1_458' title='bbox 983 279 1113 308; x_wconf 82' lang='lat' dir='ltr'><strong>senseris</strong></span> <span class='ocrx_word' id='word_1_459' title='bbox 1127 279 1266 314; x_wconf 82' lang='lat' dir='ltr'><strong>gratiam,</strong></span> <span class='ocrx_word' id='word_1_460' title='bbox 1281 287 1319 307; x_wconf 87' lang='lat' dir='ltr'><strong>an</strong></span> <span class='ocrx_word' id='word_1_461' title='bbox 1331 279 1393 306; x_wconf 87' lang='lat' dir='ltr'><strong>sine</strong></span> <span class='ocrx_word' id='word_1_462' title='bbox 1409 286 1498 306; x_wconf 89' lang='lat' dir='ltr'><strong>sensu</strong></span> <span class='ocrx_word' id='word_1_463' title='bbox 1513 286 1581 314; x_wconf 82' lang='lat' dir='ltr'><strong>quae</strong></span> <span class='ocrx_word' id='word_1_464' title='bbox 1593 279 1724 312; x_wconf 83' lang='lat' dir='ltr'><strong>aguntur</strong></span> <span class='ocrx_word' id='word_1_465' title='bbox 1734 276 1810 305; x_wconf 83' lang='lat' dir='ltr'><strong>acci-</strong></span> 
     </span>
    </p>
   </div>
   <div class='ocr_carea' id='block_1_64' title="bbox 982 322 1810 360">
    <p class='ocr_par' dir='ltr' id='par_1_64' title="bbox 982 322 1810 360">
     <span class='ocr_line' id='line_1_64' title="bbox 982 322 1810 360; baseline -0.005 -8"><span class='ocrx_word' id='word_1_466' title='bbox 982 325 1125 360; x_wconf 87' lang='lat' dir='ltr'><strong>pias.lmo</strong></span> <span class='ocrx_word' id='word_1_467' title='bbox 1137 324 1227 352; x_wconf 82' lang='lat' dir='ltr'><strong>etiam</strong></span> <span class='ocrx_word' id='word_1_468' title='bbox 1239 323 1293 351; x_wconf 87' lang='lat' dir='ltr'><strong>etsi</strong></span> <span class='ocrx_word' id='word_1_469' title='bbox 1304 323 1401 351; x_wconf 89' lang='lat' dir='ltr'><strong>sciens</strong></span> <span class='ocrx_word' id='word_1_470' title='bbox 1414 322 1542 357; x_wconf 79' lang='lat' dir='ltr'><strong>gratiam</strong></span> <span class='ocrx_word' id='word_1_471' title='bbox 1553 322 1810 357; x_wconf 88' lang='lat' dir='ltr'><strong>susciperes,tunc</strong></span> 
     </span>
    </p>
   </div>
   <div class='ocr_carea' id='block_1_65' title="bbox 982 365 1782 405">
    <p class='ocr_par' dir='ltr' id='par_1_65' title="bbox 982 365 1782 405">
     <span class='ocr_line' id='line_1_65' title="bbox 982 365 1782 405; baseline -0.004 -8"><span class='ocrx_word' id='word_1_472' title='bbox 982 369 1105 405; x_wconf 83' lang='lat' dir='ltr'><strong>quidem</strong></span> <span class='ocrx_word' id='word_1_473' title='bbox 1121 369 1266 398; x_wconf 84' lang='lat' dir='ltr'><strong>talentum</strong></span> <span class='ocrx_word' id='word_1_474' title='bbox 1282 368 1389 401; x_wconf 80' lang='lat' dir='ltr'><strong>habes,</strong></span> <span class='ocrx_word' id='word_1_475' title='bbox 1407 367 1460 395; x_wconf 91' lang='lat' dir='ltr'><strong>sed</strong></span> <span class='ocrx_word' id='word_1_476' title='bbox 1470 366 1587 394; x_wconf 86' lang='lat' dir='ltr'><strong>lucrum</strong></span> <span class='ocrx_word' id='word_1_477' title='bbox 1602 373 1664 394; x_wconf 88' lang='lat' dir='ltr'><strong>non</strong></span> <span class='ocrx_word' id='word_1_478' title='bbox 1679 365 1782 394; x_wconf 80' lang='lat' dir='ltr'><strong>refers.</strong></span> 
     </span>
    </p>
   </div>
   <div class='ocr_carea' id='block_1_66' title="bbox 1019 410 1810 448">
    <p class='ocr_par' dir='ltr' id='par_1_66' title="bbox 1019 410 1810 448">
     <span class='ocr_line' id='line_1_66' title="bbox 1019 410 1810 448; baseline -0.005 -6"><span class='ocrx_word' id='word_1_479' title='bbox 1019 417 1044 442; x_wconf 82' lang='grc' dir='ltr'><strong>ϐ.</strong></span> <span class='ocrx_word' id='word_1_480' title='bbox 1065 413 1183 442; x_wconf 89' lang='lat' dir='ltr'><strong>Imitare</strong></span> <span class='ocrx_word' id='word_1_481' title='bbox 1205 413 1379 441; x_wconf 85' lang='lat' dir='ltr'><strong>eunuchum</strong></span> <span class='ocrx_word' id='word_1_482' title='bbox 1392 413 1424 440; x_wconf 79' lang='grc' dir='ltr'>ιῑ..</span> <span class='ocrx_word' id='word_1_483' title='bbox 1443 411 1492 440; x_wconf 90' lang='lat' dir='ltr'><strong>llle</strong></span> <span class='ocrx_word' id='word_1_484' title='bbox 1515 411 1628 439; x_wconf 87' lang='lat' dir='ltr'><strong>invenit</strong></span> <span class='ocrx_word' id='word_1_485' title='bbox 1643 410 1695 448; x_wconf 85' lang='lat' dir='ltr'><strong>qui</strong></span> <span class='ocrx_word' id='word_1_486' title='bbox 1710 410 1810 447; x_wconf 87' lang='lat' dir='ltr'><strong>ipsum</strong></span> 
     </span>
    </p>
   </div>
   <div class='ocr_carea' id='block_1_67' title="bbox 974 456 1811 494">
    <p class='ocr_par' dir='ltr' id='par_1_67' title="bbox 974 456 1811 494">
     <span class='ocr_line' id='line_1_67' title="bbox 974 456 1811 494; baseline -0.004 -8"><span class='ocrx_word' id='word_1_487' title='bbox 974 458 1081 494; x_wconf 86' lang='lat' dir='ltr'><strong>&#39;prima</strong></span> <span class='ocrx_word' id='word_1_488' title='bbox 1104 458 1174 487; x_wconf 87' lang='lat' dir='ltr'><strong>ﬁdei</strong></span> <span class='ocrx_word' id='word_1_489' title='bbox 1189 458 1337 486; x_wconf 81' lang='lat' dir='ltr'><strong>elementa</strong></span> <span class='ocrx_word' id='word_1_490' title='bbox 1357 457 1487 489; x_wconf 84' lang='lat' dir='ltr'><strong>doceret,</strong></span> <span class='ocrx_word' id='word_1_491' title='bbox 1504 464 1560 484; x_wconf 91' lang='lat' dir='ltr'><strong>nec</strong></span> <span class='ocrx_word' id='word_1_492' title='bbox 1583 456 1753 484; x_wconf 83' lang='lat' dir='ltr'><strong>doctrinam</strong></span> <span class='ocrx_word' id='word_1_493' title='bbox 1775 463 1811 484; x_wconf 84' lang='lat' dir='ltr'><strong>ac</strong></span> 
     </span>
    </p>
   </div>
   <div class='ocr_carea' id='block_1_68' title="bbox 984 500 1813 539">
    <p class='ocr_par' dir='ltr' id='par_1_68' title="bbox 984 500 1813 539">
     <span class='ocr_line' id='line_1_68' title="bbox 984 500 1813 539; baseline -0.004 -8"><span class='ocrx_word' id='word_1_494' title='bbox 984 503 1167 531; x_wconf 87' lang='lat' dir='ltr'><strong>documenta.</strong></span> <span class='ocrx_word' id='word_1_495' title='bbox 1182 504 1363 539; x_wconf 80' lang='lat' dir='ltr'><strong>aspernatus</strong></span> <span class='ocrx_word' id='word_1_496' title='bbox 1379 503 1441 529; x_wconf 89' lang='lat' dir='ltr'><strong>est:</strong></span> <span class='ocrx_word' id='word_1_497' title='bbox 1466 501 1520 528; x_wconf 88' lang='lat' dir='ltr'><strong>sed</strong></span> <span class='ocrx_word' id='word_1_498' title='bbox 1536 501 1566 528; x_wconf 89' lang='lat' dir='ltr'><strong>in</strong></span> <span class='ocrx_word' id='word_1_499' title='bbox 1582 508 1704 529; x_wconf 87' lang='lat' dir='ltr'><strong>currum</strong></span> <span class='ocrx_word' id='word_1_500' title='bbox 1717 500 1813 528; x_wconf 81' lang='lat' dir='ltr'><strong>evexit</strong></span> 
     </span>
    </p>
   </div>
   <div class='ocr_carea' id='block_1_69' title="bbox 984 544 1814 584">
    <p class='ocr_par' dir='ltr' id='par_1_69' title="bbox 984 544 1814 584">
     <span class='ocr_line' id='line_1_69' title="bbox 984 544 1814 584; baseline -0.005 -8"><span class='ocrx_word' id='word_1_501' title='bbox 984 555 1149 584; x_wconf 83' lang='lat' dir='ltr'><strong>pauperem</strong></span> <span class='ocrx_word' id='word_1_502' title='bbox 1165 548 1259 582; x_wconf 83' lang='lat' dir='ltr'><strong>dives,</strong></span> <span class='ocrx_word' id='word_1_503' title='bbox 1276 546 1403 575; x_wconf 87' lang='lat' dir='ltr'><strong>idiotam</strong></span> <span class='ocrx_word' id='word_1_504' title='bbox 1417 547 1446 574; x_wconf 87' lang='lat' dir='ltr'><strong>et</strong></span> <span class='ocrx_word' id='word_1_505' title='bbox 1460 545 1681 582; x_wconf 82' lang='lat' dir='ltr'><strong>aspernabilem</strong></span> <span class='ocrx_word' id='word_1_506' title='bbox 1696 544 1814 579; x_wconf 85' lang='lat' dir='ltr'><strong>magni-</strong></span> 
     </span>
    </p>
   </div>
   <div class='ocr_carea' id='block_1_70' title="bbox 984 590 1812 628">
    <p class='ocr_par' dir='ltr' id='par_1_70' title="bbox 984 590 1812 628">
     <span class='ocr_line' id='line_1_70' title="bbox 984 590 1812 628; baseline -0.004 -8"><span class='ocrx_word' id='word_1_507' title='bbox 984 593 1060 620; x_wconf 80' lang='lat' dir='ltr'><strong>ficus</strong></span> <span class='ocrx_word' id='word_1_508' title='bbox 1087 594 1115 620; x_wconf 89' lang='lat' dir='ltr'><strong>et</strong></span> <span class='ocrx_word' id='word_1_509' title='bbox 1141 594 1358 628; x_wconf 88' lang='lat' dir='ltr'><strong>sumptuosus;</strong></span> <span class='ocrx_word' id='word_1_510' title='bbox 1389 593 1480 627; x_wconf 87' lang='lat' dir='ltr'><strong>atque</strong></span> <span class='ocrx_word' id='word_1_511' title='bbox 1504 590 1589 626; x_wconf 84' lang='lat' dir='ltr'><strong>regni</strong></span> <span class='ocrx_word' id='word_1_512' title='bbox 1617 590 1812 625; x_wconf 82' lang='lat' dir='ltr'><strong>Evangelium</strong></span> 
     </span>
    </p>
   </div>
   <div class='ocr_carea' id='block_1_71' title="bbox 985 633 1813 673">
    <p class='ocr_par' dir='ltr' id='par_1_71' title="bbox 985 633 1813 673">
     <span class='ocr_line' id='line_1_71' title="bbox 985 633 1813 673; baseline -0.004 -8"><span class='ocrx_word' id='word_1_513' title='bbox 985 636 1119 672; x_wconf 88' lang='lat' dir='ltr'><strong>edoctus,</strong></span> <span class='ocrx_word' id='word_1_514' title='bbox 1132 637 1262 673; x_wconf 79' lang='lat' dir='ltr'><strong>suscepit</strong></span> <span class='ocrx_word' id='word_1_515' title='bbox 1277 636 1367 664; x_wconf 85' lang='lat' dir='ltr'><strong>corde</strong></span> <span class='ocrx_word' id='word_1_516' title='bbox 1383 635 1485 670; x_wconf 83' lang='lat' dir='ltr'><strong>ﬁdem,</strong></span> <span class='ocrx_word' id='word_1_517' title='bbox 1502 642 1565 663; x_wconf 89' lang='lat' dir='ltr'><strong>non</strong></span> <span class='ocrx_word' id='word_1_518' title='bbox 1579 635 1708 670; x_wconf 85' lang='lat' dir='ltr'><strong>sigillum</strong></span> <span class='ocrx_word' id='word_1_519' title='bbox 1725 633 1813 670; x_wconf 89' lang='lat' dir='ltr'><strong>Spiri-</strong></span> 
     </span>
    </p>
   </div>
   <div class='ocr_carea' id='block_1_72' title="bbox 986 679 1812 716">
    <p class='ocr_par' dir='ltr' id='par_1_72' title="bbox 986 679 1812 716">
     <span class='ocr_line' id='line_1_72' title="bbox 986 679 1812 716; baseline -0.004 -7"><span class='ocrx_word' id='word_1_520' title='bbox 986 683 1032 709; x_wconf 81' lang='lat' dir='ltr'><strong>tus</strong></span> <span class='ocrx_word' id='word_1_521' title='bbox 1048 681 1172 709; x_wconf 83' lang='lat' dir='ltr'><strong>distulit.</strong></span> <span class='ocrx_word' id='word_1_522' title='bbox 1190 683 1263 709; x_wconf 87' lang='lat' dir='ltr'><strong>Cum</strong></span> <span class='ocrx_word' id='word_1_523' title='bbox 1289 681 1380 709; x_wconf 86' lang='lat' dir='ltr'><strong>etiam</strong></span> <span class='ocrx_word' id='word_1_524' title='bbox 1395 679 1604 716; x_wconf 75' lang='lat' dir='ltr'><strong>pervenissent</strong></span> <span class='ocrx_word' id='word_1_525' title='bbox 1629 679 1668 707; x_wconf 86' lang='lat' dir='ltr'><strong>ad</strong></span> <span class='ocrx_word' id='word_1_526' title='bbox 1688 686 1812 715; x_wconf 84' lang='lat' dir='ltr'><strong>aquam,</strong></span> 
     </span>
    </p>
   </div>
   <div class='ocr_carea' id='block_1_73' title="bbox 985 723 1814 762">
    <p class='ocr_par' dir='ltr' id='par_1_73' title="bbox 985 723 1814 762">
     <span class='ocr_line' id='line_1_73' title="bbox 985 723 1814 762; baseline -0.004 -8"><span class='ocrx_word' id='word_1_527' title='bbox 985 726 1070 759; x_wconf 84' lang='lat' dir='ltr'><strong>Ecce,</strong></span> <span class='ocrx_word' id='word_1_528' title='bbox 1098 726 1206 762; x_wconf 87' lang='lat' dir='ltr'><strong>inquit,</strong></span> <span class='ocrx_word' id='word_1_529' title='bbox 1229 733 1318 761; x_wconf 80' lang='lat' dir='ltr'><strong>aqua.</strong></span> <span class='ocrx_word' id='word_1_530' title='bbox 1345 725 1409 752; x_wconf 81' lang='lat' dir='ltr'><strong>Vox</strong></span> <span class='ocrx_word' id='word_1_531' title='bbox 1431 723 1561 759; x_wconf 83' lang='lat' dir='ltr'><strong>ingentis</strong></span> <span class='ocrx_word' id='word_1_532' title='bbox 1590 723 1711 759; x_wconf 84' lang='lat' dir='ltr'>gaudii:</span> <span class='ocrx_word' id='word_1_533' title='bbox 1741 725 1814 752; x_wconf 88' lang='lat' dir='ltr'><strong>Ecce</strong></span> 
     </span>
    </p>
   </div>
   <div class='ocr_carea' id='block_1_74' title="bbox 986 768 1816 807">
    <p class='ocr_par' dir='ltr' id='par_1_74' title="bbox 986 768 1816 807">
     <span class='ocr_line' id='line_1_74' title="bbox 986 768 1816 807; baseline -0.001 -10"><span class='ocrx_word' id='word_1_534' title='bbox 986 771 1069 807; x_wconf 85' lang='lat' dir='ltr'><strong>quod</strong></span> <span class='ocrx_word' id='word_1_535' title='bbox 1085 770 1237 807; x_wconf 72' lang='lat' dir='ltr'><strong>qumritur,</strong></span> <span class='ocrx_word' id='word_1_536' title='bbox 1253 769 1332 804; x_wconf 79' lang='lat' dir='ltr'><strong>Quid</strong></span> <span class='ocrx_word' id='word_1_537' title='bbox 1346 769 1485 804; x_wconf 78' lang='lat' dir='ltr'><strong>prohibet</strong></span> <span class='ocrx_word' id='word_1_538' title='bbox 1507 776 1552 797; x_wconf 89' lang='lat' dir='ltr'><strong>me</strong></span> <span class='ocrx_word' id='word_1_539' title='bbox 1571 768 1744 804; x_wconf 78' lang='lat' dir='ltr'><strong>baptizari?</strong></span> <span class='ocrx_word' id='word_1_540' title='bbox 1761 768 1816 797; x_wconf 88' lang='lat' dir='ltr'><strong>Ubi</strong></span> 
     </span>
    </p>
   </div>
   <div class='ocr_carea' id='block_1_75' title="bbox 986 812 1814 851">
    <p class='ocr_par' dir='ltr' id='par_1_75' title="bbox 986 812 1814 851">
     <span class='ocr_line' id='line_1_75' title="bbox 986 812 1814 851; baseline -0.001 -8"><span class='ocrx_word' id='word_1_541' title='bbox 986 817 1129 851; x_wconf 87' lang='lat' dir='ltr'><strong>prompta</strong></span> <span class='ocrx_word' id='word_1_542' title='bbox 1152 814 1293 842; x_wconf 84' lang='lat' dir='ltr'><strong>voluntas</strong></span> <span class='ocrx_word' id='word_1_543' title='bbox 1319 816 1373 848; x_wconf 87' lang='lat' dir='ltr'><strong>est,</strong></span> <span class='ocrx_word' id='word_1_544' title='bbox 1389 813 1474 850; x_wconf 90' lang='lat' dir='ltr'><strong>quod</strong></span> <span class='ocrx_word' id='word_1_545' title='bbox 1494 812 1644 849; x_wconf 83' lang='lat' dir='ltr'><strong>impediat</strong></span> <span class='ocrx_word' id='word_1_546' title='bbox 1665 812 1740 841; x_wconf 84' lang='lat' dir='ltr'>nihil</span> <span class='ocrx_word' id='word_1_547' title='bbox 1760 815 1814 842; x_wconf 85' lang='lat' dir='ltr'><strong>est.</strong></span> 
     </span>
    </p>
   </div>
   <div class='ocr_carea' id='block_1_76' title="bbox 986 857 1816 895">
    <p class='ocr_par' dir='ltr' id='par_1_76' title="bbox 986 857 1816 895">
     <span class='ocr_line' id='line_1_76' title="bbox 986 857 1816 895; baseline 0 -8"><span class='ocrx_word' id='word_1_548' title='bbox 986 859 1127 895; x_wconf 67' lang='lat' dir='ltr'><strong>Naquui</strong></span> <span class='ocrx_word' id='word_1_549' title='bbox 1140 861 1238 893; x_wconf 84' lang='lat' dir='ltr'><strong>vocat,</strong></span> <span class='ocrx_word' id='word_1_550' title='bbox 1254 858 1406 893; x_wconf 83' lang='lat' dir='ltr'><strong>benignus</strong></span> <span class='ocrx_word' id='word_1_551' title='bbox 1422 860 1485 886; x_wconf 87' lang='lat' dir='ltr'><strong>est:</strong></span> <span class='ocrx_word' id='word_1_552' title='bbox 1510 857 1669 893; x_wconf 81' lang='lat' dir='ltr'><strong>expeditus</strong></span> <span class='ocrx_word' id='word_1_553' title='bbox 1694 859 1738 886; x_wconf 91' lang='lat' dir='ltr'><strong>est</strong></span> <span class='ocrx_word' id='word_1_554' title='bbox 1759 859 1816 887; x_wconf 87' lang='lat' dir='ltr'><strong>mi-</strong></span> 
     </span>
    </p>
   </div>
   <div class='ocr_carea' id='block_1_77' title="bbox 985 901 1814 939">
    <p class='ocr_par' dir='ltr' id='par_1_77' title="bbox 985 901 1814 939">
     <span class='ocr_line' id='line_1_77' title="bbox 985 901 1814 939; baseline -0.001 -8"><span class='ocrx_word' id='word_1_555' title='bbox 985 903 1086 939; x_wconf 89' lang='lat' dir='ltr'><strong>nister,</strong></span> <span class='ocrx_word' id='word_1_556' title='bbox 1098 903 1254 932; x_wconf 84' lang='lat' dir='ltr'><strong>uberrima</strong></span> <span class='ocrx_word' id='word_1_557' title='bbox 1266 903 1372 938; x_wconf 81' lang='lat' dir='ltr'><strong>gratia.</strong></span> <span class='ocrx_word' id='word_1_558' title='bbox 1388 902 1526 931; x_wconf 88' lang='lat' dir='ltr'><strong>Studium</strong></span> <span class='ocrx_word' id='word_1_559' title='bbox 1536 902 1607 930; x_wconf 87' lang='lat' dir='ltr'>insit</span> <span class='ocrx_word' id='word_1_560' title='bbox 1618 904 1646 930; x_wconf 87' lang='lat' dir='ltr'><strong>et</strong></span> <span class='ocrx_word' id='word_1_561' title='bbox 1662 901 1814 935; x_wconf 83' lang='lat' dir='ltr'>alacritas,</span> 
     </span>
    </p>
   </div>
   <div class='ocr_carea' id='block_1_78' title="bbox 985 946 1817 985">
    <p class='ocr_par' dir='ltr' id='par_1_78' title="bbox 985 946 1817 985">
     <span class='ocr_line' id='line_1_78' title="bbox 985 946 1817 985; baseline 0 -9"><span class='ocrx_word' id='word_1_562' title='bbox 985 950 1111 985; x_wconf 87' lang='lat' dir='ltr'><strong>tumque</strong></span> <span class='ocrx_word' id='word_1_563' title='bbox 1126 948 1244 976; x_wconf 90' lang='lat' dir='ltr'><strong>nullum</strong></span> <span class='ocrx_word' id='word_1_564' title='bbox 1258 948 1313 975; x_wconf 90' lang='lat' dir='ltr'><strong>erit</strong></span> <span class='ocrx_word' id='word_1_565' title='bbox 1327 946 1591 984; x_wconf 86' lang='lat' dir='ltr'><strong>impedimentum.</strong></span> <span class='ocrx_word' id='word_1_566' title='bbox 1609 947 1690 974; x_wconf 90' lang='lat' dir='ltr'><strong>Unus</strong></span> <span class='ocrx_word' id='word_1_567' title='bbox 1706 949 1750 975; x_wconf 91' lang='lat' dir='ltr'><strong>est</strong></span> <span class='ocrx_word' id='word_1_568' title='bbox 1764 947 1817 983; x_wconf 89' lang='lat' dir='ltr'><strong>qui</strong></span> 
     </span>
    </p>
   </div>
   <div class='ocr_carea' id='block_1_79' title="bbox 985 991 1817 1028">
    <p class='ocr_par' dir='ltr' id='par_1_79' title="bbox 985 991 1817 1028">
     <span class='ocr_line' id='line_1_79' title="bbox 985 991 1817 1028; baseline -0.002 -7"><span class='ocrx_word' id='word_1_569' title='bbox 985 992 1135 1028; x_wconf 87' lang='lat' dir='ltr'><strong>prohibet,</strong></span> <span class='ocrx_word' id='word_1_570' title='bbox 1152 993 1200 1021; x_wconf 89' lang='lat' dir='ltr'><strong>ille</strong></span> <span class='ocrx_word' id='word_1_571' title='bbox 1215 992 1362 1025; x_wconf 85' lang='lat' dir='ltr'><strong>videlicet,</strong></span> <span class='ocrx_word' id='word_1_572' title='bbox 1380 991 1431 1028; x_wconf 89' lang='lat' dir='ltr'><strong>qui</strong></span> <span class='ocrx_word' id='word_1_573' title='bbox 1447 991 1534 1020; x_wconf 90' lang='lat' dir='ltr'><strong>nobis</strong></span> <span class='ocrx_word' id='word_1_574' title='bbox 1547 991 1612 1020; x_wconf 86' lang='lat' dir='ltr'>vias</span> <span class='ocrx_word' id='word_1_575' title='bbox 1635 991 1675 1020; x_wconf 88' lang='lat' dir='ltr'><strong>ad</strong></span> <span class='ocrx_word' id='word_1_576' title='bbox 1688 991 1817 1020; x_wconf 85' lang='lat' dir='ltr'><strong>salutem</strong></span> 
     </span>
    </p>
   </div>
   <div class='ocr_carea' id='block_1_80' title="bbox 986 1035 1818 1074">
    <p class='ocr_par' dir='ltr' id='par_1_80' title="bbox 986 1035 1818 1074">
     <span class='ocr_line' id='line_1_80' title="bbox 986 1035 1818 1074; baseline 0 -9"><span class='ocrx_word' id='word_1_577' title='bbox 986 1036 1123 1071; x_wconf 87' lang='lat' dir='ltr'><strong>obstruit,</strong></span> <span class='ocrx_word' id='word_1_578' title='bbox 1137 1045 1228 1074; x_wconf 90' lang='lat' dir='ltr'><strong>quem</strong></span> <span class='ocrx_word' id='word_1_579' title='bbox 1239 1037 1400 1073; x_wconf 87' lang='lat' dir='ltr'>prudentia</span> <span class='ocrx_word' id='word_1_580' title='bbox 1410 1036 1580 1064; x_wconf 86' lang='lat' dir='ltr'><strong>vincamus.</strong></span> <span class='ocrx_word' id='word_1_581' title='bbox 1592 1035 1642 1064; x_wconf 90' lang='lat' dir='ltr'><strong>Ille</strong></span> <span class='ocrx_word' id='word_1_582' title='bbox 1654 1036 1818 1065; x_wconf 86' lang='lat' dir='ltr'><strong>cunctatio-</strong></span> 
     </span>
    </p>
   </div>
   <div class='ocr_carea' id='block_1_81' title="bbox 985 1081 1818 1117">
    <p class='ocr_par' dir='ltr' id='par_1_81' title="bbox 985 1081 1818 1117">
     <span class='ocr_line' id='line_1_81' title="bbox 985 1081 1818 1117; baseline -0.001 -7"><span class='ocrx_word' id='word_1_583' title='bbox 985 1082 1032 1110; x_wconf 88' lang='lat' dir='ltr'><strong>nis</strong></span> <span class='ocrx_word' id='word_1_584' title='bbox 1047 1090 1081 1110; x_wconf 86' lang='lat' dir='ltr'>ac</span> <span class='ocrx_word' id='word_1_585' title='bbox 1096 1089 1189 1110; x_wconf 70' lang='lat' dir='ltr'><strong>morm</strong></span> <span class='ocrx_word' id='word_1_586' title='bbox 1202 1082 1290 1110; x_wconf 87' lang='lat' dir='ltr'><strong>nobis</strong></span> <span class='ocrx_word' id='word_1_587' title='bbox 1303 1083 1409 1110; x_wconf 86' lang='lat' dir='ltr'><strong>auctor</strong></span> <span class='ocrx_word' id='word_1_588' title='bbox 1419 1083 1481 1115; x_wconf 87' lang='lat' dir='ltr'><strong>est;</strong></span> <span class='ocrx_word' id='word_1_589' title='bbox 1498 1088 1556 1108; x_wconf 90' lang='lat' dir='ltr'><strong>nos</strong></span> <span class='ocrx_word' id='word_1_590' title='bbox 1568 1081 1607 1109; x_wconf 89' lang='lat' dir='ltr'><strong>ad</strong></span> <span class='ocrx_word' id='word_1_591' title='bbox 1618 1089 1695 1117; x_wconf 87' lang='lat' dir='ltr'><strong>opus</strong></span> <span class='ocrx_word' id='word_1_592' title='bbox 1706 1081 1818 1109; x_wconf 81' lang='lat' dir='ltr'><strong>facien—</strong></span> 
     </span>
    </p>
   </div>
   <div class='ocr_carea' id='block_1_82' title="bbox 985 1125 1817 1162">
    <p class='ocr_par' dir='ltr' id='par_1_82' title="bbox 985 1125 1817 1162">
     <span class='ocr_line' id='line_1_82' title="bbox 985 1125 1817 1162; baseline 0 -7"><span class='ocrx_word' id='word_1_593' title='bbox 985 1125 1059 1155; x_wconf 89' lang='lat' dir='ltr'><strong>dum</strong></span> <span class='ocrx_word' id='word_1_594' title='bbox 1073 1126 1282 1161; x_wconf 80' lang='lat' dir='ltr'><strong>insurgamus.</strong></span> <span class='ocrx_word' id='word_1_595' title='bbox 1299 1126 1348 1154; x_wconf 89' lang='lat' dir='ltr'>lllo</span> <span class='ocrx_word' id='word_1_596' title='bbox 1370 1125 1514 1154; x_wconf 85' lang='lat' dir='ltr'><strong>inanibus</strong></span> <span class='ocrx_word' id='word_1_597' title='bbox 1538 1125 1699 1162; x_wconf 83' lang='lat' dir='ltr'><strong>promissis</strong></span> <span class='ocrx_word' id='word_1_598' title='bbox 1723 1125 1817 1155; x_wconf 78' lang='lat' dir='ltr'><strong>corda</strong></span> 
     </span>
    </p>
   </div>
   <div class='ocr_carea' id='block_1_83' title="bbox 985 1167 1815 1207">
    <p class='ocr_par' dir='ltr' id='par_1_83' title="bbox 985 1167 1815 1207">
     <span class='ocr_line' id='line_1_83' title="bbox 985 1167 1815 1207; baseline -0.001 -8"><span class='ocrx_word' id='word_1_599' title='bbox 985 1173 1089 1201; x_wconf 85' lang='lat' dir='ltr'><strong>nostra.</strong></span> <span class='ocrx_word' id='word_1_600' title='bbox 1110 1171 1237 1207; x_wconf 88' lang='lat' dir='ltr'><strong>decipit:</strong></span> <span class='ocrx_word' id='word_1_601' title='bbox 1263 1178 1320 1199; x_wconf 86' lang='lat' dir='ltr'><strong>nos</strong></span> <span class='ocrx_word' id='word_1_602' title='bbox 1343 1171 1407 1205; x_wconf 87' lang='lat' dir='ltr'><strong>ejus</strong></span> <span class='ocrx_word' id='word_1_603' title='bbox 1423 1170 1553 1205; x_wconf 83' lang='lat' dir='ltr'><strong>cogitata</strong></span> <span class='ocrx_word' id='word_1_604' title='bbox 1567 1177 1605 1198; x_wconf 87' lang='lat' dir='ltr'><strong>ne</strong></span> <span class='ocrx_word' id='word_1_605' title='bbox 1628 1167 1815 1205; x_wconf 81' lang='lat' dir='ltr'><strong>ignoremus.</strong></span> 
     </span>
    </p>
   </div>
   <div class='ocr_carea' id='block_1_84' title="bbox 985 1215 1814 1252">
    <p class='ocr_par' dir='ltr' id='par_1_84' title="bbox 985 1215 1814 1252">
     <span class='ocr_line' id='line_1_84' title="bbox 985 1215 1814 1252; baseline -0.001 -8"><span class='ocrx_word' id='word_1_606' title='bbox 985 1217 1089 1245; x_wconf 86' lang='lat' dir='ltr'><strong>Nonne</strong></span> <span class='ocrx_word' id='word_1_607' title='bbox 1105 1215 1238 1250; x_wconf 82' lang='lat' dir='ltr'>suggerit</span> <span class='ocrx_word' id='word_1_608' title='bbox 1261 1218 1294 1244; x_wconf 88' lang='lat' dir='ltr'><strong>ut</strong></span> <span class='ocrx_word' id='word_1_609' title='bbox 1316 1215 1406 1244; x_wconf 89' lang='lat' dir='ltr'><strong>hodie</strong></span> <span class='ocrx_word' id='word_1_610' title='bbox 1421 1217 1629 1251; x_wconf 87' lang='lat' dir='ltr'><strong>perpetremus</strong></span> <span class='ocrx_word' id='word_1_611' title='bbox 1645 1217 1814 1252; x_wconf 83' lang='lat' dir='ltr'><strong>peccatum,</strong></span> 
     </span>
    </p>
   </div>
   <div class='ocr_carea' id='block_1_85' title="bbox 985 1259 1815 1296">
    <p class='ocr_par' dir='ltr' id='par_1_85' title="bbox 985 1259 1815 1296">
     <span class='ocr_line' id='line_1_85' title="bbox 985 1259 1815 1296; baseline -0.001 -7"><span class='ocrx_word' id='word_1_612' title='bbox 985 1260 1093 1289; x_wconf 82' lang='lat' dir='ltr'><strong>suadet</strong></span> <span class='ocrx_word' id='word_1_613' title='bbox 1107 1268 1122 1288; x_wconf 91' lang='lat' dir='ltr'><strong>e</strong></span> <span class='ocrx_word' id='word_1_614' title='bbox 1136 1260 1267 1295; x_wconf 87' lang='lat' dir='ltr'><strong>diverso,</strong></span> <span class='ocrx_word' id='word_1_615' title='bbox 1284 1262 1316 1288; x_wconf 91' lang='lat' dir='ltr'><strong>ut</strong></span> <span class='ocrx_word' id='word_1_616' title='bbox 1328 1260 1475 1296; x_wconf 87' lang='lat' dir='ltr'><strong>justitiam</strong></span> <span class='ocrx_word' id='word_1_617' title='bbox 1489 1259 1519 1287; x_wconf 90' lang='lat' dir='ltr'><strong>in</strong></span> <span class='ocrx_word' id='word_1_618' title='bbox 1535 1259 1702 1288; x_wconf 85' lang='lat' dir='ltr'><strong>crastinum</strong></span> <span class='ocrx_word' id='word_1_619' title='bbox 1716 1267 1815 1288; x_wconf 81' lang='lat' dir='ltr'><strong>reser-</strong></span> 
     </span>
    </p>
   </div>
   <div class='ocr_carea' id='block_1_86' title="bbox 985 1305 1816 1342">
    <p class='ocr_par' dir='ltr' id='par_1_86' title="bbox 985 1305 1816 1342">
     <span class='ocr_line' id='line_1_86' title="bbox 985 1305 1816 1342; baseline 0.001 -9"><span class='ocrx_word' id='word_1_620' title='bbox 985 1313 1090 1334; x_wconf 87' lang='lat' dir='ltr'><strong>vemus</strong></span> <span class='ocrx_word' id='word_1_621' title='bbox 1100 1308 1112 1331; x_wconf 78' lang='lat' dir='ltr'><strong>‘I</strong></span> <span class='ocrx_word' id='word_1_622' title='bbox 1134 1306 1323 1342; x_wconf 80' lang='lat' dir='ltr'>Quapropter</span> <span class='ocrx_word' id='word_1_623' title='bbox 1337 1305 1481 1340; x_wconf 71' lang='lat' dir='ltr'><strong>Dominus</strong></span> <span class='ocrx_word' id='word_1_624' title='bbox 1496 1313 1589 1342; x_wconf 85' lang='lat' dir='ltr'><strong>prava</strong></span> <span class='ocrx_word' id='word_1_625' title='bbox 1606 1305 1672 1341; x_wconf 85' lang='lat' dir='ltr'><strong>ejus</strong></span> <span class='ocrx_word' id='word_1_626' title='bbox 1687 1305 1816 1334; x_wconf 88' lang='lat' dir='ltr'><strong>consilia.</strong></span> 
     </span>
    </p>
   </div>
   <div class='ocr_carea' id='block_1_87' title="bbox 984 1350 1813 1384">
    <p class='ocr_par' dir='ltr' id='par_1_87' title="bbox 984 1350 1813 1384">
     <span class='ocr_line' id='line_1_87' title="bbox 984 1350 1813 1384; baseline 0 -5"><span class='ocrx_word' id='word_1_627' title='bbox 984 1353 1131 1384; x_wconf 87' lang='lat' dir='ltr'><strong>evertens,</strong></span> <span class='ocrx_word' id='word_1_628' title='bbox 1150 1350 1190 1379; x_wconf 84' lang='lat' dir='ltr'><strong>ait</strong></span> <span class='ocrx_word' id='word_1_629' title='bbox 1203 1359 1208 1378; x_wconf 89' lang='lat'>:</span> <span class='ocrx_word' id='word_1_630' title='bbox 1228 1350 1332 1384; x_wconf 71' lang='lat' dir='ltr'><strong>fHodie</strong></span> <span class='ocrx_word' id='word_1_631' title='bbox 1345 1351 1372 1378; x_wconf 84' lang='lat' dir='ltr'><strong>si</strong></span> <span class='ocrx_word' id='word_1_632' title='bbox 1387 1357 1485 1378; x_wconf 83' lang='lat' dir='ltr'><strong>vocem</strong></span> <span class='ocrx_word' id='word_1_633' title='bbox 1499 1357 1595 1378; x_wconf 85' lang='lat' dir='ltr'><strong>meam</strong></span> <span class='ocrx_word' id='word_1_634' title='bbox 1609 1351 1768 1378; x_wconf 78' lang='lat' dir='ltr'><strong>audieritis</strong></span> <span class='ocrx_word' id='word_1_635' title='bbox 1779 1351 1813 1379; x_wconf 67' lang='lat'><strong>&#39;3.</strong></span> 
     </span>
    </p>
   </div>
   <div class='ocr_carea' id='block_1_88' title="bbox 984 1394 1813 1429">
    <p class='ocr_par' dir='ltr' id='par_1_88' title="bbox 984 1394 1813 1429">
     <span class='ocr_line' id='line_1_88' title="bbox 984 1394 1813 1429; baseline 0.001 -7"><span class='ocrx_word' id='word_1_636' title='bbox 984 1395 1033 1423; x_wconf 87' lang='lat' dir='ltr'><strong>Ille</strong></span> <span class='ocrx_word' id='word_1_637' title='bbox 1049 1395 1136 1423; x_wconf 87' lang='lat' dir='ltr'><strong>dicit:</strong></span> <span class='ocrx_word' id='word_1_638' title='bbox 1152 1395 1337 1424; x_wconf 84' lang='lat' dir='ltr'><strong>Hodiernum</strong></span> <span class='ocrx_word' id='word_1_639' title='bbox 1352 1394 1435 1429; x_wconf 88' lang='lat' dir='ltr'><strong>mihi,</strong></span> <span class='ocrx_word' id='word_1_640' title='bbox 1449 1394 1616 1423; x_wconf 86' lang='lat' dir='ltr'><strong>crastinum</strong></span> <span class='ocrx_word' id='word_1_641' title='bbox 1631 1396 1700 1423; x_wconf 90' lang='lat' dir='ltr'><strong>Deo.</strong></span> <span class='ocrx_word' id='word_1_642' title='bbox 1716 1394 1813 1423; x_wconf 90' lang='lat' dir='ltr'><strong>Domi-</strong></span> 
     </span>
    </p>
   </div>
   <div class='ocr_carea' id='block_1_89' title="bbox 986 1439 1816 1468">
    <p class='ocr_par' dir='ltr' id='par_1_89' title="bbox 986 1439 1816 1468">
     <span class='ocr_line' id='line_1_89' title="bbox 986 1439 1816 1468; baseline -0.001 0"><span class='ocrx_word' id='word_1_643' title='bbox 986 1448 1043 1468; x_wconf 87' lang='lat' dir='ltr'><strong>nus</strong></span> <span class='ocrx_word' id='word_1_644' title='bbox 1054 1442 1159 1468; x_wconf 84' lang='lat' dir='ltr'><strong>contra</strong></span> <span class='ocrx_word' id='word_1_645' title='bbox 1173 1439 1353 1468; x_wconf 81' lang='lat' dir='ltr'><strong>vociferatur</strong></span> <span class='ocrx_word' id='word_1_646' title='bbox 1366 1448 1371 1468; x_wconf 95' lang='lat'>:</span> <span class='ocrx_word' id='word_1_647' title='bbox 1389 1439 1481 1467; x_wconf 83' lang='lat' dir='ltr'><strong>Hodie</strong></span> <span class='ocrx_word' id='word_1_648' title='bbox 1497 1447 1603 1467; x_wconf 86' lang='lat' dir='ltr'><strong>vocem</strong></span> <span class='ocrx_word' id='word_1_649' title='bbox 1619 1447 1720 1467; x_wconf 85' lang='lat' dir='ltr'><strong>meam</strong></span> <span class='ocrx_word' id='word_1_650' title='bbox 1730 1439 1816 1468; x_wconf 82' lang='lat' dir='ltr'><strong>audi-</strong></span> 
     </span>
    </p>
   </div>
   <div class='ocr_carea' id='block_1_90' title="bbox 983 1483 1815 1519">
    <p class='ocr_par' dir='ltr' id='par_1_90' title="bbox 983 1483 1815 1519">
     <span class='ocr_line' id='line_1_90' title="bbox 983 1483 1815 1519; baseline 0 -6"><span class='ocrx_word' id='word_1_651' title='bbox 983 1487 1021 1513; x_wconf 86' lang='lat' dir='ltr'><strong>te.</strong></span> <span class='ocrx_word' id='word_1_652' title='bbox 1039 1484 1205 1513; x_wconf 86' lang='lat' dir='ltr'><strong>Considera</strong></span> <span class='ocrx_word' id='word_1_653' title='bbox 1225 1483 1398 1517; x_wconf 88' lang='lat' dir='ltr'><strong>inimicum;</strong></span> <span class='ocrx_word' id='word_1_654' title='bbox 1423 1483 1551 1512; x_wconf 84' lang='lat' dir='ltr'><strong>suadere</strong></span> <span class='ocrx_word' id='word_1_655' title='bbox 1573 1492 1635 1512; x_wconf 90' lang='lat' dir='ltr'><strong>non</strong></span> <span class='ocrx_word' id='word_1_656' title='bbox 1663 1484 1765 1519; x_wconf 85' lang='lat' dir='ltr'><strong>audet,</strong></span> <span class='ocrx_word' id='word_1_657' title='bbox 1782 1485 1815 1513; x_wconf 85' lang='lat' dir='ltr'><strong>ut</strong></span> 
     </span>
    </p>
   </div>
   <div class='ocr_carea' id='block_1_91' title="bbox 982 1528 1813 1565">
    <p class='ocr_par' dir='ltr' id='par_1_91' title="bbox 982 1528 1813 1565">
     <span class='ocr_line' id='line_1_91' title="bbox 982 1528 1813 1565; baseline 0 -8"><span class='ocrx_word' id='word_1_658' title='bbox 982 1530 1108 1558; x_wconf 89' lang='lat' dir='ltr'><strong>omnino</strong></span> <span class='ocrx_word' id='word_1_659' title='bbox 1122 1537 1139 1558; x_wconf 89' lang='lat' dir='ltr'><strong>a</strong></span> <span class='ocrx_word' id='word_1_660' title='bbox 1153 1531 1212 1557; x_wconf 90' lang='lat' dir='ltr'><strong>Deo</strong></span> <span class='ocrx_word' id='word_1_661' title='bbox 1228 1528 1352 1557; x_wconf 86' lang='lat' dir='ltr'><strong>secedas</strong></span> <span class='ocrx_word' id='word_1_662' title='bbox 1365 1529 1460 1565; x_wconf 85' lang='lat' dir='ltr'><strong>(novit</strong></span> <span class='ocrx_word' id='word_1_663' title='bbox 1472 1528 1504 1556; x_wconf 90' lang='lat' dir='ltr'><strong>id</strong></span> <span class='ocrx_word' id='word_1_664' title='bbox 1518 1529 1623 1557; x_wconf 89' lang='lat' dir='ltr'><strong>auditu</strong></span> <span class='ocrx_word' id='word_1_665' title='bbox 1638 1528 1813 1557; x_wconf 80' lang='lat' dir='ltr'><strong>Christianis</strong></span> 
     </span>
    </p>
   </div>
   <div class='ocr_carea' id='block_1_92' title="bbox 982 1573 1812 1610">
    <p class='ocr_par' dir='ltr' id='par_1_92' title="bbox 982 1573 1812 1610">
     <span class='ocr_line' id='line_1_92' title="bbox 982 1573 1812 1610; baseline -0.002 -7"><span class='ocrx_word' id='word_1_666' title='bbox 982 1582 1074 1609; x_wconf 82' lang='lat' dir='ltr'><strong>grave</strong></span> <span class='ocrx_word' id='word_1_667' title='bbox 1081 1575 1167 1610; x_wconf 86' lang='lat' dir='ltr'><strong>esse),</strong></span> <span class='ocrx_word' id='word_1_668' title='bbox 1179 1574 1232 1602; x_wconf 91' lang='lat' dir='ltr'><strong>sed</strong></span> <span class='ocrx_word' id='word_1_669' title='bbox 1246 1573 1443 1602; x_wconf 89' lang='lat' dir='ltr'><strong>fraudulentis</strong></span> <span class='ocrx_word' id='word_1_670' title='bbox 1457 1573 1571 1602; x_wconf 86' lang='lat' dir='ltr'><strong>artibus</strong></span> <span class='ocrx_word' id='word_1_671' title='bbox 1586 1575 1676 1609; x_wconf 83' lang='lat' dir='ltr'><strong>atque</strong></span> <span class='ocrx_word' id='word_1_672' title='bbox 1690 1573 1812 1602; x_wconf 90' lang='lat' dir='ltr'><strong>insidio-</strong></span> 
     </span>
    </p>
   </div>
   <div class='ocr_carea' id='block_1_93' title="bbox 982 1618 1810 1655">
    <p class='ocr_par' dir='ltr' id='par_1_93' title="bbox 982 1618 1810 1655">
     <span class='ocr_line' id='line_1_93' title="bbox 982 1618 1810 1655; baseline 0 -8"><span class='ocrx_word' id='word_1_673' title='bbox 982 1619 1023 1647; x_wconf 83' lang='lat' dir='ltr'><strong>sis</strong></span> <span class='ocrx_word' id='word_1_674' title='bbox 1038 1618 1221 1654; x_wconf 82' lang='lat' dir='ltr'><strong>aggreditur.</strong></span> <span class='ocrx_word' id='word_1_675' title='bbox 1240 1618 1363 1655; x_wconf 86' lang='lat' dir='ltr'><strong>Sapiens</strong></span> <span class='ocrx_word' id='word_1_676' title='bbox 1387 1619 1432 1646; x_wconf 88' lang='lat' dir='ltr'><strong>est</strong></span> <span class='ocrx_word' id='word_1_677' title='bbox 1453 1618 1493 1646; x_wconf 88' lang='lat' dir='ltr'><strong>ad</strong></span> <span class='ocrx_word' id='word_1_678' title='bbox 1509 1618 1763 1646; x_wconf 80' lang='lat' dir='ltr'><strong>malefaciendum</strong></span> <span class='ocrx_word' id='word_1_679' title='bbox 1776 1619 1810 1647; x_wconf 72' lang='grc' dir='ltr'><strong>ιθ.</strong></span> 
     </span>
    </p>
   </div>
   <div class='ocr_carea' id='block_1_94' title="bbox 981 1662 1811 1699">
    <p class='ocr_par' dir='ltr' id='par_1_94' title="bbox 981 1662 1811 1699">
     <span class='ocr_line' id='line_1_94' title="bbox 981 1662 1811 1699; baseline -0.001 -8"><span class='ocrx_word' id='word_1_680' title='bbox 981 1663 1117 1698; x_wconf 82' lang='lat' dir='ltr'><strong>Intelligit</strong></span> <span class='ocrx_word' id='word_1_681' title='bbox 1133 1672 1190 1693; x_wconf 88' lang='lat' dir='ltr'><strong>nos</strong></span> <span class='ocrx_word' id='word_1_682' title='bbox 1206 1663 1345 1691; x_wconf 88' lang='lat' dir='ltr'><strong>homines</strong></span> <span class='ocrx_word' id='word_1_683' title='bbox 1359 1663 1390 1690; x_wconf 93' lang='lat' dir='ltr'><strong>in</strong></span> <span class='ocrx_word' id='word_1_684' title='bbox 1405 1662 1548 1699; x_wconf 65' lang='lat' dir='ltr'><strong>praesenti</strong></span> <span class='ocrx_word' id='word_1_685' title='bbox 1562 1662 1661 1691; x_wconf 90' lang='lat' dir='ltr'><strong>solum</strong></span> <span class='ocrx_word' id='word_1_686' title='bbox 1676 1664 1811 1699; x_wconf 88' lang='lat' dir='ltr'><strong>tempore</strong></span> 
     </span>
    </p>
   </div>
   <div class='ocr_carea' id='block_1_95' title="bbox 980 1707 1809 1744">
    <p class='ocr_par' dir='ltr' id='par_1_95' title="bbox 980 1707 1809 1744">
     <span class='ocr_line' id='line_1_95' title="bbox 980 1707 1809 1744; baseline -0.002 -7"><span class='ocrx_word' id='word_1_687' title='bbox 980 1708 1313 1744; x_wconf 85' lang='lat' dir='ltr'><strong>vivere,_actionemque</strong></span> <span class='ocrx_word' id='word_1_688' title='bbox 1329 1715 1453 1735; x_wconf 89' lang='lat' dir='ltr'><strong>omnem</strong></span> <span class='ocrx_word' id='word_1_689' title='bbox 1465 1707 1496 1735; x_wconf 91' lang='lat' dir='ltr'><strong>in</strong></span> <span class='ocrx_word' id='word_1_690' title='bbox 1515 1707 1658 1743; x_wconf 70' lang='lat' dir='ltr'><strong>praesenti</strong></span> <span class='ocrx_word' id='word_1_691' title='bbox 1672 1709 1809 1744; x_wconf 87' lang='lat' dir='ltr'><strong>tempore</strong></span> 
     </span>
    </p>
   </div>
   <div class='ocr_carea' id='block_1_96' title="bbox 980 1751 1809 1785">
    <p class='ocr_par' dir='ltr' id='par_1_96' title="bbox 980 1751 1809 1785">
     <span class='ocr_line' id='line_1_96' title="bbox 980 1751 1809 1785; baseline 0 -5"><span class='ocrx_word' id='word_1_692' title='bbox 980 1752 1053 1781; x_wconf 83' lang='lat' dir='ltr'><strong>ﬁeri.</strong></span> <span class='ocrx_word' id='word_1_693' title='bbox 1071 1752 1277 1785; x_wconf 87' lang='lat' dir='ltr'><strong>Quamobrem</strong></span> <span class='ocrx_word' id='word_1_694' title='bbox 1291 1752 1439 1780; x_wconf 84' lang='lat' dir='ltr'><strong>hodierna</strong></span> <span class='ocrx_word' id='word_1_695' title='bbox 1454 1751 1502 1780; x_wconf 89' lang='lat' dir='ltr'><strong>die</strong></span> <span class='ocrx_word' id='word_1_696' title='bbox 1526 1751 1615 1780; x_wconf 88' lang='lat' dir='ltr'><strong>nobis</strong></span> <span class='ocrx_word' id='word_1_697' title='bbox 1636 1751 1809 1780; x_wconf 87' lang='lat' dir='ltr'><strong>fraudulen-</strong></span> 
     </span>
    </p>
   </div>
   <div class='ocr_carea' id='block_1_97' title="bbox 980 1796 1811 1833">
    <p class='ocr_par' dir='ltr' id='par_1_97' title="bbox 980 1796 1811 1833">
     <span class='ocr_line' id='line_1_97' title="bbox 980 1796 1811 1833; baseline 0 -8"><span class='ocrx_word' id='word_1_698' title='bbox 980 1799 1023 1826; x_wconf 90' lang='lat' dir='ltr'><strong>ter</strong></span> <span class='ocrx_word' id='word_1_699' title='bbox 1038 1799 1187 1833; x_wconf 86' lang='lat' dir='ltr'><strong>surrepta,</strong></span> <span class='ocrx_word' id='word_1_700' title='bbox 1204 1796 1292 1825; x_wconf 90' lang='lat' dir='ltr'><strong>nobis</strong></span> <span class='ocrx_word' id='word_1_701' title='bbox 1305 1804 1390 1833; x_wconf 87' lang='lat' dir='ltr'><strong>spem</strong></span> <span class='ocrx_word' id='word_1_702' title='bbox 1406 1796 1546 1825; x_wconf 62' lang='lat' dir='ltr'><strong>crastinas</strong></span> <span class='ocrx_word' id='word_1_703' title='bbox 1558 1796 1709 1832; x_wconf 89' lang='lat' dir='ltr'><strong>relinquit.</strong></span> <span class='ocrx_word' id='word_1_704' title='bbox 1724 1796 1811 1825; x_wconf 89' lang='lat' dir='ltr'><strong>Dein-</strong></span> 
     </span>
    </p>
   </div>
   <div class='ocr_carea' id='block_1_98' title="bbox 979 1840 1811 1873">
    <p class='ocr_par' dir='ltr' id='par_1_98' title="bbox 979 1840 1811 1873">
     <span class='ocr_line' id='line_1_98' title="bbox 979 1840 1811 1873; baseline 0 -3"><span class='ocrx_word' id='word_1_705' title='bbox 979 1841 1017 1871; x_wconf 91' lang='lat' dir='ltr'><strong>de</strong></span> <span class='ocrx_word' id='word_1_706' title='bbox 1037 1850 1106 1870; x_wconf 90' lang='lat' dir='ltr'><strong>cum</strong></span> <span class='ocrx_word' id='word_1_707' title='bbox 1120 1841 1184 1870; x_wconf 88' lang='lat' dir='ltr'><strong>dies</strong></span> <span class='ocrx_word' id='word_1_708' title='bbox 1200 1841 1334 1870; x_wconf 85' lang='lat' dir='ltr'><strong>crastina</strong></span> <span class='ocrx_word' id='word_1_709' title='bbox 1354 1841 1447 1873; x_wconf 87' lang='lat' dir='ltr'><strong>venit,</strong></span> <span class='ocrx_word' id='word_1_710' title='bbox 1461 1849 1566 1869; x_wconf 88' lang='lat' dir='ltr'><strong>rursus</strong></span> <span class='ocrx_word' id='word_1_711' title='bbox 1582 1840 1698 1870; x_wconf 86' lang='lat' dir='ltr'><strong>accedit</strong></span> <span class='ocrx_word' id='word_1_712' title='bbox 1711 1841 1811 1870; x_wconf 85' lang='lat' dir='ltr'><strong>malus</strong></span> 
     </span>
    </p>
   </div>
   <div class='ocr_carea' id='block_1_99' title="bbox 979 1885 1809 1922">
    <p class='ocr_par' dir='ltr' id='par_1_99' title="bbox 979 1885 1809 1922">
     <span class='ocr_line' id='line_1_99' title="bbox 979 1885 1809 1922; baseline -0.001 -6"><span class='ocrx_word' id='word_1_713' title='bbox 979 1886 1221 1922; x_wconf 69' lang='lat' dir='ltr'><strong>noster_divisor,</strong></span> <span class='ocrx_word' id='word_1_714' title='bbox 1238 1885 1356 1922; x_wconf 81' lang='lat' dir='ltr'><strong>sibique</strong></span> <span class='ocrx_word' id='word_1_715' title='bbox 1378 1885 1569 1919; x_wconf 89' lang='lat' dir='ltr'><strong>hodiernum,</strong></span> <span class='ocrx_word' id='word_1_716' title='bbox 1590 1885 1716 1914; x_wconf 88' lang='lat' dir='ltr'><strong>Domino</strong></span> <span class='ocrx_word' id='word_1_717' title='bbox 1736 1893 1809 1915; x_wconf 88' lang='lat' dir='ltr'><strong>vero</strong></span> 
     </span>
    </p>
   </div>
   <div class='ocr_carea' id='block_1_100' title="bbox 978 1930 1809 1967">
    <p class='ocr_par' dir='ltr' id='par_1_100' title="bbox 978 1930 1809 1967">
     <span class='ocr_line' id='line_1_100' title="bbox 978 1930 1809 1967; baseline -0.001 -8"><span class='ocrx_word' id='word_1_718' title='bbox 978 1931 1145 1962; x_wconf 79' lang='lat' dir='ltr'><strong>crastinum</strong></span> <span class='ocrx_word' id='word_1_719' title='bbox 1156 1930 1262 1966; x_wconf 85' lang='lat' dir='ltr'><strong>poscit,</strong></span> <span class='ocrx_word' id='word_1_720' title='bbox 1278 1932 1369 1966; x_wconf 88' lang='lat' dir='ltr'><strong>atque</strong></span> <span class='ocrx_word' id='word_1_721' title='bbox 1384 1930 1426 1958; x_wconf 83' lang='lat' dir='ltr'><strong>sic</strong></span> <span class='ocrx_word' id='word_1_722' title='bbox 1440 1937 1560 1966; x_wconf 86' lang='lat' dir='ltr'><strong>semper</strong></span> <span class='ocrx_word' id='word_1_723' title='bbox 1579 1930 1665 1966; x_wconf 78' lang='lat'><strong>120</strong></span> <span class='ocrx_word' id='word_1_724' title='bbox 1676 1937 1809 1967; x_wconf 70' lang='lat' dir='ltr'><strong>praesens</strong></span> 
     </span>
    </p>
   </div>
   <div class='ocr_carea' id='block_1_101' title="bbox 977 1975 1808 2013">
    <p class='ocr_par' dir='ltr' id='par_1_101' title="bbox 977 1975 1808 2013">
     <span class='ocr_line' id='line_1_101' title="bbox 977 1975 1808 2013; baseline 0 -9"><span class='ocrx_word' id='word_1_725' title='bbox 977 1976 1100 2013; x_wconf 86' lang='lat' dir='ltr'><strong>quidem</strong></span> <span class='ocrx_word' id='word_1_726' title='bbox 1116 1984 1170 2012; x_wconf 86' lang='lat' dir='ltr'><strong>per</strong></span> <span class='ocrx_word' id='word_1_727' title='bbox 1184 1975 1368 2012; x_wconf 86' lang='lat' dir='ltr'><strong>voluptatem</strong></span> <span class='ocrx_word' id='word_1_728' title='bbox 1383 1975 1576 2011; x_wconf 83' lang='lat' dir='ltr'><strong>subtrahens,</strong></span> <span class='ocrx_word' id='word_1_729' title='bbox 1588 1975 1723 2004; x_wconf 83' lang='lat' dir='ltr'><strong>futurum</strong></span> <span class='ocrx_word' id='word_1_730' title='bbox 1737 1983 1808 2004; x_wconf 86' lang='lat' dir='ltr'><strong>vero</strong></span> 
     </span>
    </p>
   </div>
   <div class='ocr_carea' id='block_1_102' title="bbox 977 2020 1808 2057">
    <p class='ocr_par' dir='ltr' id='par_1_102' title="bbox 977 2020 1808 2057">
     <span class='ocr_line' id='line_1_102' title="bbox 977 2020 1808 2057; baseline 0.002 -9"><span class='ocrx_word' id='word_1_731' title='bbox 977 2021 1042 2057; x_wconf 88' lang='lat' dir='ltr'><strong>spei</strong></span> <span class='ocrx_word' id='word_1_732' title='bbox 1055 2023 1164 2051; x_wconf 68' lang='lat' dir='ltr'><strong>nostrae</strong></span> <span class='ocrx_word' id='word_1_733' title='bbox 1175 2028 1360 2057; x_wconf 84' lang='lat' dir='ltr'><strong>proponens,</strong></span> <span class='ocrx_word' id='word_1_734' title='bbox 1372 2020 1582 2057; x_wconf 86' lang='lat' dir='ltr'><strong>imprudentes</strong></span> <span class='ocrx_word' id='word_1_735' title='bbox 1594 2028 1650 2050; x_wconf 88' lang='lat' dir='ltr'><strong>nos</strong></span> <span class='ocrx_word' id='word_1_736' title='bbox 1662 2022 1691 2049; x_wconf 87' lang='lat' dir='ltr'><strong>et</strong></span> <span class='ocrx_word' id='word_1_737' title='bbox 1704 2020 1808 2050; x_wconf 80' lang='lat' dir='ltr'><strong>incau-</strong></span> 
     </span>
    </p>
   </div>
   <div class='ocr_carea' id='block_1_103' title="bbox 977 2065 1306 2095">
    <p class='ocr_par' dir='ltr' id='par_1_103' title="bbox 977 2065 1306 2095">
     <span class='ocr_line' id='line_1_103' title="bbox 977 2065 1306 2095; baseline -0.003 0"><span class='ocrx_word' id='word_1_738' title='bbox 977 2068 1023 2095; x_wconf 88' lang='lat' dir='ltr'><strong>tos</strong></span> <span class='ocrx_word' id='word_1_739' title='bbox 1035 2067 1065 2094; x_wconf 90' lang='lat' dir='ltr'><strong>et</strong></span> <span class='ocrx_word' id='word_1_740' title='bbox 1078 2066 1139 2094; x_wconf 84' lang='lat' dir='ltr'><strong>vita</strong></span> <span class='ocrx_word' id='word_1_741' title='bbox 1154 2065 1306 2094; x_wconf 86' lang='lat' dir='ltr'><strong>subducit.</strong></span> 
     </span>
    </p>
   </div>
   <div class='ocr_carea' id='block_1_104' title="bbox 1013 2109 1807 2146">
    <p class='ocr_par' dir='ltr' id='par_1_104' title="bbox 1013 2109 1807 2146">
     <span class='ocr_line' id='line_1_104' title="bbox 1013 2109 1807 2146; baseline 0 -7"><span class='ocrx_word' id='word_1_742' title='bbox 1013 2113 1042 2139; x_wconf 88' lang='lat'><strong>7.</strong></span> <span class='ocrx_word' id='word_1_743' title='bbox 1068 2110 1131 2139; x_wconf 87' lang='lat' dir='ltr'><strong>Vidi</strong></span> <span class='ocrx_word' id='word_1_744' title='bbox 1146 2117 1203 2144; x_wconf 81' lang='lat' dir='ltr'><strong>ego</strong></span> <span class='ocrx_word' id='word_1_745' title='bbox 1220 2109 1386 2146; x_wconf 86' lang='lat' dir='ltr'><strong>aliquando</strong></span> <span class='ocrx_word' id='word_1_746' title='bbox 1405 2109 1497 2138; x_wconf 82' lang='lat' dir='ltr'><strong>talem</strong></span> <span class='ocrx_word' id='word_1_747' title='bbox 1514 2109 1629 2138; x_wconf 78' lang='lat' dir='ltr'><strong>callidae</strong></span> <span class='ocrx_word' id='word_1_748' title='bbox 1644 2109 1807 2146; x_wconf 84' lang='lat' dir='ltr'><strong>cujusdam</strong></span> 
     </span>
    </p>
   </div>
   <div class='ocr_carea' id='block_1_105' title="bbox 978 2153 1805 2191">
    <p class='ocr_par' dir='ltr' id='par_1_105' title="bbox 978 2153 1805 2191">
     <span class='ocr_line' id='line_1_105' title="bbox 978 2153 1805 2191; baseline 0 -7"><span class='ocrx_word' id='word_1_749' title='bbox 978 2155 1044 2184; x_wconf 82' lang='lat' dir='ltr'><strong>avis</strong></span> <span class='ocrx_word' id='word_1_750' title='bbox 1054 2154 1357 2184; x_wconf 82' lang='lat' dir='ltr'><strong>astutiam.Nimirum</strong></span> <span class='ocrx_word' id='word_1_751' title='bbox 1369 2162 1438 2182; x_wconf 91' lang='lat' dir='ltr'><strong>cum</strong></span> <span class='ocrx_word' id='word_1_752' title='bbox 1449 2153 1522 2189; x_wconf 90' lang='lat' dir='ltr'><strong>pulli</strong></span> <span class='ocrx_word' id='word_1_753' title='bbox 1532 2154 1597 2189; x_wconf 89' lang='lat' dir='ltr'><strong>ejus</strong></span> <span class='ocrx_word' id='word_1_754' title='bbox 1604 2156 1706 2183; x_wconf 88' lang='lat' dir='ltr'><strong>essent</strong></span> <span class='ocrx_word' id='word_1_755' title='bbox 1715 2157 1805 2191; x_wconf 87' lang='lat' dir='ltr'><strong>captu</strong></span> 
     </span>
    </p>
   </div>
   <div class='ocr_carea' id='block_1_106' title="bbox 979 2198 1806 2235">
    <p class='ocr_par' dir='ltr' id='par_1_106' title="bbox 979 2198 1806 2235">
     <span class='ocr_line' id='line_1_106' title="bbox 979 2198 1806 2235; baseline 0 -7"><span class='ocrx_word' id='word_1_756' title='bbox 979 2199 1080 2228; x_wconf 84' lang='lat' dir='ltr'><strong>faciles</strong></span> <span class='ocrx_word' id='word_1_757' title='bbox 1092 2199 1132 2228; x_wconf 85' lang='lat' dir='ltr'><strong>ob</strong></span> <span class='ocrx_word' id='word_1_758' title='bbox 1140 2198 1417 2232; x_wconf 84' lang='lat' dir='ltr'><strong>teneritudinem,se</strong></span> <span class='ocrx_word' id='word_1_759' title='bbox 1426 2199 1493 2234; x_wconf 87' lang='lat' dir='ltr'><strong>ipsa.</strong></span> <span class='ocrx_word' id='word_1_760' title='bbox 1504 2198 1666 2234; x_wconf 83' lang='lat' dir='ltr'><strong>objiciebat</strong></span> <span class='ocrx_word' id='word_1_761' title='bbox 1676 2200 1709 2227; x_wconf 90' lang='lat' dir='ltr'><strong>ut</strong></span> <span class='ocrx_word' id='word_1_762' title='bbox 1718 2207 1806 2235; x_wconf 82' lang='lat' dir='ltr'><strong>pare.—</strong></span> 
     </span>
    </p>
   </div>
   <div class='ocr_carea' id='block_1_107' title="bbox 980 2243 1804 2281">
    <p class='ocr_par' dir='ltr' id='par_1_107' title="bbox 980 2243 1804 2281">
     <span class='ocr_line' id='line_1_107' title="bbox 980 2243 1804 2281; baseline 0 -8"><span class='ocrx_word' id='word_1_763' title='bbox 980 2247 1040 2274; x_wconf 87' lang='lat' dir='ltr'><strong>tam</strong></span> <span class='ocrx_word' id='word_1_764' title='bbox 1048 2243 1288 2281; x_wconf 57' lang='lat' dir='ltr'><strong>prwdammtque</strong></span> <span class='ocrx_word' id='word_1_765' title='bbox 1295 2245 1363 2271; x_wconf 87' lang='lat' dir='ltr'><strong>ante</strong></span> <span class='ocrx_word' id='word_1_766' title='bbox 1370 2243 1543 2271; x_wconf 83' lang='lat' dir='ltr'><strong>venantium</strong></span> <span class='ocrx_word' id='word_1_767' title='bbox 1551 2251 1662 2272; x_wconf 83' lang='lat' dir='ltr'><strong>manus</strong></span> <span class='ocrx_word' id='word_1_768' title='bbox 1668 2252 1804 2280; x_wconf 85' lang='lat' dir='ltr'><strong>versans,</strong></span> 
     </span>
    </p>
   </div>
   <div class='ocr_carea' id='block_1_108' title="bbox 978 2288 1805 2326">
    <p class='ocr_par' dir='ltr' id='par_1_108' title="bbox 978 2288 1805 2326">
     <span class='ocr_line' id='line_1_108' title="bbox 978 2288 1805 2326; baseline 0.002 -8"><span class='ocrx_word' id='word_1_769' title='bbox 978 2297 1076 2325; x_wconf 85' lang='lat' dir='ltr'><strong>neque</strong></span> <span class='ocrx_word' id='word_1_770' title='bbox 1086 2288 1172 2317; x_wconf 83' lang='lat' dir='ltr'><strong>facile</strong></span> <span class='ocrx_word' id='word_1_771' title='bbox 1182 2290 1298 2324; x_wconf 89' lang='lat' dir='ltr'><strong>poterat</strong></span> <span class='ocrx_word' id='word_1_772' title='bbox 1308 2288 1525 2317; x_wconf 85' lang='lat' dir='ltr'><strong>avenatoribus</strong></span> <span class='ocrx_word' id='word_1_773' title='bbox 1533 2288 1711 2325; x_wconf 86' lang='lat' dir='ltr'><strong>capi,neque</strong></span> <span class='ocrx_word' id='word_1_774' title='bbox 1718 2297 1805 2326; x_wconf 83' lang='lat' dir='ltr'><strong>spem</strong></span> 
     </span>
    </p>
   </div>
   <div class='ocr_carea' id='block_1_109' title="bbox 982 2332 1804 2370">
    <p class='ocr_par' dir='ltr' id='par_1_109' title="bbox 982 2332 1804 2370">
     <span class='ocr_line' id='line_1_109' title="bbox 982 2332 1804 2370; baseline 0 -8"><span class='ocrx_word' id='word_1_775' title='bbox 982 2333 1136 2370; x_wconf 75' lang='lat' dir='ltr'><strong>capiendae</strong></span> <span class='ocrx_word' id='word_1_776' title='bbox 1153 2332 1264 2370; x_wconf 79' lang='lat' dir='ltr'><strong>praedae</strong></span> <span class='ocrx_word' id='word_1_777' title='bbox 1286 2333 1328 2362; x_wconf 87' lang='lat' dir='ltr'><strong>eis</strong></span> <span class='ocrx_word' id='word_1_778' title='bbox 1347 2332 1572 2363; x_wconf 87' lang='lat' dir='ltr'><strong>adimebat.Sed</strong></span> <span class='ocrx_word' id='word_1_779' title='bbox 1592 2333 1708 2363; x_wconf 86' lang='lat' dir='ltr'><strong>interea</strong></span> <span class='ocrx_word' id='word_1_780' title='bbox 1729 2334 1804 2363; x_wconf 89' lang='lat' dir='ltr'><strong>dum</strong></span> 
     </span>
    </p>
   </div>
   <div class='ocr_carea' id='block_1_110' title="bbox 977 2397 1075 2430">
    <p class='ocr_par' dir='ltr' id='par_1_110' title="bbox 977 2397 1075 2430">
     <span class='ocr_line' id='line_1_110' title="bbox 977 2397 1075 2430; baseline -0.02 -6"><span class='ocrx_word' id='word_1_781' title='bbox 977 2403 1017 2430; x_wconf 89' lang='lat' dir='ltr'><strong>1v,</strong></span> <span class='ocrx_word' id='word_1_782' title='bbox 1031 2397 1075 2423; x_wconf 86' lang='lat'><strong>22.</strong></span> 
     </span>
    </p>
   </div>
   <div class='ocr_carea' id='block_1_111' title="bbox 983 2457 1803 2503">
    <p class='ocr_par' dir='ltr' id='par_1_111' title="bbox 983 2457 1803 2503">
     <span class='ocr_line' id='line_1_111' title="bbox 983 2457 1803 2503; baseline 0 0"><span class='ocrx_word' id='word_1_783' title='bbox 983 2458 1180 2503; x_wconf 57' lang='grc' dir='ltr'><strong>ιτίξιξειξιμεεθ·</strong></span> <span class='ocrx_word' id='word_1_784' title='bbox 1197 2457 1427 2503; x_wconf 48' lang='lat' dir='ltr'><strong>Narseus</strong></span> <span class='ocrx_word' id='word_1_785' title='bbox 1439 2457 1529 2503; x_wconf 53' lang='lat' dir='ltr'><strong>fere</strong></span> <span class='ocrx_word' id='word_1_786' title='bbox 1542 2457 1626 2503; x_wconf 51' lang='lat'><strong>9.9}?-</strong></span> <span class='ocrx_word' id='word_1_787' title='bbox 1646 2460 1657 2500; x_wconf 64' lang='lat'><strong>!</strong></span> <span class='ocrx_word' id='word_1_788' title='bbox 1672 2457 1729 2500; x_wconf 59' lang='grc' dir='ltr'>οῖτξε</span> <span class='ocrx_word' id='word_1_789' title='bbox 1742 2467 1803 2503; x_wconf 70' lang='grc' dir='ltr'><strong>ναε-</strong></span> 
     </span>
    </p>
   </div>
   <div class='ocr_carea' id='block_1_112' title="bbox 1018 2493 1804 2529">
    <p class='ocr_par' dir='ltr' id='par_1_112' title="bbox 1018 2493 1804 2529">
     <span class='ocr_line' id='line_1_112' title="bbox 1018 2493 1804 2529; baseline -0.001 -8"><span class='ocrx_word' id='word_1_790' title='bbox 1018 2498 1056 2528; x_wconf 80' lang='lat'><strong>(5)</strong></span> <span class='ocrx_word' id='word_1_791' title='bbox 1080 2494 1125 2522; x_wconf 87' lang='lat' dir='ltr'>Sic</span> <span class='ocrx_word' id='word_1_792' title='bbox 1140 2502 1214 2521; x_wconf 84' lang='lat' dir='ltr'><strong>mss.</strong></span> <span class='ocrx_word' id='word_1_793' title='bbox 1230 2501 1348 2521; x_wconf 89' lang='lat' dir='ltr'><strong>omnes.</strong></span> <span class='ocrx_word' id='word_1_794' title='bbox 1366 2494 1493 2529; x_wconf 88' lang='lat' dir='ltr'><strong>Utraque</strong></span> <span class='ocrx_word' id='word_1_795' title='bbox 1516 2493 1608 2521; x_wconf 90' lang='lat' dir='ltr'><strong>editio</strong></span> <span class='ocrx_word' id='word_1_796' title='bbox 1633 2493 1667 2525; x_wconf 80' lang='grc' dir='ltr'>εἰς</span> <span class='ocrx_word' id='word_1_797' title='bbox 1691 2493 1804 2524; x_wconf 47' lang='grc' dir='ltr'>τάνασ-</span> 
     </span>
    </p>
   </div>
   <div class='ocr_carea' id='block_1_113' title="bbox 982 2529 1617 2568">
    <p class='ocr_par' dir='ltr' id='par_1_113' title="bbox 982 2529 1617 2568">
     <span class='ocr_line' id='line_1_113' title="bbox 982 2529 1617 2568; baseline -0.002 -11"><span class='ocrx_word' id='word_1_798' title='bbox 982 2540 1054 2568; x_wconf 42' lang='grc' dir='ltr'>ριονη</span> <span class='ocrx_word' id='word_1_799' title='bbox 1063 2538 1143 2568; x_wconf 67' lang='lat' dir='ltr'><strong>spem</strong></span> <span class='ocrx_word' id='word_1_800' title='bbox 1155 2529 1238 2557; x_wconf 77' lang='lat' dir='ltr'><strong>nobis</strong></span> <span class='ocrx_word' id='word_1_801' title='bbox 1251 2530 1284 2568; x_wconf 54' lang='lat' dir='ltr'><strong>in</strong></span> <span class='ocrx_word' id='word_1_802' title='bbox 1301 2530 1472 2568; x_wconf 54' lang='lat' dir='ltr'><strong>orastian</strong></span> <span class='ocrx_word' id='word_1_803' title='bbox 1482 2530 1617 2568; x_wconf 67' lang='lat' dir='ltr'><strong>remittit.</strong></span> 
     </span>
    </p>
   </div>
   <div class='ocr_carea' id='block_1_114' title="bbox 983 2564 1806 2630">
    <p class='ocr_par' dir='ltr' id='par_1_114' title="bbox 983 2564 1806 2630">
     <span class='ocr_line' id='line_1_114' title="bbox 983 2564 1806 2600; baseline 0.001 -7"><span class='ocrx_word' id='word_1_804' title='bbox 983 2564 986 2568; x_wconf 83' lang='lat'>&#39;</span> <span class='ocrx_word' id='word_1_805' title='bbox 1021 2566 1058 2600; x_wconf 87' lang='lat'><strong>(6)</strong></span> <span class='ocrx_word' id='word_1_806' title='bbox 1071 2566 1208 2596; x_wconf 68' lang='lat' dir='ltr'><strong>Duczeus.</strong></span> <span class='ocrx_word' id='word_1_807' title='bbox 1225 2566 1258 2592; x_wconf 91' lang='lat' dir='ltr'><strong>ut</strong></span> <span class='ocrx_word' id='word_1_808' title='bbox 1282 2564 1352 2592; x_wconf 83' lang='lat' dir='ltr'><strong>alibi</strong></span> <span class='ocrx_word' id='word_1_809' title='bbox 1373 2564 1410 2592; x_wconf 92' lang='lat' dir='ltr'><strong>de</strong></span> <span class='ocrx_word' id='word_1_810' title='bbox 1426 2564 1490 2592; x_wconf 85' lang='lat' dir='ltr'><strong>aliis</strong></span> <span class='ocrx_word' id='word_1_811' title='bbox 1504 2564 1604 2598; x_wconf 87' lang='lat' dir='ltr'><strong>rebus,</strong></span> <span class='ocrx_word' id='word_1_812' title='bbox 1616 2564 1657 2592; x_wconf 84' lang='lat' dir='ltr'><strong>ita</strong></span> <span class='ocrx_word' id='word_1_813' title='bbox 1668 2564 1725 2593; x_wconf 91' lang='lat' dir='ltr'><strong>hoc</strong></span> <span class='ocrx_word' id='word_1_814' title='bbox 1738 2565 1806 2594; x_wconf 91' lang='lat' dir='ltr'><strong>loco</strong></span> 
     </span>
     <span class='ocr_line' id='line_1_115' title="bbox 983 2599 1806 2630; baseline -0.001 -1"><span class='ocrx_word' id='word_1_815' title='bbox 983 2601 1020 2629; x_wconf 92' lang='lat' dir='ltr'><strong>de</strong></span> <span class='ocrx_word' id='word_1_816' title='bbox 1036 2601 1086 2629; x_wconf 87' lang='lat' dir='ltr'><strong>illa</strong></span> <span class='ocrx_word' id='word_1_817' title='bbox 1101 2609 1156 2629; x_wconf 85' lang='lat' dir='ltr'><strong>ave</strong></span> <span class='ocrx_word' id='word_1_818' title='bbox 1172 2600 1257 2628; x_wconf 87' lang='lat' dir='ltr'><strong>docte</strong></span> <span class='ocrx_word' id='word_1_819' title='bbox 1271 2599 1401 2628; x_wconf 88' lang='lat' dir='ltr'><strong>disserit.</strong></span> <span class='ocrx_word' id='word_1_820' title='bbox 1419 2601 1481 2628; x_wconf 85' lang='lat' dir='ltr'><strong>Hoc</strong></span> <span class='ocrx_word' id='word_1_821' title='bbox 1502 2600 1568 2630; x_wconf 85' lang='lat' dir='ltr'><strong>ipso</strong></span> <span class='ocrx_word' id='word_1_822' title='bbox 1592 2600 1621 2627; x_wconf 92' lang='lat' dir='ltr'><strong>in</strong></span> <span class='ocrx_word' id='word_1_823' title='bbox 1641 2599 1707 2628; x_wconf 88' lang='lat' dir='ltr'><strong>loco</strong></span> <span class='ocrx_word' id='word_1_824' title='bbox 1723 2601 1806 2630; x_wconf 88' lang='lat' dir='ltr'><strong>Colb.</strong></span> 
     </span>
    </p>
   </div>
   <div class='ocr_carea' id='block_1_115' title="bbox 984 2607 1812 2699">
    <p class='ocr_par' dir='ltr' id='par_1_115' title="bbox 984 2607 1812 2699">
     <span class='ocr_line' id='line_1_116' title="bbox 984 2607 1807 2630; baseline -0.001 -1"><span class='ocrx_word' id='word_1_825' title='bbox 984 2607 1020 2629; x_wconf 87' lang='lat' dir='ltr'><strong>de</strong></span> <span class='ocrx_word' id='word_1_826' title='bbox 1036 2607 1086 2629; x_wconf 75' lang='lat' dir='ltr'><strong>tua</strong></span> <span class='ocrx_word' id='word_1_827' title='bbox 1101 2609 1156 2629; x_wconf 86' lang='lat' dir='ltr'><strong>ave</strong></span> <span class='ocrx_word' id='word_1_828' title='bbox 1172 2607 1257 2628; x_wconf 83' lang='lat' dir='ltr'><strong>nocte</strong></span> <span class='ocrx_word' id='word_1_829' title='bbox 1271 2607 1401 2628; x_wconf 75' lang='lat' dir='ltr'><strong>disserit.</strong></span> <span class='ocrx_word' id='word_1_830' title='bbox 1420 2607 1481 2628; x_wconf 84' lang='lat' dir='ltr'><strong>noc</strong></span> <span class='ocrx_word' id='word_1_831' title='bbox 1502 2608 1510 2627; x_wconf 89' lang='lat'>1</span> <span class='ocrx_word' id='word_1_832' title='bbox 1535 2607 1568 2627; x_wconf 92' lang='lat' dir='ltr'><strong>so</strong></span> <span class='ocrx_word' id='word_1_833' title='bbox 1592 2607 1621 2627; x_wconf 84' lang='lat' dir='ltr'><strong>1n</strong></span> <span class='ocrx_word' id='word_1_834' title='bbox 1641 2607 1707 2628; x_wconf 74' lang='lat' dir='ltr'><strong>loco</strong></span> <span class='ocrx_word' id='word_1_835' title='bbox 1723 2607 1807 2630; x_wconf 77' lang='lat' dir='ltr'><strong>uolt).</strong></span> 
     </span>
     <span class='ocr_line' id='line_1_117' title="bbox 984 2608 1812 2699; baseline -0.001 -34"><span class='ocrx_word' id='word_1_836' title='bbox 984 2638 1101 2699; x_wconf 76' lang='lat' dir='ltr'><strong>primus</strong></span> <span class='ocrx_word' id='word_1_837' title='bbox 1124 2636 1204 2667; x_wconf 71' lang='grc' dir='ltr'>αὐτῆς</span> <span class='ocrx_word' id='word_1_838' title='bbox 1226 2640 1285 2664; x_wconf 82' lang='grc' dir='ltr'>τῶν.</span> <span class='ocrx_word' id='word_1_839' title='bbox 1311 2635 1444 2665; x_wconf 89' lang='lat' dir='ltr'><strong>Subinde</strong></span> <span class='ocrx_word' id='word_1_840' title='bbox 1465 2608 1548 2664; x_wconf 49' lang='lat' dir='ltr'><strong>Coli’).</strong></span> <span class='ocrx_word' id='word_1_841' title='bbox 1564 2636 1666 2664; x_wconf 90' lang='lat' dir='ltr'><strong>tertius</strong></span> <span class='ocrx_word' id='word_1_842' title='bbox 1679 2636 1812 2674; x_wconf 77' lang='grc' dir='ltr'>προσϐαλ-</span> 
     </span>
     <span class='ocr_line' id='line_1_118' title="bbox 1001 2683 1095 2699; baseline 0 0"><span class='ocrx_word' id='word_1_843' title='bbox 1001 2683 1095 2699; x_wconf 73' lang='lat' dir='ltr'><strong>eumn.</strong></span> 
     </span>
    </p>
   </div>
   <div class='ocr_carea' id='block_1_116' title="bbox 1001 2683 1811 2744">
    <p class='ocr_par' dir='ltr' id='par_1_116' title="bbox 1001 2683 1811 2744">
     <span class='ocr_line' id='line_1_119' title="bbox 1001 2683 1811 2744; baseline 0 -8"><span class='ocrx_word' id='word_1_844' title='bbox 1001 2683 1195 2744; x_wconf 49' lang='lat' dir='ltr'><strong>o&quot;(€37)m:intiqui</strong></span> <span class='ocrx_word' id='word_1_845' title='bbox 1218 2707 1292 2744; x_wconf 81' lang='lat' dir='ltr'><strong>duo</strong></span> <span class='ocrx_word' id='word_1_846' title='bbox 1304 2706 1462 2744; x_wconf 68' lang='lat' dir='ltr'><strong>1ibri__ratg_</strong></span> <span class='ocrx_word' id='word_1_847' title='bbox 1479 2707 1613 2744; x_wconf 75' lang='grc' dir='ltr'>θηραταῖς.</span> <span class='ocrx_word' id='word_1_848' title='bbox 1629 2709 1706 2744; x_wconf 57' lang='grc' dir='ltr'><strong>ΔΜρπ</strong></span> <span class='ocrx_word' id='word_1_849' title='bbox 1728 2707 1811 2744; x_wconf 81' lang='lat' dir='ltr'><strong>Colb.</strong></span> 
     </span>
    </p>
   </div>
   <div class='ocr_carea' id='block_1_117' title="bbox 984 2742 1813 2781">
    <p class='ocr_par' dir='ltr' id='par_1_117' title="bbox 984 2742 1813 2781">
     <span class='ocr_line' id='line_1_120' title="bbox 984 2742 1813 2781; baseline 0 -9"><span class='ocrx_word' id='word_1_850' title='bbox 984 2742 1102 2781; x_wconf 61' lang='lat' dir='ltr'><strong>primus</strong></span> <span class='ocrx_word' id='word_1_851' title='bbox 1126 2742 1163 2781; x_wconf 57' lang='grc' dir='ltr'>τῇ</span> <span class='ocrx_word' id='word_1_852' title='bbox 1182 2745 1241 2781; x_wconf 78' lang='grc' dir='ltr'>περὶ</span> <span class='ocrx_word' id='word_1_853' title='bbox 1263 2743 1354 2781; x_wconf 72' lang='grc' dir='ltr'>αὑτήν.</span> <span class='ocrx_word' id='word_1_854' title='bbox 1372 2742 1429 2771; x_wconf 85' lang='lat' dir='ltr'><strong>Nec</strong></span> <span class='ocrx_word' id='word_1_855' title='bbox 1455 2742 1496 2771; x_wconf 85' lang='lat' dir='ltr'><strong>ita</strong></span> <span class='ocrx_word' id='word_1_856' title='bbox 1513 2742 1612 2772; x_wconf 82' lang='lat' dir='ltr'><strong>multo</strong></span> <span class='ocrx_word' id='word_1_857' title='bbox 1627 2742 1704 2774; x_wconf 81' lang='lat' dir='ltr'><strong>infra</strong></span> <span class='ocrx_word' id='word_1_858' title='bbox 1731 2743 1813 2774; x_wconf 62' lang='grc' dir='ltr'><strong>(ΞΟΠ).</strong></span> 
     </span>
    </p>
   </div>
   <div class='ocr_carea' id='block_1_118' title="bbox 985 2773 1354 2814">
    <p class='ocr_par' dir='ltr' id='par_1_118' title="bbox 985 2773 1354 2814">
     <span class='ocr_line' id='line_1_121' title="bbox 985 2773 1354 2814; baseline -0.019 -3"><span class='ocrx_word' id='word_1_859' title='bbox 985 2773 1089 2814; x_wconf 76' lang='lat' dir='ltr'><strong>tertius</strong></span> <span class='ocrx_word' id='word_1_860' title='bbox 1104 2773 1237 2811; x_wconf 68' lang='grc' dir='ltr'>Φοϐήθητε.</span> <span class='ocrx_word' id='word_1_861' title='bbox 1249 2781 1295 2809; x_wconf 75' lang='grc' dir='ltr'>καὶ</span> <span class='ocrx_word' id='word_1_862' title='bbox 1311 2780 1354 2808; x_wconf 85' lang='grc' dir='ltr'><strong>σύ,</strong></span> 
     </span>
    </p>
   </div>
  </div>
