2059 3136
256 108 308 136 443

949 103 976 130 S.
998 100 1126 130 BASILII
1145 103 1255 131 MAGNl

1882 106 1937 133 444

256 169 410 203 violenter,
422 168 603 203 trahensque
627 167 762 195 animam
775 169 861 195 tuam
876 165 1005 202 peccatis
1020 164 1081 192 vin-

1139 165 1208 200 άγων
1225 164 1318 200 βιαίως
1337 168 1381 192 καὶ
1407 166 1491 203 σύρων
1511 166 1567 199 (18)
1585 174 1632 192 σου
1657 167 1703 195 τὴν
1722 166 1815 203 ψυχὴν
1831 165 1938 204 δεδεμέ-

257 217 347 247 ctam,
364 213 468 241 crebro
482 212 534 240 sed
546 212 586 239 ad
601 211 744 248 quaelibet
755 211 915 248 praesentia
925 210 1082 238 obverten-

257 261 365 294 tem,ac
375 257 437 285 sine
445 264 519 285 voce
528 255 833 291 gementem,occluso
842 256 905 291 jam
917 254 1082 290 gemituum

257 311 292 332 ac
307 303 510 331 lamentorum
520 302 674 336 organo.0
686 308 780 336 quam
793 299 954 328 dilaniabis
965 301 992 327 te
1002 298 1079 334 ipse!

257 349 406 384 quantum
422 345 617 381 ingemisces!
635 345 692 373 Sed
707 348 733 373 te
752 345 836 380 122
851 347 973 373 tuorum
986 343 1083 371 consi-

255 392 364 420 liorum
376 391 486 419 frustra
500 389 665 426 paenitebit,
681 397 751 418 cum
766 389 881 417 videbis
893 388 962 416 hinc
981 387 1081 416 hilari-

255 438 348 465 tatem
360 436 512 470 justorum
522 434 559 462 de
575 434 696 470 egregia
706 434 857 462 donorum
872 432 1081 461 distributione

254 480 432 512 laetantium.
448 479 528 507 illinc
543 486 702 506 mcerorem
718 480 912 514 peccatorum
930 477 1024 513 quiin
1038 476 1081 505 al-

255 523 677 558 tissimistenebrisjacehunt.
695 523 766 556 Quae
779 524 849 550 tunc
864 522 999 550 dicturus
1009 529 1040 549 es
1050 521 1080 550 in

255 569 359 597 dolore
372 568 472 596 cordis
481 567 540 596 tui?
549 567 598 595 Hei
610 567 693 601 mihi,
701 567 758 595 hoc
769 574 860 602 grave
871 566 984 604 peccati
992 574 1080 598 onus,

256 621 326 642 cum
338 613 369 641 id
383 621 491 641 exuere
505 613 546 641 ita
562 612 648 640 facile
659 614 746 646 esset,
762 619 824 640 non
836 611 949 647 abjeci!
964 611 1019 639 sed
1032 611 1082 639 ho-

256 666 324 687 rum
338 658 488 686 maiorum
500 665 643 686 acervum
654 657 795 685 traxi.Hei
805 656 889 689 mihi,
901 656 1036 684 maculas
1046 663 1082 684 ac

257 702 360 731 sordes
369 710 429 730 non
438 702 520 730 ablui
529 702 534 730 l
548 701 602 730 sed
613 710 679 729 sum
690 701 822 738 peccatis
831 700 1080 729 commaculatus.

256 749 340 775 Nunc
348 755 444 775 essem
453 754 521 774 cum
530 746 644 781 angelis
652 755 658 774 ς
667 753 746 774 nunc
755 745 922 773 cmlestium
931 745 1081 773 bonorum

256 791 369 820 deliciis
379 791 502 819 fruerer.
514 791 536 819 Ο
546 798 642 827 prava
653 790 777 818 consilia
792 790 798 817 !
813 790 853 817 ob
868 783 1083 825 temporariam

1137 218 1182 238 νην
1216 213 1273 240 ταῖς
1304 210 1454 247 ἁμαρτίαις,
1487 211 1573 237 πυκνὰ
1602 214 1841 248 μεταστρεφομένην
1875 215 1939 249 πρός

1136 254 1169 280 τὰ
1194 252 1255 288 ὧδε,
1282 257 1326 281 καὶ
1355 253 1517 292 ὀδυρομένην
1547 255 1606 281 ἄνευ
1634 259 1727 291 φωνῆς,
1754 260 1800 283 τοῦ
1825 256 1937 294 ὀργάνου

1135 297 1224 324 λοιπὸν
1254 303 1303 325 τῶν
1338 300 1436 337 θρήνων
1470 299 1690 330 ἁποκλεισθέντος.
1709 299 1743 327 Ὤ.
1770 302 1842 327 πόσα
1865 311 1938 328 σπα-

1135 342 1223 378 ράξεις
1246 344 1370 371 σεαυτὸνι
1395 346 1466 370 πόσα
1493 344 1639 376 στενάξας]
1663 345 1785 382 ἄπρακτα
1807 350 1937 382 μετανοῶν

1136 386 1178 413 ἐπὶ
1192 391 1247 418 τοῖς
1259 387 1449 424 βουλευθεῖσιν,
1470 389 1530 415 ὅταν
1554 387 1617 425 ἶδῇς
1636 391 1680 419 τὴν
1696 388 1860 428 φαιδρότητα
1885 395 1937 417 τῶν

1137 429 1246 458 δικαίων
1270 431 1294 458 ἂν
1313 437 1345 469 τῇ
1370 433 1477 470 λαμπρᾷ
1496 431 1608 470 διανομῇ
1630 437 1678 460 τῶν
1704 432 1805 471 δώρῶν,
1825 437 1870 461 καὶ
1889 437 1937 465 τὴν

1136 479 1275 512 κατήφειαν
1302 481 1351 503 τῶν
1378 477 1535 515 ἁμαρτωλῶν
1564 477 1588 504 ὲν
1608 482 1644 513 τῷ
1674 480 1762 506 σκότει
1787 483 1823 514 τῷ
1848 478 1937 516 βαθυ-

1136 522 1214 557 τάτῳ·
1234 522 1285 548 Οἷα
1307 521 1372 560 ἰρείς
1394 521 1417 548 ἐν
1439 526 1470 558 τῇ
1493 520 1572 558 ὀδύνῃ
1597 526 1643 553 τῆς
1662 521 1775 559 καρδίας
1796 533 1844 550 σου
1858 526 1935 558 fore;

1136 565 1168 592 Αἱ
1196 567 1236 602 μὲ,
1265 568 1300 603 μὴ
1329 565 1474 604 ἀπορρῖψαι
1503 567 1533 593 τὸ
1562 565 1632 603 βαρὺ
1664 571 1741 594 τοῦτο
1766 570 1870 606 φορτίον
1889 572 1937 603 τῆς

1137 609 1275 647 ἁμαρτίας,
1301 611 1368 637 οὕτω
1394 609 1488 648 ῥᾳδίας
1509 612 1589 642 οὔσης
1607 615 1653 642 τῆς
1683 611 1843 648 ἀποθέσεως,
1872 612 1938 640 ἀλλὰ

1134 656 1177 681 τόν
1205 657 1287 693 σωρὸν
1302 660 1352 682 τῶν
1365 659 1451 682 κακῶν
1465 656 1560 682 τούτων
1584 655 1747 692 ἐφέλκεσθαι.
1768 657 1801 683 A1
1825 659 1867 694 μὲ,
1892 659 1938 689 τὰς

1136 698 1247 730 κηλῖδας
1274 702 1311 736 μὴ
1345 700 1560 736 ἁποπλύνασθαι,
1595 700 1660 728 ἀλλὰ
1688 701 1838 738 ἐστιγμένον
1873 700 1938 730 εἶναι

1135 747 1190 774 ταῖς
1220 744 1368 782 ἁμαρτίαις.
1396 748 1450 771 Νῦν
1475 744 1504 770 ἂν
1533 747 1603 781 ἤμην
1631 747 1696 781 μιτὰ
1722 750 1772 772 τῶν
1799 745 1914 782 ἁγγίλῶν
1929 757 1936 765 ·

1136 792 1180 814 νῦν
1211 788 1241 814 ἂν
1271 793 1325 820 τοῖς
1355 789 1485 827 οὐρανίοις
1517 788 1624 826 ἀγαθοῖς
1655 789 1803 828 ἐνετρύφων.
1828 791 1862 817 Ὣ.
1885 795 1937 817 τῶν

255 836 372 872 peccati
386 835 618 863 delectationem
635 837 780 862 internum
793 834 960 862 excrucior:
971 834 1011 862 ob
1024 841 1084 862 car-

1138 837 1255 870 πονηρῶν
1294 833 1504 870 βουλευμάτωνι
1540 832 1587 860 διὰ
1618 836 1778 872 πρόσκαιρον
1809 835 1938 873 ἁμαρτιας

256 881 303 909 nis
318 880 504 916 voluptatem
518 879 582 914 igni
597 879 710 907 trador.
733 879 852 907 Iustum
873 881 918 906 est
935 878 1083 914 judicium

257 924 307 953 Dei
322 933 328 952 :
340 924 485 957 vocabar,
499 927 526 951 et
538 931 600 952 non
615 923 798 952 obediebam
811 932 817 951 :
831 923 974 958 docebar,
985 925 1013 951 et
1023 923 1084 951 ani-

256 976 341 997 mum
355 976 417 996 non
437 968 631 996 attendebam
647 976 654 996 :
669 967 900 996 obtestabantur
910 975 968 1001 me,
985 970 1012 996 et
1027 975 1085 1002 ego

257 1013 444 1041 deridebam.
461 1013 530 1040 Haec
540 1016 568 1040 et
581 1013 639 1041 alia
655 1012 792 1048 ejusdem
808 1012 925 1047 generis
940 1013 1083 1048 proferes,

255 1058 370 1086 deﬂens
380 1057 610 1094 temetipsum,si
625 1058 695 1085 hinc
708 1059 777 1085 ante
791 1057 945 1093 baptisma
956 1057 1086 1093 abripia-

255 1103 309 1131 ris.
330 1102 352 1130 Ο
365 1103 468 1135 homo,
486 1104 538 1130 aut
557 1102 727 1137 gehennam
743 1105 853 1134 metue,
867 1104 919 1130 aut
930 1102 1041 1130 enitere
1053 1103 1086 1130 ut

256 1154 384 1182 regnum
399 1147 578 1183 adipiscare.
596 1146 789 1174 Vocationem
811 1153 850 1173 ne
874 1153 992 1182 sperne.
1007 1147 1086 1174 Cave

259 1191 369 1220 dixeris
386 1199 393 1219 :
410 1191 495 1220 Habe
504 1198 550 1219 me
565 1193 742 1219 aromatum
754 1191 789 1225 εν,
807 1190 848 1218 ob
866 1190 945 1218 hanc
961 1193 989 1218 et
1002 1191 1085 1219 illam

257 1235 415 1264 rationem.
435 1235 535 1263 Causa
555 1235 640 1264 nulla
658 1242 801 1263 excusare
821 1237 930 1270 potest.
942 1235 1009 1262 Mihi
1021 1234 1084 1271 qui-

256 1279 326 1308 dem
337 1279 417 1308 subit
426 1279 671 1315 1acrymari,cum
681 1279 738 1307 hoc
750 1286 871 1307 mecum
882 1278 1085 1315 reputo,quod

257 1325 449 1361 turpitudinis
459 1333 552 1361 opera
560 1325 675 1359 ingenti
686 1324 736 1352 Dei
747 1323 848 1359 gloriae
854 1324 1085 1360 preet'ers,quod~

257 1377 316 1406 que
327 1372 453 1406 peccato
464 1369 634 1400 ﬁrmissime
644 1369 794 1396 inhaerens
809 1369 849 1396 ob
859 1369 993 1398 libidinis
1007 1368 1085 1397 dele-

257 1415 418 1443 ctationem
432 1422 450 1442 a
462 1414 619 1450 promissis
632 1414 719 1442 bonis
741 1416 770 1441 te
791 1413 856 1449 ipse
879 1413 1024 1448 excludis,
1041 1414 1084 1441 sic

257 1461 290 1487 ut
302 1459 356 1487 tibi
366 1459 495 1487 caelestis
507 1458 584 1486 illius
594 1458 759 1486 Jerusalem
779 1458 861 1486 bona
871 1458 973 1486 videre
984 1459 1008 1477 ³ο
1022 1466 1084 1487 non

256 1503 353 1531 liceat.
371 1503 431 1531 Illic
443 1503 602 1531 innumera
612 1502 790 1537 angelorum
799 1502 1084 1540 multitudo,primo—
1099 1513 1120 1543 α

259 1548 427 1583 genitorum
446 1550 550 1580 coetus,
567 1547 775 1583 apostolorum
795 1547 905 1578 throni,
923 1548 1084 1583 propheta-

258 1600 326 1620 rum
339 1591 680 1628 sedes,patriarcharum
694 1593 992 1628 sceptra,martyrum
1003 1600 1087 1620 coro-

258 1645 314 1670 me,
329 1637 481 1672 justorum
497 1635 615 1664 laudes.
630 1637 744 1671 Exopta
759 1638 791 1664 ut
804 1644 873 1664 cum
888 1636 934 1664 his
945 1644 1086 1665 numere-

258 1682 310 1717 ris,
321 1683 521 1717 posteaquam
532 1681 640 1709 Christi
652 1681 732 1709 dono
744 1680 863 1709 ablutus
877 1681 969 1709 fueris
981 1684 1009 1710 et
1019 1690 1086 1710 san-

260 1726 485 1762 ctificatus.lpsi
498 1725 593 1761 gloria
609 1728 636 1753 et
649 1725 811 1762 imperium
824 1725 854 1753 in
870 1726 981 1754 saecula
996 1734 1086 1754 stecu-

262 1770 373 1799 lorum.
386 1773 491 1811 Amen.

548 1987 696 2016 HOMILIA
724 1989 792 2016 XIV.

575 2050 611 2078 In
626 2050 767 2078 ebriosos.

298 2116 320 2142 t.
337 2115 452 2142 Movent
466 2112 589 2150 quidem
614 2120 662 2140 me
678 2113 717 2141 ad
732 2111 896 2141 dicendum
917 2112 1088 2148 vespertina

261 2157 445 2195 spectacula:
458 2157 510 2185 sed
521 2165 558 2185 ex
571 2157 664 2185 altera
674 2159 758 2193 parte
769 2157 916 2193 impetum
926 2164 1028 2184 meum
1040 2165 1087 2185 co-
1105 2151 1126 2178 D

259 2203 353 2238 hibet,
367 2202 615 2238 alacritatemque
635 2202 766 2230 retundit
789 2201 926 2238 priorum
946 2201 1086 2229 laborum

259 2247 412 2276 inutilitas.
428 2247 503 2275 Nam
518 2248 545 2274 et
560 2245 694 2281 agricola
717 2246 741 2274 si
757 2246 858 2282 priora
871 2246 988 2274 semina
999 2248 1088 2274 enata

260 2299 322 2320 non
344 2291 413 2324 sint,
430 2291 470 2319 ad
492 2290 573 2319 aliud
594 2298 696 2318 semen
711 2290 742 2318 in
757 2290 866 2318 iisdem
879 2290 958 2319 arvis
981 2299 1086 2320 rursus

261 2335 466 2371 spargendum
482 2335 604 2369 segnior
618 2336 664 2362 est
676 2336 704 2362 et
723 2333 847 2362 tardior.
867 2335 982 2362 Etenim
1002 2335 1027 2363 si
1051 2343 1088 2363 ex

261 2381 304 2407 tot
318 2378 585 2413 exhortationibus,
601 2378 632 2406 in
648 2378 759 2414 quibus
770 2380 834 2406 tum
849 2379 998 2415 praeterito
1017 2381 1088 2407 tem-

260 2431 332 2460 pore
348 2430 400 2450 vos
413 2422 615 2450 indesinenter
628 2421 779 2450 adhortati
790 2425 972 2457 sumus,tum
983 2426 1088 2460 postea

261 2476 314 2504 per
325 2467 382 2495 has
398 2469 513 2503 septem
528 2466 713 2502 jejuniorum
728 2467 938 2496 hebdomadas
951 2471 1038 2497 nocte
1053 2476 1089 2497 ac

263 2513 310 2541 die
324 2511 514 2547 evangelium
529 2513 631 2546 gratiae
643 2511 693 2539 Dei
705 2512 768 2540 sine
783 2511 845 2540 ulla
868 2512 1089 2541 intermissione

297 2585 320 2602 ²⁰
338 2585 473 2617 Luc.x1v,
489 2584 532 2610 18.
570 2582 594 2600 ³ο
605 2582 682 2612 Psal.
695 2591 799 2618 cxxvu,
815 2585 842 2611 5.

300 2656 355 2691 (l8)
372 2654 446 2692 Εᾱίιί
471 2656 636 2692 κατασύρνων.
654 2656 696 2692 _At
710 2663 796 2692 rmss.
819 2657 864 2682 καὶ
886 2657 980 2692 σύρων.
1008 2655 1092 2684 Haud

261 2679 354 2725 103311
369 2679 804 2718 asses;sanguineis;
820 2679 1093 2722 ’ἁὲἑνᾶξᾶξΪνὸὶῖιὲἱΞ

263 2729 282 2754 ὤ
304 2733 404 2764 neque
418 2725 449 2753 in
465 2725 529 2764 aliis
556 2734 629 2764 mss.
650 2733 748 2764 neque
771 2727 802 2755 in
826 2726 913 2756 editis
937 2727 1092 2764 reperitur.

261 2765 332 2800 Reg.
349 2760 467 2803 primus
485 2763 556 2791 πόσα
572 2760 602 2789 ci":
613 2762 754 2801 στενάξας.

1139 877 1283 904 ἀπόλαυσιν
1297 877 1414 904 ἀθάνατα
1438 877 1619 915 βασανίζομαι
1636 889 1642 896 ·
1665 877 1701 906 δι’
1721 877 1818 909 ἡδονὴν
1839 881 1939 916 σαρκὸς

1137 926 1173 957 τῷ
1199 925 1263 960 πυρὶ
1286 921 1482 960 παραδίδομαι.
1508 926 1602 950 Δικαια
1626 925 1641 953 ἠ
1667 926 1756 962 κρίσις
1779 928 1824 951 τοῦ
1849 927 1913 952 Θεοῦ
1930 935 1938 942 ·

1138 966 1292 1003 ἕκαλούμην,
1315 970 1359 994 καὶ
1378 967 1431 1004 οὐχ
1455 968 1586 997 ὑπήκουον
1603 978 1609 986 π
1630 966 1822 1006 ἐδιδασκόμην,
1844 971 1890 995 καὶ
1909 969 1938 995 οὐ

1138 1016 1282 1050 προσεῖχον
1297 1023 1303 1029 ”
1330 1010 1536 1050 διεμαρτύραντο
1563 1023 1618 1050 μοι,
1646 1013 1696 1049 ἐγὼ
1725 1012 1755 1040 δὲ
1780 1014 1934 1050 κατεγέλων.

1138 1060 1228 1083 Ταῦτα
1241 1059 1286 1083 καὶ
1308 1058 1340 1083 τὰ
1363 1060 1473 1084 τοιαῦτα
1494 1056 1567 1094 ἐρεῖς,
1593 1057 1794 1095 ἀποκλαιόμινος
1818 1060 1937 1094 σεαυτὸν,

1139 1100 1181 1127 ἐὰν
1208 1102 1432 1139 προαναρπασθῇς
1454 1105 1499 1128 τοῦ
1529 1101 1725 1139 βαπτίσματος.
1746 1102 1892 1139 Ἄνθρωπε,
1921 1103 1936 1132 ἦ

1138 1148 1186 1175 τὴν
1200 1147 1300 1181 γέενναν
1323 1145 1463 1182 φοϐήθητι,
1483 1146 1498 1175 ἣ
1520 1151 1565 1177 τῆς
1590 1146 1727 1183 βασιλείας
1743 1146 1936 1176 ἁντιποιὴοητι.

1138 1192 1182 1219 Μὴ
1203 1189 1336 1227 ἀτιμάσῃς
1361 1193 1407 1220 τὴν
1429 1191 1532 1220 κλῆσιν,
1556 1193 1600 1220 Μὴ
1627 1193 1709 1228 εἴπῃς,
1725 1191 1792 1228 "Ex:
1813 1201 1844 1228 με
1866 1201 1938 1228 παρ-

1139 1236 1265 1271 ῃτημένον
1292 1234 1340 1261 διὰ
1366 1236 1396 1262 τὸ
1420 1238 1465 1262 καὶ
1487 1237 1526 1263 τό.
1554 1234 1674 1272 Οὐδεμία
1701 1239 1830 1273 πρόφασις
1860 1237 1936 1266 ἱκανὴ

1137 1281 1200 1316 πρὸς
1232 1282 1403 1316 παραίτησιν.
1432 1279 1506 1316 Ἐμοὶ
1537 1278 1660 1318 δακρύειν
1698 1281 1847 1318 ἐπέρχεται,
1877 1282 1937 1308 ὅταν

1138 1323 1286 1360 ἐνθυμηθῶῑ
1305 1325 1346 1350 ὅτι
1371 1325 1404 1350 τὰ
1425 1324 1490 1361 ὁργα
1515 1328 1561 1355 τῆς
1586 1325 1720 1361 αἰσχύνης
1738 1328 1865 1363 προτιμᾷς
1891 1330 1938 1357 τῆς

1138 1368 1250 1404 μεγάλης
1273 1367 1354 1400 δόξης
1372 1372 1418 1395 τοῦ
1447 1373 1524 1403 Θεοῦ,
1540 1371 1585 1396 καὶ
1608 1368 1655 1396 διὰ
1676 1371 1706 1396 τὸ
1728 1373 1774 1400 τῆς
1796 1369 1938 1401 ἀκολασίας

1137 1411 1191 1442 ἡδύ
1220 1411 1450 1444 δυσαποσπάστως
1483 1415 1551 1449 ἔχων
1589 1417 1634 1445 τῆς
1667 1414 1804 1451 ἁμαρτίας,
1834 1419 1883 1442 τῶν
1912 1415 1938 1442 ἓν

1138 1457 1302 1494 ἐπαγγελίαις
1340 1457 1443 1494 ἀγαθῶν
1485 1459 1593 1485 σεαυτὸν
1632 1458 1792 1493 ἀποκλείεις,
1827 1460 1860 1490 ὡς
1900 1461 1936 1496 μή

1139 1500 1204 1529 ἰδεῖν
1236 1503 1268 1529 τὰ
1297 1501 1384 1538 ἀγαθὰ
1415 1506 1461 1533 τῆς
1492 1503 1662 1540 Ἰερουσαλὴμ
1691 1507 1738 1534 τῆς
1771 1503 1937 1542 ἐπουρανίου.

1140 1548 1208 1574 Ἐκεῖ
1234 1547 1348 1583 ἀγγέλων
1381 1546 1527 1584 μυριάδες,
1564 1550 1734 1585 πρωτοτόκων
1762 1550 1936 1586 πανηγύρεις,

1138 1591 1287 1619 ἀποστόλων
1326 1593 1422 1629 θρόνοι,
1451 1596 1589 1630 προφητῶν
1625 1591 1776 1629 προεδρίαι,
1817 1597 1940 1628 σκῆπτρα

1137 1640 1320 1674 πατριαρχῶν,
1350 1637 1488 1674 μαρτύρων
1527 1639 1657 1673 στέφανοι,
1688 1636 1795 1664 δικαίων
1825 1639 1938 1664 ἓπαινοισ

1140 1681 1259 1712 Ἐκιίνοις
1291 1682 1397 1708 σεαυτὸν
1426 1680 1588 1717 ἔπιθύμησον
1618 1683 1843 1718 συναριθμηθῆναι
1870 1682 1939 1718 (19),

1139 1726 1348 1762 ἀπολουσάμενος
1373 1727 1418 1752 καὶ
1445 1725 1580 1762 ἁγιασθιὶς
1604 1736 1672 1752 κατα
1696 1728 1743 1756 τὴν
1765 1724 1864 1764 δωρεὰν
1893 1730 1941 1754 τοῦ

1139 1774 1274 1808 Χριστοῡν
1301 1771 1342 1797 ὅτι
1365 1770 1464 1805 αὐτῷή
1493 1769 1559 1803 δόξα
1581 1772 1627 1798 καὶ
1652 1773 1682 1798 τό
1706 1772 1799 1809 κράτος
1823 1771 1859 1802 εἰς
1880 1773 1941 1803 τοὺς

1139 1815 1235 1846 αἰῶνας
1249 1815 1357 1843 αἰώνων.
1370 1815 1463 1852 ’Δρ-ἠν.

1443 1991 1566 2016 οΜΙΛῙΑ
1594 1991 1642 2017 ΙΔ“.

1409 2052 1483 2078 Κατὰ
1517 2051 1672 2088 μεουόντων.

1178 2115 1204 2143 1.
1223 2117 1296 2141 Κινεϊ
1313 2115 1358 2150 μέν
1381 2124 1412 2151 μι
1436 2115 1501 2150 πρὸς
1524 2115 1567 2140 τὸν
1591 2113 1664 2150 λόγον
1679 2115 1713 2141 τὰ
1739 2114 1863 2152 ἑσπερινὰ
1882 2115 1943 2142 θεά-

1143 2169 1212 2195 ματα
1227 2169 1232 2176 ·
1249 2161 1355 2195 κατέχει
1380 2157 1410 2185 δέ
1430 2169 1480 2195 μου
1500 2159 1576 2185 πάλιν
1595 2161 1642 2188 τὴν
1667 2160 1759 2196 ὁρμήν,
1787 2161 1832 2186 καὶ
1858 2159 1944 2197 ἀπαμ-

1144 2203 1227 2230 ϐλύνει
1255 2205 1300 2233 τὴν
1334 2204 1481 2241 προθυμίαν
1514 2208 1563 2230 τῶν
1591 2203 1772 2240 προλαϐόντων
1801 2206 1884 2230 πόνων
1915 2206 1942 2231 τό

1143 2249 1269 2285 ἄκαρπον.
1295 2247 1365 2275 Ἐπεὶ
1401 2250 1446 2274 καὶ
1482 2249 1607 2286 γεωργὸς,
1645 2252 1695 2274 τῶν
1733 2249 1843 2286 πρώτων
1872 2248 1943 2285 αὐτῷ

1145 2294 1297 2330 σπερμάτων
1336 2295 1371 2329 μὴ
1409 2293 1558 2330 ἑκφνέντων,
1590 2292 1758 2330 ὀκνηρότιρός
1790 2293 1847 2320 ἐστι
1879 2295 1944 2331 πρὸς

1142 2339 1172 2364 τὸ
1199 2336 1317 2375 δεύτερον
1341 2341 1396 2368 ταῖς
1423 2337 1515 2368 αὐταῖς
1542 2337 1666 2376 ἀρούραις
1695 2337 1770 2364 πάλιν
1783 2337 1942 2375 ἑγκαταϐάλ-

1123 2382 1194 2416 ,λειν
1218 2383 1282 2418 (20).
1307 2382 1336 2408 Εἰ
1360 2383 1410 2420 γὰρ
1432 2381 1474 2408 ἐπὶ
1496 2384 1638 2414 τοσαύταις
1656 2385 1851 2419 παραινέσεσιν,
1872 2382 1901 2414 ἃς
1920 2384 1944 2409 ἓν

1122 2420 1171 2464 ira
1199 2430 1235 2462 τῷ
1268 2426 1424 2464 προλαϐόντι
1456 2429 1544 2463 χρόνῳ
1575 2427 1782 2464 παρακαλοῦντες
1817 2429 1882 2464 ὑμᾶς
1916 2427 1944 2454 οὒ

1145 2469 1302 2507 διελίπομεν,
1332 2474 1376 2498 καὶ
1410 2471 1496 2508 ἐφεξῆς
1522 2476 1571 2498 τῶν
1601 2471 1666 2498 ἑπτὰ
1696 2473 1793 2498 τούτων
1824 2476 1873 2503 τῆς
1897 2482 1946 2503 νη-

1149 2518 1234 2546 στείας
1262 2514 1416 2552 ἑϐδομάδων
1445 2518 1535 2546 νυκτὸς
1561 2519 1606 2542 καὶ
1639 2517 1736 2554 ἡμέρας
1765 2515 1946 2555 διαμαρτυρό-

1184 2660 1234 2696 μθ)
1256 2658 1339 2686 Colb.
1365 2658 1468 2696 tertius
1492 2657 1710 2696 ἐναριθμηθῆναι.
1733 2659 1839 2687 Statim
1864 2658 1946 2688 Colb.

1147 2694 1263 2730 primus
1276 2698 1403 2730 Χριστοῦ,
1455 2695 1470 2722 ἠ
1486 2692 1560 2730 δόξα.

1185 2729 1239 2767 (20)
1256 2729 1379 2767 Antiqui
1389 2730 1451 2758 duo
1465 2729 1532 2758 libri
1546 2729 1738 2767 ἄγχαταϐαλιῖν.
