2059 3136
122 123 176 150 445

764 118 908 146 HOMILIA
927 116 961 144 lN
982 116 1162 148 EBRIOSOS.

1748 121 1800 151 446

122 193 193 221 μενοι
208 184 269 220 ὑμῖν
282 182 339 218 (21)
353 184 382 210 τὸ
406 182 561 220 Εὐαγγελιον
584 187 630 215 τῆς
650 182 761 219 χάριτος
784 184 829 207 τοῦ
852 181 918 206 Θεοῦ

976 179 1062 207 vobis
1072 180 1446 218 denuntiavimus,iructus
1457 183 1558 213 nullus
1569 184 1713 221 nullaque
1725 169 1801 213 utili-

123 228 169 255 οὐκ
195 227 366 263 ἐπαυσάμεθα
374 249 382 262 ,
407 226 483 254 οὐδὲν
508 229 608 264 γέγονεν
638 227 745 264 ὄφελος·
767 225 807 252 ἐπὶ
834 227 921 256 ποίαις

124 273 210 300 ἐλπίσι
222 271 417 308 ”διαλιχθῶμεν
441 275 572 309 σήμερον;
588 272 622 298 Ὣ-
642 274 726 303 πόσας
750 272 844 301 νύκτας
863 270 918 300 εἰκῆ

123 316 332 354 ἡγρυπνήσατιι
365 319 449 349 πόσας
477 318 574 354 ἡμέρας
601 316 656 346 εἰκῆ
687 313 917 352 συνηθροίσθητεῐ

123 363 146 390 εἰ
168 371 198 398 γε
221 364 267 389 καὶ
291 361 359 393 εἰκῆι
373 361 403 387 ⁸0
424 362 474 400 γὰρ
490 360 514 388 ἐν
529 365 647 399 προκοπῇ
668 363 801 397 γινόμενος
816 359 920 396 ἀγαθῶν

124 404 218 446 ἔργων,
236 405 291 433 εἶτα
310 404 528 443 παλινδρομήσας
551 408 616 443 πρὸς
643 408 691 435 τὴν
715 405 832 442 ἀρχαίαν
856 413 919 430 συν-

123 452 223 483 ἠθιιαν,
239 451 269 477 οὐ
289 452 366 488 μόνον
389 452 433 476 τὸν
455 450 497 477 ἐπὶ
519 454 574 482 τοῖς
593 451 778 487 πεπονημένοις
798 449 852 485 (22)
872 457 919 485 μι-

125 496 186 522 σθὸν
215 495 368 531 ἐζημιώθη,
390 494 456 521 ἀλλὰ
478 497 522 522 καὶ
549 494 695 532 βαρυτέρας
723 494 842 526 ἀξιοῦται
872 496 921 524 τῆς

122 542 320 577 κατακρίσεως·
347 540 406 573 ὃτι,
435 541 594 576 γευσάμενος
622 540 699 566 καλὸν
729 542 795 566 Θεοῦ
827 539 918 576 ῥῆμα,

122 587 167 611 καὶ
193 587 312 621 γνώσεως
342 586 495 621 μυστηρίων
524 584 661 618 ἀξιωθεὶς,
688 585 774 611 πάντα
800 581 920 621 προέδω-

122 639 164 657 κτν
185 630 258 665 (23),
287 627 370 665 ἡδονῇ
400 629 519 665 βραχείᾳ
546 627 706 661 δελεασθείς.
735 629 764 655 Ὀ
796 629 840 664 μὶν
868 629 919 665 γὰρ

122 673 264 710 ὶλάχιστος
298 676 466 710 συγγνωστός
495 673 564 700 ἔστιν
592 673 696 706 ἐλέους·
730 671 839 700 δυνατοὶ
872 670 919 705 δὲ,

122 721 207 754 φησι,
243 717 365 750 δυηατῶς
403 718 602 748 ὶτασθήσονται.
640 721 696 746 Μία
726 718 842 756 ἱσπέρα,
876 718 920 744 καὶ

121 765 172 800 μία
200 762 333 800 προσϐολή
360 762 417 799 (24)
450 766 496 790 τοῦ
525 762 624 801 ἔχθροῦ
651 763 737 790 πάντα
768 764 812 789 τὸν
844 763 920 788 πόνον

121 807 216 835 ἕκείνον
250 806 354 835 διέλυσε
387 809 431 834 καὶ
464 807 583 844 ἠφάνισι.
616 809 681 834 Ποία
713 805 757 834 οὖν
786 808 921 844 προθυμία

953 235 956 264 ι
976 226 1021 252 tas
1033 227 1165 260 emersit;
1177 235 1240 264 qua
1250 236 1304 264 spe
1315 236 1487 258 sermonem
1498 229 1587 258 hodie
1598 224 1800 259 habebimus?

976 270 998 297 Ο
1014 273 1086 306 quot
1102 259 1204 299 noctes
1226 259 1336 301 frustra
1351 273 1510 308 vigilastis!
1527 276 1599 310 quot
1613 274 1678 302 dies
1689 274 1801 303 frustra

950 318 955 353 ,τ
976 316 1175 344 convenistis!
1192 317 1217 345 si
1233 320 1333 346 tamen
1353 318 1472 346 frustra.
1488 318 1563 347 Nam
1586 319 1637 355 qui
1658 319 1688 347 in
1710 318 1800 349 bonis

976 360 1118 395 operibus
1131 369 1325 397 progressum
1337 362 1412 396 fecit,
1424 363 1533 392 deinde
1543 371 1613 392 vero
1624 363 1664 392 ad
1674 371 1801 393 consue-

951 430 954 445 L
976 404 1111 433 tudinem
1125 406 1280 442 antiquam
1304 407 1470 442 revertitur,
1495 416 1556 436 non
1575 409 1800 445 insumptorum

953 448 955 476 ξ
975 449 1068 478 modo
1085 450 1225 480 laborum
1247 452 1418 480 mercedem
1443 452 1566 488 amittit,
1583 453 1636 481 sed
1658 453 1691 481 ﬁt
1709 453 1800 482 etiam

976 501 1073 531 pinnae
1088 496 1219 530 graviori
1233 496 1402 531 obnoxius;
1419 497 1502 533 quod
1522 505 1592 526 cum
1607 498 1658 526 Dei
1673 498 1801 528 verbum

975 538 1091 568 bonum
1106 539 1319 575 degustaverit,
1335 541 1607 578 mysteriorumque
1631 542 1800 577 cognitione

975 581 1117 617 dignatus
1133 584 1180 618 sit,
1195 584 1326 620 perdidit
1348 585 1462 619 omnia,
1476 585 1561 614 brevi
1580 586 1733 622 voluptate
1752 586 1800 615 in-

975 629 1189 657 escatus.Nam
1201 629 1342 658 minimus
1351 630 1470 666 quidem
1481 631 1568 659 venia
1578 631 1599 666 1
1607 631 1662 667 23
1671 638 1708 659 ac
1716 631 1801 660 mise-

975 673 1108 701 ricordia
1122 673 1233 708 dignus
1242 677 1303 704 est:
1311 677 1445 709 potentes
1459 683 1539 710 vero,
1547 675 1653 712 inquit,
1663 677 1802 711 potenter

975 718 1196 753 torquebantur
1205 719 1240 748 ³¹.
1263 719 1392 755 Vespera
1404 727 1476 754 una,
1487 721 1515 747 et
1528 727 1607 747 unus
1621 719 1734 748 inimici
1749 727 1801 748 as-

976 762 1072 791 sultus
1092 771 1214 792 omnem
1229 763 1313 792 illum
1332 763 1469 793 laborem
1491 764 1627 793 dissolvit
1641 767 1670 793 et
1683 765 1800 796 evertit.

976 808 1047 840 Quae
1058 814 1129 842 ergo
1140 807 1212 836 mihi
1222 808 1361 837 alacritas
1371 817 1451 837 nunc
1462 809 1500 838 ad
1509 809 1691 838 dicendum?
1702 810 1800 843 Quare

121 855 167 879 τοῦ
190 856 234 878 νῦν
262 851 362 888 λόγους
389 852 470 879 Ὥστε
495 851 542 878 κᾶν
572 851 721 885 ἐσιώπησα,
746 850 773 878 εὖ
801 853 867 884 ἴστε,
898 850 919 878 si

975 851 1065 880 etiam
1091 852 1264 887 tacuissem,
1288 853 1362 881 mihi
1389 853 1511 885 credite,
1534 853 1592 882 nisi
1614 853 1748 881 Ieremia;
1769 853 1800 882 ti-

121 898 156 933 μὴ
175 896 320 933 ἐφοϐούμην
343 897 373 924 τὸ
394 894 544 933 ὑπόδειγμα
565 900 612 923 τοῦ
634 896 771 933 Ἱερεμίου,
793 897 828 930 ὃς,
858 897 920 932 πρὸς

122 941 214 971 ἀπειθῆ
237 941 298 968 λαὸν
319 942 477 978 φθέγγεσθαι
495 943 532 978 μὴ
554 940 717 978 βουλόμενος,
734 942 824 968 ἔπαθεν
838 940 921 967 ἐκεῖνα

120 986 185 1023 οἷπερ
226 985 305 1017 αὐτὸς
339 984 490 1022 διηγήσατο
507 995 514 1002 θ
548 986 588 1012 ὃτι
620 985 717 1021 ἰγένετο
757 985 828 1021 αὐτῷ
867 989 918 1022 πῦρ

121 1030 147 1058 ἰν
174 1034 228 1063 τοῖς
254 1029 394 1066 ἕγκάτοις,
422 1032 468 1057 καὶ
493 1034 600 1068 παρεῖτο
625 1031 768 1064 πάντοθεν,
799 1030 845 1057 καὶ
873 1030 919 1056 οὐκ

121 1074 236 1105 ἠδύνατο
269 1077 360 1112 φέρειν.
392 1078 514 1107 Γυναῖκες
543 1075 703 1110 ἀκόλαστοι,
737 1075 920 1112 ὶπιλαθόμεναι

121 1124 167 1148 τοῦ
187 1120 266 1157 φόϐου
288 1124 333 1148 τοῦ
359 1124 446 1154 Θεοῦ,
469 1124 515 1147 τοῦ
536 1121 631 1158 πυρός’)
640 1124 685 1147 τοῦ
707 1121 812 1147 αἰωνίου
836 1129 918 1147 κατα-

122 1167 297 1203 φρονήσασαι,
311 1164 337 1191 ἐν
357 1167 442 1203 ἡμέρᾳ
463 1166 582 1202 τοιαύτῃ,
605 1166 647 1192 ὅτε
669 1166 750 1197 αὐτὰς
768 1165 850 1203 ἐχρῆν
873 1163 920 1192 διὰ

121 1212 167 1239 τὴν
199 1208 344 1245 ἀνάμνησιν
372 1214 421 1241 τῆς
453 1208 619 1241 inlata-rdquo;
649 1211 783 1241 καθῆσθαι
811 1209 835 1236 ἒν
867 1212 920 1242 τοῖς

122 1255 220 1288 οἴκοις,
246 1256 291 1280 καὶ
318 1254 413 1281 ἔννοιαν
437 1253 575 1290 λαμϐάνειν
602 1258 648 1285 τῆς
676 1255 774 1292 ἡμέρας
801 1253 918 1288 ἐκείνης,

121 1298 180 1326 καθ’
208 1298 238 1328 ἣν
266 1298 452 1334 ἀνοιγὴσονται
479 1300 523 1335 μὲν
552 1299 577 1326 οἱ
600 1299 714 1335 οὐρανοὶ,
736 1298 920 1334 ἐπιφανήσεται

123 1342 152 1370 δὲ
172 1344 236 1380 ἡμῖν
255 1343 268 1370 ό
292 1345 382 1380 κριτὴς
406 1343 434 1375 ἐξ
453 1343 577 1380 οὐρανῶν,
602 1345 648 1370 καὶ
671 1343 812 1380 σάλπιγγες
841 1346 917 1376 Θεοῦ,

121 1390 166 1415 καὶ
193 1387 335 1419 ἀνάστασις
360 1391 464 1425 νεκρῶν¹
481 1391 527 1415 καὶ
548 1391 635 1425 κρίσις
660 1386 761 1421 δικαία,
782 1390 827 1414 καὶ
847 1386 920 1414 ἀντι-

122 1431 198 1464 δοσις
222 1433 276 1469 (25)
301 1432 403 1469 ἑκάστῳ
424 1434 492 1460 κατὰ
514 1434 542 1460 τό
567 1434 640 1470 ἔργον
665 1432 764 1460 αὐτοῦ·
791 1432 847 1459 ἀντὶ
873 1436 920 1460 τοῦ

122 1481 205 1504 ταῦτα
228 1478 298 1514 ἔχειν
322 1477 346 1504 ἐν
367 1480 423 1509 τοῖς
445 1476 639 1514 διαλογισμοῖς,
653 1479 698 1503 καὶ
721 1478 854 1515 καθαίρειν
874 1479 919 1514 μὲν

974 896 1120 924 muissem
1133 897 1302 933 exemplum
1316 906 1323 926 :
1338 898 1391 934 qui
1406 906 1475 926 cum
1486 898 1526 928 ad
1538 898 1683 935 populum
1694 900 1799 926 contu~

974 949 1092 969 macem
1107 941 1201 970 verba
1215 942 1312 970 facere
1335 942 1437 976 nollet,
1453 951 1563 979 passus
1587 945 1632 972 est
1651 951 1718 979 quea
1732 943 1799 978 ipse

974 989 1122 1015 recenset:
1135 987 1216 1023 quod
1231 987 1327 1016 factus
1342 990 1387 1017 est
1404 988 1483 1023 ignis
1498 991 1531 1017 ut
1544 989 1609 1024 ejus
1622 988 1798 1026 visceribus,

975 1038 1009 1059 ac
1020 1031 1154 1067 undique
1165 1032 1397 1067 dissolvebatur,
1409 1041 1464 1061 nec
1478 1033 1553 1062 ferre
1564 1034 1680 1069 poterat
1690 1033 1726 1061 ³³.
1737 1033 1800 1061 Mu-

974 1075 1059 1104 lieres
1074 1076 1204 1110 lascivre,
1221 1077 1335 1105 timoris
1348 1077 1399 1105 Dei
1415 1077 1524 1111 oblitae,
1537 1080 1683 1107 aeternum
1696 1077 1798 1112 ignem

974 1123 1154 1156 aspernatae,
1170 1121 1200 1149 in
1214 1121 1267 1150 illa
1279 1121 1346 1157 ipsa
1361 1121 1409 1150 die
1433 1130 1503 1150 cum
1519 1122 1559 1150 ob
1573 1121 1798 1151 resurrectionis

973 1165 1152 1194 memoriam
1167 1168 1343 1202 oportuerat
1356 1174 1407 1195 eas
1426 1167 1456 1195 in
1472 1166 1614 1195 domibus
1633 1166 1746 1200 sedere,
1762 1173 1799 1196 ac

973 1210 1126 1239 recordari
1136 1210 1206 1244 diei,
1218 1211 1307 1244 illius,
1319 1211 1349 1239 in
1360 1219 1423 1247 qua.
1437 1211 1609 1248 aperientur
1619 1211 1697 1246 coeli,
1708 1213 1736 1239 et
1746 1219 1798 1248 ap-

972 1254 1091 1291 parebit
1104 1254 1191 1283 nobis
1202 1255 1297 1290 judex
1312 1263 1328 1283 e
1342 1256 1436 1288 caelis,
1450 1258 1479 1284 et
1491 1255 1570 1284 tubas
1583 1256 1644 1290 Dei,
1660 1258 1687 1284 et
1701 1263 1799 1284 resur-

972 1299 1064 1327 rectio
1078 1301 1278 1333 mortuorum,
1294 1302 1323 1328 et
1329 1300 1479 1336 judicium
1491 1300 1618 1336 justum,
1629 1302 1658 1328 et
1671 1299 1798 1329 redditio

973 1344 1137 1381 unicuique
1147 1344 1234 1380 juxta
1247 1352 1324 1381 opus
1341 1353 1431 1373 suum
1444 1354 1450 1379 ;
1467 1353 1538 1373 cum
1552 1345 1590 1373 de
1604 1345 1651 1373 his
1667 1344 1798 1380 cogitare

973 1388 1158 1422 debuissent,
1176 1397 1293 1425 suaque
1309 1389 1400 1418 corda
1420 1397 1438 1417 δ.
1449 1389 1549 1426 pravis
1569 1389 1798 1426 cogitationibus

974 1440 1114 1468 purgare,
1130 1435 1160 1461 et
1172 1433 1275 1469 priora
1289 1436 1413 1470 peccata
1427 1433 1570 1470 lacrymis
1584 1434 1693 1468 delere,
1708 1436 1798 1470 atque

974 1477 1014 1506 ad
1024 1477 1129 1506 Christi
1143 1485 1304 1507 occursum
1320 1486 1374 1514 pro
1385 1486 1497 1514 magno
1509 1478 1560 1507 illo
1575 1479 1623 1507 die
1639 1478 1800 1514 apparitio-

122 1522 218 1549 ἑαυτῶν
246 1523 291 1553 τὰς
319 1519 432 1560 καρδίας
459 1521 509 1548 ἀπό
536 1526 654 1559 πονηρῶν
683 1520 855 1559 ἐνθυμήσεων,
876 1522 919 1554 ἐξ·

974 1522 1020 1550 nis
1030 1522 1096 1558 ejus
1113 1530 1178 1550 sese
1191 1530 1374 1558 praeparare,
1386 1523 1535 1552 servitutis
1550 1523 1655 1551 Christi
1670 1530 1797 1551 excusso

121 1567 230 1602 αλείνρειν
253 1564 283 1593 δὲ
303 1571 359 1597 τοῖς
380 1565 497 1604 δάκρυσι
514 1567 548 1593 τὰ
568 1568 800 1604 προημαρτημένα,
812 1566 919 1604 ἑτοιμά-

123 1611 214 1642 ζισθαι
239 1609 269 1638 δὲ
296 1613 363 1649 πρὸς
385 1614 430 1640 τὴν
456 1611 602 1640 ἀπάντησιν
630 1615 676 1638 τοῦ
705 1615 823 1648 Χριστοῦ
852 1612 920 1638 κατὰ

121 1658 168 1685 τὴν
190 1655 305 1692 μεγάλην
333 1657 431 1694 ἡμέραν
453 1660 499 1687 τῆς
523 1655 670 1692 ἐπιφανείας
692 1656 787 1691 αὐτοῦ,
810 1655 919 1683 ἀποσει-

124 1701 234 1737 σάμεναι
250 1701 293 1727 τὸν
314 1701 392 1736 ζυγὸν
413 1705 462 1732 τῆς
481 1698 600 1731 δουλείας
622 1704 668 1727 τοῦ
695 1704 821 1738 Χριστοῦ,
836 1701 920 1739 ῥίψα-

124 1754 170 1771 σαι
195 1744 245 1771 ὰπὸ
264 1749 313 1771 τῶν
335 1744 449 1781 κεφαλῶν
471 1746 503 1772 τὰ
524 1749 571 1777 τῆς
596 1745 799 1782 εὐσχημοσύνης
823 1745 920 1782 καλύμ-

123 1799 212 1826 ματα,
235 1792 466 1826 καταφρονήσασαι
493 1793 538 1816 τοῦ
571 1794 656 1824 Θεοῦ,
685 1792 920 1827 καταφρονήσασαι

122 1838 172 1860 τῶν
191 1832 303 1869 ἀγγέλων
327 1833 421 1867 αὑτοῦ,
439 1835 741 1870 καταναισχυντήσασαι
762 1835 849 1864 πάσης
870 1834 920 1871 ἄῤ·-

122 1879 192 1915 ῥενος
225 1878 328 1913 ὅψεως,
349 1877 475 1905 σοϐοῦσαι
502 1879 547 1909 τὰς
572 1881 671 1915 κόμας,
700 1879 830 1916 σύρουσαι
860 1880 920 1911 τοὺς

121 1927 254 1959 χιτῶνας,
277 1925 320 1949 καὶ
344 1927 396 1954 τοῖς
420 1925 499 1950 ποσίν
522 1924 579 1960 ἅμα
603 1924 767 1957 παίζουσαι,
798 1923 920 1960 ὀφθαλμῷ

121 1967 245 2004 ἀσελγεῖ,
276 1968 370 2004 γέλωτι
411 1968 575 2005 ἐκκεχυμένῳ
608 1968 666 2004 (26)
702 1969 765 2004 πρὸς
805 1969 919 2005 ὄρχησιν

120 2012 287 2048 ἐκμανεῖσαι,
301 2016 389 2039 πᾶσαν
409 2014 469 2039 νέων
493 2012 636 2039 ἀκολασίαν
660 2012 698 2049 ἐφ’
721 2012 813 2043 ἑαυτὰς
833 2021 920 2050 προσ·-

119 2056 298 2093 καλοὺμεναι,
325 2057 350 2084 ἐν
377 2061 432 2088 τοῖς
454 2058 505 2093 πρὸ
534 2059 592 2092 (27)
621 2061 665 2088 τῆς
693 2056 788 2088 πόλεως
816 2066 919 2094 μαρτυ-

120 2105 184 2140 ρίοις
216 2103 315 2138 χοροὺς
349 2103 563 2138 συστησάμεναι,
594 2101 768 2139 ἐργαστήριον
800 2106 847 2134 τῆς
878 2102 918 2128 οὶ-

120 2149 192 2178 κείας
217 2146 301 2173 αὐτῶν
327 2146 518 2183 ἀσχημοσύνης
543 2147 602 2177 τούς
626 2147 801 2183 ἡγιασμένους
826 2148 919 2176 τόπους

122 2194 284 2221 πεποίηνται.
329 2191 449 2228 Ἐμὶαναν
477 2193 522 2228 μὲν
545 2192 590 2218 τὸν
623 2190 687 2229 ἀέρα
725 2194 777 2222 τοῖς
817 2192 920 2228 ᾄσμασι

123 2239 174 2267 τοῖς
197 2239 337 2274 πορνικοῖς,
364 2235 468 2273 ἐμίαναν
491 2234 520 2263 δὲ
543 2238 589 2266 τὴν
615 2240 664 2272 γῆν
686 2240 738 2267 τοῖς
765 2235 921 2272 ἀκαθάρτοις

160 2307 182 2325 ³¹
204 2308 274 2344 Sap.
291 2315 328 2342 vt,
345 2310 372 2337 7.
411 2308 435 2326 ⁸³
454 2308 560 2336 Jerem.
577 2315 621 2340 xx,
638 2309 665 2336 9.
703 2308 728 2324 ³³
747 2309 804 2336 lsa.
818 2315 858 2335 ιιι.
879 2309 920 2336 t6.

157 2379 215 2414 (21)
233 2378 328 2417 Editio
355 2378 445 2407 Paris.
472 2377 708 2417 διαμαρτυράμενοι
735 2379 811 2415 ἡμῖν.
844 2379 922 2408 Libri

123 2417 239 2451 veteres
253 2415 324 2451 ὑμῖν.

235 2449 319 2478 Cdlb.
336 2450 445 2490 tertius
460 2452 704 2488 προπεπονημένοις.
723 2449 780 2479 Alii
806 2458 877 2478 mss.
895 2451 924 2479 et

123 2485 195 2513 editi
210 2488 403 2522 πεπονημένοις.

158 2522 215 2556 (23)
236 2520 322 2558 illud,
334 2522 419 2558 πάντα
434 2520 589 2558 προέδωκεν,
602 2522 653 2556 ita,
667 2522 692 2550 si
706 2521 812 2555 mavis,
824 2523 920 2550 verte:

123 2557 223 2585 omnia
238 2557 386 2591 prodidit.

157 2593 217 2630 (24)
238 2592 319 2630 golb.
337 2593 439 2630 tertius
452 2595 500 2629 μία
512 2591 637 2630 προϐολή.

160 2627 216 2662 (25)
239 2628 320 2664 Urius
345 2626 535 2664 codex'Reg]
546 2631 591 2655 καὶ
616 2626 797 2661 ἀνταπόδοσις,
815 2628 858 2664 sic
881 2630 924 2657 ta-

124 2671 211 2701 men,_
221 2665 253 2701 ut
265 2663 295 2701 in
309 2671 363 2691 ora
375 2663 446 2701 libri
457 2663 603 2700 scriptum
615 2664 652 2693 sit
665 2674 709 2701 γρ.
722 2667 766 2690 καὶ
779 2663 922 2701 baridos-ig.

160 2699 426 2736 (26)iColb.rtertius
438 2699 701 2736 ἐγκεχῦμευῳΑῐυηι]
713 2700 812 2728 Basilii
824 2700 924 2728 locum

127 2734 170 2762 sic
189 2735 335 2770 expressit
350 2734 526 2763 Ambrosius
536 2734 592 2764 'lib.’
609 2737 651 2764 De
665 2737 735 2764 Elia
756 2738 781 2764 et
792 2736 922 2771 jejunio,

126 2778 193 2807 cap.
211 2772 252 2801 18.
269 2777 353 2806 unm,
370 2773 404 2802 66
419 2773 448 2802 et
472 2773 524 2801 67:
541 2771 608 2799 Illae
627 2772 658 2800 in
679 2772 790 2807 plateis
810 2772 924 2802 iuvere,

945 1596 949 1600 _
971 1566 1055 1602 jugo,
1073 1565 1250 1595 velamentis
1263 1567 1428 1595 honestatis
1443 1575 1461 1595 a
1476 1567 1572 1603 capite
1587 1567 1714 1603 rejectis,
1728 1574 1799 1595 con-

974 1613 1086 1647 tempto
1098 1612 1168 1646 Deo,
1180 1611 1288 1647 spretis
1302 1611 1397 1648 ipsius
1413 1611 1540 1647 angelis,
1551 1612 1664 1640 virilem
1675 1619 1798 1640 omnem

973 1657 1132 1691 aspectum
1147 1655 1221 1684 citra
1235 1656 1383 1691 pudorem
1403 1656 1540 1690 ferentes,
1556 1664 1660 1685 comas
1685 1657 1799 1691 agitan-

975 1703 1028 1735 tes,
1039 1701 1190 1728 trahentes
1206 1700 1332 1736 tunicas,
1350 1708 1385 1728 ac
1411 1701 1634 1737 pedibussimul
1649 1701 1798 1736 ludentes,

972 1744 1139 1773 lascivienti
1159 1745 1256 1779 oculo,
1274 1745 1368 1773 effuso
1382 1745 1456 1779 risu,
1470 1745 1509 1773 ad
1524 1745 1696 1774 saltandum
1712 1746 1800 1782 quasi

957 1808 959 1826 ς
972 1789 1109 1825 quodam
1120 1789 1219 1817 furore
1229 1790 1353 1818 concitus
1360 1790 1394 1824 ³³,
1407 1798 1528 1819 omnem
1541 1790 1688 1825 juvenum
1704 1790 1800 1818 libidi-

958 1834 959 1868 ξ
973 1841 1043 1862 nem
1058 1833 1088 1862 in
1101 1834 1216 1870 seipsas
1227 1836 1437 1870 provocantes,
1447 1834 1477 1862 in
1488 1837 1656 1871 martyrum
1667 1834 1800 1863 basilicis

958 1890 959 1893 π
973 1885 1027 1914 pro
1050 1877 1201 1906 moenibus
1215 1878 1343 1906 civitatis
1359 1879 1468 1906 choros
1492 1878 1717 1912 constituentes,
1732 1878 1800 1908 loca

973 1924 1078 1950 sancta
1089 1922 1243 1950 ofﬁcinam
1254 1922 1447 1951 obscenitatis
1458 1931 1518 1951 suae
1530 1923 1664 1951 etl‘ecere.
1677 1922 1801 1951 Cantile-

972 1968 1019 1995 nis
1029 1967 1204 1996 meretriciis
1218 1970 1250 1996 ut
1264 1975 1365 1997 aerem
1377 1969 1678 2004 conspurcarunt,ita
1690 1971 1801 1999 terram

973 2012 1112 2048 tripudiis
1126 2012 1279 2049 pulsatam
1294 2012 1424 2048 pedibus
1447 2013 1613 2042 immundis
1629 2012 1799 2047 fcedarunt;

974 2057 1182 2093 spectaculum
1204 2058 1260 2085 sibi
1275 2058 1349 2094 ipsis
1361 2058 1509 2093 iuvenum
1525 2058 1646 2086 turbam
1666 2058 1801 2094 undique

945 2133 947 2143 ι
974 2104 1148 2136 statuentes,
1172 2102 1263 2138 plane
1288 2102 1510 2136 inverecundus,
1526 2110 1713 2138 prorsusque
1732 2102 1801 2130 insi-

947 2153 950 2156 ‘
973 2148 1099 2183 pientes,
1115 2146 1232 2175 nullum
1248 2147 1373 2175 insanire
1389 2147 1515 2175 modum
1536 2147 1717 2176 amittentes.
1733 2148 1801 2175 HtBO

937 2206 961 2235 υ
974 2191 1130 2227 quomodo
1155 2193 1259 2221 tacebo
1270 2192 1283 2219 ‘2
1297 2191 1463 2228 quomodo,
1480 2193 1513 2220 ut
1527 2199 1583 2227 par
1597 2193 1650 2224 est,
1665 2190 1777 2225 lugebo
1787 2191 1801 2220 ?

973 2235 1082 2264 Vinum
1102 2235 1190 2264 nobis
1202 2235 1312 2264 harum
1328 2235 1500 2264 animarum
1524 2235 1673 2264 damnum
1688 2234 1798 2264 intulit.

974 2378 1087 2406 candos
1095 2378 1184 2406 etiam
1195 2379 1268 2406 viris
1275 2377 1329 2406 sub
1338 2380 1497 2412 conspectu
1508 2378 1801 2406 adolescentulorum

974 2414 1240 2448 intemperantiam
1254 2414 1358 2441 choros
1373 2413 1497 2444 ducunt,
1506 2415 1660 2449 jactantes
1675 2421 1800 2447 comam,

976 2450 1130 2478 trahentes
1143 2449 1309 2477 tunicas....
1325 2450 1472 2478 saltantes
1487 2449 1623 2483 pedibus,
1638 2457 1803 2483 personan-

976 2488 1017 2513 tes
1028 2485 1160 2518 vocibus,
1171 2485 1328 2513 irritante:
1339 2485 1369 2512 in
1381 2485 1564 2519 sejuvenum
1576 2485 1710 2512 libidinis
1720 2487 1803 2512 motu

976 2521 1162 2554 histrionico,
1181 2521 1335 2554 petulanti
1347 2521 1444 2554 oculo,
1465 2520 1642 2548 dedecoroso
1658 2520 1800 2547 ludibrio.

975 2557 1097 2590 Spectat
1123 2563 1234 2584 corona
1262 2556 1494 2589 adulescentum,
1516 2558 1543 2583 et
1568 2556 1602 2590 ﬁt
1630 2555 1803 2583 miserabile

977 2592 1175 2620 theatrum...
1185 2591 1292 2619 cwlum
1303 2591 1422 2626 impuro
1432 2591 1659 2619 contaminatur
1669 2593 1800 2626 aspectu,

977 2631 1059 2656 terra
1074 2628 1159 2661 turpi
1173 2627 1334 2655 saltatione
1345 2627 1506 2660 polluitur,
1519 2633 1584 2661 quae
1597 2626 1728 2654 obscenis
1743 2626 1804 2654 sat-

977 2664 1089 2691 tatibus
1104 2662 1291 2691 verberatur.
1305 2662 1455 2701 Quomodo
1464 2662 1621 2701 patienter
1628 2662 1746 2697 loquar,
1754 2661 1803 2701 pie

975 2703 1162 2733 pmteream,
1186 2698 1396 2726 convenienter
1419 2697 1566 2732 deﬂeam?
1586 2697 1693 2726 Vinum
1718 2697 1802 2725 nobis

978 2737 1133 2763 tantarum
1148 2734 1321 2763 animarum
1333 2733 1446 2762 damna
1460 2733 1576 2761 intulit.

1013 2771 1070 2807 (27)
1092 2771 1167 2806 Lege
1181 2771 1324 2803 Ducaauin
1338 2769 1370 2803 in
1382 2768 1466 2806 illud,
1482 2767 1506 2799 ἓν
1522 2771 1575 2802 τοῖς
1588 2770 1650 2804 πρό,
1662 2769 1718 2799 etc.
