2059 3136
256 128 306 156 451

942 124 969 153 S.
991 123 1115 151 BASllJl
1134 123 1253 151 ΜΑΟΝῘ.

1884 124 1936 153 452

257 187 489 224 sintomnigenis
501 186 1076 224 masculiscompuncti,prietereaipsarr

1141 185 1268 221 ὑπερϐολῇ
1305 190 1353 212 τῶν
1391 184 1492 214 ἡδονῶν
1530 185 1716 221 ἆξοιστρουσὼν
1743 185 1785 212 ἐπὶ
1818 186 1937 222 λαγνείας

257 241 380 270 quoque
391 233 525 269 corporis
535 231 742 260 habitudinem
755 234 961 267 corrumpunt.
971 230 1084 259 Etenim

259 286 321 307 non
336 278 375 306 ob
388 277 567 306 immodicas
583 275 680 304 solum
697 276 866 313 voluptates
881 276 992 312 quibus
1004 275 1086 303 velut

258 323 357 351 furore
372 322 507 358 quodam
523 321 561 349 ad
575 319 761 349 salacitatem
772 321 972 354 concitantur,
984 322 1085 348 conta-

259 367 387 396 bescunt
401 374 437 395 ac
452 366 611 394 difﬂuunt:
633 365 686 394 sed
701 366 740 394 ob
754 366 855 402 ipsam
869 366 958 394 etiam
973 364 1084 392 molem

259 420 294 440 ac
322 415 484 445 tumorem,
513 418 622 447 corpus
661 411 754 439 nimio
779 411 907 439 humore
936 409 1084 446 repletum

257 457 421 493 laxumque
448 457 477 484 et
489 455 570 484 vitali
586 455 688 490 vigore
711 455 842 483 solutum
859 454 1080 494 circumferunt.

258 501 370 529 Horum
382 500 464 528 lividi
479 502 549 528 sunt
562 500 651 534 oculi,
663 499 834 536 subpallida
847 499 1020 535 superﬁcies
1031 505 1085 525 eu-

258 546 306 580 tis,
323 545 443 582 spiritus
470 545 632 581 impeditus
650 552 686 573 ac
710 546 952 579 coagmentatus,
979 543 1085 577 lingua

256 589 399 623 resoluta,
412 589 527 617 clamor
541 589 740 623 indistinctus,
755 589 917 617 titubantes
931 587 1023 624 pedes
1037 594 1085 614 ve-

256 634 478 671 lutpuerorum,
488 636 661 670 spontaneis
669 634 909 670 superfluitatum
916 632 1084 668 egestiones

258 679 345 715 quasi
361 679 400 707 ab
415 679 589 707 inanimatis
604 678 798 714 proﬂuentes.
816 677 860 707 0b
874 677 981 706 luxum
996 677 1085 705 mise~

255 723 377 758 rabiles,
395 723 627 751 miserabiliores
650 730 744 759 quam
766 722 818 759 qui
833 722 863 750 in
883 722 960 750 mari
972 724 1085 758 tempe-

257 770 331 796 state
343 768 504 803 jactantur,
520 775 597 803 quos
613 767 721 795 ﬂuctus
732 767 780 795 alii
793 766 860 795 aliis
876 766 1083 800 succedentes,

257 820 293 841 ac
308 812 527 846 demergentes,
544 819 580 840 ex
597 811 686 839 undis
710 818 863 846 emergere
885 818 947 839 non
969 811 1082 838 sinunt.

1139 228 1304 260 ἑκτετηκότες
1336 232 1381 256 καὶ
1414 228 1586 267 διαρρέοντες,
1621 228 1684 255 ἀλλὰ
1720 232 1765 255 καὶ
1798 231 1869 266 αὐτῷ
1901 235 1936 266 τῷ

1139 275 1206 310 ὄγκῳ
1219 272 1388 306 πεπλαδηκὸς
1407 277 1452 301 καὶ
1468 273 1589 311 βρυῶδες
1601 277 1645 300 καὶ
1663 278 1709 300 τοῦ
1727 276 1838 305 ζωτικοῦ
1862 277 1936 302 τόνου

1137 318 1270 355 λελυμένον
1298 321 1327 345 τὸ
1362 324 1438 355 σῶμα
1471 321 1596 355 φέροντες.
1628 320 1731 345 Τούτων
1763 317 1880 346 πελιδνοὶ
1913 321 1937 346 οἱ

1139 362 1276 399 ὀφθαλμοί·
1303 363 1429 400 ὖπωχρος
1455 362 1485 390 δε
1506 365 1521 392 ἡ
1552 363 1696 399 ἐπιφάνεια·
1724 367 1825 400 πνεῦμα
1850 373 1937 400 προσ-

1139 410 1248 438 εστηκός
1271 409 1336 443 (36)·
1359 408 1470 444 γλῶσσα
1494 410 1646 444 παρημένη,
1672 410 1717 434 καὶ
1739 411 1842 445 κραυγὴ
1864 409 1936 438 οἰση-

1138 461 1196 488 μος·
1217 451 1388 489 ἀκροσφαλεῖς
1405 454 1430 479 οἱ
1453 451 1532 483 πόδες
1556 454 1672 489 καθάπερ
1697 453 1721 479 οὶ
1744 457 1795 478 τῶν
1823 451 1934 480 παίδων·

1139 496 1268 534 ἕκκρίσεις
1297 495 1327 524 δὲ
1358 502 1408 523 τῶν
1439 498 1639 535 περιττωμάτων
1674 497 1817 534 αὐτόματοι
1849 499 1936 535 ὥσπερ

1139 540 1190 567 ὰπὸ
1208 541 1320 577 ἀψύχων
1343 542 1461 579 ῥίουσαι.
1477 542 1593 569 Ἐλεεινοὶ
1621 546 1669 573 τῆς
1696 546 1806 578 τρυφῆς,
1831 542 1937 569 ἐλεεινό-

1139 595 1206 623 τεροι
1228 589 1278 612 τῶν
1297 585 1320 612 ἄν
1342 586 1447 623 πελάγει
1468 587 1675 623 χειμαζομένων,
1695 586 1740 618 οὓς
1760 586 1825 612 οἴλλα
1846 586 1871 618 ἐξ
1895 587 1938 613 ἄλ-

1138 630 1187 657 λων
1212 629 1393 667 διαδεχόμενοι
1420 633 1464 658 καὶ
1486 630 1691 662 ἕπιϐαπτίζοντα
1715 633 1820 667 κύματα
1848 631 1938 668 ἀναφέ-

1138 684 1190 712 ρειν
1205 675 1252 701 οὐκ
1272 674 1402 712 ἐπιτρέπει
1417 680 1462 702 τοῦ
1482 674 1623 706 κλύδωνος.
1649 676 1723 702 Οὕτω
1753 674 1786 705 δή
1814 679 1858 702 ταὶ
1879 677 1938 702 τού-

1138 728 1188 746 των
1203 721 1231 747 αἱ
1244 719 1334 756 ψυχαὶ
1357 720 1518 757 ὑποϐρύχιοι
1540 723 1658 757 φέρονται
1683 719 1889 757 βεϐαπτισμένοιι
1902 725 1938 756 τῷ

1138 766 1208 800 οἴνῳ.
1236 767 1328 802 Διόπερ
1356 766 1390 796 ὡς
1423 766 1457 792 τὰ
1490 766 1672 802 χειμαζόμενοι
1705 765 1793 800 πλοῖα,
1831 763 1938 792 ἐπειδὰν

1138 809 1285 846 ὑπέραντλος
1311 811 1428 846 γίνηται,
1457 810 1603 846 ἀναγκαίως
1628 814 1660 847 τῇ
1686 810 1777 847 ἐκϐολῇ
1807 815 1853 837 τοῦ
1877 813 1937 848 φόρ-

256 857 339 885 Hunc
353 856 393 884 ad
403 856 531 884 modum
544 856 653 884 horum
664 863 786 891 quoque
809 855 918 884 animas
937 855 1006 883 vino
1021 863 1076 883 ma‘

1137 864 1183 881 του
1210 856 1373 891 κουφίζεταιο
1403 855 1470 883 οὕτω
1500 858 1545 882 καὶ
1577 857 1680 887 τούτοις
1713 855 1854 892 ἀναγκαῖαι
1885 861 1936 882 τῶν

254 901 360 929 dentes
368 900 808 936 submerguntur.Quapropter
815 902 846 928 ut
850 899 964 935 jactata
972 901 1083 936 tempe-

255 948 331 974 state
350 945 473 980 navigia
497 952 566 972 cum
595 944 666 981 plus
685 952 773 980 aequo
797 947 973 977 onerantur,
990 952 1081 972 onere

255 990 350 1026 ejecto
364 997 488 1018 necesse
505 991 550 1017 est
563 989 701 1017 allevari:
717 989 759 1017 ita
772 991 801 1017 et
813 989 843 1017 hi
859 997 895 1017 ea
915 997 984 1025 quae
998 990 1082 1025 ipsos

255 1036 394 1069 gravant,
410 1033 579 1061 necessario
590 1035 726 1068 egerunt.
750 1033 803 1061 Vix
824 1033 904 1061 enim
926 1033 1041 1061 vomitu
1053 1035 1082 1061 et

254 1078 420 1114 dejectione
429 1077 468 1106 ab
474 1085 565 1106 onere
573 1077 747 1111 liberantur,
756 1079 838 1106 tanto
847 1077 1080 1106 miserabiliores

253 1123 408 1152 infeliciter
422 1122 646 1158 navigantibus,
660 1124 809 1158 quantum
822 1122 853 1150 lii
872 1122 996 1159 quidem
1009 1129 1080 1150 ven-

253 1171 300 1198 tos
320 1171 349 1197 et
371 1176 454 1197 mare
468 1170 498 1196 et
519 1170 642 1196 externa
656 1168 872 1203 impedimenta
895 1169 1078 1196 causantur:

251 1213 300 1242 ille
313 1220 383 1241 vero
402 1212 554 1240 ebrietatis
575 1214 784 1248 tempestatem
807 1212 864 1240 sibi
879 1211 952 1248 ipsis
972 1213 1080 1248 sponte

251 1258 413 1286 asciscant.
427 1257 484 1290 Qui
503 1265 520 1284 a
543 1257 683 1285 dwmone
701 1256 868 1291 obsidetur,
885 1256 1079 1284 miseratione

252 1302 362 1338 dignus
385 1303 452 1329 est:
480 1301 580 1329 ebrius
606 1309 677 1329 vero
699 1301 805 1329 eadem
835 1301 1014 1337 perpetiens,
1039 1308 1078 1328 ne

251 1346 362 1381 dignus
376 1345 501 1382 quidem
511 1347 558 1372 est
567 1345 654 1380 cujus
667 1345 875 1378 misereamur,
887 1344 1078 1381 quandoqui-

251 1390 320 1419 dem
336 1398 406 1418 cum
421 1389 590 1418 voluntario
602 1389 740 1418 dmmone
756 1389 942 1418 colluctatur.
958 1389 992 1417 Hi
1002 1397 1078 1425 pras-

249 1437 332 1464 terea
351 1435 494 1472 quaedam
517 1434 666 1463 ebrietatis
690 1434 856 1470 pharmaca
879 1436 1076 1470 componunt,

249 1488 375 1517 operam
388 1479 631 1516 industriamque
646 1479 676 1507 in
691 1487 727 1507 eo
739 1481 896 1515 ponentes,
911 1487 974 1507 non
995 1481 1025 1507 ut
1039 1486 1076 1506 ne

254 1525 340 1561 126
356 1524 430 1561 quid
445 1523 517 1552 mali
530 1531 548 1553 a
561 1524 632 1552 vino
647 1523 811 1560 patiantur,
826 1523 879 1552 sed
892 1525 925 1552 ut
938 1523 1076 1560 ipsorum

250 1569 379 1597 ebrietas
385 1569 466 1604 jugis
476 1569 547 1596 sitet
555 1568 689 1596 assidua.
699 1567 781 1596 Enim
792 1567 984 1603 vero,saltem
993 1567 1076 1604 quod

250 1612 290 1641 ad
302 1613 428 1649 potandi
437 1615 557 1648 tempus
568 1613 681 1646 attinet,
690 1612 799 1647 exigua
810 1612 854 1640 eis
865 1615 911 1640 est
921 1612 996 1645 dies,
1009 1613 1076 1641 bre-

249 1657 295 1686 vis
305 1657 407 1685 itidem
415 1665 476 1685 nox
486 1656 532 1685 vel
539 1656 675 1685 hiberna.
684 1657 816 1692 Denique
825 1656 914 1692 hujus
926 1656 997 1684 mali
1008 1657 1076 1685 finis

249 1701 350 1731 nullus
369 1704 422 1730 est.
445 1703 519 1730 Nam
543 1702 642 1738 ipsum
666 1708 696 1729 se
717 1709 833 1729 merum
854 1704 1010 1737 promovet
1035 1702 1075 1730 ad

249 1746 390 1783 amplius.
407 1747 481 1775 Nam
492 1746 573 1774 enim
587 1745 666 1774 levat
676 1745 905 1774 necessitatem:
927 1745 980 1774 sed
999 1745 1074 1774 alte-

247 1792 310 1820 rius
346 1793 436 1828 potus
472 1790 681 1820 necessitatem
714 1789 917 1818 inevitabilem
948 1790 1073 1825 inducit,

248 1844 376 1865 exurens
404 1835 579 1869 inebriatos,
604 1841 784 1871 semperque
804 1835 987 1863 desiderium
1004 1835 1073 1871 plus

246 1880 372 1910 bibendi
384 1888 563 1916 provocans.
577 1879 635 1908 Sed
645 1879 718 1907 dum
728 1879 938 1915 inexplebilem
951 1879 1075 1907 bibendi

247 1924 327 1953 sitim
341 1925 399 1952 sibi
412 1931 590 1960 comparare
600 1923 743 1959 cogitant,
755 1926 860 1951 contra
871 1925 960 1959 atque
971 1923 1074 1952 animo

247 1969 437 1998 destinarunt
451 1969 570 1997 accidit.
587 1969 662 1996 Nam
677 1968 800 1996 assiduo
819 1967 996 1996 deliciarum
1017 1976 1074 1996 usu

247 2022 318 2042 suos
338 2021 444 2042 sensus
453 2012 615 2049 languidos
636 2012 767 2040 reddunt
787 2020 823 2041 ac
847 2014 975 2041 retusos.
994 2013 1075 2041 Sicut

247 2059 329 2087 enim
342 2058 454 2086 nimius
467 2057 566 2092 fulgor
580 2057 680 2085 visum
694 2056 826 2090 hebetat,
839 2059 868 2085 et
881 2057 958 2085 sicut
969 2057 1023 2093 qui
1033 2057 1072 2086 ab

246 2102 362 2138 ingenti
375 2109 451 2131 sono
465 2110 501 2130 ac
515 2101 634 2138 fragore
649 2101 868 2136 obtunduntur,
880 2101 920 2130 ob
935 2101 1074 2130 immodi-

246 2154 317 2175 cum
343 2154 523 2183 percussum
548 2154 584 2175 eo
609 2146 782 2180 deveniunt,
807 2147 840 2174 ut
860 2145 934 2174 nihil
949 2146 1073 2174 omnino

246 2192 390 2220 audiant:
407 2191 449 2220 sic
462 2191 553 2220 etiam
565 2190 597 2219 hi
611 2198 672 2227 prae
687 2190 781 2219 nimio
793 2190 958 2226 voluptatis
973 2190 1073 2219 studio

245 2236 451 2273 imprudentes
474 2238 502 2264 et
521 2235 633 2264 incauti
656 2235 843 2272 voluptatem
859 2236 1007 2264 amittunt.
1029 2235 1073 2264 Vi-

244 2288 319 2308 num
332 2288 476 2317 namque,
492 2281 546 2308 etsi
559 2287 687 2313 merum,
703 2279 775 2315 ipsis
793 2282 836 2307 est
855 2280 1022 2316 insipidum
1045 2281 1074 2308 et

244 2333 332 2361 aquae
353 2324 466 2353 simile:
492 2333 562 2353 cum
582 2332 654 2353 vero
678 2324 783 2352 vinum
804 2331 908 2352 recens
933 2324 1071 2357 sumitur,

243 2369 362 2398 videtur
382 2369 535 2406 tepidum;
559 2369 589 2396 id
605 2368 659 2396 etsi
674 2368 915 2396 recentissimum
938 2371 993 2402 est,
1018 2369 1072 2397 etsi

244 2414 296 2442 nix
308 2413 386 2450 ipsa,
398 2415 498 2442 tamen
513 2414 670 2441 ﬂammam
686 2420 722 2440 ex
733 2412 896 2441 immodico
907 2412 977 2441 vino
990 2413 1072 2441 intus

244 2458 276 2486 in
293 2458 369 2495 ipsis
394 2465 556 2486 accensam
575 2457 765 2492 exstinguere
793 2465 854 2485 non
882 2459 989 2493 potest.
1015 2458 1073 2486 Cui

244 2510 287 2530 vae
299 2504 313 2530 Ρ
332 2503 382 2531 cui
396 2502 544 2531 tumultus
555 2503 569 2529 ?
588 2501 639 2530 cui
650 2501 771 2536 judicia
782 2502 796 2529 ?
814 2501 864 2530 cui
877 2502 1022 2531 molestia
1041 2505 1069 2531 et

279 2591 335 2627 (36)
351 2590 676 2634 Legitur-neoqﬁa’rﬂxég‘
694 2590 726 2618 in
747 2589 886 2634 editione
897 2590 1069 2634 ll’aris.npro

242 2625 432 2669 προσείη-ηχος,
450 2627 492 2655 uti
502 2625 888 2669 'habept‘vetefesguatuor
902 2625 979 2669 libri.
996 2625 1066 2663 R‘eg.

242 2661 345 2690 térlius
360 2665 561 2699 παροστετηκός.
579 2662 673 2690 Editio
690 2661 776 2690 Basil;
788 2664 960 2698 παρεστηκός.

279 2699 334 2733 (37)
348 2699 429 2726 Unus
445 2707 501 2726 ms.
520 2697 658 2725 διαλιπεῖν.

279 2700 334 2734 (37)
348 2700 429 2726 Unus
445 2707 501 2726 ms.
520 2700 658 2725 διαλιπεῖν.

278 2736 334 2805 (37)
350 2735 411 2768 Reg
425 2735 541 2775 primus
556 2735 695 2779 προσάγει.
821 2770 827 2776 ι
970 2769 976 2774 .
1046 2755 1050 2758 .

278 2771 322 2804 (39
350 2769 434 2798 Colb.
457 2772 561 2798 tertius
586 2779 633 2801 της
653 2779 717 2805 αγαν
733 2768 866 2804 φιλοινιας,
884 2775 948 2803 prae
965 2775 1050 2797 zmmc

276 2768 334 2805 (39)
350 2768 435 2798 Colb?
457 2771 561 2798 tertius
577 2768 633 2801 ’τῆς
649 2768 717 2805 ἄγαν
733 2768 866 2804 φιλοινίας,
884 2775 948 2803 prae
965 2769 1066 2797 immo-

1138 898 1301 936 βαρυνόντων
1320 901 1346 926 αἱ
1362 899 1509 932 ἀποθέσεις.
1525 901 1661 937 Ἐμοῡντες
1686 902 1736 937 γὰρ
1760 904 1805 927 καὶ
1820 900 1938 927 ἀπονῗλὺ·⁵

1138 944 1233 978 ζοντις,
1261 944 1336 981 μόλις
1366 945 1558 983 ἐλευθεροῦνται
1588 949 1635 972 τοῦ
1672 945 1781 982 βάρους·
1814 949 1936 972 τοσοῦτον

1135 992 1185 1015 τῶν
1210 987 1409 1016 δυσπλοούντων
1435 989 1606 1028 ἐλεεινότεροι,
1631 989 1691 1016 ὅσον
1714 991 1739 1017 οἱ
1761 991 1806 1026 μὲν
1829 989 1936 1026 ἀνέμους

1135 1035 1180 1059 καὶ
1197 1033 1330 1060 θάλασσαν
1354 1036 1399 1060 καὶ
1422 1035 1469 1065 τὰς
1494 1035 1586 1066 ἔξωθεν
1615 1033 1730 1071 ἀνάγκας
1759 1034 1934 1062 ἐπαιτιῶνται·

1135 1079 1159 1104 οἱ
1175 1076 1205 1104 δὲ
1221 1078 1371 1116 αὐθαίρετον
1389 1078 1555 1110 ἐπισπῶνται,
1577 1080 1622 1106 τὸν
1649 1079 1677 1106 ἐκ
1704 1083 1752 1110 τῆς
1773 1080 1854 1116 μέθης
1874 1089 1935 1115 χει-

1134 1126 1216 1159 μῶνα.
1243 1122 1272 1148 Ὀ
1296 1121 1426 1159 δαιμονῶν
1449 1123 1564 1154 ἅλεεινὸς’
1587 1123 1600 1150 ὁ
1625 1121 1655 1150 δε
1673 1125 1784 1160 μεθύων,
1811 1125 1845 1150 τὰ
1869 1124 1936 1150 αὐτὰ

1134 1167 1257 1202 πάσχων,
1271 1165 1332 1194 οὐδὲ
1359 1171 1405 1194 τοῦ
1422 1167 1548 1194 ἐλεεῖσθαι
1562 1168 1646 1204 ἄξιος,
1668 1168 1813 1205 αὖθαιρίτῳ
1829 1166 1934 1204 δαίμονι

1132 1211 1328 1248 προσπαλαίων.
1363 1211 1396 1238 Οἱ
1428 1215 1472 1239 καὶ
1501 1213 1582 1248 μέθης
1615 1213 1767 1240 συντιθίασι
1799 1214 1932 1250 φάρμακα,

1133 1255 1199 1291 οὐχὶ
1213 1257 1242 1282 τὸ
1257 1257 1293 1292 μὴ
1308 1257 1399 1283 παθεῖν
1412 1266 1438 1283 τι
1452 1255 1536 1283 δεινὸν
1552 1256 1602 1284 ἀπὸ
1617 1261 1663 1284 τοῦ
1677 1259 1758 1290 οἶνον,
1775 1256 1839 1284 ἀλλὰ
1850 1259 1880 1284 τὸ
1894 1260 1931 1294 μὴ

1133 1297 1275 1326 διαλείπειν
1289 1301 1347 1336 (37)
1370 1301 1507 1336 μεθύοντες
1539 1304 1737 1338 μηχανώμενοι.
1770 1301 1861 1338 Ὀλὶγη
1887 1302 1932 1338 μὲν

1131 1345 1182 1380 γὰρ
1207 1345 1295 1374 αὐτοῖς
1320 1345 1336 1373 ἡ
1361 1345 1456 1382 ἡμέρα⁵
1476 1346 1558 1382 μικρά
1581 1344 1611 1372 δε
1630 1347 1644 1375 ἠ
1667 1343 1714 1378 νὺξ
1737 1348 1782 1372 καὶ
1803 1347 1818 1376 ἡ
1843 1348 1932 1382 χειμέ-

1131 1397 1196 1425 ριος,
1228 1390 1293 1425 πρός
1313 1397 1343 1424 γε
1365 1391 1408 1415 τὸν
1436 1393 1482 1416 τοῦ
1508 1391 1588 1416 πότου
1611 1392 1717 1428 χρόνον.
1741 1390 1818 1422 Τέλος
1837 1389 1867 1417 δε
1885 1390 1932 1417 οὒκ

1132 1434 1190 1459 εστι
1213 1437 1260 1459 τοῦ
1279 1437 1378 1461 κακοῦ,
1406 1433 1490 1465 Αὐτὸς
1513 1435 1564 1472 γὰρ
1591 1434 1682 1461 ἑαυτὸν
1708 1436 1721 1461 ὸ
1746 1433 1811 1465 οἶνος
1837 1435 1880 1462 ὶπί
1903 1437 1931 1462 τὸ

1133 1476 1219 1504 πλεῖον
1238 1479 1348 1514 προάγει
1361 1479 1429 1514 (38).
1453 1479 1490 1505 Οὐ
1509 1479 1561 1516 γὰρ
1583 1481 1631 1509 τὴν
1655 1481 1747 1516 χρείαν
1771 1480 1931 1517 παραμυθεῖ-

1133 1530 1186 1555 ται,
1203 1521 1256 1548 ἀλλ’
1282 1521 1368 1560 ἐτέρου
1394 1525 1475 1550 πότου
1503 1525 1595 1560 χρείαν
1620 1523 1797 1560 ἀπαραίτητον
1819 1523 1928 1561 ἔμποωῖ,

1132 1565 1240 1593 ἐκκαίων
1261 1568 1322 1597 τοὺς
1338 1568 1489 1603 μεθύοντας,
1515 1570 1560 1594 καὶ
1574 1567 1613 1594 ἀεὶ
1627 1570 1693 1605 πρὸς
1706 1570 1754 1598 τὴν
1777 1572 1823 1595 τοῦ
1845 1568 1930 1595 πλείο-

1131 1619 1173 1641 νος
1199 1612 1283 1647 ἔφεσιν
1310 1611 1527 1649 προκαλούμενος.
1554 1612 1721 1649 Ἀπλὴρωτον
1752 1610 1782 1639 δε
1808 1616 1853 1640 τοῦ
1879 1614 1927 1639 πί-

1128 1664 1178 1682 νειν
1190 1657 1237 1685 τὴν
1253 1655 1334 1692 ὂρεξιν
1350 1657 1420 1692 ἔχειν
1444 1656 1611 1690 ἐπινοοῦντες,
1626 1659 1656 1684 τὸ
1681 1657 1791 1684 ἐναντίον
1805 1658 1928 1693 πάσχου-

1130 1709 1171 1726 σιν
1195 1700 1210 1729 ii
1232 1703 1406 1737 προῄρηνται,
1428 1704 1470 1737 Τῷ
1492 1703 1542 1739 γὰρ
1568 1705 1675 1738 συνεχεῖ
1693 1706 1741 1732 τῆς
1760 1705 1860 1738 τρυφῆς
1879 1702 1927 1734 τὰς

1129 1744 1267 1776 αἰσθήσεις
1281 1744 1517 1782 ὰπομαραίνουσιν.
1542 1745 1587 1777 Ὠς
1599 1747 1650 1783 γὰρ
1670 1747 1699 1773 τὸ
1721 1747 1786 1782 ᾶγαν
1808 1745 1926 1783 λαμπρόν

1129 1787 1244 1825 ἀμαυροῖ
1262 1790 1306 1820 τὰς
1330 1790 1411 1826 citing,
1433 1792 1478 1816 καὶ
1500 1791 1586 1827 ὥσπερ
1611 1791 1635 1817 οἱ
1655 1794 1710 1822 τοῖς
1732 1790 1854 1828 μεγάλοις
1872 1790 1926 1826 ψό-

1129 1842 1185 1870 φοις
1204 1837 1426 1871 κατακρουόμονοι
1449 1838 1480 1872 τῇ
1507 1834 1618 1872 ἀμετρίᾳ
1640 1839 1689 1867 τῆς
1707 1835 1811 1872 πληγῆς
1835 1835 1871 1867 εἰς
1895 1836 1925 1862 τὸ

1127 1877 1196 1914 μηδὲ
1213 1878 1314 1905 ἀκούειν
1336 1879 1466 1910 παντελῶς
1488 1881 1666 1916 περιάγονται·
1693 1881 1761 1907 οὕτω
1783 1882 1828 1907 καὶ
1851 1880 1922 1907 οὗτοι

1127 1921 1264 1951 λελήθασιν
1284 1923 1390 1955 ἑαυτοὺς
1413 1925 1463 1951 ὑπὸ
1485 1928 1533 1954 τῆς
1546 1925 1613 1960 ἄγαν
1633 1922 1784 1961 φιληδονίας
1799 1925 1855 1959 (39)
1877 1927 1923 1954 τὴν

1127 1965 1225 1996 ἡδονὴν
1252 1967 1429 1998 ἀπολέσαντες.
1459 1967 1568 2000 “Arma;
1599 1971 1645 2006 μὲν
1677 1970 1728 2006 γὰρ
1758 1969 1848 2001 αὐτοῖς
1880 1971 1925 1996 καὶ

1127 2009 1268 2043 ὑδατώδης
1281 2013 1293 2038 ὁ
1309 2012 1384 2046 οἶνος,
1397 2012 1445 2038 κᾶν
1460 2013 1574 2051 ἄκρατος
1620 2013 1720 2051 χλιαρὰ
1746 2011 1775 2040 δε
1798 2017 1843 2040 τοῦ
1865 2022 1925 2041 νεα-

1127 2060 1174 2092 ροῦ
1190 2057 1205 2086 ἠ
1223 2055 1371 2092 ἀντίληψις,
1387 2056 1435 2083 κᾶν
1448 2058 1479 2083 τὸ
1503 2057 1723 2097 ἀκραιφνέστατον
1739 2056 1765 2095 ᾖ,
1789 2057 1836 2084 κᾶν
1858 2057 1923 2088 αὐτὴ

1126 2103 1204 2137 χιὼν,
1234 2099 1398 2128 κατασϐἓσαι
1420 2103 1468 2131 τὴν
1492 2100 1564 2129 ἔνδον
1592 2102 1618 2128 ἐν
1645 2102 1734 2133 αὐτοῖς
1749 2103 1804 2138 (49)
1827 2102 1854 2129 ἐκ
1877 2106 1926 2134 τῆς

1090 2136 1112 2164 D
1127 2136 1251 2182 ἀμετρίας
1280 2149 1325 2173 τοῦ
1353 2147 1423 2172 οἴνου
1452 2148 1590 2183 καιομένην
1611 2147 1694 2184 φλόγα
1717 2136 1757 2184 μὴν
1783 2136 1924 2184 δυναμένη.

1126 2193 1182 2218 Τίνι
1202 2191 1261 2217 οὐαί
1277 2198 1284 2224 ;
1312 2193 1363 2217 τίνι
1383 2191 1513 2228 θόρυϐος
1542 2193 1594 2218 τίνι
1613 2194 1713 2230 κρίσεις
1729 2199 1736 2226 ;
1760 2193 1812 2218 τίνι
1831 2190 1926 2221 ἆηδὶαι

1127 2237 1170 2262 καὶ
1205 2235 1325 2271 λέσχαι;
1364 2237 1417 2262 τίνι
1451 2239 1635 2274 συντρίμματα
1671 2236 1817 2270 διακενῆς;
1856 2239 1925 2268 τίνος

1127 2277 1243 2306 πελιδνοὶ
1272 2281 1297 2306 οἱ
1330 2280 1481 2317 ὀφθαλμοι;
1511 2281 1550 2307 Οὐ
1582 2285 1632 2307 τῶν
1663 2281 1869 2318 ἔγχρονιζόντων
1900 2281 1924 2308 ἒν

1126 2325 1195 2360 οἴνῳ,
1240 2326 1285 2351 καὶ
1313 2326 1549 2352 κατασκοπούντων
1591 2330 1636 2352 τοῦ
1669 2328 1745 2352 πότοι
1785 2327 1924 2362 γίνονται;

1125 2370 1159 2395 Τό
1192 2368 1251 2395 οὐαὶ
1291 2367 1422 2406 θρηνῶδες
1459 2369 1516 2396 ἐστι
1553 2369 1708 2406 ἱπὶφθςγμα.
1747 2373 1851 2407 Θρήνου
1895 2369 1925 2397 δε

1124 2413 1194 2445 οῖξιοι
1221 2414 1246 2439 οἱ
1274 2415 1420 2450 μεθύοντες,
1450 2412 1521 2440 διότι
1549 2415 1666 2441 Μέθυσοι
1699 2414 1836 2451 βασιλείαν
1856 2419 1924 2442 Θεοῦ

1124 2457 1153 2484 οὐ
1186 2457 1428 2495 κληρονομήσουσι,
1456 2459 1575 2495 Θόρνϐος
1605 2457 1635 2485 δὲ
1669 2457 1716 2486 διὰ
1745 2462 1791 2489 τὴν
1821 2460 1850 2486 ἐκ
1877 2464 1924 2486 τοῦ

1123 2503 1193 2530 οἶνον
1227 2504 1350 2540 ταραχήν
1387 2503 1552 2540 ἇγγινομένην
1591 2507 1648 2535 τοῖς
1681 2503 1839 2540 λογισμοῖς.
1873 2506 1924 2531 Καὶ

1122 2591 1264 2636 άξςρλριηί
1277 2599 1388 2636 amore:
1403 2591 1531 2636 Λῆμνος
1545 2600 1626 2636 mss.~
1636 2593 1664 2636 ent
1676 2592 1747 2636 editi
1759 2590 1921 2636 φιληδονίας.

1230 2627 1427 2669 antiquiduo
1448 2627 1516 2669 libri
1540 2630 1587 2657 τὴν
1613 2626 1715 2669 ἔνδοθεν
1737 2626 1834 2669 αὐτοῖς.
1851 2629 1923 2669 μοι

1122 2662 1214 2700 editio
1231 2662 1318 2700 Basili
1342 2666 1371 2691 et
1389 2665 1526 2700 quatuor
1540 2672 1613 2692 mss.
1629 2666 1665 2700 μὴ
1686 2662 1826 2700 δυναμένη.
1850 2665 1920 2698 Reg.

1122 2699 1238 2735 primus
1248 2699 1280 2735 οὐ
1297 2697 1438 2735 δυναμένη.
1453 2699 1549 2727 Editio
1562 2697 1652 2727 Paris.
1670 2699 1699 2725 οὑ
1711 2697 1830 2727 δύναται.
1844 2697 1921 2728 Sub—

1121 2734 1191 2762 inde
1205 2734 1287 2763 Colb.
1304 2734 1420 2770 primus
1436 2737 1481 2761 καὶ
1495 2739 1543 2761 τῶν
1559 2737 1819 2771 κατασκοπουμένων.
