2059 3136
255 143 309 170 659

940 139 969 167 S.
989 139 1117 167 BASlLll
1135 139 1251 168 MAGNI

1883 142 1938 170 460

255 203 330 232 cisti.
344 204 473 232 Iuvenes
487 201 569 238 ejicis
583 201 691 229 ductos
703 209 799 230 manu
813 203 961 238 tanquam
972 201 1077 230 vulne-

1136 201 1208 233 ταξιν
1230 200 1355 233 ἐποίησας
1377 202 1411 227 τὸ
1434 203 1591 238 συμπόσιον.
1613 201 1756 233 Ἐκϐάλλιις
1773 204 1834 233 τοὺς
1848 206 1937 230 νεανί-

253 250 336 277 ratos
353 256 368 276 e
381 247 494 284 praelio,
505 246 673 281 juventutis
688 246 794 275 ﬂorem
804 246 874 274 vino
884 245 1025 274 enecasti.
1040 247 1081 274 Ac

254 300 348 321 vocas
358 291 482 329 quidem
493 291 583 319 veluti
596 291 729 319 amicum
740 291 779 319 ad
792 299 922 322 coenam,
933 290 1016 326 ejicis
1029 298 1081 319 au-

253 338 315 366 tem
328 339 492 369 mortuum,
505 335 650 364 exstincta
663 344 681 364 a
691 336 762 364 vino
773 335 852 364 illius
865 335 935 364 vita.
946 336 1020 364 Cum
1030 343 1082 363 au-

254 383 314 410 tem
328 381 399 410 vino
411 381 548 410 exsatiati
563 388 630 408 esse
645 383 801 416 putantur,
817 383 880 409 tum
895 380 998 408 bibere
1008 380 1081 408 inci-

253 426 349 464 piunt,
357 429 384 454 et
390 426 542 462 pecudum
551 433 635 454 more
643 425 753 454 bibunt
763 426 849 462 quasi
858 434 876 454 a
884 425 966 454 fonte
974 427 1081 462 sponte

253 474 409 506 manante,
418 473 446 499 et
456 470 612 499 scatebras
623 478 750 498 numero
760 470 892 506 aequales
901 469 1082 498 accumben-

252 515 332 544 tibus
347 516 547 544 ministrante.
568 516 643 544 Nam
656 514 836 551 procedente
854 515 919 550 jam
931 514 1080 549 convivio,

251 560 428 589 adolescens
447 560 565 588 habens
590 560 728 595 egregios
755 560 912 594 humeros,
941 559 1081 588 nondum

252 605 363 639 ebrius,
376 605 588 642 praegrandem
600 604 664 632 vini
676 604 842 639 refrigerati
855 603 989 640 phialam
1006 604 1080 632 aﬁ‘e-

251 657 332 686 rens,
341 650 401 678 huc
412 650 580 686 ingreditur
589 658 596 677 :
607 649 660 686 qui
670 649 798 686 depulso
807 649 946 685 ipsorum
957 648 1079 685 pocilla-

251 695 454 731 tore,stansin
460 695 633 731 medio,per
639 694 782 731 obliquos
791 694 881 723 tubos
888 702 993 730 parem
1000 702 1081 722 com-

250 739 410 776 potoribus
424 739 576 768 distribuit
596 739 781 768 ebrietatem.
798 740 899 767 Novus
912 739 960 767 hic
980 741 1024 768 est
1037 739 1081 768 rei

252 785 381 813 modum
392 784 511 813 nullum
520 784 661 813 habentis
671 784 794 818 modus,
808 787 841 812 ut
853 784 924 813 data
934 784 1000 820 pari
1011 792 1080 820 por-

251 829 332 858 tione
345 829 423 857 inter
447 837 478 857 se
502 831 610 857 mutuo
625 829 788 864 luxurient,
809 837 865 857 nec
888 830 984 865 possit
1006 829 1081 857 alter

250 874 414 911 quisquam
427 873 555 902 alterum
569 873 704 902 bibendo
716 881 870 910 superare.
891 875 967 902 Nam
982 873 1079 901 distri-
1095 891 1115 918 Β

249 918 332 947 butis
341 918 419 947 inter
429 926 460 947 se
477 918 568 954 tubis,
582 921 611 947 et
634 918 692 946 sibi
706 919 836 955 quisque
857 919 1019 947 obversum
1034 921 1079 946 tu-

249 964 326 993 bum
337 964 545 1000 suscipientes,
557 967 704 1000 tanquam
717 972 752 992 ex
767 964 853 1000 129
864 964 1001 1000 quodam
1010 964 1080 992 lacu

250 1017 335 1038 more
345 1008 438 1037 boum
450 1016 511 1037 uno
526 1008 632 1045 spiritu
642 1008 762 1042 bibunt,
776 1011 894 1037 tantum
904 1011 1024 1043 gutture
1036 1010 1080 1037 at-

250 1054 369 1083 trahere
383 1054 571 1089 festinantes,
586 1056 736 1090 quantum
756 1053 813 1081 sibi
825 1053 955 1089 desuper
966 1061 1020 1082 vas
1034 1061 1079 1081 re-

249 1099 473 1134 frigeratorium
488 1106 541 1134 per
555 1101 714 1133 argenteas
734 1098 851 1126 ﬁstulas
870 1098 1008 1126 demittit.
1026 1098 1080 1126 Re-

250 1144 332 1181 spice
341 1144 379 1172 ad
388 1146 475 1172 tuum
485 1143 631 1172 miserum
640 1146 788 1172 ventrem:
797 1143 878 1171 disce
890 1143 1079 1180 suscipientis

249 1189 329 1217 vasis
344 1188 596 1224 magnitudinem,
617 1188 755 1216 videlicet
769 1188 853 1225 quod
866 1188 971 1224 cotylm
989 1189 1079 1216 unius

249 1242 323 1262 cavo
334 1233 606 1262 circumscribatur.
614 1233 658 1261 Ad
669 1233 790 1262 trullam
799 1241 837 1261 ne
845 1233 1000 1269 respicias,
1011 1241 1079 1261 eam

250 1278 466 1314 exhausturus,
489 1278 543 1307 sed
562 1278 601 1307 ad
614 1280 699 1306 tuum
719 1278 814 1314 ipsius
830 1281 977 1313 ventrem,
996 1278 1079 1315 quod

245 1323 431 1359 jamdudum
447 1323 584 1359 expletus
599 1323 647 1352 sit.
665 1324 865 1359 Quapropter,
887 1324 936 1352 Vw
947 1324 1000 1358 qui
1013 1331 1079 1351 sur-

247 1371 325 1404 gunt
340 1376 439 1402 mane,
456 1371 484 1396 et
495 1369 623 1397 siceram
637 1371 872 1404 persequuntur,
889 1369 941 1404 qui
960 1376 1077 1403 exspec-

249 1415 316 1441 ιαηι
329 1421 483 1448 vesperam
503 1414 536 1449 ⁸³,
554 1415 583 1442 et
597 1413 678 1441 diem
689 1413 721 1441 in
735 1412 878 1441 ebrietate
896 1413 1077 1448 transigunt,

248 1457 292 1487 sic
308 1461 341 1486 ut
352 1458 470 1486 nullum
486 1457 545 1486 sibi
559 1458 632 1486 dent
645 1459 766 1494 tempus
790 1457 830 1486 ad
842 1465 937 1494 opera
963 1457 1079 1486 Domini

247 1502 448 1539 inspicienda,
463 1510 562 1539 neque
574 1502 615 1531 ad
629 1510 723 1538 opera
737 1510 886 1530 manuum
905 1502 970 1538 ejus
980 1502 1078 1530 consi-

249 1547 397 1576 deranda.
415 1548 523 1576 Vinum
537 1548 615 1576 enim
633 1555 681 1575 eos
696 1547 857 1581 comburat,
874 1548 908 1582 “,
924 1547 1008 1583 quod
1020 1547 1078 1574 vini

249 1591 332 1621 calor
362 1593 447 1621 carni
468 1592 627 1626 accedens,
655 1592 806 1628 igniculus
831 1593 886 1620 ﬁat
913 1592 1079 1627 ignitorum

249 1636 363 1664 inimici
370 1636 552 1672 jaculorum.
562 1636 673 1664 Vinum
684 1636 765 1665 enim
773 1637 922 1665 rationem
933 1636 1080 1672 demergit

250 1683 279 1710 et
285 1684 432 1710 mentem:
445 1681 568 1710 vitiosos
580 1689 649 1710 vero
661 1681 785 1710 affectus
796 1689 831 1709 ac
841 1681 980 1710 libidines
991 1681 1080 1717 quasi

249 1726 408 1763 quoddam
428 1734 522 1763 apum
546 1734 676 1754 examen
706 1726 877 1754 exsuscitat.
903 1726 972 1759 Quis
999 1726 1080 1754 enim

251 1779 368 1805 currus,
387 1770 426 1799 ab
441 1771 577 1808 equuleis
593 1773 716 1806 tractus,
740 1770 818 1799 adeo
842 1774 952 1799 temere
977 1771 1078 1804 fertur,

250 1815 357 1852 auriga
367 1823 492 1844 excusso
504 1816 518 1844 ‘2
542 1816 702 1849 Quodnam
712 1815 868 1851 navigium
879 1815 1081 1851 gubernatore

250 1860 439 1895 destitutum,
455 1868 474 1889 a
484 1860 626 1889 ﬂuctibus
638 1861 699 1889 huc
713 1860 784 1889 illuc
803 1860 1000 1896 exagitatum,
1017 1867 1081 1888 non

250 1905 343 1934 tutius
352 1908 397 1934 est
409 1905 574 1934 temulento
587 1905 601 1933 ‘I

288 1997 315 2024 8.
340 1996 394 2023 Per
417 1994 570 2030 ejusmodi
590 1994 682 2029 mala,
707 1995 763 2023 viri
783 1994 874 2023 simul
893 1997 922 2023 et
939 1995 1082 2023 mulieres

255 2039 426 2069 constitutis
441 2039 540 2067 choris
554 2039 780 2073 communibus,
798 2040 1023 2076 animabusque
1041 2040 1082 2067 vi-

252 2093 329 2114 noso
339 2084 471 2112 daamoni
481 2084 610 2120 traditis,
625 2092 657 2112 se
672 2087 778 2112 mutuo
788 2084 949 2112 libidinum
961 2085 1083 2121 spiculis

254 2129 497 2159 consauciarunt.
510 2129 594 2156 Risus
604 2130 756 2164 utrinque,
765 2129 920 2157 cantilena:
932 2129 1082 2163 obscenae,

254 2174 414 2204 meretricii
424 2176 528 2210 gestus
540 2173 580 2202 ad
589 2173 747 2202 libidinem
757 2176 967 2209 provocantes.
981 2174 1082 2210 Rides,

254 2220 304 2248 dic
318 2219 403 2254 mihi,
415 2227 449 2247 ac
459 2219 575 2254 gaudes
586 2219 733 2254 gaudium
745 2219 947 2254 impudicum,
962 2227 1031 2246 cum
1043 2219 1085 2246 la-

1136 255 1216 276 σκους
1238 247 1506 283 χειραγωγουμένους,
1534 247 1566 276 ὡς
1586 249 1745 283 τραυματίας
1778 247 1828 274 ἀπὸ
1854 248 1935 274 πολέ-

1135 301 1195 327 μου·
1221 290 1362 329 ἐνέκρωσας
1386 293 1432 320 τὴν
1457 290 1544 327 ἀκμὴν
1565 296 1615 328 τῆς,
1631 293 1748 326 νεότητος
1773 291 1822 318 ἀπὸ
1849 295 1932 320 οἷνουι

1135 338 1180 362 καὶ
1206 336 1288 366 καλεῖς
1312 337 1356 372 μὲν
1385 337 1417 366 ὡς
1446 335 1514 372 φῦιον
1539 335 1581 362 ἐπὶ
1606 338 1634 362 τὸ
1662 335 1773 369 δεῖπνον,
1803 337 1933 370 ἐκϐάλλεις

1137 378 1166 407 δὲ
1189 382 1286 418 νεκρόν,
1307 382 1366 416 οἴνῳ
1389 383 1436 410 τὴν
1464 381 1532 411 ζωήν
1555 381 1634 407 αὐτοῦ
1654 381 1827 413 κατασείσας.
1849 383 1931 409 Ὀταν

1137 423 1166 451 δὲ
1179 426 1324 461 νομισθῶσι
1340 423 1470 463 διακορεῖς
1491 427 1548 459 (59)
1568 425 1632 452 εἶναι
1648 430 1694 452 τοῦ
1709 428 1788 460 οἲνου,
1811 429 1867 454 τότε
1884 432 1930 454 τοῦ

1135 471 1217 496 πίνειν
1240 471 1380 508 ἄρχονται,
1401 472 1446 496 καὶ
1474 473 1581 496 πίνουσι
1602 472 1646 497 τὸν
1673 475 1724 497 τῶν
1748 476 1847 500 κτηνῶν
1869 474 1932 510 τρό-

1135 524 1192 548 πον,
1225 516 1259 546 ὡς
1284 514 1334 541 ἀπὸ
1358 518 1456 552 κρήνης
1483 513 1671 551 αὐτοσχεδίου,
1699 516 1857 553 ἰσαρίθμους
1882 521 1935 548 τοῖς

1136 558 1308 596 ἀνακειμένοις
1331 562 1390 590 τοὺς
1416 561 1538 597 κρουνοὺς
1562 559 1690 596 ἀφιείσης.
1722 563 1860 598 Προιόντος
1883 563 1935 599 γὰρ

1135 602 1189 633 ἤδη
1223 609 1268 631 τοῦ
1296 607 1388 638 πότου,
1425 604 1605 642 ἐπεισέρχεταί
1638 614 1676 635 τις
1709 605 1796 636 αὐτοῖς
1824 609 1933 639 νεανίας,

1134 653 1248 685 γενναῖος
1275 651 1333 680 τοὺς
1359 651 1453 686 ὤμους,
1479 651 1550 676 οὔπω
1581 650 1692 686 μεθύων,
1727 650 1820 686 φιάλην
1854 653 1935 688 φέρων

1135 693 1257 730 εὐμεγέθη
1278 696 1347 720 οἴνου
1363 693 1570 731 κατεψυγμένον·
1596 694 1633 727 ὃς,
1653 695 1696 720 τόν
1715 694 1834 731 οἰνοχόον
1851 696 1935 722 αὐτῶν

1134 741 1330 776 παρωσάμενος,
1353 740 1486 769 καταστὰς
1504 739 1560 775 (60)
1586 739 1619 770 εἰς
1641 741 1670 765 τὸ
1691 741 1780 776 μέσον,
1802 738 1849 766 δια
1869 750 1933 767 σκο-

1133 783 1193 810 λιῶν
1213 784 1332 813 σωλήνων
1355 786 1416 813 ἴσην
1436 788 1491 815 τοῖς
1511 786 1655 820 συμπόταις
1677 782 1791 821 διανέμει
1810 787 1856 814 τήν
1881 787 1930 821 μέ-

1135 829 1192 858 θην.
1223 830 1316 855 Καινὸν
1350 832 1424 855 τοῦτο
1453 829 1498 858 τῆς
1536 827 1657 867 ἀμετρίας
1689 831 1718 855 τό
1755 832 1852 867 μέτρον,
1887 830 1930 856 ἵνα

1134 877 1189 900 κατ’
1221 873 1368 911 ἰσομοιρίαν
1404 873 1522 904 ἀλλήλοις
1563 873 1796 909 συνασελγαίνωσι,
1830 872 1930 911 μηδένα

1134 918 1299 956 ὑπερϐάλλειν
1320 918 1344 944 ἐν
1366 922 1402 954 τῷ
1423 920 1505 945 πίνειν
1529 920 1571 945 τόν
1598 922 1691 956 ἕτερον,
1716 919 1859 956 Διελόμενοι
1878 921 1929 957 γὰρ

1134 964 1180 993 τὰς
1195 961 1350 1000 ὑδρορρόας,
1374 965 1418 989 καὶ
1438 965 1486 992 τὴν
1500 964 1564 1000 πρὸς
1587 962 1678 989 ἑαυτὸν
1697 963 1930 1001 ἔκαστοςτετραμ-

1134 1009 1212 1043 μένην
1246 1005 1444 1044 ὑποδεξάμενοι,
1486 1008 1571 1045 ὥσπερ
1606 1007 1656 1033 ἀπό
1688 1018 1757 1039 τινος
1790 1007 1934 1044 διξαμενῆς

1135 1051 1261 1078 ἀπνευστὶ
1283 1054 1404 1078 πίνουσιν
1424 1054 1456 1082 ὡς
1477 1053 1502 1078 οἱ
1521 1052 1589 1089 βόες,
1605 1057 1726 1079 τοσοῦτον
1747 1053 1863 1090 ὑφέλκιιν
1878 1054 1935 1089 (61)

1134 1096 1293 1133 ἐπειγόμενοι
1328 1101 1381 1128 τοῖς
1413 1096 1524 1133 λαιμοῖς,
1563 1098 1623 1123 ὅσον
1666 1098 1750 1127 αὐτοῖς
1790 1099 1887 1124 ἄνωθεν
1919 1099 1932 1124 ὀ

1133 1141 1238 1179 ψυκτὴρ
1263 1140 1310 1168 διὰ
1333 1146 1383 1168 τῶν
1407 1141 1537 1179 ἀργυρέων
1566 1142 1663 1178 ὀχετῶν
1689 1142 1825 1179 ἐπαφίησι.
1851 1144 1933 1169 Κατά-

1133 1186 1217 1222 κυψόν
1238 1197 1285 1212 σου
1310 1188 1373 1224 πρὸς
1395 1189 1443 1216 τὴν
1468 1186 1558 1213 ἀθλίαν
1580 1189 1704 1225 γαστέρα·
1726 1189 1858 1224 κατάμαθε
1885 1191 1932 1214 τοῦ

1134 1229 1331 1268 ὑποδεχομένου
1359 1231 1464 1267 ἀγγείου
1495 1233 1524 1258 τὸ
1552 1233 1668 1268 μέγεθος·
1697 1233 1738 1258 ὃτι
1770 1235 1831 1269 μιᾶς
1858 1234 1934 1259 κοτύ-

1133 1275 1178 1306 λης
1190 1277 1246 1312 (62)
1258 1277 1319 1311 ἔχει
1335 1275 1482 1305 κοιλότητα.
1500 1278 1542 1305 Μὴ
1559 1278 1622 1313 πρὸς
1636 1278 1683 1306 τὴν
1698 1277 1822 1312 οἰνοχόην
1838 1276 1932 1314 ἄφορα,

1133 1323 1196 1347 πότε
1222 1330 1346 1357 κενωσῃς,
1373 1319 1436 1347 ἀλλὰ
1463 1322 1525 1358 πρὸς
1546 1323 1592 1350 τὴν
1622 1325 1733 1348 σεαυτοῦ
1761 1321 1870 1355 κοιλίαν,
1893 1323 1934 1348 ὅτι

1133 1366 1214 1392 πάλαι
1236 1365 1414 1403 πεπλήρωται.
1445 1366 1493 1392 Διὰ
1518 1369 1603 1399 τοῦτο,
1632 1366 1699 1393 Οὐαὶ
1727 1367 1752 1392 οἱ
1777 1365 1933 1404 ἐγειρόμενοι

1132 1412 1161 1437 τό
1187 1412 1256 1448 πρωὶ
1283 1412 1329 1436 καὶ
1356 1413 1385 1436 τὸ
1417 1412 1509 1447 σίκερα
1537 1409 1681 1444 διώκοντες,
1711 1411 1736 1436 οὶ
1758 1413 1873 1447 μένοντες
1903 1413 1932 1438 τὸ

1135 1455 1191 1491 ὀψὲ,
1217 1458 1260 1481 καὶ
1280 1453 1472 1492 διημερεύοντες
1494 1455 1517 1481 ἐν
1541 1459 1572 1492 τῇ
1599 1456 1676 1492 μέθην
1696 1457 1730 1485 ὡς
1751 1454 1854 1492 μηδένα
1877 1466 1933 1483 και-

1134 1502 1178 1537 ρόν
1207 1500 1307 1530 ἑαυτοῖς
1324 1502 1450 1537 παρέχειν
1477 1500 1513 1530 εἰς
1534 1502 1563 1526 τό
1583 1501 1616 1526 τὰ
1635 1501 1699 1538 ἔργα
1725 1503 1823 1538 Κυρίου
1847 1500 1933 1537 ἄμϐλέ-

1134 1554 1199 1571 mw.
1225 1546 1270 1570 καὶ
1291 1546 1322 1573 τὴ
1349 1545 1411 1582 ἔργα
1434 1548 1482 1570 τῶν
1506 1548 1603 1582 χειρῶν
1627 1545 1705 1571 αὑτοῦ
1733 1549 1877 1573 κατανοεῖν.
1905 1546 1933 1572 '0

1133 1590 1183 1626 γὰρ
1202 1587 1269 1620 οἶνος
1291 1589 1386 1620 αὐτοὺς
1409 1591 1567 1625 συγκαύσει.
1596 1587 1667 1616 διότι
1688 1591 1717 1615 τὸ
1743 1589 1770 1616 ἐκ
1794 1594 1841 1616 τοῦ
1865 1591 1934 1616 οἴνου

1137 1635 1240 1670 θερμὸν,
1264 1633 1428 1670 ἐγγινόμενον
1454 1638 1485 1670 τῇ
1515 1636 1604 1670 σαρκὶ,
1633 1634 1736 1671 ἔξαμμα
1761 1637 1860 1670 γίνεται
1885 1639 1935 1661 τῶν

1134 1681 1322 1715 πεπυρωμένων
1352 1678 1432 1715 βελῶν
1458 1682 1503 1705 τοῦ
1537 1678 1645 1717 ἐχθροῦ.
1673 1681 1722 1706 Τὸν
1751 1681 1797 1715 μὲν
1821 1680 1872 1716 γὰρ
1895 1679 1936 1706 λο-

1135 1725 1231 1760 γισμὸν
1258 1726 1303 1750 καί
1331 1725 1374 1750 τόν
1395 1727 1454 1750 νοῦν
1487 1724 1500 1750 ό
1528 1723 1595 1754 οἶνος
1625 1724 1824 1755 καταϐαπτὶζει-
1850 1725 1883 1750 τὰ
1905 1722 1935 1751 δε

1135 1769 1206 1799 πάθη
1235 1771 1280 1795 καὶ
1305 1770 1350 1799 τὰς
1379 1767 1477 1799 ἡδονὰς
1506 1771 1593 1806 ὥσπερ
1621 1779 1647 1795 τι
1681 1774 1778 1805 σμῆνος
1804 1769 1935 1806 μελισσῶν

1137 1812 1270 1851 ἐπεγείρει.
1303 1817 1380 1840 Ποῖον
1406 1815 1456 1850 γὰρ
1485 1813 1559 1850 ἅρμα
1587 1813 1677 1840 πώλων
1711 1814 1793 1845 οὕτως
1821 1813 1936 1845 ἀτάκτως

1137 1860 1249 1895 φέρεται,
1272 1857 1400 1884 ἀποϐαλόν
1419 1859 1473 1894 (63)
1490 1860 1535 1884 τὸν
1557 1859 1665 1894 ἡνίοχον
1682 1867 1689 1892 ;
1706 1862 1782 1885 Ποῖον
1799 1857 1828 1885 δὲ
1846 1859 1936 1886 πλοῖον

1138 1903 1318 1940 ἀκυϐέρνητον,
1340 1904 1389 1929 ὑπό
1413 1907 1463 1929 τῶν
1487 1904 1619 1940 κυμάτων,
1644 1905 1679 1934 ὡς
1704 1903 1733 1930 ἂν
1754 1905 1838 1942 τύχῃ,
1864 1907 1938 1942 φερό-

1137 1958 1221 1985 μενον,
1238 1948 1285 1974 οὐκ
1297 1947 1489 1986 ἀσφαλέστερόν
1502 1948 1559 1975 ἔστι
1572 1947 1617 1975 τοὺ
1630 1948 1783 1985 μεθόοντος;

1173 1994 1199 2020 8.
1219 1993 1281 2019 Ἀπὸ
1296 1994 1420 2019 τοιούτων
1436 1998 1532 2027 κακῶν,
1553 1991 1647 2030 ἄνδρες
1662 1995 1726 2030 cium}
1742 1996 1786 2020 καὶ
1800 2003 1934 2030 γμναικες,

1138 2040 1240 2068 κοινοὺς
1264 2038 1460 2075 συστησάμενοι
1488 2040 1595 2076 χοροὺς,
1635 2036 1741 2075 δαίμονι
1772 2039 1866 2076 οἰνηρῷ
1891 2041 1938 2071 τὰς

1137 2083 1230 2118 ψυχὰς
1257 2080 1426 2120 παραδόντες,
1453 2082 1575 2113 ἀλλήλους
1595 2087 1651 2113 ταῖς
1677 2082 1752 2109 ὰκίσι
1774 2087 1824 2110 τῶν
1847 2085 1937 2110 παθῶν

1140 2127 1350 2166 ὰντετίτρωσκον.
1382 2127 1492 2159 Γέλωτες
1524 2127 1586 2154 παα¹
1624 2129 1785 2165 ἀμφοτέρων,
1829 2129 1938 2165 ᾄσματα

1140 2173 1252 2210 αἰσχρὰ,
1282 2175 1411 2209 σχήματα
1438 2174 1558 2210 πορνικὰ.
1588 2172 1737 2210 ἐρεθίζοντα
1768 2175 1834 2210 πρὸς
1863 2173 1939 2200 ἀσελ-

1139 2227 1221 2254 γειαν.
1245 2217 1333 2253 Γελᾴς,
1354 2217 1408 2244 εὶπέ
1431 2227 1486 2254 μοι,
1504 2220 1550 2243 καὶ
1569 2219 1648 2254 τέρπῃ
1672 2217 1761 2255 τέρψιν
1782 2217 1936 2253 ἀκόλαστον,

256 2264 387 2301 crymari
397 2264 437 2292 ob
448 2264 597 2300 praeterita
607 2263 841 2298 etingemiscere
853 2264 1023 2300 oporteret?
1034 2265 1080 2292 Ca.-

1140 2262 1262 2300 δακρύειν
1285 2261 1344 2289 δέον
1362 2261 1425 2298 (64)
1448 2266 1493 2290 καὶ
1516 2265 1611 2290 στένειν
1633 2262 1676 2289 ἐπὶ
1699 2267 1752 2294 τοῖς
1777 2264 1936 2299 φῦάσασινς

256 2309 303 2338 nis
313 2308 496 2337 meretricias
507 2308 683 2342 cantilenas,
695 2308 820 2344 psalmis
830 2308 998 2344 ethymnis,
1006 2317 1085 2344 quos

257 2353 399 2387 didicisti,
409 2353 567 2388 ablegatis.
577 2354 675 2381 Moves
685 2353 790 2389 pedes,
802 2356 831 2381 et
841 2361 925 2382 more
935 2353 1085 2382 insanien-

258 2398 334 2427 tium
345 2397 457 2435 exsilis,
471 2397 618 2434 ducisque
637 2406 714 2434 quas
725 2406 788 2426 non
803 2398 930 2427 deberes
946 2398 1082 2434 choreas,

295 2461 319 2480 ιι
332 2462 393 2491 Isa.
408 2469 437 2496 ν,
453 2461 496 2489 ιι.
535 2460 648 2489 “ibid.

295 2525 353 2561 (59)
368 2526 400 2552 in
414 2525 485 2559 Reg.
501 2524 587 2553 tertio
601 2532 616 2552 e
631 2524 754 2559 regione
769 2523 852 2553 vocis
865 2521 996 2562 διακορεῖς
1010 2524 1086 2588 1οςὶ-

295 2569 309 2588 r
318 2562 508 2588 κεκορεσμένοι.
531 2560 573 2588 sic
589 2562 620 2588 ut
633 2560 780 2588 nosterior
793 2569 853 2588 vox
867 2561 976 2588 nrioris
991 2561 1046 2588 dec
1060 2569 1086 2588 a-

260 2560 309 2589 tur
318 2562 508 2597 κεκορεσμένοι,
531 2560 573 2588 sic
589 2562 620 2588 ut
633 2560 780 2597 posterior
793 2569 853 2589 vox
867 2560 976 2597 prioris
991 2560 1078 2589 decla

259 2597 337 2625 ratio
353 2598 400 2624 sit.

294 2632 351 2667 (60)
371 2632 417 2660 Sic
439 2640 514 2660 mss.
535 2632 631 2660 multi.
653 2631 730 2668 Editi
754 2634 782 2660 et
805 2631 888 2668 Coll).
911 2632 1028 2668 primus
1040 2633 1086 2658 καὶ

260 2666 416 2708 στὰςζΜΟΧ
431 2668 514 2708 Εοῌ).
530 2669 646 2708 primus
659 2666 775 2708 διανέμει
789 2669 831 2694 τόν
843 2666 923 2708 obey;
936 2667 1085 2708 distribuit

257 2704 362 2740 vinum
380 2711 385 2730 :
406 2704 487 2739 quod
505 2703 653 2740 optimum
671 2703 852 2739 judicarem,
868 2703 925 2731 nisi
941 2712 997 2731 vox
1013 2705 1082 2737 ἴσην,

257 2747 326 2780 quas
336 2739 746 2780 in_omnibusmss._le‘gitur,
759 2740 930 2769 necessario
943 2739 1084 2768 substan-

256 2775 351 2803 tivum
367 2775 546 2803 femininum
558 2775 734 2811 postularet.

291 2811 347 2847 (61)
363 2811 444 2840 C011).
461 2811 564 2840 tertius
577 2811 696 2847 ἔφέλκειν.

1139 2308 1265 2345 ’ᾼσματα
1286 2310 1380 2346 πόρνης
1399 2309 1510 2344 φθέγγῃ,
1534 2307 1643 2334 ἐκϐολῶν
1667 2309 1728 2339 τοὺς
1751 2307 1869 2344 ψαλμοὺς
1893 2310 1939 2335 καὶ

1139 2355 1197 2383 τούς
1210 2353 1315 2389 ὕμνους,
1332 2353 1377 2384 οὓς
1392 2351 1551 2389 ὶὸιόαχθης.
1577 2356 1660 2382 Κινιῖς
1674 2351 1768 2385 πόδας,
1788 2355 1832 2390 κρῖ
1847 2353 1936 2390 ἐξοίλλῃ

1140 2397 1258 2434 ἑμμανῶς
1280 2398 1347 2434 (65),
1362 2399 1406 2425 καὶ
1426 2399 1544 2436 χορεύεις
1559 2397 1700 2436 ἀχόρευτα,
1722 2395 1780 2424 δέον
1794 2399 1827 2424 τὰ
1842 2402 1939 2434 γόνατα

1177 2524 1234 2559 (62)
1251 2524 1324 2552 Sunt
1335 2523 1387 2560 qui
1398 2523 1570 2552 existiment
1581 2531 1691 2552 novem
1707 2523 1822 2560 circiter
1833 2523 1940 2553 uncias

1139 2559 1264 2600 liquoris
1278 2560 1319 2600 in.
1334 2559 1435 2600 cotyla
1457 2560 1624 2600 contineri;
1645 2564 1796 2600 quantum
1810 2559 1871 2588 fere
1890 2561 1941 2600 be-

1139 2595 1224 2624 mina
1242 2596 1394 2632 continere
1407 2595 1515 2624 dicitur
1530 2604 1547 2624 a
1562 2595 1747 2632 quibusdam
1765 2605 1772 2629 ;
1787 2603 1844 2624 nec
1858 2595 1941 2624 enim

1140 2639 1176 2660 ea
1187 2631 1224 2659 de
1239 2639 1270 2660 re
1286 2631 1358 2659 satis
1378 2631 1453 2659 inter
1461 2640 1492 2659 se
1508 2631 1690 2660 conveniunt
1703 2632 1823 2660 eruditi.

1175 2669 1233 2703 (63)
1245 2666 1366 2703 Antiqui
1381 2667 1443 2695 duo
1453 2667 1521 2703 libri
1533 2666 1689 2703 ἀποϐᾴλλον.

1175 2701 1232 2738 (Gl)
1246 2701 1447 2740 Reg—primus
1460 2701 1586 2740 daxpﬁuv
1602 2702 1652 2731 δεῖ.

1159 2741 1229 2781 ,(65)
1244 2739 1326 2781 (1011)ἲ
1344 2739 1444 2767 tertius
1455 2738 1580 2776 ἐκμανῶς.
1595 2740 1660 2768 Mox
1672 2739 1753 2769 idem
1766 2738 1862 2768 codex
1875 2741 1942 2777 πρὸς

1137 2783 1182 2805 τας
1197 2784 1328 2805 ποοσκυνη
1334 2783 1396 2806 σεις.
