2059 3136
227 140 278 167 463

916 136 945 164 S.
965 135 1090 163 BASlLll
1108 135 1219 163 MAGNI

1856 137 1910 165 464

228 201 281 238 qui
296 199 456 229 Dominum
472 198 590 231 timetis,
602 199 750 235 quotquot
759 205 840 226 nunc
853 197 890 225 de
901 197 1054 225 actionum

1111 196 1268 224 ἐπλείωσαν.
1301 198 1351 222 Καὶ
1383 196 1444 232 ὑμῖν
1472 198 1558 222 τοίνυν
1584 200 1637 227 τοῖς
1668 197 1833 234 φοϐουμένοις
1862 202 1908 226 τόν

227 245 467 282 improbatarum
478 242 663 279 turpitudine
675 243 824 277 doluistis,
834 241 909 270 illud
921 241 1054 277 praecipi-

227 298 314 318 mus:
335 289 363 317 Si
378 288 510 316 videritis
525 296 602 324 quos
616 287 746 315 stultitiae
762 289 915 322 gestorum
929 294 1053 314 suorum

227 335 380 371 poeniteat,
395 341 500 361 eorum
512 332 716 360 misereamini
726 334 873 368 tanquam
883 334 1053 359 vestrorum

227 379 435 408 membrorum
454 377 685 413 tegrotautium:
709 377 755 404 sin
768 376 938 413 pervicaces
957 383 992 403 ac
1004 383 1054 403 ve-

227 426 320 452 stram
340 431 395 459 pro
411 422 486 459 ipsis
506 422 679 450 maestitiam
703 423 890 458 spernentes,
914 421 1004 449 Exite
1018 420 1054 448 de

226 469 323 497 medio
333 475 447 502 eorum,
459 470 487 495 et
498 467 689 501 separemini,
702 469 729 494 et
742 466 925 494 immundum
940 473 978 493 ne
988 468 1053 493 tan-

226 512 357 547 gatis“:
383 511 473 539 utsic
497 511 539 539 illi
563 511 686 547 quidem
709 510 826 546 pudore
842 510 948 544 affecti,
966 518 1053 538 suam

225 556 362 592 ipsorum
377 555 558 592 pravitatem
573 558 774 590 cognoscant:
790 563 844 583 vos
859 563 930 583 vero
943 563 1054 583 merce-

226 600 297 628 dem
306 600 506 628 semulationis
516 600 640 628 Phinees
651 599 840 636 recipiatis“,
849 599 1053 635 justojudicio

225 645 276 672 Dei
293 652 327 672 ac
342 644 504 672 Salvatoris
519 645 612 672 nostri
627 645 697 672 Jesu
716 644 833 678 Christi,
850 644 898 672 cui
918 643 1013 678 gloria
1026 645 1054 672 et

225 688 388 725 imperium
401 689 432 716 in
449 688 560 716 saecula
575 688 766 717 saeculorum.
782 691 887 716 Amen.

225 736 271 760 καὶ
285 735 314 760 τὸ
329 734 425 770 κράτος
439 733 473 764 εἰς
488 734 549 765 τούς
564 733 656 764 αἰῶνας
671 737 721 760 τῶν
735 733 842 761 αἰώνων.
856 733 948 769 Ἀμήν.

524 837 670 865 HOMlLlA
700 837 754 865 XV.

573 882 618 909 De
636 881 706 916 ﬁde.

263 928 288 955 1.
306 926 357 955 Dei
371 925 496 962 quidem
506 926 617 961 jugiter
629 925 814 959 meminisse,
829 933 878 954 res
893 925 944 962 pia
958 927 1014 959 est,
1028 926 1057 953 et

225 979 288 1008 qua
302 971 354 999 Dei
364 978 471 999 amans
484 970 604 998 animus
616 978 775 1006 nunquam
791 970 970 998 exsatiatur:
988 977 1056 1006 quin

225 1024 314 1044 verso
333 1018 403 1044 sunt
415 1016 476 1051 Dei,
492 1024 633 1044 sermone
644 1016 788 1052 prosequi
808 1015 909 1043 audax
921 1017 1056 1050 coeptum

225 1061 334 1095 fuerit;
351 1069 420 1089 cum
435 1068 522 1088 mens
537 1062 640 1088 nostra
650 1059 743 1096 longo
755 1059 914 1088 intervallo
927 1068 944 1088 a
954 1067 1056 1087 rerum

225 1105 369 1142 dignitate
385 1105 474 1138 absit,
497 1112 665 1140 rursusque
683 1112 782 1132 sermo
798 1104 926 1132 obscure
946 1112 981 1132 ac
1000 1103 1056 1131 im-

224 1150 353 1188 perfecte
368 1149 518 1178 intellecta
533 1149 692 1185 exprimat.
714 1149 818 1185 itaque
842 1149 868 1177 si
891 1149 1056 1183 intelligen-

225 1196 298 1224 tiam
321 1197 458 1223 nostram
482 1194 571 1229 longe
597 1196 717 1230 superet
738 1202 839 1222 rerum
863 1193 1054 1228 magnitudo,

225 1248 325 1268 sermo
340 1242 442 1268 autem
455 1239 494 1268 ab
506 1239 573 1275 ipsa
588 1238 782 1274 intelligentia
797 1241 962 1275 superetur,
978 1246 1055 1274 quo-

225 1285 318 1314 modo
332 1285 417 1313 silere
433 1292 556 1312 necesse
569 1292 631 1312 non
642 1283 740 1317 fuerit,
755 1291 793 1312 ne
806 1284 881 1312 forte
897 1283 1054 1318 theologia

225 1330 357 1365 dignitas
370 1338 407 1358 ex
422 1329 585 1357 verborum
610 1328 753 1357 tenuitate
772 1328 932 1364 periclitari
956 1329 1054 1356 videa-

225 1375 295 1404 tur?
317 1375 367 1402 Dei
380 1374 504 1410 quidem
520 1373 615 1408 gloria
637 1372 787 1401 efﬁciendi
809 1373 920 1409 cupido
933 1373 1056 1409 quibus-

224 1420 273 1449 vis
288 1419 405 1448 ratione
418 1418 553 1455 praeditis
571 1418 660 1446 insita
675 1420 704 1446 et
724 1421 850 1446 natura:
877 1418 930 1446 sed
945 1418 986 1446 rei
1001 1425 1055 1454 pro

226 1464 372 1500 dignitate
387 1464 551 1492 tractandae
562 1463 696 1499 impares
709 1465 778 1491 sunt
788 1471 824 1491 ex
836 1471 924 1499 aequo
935 1470 1053 1490 omnes.

1111 242 1215 278 Κύριον,
1241 241 1298 267 ὅσοι
1317 245 1361 267 νῦν
1377 240 1582 277 ἐπεστυγνάσατα
1608 241 1649 268 ἐπὶ
1672 246 1702 278 τῇ
1726 242 1906 281 ἀσχημοσύνῃ

1107 289 1156 311 τῶν
1189 286 1440 322 καταγνωσθέντων,
1482 285 1561 312 ἐκεῖνο
1595 284 1817 323 διαστελλόμεθα·
1846 289 1905 315 Ἐὰν

1108 331 1152 366 μὲν
1167 329 1243 360 ἴδητε
1270 334 1456 367 μετανοοῦντας
1481 329 1523 357 ἐπὶ
1548 335 1579 367 τῇ
1608 330 1703 367 ἀτοπίᾳ
1726 336 1774 358 τῶν
1801 343 1904 372 πιπρα-

1107 377 1215 411 γμένων,
1247 376 1439 411 συμπαθήσατε
1471 377 1503 405 ὡς
1533 376 1637 406 οἰκείοις
1672 376 1760 412 μελεσι
1795 388 1904 408 νενοση-

1107 422 1191 446 κόσιν·
1220 420 1263 446 ἐὰν
1286 418 1316 446 δὲ
1344 418 1620 457 ἀπαυθαδιαζομένους
1643 424 1687 447 καὶ
1715 427 1904 460 καπαφρονοῦν-

1107 474 1150 495 τας
1164 469 1209 495 τῆς
1233 465 1354 503 ὑμετέρας
1382 464 1419 492 ἐπ’
1444 465 1529 495 αὐτοῖς
1547 465 1639 500 λύπης,
1667 466 1790 498 Ἐξέλθετε
1805 468 1860 504 (⁵70)
1879 468 1906 494 ἐκ

1107 511 1188 546 μέσου
1218 509 1312 544 αὐτῶν,
1341 511 1386 536 καὶ
1414 509 1582 547 ἀφορίσθητε,
1614 512 1659 537 καὶ
1690 509 1841 549 ἀκαθάρτου
1870 515 1905 549 μὴ

1107 553 1229 580 ἅπτεσθε·
1247 555 1288 580 ἶνα
1313 554 1391 584 οὕτως
1412 555 1436 580 oi
1457 556 1502 590 μὲν
1526 554 1685 592 ἐντραπέντες
1712 556 1746 586 εἰς
1769 555 1910 592 ἐπίγνωσιν

1107 597 1202 624 ἔλθωσι
1213 603 1257 628 τῆς
1268 598 1361 628 οἰκείας
1371 600 1474 630 κακίας·
1488 599 1558 635 ὑμεῖς
1574 598 1603 626 δὲ
1617 603 1662 626 τοῦ
1674 600 1754 630 ζήλου
1770 605 1814 627 τοῦ
1830 603 1910 632 Φινεὲς

1107 644 1152 668 τὸν
1176 644 1271 679 μισθὸν
1298 641 1471 678 ὑποδέξησθε,
1501 642 1548 670 διὰ
1570 647 1614 673 τῆς
1644 642 1839 682 δικαιοκρισίας
1863 649 1908 672 τοῦ

1108 691 1175 714 Θεοῦ
1190 689 1235 714 καὶ
1253 691 1371 726 Σωτῆρος
1394 689 1467 724 ἡμῶν
1493 687 1581 718 Ἰησοῦ
1605 693 1732 726 Χριστοῦ,
1805 691 1821 719 ἡ
1845 689 1911 722 δόξα

1420 839 1542 863 OMIAIA
1570 836 1618 865 lE’.

1373 883 1435 918 Περὶ
1454 883 1563 912 πίστεως
1579 882 1648 918 (71).

1147 928 1171 954 1.
1189 929 1255 953 Θεοῦ
1270 927 1419 962 μεμνῆσθαι
1438 928 1482 964 μὲν
1499 924 1632 963 διηνεκῶς,
1651 927 1750 958 εὐσεϐὲς
1770 929 1815 954 καὶ
1832 930 1905 966 κόρον

1109 970 1156 996 οὐκ
1178 971 1239 1007 ἕχον
1262 974 1293 1007 τῇ
1322 970 1429 1007 φιλοθέῳ
1458 971 1546 1007 ψυχῇ·
1576 971 1645 1007 λόγῳ
1674 970 1704 998 δὲ
1726 970 1849 1004 διεξιέναι
1875 974 1908 999 τὰ

1109 1017 1168 1052 περὶ
1196 1018 1274 1048 Θεοῦ,
1296 1015 1435 1053 τολμηρόν
1471 1020 1515 1046 τῆς
1544 1017 1588 1052 μὶν
1618 1014 1732 1047 διανοίας
1759 1017 1846 1052 πολλῷ
1873 1022 1908 1053 τῷ

1109 1062 1193 1096 μέτρῳ
1225 1063 1270 1090 τῆς
1307 1059 1381 1091 ἀξίας
1411 1064 1462 1086 τῶν
1494 1062 1652 1097 παργμάτων
1685 1061 1907 1097 ἀποπιπτούσης,

1108 1104 1184 1131 mihi:
1209 1103 1239 1130 δὲ
1261 1108 1307 1131 τοῦ
1334 1104 1412 1140 λόγου
1438 1103 1561 1142 ἀμυδρῶς
1592 1110 1769 1142 παριστῶντος
1793 1109 1827 1133 τὰ
1851 1117 1910 1136 νοη-

1111 1149 1194 1176 θέντα.
1220 1149 1251 1175 Εἰ
1277 1149 1320 1175 οὖν
1341 1150 1356 1178 ἠ
1387 1151 1431 1185 μὲν
1455 1147 1559 1176 διάνοια
1585 1151 1658 1186 ἡμῶν
1686 1152 1759 1189 παρὰ
1785 1151 1848 1178 πολὺ
1863 1155 1909 1178 τοῦ

1109 1195 1231 1230 μεγέθους
1257 1198 1307 1220 τῶν
1336 1195 1497 1231 πραγμάτων
1522 1193 1737 1231 ἀπολιμπάνεται,
1760 1196 1773 1222 ὁ
1793 1194 1822 1222 δὲ
1834 1196 1909 1232 λόγος

1109 1238 1219 1265 ἐλάττων
1242 1237 1298 1265 ἐστὶ
1323 1241 1367 1265 καὶ
1393 1239 1472 1270 αὐτῆς
1489 1244 1535 1269 τῆς
1560 1237 1676 1270 διανοίας
1690 1240 1766 1276 (71⁸)·
1786 1245 1838 1271 πῶς
1863 1241 1910 1267 οὐκ

1110 1282 1240 1319 ἀναγκαία
1271 1284 1286 1312 ἠ
1321 1285 1427 1317 σιωπὴ,
1462 1286 1562 1320 μήποτε
1595 1284 1619 1310 ἐν
1648 1289 1679 1321 τῇ
1710 1289 1759 1311 τῶν
1784 1285 1909 1323 ῥημάτων

1111 1328 1222 1364 εὐτελείᾳ
1246 1326 1310 1364 δόξῃ
1333 1327 1491 1355 κινδυνεύειν
1513 1333 1558 1359 τῆς
1589 1329 1720 1366 θεολογίας
1742 1332 1771 1356 τὸ
1802 1331 1906 1367 θαῦμας

1108 1372 1137 1399 Ἦ
1153 1374 1198 1409 μὲν
1221 1373 1264 1399 οὖν
1286 1376 1332 1399 τοῦ
1355 1371 1476 1404 δοξάζειν
1491 1375 1534 1400 τὸν
1559 1375 1622 1401 Θεὸν
1638 1374 1765 1412 ίπιθυμία
1776 1378 1844 1402 πᾶσι
1857 1380 1909 1406 τοῖς

1108 1417 1221 1453 λογικοῖς
1236 1418 1291 1453 (72)
1325 1418 1392 1444 κατὰ
1419 1419 1496 1454 φύσιν
1525 1417 1691 1456 ἐνέσπαρται·
1719 1424 1765 1446 τοῦ
1796 1418 1825 1446 δὲ
1846 1422 1909 1458 πρὸς

1110 1460 1184 1493 ἀξιαν
1210 1461 1288 1488 εἰπεῖν
1313 1463 1403 1492 πάντες
1429 1463 1523 1498 ὁμοίως
1552 1462 1782 1499 ὰπολιμπάνονται.
1812 1467 1849 1501 Τῇ
1880 1463 1909 1491 δὲ

228 1511 410 1546 Quanquam
423 1511 524 1536 autem
536 1508 652 1544 pietatis
664 1507 762 1536 studio
778 1507 853 1535 alter
865 1507 949 1535 alteri
964 1516 1055 1544 praes-

1111 1509 1168 1544 περὶ
1191 1508 1239 1535 τὴν
1267 1506 1397 1533 εὐσέϐειαν
1420 1508 1555 1544 προθυμία
1583 1508 1663 1545 ἔτερος
1692 1508 1776 1546 ἑτέρου
1797 1507 1910 1538 διενηνό-

227 1558 342 1583 tamus:
354 1561 444 1581 nemo
459 1555 561 1581 tamen
571 1553 613 1580 ita
627 1552 753 1585 caecutit,
768 1560 860 1588 seque
874 1552 915 1581 ita
929 1552 1055 1586 seducit,

232 1599 287 1634 13
295 1600 316 1633 ι
328 1600 361 1626 ut
368 1598 407 1626 ad
416 1605 570 1626 summum
580 1597 859 1633 comprehensionis
870 1597 985 1634 apicem
992 1605 1056 1634 per-

228 1643 349 1672 venisse
363 1650 396 1670 se
411 1642 572 1676 existimet;
588 1642 650 1670 imo
665 1644 780 1678 quanto
795 1642 893 1677 magis
907 1642 1059 1670 videbitur

230 1687 401 1723 cognitione
408 1695 444 1715 ac
453 1687 577 1715 scientia
583 1687 825 1723 proticere,tanto
834 1687 965 1722 amplius
971 1695 1058 1715 suam

231 1732 466 1762 imbecillitatem
490 1732 605 1760 sentiet.
628 1732 706 1760 Talis
728 1734 793 1760 erat
807 1732 971 1766 Abraham,
992 1732 1059 1760 talis

232 1780 295 1808 erat
305 1779 436 1813 Moyses:
447 1777 559 1813 quibus
569 1785 639 1804 cum
650 1776 733 1804 licuit
743 1778 836 1804 Deum
846 1777 958 1812 videre,
966 1785 1061 1813 quan-

232 1825 298 1852 tum
312 1822 415 1851 videre
429 1822 546 1850 homini
567 1821 614 1849 fas
629 1824 683 1857 est,
703 1823 774 1849 tunc
789 1821 920 1849 maxime
935 1824 1060 1858 uterque

232 1867 380 1896 humilem
395 1875 428 1894 se
442 1866 588 1903 praestitit.
610 1866 766 1894 Abraham
783 1866 907 1902 quidem
925 1867 1063 1894 nominat

234 1914 330 1940 semet
348 1913 457 1939 terram
476 1919 512 1938 ac
532 1910 663 1938 cinerem
674 1910 713 1938 55:
730 1911 845 1946 Moyses
857 1918 929 1938 vero
945 1918 976 1938 se
991 1910 1063 1938 dicit

234 1955 389 1984 hominem
410 1962 484 1983 voce
504 1954 608 1990 gracili
622 1956 651 1981 et
663 1953 769 1988 lingua
783 1954 914 1982 tarda“.
938 1954 1063 1983 Videbat

235 2000 317 2029 enim
332 2007 400 2027 eam
414 2007 479 2027 esse
491 1999 604 2033 linguae
618 1998 815 2032 debilitatem,
828 2006 896 2034 quae
908 2007 1007 2026 rerum
1018 1999 1063 2026 in-

235 2044 423 2074 tellectarum
438 2043 640 2078 magnitudini
653 2042 830 2071 enarrandee
844 2043 987 2072 inservire
999 2051 1061 2072 non

236 2091 351 2126 posset.
370 2088 428 2117 Sed
441 2088 514 2125 quia
529 2088 611 2116 auris
626 2089 726 2117 omnis
745 2095 826 2116 nunc
840 2091 944 2124 aperta
958 2092 1002 2117 est
1022 2088 1062 2118 ad

237 2133 422 2169 theologiam
431 2133 626 2167 audiendam,
641 2141 696 2161 nec
707 2133 839 2161 Ecclesia
850 2133 974 2162 satiatur
985 2133 1062 2169 ejus-

237 2179 321 2208 modi
329 2178 545 2214 auditionibus,
550 2178 736 2206 conﬁrmans
746 2178 828 2214 quod
840 2178 879 2206 ab
887 2178 1062 2207 Ecclesiaste

237 2224 352 2253 dictum
361 2225 420 2252 est:
431 2224 500 2252 Non
511 2223 685 2258 implebitur
694 2224 778 2252 auris
794 2223 902 2252 auditu
913 2224 947 2258 ⁵⁷,
963 2224 1062 2253 dicere

273 2300 298 2318 ⁵³
315 2299 371 2328 Isa.
386 2308 432 2334 LII,
451 2302 480 2327 11
495 2308 502 2333 ;
524 2300 588 2328 Cor.
601 2307 642 2334 vt,
658 2301 702 2329 17.
740 2300 763 2317 ⁸⁸
779 2301 866 2328 Num.
882 2308 950 2335 xxv,
968 2303 1013 2329 11.

273 2363 329 2400 (70)
345 2362 428 2400 Colb.
445 2362 546 2390 tertius
569 2366 616 2393 τῆς
638 2363 811 2400 ᾑμετέρας....
827 2363 966 2397 αἴσθησθε,
990 2363 1059 2395 ἐξέλ-

238 2398 310 2427 om.
321 2398 385 2427 ἈΙὶὶ
401 2399 462 2426 duo
477 2406 551 2430 mss.
568 2401 596 2426 et
611 2398 681 2426 editi
697 2398 729 2426 ut
741 2399 771 2426 in
787 2401 937 2428 contextu.

273 2437 328 2469 (7t)
344 2435 418 2462 Vide
433 2434 510 2462 infra
525 2434 800 2469 interpretationem
817 2434 924 2462 Ruﬁni.
942 2436 1017 2463 EmT.

283 2472 340 2506 71')
354 2470 429 2499 Illud
451 2471 463 2496 6
488 2469 517 2496 δὲ
536 2468 611 2506 λόγος
631 2468 739 2496 ἐλάττων
766 2469 821 2496 ἐστὶ
841 2472 885 2496 καὶ
906 2471 988 2501 αὐτῆς
1014 2475 1062 2502 τῆς

235 2504 364 2546 διανοίας,
381 2507 433 2541 sic,
449 2506 537 2546 yelim
554 2504 704 2546 accipias:
727 2507 843 2546 .Itursus
863 2507 887 2534 si
907 2515 1005 2546 sermo
1024 2515 1062 2534 ne

234 2544 401 2581 exprimere
412 2542 535 2578 quidem
544 2542 638 2578 possit
647 2550 715 2577 quae
725 2542 897 2578 imperfecte
911 2542 1062 2571 intellectu

234 2580 387 2608 consecuti
402 2586 518 2606 sumus.

270 2617 326 2650 (72)
351 2614 446 2642 Editio
469 2613 560 2642 Paris.
581 2615 609 2641 et
633 2613 714 2641 Colb.
738 2613 854 2649 primus
877 2613 993 2649 λογικοῖς
1015 2616 1060 2640 καὶ

234 2649 346 2686 ἀλόγοις,
363 2652 479 2678 ratione
492 2649 638 2684 praeditis,
654 2650 801 2686 eteadem
819 2650 1001 2686 carentibus.
1026 2653 1062 2678 At

231 2685 317 2720 illud,
333 2689 378 2712 καὶ
393 2685 505 2721 ἀλόγοις,
523 2686 607 2713 deest
619 2685 649 2712 in
665 2685 794 2712 editione
807 2685 893 2721 Basil.
906 2686 973 2713 etin
984 2693 1059 2721 qua-

231 2725 300 2752 tuor
314 2721 396 2749 libris
412 2721 577 2757 veteribus:
592 2721 675 2757 quod
688 2720 796 2748 melius
810 2720 907 2748 visum
921 2724 973 2748 est.

267 2758 335 2792 (72')
350 2756 580 2793 Utraqueeditiq
588 2756 748 2793 τετύφλωται
762 2758 818 2790 καί,
832 2757 900 2791 etc.,
911 2757 954 2784 ita
967 2765 1059 2785 caecu-

230 2795 277 2824 ιιι.
294 2793 396 2824 Codex
409 2792 496 2822 Coisl.
512 2795 540 2820 et
555 2792 605 2820 alii
620 2794 678 2820 tres
691 2793 844 2828 τετύφωται,
859 2794 927 2826 etc.,
951 2793 995 2821 ita
1009 2801 1059 2822 su-

1056 2301 1079 2319 ⁸⁵
1096 2302 1166 2330 Gen.
1183 2310 1261 2337 xvnx,
1275 2304 1318 2329 27.

1110 1561 1206 1588 χαμεψ
1230 1549 1315 1582 οὐδεὶς
1335 1550 1364 1577 δὲ
1388 1552 1468 1582 οὕτως
1493 1551 1661 1588 τετυφλωται,
1689 1556 1734 1580 καὶ
1755 1553 1822 1590 (72')
1848 1564 1910 1592 φρε-

1110 1599 1214 1631 ναπατᾷ
1229 1595 1330 1630 ἑαυτὸν,
1353 1597 1420 1622 ὥστε
1443 1597 1544 1622 οἴεσθαι
1571 1596 1612 1623 ἐπὶ
1635 1599 1664 1624 τὸ
1690 1597 1831 1636 ἀκρότατον
1852 1598 1911 1625 ἀνα-

1112 1640 1248 1669 ϐεϐηκέναι
1272 1645 1318 1672 τῆς
1353 1640 1531 1676 καταλήψεως·
1564 1640 1617 1668 ἀλλ’
1651 1644 1750 1679 ὅσῳπερ
1783 1643 1813 1669 ἆν
1845 1642 1910 1680 δόξῃ

1111 1687 1265 1723 προκόπτειν
1290 1685 1333 1712 ἐπὶ
1355 1688 1403 1714 τὴν
1425 1690 1533 1721 γνῶσιν,
1562 1688 1678 1723 τοσούτῳ
1699 1687 1770 1714 πλέον
1786 1689 1843 1723 (73)
1863 1689 1911 1714 οὔ-

1111 1734 1156 1756 τοῦ
1171 1734 1217 1761 τῆς
1244 1729 1376 1761 ἀσθενείας
1398 1730 1566 1759 αἰσθήσεται.
1581 1734 1702 1762 Τοιοῦτος
1728 1730 1758 1761 ἧν
1781 1732 1912 1771 Ἀϐραὰμ,

1113 1779 1228 1806 τοιοῦτος
1256 1773 1287 1804 ἧν
1315 1779 1439 1806 Μωῡσῆς-
1470 1777 1512 1802 ὅτε
1543 1774 1608 1803 ἰδεῖν
1634 1778 1698 1804 Θεὸν
1726 1776 1911 1811 ἠδυνήθησαν,

1114 1821 1147 1850 ὡς
1163 1819 1226 1846 ἰδεῖν
1245 1818 1356 1846 δυνατόν
1376 1819 1512 1858 ἀνθρώπῳ,
1527 1823 1585 1847 τὸτι
1605 1821 1722 1848 πάλιστα
1736 1822 1826 1849 ἑαυτὸν
1849 1823 1912 1849 ἐκά-

1114 1875 1183 1903 τερος
1212 1864 1380 1896 ἐξηυτιέλιζεν⁸
1410 1866 1423 1890 ό
1447 1866 1493 1902 μὲν
1519 1865 1639 1903 Ἀϐραὰμ
1665 1870 1715 1902 γῆν
1739 1869 1783 1894 καὶ
1813 1866 1912 1894 σποδὸν

1114 1911 1183 1946 (73’)
1215 1910 1304 1937 ἑαυτὸν
1330 1910 1473 1947 ὀνομάζων,
1509 1911 1521 1936 ὁ
1553 1909 1583 1937 δὲ
1608 1914 1722 1942 Μωυσῆς
1752 1912 1911 1948 ἰσχνόφωνον

1115 1955 1194 1991 λέγων
1220 1957 1265 1981 καὶ
1294 1953 1516 1992 βραδύγλωσσον.
1540 1955 1622 1992 Ἐώρα
1645 1957 1696 1993 γὰρ
1719 1961 1768 1988 τῆς
1790 1956 1913 1993 γλώσσης

1116 2000 1195 2030 αὐτου
1219 2001 1248 2026 τὸ
1269 1999 1381 2033 ἀσθενὲς,
1402 2000 1537 2038 ὑπηρετεῖν
1559 2004 1596 2035 τῷ
1619 2001 1719 2037 μεγέθει
1744 2005 1791 2027 τῶν
1812 2003 1913 2032 νοηθέν-

1115 2055 1163 2072 των
1192 2047 1228 2081 μὴ
1257 2043 1411 2081 δυναμένης.
1443 2045 1512 2074 Πλὴν
1539 2044 1592 2071 ἀλλ’
1622 2044 1712 2075 ἐπειδή
1741 2049 1817 2073 πᾶσα
1847 2046 1911 2077 ἀκοὴ

1117 2092 1236 2119 ἧνοικται
1265 2094 1309 2116 νῦν
1343 2090 1406 2128 πρὸς
1441 2089 1574 2126 θεολογίας
1601 2089 1737 2128 ἀκρόασιν,
1772 2094 1817 2118 καὶ
1840 2094 1914 2129 κόρος

1117 2135 1163 2161 οὐκ
1191 2136 1248 2161 ἔστι
1273 2139 1304 2171 τῇ
1332 2134 1475 2171 Ἐκκλησία
1501 2138 1551 2161 τῶν
1579 2136 1702 2162 τοιούτων
1731 2135 1911 2173 ἀκροαμάτων,

1118 2179 1261 2217 βεϐαιούσῃ
1278 2181 1322 2207 τὸν
1337 2183 1383 2206 τοῦ
1400 2177 1606 2209 Ἐκκλησιαστοῦ
1630 2180 1715 2216 λόγον,
1732 2181 1770 2207 ὅτι
1785 2181 1822 2207 Οὐ
1843 2181 1913 2211 πλη-

1116 2226 1263 2262 ρωθήσεται
1300 2223 1342 2256 οὖς
1387 2224 1436 2252 ἀπὸ
1475 2224 1644 2263 ἀκροάσεως,
1681 2225 1819 2262 ἀναγκαῖον
1856 2226 1914 2253 λέ-

1358 2302 1381 2320 “
1398 2301 1491 2330 Exod.
1507 2310 1548 2334 iv,
1566 2304 1608 2331 to.

1110 2365 1221 2402 perbit.
1233 2366 1303 2401 Reg.
1318 2365 1470 2393 secundus
1491 2364 1648 2402 τετύφλωται
1669 2366 1735 2392 ὥστε
1751 2368 1914 2402 φρεναπατᾷν

1117 2401 1207 2427 ἑαυτὸν
1222 2403 1266 2434 ὡς,
1278 2404 1306 2428 et
1319 2402 1361 2429 ita
1373 2409 1494 2437 quoque
1503 2401 1611 2436 legitur
1620 2401 1650 2429 in
1662 2401 1847 2437 Reg.primo,
1861 2402 1915 2429 sed

1117 2436 1256 2464 secundis
1269 2437 1347 2464 curis
1360 2436 1515 2465 duntaxat.
1529 2437 1611 2465 Colb.
1627 2436 1748 2473 primus
1756 2437 1915 2473 τετύφλωται

1116 2473 1182 2510 ὥστε
1206 2476 1366 2510 φρεναπατῴ
1389 2473 1490 2510 ἑαυτὸν,
1507 2473 1583 2510 ὥστε.
1612 2473 1736 2501 Difﬁcile
1756 2473 1838 2500 dictu
1859 2475 1913 2508 est,

1116 2508 1306 2544 scripseritne
1333 2509 1459 2536 Basilius
1485 2508 1655 2544 τετύφλωται.
1683 2516 1720 2536 an
1748 2510 1914 2544 τετύφωταιε

1116 2544 1257 2580 εθᾶγδὶῃθ
1274 2544 1407 2580 periculo
1431 2544 1693 2572 indiscriminatim
1714 2545 1773 2572 hoc
1795 2547 1847 2572 aut
1864 2544 1915 2573 illo

1114 2579 1207 2607 modo
1217 2579 1282 2614 legi
1290 2582 1398 2616 potest.

1150 2616 1207 2653 (7_3)
1222 2615 1304 2653 Crole
1321 2616 1437 2652 primus
1448 2617 1564 2652 τοσούτῳ
1579 2615 1683 2653 μᾶλλον.
1701 2615 1817 2644 Ibidem
1830 2615 1914 2644 Colb.

1114 2651 1216 2679 tertius
1233 2651 1335 2679 ἑαυτοῦ.

1150 2687 1217 2720 (73“)
1232 2686 1308 2715 Editi
1321 2692 1371 2723 γῆν
1391 2687 1480 2714 ἑαυτὸν
1494 2689 1539 2714 καὶ
1557 2686 1665 2716 σποδόν.
1682 2688 1719 2715 At
1740 2695 1812 2716 mss.
1827 2689 1860 2715 ut
1883 2687 1915 2715 in

1113 2725 1267 2767 contentu,
1285 2723 1347 2764 alio
1362 2724 1477 2752 ordine.
1493 2724 1653 2761 Aliquanto
1667 2725 1736 2760 post
1755 2723 1837 2752 Colb.
1854 2723 1915 2759 pri-

1113 2766 1182 2786 mus
1199 2766 1262 2787 ακοη
1280 2769 1413 2795 ανεῳκται.

1647 2303 1669 2321 ⁵⁷
1685 2302 1781 2333 Eccle.
1795 2311 1815 2337 ι,
1833 2304 1859 2331 8.
