2059 3136
154 141 206 169 465

155 212 208 239 γιιν
223 201 279 237 (74)
295 199 328 230 εἰς
353 198 474 236 δύναμιν.
490 201 612 238 Ἐροῦμεν
637 199 675 235 δὲ,
693 202 745 238 οὐχ
768 203 828 232 ὅσος
852 203 921 228 ἐστὶν
937 202 950 227 ὁ
965 202 989 229 Α

156 248 226 279 Θεὸς,
241 244 302 272 ἀλλ’
318 245 378 271 ὅσον
402 246 465 280 ἡμῖν
486 244 597 281 ἐφικτόν.
623 245 693 273 Οὑδὲ
717 248 777 284 γὰρ,
794 245 885 275 ἐπειδὴ
908 248 951 272 τὸν

154 291 248 328 μεταξύ
277 290 388 327 οὐρανοῦ
410 292 455 316 καὶ
481 294 529 325 ’γῆς
555 292 632 316 τόπον
657 289 782 320 διαϐῆναι
808 291 865 317 ὅλον
897 295 952 321 τοῖς

153 336 296 372 ὀφθαλμοῖς
329 333 516 370 ἀδυνατοῦμεν,
547 333 600 364 ἤδη
644 338 688 362 καὶ
725 338 785 362 ὅσον
818 335 953 372 δυνάμεθα

152 381 267 418 καθορᾴν
294 379 508 416 παραιτώμεθα·
539 378 606 405 οὓτω
631 383 675 406 καὶ
703 384 747 406 νῦν
774 379 820 407 διὰ
852 385 952 418 μικρῶν

151 425 275 463 ῥημάτων
318 425 365 452 τὴν
403 423 533 450 εὐσέϐειαν
568 423 817 461 ἀποπληρὼσωμεν,
850 429 886 460 τῷ
922 423 952 451 δὲ

153 469 279 506 μεγαλιίῳ
313 472 359 498 τῆς
391 469 490 504 φύσεως
527 472 745 506 συγχωρήσωμεν
778 471 848 506 ἔχειν
885 470 952 496 κατὰ

152 515 246 544 παντὸς
259 513 339 548 λόγου
360 514 394 539 τὰ
416 515 566 550 νικητήρια.
584 512 654 541 Οὐδὲ
675 515 726 551 γὰρ
754 515 781 540 αἱ
801 518 851 540 τῶν
878 514 952 550 ἀγγέ-

153 558 202 584 λων
227 557 347 593 γλῶσσαι
369 558 437 593 (75),
460 558 553 588 αἰτινές
576 560 638 585 ποτέ
664 559 738 592 εἰσιν,
764 557 826 585 οὖδέ
849 560 876 585 αἱ
901 562 952 585 τῶν

153 602 334 640 ἀρχαγγέλου,
358 603 423 638 μετὰ
448 603 538 634 πάσης
559 603 625 639 ὁμοῦ
651 608 698 635 τῆς
724 603 830 640 λογικῆς
853 605 952 640 φύσεως

155 648 332 684 συναχθεῖσαι
361 647 505 674 πολλοστοῦ
536 650 629 685 μέρους
656 648 790 684 ἐφικέσται
820 647 951 678 δυνήσον-

153 702 208 725 ται,
232 694 268 728 μὴ
294 693 334 718 ὅτι
356 695 392 727 τῷ
418 694 495 718 παντὶ
523 693 618 724 ἑαυτὰς
644 692 779 724 ἐξισῶσαι.
808 695 841 720 Σὺ
866 691 905 727 δὲ,
931 693 952 720 εὶ

154 737 242 774 βούλει
264 739 323 772 περὶ
345 740 412 764 Θεοῦ
433 736 515 773 λέγειν
537 747 562 764 τι
586 738 601 767 ἣ
626 737 738 772 ἀκούειν,
755 739 815 774 ἄφες
829 740 858 764 τὸ
875 742 952 775 σῶμα

155 785 274 816 σεαυτοῦ,
299 782 361 818 ἄφες
386 782 433 813 τὰς
469 784 619 819 σωματικὰς
647 783 793 817 αἰσθήσεις,
814 783 952 810 κατάλειπε

152 829 199 856 τὴν
219 830 279 862 γῆν,
302 826 440 854 κατάλειπε
464 827 518 863 (76)
531 829 578 856 τὴν
603 827 747 862 θάλασσαν,
775 829 846 854 κάτω
872 838 950 854 σεαυ-

151 871 197 899 τοὺ
227 873 338 900 ποίησον
369 873 414 898 τὸν
439 871 510 910 ἀέρα,
546 871 705 909 παράδραμε
746 873 822 910 ὧρας,
854 877 986 910 καιρῶνΒ

152 916 289 949 εὐταξίας,
316 916 361 946 τὰς
393 919 453 954 περὶ
490 921 540 953 γῆν
578 915 785 953 διακοσμήσας·
816 917 879 954 ὑπὲρ
907 919 950 943 τὸν

153 961 244 998 αἰθέρα
258 965 349 997 γενοῦ·
367 959 478 990 διάϐηθι
499 963 559 992 τοὺς
583 961 704 999 ἀστέρας,
720 963 753 988 τὰ
774 964 832 1000 περὶ
857 962 951 993 αὐτούς

154 1007 291 1042 θαύματα,
323 1008 371 1035 τὴν
407 1006 548 1043 εὐκοσμίαν
575 1006 678 1041 αὐτῶν,
706 1007 739 1033 τὰ
767 1008 880 1043 μεγέθη,
907 1008 952 1037 τὰς

151 1053 243 1088 χρείας
257 1052 322 1082 ὅσας
346 1053 508 1088 παρέχονται
530 1055 567 1087 τῷ
586 1054 673 1085 παντὶ,
689 1054 735 1081 τὴν
751 1051 888 1087 εὐταξίαν,
905 1054 952 1081 τὴν

151 1096 338 1133 λαμπρότητα,
366 1098 413 1125 τὴν
451 1097 539 1130 θέσιν,
566 1099 614 1126 τὴν
642 1099 763 1126 κίνησιν·
794 1097 860 1127 ὅπως
888 1099 953 1134 πρὸς

152 1140 276 1172 ἀλλήλους
298 1143 417 1177 σχέσεως
430 1142 445 1171 ἣ
469 1141 639 1173 ἀποστάσεως
664 1142 768 1178 ἔχουσι.
787 1143 874 1168 Ηάντα
896 1140 954 1168 δια-

153 1185 197 1217 ϐὰς
218 1190 254 1221 τῷ
280 1186 359 1222 λόγῳ,
382 1188 427 1212 τὸν
451 1186 559 1223 οὐρανὸν
583 1186 743 1224 ὑπερκύψας,
768 1189 812 1213 καὶ
837 1187 954 1225 ὑπεράνω

151 1232 246 1257 τούτου
272 1232 413 1267 γενόμενος,
440 1231 505 1267 μόνῃ
536 1229 640 1268 διανοίᾳ
667 1231 820 1268 περίϐλεψαι
844 1232 877 1257 τὰ
903 1231 954 1257 ἐκεῖ

151 1275 242 1310 κάλλη,
267 1277 390 1312 στρατιὰς
414 1275 591 1312 ἕπουρανίους,
619 1279 802 1313 χοροστασίας
826 1276 953 1313 ἀγγέλων,

149 1321 194 1351 τὰς
214 1325 265 1347 τῶν
287 1320 457 1357 ἀρχαγγέλων
480 1320 642 1355 ὶπιστασίας,
662 1323 708 1352 τὰς
733 1319 810 1352 δόξας
831 1325 881 1347 τῶν
903 1331 953 1347 κυ-

149 1368 288 1403 ριοτήτων,
313 1367 358 1396 τὰς
378 1364 519 1403 προεδρίας
539 1370 589 1392 τῶν
617 1367 724 1404 θρόνων,
747 1367 792 1396 τὰς
817 1364 951 1403 δυνάμεις,

149 1411 197 1441 τὰς
226 1409 321 1446 ἀρχὰς,
348 1411 396 1441 τὰς
418 1410 548 1441 ἔξουσίας.
570 1409 726 1448 Διαδραμὼν
747 1411 781 1436 τὰ
801 1411 950 1447 σύμπαντα,

149 1457 195 1481 καὶ
210 1455 273 1492 ὑπὲρ
289 1458 376 1482 πᾶσαν
391 1457 437 1484 τὴν
461 1457 548 1481 κτίσιν
572 1455 713 1486 ἆνανεύσας
734 1459 788 1486 τοῖς
804 1454 949 1491 λογισμοῖς,

149 1502 195 1526 καὶ
219 1499 334 1526 ἐπέκεινα
356 1502 413 1534 (⁸77)
430 1501 526 1526 τούτων
549 1501 593 1527 τὸν
616 1504 674 1526 νοῦν
699 1499 850 1536 ἀνυψώσας,
868 1500 952 1529 ἐννοη-

151 1553 196 1571 σον
217 1546 264 1574 τὴν
287 1546 356 1571 Θείαν
381 1546 459 1581 φύσιν
472 1555 478 1562 ·
505 1545 633 1578 ἑστῶσαν,
651 1545 787 1583 ἄτρεπτον,
814 1543 950 1571 ἀναλλοίω-
965 1562 986 1589 c

149 1599 210 1624 τον,
248 1589 352 1623 ἀπαθῆ,
380 1589 481 1623 ἁπλῆν,
516 1589 671 1626 ἀσύνθετον,
708 1589 872 1627 ἀδιαίρετον,
900 1588 951 1626 φῶς

150 1633 292 1671 ἀπρόσιτον
317 1635 382 1669 (78),
407 1633 519 1671 δύναμιν
545 1635 652 1671 ἄφατον,
678 1636 783 1671 μέγεθος
815 1634 950 1672 ἀπεριόρι-

152 1688 229 1712 στον,
260 1677 338 1710 δόξαν
364 1679 649 1717 ὑπεραστράπτουσαν,
681 1679 833 1716 ἀγαθότητα
861 1680 950 1706 ἐπιθυ-

152 1726 249 1760 μητήν,
275 1723 363 1754 κάλλος
388 1722 536 1760 ἀμήχανον,
564 1723 684 1762 σφοδρῶς
711 1725 756 1761 μὲν
780 1729 828 1755 τῆς
851 1734 948 1762 τετρω-

151 1770 230 1804 μένης
243 1767 335 1803 ψυχῆς
357 1769 560 1806 καθαπτόμενον,
576 1769 644 1806 λόγῳ
660 1767 690 1796 δὲ
702 1767 949 1806 -δηλωϐῆναιδπρὸς

151 1811 228 1844 ἀξίαν
243 1810 380 1840 ἀδύνατον.

182 1948 208 1974 2.
230 1946 301 1973 Ἐκεῖ
325 1949 415 1985 Πατὴρ
446 1949 491 1974 καὶ
523 1948 585 1978 Υἱὸς
610 1949 655 1974 καὶ
683 1947 757 1983 ἅγιον
786 1950 900 1984 Πνεῦμα,
930 1947 946 1976 ἡ

143 1991 267 2022 ἄκτιστος
293 1993 379 2028 φύσις,
409 1993 438 2018 τὸ
473 1990 630 2018 δεσποτικὸν
660 1991 773 2028 ἀξίωμα,
801 1993 816 2021 ἠ
848 1993 945 2028 φυσικὴ

142 2035 283 2072 ἆγαθὸτης.
310 2039 419 2074 Πατήρ·
449 2038 464 2066 ἡ
501 2038 603 2063 πάντων
640 2036 723 2073 ἁρχὴ,
751 2037 766 2066 ἡ
799 2036 872 2062 αἰτία
901 2039 947 2062 τοῦ

142 2079 207 2107 «ἶναι
232 2084 287 2112 τοῖς
313 2079 397 2115 οὖσιν,
414 2082 429 2111 ἡ
451 2082 516 2120 ῥίζα
540 2086 590 2107 τῶν
608 2082 721 2112 ζώντων.
737 2081 814 2108 Ὅθεν
833 2081 948 2118 προῆλθε

143 2126 159 2154 ἡ
182 2128 255 2161 πηγὴ
281 2130 327 2156 τῆς
354 2127 434 2161 ζωῆς,
461 2127 476 2155 ἠ
503 2128 592 2162 σοφία,
609 2127 624 2155 ἡ
651 2124 772 2163 δύναμις,
797 2127 812 2155 ἡ
836 2126 910 2152 εἰκὼν
929 2126 944 2154 ἡ

145 2169 340 2208 ἀπαράλλακτος
365 2175 412 2197 τοῦ
442 2170 554 2208 ἀοράτου
581 2174 658 2203 Θεοῦ,
682 2172 694 2196 ὁ
720 2170 748 2197 ἐκ
772 2174 819 2197 τοῦ
844 2171 947 2208 Πατρὸς

146 2216 274 2250 γεννηθεὶς
299 2216 392 2251 Υὶὸς,ὀ
418 2216 468 2246 ζῶν
495 2217 586 2251 Λόγος,
615 2216 628 2241 ὁ
657 2217 720 2246 Θεὸς
742 2216 785 2248 ὧν,
811 2217 855 2241 καὶ
881 2216 945 2252 πρὸς

147 2248 192 2285 τὸν
222 2261 286 2286 Θεὸν
311 2248 365 2286 diu:
395 2259 460 2296 οὐχὶ
487 2248 689 2297 προσγενόμενος
722 2260 793 2296 (79)·
819 2248 945 2297 ὑπάρχων
961 2248 983 2275 D

147 2305 198 2341 πρὸ
223 2308 271 2330 τῶν
297 2305 406 2341 αἰώνων,
435 2305 499 2341 οὐχὶ
526 2306 699 2343 προσκτηθεὶς
727 2305 852 2342 ῦστεροψ
874 2307 945 2339 Υἱὸς,

148 2348 214 2385 οὐχὶ
254 2353 360 2386 κτῆμα·
404 2352 532 2384 ποιητὴς,
572 2349 637 2387 οὐχὶ
674 2352 794 2387 ποίημα·
828 2352 950 2384 κτίστης,

185 2447 210 2465 ⁵³
225 2448 234 2474 l
250 2446 324 2475 Tim.
340 2456 381 2484 γι,
401 2449 447 2477 16.

489 2448 513 2466 ιν
529 2447 648 2476 Coloss.
664 2455 684 2482 r,
701 2450 743 2476 15.
782 2448 807 2466 σο
825 2448 913 2476 Joan.
928 2455 949 2483 ι,
964 2450 991 2476 2.

184 2550 242 2587 (74)
263 2551 380 2587 Veteres
406 2550 520 2587 aliquot
541 2550 610 2579 libri
635 2549 734 2586 ἀνάγκη
753 2549 854 2586 (λέγειν.
884 2551 950 2579 Mox

147 2585 232 2614 Colb.
248 2586 350 2622 tertius
365 2586 417 2622 οὐχ
433 2585 507 2615 ὅσον.

185 2622 241 2657 (75)
255 2621 338 2649 C0").
354 2621 472 2658 primus
489 2621 603 2658 ἀγγέλων
618 2632 709 2657 φωναι.

184 2658 243 2692 (76)
262 2657 383 2694 ᾼηίίῳζιὶ
399 2661 466 2694 tres
492 2657 561 2686 libri
584 2658 722 2684 κατάλειπε
750 2659 843 2686 τὴν....
866 2658 949 2683 κατά-

145 2693 228 2721 λειπε.
247 2693 320 2720 Editi
332 2693 489 2721 κατάλιπιη.
507 2693 643 2721 κατάλιπε.

185 2730 243 2762 (77)
259 2728 332 2756 Editi
348 2732 393 2756 καὶ
408 2730 442 2755 τὰ
456 2729 581 2756 ὶπέκέινα.
596 2728 705 2757 Vocula.
717 2730 749 2755 τά
763 2729 793 2757 in
808 2728 950 2757 omnibus

148 2772 224 2792 mss.
241 2764 334 2792 deest.

187 2800 245 2836 (78)
259 2801 331 2836 Reg.
347 2801 463 2837 primus
478 2803 507 2829 et
520 2801 582 2829 duo
603 2799 766 2829 Colbertini
785 2805 848 2837 φῶς,
863 2800 949 2835 οἰκῶν,

828 139 972 168 HOMILIA
996 139 1040 166 DE
1060 140 1138 167 FIDE
1145 161 1151 168 .

1779 143 1831 171 466

1006 208 1062 237 pro
1075 201 1152 229 virili
1167 208 1289 229 necesse
1303 203 1357 231 est.
1374 202 1512 231 Dicemus
1527 204 1640 238 autem,
1654 210 1716 232 non
1734 211 1831 240 quan-

1006 247 1055 274 tus
1066 248 1110 273 est
1123 247 1208 280 Deus,
1225 246 1277 273 sed
1288 249 1437 283 quantum
1453 256 1617 283 possumus
1627 256 1682 276 nos
1698 249 1829 285 assequi.

1006 291 1064 318 Nec
1079 290 1158 318 enim
1174 291 1319 326 quoniam
1339 291 1473 320 medium
1494 293 1574 320 hunc
1590 294 1667 321 inter
1681 293 1790 321 cmlum
1804 295 1832 322 et

1007 336 1116 362 terram
1126 335 1227 363 locum
1240 336 1333 364 oculis
1349 338 1445 364 totum
1459 336 1632 365 collustrare
1648 345 1709 365 non
1724 346 1832 374 possu-

1007 388 1085 415 mus,
1102 381 1255 415 continuo,
1268 384 1346 409 certe
1360 382 1463 418 quoad
1477 383 1542 418 ejus
1559 383 1623 410 ﬁeri
1639 385 1747 419 potest,
1759 391 1831 411 con-

1007 425 1120 461 spicere
1139 425 1300 453 nolumus:
1328 426 1370 454 sic
1399 427 1488 455 etiam
1512 435 1592 455 nunc
1613 428 1717 464 paucis
1732 427 1832 456 verbis

1005 471 1107 507 pietati
1122 470 1269 499 faciamus
1284 471 1368 506 satis,
1385 472 1438 499 sed
1453 472 1481 500 in
1499 475 1561 500 toto
1587 481 1727 501 sermone
1740 473 1831 501 victo-

1005 515 1081 543 riam
1097 515 1233 551 dignitati
1246 518 1361 544 naturm
1373 518 1463 552 atquc
1478 517 1668 553 amplitudini
1686 518 1831 546 conceda-

1006 567 1084 588 mus.
1102 561 1201 596 Neque
1216 561 1296 588 enim
1311 561 1422 596 linguae
1437 561 1625 596 angelorum,
1642 570 1832 599 quaecunque

1005 605 1062 633 illte
1076 607 1154 638 sunt,
1172 613 1269 639 neque
1282 606 1555 642 ‘archangelorum,
1571 615 1674 643 eaeque
1687 615 1757 635 cum
1773 610 1832 636 tota

1006 649 1093 677 simul
1107 650 1247 679 rationali
1270 652 1379 679 natura
1394 653 1515 687 coactte,
1530 651 1569 679 ad
1584 652 1743 680 minimam
1759 659 1832 688 par-

1006 696 1064 722 tem
1088 695 1255 730 pertingere
1273 697 1424 731 poterunt,
1441 696 1554 723 nedum
1576 697 1629 724 toti
1646 696 1831 732 explicandae

1005 747 1094 775 pares
1109 739 1180 767 sint.
1199 741 1241 767 Tu
1264 747 1334 767 vero
1351 739 1376 767 si
1397 740 1471 776 quid
1489 740 1568 768 voles
1583 741 1621 769 de
1641 741 1701 768 Deo
1721 741 1830 775 dicere,

1006 785 1058 811 aut
1073 783 1193 817 audire;
1220 783 1334 811 dimitte
1357 792 1467 819 corpus
1484 786 1579 817 tuum,
1596 784 1711 812 dimitte
1727 793 1832 822 corpo-

1005 835 1072 856 reos
1092 835 1209 862 sensus,
1223 827 1359 864 relinque
1383 830 1505 864 terram,
1519 829 1656 865 relinque
1673 837 1766 864 mare,
1780 837 1832 857 ae-

1004 879 1068 900 rem
1084 872 1161 900 infra
1185 873 1317 908 teipsum
1332 872 1455 906 colloca,
1472 873 1704 910 prmtergredere
1718 876 1830 909 aetates,

1004 920 1176 954 temporum
1191 918 1369 946 constitutos
1385 918 1517 952 ordines,
1532 921 1617 947 terrae
1634 921 1830 947 ornamenta:

1006 970 1099 999 supra
1122 962 1233 990 aethera
1256 962 1369 998 tollere,
1392 963 1572 991 transcende
1595 963 1705 999 stellas,
1730 963 1834 992 omnia

1006 1015 1196 1044 quaecunque
1214 1008 1244 1035 in
1260 1008 1302 1036 eis
1322 1008 1515 1036 admirationi
1531 1011 1610 1044 sunt,
1625 1017 1731 1037 earum
1746 1016 1834 1037 orna.-

1006 1054 1082 1086 tum,
1098 1051 1351 1086 magnitudinem,
1363 1052 1512 1089 quidquid
1524 1061 1559 1080 ex
1571 1053 1613 1081 eis
1625 1053 1706 1081 orbis
1717 1053 1835 1081 univer-

1008 1104 1060 1124 sus
1079 1096 1158 1132 capit
1173 1096 1317 1129 utilitatis,
1333 1099 1449 1124 rectum
1462 1097 1611 1131 ordinem,
1628 1098 1833 1134 splendorem,

1009 1140 1110 1173 situm,
1127 1143 1254 1175 motum,
1271 1141 1427 1178 quomodo
1450 1142 1527 1170 inter
1545 1151 1577 1170 se
1598 1143 1833 1178 conjungantur,

1009 1190 1061 1213 aut
1076 1186 1274 1221 sejungantur
1289 1194 1308 1213 a
1322 1193 1353 1213 se
1363 1186 1502 1214 invicem.
1512 1187 1618 1214 Omnia
1631 1188 1731 1215 mente
1741 1195 1776 1214 ac
1785 1194 1833 1215 ra-

1008 1231 1089 1259 tione
1106 1233 1353 1266 praetergressus,
1370 1231 1565 1259 transvolans
1587 1231 1709 1265 calum,
1723 1231 1835 1267 illoque

1008 1275 1131 1302 effectus
1153 1270 1307 1311 excelsior,
1333 1275 1514 1310 cogitatione
1540 1275 1604 1303 sola
1630 1274 1837 1311 pulcherrima

1007 1327 1138 1356 quaeque
1154 1319 1371 1356 :circumspice,
1388 1319 1536 1347 exercitus
1561 1319 1709 1356 cmlestes,
1725 1320 1836 1348 choros

1008 1365 1198 1400 angelorum,
1224 1364 1476 1400 archangelorum
1505 1364 1676 1400 dignitates,
1708 1364 1836 1400 gloriam

1007 1409 1260 1445 dominationum,
1277 1409 1456 1437 thronorum
1471 1409 1569 1442 sedes,
1579 1409 1713 1443 virtutes,
1727 1409 1836 1446 princi-

1006 1457 1106 1490 patus,
1115 1456 1288 1490 potestates.
1302 1454 1512 1482 Praetermissis
1521 1454 1674 1489 omnibus,
1681 1461 1836 1489 emergen-

1005 1501 1034 1526 te
1046 1499 1162 1527 ratione
1178 1506 1271 1535 supra
1285 1506 1406 1526 omnem
1419 1500 1598 1534 creaturam,
1610 1501 1742 1526 mentem
1754 1498 1835 1527 ultra

1005 1543 1070 1572 haec
1086 1546 1195 1577 erecta,
1211 1543 1416 1579 contemplare
1430 1543 1562 1571 divinam
1577 1545 1736 1571 naturam:
1753 1545 1835 1570 stan-

1005 1589 1075 1622 tem,
1091 1585 1324 1620 immutabilem,
1340 1585 1495 1613 varietatis
1518 1588 1683 1622 expertem,
1703 1584 1835 1613 affectio—

1003 1640 1077 1660 num
1087 1639 1228 1665 vacuam,
1243 1631 1422 1667 simplicem,
1436 1629 1834 1667 compositioninulliobno-

1002 1674 1833 1711 xiam,indivisibilem,luceminaccessam“,potentiam
1851 1669 1854 1675 ’

1002 1721 1197 1754 ineffabilem,
1210 1719 1453 1756 magnitudinem
1468 1719 1581 1747 ﬁnibus
1594 1719 1686 1747 nullis
1701 1719 1833 1747 circum-

1003 1766 1156 1802 scriptam,
1166 1765 1293 1800 gloriam
1303 1764 1570 1800 supermicantem,
1578 1764 1743 1792 bonitatem
1750 1763 1833 1792 desi—

1002 1809 1436 1846 derabilem,pulchritudinem
1444 1807 1833 1845 singularem,quaquidem

1003 1856 1123 1884 animus
1133 1854 1285 1883 sauciatus
1295 1854 1487 1883 vehementer
1497 1853 1688 1890 percellatur,
1699 1853 1753 1881 sed
1763 1860 1832 1889 quas

1002 1908 1058 1937 pro
1073 1899 1219 1935 dignitate
1230 1898 1332 1927 verbis
1347 1898 1491 1935 explicari
1505 1906 1567 1927 non
1582 1898 1687 1935 possit.

1039 1948 1065 1973 2.
1087 1944 1147 1973 Illic
1171 1945 1256 1972 Pater
1270 1946 1298 1972 et
1326 1944 1415 1972 Filius
1439 1945 1467 1972 et
1488 1944 1615 1980 Spiritus
1637 1944 1770 1978 sanctus,
1782 1941 1831 1970 in-

1002 1993 1102 2019 creata
1116 1993 1235 2022 natura,
1253 1989 1408 2018 Dominica
1419 1989 1576 2025 majestas,
1587 1988 1734 2017 naturalis
1745 1987 1831 2016 boni.

1001 2037 1058 2064 tas.
1074 2036 1157 2063 Pater
1170 2034 1308 2062 omnium
1327 2033 1521 2070 principium,
1535 2041 1641 2062 eorum
1661 2041 1729 2070 qum
1748 2032 1829 2061 exsi-

1002 2082 1084 2109 stunt
1106 2087 1209 2114 causa,
1225 2079 1313 2107 radix
1334 2079 1510 2106 viventium.
1528 2078 1612 2106 Unde
1634 2078 1743 2114 prodiit
1759 2078 1828 2106 vita:

1001 2125 1080 2159 fons,
1097 2123 1255 2160 sapientia,
1269 2124 1375 2156 virtus,
1389 2124 1440 2151 Dei
1459 2123 1618 2151 invisibilis
1639 2123 1670 2150 in
1686 2122 1829 2151 omnibus

1002 2169 1154 2197 simillima
1168 2168 1270 2203 imago
1281 2168 1316 2201 “9,
1330 2167 1417 2195 Filius
1433 2175 1468 2195 ex
1483 2168 1568 2195 Patre
1580 2166 1711 2203 genitus,
1724 2166 1828 2194 vivens

1002 2214 1143 2248 Verbum,
1159 2214 1237 2242 Deus
1260 2213 1400 2244 existens.
1416 2215 1444 2241 et
1463 2213 1612 2241 exsistens
1635 2212 1720 2248 132
1744 2211 1828 2248 apud

1003 2259 1150 2287 Deum“:
1179 2258 1332 2293 exsistens,
1365 2265 1429 2286 non
1457 2257 1659 2286 adventitius:
1683 2257 1828 2285 exsistens

1003 2306 1072 2332 ante
1096 2303 1216 2338 saecula,
1230 2310 1292 2331 non
1313 2304 1421 2339 postea
1439 2302 1623 2338 acquisitus;
1648 2301 1750 2336 Filius,
1764 2308 1828 2329 non

1005 2348 1174 2386 possessio;
1184 2348 1360 2385 opifex,non
1367 2348 1534 2384 opiﬁcium;
1546 2349 1737 2383 creator,non
1747 2354 1828 2376 crea-

1003 2550 1147 2579 Vitiosum
1167 2552 1268 2579 autem
1287 2550 1317 2578 id
1333 2558 1399 2578 esse
1411 2557 1480 2577 cum
1492 2549 1628 2577 viderent
1642 2547 1826 2584 typographi

1006 2556 1147 2579 Vitiosum
1167 2556 1268 2579 autem
1287 2556 1317 2578 ια
1333 2558 1399 2578 esse
1411 2557 1480 2577 cum
1492 2556 1628 2577 maerent
1642 2556 1826 2611 tﬁpograpm

1003 2587 1194 2619 Parisienses,
1205 2586 1256 2626 qui
1270 2587 1360 2621 Regio
1373 2586 1473 2649 primo
1488 2585 1591 2613 codice
1604 2586 1653 2625 ute
1679 2586 1777 2624 antur.
1788 2584 1827 2626 de

1005 2630 1071 2649 suo.
1088 2623 1206 2649 oninor.
1222 2625 1261 2649 ita
1283 2630 1369 2649 emen
1394 2623 1500 2649 arunt:
1524 2625 1576 2649 φῶς
1599 2623 1722 2646 οιχοῡσαν
1742 2625 1826 2649 ἀπρο-

1005 2630 1071 2656 suo,
1088 2623 1206 2658 opinor,
1222 2623 1261 2650 ita
1283 2623 1500 2658 emendarunt;
1524 2625 1576 2657 φῶς
1599 2623 1722 2658 οἰκοῦσαν
1742 2623 1826 2658 appe-

1006 2667 1087 2685 σιτον.
1106 2655 1138 2685 At
1152 2659 1182 2685 in
1196 2655 1325 2686 editione
1340 2657 1429 2685 Basil.
1451 2659 1479 2684 et
1491 2655 1634 2690 in'Regiis
1650 2655 1783 2683 secundo
1799 2657 1828 2684 et

1004 2694 1098 2730 tertio,
1115 2694 1206 2730 inque
1226 2694 1309 2721 Colb.
1326 2694 1410 2721 tertio
1421 2692 1519 2721 verius
1540 2694 1569 2720 et
1581 2691 1746 2728 simplicius
1759 2691 1828 2719 scri-

1004 2728 1085 2756 bitur
1099 2728 1317 2766 φῶς-ἀπρόσιτον.

1039 2762 1192 2800 (79)’001ὺ,
1203 2762 1325 2801 ’ρι’ἱωυδ
1346 2765 1541 2801 προ-γενόμενος,
1560 2762 1644 2792 haud
1658 2764 1746 2791 recte.
1761 2762 1827 2791 Mox

1004 2808 1084 2829 unus
1096 2809 1156 2830 ms.
1171 2800 1235 2837 οὐχὶ
1251 2800 1281 2827 δὲ
1295 2800 1405 2837 κτίσμαζ
