  <div class='ocr_page' id='page_1' title='image "/cluster/home/n/w/nwhite01/storage/ocr_20150623/31/njp.32101013202609/245.png"; bbox 0 0 2059 3136; ppageno 0'>
   <div class='ocr_carea' id='block_1_1' title="bbox 229 141 280 169">
    <p class='ocr_par' dir='ltr' id='par_1_1' title="bbox 229 141 280 169">
     <span class='ocr_line' id='line_1_1' title="bbox 229 141 280 169; baseline -0.02 0"><span class='ocrx_word' id='word_1_1' title='bbox 229 141 280 169; x_wconf 68' lang='grc' dir='ltr'><strong><em>ΜΠ</em></strong></span> 
     </span>
    </p>
   </div>
   <div class='ocr_carea' id='block_1_2' title="bbox 910 135 1227 166">
    <p class='ocr_par' dir='ltr' id='par_1_2' title="bbox 910 135 1227 166">
     <span class='ocr_line' id='line_1_2' title="bbox 910 135 1227 166; baseline 0.006 -2"><span class='ocrx_word' id='word_1_2' title='bbox 910 136 939 164; x_wconf 89' lang='lat' dir='ltr'>S.</span> <span class='ocrx_word' id='word_1_3' title='bbox 960 135 1086 163; x_wconf 77' lang='lat' dir='ltr'>BASlLlI</span> <span class='ocrx_word' id='word_1_4' title='bbox 1104 136 1227 166; x_wconf 77' lang='lat' dir='ltr'>MAGNI.</span> 
     </span>
    </p>
   </div>
   <div class='ocr_carea' id='block_1_3' title="bbox 1863 141 1920 170">
    <p class='ocr_par' dir='ltr' id='par_1_3' title="bbox 1863 141 1920 170">
     <span class='ocr_line' id='line_1_3' title="bbox 1863 141 1920 170; baseline -0.018 0"><span class='ocrx_word' id='word_1_5' title='bbox 1863 141 1920 170; x_wconf 62' lang='lat'>£88</span> 
     </span>
    </p>
   </div>
   <div class='ocr_carea' id='block_1_4' title="bbox 231 197 1071 240">
    <p class='ocr_par' dir='ltr' id='par_1_4' title="bbox 231 197 1057 235">
     <span class='ocr_line' id='line_1_4' title="bbox 231 197 1057 235; baseline -0.008 -3"><span class='ocrx_word' id='word_1_6' title='bbox 231 205 317 232; x_wconf 83' lang='lat' dir='ltr'>tura:</span> <span class='ocrx_word' id='word_1_7' title='bbox 341 201 444 230; x_wconf 83' lang='lat' dir='ltr'><strong>omnia</strong></span> <span class='ocrx_word' id='word_1_8' title='bbox 457 200 616 233; x_wconf 80' lang='lat' dir='ltr'>exsistens,</span> <span class='ocrx_word' id='word_1_9' title='bbox 633 206 824 235; x_wconf 60' lang='lat' dir='ltr'>quacunque</span> <span class='ocrx_word' id='word_1_10' title='bbox 844 200 888 227; x_wconf 88' lang='lat' dir='ltr'>est</span> <span class='ocrx_word' id='word_1_11' title='bbox 902 199 998 232; x_wconf 83' lang='lat' dir='ltr'>Pater,</span> <span class='ocrx_word' id='word_1_12' title='bbox 1011 197 1057 226; x_wconf 88' lang='lat' dir='ltr'>Fi-</span> 
     </span>
    </p>
   </div>
   <div class='ocr_carea' id='block_1_5' title="bbox 1124 197 1918 240">
    <p class='ocr_par' dir='ltr' id='par_1_5' title="bbox 1124 198 1918 240">
     <span class='ocr_line' id='line_1_5' title="bbox 1124 198 1918 240; baseline 0.014 -15"><span class='ocrx_word' id='word_1_13' title='bbox 1124 198 1179 234; x_wconf 71' lang='grc' dir='ltr'>ιῦχὶ</span> <span class='ocrx_word' id='word_1_14' title='bbox 1209 201 1328 236; x_wconf 79' lang='grc' dir='ltr'>κτίσμα·</span> <span class='ocrx_word' id='word_1_15' title='bbox 1346 209 1432 226; x_wconf 82' lang='grc' dir='ltr'>παντα</span> <span class='ocrx_word' id='word_1_16' title='bbox 1456 200 1491 226; x_wconf 83' lang='grc' dir='ltr'>ὧν</span> <span class='ocrx_word' id='word_1_17' title='bbox 1516 199 1567 226; x_wconf 81' lang='grc' dir='ltr'>ὅσα</span> <span class='ocrx_word' id='word_1_18' title='bbox 1591 199 1663 226; x_wconf 77' lang='grc' dir='ltr'>ἐστὶν</span> <span class='ocrx_word' id='word_1_19' title='bbox 1679 201 1692 227; x_wconf 88' lang='grc' dir='ltr'><strong>ὁ</strong></span> <span class='ocrx_word' id='word_1_20' title='bbox 1712 204 1804 240; x_wconf 77' lang='grc' dir='ltr'>Πατήρ</span> <span class='ocrx_word' id='word_1_21' title='bbox 1817 213 1824 220; x_wconf 83' lang='grc'><strong><em>⁸</em></strong></span> <span class='ocrx_word' id='word_1_22' title='bbox 1847 203 1918 236; x_wconf 81' lang='grc' dir='ltr'>Υἰός’</span> 
     </span>
    </p>
   </div>
   <div class='ocr_carea' id='block_1_6' title="bbox 231 243 1060 284">
    <p class='ocr_par' dir='ltr' id='par_1_6' title="bbox 231 243 1060 284">
     <span class='ocr_line' id='line_1_6' title="bbox 231 243 1060 284; baseline -0.007 -7"><span class='ocrx_word' id='word_1_23' title='bbox 231 248 301 282; x_wconf 87' lang='lat' dir='ltr'>lius,</span> <span class='ocrx_word' id='word_1_24' title='bbox 316 247 452 284; x_wconf 88' lang='lat' dir='ltr'>inquam,</span> <span class='ocrx_word' id='word_1_25' title='bbox 468 248 496 274; x_wconf 89' lang='lat' dir='ltr'>et</span> <span class='ocrx_word' id='word_1_26' title='bbox 511 247 605 273; x_wconf 87' lang='lat' dir='ltr'>Pater.</span> <span class='ocrx_word' id='word_1_27' title='bbox 623 244 757 273; x_wconf 80' lang='lat' dir='ltr'>Observa</span> <span class='ocrx_word' id='word_1_28' title='bbox 770 244 844 272; x_wconf 90' lang='lat' dir='ltr'>mihi</span> <span class='ocrx_word' id='word_1_29' title='bbox 858 243 913 272; x_wconf 90' lang='lat' dir='ltr'>has</span> <span class='ocrx_word' id='word_1_30' title='bbox 926 243 1060 280; x_wconf 90' lang='lat' dir='ltr'>proprie-</span> 
     </span>
    </p>
   </div>
   <div class='ocr_carea' id='block_1_7' title="bbox 232 288 1061 327">
    <p class='ocr_par' dir='ltr' id='par_1_7' title="bbox 232 288 1061 327">
     <span class='ocr_line' id='line_1_7' title="bbox 232 288 1061 327; baseline -0.007 -5"><span class='ocrx_word' id='word_1_31' title='bbox 232 295 319 322; x_wconf 82' lang='lat' dir='ltr'>tates.</span> <span class='ocrx_word' id='word_1_32' title='bbox 334 293 455 321; x_wconf 70' lang='lat' dir='ltr'>laneus</span> <span class='ocrx_word' id='word_1_33' title='bbox 475 290 566 327; x_wconf 74' lang='lat' dir='ltr'>igitur</span> <span class='ocrx_word' id='word_1_34' title='bbox 581 290 611 317; x_wconf 88' lang='lat' dir='ltr'>in</span> <span class='ocrx_word' id='word_1_35' title='bbox 626 297 662 317; x_wconf 91' lang='lat' dir='ltr'>eo</span> <span class='ocrx_word' id='word_1_36' title='bbox 677 289 761 326; x_wconf 90' lang='lat' dir='ltr'>quod</span> <span class='ocrx_word' id='word_1_37' title='bbox 777 291 823 318; x_wconf 85' lang='lat' dir='ltr'>est</span> <span class='ocrx_word' id='word_1_38' title='bbox 835 288 937 323; x_wconf 85' lang='lat' dir='ltr'>Filius,</span> <span class='ocrx_word' id='word_1_39' title='bbox 958 288 1061 317; x_wconf 83' lang='lat' dir='ltr'>omnia</span> 
     </span>
    </p>
   </div>
   <div class='ocr_carea' id='block_1_8' title="bbox 233 334 1063 372">
    <p class='ocr_par' dir='ltr' id='par_1_8' title="bbox 233 334 1063 372">
     <span class='ocr_line' id='line_1_8' title="bbox 233 334 1063 372; baseline -0.006 -6"><span class='ocrx_word' id='word_1_40' title='bbox 233 340 279 366; x_wconf 84' lang='lat' dir='ltr'>est</span> <span class='ocrx_word' id='word_1_41' title='bbox 290 339 385 372; x_wconf 89' lang='lat' dir='ltr'>Pater,</span> <span class='ocrx_word' id='word_1_42' title='bbox 402 335 571 364; x_wconf 87' lang='lat' dir='ltr'>secundum</span> <span class='ocrx_word' id='word_1_43' title='bbox 585 334 681 370; x_wconf 85' lang='lat' dir='ltr'>ipsius</span> <span class='ocrx_word' id='word_1_44' title='bbox 701 334 819 363; x_wconf 86' lang='lat' dir='ltr'>Domini</span> <span class='ocrx_word' id='word_1_45' title='bbox 831 341 948 368; x_wconf 89' lang='lat' dir='ltr'>vocem,</span> <span class='ocrx_word' id='word_1_46' title='bbox 963 334 1063 362; x_wconf 90' lang='lat' dir='ltr'>dicen-</span> 
     </span>
    </p>
   </div>
   <div class='ocr_carea' id='block_1_9' title="bbox 235 378 1061 417">
    <p class='ocr_par' dir='ltr' id='par_1_9' title="bbox 235 378 1061 417">
     <span class='ocr_line' id='line_1_9' title="bbox 235 378 1061 417; baseline -0.005 -7"><span class='ocrx_word' id='word_1_47' title='bbox 235 383 290 411; x_wconf 87' lang='lat' dir='ltr'>tis:</span> <span class='ocrx_word' id='word_1_48' title='bbox 309 381 416 410; x_wconf 80' lang='lat' dir='ltr'><strong><em>Omnia</em></strong></span> <span class='ocrx_word' id='word_1_49' title='bbox 431 386 618 417; x_wconf 72' lang='lat' dir='ltr'>quwcunque</span> <span class='ocrx_word' id='word_1_50' title='bbox 642 379 729 408; x_wconf 81' lang='lat' dir='ltr'>habet</span> <span class='ocrx_word' id='word_1_51' title='bbox 749 380 854 414; x_wconf 83' lang='lat' dir='ltr'>Pater,</span> <span class='ocrx_word' id='word_1_52' title='bbox 868 386 932 407; x_wconf 87' lang='lat' dir='ltr'>mea</span> <span class='ocrx_word' id='word_1_53' title='bbox 946 381 1016 406; x_wconf 81' lang='lat' dir='ltr'>sunt</span> <span class='ocrx_word' id='word_1_54' title='bbox 1028 378 1061 406; x_wconf 81' lang='lat'>&quot;.</span> 
     </span>
    </p>
   </div>
   <div class='ocr_carea' id='block_1_10' title="bbox 233 423 1063 461">
    <p class='ocr_par' dir='ltr' id='par_1_10' title="bbox 233 423 1063 461">
     <span class='ocr_line' id='line_1_10' title="bbox 233 423 1063 461; baseline -0.006 -5"><span class='ocrx_word' id='word_1_55' title='bbox 233 429 346 457; x_wconf 77' lang='lat' dir='ltr'>Revera</span> <span class='ocrx_word' id='word_1_56' title='bbox 358 425 439 454; x_wconf 90' lang='lat' dir='ltr'>enim</span> <span class='ocrx_word' id='word_1_57' title='bbox 454 425 559 454; x_wconf 86' lang='lat' dir='ltr'>omnia</span> <span class='ocrx_word' id='word_1_58' title='bbox 571 432 638 461; x_wconf 66' lang='lat' dir='ltr'>quae</span> <span class='ocrx_word' id='word_1_59' title='bbox 650 424 814 461; x_wconf 83' lang='lat' dir='ltr'>archetypo</span> <span class='ocrx_word' id='word_1_60' title='bbox 829 423 995 460; x_wconf 82' lang='lat' dir='ltr'>exemplari</span> <span class='ocrx_word' id='word_1_61' title='bbox 1009 423 1063 451; x_wconf 90' lang='lat' dir='ltr'>ad-</span> 
     </span>
    </p>
   </div>
   <div class='ocr_carea' id='block_1_11' title="bbox 234 469 1065 506">
    <p class='ocr_par' dir='ltr' id='par_1_11' title="bbox 234 469 1065 506">
     <span class='ocr_line' id='line_1_11' title="bbox 234 469 1065 506; baseline -0.005 -6"><span class='ocrx_word' id='word_1_62' title='bbox 234 474 314 506; x_wconf 87' lang='lat' dir='ltr'>sunt,</span> <span class='ocrx_word' id='word_1_63' title='bbox 330 470 472 506; x_wconf 85' lang='lat' dir='ltr'>imaginis</span> <span class='ocrx_word' id='word_1_64' title='bbox 486 471 566 498; x_wconf 91' lang='lat' dir='ltr'>sunt.</span> <span class='ocrx_word' id='word_1_65' title='bbox 583 470 715 498; x_wconf 79' lang='lat' dir='ltr'>Vidimus</span> <span class='ocrx_word' id='word_1_66' title='bbox 724 469 816 504; x_wconf 89' lang='lat' dir='ltr'>enim,</span> <span class='ocrx_word' id='word_1_67' title='bbox 827 469 924 506; x_wconf 82' lang='lat' dir='ltr'>inquit</span> <span class='ocrx_word' id='word_1_68' title='bbox 937 476 1065 504; x_wconf 82' lang='lat' dir='ltr'>evange-</span> 
     </span>
    </p>
   </div>
   <div class='ocr_carea' id='block_1_12' title="bbox 233 513 1065 552">
    <p class='ocr_par' dir='ltr' id='par_1_12' title="bbox 233 513 1065 552">
     <span class='ocr_line' id='line_1_12' title="bbox 233 513 1065 552; baseline -0.005 -7"><span class='ocrx_word' id='word_1_69' title='bbox 233 517 313 549; x_wconf 80' lang='lat' dir='ltr'>lista,</span> <span class='ocrx_word' id='word_1_70' title='bbox 326 516 457 552; x_wconf 77' lang='lat' dir='ltr'>gloriam</span> <span class='ocrx_word' id='word_1_71' title='bbox 472 516 548 550; x_wconf 86' lang='lat' dir='ltr'>ejus,</span> <span class='ocrx_word' id='word_1_72' title='bbox 559 515 687 550; x_wconf 82' lang='lat' dir='ltr'>gloriam</span> <span class='ocrx_word' id='word_1_73' title='bbox 705 514 793 550; x_wconf 78' lang='lat' dir='ltr'>quasi</span> <span class='ocrx_word' id='word_1_74' title='bbox 810 513 965 549; x_wconf 81' lang='lat' dir='ltr'>Unigenili</span> <span class='ocrx_word' id='word_1_75' title='bbox 976 521 995 542; x_wconf 90' lang='lat' dir='ltr'>a</span> <span class='ocrx_word' id='word_1_76' title='bbox 1007 514 1065 542; x_wconf 87' lang='lat' dir='ltr'>Pa-</span> 
     </span>
    </p>
   </div>
   <div class='ocr_carea' id='block_1_13' title="bbox 235 558 1067 593">
    <p class='ocr_par' dir='ltr' id='par_1_13' title="bbox 235 558 1067 593">
     <span class='ocr_line' id='line_1_13' title="bbox 235 558 1067 593; baseline -0.006 -3"><span class='ocrx_word' id='word_1_77' title='bbox 235 562 317 591; x_wconf 71' lang='lat' dir='ltr'>tre&quot;:</span> <span class='ocrx_word' id='word_1_78' title='bbox 327 560 385 589; x_wconf 92' lang='lat' dir='ltr'>hoc</span> <span class='ocrx_word' id='word_1_79' title='bbox 398 562 453 593; x_wconf 84' lang='lat' dir='ltr'>est,</span> <span class='ocrx_word' id='word_1_80' title='bbox 464 567 527 587; x_wconf 92' lang='lat' dir='ltr'>non</span> <span class='ocrx_word' id='word_1_81' title='bbox 538 567 575 588; x_wconf 80' lang='lat' dir='ltr'>ex</span> <span class='ocrx_word' id='word_1_82' title='bbox 585 559 667 587; x_wconf 91' lang='lat' dir='ltr'>dono</span> <span class='ocrx_word' id='word_1_83' title='bbox 685 561 713 586; x_wconf 89' lang='lat' dir='ltr'>et</span> <span class='ocrx_word' id='word_1_84' title='bbox 731 567 856 586; x_wconf 88' lang='lat' dir='ltr'>munere</span> <span class='ocrx_word' id='word_1_85' title='bbox 871 558 944 586; x_wconf 80' lang='lat' dir='ltr'>data</span> <span class='ocrx_word' id='word_1_86' title='bbox 959 558 985 586; x_wconf 89' lang='lat' dir='ltr'>ei</span> <span class='ocrx_word' id='word_1_87' title='bbox 996 560 1067 586; x_wconf 90' lang='lat' dir='ltr'>sunt</span> 
     </span>
    </p>
   </div>
   <div class='ocr_carea' id='block_1_14' title="bbox 235 603 1067 638">
    <p class='ocr_par' dir='ltr' id='par_1_14' title="bbox 235 603 1067 638">
     <span class='ocr_line' id='line_1_14' title="bbox 235 603 1067 638; baseline -0.005 -4"><span class='ocrx_word' id='word_1_88' title='bbox 235 605 393 638; x_wconf 85' lang='lat' dir='ltr'>miracula,</span> <span class='ocrx_word' id='word_1_89' title='bbox 405 604 458 632; x_wconf 90' lang='lat' dir='ltr'>sed</span> <span class='ocrx_word' id='word_1_90' title='bbox 469 612 506 633; x_wconf 80' lang='lat' dir='ltr'>ex</span> <span class='ocrx_word' id='word_1_91' title='bbox 515 606 632 632; x_wconf 62' lang='lat' dir='ltr'>naturae</span> <span class='ocrx_word' id='word_1_92' title='bbox 643 603 860 632; x_wconf 82' lang='lat' dir='ltr'>communione</span> <span class='ocrx_word' id='word_1_93' title='bbox 871 603 960 631; x_wconf 86' lang='lat' dir='ltr'>Filius</span> <span class='ocrx_word' id='word_1_94' title='bbox 974 603 1067 631; x_wconf 88' lang='lat' dir='ltr'>habet</span> 
     </span>
    </p>
   </div>
   <div class='ocr_carea' id='block_1_15' title="bbox 236 648 1066 688">
    <p class='ocr_par' dir='ltr' id='par_1_15' title="bbox 236 648 1066 688">
     <span class='ocr_line' id='line_1_15' title="bbox 236 648 1066 688; baseline -0.004 -9"><span class='ocrx_word' id='word_1_95' title='bbox 236 653 368 688; x_wconf 61' lang='lat' dir='ltr'>paterna</span> <span class='ocrx_word' id='word_1_96' title='bbox 379 649 543 678; x_wconf 80' lang='lat' dir='ltr'>divinitatis</span> <span class='ocrx_word' id='word_1_97' title='bbox 551 648 828 683; x_wconf 81' lang='lat' dir='ltr'>majestatem.Nam</span> <span class='ocrx_word' id='word_1_98' title='bbox 837 648 1066 685; x_wconf 87' lang='lat' dir='ltr'>accipere,com-</span> 
     </span>
    </p>
   </div>
   <div class='ocr_carea' id='block_1_16' title="bbox 237 692 1065 728">
    <p class='ocr_par' dir='ltr' id='par_1_16' title="bbox 237 692 1065 728">
     <span class='ocr_line' id='line_1_16' title="bbox 237 692 1065 728; baseline -0.002 -4"><span class='ocrx_word' id='word_1_99' title='bbox 237 703 330 724; x_wconf 88' lang='lat' dir='ltr'>mune</span> <span class='ocrx_word' id='word_1_100' title='bbox 344 696 389 723; x_wconf 90' lang='lat' dir='ltr'>est</span> <span class='ocrx_word' id='word_1_101' title='bbox 409 696 437 722; x_wconf 88' lang='lat' dir='ltr'>et</span> <span class='ocrx_word' id='word_1_102' title='bbox 456 695 620 722; x_wconf 75' lang='lat' dir='ltr'>creaturae:</span> <span class='ocrx_word' id='word_1_103' title='bbox 644 692 756 721; x_wconf 87' lang='lat' dir='ltr'>habere</span> <span class='ocrx_word' id='word_1_104' title='bbox 771 695 872 723; x_wconf 85' lang='lat' dir='ltr'>autem</span> <span class='ocrx_word' id='word_1_105' title='bbox 892 701 928 720; x_wconf 81' lang='lat' dir='ltr'>ex</span> <span class='ocrx_word' id='word_1_106' title='bbox 946 695 1065 728; x_wconf 85' lang='lat' dir='ltr'>natura,</span> 
     </span>
    </p>
   </div>
   <div class='ocr_carea' id='block_1_17' title="bbox 236 737 1068 777">
    <p class='ocr_par' dir='ltr' id='par_1_17' title="bbox 236 737 1068 777">
     <span class='ocr_line' id='line_1_17' title="bbox 236 737 1068 777; baseline -0.002 -9"><span class='ocrx_word' id='word_1_107' title='bbox 236 740 396 777; x_wconf 87' lang='lat' dir='ltr'>proprium</span> <span class='ocrx_word' id='word_1_108' title='bbox 419 741 466 766; x_wconf 87' lang='lat' dir='ltr'>est</span> <span class='ocrx_word' id='word_1_109' title='bbox 480 737 584 773; x_wconf 81' lang='lat' dir='ltr'>geniti.</span> <span class='ocrx_word' id='word_1_110' title='bbox 606 739 710 774; x_wconf 83' lang='lat' dir='ltr'>Itaque</span> <span class='ocrx_word' id='word_1_111' title='bbox 730 740 762 766; x_wconf 90' lang='lat' dir='ltr'>ut</span> <span class='ocrx_word' id='word_1_112' title='bbox 776 738 877 771; x_wconf 85' lang='lat' dir='ltr'>Filius,</span> <span class='ocrx_word' id='word_1_113' title='bbox 892 738 1068 766; x_wconf 77' lang='lat' dir='ltr'>naturaliter</span> 
     </span>
    </p>
   </div>
   <div class='ocr_carea' id='block_1_18' title="bbox 237 782 1067 823">
    <p class='ocr_par' dir='ltr' id='par_1_18' title="bbox 237 782 1067 823">
     <span class='ocr_line' id='line_1_18' title="bbox 237 782 1067 823; baseline -0.001 -10"><span class='ocrx_word' id='word_1_114' title='bbox 237 785 373 823; x_wconf 82' lang='lat' dir='ltr'>possidet</span> <span class='ocrx_word' id='word_1_115' title='bbox 386 791 454 820; x_wconf 77' lang='lat' dir='ltr'>quae</span> <span class='ocrx_word' id='word_1_116' title='bbox 466 785 536 812; x_wconf 85' lang='lat' dir='ltr'>sunt</span> <span class='ocrx_word' id='word_1_117' title='bbox 549 782 642 811; x_wconf 81' lang='lat' dir='ltr'>Patris</span> <span class='ocrx_word' id='word_1_118' title='bbox 654 791 661 811; x_wconf 90' lang='lat'><strong>:</strong></span> <span class='ocrx_word' id='word_1_119' title='bbox 678 784 710 810; x_wconf 90' lang='lat' dir='ltr'>ut</span> <span class='ocrx_word' id='word_1_120' title='bbox 724 783 908 819; x_wconf 87' lang='lat' dir='ltr'>Unigenitus,</span> <span class='ocrx_word' id='word_1_121' title='bbox 921 783 1024 811; x_wconf 85' lang='lat' dir='ltr'>omnia</span> <span class='ocrx_word' id='word_1_122' title='bbox 1036 783 1067 812; x_wconf 87' lang='lat' dir='ltr'>in</span> 
     </span>
    </p>
   </div>
   <div class='ocr_carea' id='block_1_19' title="bbox 239 827 1067 868">
    <p class='ocr_par' dir='ltr' id='par_1_19' title="bbox 239 827 1067 868">
     <span class='ocr_line' id='line_1_19' title="bbox 239 827 1067 868; baseline -0.004 -10"><span class='ocrx_word' id='word_1_123' title='bbox 239 830 338 868; x_wconf 88' lang='lat' dir='ltr'>seipso</span> <span class='ocrx_word' id='word_1_124' title='bbox 360 827 600 865; x_wconf 82' lang='lat' dir='ltr'>comprehendit,</span> <span class='ocrx_word' id='word_1_125' title='bbox 618 835 687 855; x_wconf 91' lang='lat' dir='ltr'>cum</span> <span class='ocrx_word' id='word_1_126' title='bbox 707 827 782 856; x_wconf 86' lang='lat' dir='ltr'>nihil</span> <span class='ocrx_word' id='word_1_127' title='bbox 802 827 973 864; x_wconf 82' lang='lat' dir='ltr'>quidquam</span> <span class='ocrx_word' id='word_1_128' title='bbox 997 835 1067 856; x_wconf 90' lang='lat' dir='ltr'>cum</span> 
     </span>
    </p>
   </div>
   <div class='ocr_carea' id='block_1_20' title="bbox 1115 242 1919 282">
    <p class='ocr_par' dir='ltr' id='par_1_20' title="bbox 1115 242 1919 282">
     <span class='ocr_line' id='line_1_20' title="bbox 1115 242 1919 282; baseline 0.006 -11"><span class='ocrx_word' id='word_1_129' title='bbox 1115 242 1195 278; x_wconf 82' lang='grc' dir='ltr'>ιῖπον,</span> <span class='ocrx_word' id='word_1_130' title='bbox 1222 246 1267 270; x_wconf 86' lang='grc' dir='ltr'>καὶ</span> <span class='ocrx_word' id='word_1_131' title='bbox 1304 245 1394 282; x_wconf 77' lang='grc' dir='ltr'>Πατὴρ</span> <span class='ocrx_word' id='word_1_132' title='bbox 1420 246 1489 278; x_wconf 80' lang='grc'>(80).</span> <span class='ocrx_word' id='word_1_133' title='bbox 1521 244 1641 272; x_wconf 77' lang='grc' dir='ltr'>Φύλασσέ</span> <span class='ocrx_word' id='word_1_134' title='bbox 1669 256 1714 282; x_wconf 90' lang='grc' dir='ltr'>μοι</span> <span class='ocrx_word' id='word_1_135' title='bbox 1750 249 1848 280; x_wconf 81' lang='grc' dir='ltr'>ταύτας</span> <span class='ocrx_word' id='word_1_136' title='bbox 1873 251 1919 280; x_wconf 74' lang='grc' dir='ltr'>τὰς</span> 
     </span>
    </p>
   </div>
   <div class='ocr_carea' id='block_1_21' title="bbox 1116 288 1919 326">
    <p class='ocr_par' dir='ltr' id='par_1_21' title="bbox 1116 288 1919 326">
     <span class='ocr_line' id='line_1_21' title="bbox 1116 288 1919 326; baseline 0.005 -11"><span class='ocrx_word' id='word_1_137' title='bbox 1116 288 1260 319; x_wconf 84' lang='grc' dir='ltr'>ἰδιότητας.</span> <span class='ocrx_word' id='word_1_138' title='bbox 1283 292 1370 316; x_wconf 78' lang='grc' dir='ltr'>Μένων</span> <span class='ocrx_word' id='word_1_139' title='bbox 1388 288 1511 324; x_wconf 62' lang='grc' dir='ltr'>(81),οὖν</span> <span class='ocrx_word' id='word_1_140' title='bbox 1537 289 1561 316; x_wconf 71' lang='grc' dir='ltr'>ἐν</span> <span class='ocrx_word' id='word_1_141' title='bbox 1585 294 1621 326; x_wconf 79' lang='grc' dir='ltr'>τῷ</span> <span class='ocrx_word' id='word_1_142' title='bbox 1650 289 1715 318; x_wconf 82' lang='grc' dir='ltr'>εἶναι</span> <span class='ocrx_word' id='word_1_143' title='bbox 1741 294 1808 326; x_wconf 77' lang='grc' dir='ltr'>Υίός,</span> <span class='ocrx_word' id='word_1_144' title='bbox 1833 295 1919 321; x_wconf 74' lang='grc' dir='ltr'>πάντα</span> 
     </span>
    </p>
   </div>
   <div class='ocr_carea' id='block_1_22' title="bbox 1115 333 1917 372">
    <p class='ocr_par' dir='ltr' id='par_1_22' title="bbox 1115 333 1917 372">
     <span class='ocr_line' id='line_1_22' title="bbox 1115 333 1917 372; baseline 0.007 -12"><span class='ocrx_word' id='word_1_145' title='bbox 1115 333 1187 361; x_wconf 72' lang='grc' dir='ltr'>ἔστὶν</span> <span class='ocrx_word' id='word_1_146' title='bbox 1203 335 1253 361; x_wconf 87' lang='grc' dir='ltr'>ὅσα</span> <span class='ocrx_word' id='word_1_147' title='bbox 1267 333 1337 360; x_wconf 83' lang='grc' dir='ltr'>ἐστὶν</span> <span class='ocrx_word' id='word_1_148' title='bbox 1357 335 1370 360; x_wconf 85' lang='grc' dir='ltr'><strong><em>ὁ</em></strong></span> <span class='ocrx_word' id='word_1_149' title='bbox 1394 336 1496 372; x_wconf 80' lang='grc' dir='ltr'>Πατὴρ,</span> <span class='ocrx_word' id='word_1_150' title='bbox 1511 335 1579 362; x_wconf 79' lang='grc' dir='ltr'>κατὰ</span> <span class='ocrx_word' id='word_1_151' title='bbox 1592 337 1641 365; x_wconf 80' lang='grc' dir='ltr'>τὴν</span> <span class='ocrx_word' id='word_1_152' title='bbox 1665 338 1749 372; x_wconf 75' lang='grc' dir='ltr'>φωνὴν</span> <span class='ocrx_word' id='word_1_153' title='bbox 1774 337 1854 365; x_wconf 62' lang='lat' dir='ltr'>who-5</span> <span class='ocrx_word' id='word_1_154' title='bbox 1870 343 1917 366; x_wconf 81' lang='grc' dir='ltr'>τοῦ</span> 
     </span>
    </p>
   </div>
   <div class='ocr_carea' id='block_1_23' title="bbox 1117 380 1917 420">
    <p class='ocr_par' dir='ltr' id='par_1_23' title="bbox 1117 380 1917 420">
     <span class='ocr_line' id='line_1_23' title="bbox 1117 380 1917 420; baseline 0.005 -14"><span class='ocrx_word' id='word_1_155' title='bbox 1117 381 1214 417; x_wconf 75' lang='grc' dir='ltr'>Κυρίου</span> <span class='ocrx_word' id='word_1_156' title='bbox 1242 380 1377 411; x_wconf 81' lang='grc' dir='ltr'>εἰπόντος·</span> <span class='ocrx_word' id='word_1_157' title='bbox 1408 380 1496 406; x_wconf 80' lang='grc' dir='ltr'>Πάντα</span> <span class='ocrx_word' id='word_1_158' title='bbox 1523 380 1575 406; x_wconf 79' lang='grc' dir='ltr'>ὅσα</span> <span class='ocrx_word' id='word_1_159' title='bbox 1612 381 1669 416; x_wconf 74' lang='grc' dir='ltr'>ἔχει</span> <span class='ocrx_word' id='word_1_160' title='bbox 1698 382 1711 407; x_wconf 89' lang='grc' dir='ltr'><strong><em>ὁ</em></strong></span> <span class='ocrx_word' id='word_1_161' title='bbox 1740 385 1839 420; x_wconf 76' lang='grc' dir='ltr'>Πατὴρ,</span> <span class='ocrx_word' id='word_1_162' title='bbox 1865 383 1917 420; x_wconf 73' lang='grc' dir='ltr'>ἐμά</span> 
     </span>
    </p>
   </div>
   <div class='ocr_carea' id='block_1_24' title="bbox 1117 423 1917 466">
    <p class='ocr_par' dir='ltr' id='par_1_24' title="bbox 1117 423 1917 466">
     <span class='ocr_line' id='line_1_24' title="bbox 1117 423 1917 466; baseline 0.006 -16"><span class='ocrx_word' id='word_1_163' title='bbox 1117 423 1184 451; x_wconf 76' lang='grc' dir='ltr'>ἔστι.</span> <span class='ocrx_word' id='word_1_164' title='bbox 1197 427 1239 459; x_wconf 85' lang='grc' dir='ltr'>Τῷ</span> <span class='ocrx_word' id='word_1_165' title='bbox 1262 426 1314 451; x_wconf 81' lang='grc' dir='ltr'>ὄντι</span> <span class='ocrx_word' id='word_1_166' title='bbox 1335 426 1386 461; x_wconf 81' lang='grc' dir='ltr'>γὰρ</span> <span class='ocrx_word' id='word_1_167' title='bbox 1408 428 1454 455; x_wconf 83' lang='grc' dir='ltr'>τῆς</span> <span class='ocrx_word' id='word_1_168' title='bbox 1469 425 1562 455; x_wconf 79' lang='grc' dir='ltr'>εἰκόνος</span> <span class='ocrx_word' id='word_1_169' title='bbox 1586 424 1644 452; x_wconf 78' lang='grc' dir='ltr'>ἐστὶ</span> <span class='ocrx_word' id='word_1_170' title='bbox 1656 427 1750 460; x_wconf 83' lang='grc' dir='ltr'>πάντα,</span> <span class='ocrx_word' id='word_1_171' title='bbox 1765 428 1816 454; x_wconf 80' lang='grc' dir='ltr'>ὅσα</span> <span class='ocrx_word' id='word_1_172' title='bbox 1834 430 1917 466; x_wconf 85' lang='grc' dir='ltr'>πρόσ-</span> 
     </span>
    </p>
   </div>
   <div class='ocr_carea' id='block_1_25' title="bbox 1117 470 1915 510">
    <p class='ocr_par' dir='ltr' id='par_1_25' title="bbox 1117 470 1915 510">
     <span class='ocr_line' id='line_1_25' title="bbox 1117 470 1915 510; baseline 0.006 -15"><span class='ocrx_word' id='word_1_173' title='bbox 1117 478 1175 496; x_wconf 83' lang='grc' dir='ltr'>εστι</span> <span class='ocrx_word' id='word_1_174' title='bbox 1220 473 1251 506; x_wconf 79' lang='grc' dir='ltr'>τῇ</span> <span class='ocrx_word' id='word_1_175' title='bbox 1294 470 1455 507; x_wconf 77' lang='grc' dir='ltr'>πρωτοτύπῳ</span> <span class='ocrx_word' id='word_1_176' title='bbox 1494 474 1592 508; x_wconf 74' lang='grc' dir='ltr'>μορφῇ.</span> <span class='ocrx_word' id='word_1_177' title='bbox 1639 470 1817 508; x_wconf 75' lang='grc' dir='ltr'>Ἐθεασάμεθα</span> <span class='ocrx_word' id='word_1_178' title='bbox 1852 475 1915 510; x_wconf 75' lang='grc' dir='ltr'>γὰρ,</span> 
     </span>
    </p>
   </div>
   <div class='ocr_carea' id='block_1_26' title="bbox 1119 513 1918 550">
    <p class='ocr_par' dir='ltr' id='par_1_26' title="bbox 1119 513 1918 550">
     <span class='ocr_line' id='line_1_26' title="bbox 1119 513 1918 550; baseline 0.005 -10"><span class='ocrx_word' id='word_1_179' title='bbox 1119 514 1224 550; x_wconf 73' lang='grc' dir='ltr'>φησὶνὸ</span> <span class='ocrx_word' id='word_1_180' title='bbox 1250 514 1446 550; x_wconf 77' lang='grc' dir='ltr'>εὗαγγελιστὴς,</span> <span class='ocrx_word' id='word_1_181' title='bbox 1474 517 1522 544; x_wconf 73' lang='grc' dir='ltr'>τὴν</span> <span class='ocrx_word' id='word_1_182' title='bbox 1556 513 1635 546; x_wconf 78' lang='grc' dir='ltr'>δόξαν</span> <span class='ocrx_word' id='word_1_183' title='bbox 1661 515 1752 550; x_wconf 74' lang='grc' dir='ltr'>αὑτοῦ,</span> <span class='ocrx_word' id='word_1_184' title='bbox 1778 515 1857 549; x_wconf 78' lang='grc' dir='ltr'>δόξαν</span> <span class='ocrx_word' id='word_1_185' title='bbox 1885 520 1918 549; x_wconf 83' lang='grc' dir='ltr'>ὡς</span> 
     </span>
    </p>
   </div>
   <div class='ocr_carea' id='block_1_27' title="bbox 1118 560 1918 597">
    <p class='ocr_par' dir='ltr' id='par_1_27' title="bbox 1118 560 1918 597">
     <span class='ocr_line' id='line_1_27' title="bbox 1118 560 1918 597; baseline 0 -12"><span class='ocrx_word' id='word_1_186' title='bbox 1118 563 1277 595; x_wconf 79' lang='grc' dir='ltr'>Μονογενοῡς</span> <span class='ocrx_word' id='word_1_187' title='bbox 1311 560 1384 597; x_wconf 78' lang='grc' dir='ltr'>παρὰ</span> <span class='ocrx_word' id='word_1_188' title='bbox 1416 561 1534 597; x_wconf 83' lang='grc' dir='ltr'>Πατρός·</span> <span class='ocrx_word' id='word_1_189' title='bbox 1559 562 1704 592; x_wconf 77' lang='grc' dir='ltr'>τουτέστιν,</span> <span class='ocrx_word' id='word_1_190' title='bbox 1734 561 1783 588; x_wconf 72' lang='grc' dir='ltr'>οὐκ</span> <span class='ocrx_word' id='word_1_191' title='bbox 1807 562 1835 588; x_wconf 68' lang='grc' dir='ltr'>ἐκ</span> <span class='ocrx_word' id='word_1_192' title='bbox 1862 561 1918 590; x_wconf 72' lang='grc' dir='ltr'>ϐω-</span> 
     </span>
    </p>
   </div>
   <div class='ocr_carea' id='block_1_28' title="bbox 1118 602 1918 642">
    <p class='ocr_par' dir='ltr' id='par_1_28' title="bbox 1118 602 1918 642">
     <span class='ocr_line' id='line_1_28' title="bbox 1118 602 1918 642; baseline 0.006 -13"><span class='ocrx_word' id='word_1_193' title='bbox 1118 607 1175 642; x_wconf 61' lang='lat' dir='ltr'>psi;</span> <span class='ocrx_word' id='word_1_194' title='bbox 1200 603 1244 630; x_wconf 85' lang='grc' dir='ltr'>καὶ</span> <span class='ocrx_word' id='word_1_195' title='bbox 1263 605 1374 641; x_wconf 84' lang='grc' dir='ltr'>χάριτος</span> <span class='ocrx_word' id='word_1_196' title='bbox 1398 602 1524 631; x_wconf 76' lang='grc' dir='ltr'>δοθέντων</span> <span class='ocrx_word' id='word_1_197' title='bbox 1539 604 1609 640; x_wconf 78' lang='grc' dir='ltr'>αὐτῷ</span> <span class='ocrx_word' id='word_1_198' title='bbox 1622 615 1672 642; x_wconf 59' lang='lat' dir='ltr'>rei»</span> <span class='ocrx_word' id='word_1_199' title='bbox 1696 606 1845 642; x_wconf 78' lang='grc' dir='ltr'>θαυμάτων,</span> <span class='ocrx_word' id='word_1_200' title='bbox 1861 607 1918 634; x_wconf 75' lang='grc' dir='ltr'>ἀλλ’</span> 
     </span>
    </p>
   </div>
   <div class='ocr_carea' id='block_1_29' title="bbox 1119 648 1920 686">
    <p class='ocr_par' dir='ltr' id='par_1_29' title="bbox 1119 648 1920 686">
     <span class='ocr_line' id='line_1_29' title="bbox 1119 648 1920 686; baseline 0.005 -12"><span class='ocrx_word' id='word_1_201' title='bbox 1119 648 1146 675; x_wconf 81' lang='grc' dir='ltr'>ἐκ</span> <span class='ocrx_word' id='word_1_202' title='bbox 1170 652 1215 679; x_wconf 78' lang='grc' dir='ltr'>τῆς</span> <span class='ocrx_word' id='word_1_203' title='bbox 1240 649 1308 675; x_wconf 82' lang='grc' dir='ltr'>κατὰ</span> <span class='ocrx_word' id='word_1_204' title='bbox 1331 649 1409 685; x_wconf 77' lang='grc' dir='ltr'>φύσιν</span> <span class='ocrx_word' id='word_1_205' title='bbox 1435 651 1570 681; x_wconf 77' lang='grc' dir='ltr'>κοινωνίας</span> <span class='ocrx_word' id='word_1_206' title='bbox 1595 650 1700 686; x_wconf 78' lang='grc' dir='ltr'>ἔχοντος</span> <span class='ocrx_word' id='word_1_207' title='bbox 1723 654 1770 677; x_wconf 83' lang='grc' dir='ltr'>τοῦ</span> <span class='ocrx_word' id='word_1_208' title='bbox 1791 652 1854 678; x_wconf 80' lang='grc' dir='ltr'>Υξοῦ</span> <span class='ocrx_word' id='word_1_209' title='bbox 1873 655 1920 682; x_wconf 79' lang='grc' dir='ltr'>τῆς</span> 
     </span>
    </p>
   </div>
   <div class='ocr_carea' id='block_1_30' title="bbox 1119 693 1919 733">
    <p class='ocr_par' dir='ltr' id='par_1_30' title="bbox 1119 693 1919 733">
     <span class='ocr_line' id='line_1_30' title="bbox 1119 693 1919 733; baseline 0.004 -14"><span class='ocrx_word' id='word_1_210' title='bbox 1119 697 1250 731; x_wconf 80' lang='grc' dir='ltr'>πατρικῆς</span> <span class='ocrx_word' id='word_1_211' title='bbox 1277 694 1395 724; x_wconf 75' lang='grc' dir='ltr'>θεότητος</span> <span class='ocrx_word' id='word_1_212' title='bbox 1422 695 1452 720; x_wconf 88' lang='grc' dir='ltr'>τὸ</span> <span class='ocrx_word' id='word_1_213' title='bbox 1482 693 1593 730; x_wconf 76' lang='grc' dir='ltr'>ἀξίωμα.</span> <span class='ocrx_word' id='word_1_214' title='bbox 1620 697 1655 722; x_wconf 90' lang='grc' dir='ltr'>Τὸ</span> <span class='ocrx_word' id='word_1_215' title='bbox 1682 696 1727 731; x_wconf 73' lang='grc' dir='ltr'>μὶν</span> <span class='ocrx_word' id='word_1_216' title='bbox 1754 697 1805 733; x_wconf 77' lang='grc' dir='ltr'>γὰρ</span> <span class='ocrx_word' id='word_1_217' title='bbox 1833 696 1919 723; x_wconf 78' lang='grc' dir='ltr'>λαϐεῖν</span> 
     </span>
    </p>
   </div>
   <div class='ocr_carea' id='block_1_31' title="bbox 1119 738 1917 777">
    <p class='ocr_par' dir='ltr' id='par_1_31' title="bbox 1119 738 1917 777">
     <span class='ocr_line' id='line_1_31' title="bbox 1119 738 1917 777; baseline 0.004 -13"><span class='ocrx_word' id='word_1_218' title='bbox 1119 740 1204 765; x_wconf 83' lang='grc' dir='ltr'>κοινόν</span> <span class='ocrx_word' id='word_1_219' title='bbox 1229 740 1274 765; x_wconf 83' lang='grc' dir='ltr'>καὶ</span> <span class='ocrx_word' id='word_1_220' title='bbox 1287 741 1359 776; x_wconf 74' lang='grc' dir='ltr'>ζπρὸς</span> <span class='ocrx_word' id='word_1_221' title='bbox 1380 741 1427 768; x_wconf 76' lang='grc' dir='ltr'>τὴν</span> <span class='ocrx_word' id='word_1_222' title='bbox 1448 741 1552 765; x_wconf 79' lang='grc' dir='ltr'>κτίσιν·</span> <span class='ocrx_word' id='word_1_223' title='bbox 1565 742 1595 766; x_wconf 87' lang='grc' dir='ltr'>τό</span> <span class='ocrx_word' id='word_1_224' title='bbox 1620 738 1650 766; x_wconf 63' lang='grc' dir='ltr'>δε</span> <span class='ocrx_word' id='word_1_225' title='bbox 1673 741 1743 776; x_wconf 73' lang='grc' dir='ltr'>ἔχειν</span> <span class='ocrx_word' id='word_1_226' title='bbox 1764 740 1792 767; x_wconf 77' lang='grc' dir='ltr'>ἐκ</span> <span class='ocrx_word' id='word_1_227' title='bbox 1819 743 1917 777; x_wconf 68' lang='grc' dir='ltr'>φύσεως</span> 
     </span>
    </p>
   </div>
   <div class='ocr_carea' id='block_1_32' title="bbox 1119 782 1915 822">
    <p class='ocr_par' dir='ltr' id='par_1_32' title="bbox 1119 782 1915 822">
     <span class='ocr_line' id='line_1_32' title="bbox 1119 782 1915 822; baseline 0.003 -12"><span class='ocrx_word' id='word_1_228' title='bbox 1119 782 1189 810; x_wconf 77' lang='grc' dir='ltr'>ἴδιον</span> <span class='ocrx_word' id='word_1_229' title='bbox 1213 788 1259 810; x_wconf 84' lang='grc' dir='ltr'>τοῦ</span> <span class='ocrx_word' id='word_1_230' title='bbox 1287 785 1461 820; x_wconf 82' lang='grc' dir='ltr'>γεννηθέντος.</span> <span class='ocrx_word' id='word_1_231' title='bbox 1490 784 1532 815; x_wconf 85' lang='grc' dir='ltr'>Ὠς</span> <span class='ocrx_word' id='word_1_232' title='bbox 1554 785 1600 821; x_wconf 68' lang='grc' dir='ltr'>μὲν</span> <span class='ocrx_word' id='word_1_233' title='bbox 1637 783 1682 811; x_wconf 78' lang='grc' dir='ltr'>οὖν</span> <span class='ocrx_word' id='word_1_234' title='bbox 1708 786 1773 819; x_wconf 81' lang='grc' dir='ltr'>Υἱός,</span> <span class='ocrx_word' id='word_1_235' title='bbox 1801 790 1915 822; x_wconf 69' lang='grc' dir='ltr'>φυσικῶς</span> 
     </span>
    </p>
   </div>
   <div class='ocr_carea' id='block_1_33' title="bbox 1120 827 1915 866">
    <p class='ocr_par' dir='ltr' id='par_1_33' title="bbox 1120 827 1915 866">
     <span class='ocr_line' id='line_1_33' title="bbox 1120 827 1915 866; baseline 0.004 -12"><span class='ocrx_word' id='word_1_236' title='bbox 1120 830 1245 857; x_wconf 79' lang='grc' dir='ltr'>κέκτηται</span> <span class='ocrx_word' id='word_1_237' title='bbox 1266 829 1299 855; x_wconf 66' lang='lat' dir='ltr'>ri</span> <span class='ocrx_word' id='word_1_238' title='bbox 1321 832 1368 854; x_wconf 83' lang='grc' dir='ltr'>τοῦ</span> <span class='ocrx_word' id='word_1_239' title='bbox 1390 830 1508 866; x_wconf 83' lang='grc' dir='ltr'>Πατρός·</span> <span class='ocrx_word' id='word_1_240' title='bbox 1525 830 1559 860; x_wconf 82' lang='grc' dir='ltr'>ὡς</span> <span class='ocrx_word' id='word_1_241' title='bbox 1582 827 1611 856; x_wconf 65' lang='grc' dir='ltr'>δὲ</span> <span class='ocrx_word' id='word_1_242' title='bbox 1634 830 1784 866; x_wconf 75' lang='grc' dir='ltr'>Μονογενὴς,</span> <span class='ocrx_word' id='word_1_243' title='bbox 1799 830 1844 856; x_wconf 77' lang='grc' dir='ltr'>ὅλοι</span> <span class='ocrx_word' id='word_1_244' title='bbox 1858 832 1915 866; x_wconf 78' lang='grc' dir='ltr'>ἔχει</span> 
     </span>
    </p>
   </div>
   <div class='ocr_carea' id='block_1_34' title="bbox 239 872 1071 912">
    <p class='ocr_par' dir='ltr' id='par_1_34' title="bbox 239 872 1067 909">
     <span class='ocr_line' id='line_1_34' title="bbox 239 872 1067 909; baseline -0.004 -6"><span class='ocrx_word' id='word_1_245' title='bbox 239 875 332 904; x_wconf 81' lang='lat' dir='ltr'>altero</span> <span class='ocrx_word' id='word_1_246' title='bbox 346 873 510 902; x_wconf 78' lang='lat' dir='ltr'>dividatur.</span> <span class='ocrx_word' id='word_1_247' title='bbox 528 874 569 901; x_wconf 85' lang='lat' dir='ltr'>Ex</span> <span class='ocrx_word' id='word_1_248' title='bbox 583 873 650 909; x_wconf 88' lang='lat' dir='ltr'>ipsa</span> <span class='ocrx_word' id='word_1_249' title='bbox 673 872 764 907; x_wconf 82' lang='lat' dir='ltr'>igitur</span> <span class='ocrx_word' id='word_1_250' title='bbox 785 872 846 900; x_wconf 87' lang='lat' dir='ltr'>Filii</span> <span class='ocrx_word' id='word_1_251' title='bbox 864 872 1067 909; x_wconf 86' lang='lat' dir='ltr'>appellatione</span> 
     </span>
    </p>
   </div>
   <div class='ocr_carea' id='block_1_35' title="bbox 1124 872 1917 912">
    <p class='ocr_par' dir='ltr' id='par_1_35' title="bbox 1124 872 1917 912">
     <span class='ocr_line' id='line_1_35' title="bbox 1124 872 1917 912; baseline 0.003 -13"><span class='ocrx_word' id='word_1_252' title='bbox 1124 872 1145 900; x_wconf 78' lang='grc' dir='ltr'>ἓν</span> <span class='ocrx_word' id='word_1_253' title='bbox 1173 873 1256 908; x_wconf 80' lang='grc' dir='ltr'>ἑαυτῷ</span> <span class='ocrx_word' id='word_1_254' title='bbox 1282 873 1426 907; x_wconf 76' lang='grc' dir='ltr'>συλλαϐὼν,</span> <span class='ocrx_word' id='word_1_255' title='bbox 1456 872 1559 904; x_wconf 77' lang='grc' dir='ltr'>οὐδινὸς</span> <span class='ocrx_word' id='word_1_256' title='bbox 1592 875 1826 912; x_wconf 75' lang='grc' dir='ltr'>καταμεριζομίνου</span> <span class='ocrx_word' id='word_1_257' title='bbox 1854 877 1917 912; x_wconf 85' lang='grc' dir='ltr'>πρὸς</span> 
     </span>
    </p>
   </div>
   <div class='ocr_carea' id='block_1_36' title="bbox 239 917 1067 952">
    <p class='ocr_par' dir='ltr' id='par_1_36' title="bbox 239 917 1067 952">
     <span class='ocr_line' id='line_1_36' title="bbox 239 917 1067 952; baseline 0 -6"><span class='ocrx_word' id='word_1_258' title='bbox 239 917 384 946; x_wconf 87' lang='lat' dir='ltr'>discimus</span> <span class='ocrx_word' id='word_1_259' title='bbox 403 919 518 946; x_wconf 71' lang='lat' dir='ltr'>naturus</span> <span class='ocrx_word' id='word_1_260' title='bbox 531 925 598 945; x_wconf 89' lang='lat' dir='ltr'>esse</span> <span class='ocrx_word' id='word_1_261' title='bbox 612 919 794 951; x_wconf 85' lang='lat' dir='ltr'>consortem,</span> <span class='ocrx_word' id='word_1_262' title='bbox 807 924 868 945; x_wconf 90' lang='lat' dir='ltr'>non</span> <span class='ocrx_word' id='word_1_263' title='bbox 880 917 970 952; x_wconf 88' lang='lat' dir='ltr'>jussu</span> <span class='ocrx_word' id='word_1_264' title='bbox 984 925 1067 946; x_wconf 80' lang='lat' dir='ltr'>crea-</span> 
     </span>
    </p>
   </div>
   <div class='ocr_carea' id='block_1_37' title="bbox 240 961 1069 998">
    <p class='ocr_par' dir='ltr' id='par_1_37' title="bbox 240 961 1069 998">
     <span class='ocr_line' id='line_1_37' title="bbox 240 961 1069 998; baseline -0.002 -7"><span class='ocrx_word' id='word_1_265' title='bbox 240 964 316 996; x_wconf 87' lang='lat' dir='ltr'>tum,</span> <span class='ocrx_word' id='word_1_266' title='bbox 332 961 386 990; x_wconf 89' lang='lat' dir='ltr'>sed</span> <span class='ocrx_word' id='word_1_267' title='bbox 404 962 469 990; x_wconf 84' lang='lat' dir='ltr'>sine</span> <span class='ocrx_word' id='word_1_268' title='bbox 484 961 546 990; x_wconf 92' lang='lat' dir='ltr'>ullo</span> <span class='ocrx_word' id='word_1_269' title='bbox 565 961 722 990; x_wconf 79' lang='lat' dir='ltr'>intervallo</span> <span class='ocrx_word' id='word_1_270' title='bbox 739 970 773 989; x_wconf 83' lang='lat' dir='ltr'>ex</span> <span class='ocrx_word' id='word_1_271' title='bbox 789 961 959 990; x_wconf 80' lang='lat' dir='ltr'>substantia</span> <span class='ocrx_word' id='word_1_272' title='bbox 972 962 1069 998; x_wconf 80' lang='lat' dir='ltr'>splen-</span> 
     </span>
    </p>
   </div>
   <div class='ocr_carea' id='block_1_38' title="bbox 240 1005 1069 1042">
    <p class='ocr_par' dir='ltr' id='par_1_38' title="bbox 240 1005 1069 1042">
     <span class='ocr_line' id='line_1_38' title="bbox 240 1005 1069 1042; baseline 0 -7"><span class='ocrx_word' id='word_1_273' title='bbox 240 1006 373 1041; x_wconf 83' lang='lat' dir='ltr'>dentem,</span> <span class='ocrx_word' id='word_1_274' title='bbox 387 1006 450 1034; x_wconf 88' lang='lat' dir='ltr'>sine</span> <span class='ocrx_word' id='word_1_275' title='bbox 466 1005 526 1034; x_wconf 85' lang='lat' dir='ltr'>ullo</span> <span class='ocrx_word' id='word_1_276' title='bbox 541 1007 687 1041; x_wconf 89' lang='lat' dir='ltr'>temporis</span> <span class='ocrx_word' id='word_1_277' title='bbox 702 1006 800 1042; x_wconf 88' lang='lat' dir='ltr'>spatio</span> <span class='ocrx_word' id='word_1_278' title='bbox 816 1014 884 1034; x_wconf 90' lang='lat' dir='ltr'>cum</span> <span class='ocrx_word' id='word_1_279' title='bbox 901 1008 986 1034; x_wconf 86' lang='lat' dir='ltr'>Patre</span> <span class='ocrx_word' id='word_1_280' title='bbox 999 1014 1069 1035; x_wconf 90' lang='lat' dir='ltr'>con-</span> 
     </span>
    </p>
   </div>
   <div class='ocr_carea' id='block_1_39' title="bbox 238 1051 1070 1089">
    <p class='ocr_par' dir='ltr' id='par_1_39' title="bbox 238 1051 1070 1089">
     <span class='ocr_line' id='line_1_39' title="bbox 238 1051 1070 1089; baseline 0 -9"><span class='ocrx_word' id='word_1_281' title='bbox 238 1052 390 1089; x_wconf 84' lang='lat' dir='ltr'>junctum,</span> <span class='ocrx_word' id='word_1_282' title='bbox 401 1051 550 1088; x_wconf 73' lang='lat' dir='ltr'>aequalem</span> <span class='ocrx_word' id='word_1_283' title='bbox 572 1051 603 1079; x_wconf 91' lang='lat' dir='ltr'>in</span> <span class='ocrx_word' id='word_1_284' title='bbox 617 1051 763 1085; x_wconf 85' lang='lat' dir='ltr'>bonitate,</span> <span class='ocrx_word' id='word_1_285' title='bbox 779 1051 929 1088; x_wconf 74' lang='lat' dir='ltr'>aequalem</span> <span class='ocrx_word' id='word_1_286' title='bbox 941 1052 972 1079; x_wconf 91' lang='lat' dir='ltr'>in</span> <span class='ocrx_word' id='word_1_287' title='bbox 988 1054 1070 1088; x_wconf 87' lang='lat' dir='ltr'>pote-</span> 
     </span>
    </p>
   </div>
   <div class='ocr_carea' id='block_1_40' title="bbox 242 1096 1070 1133">
    <p class='ocr_par' dir='ltr' id='par_1_40' title="bbox 242 1096 1070 1133">
     <span class='ocr_line' id='line_1_40' title="bbox 242 1096 1070 1133; baseline 0 -8"><span class='ocrx_word' id='word_1_288' title='bbox 242 1099 330 1132; x_wconf 86' lang='lat' dir='ltr'>state,</span> <span class='ocrx_word' id='word_1_289' title='bbox 346 1099 518 1125; x_wconf 85' lang='lat' dir='ltr'>consortem</span> <span class='ocrx_word' id='word_1_290' title='bbox 528 1096 707 1131; x_wconf 83' lang='lat' dir='ltr'>majestatis.</span> <span class='ocrx_word' id='word_1_291' title='bbox 723 1096 837 1133; x_wconf 86' lang='lat' dir='ltr'>Ecquid</span> <span class='ocrx_word' id='word_1_292' title='bbox 853 1097 944 1130; x_wconf 87' lang='lat' dir='ltr'>enim,</span> <span class='ocrx_word' id='word_1_293' title='bbox 960 1097 1018 1125; x_wconf 87' lang='lat' dir='ltr'>nisi</span> <span class='ocrx_word' id='word_1_294' title='bbox 1031 1097 1070 1125; x_wconf 87' lang='lat' dir='ltr'>si—</span> 
     </span>
    </p>
   </div>
   <div class='ocr_carea' id='block_1_41' title="bbox 241 1141 1070 1178">
    <p class='ocr_par' dir='ltr' id='par_1_41' title="bbox 241 1141 1070 1178">
     <span class='ocr_line' id='line_1_41' title="bbox 241 1141 1070 1178; baseline -0.001 -8"><span class='ocrx_word' id='word_1_295' title='bbox 241 1142 347 1178; x_wconf 81' lang='lat' dir='ltr'>gillum</span> <span class='ocrx_word' id='word_1_296' title='bbox 362 1144 390 1170; x_wconf 86' lang='lat' dir='ltr'>el</span> <span class='ocrx_word' id='word_1_297' title='bbox 403 1141 516 1177; x_wconf 82' lang='lat' dir='ltr'>imago,</span> <span class='ocrx_word' id='word_1_298' title='bbox 532 1141 696 1169; x_wconf 88' lang='lat' dir='ltr'>ostendens</span> <span class='ocrx_word' id='word_1_299' title='bbox 712 1141 743 1169; x_wconf 90' lang='lat' dir='ltr'>in</span> <span class='ocrx_word' id='word_1_300' title='bbox 764 1149 796 1169; x_wconf 88' lang='lat' dir='ltr'>se</span> <span class='ocrx_word' id='word_1_301' title='bbox 818 1143 934 1170; x_wconf 82' lang='lat' dir='ltr'>Patrem</span> <span class='ocrx_word' id='word_1_302' title='bbox 949 1144 1045 1170; x_wconf 90' lang='lat' dir='ltr'>totum</span> <span class='ocrx_word' id='word_1_303' title='bbox 1055 1142 1070 1170; x_wconf 74' lang='lat'>‘2</span> 
     </span>
    </p>
   </div>
   <div class='ocr_carea' id='block_1_42' title="bbox 242 1187 1070 1225">
    <p class='ocr_par' dir='ltr' id='par_1_42' title="bbox 242 1187 1070 1225">
     <span class='ocr_line' id='line_1_42' title="bbox 242 1187 1070 1225; baseline 0 -9"><span class='ocrx_word' id='word_1_304' title='bbox 242 1189 433 1225; x_wconf 70' lang='lat' dir='ltr'>Qumcunque</span> <span class='ocrx_word' id='word_1_305' title='bbox 443 1189 543 1215; x_wconf 85' lang='lat' dir='ltr'>autem</span> <span class='ocrx_word' id='word_1_306' title='bbox 553 1187 829 1223; x_wconf 88' lang='lat' dir='ltr'>postea,hominum</span> <span class='ocrx_word' id='word_1_307' title='bbox 837 1187 1018 1223; x_wconf 85' lang='lat' dir='ltr'>dispensans</span> <span class='ocrx_word' id='word_1_308' title='bbox 1025 1195 1070 1216; x_wconf 87' lang='lat' dir='ltr'>sa-</span> 
     </span>
    </p>
   </div>
   <div class='ocr_carea' id='block_1_43' title="bbox 241 1231 1070 1270">
    <p class='ocr_par' dir='ltr' id='par_1_43' title="bbox 241 1231 1070 1270">
     <span class='ocr_line' id='line_1_43' title="bbox 241 1231 1070 1270; baseline -0.001 -10"><span class='ocrx_word' id='word_1_309' title='bbox 241 1232 345 1266; x_wconf 87' lang='lat' dir='ltr'>lutem,</span> <span class='ocrx_word' id='word_1_310' title='bbox 354 1239 448 1270; x_wconf 88' lang='lat' dir='ltr'>quam</span> <span class='ocrx_word' id='word_1_311' title='bbox 458 1231 547 1259; x_wconf 88' lang='lat' dir='ltr'>nobis</span> <span class='ocrx_word' id='word_1_312' title='bbox 559 1239 612 1267; x_wconf 88' lang='lat' dir='ltr'>per</span> <span class='ocrx_word' id='word_1_313' title='bbox 622 1239 746 1259; x_wconf 86' lang='lat' dir='ltr'>carnem</span> <span class='ocrx_word' id='word_1_314' title='bbox 752 1231 937 1267; x_wconf 91' lang='lat' dir='ltr'>conspicuus</span> <span class='ocrx_word' id='word_1_315' title='bbox 948 1231 1070 1259; x_wconf 74' lang='lat' dir='ltr'>effectus</span> 
     </span>
    </p>
   </div>
   <div class='ocr_carea' id='block_1_44' title="bbox 243 1275 1070 1311">
    <p class='ocr_par' dir='ltr' id='par_1_44' title="bbox 243 1275 1070 1311">
     <span class='ocr_line' id='line_1_44' title="bbox 243 1275 1070 1311; baseline 0 -6"><span class='ocrx_word' id='word_1_316' title='bbox 243 1276 389 1310; x_wconf 77' lang='lat' dir='ltr'>exhibuit,</span> <span class='ocrx_word' id='word_1_317' title='bbox 405 1277 446 1304; x_wconf 89' lang='lat' dir='ltr'>ita</span> <span class='ocrx_word' id='word_1_318' title='bbox 462 1275 514 1303; x_wconf 86' lang='lat' dir='ltr'>tibi</span> <span class='ocrx_word' id='word_1_319' title='bbox 529 1283 565 1303; x_wconf 82' lang='lat' dir='ltr'>ex</span> <span class='ocrx_word' id='word_1_320' title='bbox 581 1275 716 1311; x_wconf 88' lang='lat' dir='ltr'>corporis</span> <span class='ocrx_word' id='word_1_321' title='bbox 729 1276 941 1305; x_wconf 86' lang='lat' dir='ltr'>constitutione</span> <span class='ocrx_word' id='word_1_322' title='bbox 961 1277 1070 1306; x_wconf 87' lang='lat' dir='ltr'>edisse-</span> 
     </span>
    </p>
   </div>
   <div class='ocr_carea' id='block_1_45' title="bbox 241 1320 1070 1358">
    <p class='ocr_par' dir='ltr' id='par_1_45' title="bbox 241 1320 1070 1358">
     <span class='ocr_line' id='line_1_45' title="bbox 241 1320 1070 1358; baseline 0.001 -8"><span class='ocrx_word' id='word_1_323' title='bbox 241 1322 289 1356; x_wconf 89' lang='lat' dir='ltr'>rit,</span> <span class='ocrx_word' id='word_1_324' title='bbox 297 1323 328 1349; x_wconf 87' lang='lat' dir='ltr'>ut</span> <span class='ocrx_word' id='word_1_325' title='bbox 337 1321 419 1349; x_wconf 80' lang='lat' dir='ltr'>dicat</span> <span class='ocrx_word' id='word_1_326' title='bbox 432 1320 560 1348; x_wconf 88' lang='lat' dir='ltr'>missum</span> <span class='ocrx_word' id='word_1_327' title='bbox 571 1328 603 1348; x_wconf 87' lang='lat' dir='ltr'>se</span> <span class='ocrx_word' id='word_1_328' title='bbox 615 1328 690 1354; x_wconf 86' lang='lat' dir='ltr'>esse,</span> <span class='ocrx_word' id='word_1_329' title='bbox 707 1323 736 1348; x_wconf 91' lang='lat' dir='ltr'>et</span> <span class='ocrx_word' id='word_1_330' title='bbox 747 1321 820 1349; x_wconf 87' lang='lat' dir='ltr'>nihil</span> <span class='ocrx_word' id='word_1_331' title='bbox 835 1329 854 1349; x_wconf 75' lang='grc' dir='ltr'>δ.</span> <span class='ocrx_word' id='word_1_332' title='bbox 864 1322 963 1358; x_wconf 90' lang='lat' dir='ltr'>seipso</span> <span class='ocrx_word' id='word_1_333' title='bbox 972 1322 1070 1351; x_wconf 77' lang='lat' dir='ltr'>facere</span> 
     </span>
    </p>
   </div>
   <div class='ocr_carea' id='block_1_46' title="bbox 243 1365 1070 1403">
    <p class='ocr_par' dir='ltr' id='par_1_46' title="bbox 243 1365 1070 1403">
     <span class='ocr_line' id='line_1_46' title="bbox 243 1365 1070 1403; baseline 0.002 -10"><span class='ocrx_word' id='word_1_334' title='bbox 243 1374 347 1403; x_wconf 86' lang='lat' dir='ltr'>posse,</span> <span class='ocrx_word' id='word_1_335' title='bbox 359 1368 387 1393; x_wconf 86' lang='lat' dir='ltr'>et</span> <span class='ocrx_word' id='word_1_336' title='bbox 400 1365 554 1401; x_wconf 83' lang='lat' dir='ltr'>accepisse</span> <span class='ocrx_word' id='word_1_337' title='bbox 568 1373 599 1393; x_wconf 92' lang='lat' dir='ltr'>se</span> <span class='ocrx_word' id='word_1_338' title='bbox 612 1365 792 1393; x_wconf 86' lang='lat' dir='ltr'>mandatum</span> <span class='ocrx_word' id='word_1_339' title='bbox 803 1367 832 1394; x_wconf 87' lang='lat' dir='ltr'>et</span> <span class='ocrx_word' id='word_1_340' title='bbox 845 1366 904 1394; x_wconf 84' lang='lat' dir='ltr'>alia</span> <span class='ocrx_word' id='word_1_341' title='bbox 918 1366 948 1394; x_wconf 92' lang='lat' dir='ltr'>id</span> <span class='ocrx_word' id='word_1_342' title='bbox 962 1374 1070 1402; x_wconf 78' lang='lat' dir='ltr'>genus,</span> 
     </span>
    </p>
   </div>
   <div class='ocr_carea' id='block_1_47' title="bbox 245 1410 1070 1446">
    <p class='ocr_par' dir='ltr' id='par_1_47' title="bbox 245 1410 1070 1446">
     <span class='ocr_line' id='line_1_47' title="bbox 245 1410 1070 1446; baseline 0 -7"><span class='ocrx_word' id='word_1_343' title='bbox 245 1419 283 1439; x_wconf 90' lang='lat' dir='ltr'>ne</span> <span class='ocrx_word' id='word_1_344' title='bbox 297 1410 391 1438; x_wconf 84' lang='lat' dir='ltr'>ullam</span> <span class='ocrx_word' id='word_1_345' title='bbox 406 1410 459 1438; x_wconf 89' lang='lat' dir='ltr'>tibi</span> <span class='ocrx_word' id='word_1_346' title='bbox 473 1410 665 1438; x_wconf 83' lang='lat' dir='ltr'>occasionem</span> <span class='ocrx_word' id='word_1_347' title='bbox 677 1410 832 1446; x_wconf 59' lang='lat' dir='ltr'>prabeant</span> <span class='ocrx_word' id='word_1_348' title='bbox 840 1410 879 1438; x_wconf 89' lang='lat' dir='ltr'>ad</span> <span class='ocrx_word' id='word_1_349' title='bbox 890 1411 1070 1440; x_wconf 89' lang='lat' dir='ltr'>imminuen-</span> 
     </span>
    </p>
   </div>
   <div class='ocr_carea' id='block_1_48' title="bbox 245 1454 1071 1489">
    <p class='ocr_par' dir='ltr' id='par_1_48' title="bbox 245 1454 1071 1489">
     <span class='ocr_line' id='line_1_48' title="bbox 245 1454 1071 1489; baseline 0.001 -5"><span class='ocrx_word' id='word_1_350' title='bbox 245 1456 318 1484; x_wconf 84' lang='lat' dir='ltr'>dam</span> <span class='ocrx_word' id='word_1_351' title='bbox 342 1454 489 1489; x_wconf 84' lang='lat' dir='ltr'>Unigeniti</span> <span class='ocrx_word' id='word_1_352' title='bbox 513 1454 711 1483; x_wconf 85' lang='lat' dir='ltr'>divinitatem.</span> <span class='ocrx_word' id='word_1_353' title='bbox 728 1457 801 1483; x_wconf 87' lang='lat' dir='ltr'>Nam</span> <span class='ocrx_word' id='word_1_354' title='bbox 817 1455 940 1483; x_wconf 89' lang='lat' dir='ltr'>humilis</span> <span class='ocrx_word' id='word_1_355' title='bbox 959 1456 1007 1484; x_wconf 90' lang='lat' dir='ltr'>ille</span> <span class='ocrx_word' id='word_1_356' title='bbox 1031 1457 1071 1485; x_wconf 89' lang='lat' dir='ltr'>ad</span> 
     </span>
    </p>
   </div>
   <div class='ocr_carea' id='block_1_49' title="bbox 245 1500 1072 1537">
    <p class='ocr_par' dir='ltr' id='par_1_49' title="bbox 245 1500 1072 1537">
     <span class='ocr_line' id='line_1_49' title="bbox 245 1500 1072 1537; baseline 0.001 -8"><span class='ocrx_word' id='word_1_357' title='bbox 245 1502 331 1530; x_wconf 87' lang='lat' dir='ltr'>tuam</span> <span class='ocrx_word' id='word_1_358' title='bbox 354 1500 561 1528; x_wconf 88' lang='lat' dir='ltr'>inﬁrmitatem</span> <span class='ocrx_word' id='word_1_359' title='bbox 579 1507 732 1535; x_wconf 86' lang='lat' dir='ltr'>accessus,</span> <span class='ocrx_word' id='word_1_360' title='bbox 748 1500 926 1535; x_wconf 81' lang='lat' dir='ltr'>dignitatem</span> <span class='ocrx_word' id='word_1_361' title='bbox 941 1502 1072 1537; x_wconf 85' lang='lat' dir='ltr'>potentis</span> 
     </span>
    </p>
   </div>
   <div class='ocr_carea' id='block_1_50' title="bbox 246 1544 1108 1587">
    <p class='ocr_par' dir='ltr' id='par_1_50' title="bbox 246 1544 1108 1587">
     <span class='ocr_line' id='line_1_50' title="bbox 246 1544 1108 1587; baseline 0.002 -14"><span class='ocrx_word' id='word_1_362' title='bbox 246 1545 384 1577; x_wconf 86' lang='lat' dir='ltr'>minuere</span> <span class='ocrx_word' id='word_1_363' title='bbox 403 1552 465 1572; x_wconf 91' lang='lat' dir='ltr'>non</span> <span class='ocrx_word' id='word_1_364' title='bbox 480 1544 588 1572; x_wconf 85' lang='lat' dir='ltr'>debet:</span> <span class='ocrx_word' id='word_1_365' title='bbox 615 1544 669 1572; x_wconf 93' lang='lat' dir='ltr'>sed</span> <span class='ocrx_word' id='word_1_366' title='bbox 693 1547 833 1573; x_wconf 79' lang='lat' dir='ltr'>naturam</span> <span class='ocrx_word' id='word_1_367' title='bbox 850 1545 980 1580; x_wconf 84' lang='lat' dir='ltr'>intellige</span> <span class='ocrx_word' id='word_1_368' title='bbox 1002 1554 1073 1575; x_wconf 89' lang='lat' dir='ltr'>con-</span> <span class='ocrx_word' id='word_1_369' title='bbox 1087 1559 1108 1587; x_wconf 71' lang='grc' dir='ltr'>ο</span> 
     </span>
    </p>
   </div>
   <div class='ocr_carea' id='block_1_51' title="bbox 247 1589 1073 1625">
    <p class='ocr_par' dir='ltr' id='par_1_51' title="bbox 247 1589 1073 1625">
     <span class='ocr_line' id='line_1_51' title="bbox 247 1589 1073 1625; baseline 0.001 -7"><span class='ocrx_word' id='word_1_370' title='bbox 247 1592 388 1625; x_wconf 82' lang='lat' dir='ltr'>gruenter</span> <span class='ocrx_word' id='word_1_371' title='bbox 403 1590 463 1616; x_wconf 88' lang='lat' dir='ltr'>Deo</span> <span class='ocrx_word' id='word_1_372' title='bbox 483 1589 768 1625; x_wconf 85' lang='lat' dir='ltr'>convenienterque,</span> <span class='ocrx_word' id='word_1_373' title='bbox 783 1590 876 1618; x_wconf 83' lang='lat' dir='ltr'>verba</span> <span class='ocrx_word' id='word_1_374' title='bbox 891 1598 962 1619; x_wconf 87' lang='lat' dir='ltr'>vero</span> <span class='ocrx_word' id='word_1_375' title='bbox 977 1591 1073 1619; x_wconf 89' lang='lat' dir='ltr'>humi-</span> 
     </span>
    </p>
   </div>
   <div class='ocr_carea' id='block_1_52' title="bbox 245 1633 1073 1670">
    <p class='ocr_par' dir='ltr' id='par_1_52' title="bbox 245 1633 1073 1670">
     <span class='ocr_line' id='line_1_52' title="bbox 245 1633 1073 1670; baseline 0.002 -8"><span class='ocrx_word' id='word_1_376' title='bbox 245 1634 323 1663; x_wconf 85' lang='lat' dir='ltr'>liora</span> <span class='ocrx_word' id='word_1_377' title='bbox 341 1634 378 1662; x_wconf 89' lang='lat' dir='ltr'>de</span> <span class='ocrx_word' id='word_1_378' title='bbox 395 1633 602 1662; x_wconf 81' lang='lat' dir='ltr'>incarnatione</span> <span class='ocrx_word' id='word_1_379' title='bbox 617 1634 731 1669; x_wconf 83' lang='lat' dir='ltr'>accipe.</span> <span class='ocrx_word' id='word_1_380' title='bbox 747 1635 787 1662; x_wconf 91' lang='lat' dir='ltr'>De</span> <span class='ocrx_word' id='word_1_381' title='bbox 804 1634 915 1670; x_wconf 86' lang='lat' dir='ltr'>quibus</span> <span class='ocrx_word' id='word_1_382' title='bbox 940 1636 965 1663; x_wconf 92' lang='lat' dir='ltr'>si</span> <span class='ocrx_word' id='word_1_383' title='bbox 987 1636 1073 1664; x_wconf 88' lang='lat' dir='ltr'>velle-</span> 
     </span>
    </p>
   </div>
   <div class='ocr_carea' id='block_1_53' title="bbox 247 1679 1074 1716">
    <p class='ocr_par' dir='ltr' id='par_1_53' title="bbox 247 1679 1074 1716">
     <span class='ocr_line' id='line_1_53' title="bbox 247 1679 1074 1716; baseline 0.001 -8"><span class='ocrx_word' id='word_1_384' title='bbox 247 1687 317 1709; x_wconf 85' lang='lat' dir='ltr'>mus</span> <span class='ocrx_word' id='word_1_385' title='bbox 341 1686 422 1707; x_wconf 90' lang='lat' dir='ltr'>nunc</span> <span class='ocrx_word' id='word_1_386' title='bbox 448 1681 590 1706; x_wconf 87' lang='lat' dir='ltr'>accurate</span> <span class='ocrx_word' id='word_1_387' title='bbox 612 1680 750 1715; x_wconf 84' lang='lat' dir='ltr'>tractare,</span> <span class='ocrx_word' id='word_1_388' title='bbox 766 1679 879 1708; x_wconf 86' lang='lat' dir='ltr'>incauti</span> <span class='ocrx_word' id='word_1_389' title='bbox 900 1688 936 1708; x_wconf 87' lang='lat' dir='ltr'>ac</span> <span class='ocrx_word' id='word_1_390' title='bbox 965 1681 1074 1716; x_wconf 88' lang='lat' dir='ltr'>impru-</span> 
     </span>
    </p>
   </div>
   <div class='ocr_carea' id='block_1_54' title="bbox 249 1723 1074 1762">
    <p class='ocr_par' dir='ltr' id='par_1_54' title="bbox 249 1723 1074 1762">
     <span class='ocr_line' id='line_1_54' title="bbox 249 1723 1074 1762; baseline 0.004 -10"><span class='ocrx_word' id='word_1_391' title='bbox 249 1724 353 1753; x_wconf 87' lang='lat' dir='ltr'>dentes</span> <span class='ocrx_word' id='word_1_392' title='bbox 368 1723 507 1757; x_wconf 87' lang='lat' dir='ltr'>multam,</span> <span class='ocrx_word' id='word_1_393' title='bbox 523 1724 585 1752; x_wconf 93' lang='lat' dir='ltr'>imo</span> <span class='ocrx_word' id='word_1_394' title='bbox 604 1723 754 1752; x_wconf 88' lang='lat' dir='ltr'>inﬁnitam</span> <span class='ocrx_word' id='word_1_395' title='bbox 769 1724 930 1753; x_wconf 84' lang='lat' dir='ltr'>verborum</span> <span class='ocrx_word' id='word_1_396' title='bbox 954 1726 1074 1762; x_wconf 87' lang='lat' dir='ltr'>copiam</span> 
     </span>
    </p>
   </div>
   <div class='ocr_carea' id='block_1_55' title="bbox 249 1769 948 1805">
    <p class='ocr_par' dir='ltr' id='par_1_55' title="bbox 249 1769 948 1805">
     <span class='ocr_line' id='line_1_55' title="bbox 249 1769 948 1805; baseline 0.001 -8"><span class='ocrx_word' id='word_1_397' title='bbox 249 1769 290 1798; x_wconf 83' lang='lat' dir='ltr'>ad</span> <span class='ocrx_word' id='word_1_398' title='bbox 303 1771 480 1805; x_wconf 87' lang='lat' dir='ltr'>susceptum</span> <span class='ocrx_word' id='word_1_399' title='bbox 493 1770 708 1804; x_wconf 83' lang='lat' dir='ltr'>argumentum</span> <span class='ocrx_word' id='word_1_400' title='bbox 723 1777 948 1805; x_wconf 81' lang='lat' dir='ltr'>aggereremus.</span> 
     </span>
    </p>
   </div>
   <div class='ocr_carea' id='block_1_56' title="bbox 284 1813 1076 1852">
    <p class='ocr_par' dir='ltr' id='par_1_56' title="bbox 284 1813 1076 1852">
     <span class='ocr_line' id='line_1_56' title="bbox 284 1813 1076 1852; baseline 0.003 -9"><span class='ocrx_word' id='word_1_401' title='bbox 284 1816 312 1843; x_wconf 89' lang='lat'>3.</span> <span class='ocrx_word' id='word_1_402' title='bbox 333 1813 391 1843; x_wconf 91' lang='lat' dir='ltr'>Sed</span> <span class='ocrx_word' id='word_1_403' title='bbox 405 1814 445 1842; x_wconf 84' lang='lat' dir='ltr'>ad</span> <span class='ocrx_word' id='word_1_404' title='bbox 465 1813 655 1850; x_wconf 88' lang='lat' dir='ltr'>propositum</span> <span class='ocrx_word' id='word_1_405' title='bbox 669 1817 865 1843; x_wconf 88' lang='lat' dir='ltr'>revertamur.</span> <span class='ocrx_word' id='word_1_406' title='bbox 879 1817 958 1844; x_wconf 84' lang='lat' dir='ltr'>Mens</span> <span class='ocrx_word' id='word_1_407' title='bbox 974 1824 1041 1852; x_wconf 76' lang='lat' dir='ltr'>quae</span> <span class='ocrx_word' id='word_1_408' title='bbox 1057 1824 1076 1845; x_wconf 84' lang='lat' dir='ltr'>a</span> 
     </span>
    </p>
   </div>
   <div class='ocr_carea' id='block_1_57' title="bbox 249 1858 1075 1897">
    <p class='ocr_par' dir='ltr' id='par_1_57' title="bbox 249 1858 1075 1897">
     <span class='ocr_line' id='line_1_57' title="bbox 249 1858 1075 1897; baseline 0.001 -9"><span class='ocrx_word' id='word_1_409' title='bbox 249 1859 373 1888; x_wconf 87' lang='lat' dir='ltr'>terrenis</span> <span class='ocrx_word' id='word_1_410' title='bbox 379 1858 588 1887; x_wconf 79' lang='lat' dir='ltr'>affectionibus</span> <span class='ocrx_word' id='word_1_411' title='bbox 594 1867 670 1894; x_wconf 86' lang='lat' dir='ltr'>pura</span> <span class='ocrx_word' id='word_1_412' title='bbox 676 1867 742 1887; x_wconf 88' lang='lat' dir='ltr'>esse</span> <span class='ocrx_word' id='word_1_413' title='bbox 747 1859 1075 1897; x_wconf 83' lang='lat' dir='ltr'>potuerit,omnemque</span> 
     </span>
    </p>
   </div>
   <div class='ocr_carea' id='block_1_58' title="bbox 249 1903 1075 1942">
    <p class='ocr_par' dir='ltr' id='par_1_58' title="bbox 249 1903 1075 1942">
     <span class='ocr_line' id='line_1_58' title="bbox 249 1903 1075 1942; baseline 0.002 -10"><span class='ocrx_word' id='word_1_414' title='bbox 249 1903 465 1939; x_wconf 84' lang='lat' dir='ltr'>intelligibilem</span> <span class='ocrx_word' id='word_1_415' title='bbox 477 1906 648 1931; x_wconf 87' lang='lat' dir='ltr'>creaturam</span> <span class='ocrx_word' id='word_1_416' title='bbox 657 1903 836 1940; x_wconf 87' lang='lat' dir='ltr'>relinquere,</span> <span class='ocrx_word' id='word_1_417' title='bbox 848 1907 876 1933; x_wconf 88' lang='lat' dir='ltr'>et</span> <span class='ocrx_word' id='word_1_418' title='bbox 888 1906 976 1941; x_wconf 87' lang='lat' dir='ltr'>quasi</span> <span class='ocrx_word' id='word_1_419' title='bbox 986 1906 1075 1942; x_wconf 87' lang='lat' dir='ltr'>piscis</span> 
     </span>
    </p>
   </div>
   <div class='ocr_carea' id='block_1_59' title="bbox 251 1948 1076 1985">
    <p class='ocr_par' dir='ltr' id='par_1_59' title="bbox 251 1948 1076 1985">
     <span class='ocr_line' id='line_1_59' title="bbox 251 1948 1076 1985; baseline 0.001 -8"><span class='ocrx_word' id='word_1_420' title='bbox 251 1948 358 1985; x_wconf 87' lang='lat' dir='ltr'>aliquis</span> <span class='ocrx_word' id='word_1_421' title='bbox 371 1957 386 1977; x_wconf 91' lang='lat' dir='ltr'>e</span> <span class='ocrx_word' id='word_1_422' title='bbox 406 1948 559 1984; x_wconf 85' lang='lat' dir='ltr'>profundo</span> <span class='ocrx_word' id='word_1_423' title='bbox 572 1948 611 1975; x_wconf 82' lang='lat' dir='ltr'>ad</span> <span class='ocrx_word' id='word_1_424' title='bbox 631 1956 785 1977; x_wconf 86' lang='lat' dir='ltr'>summam</span> <span class='ocrx_word' id='word_1_425' title='bbox 799 1949 989 1985; x_wconf 88' lang='lat' dir='ltr'>superﬁciem</span> <span class='ocrx_word' id='word_1_426' title='bbox 1002 1958 1076 1978; x_wconf 86' lang='lat' dir='ltr'>ena-</span> 
     </span>
    </p>
   </div>
   <div class='ocr_carea' id='block_1_60' title="bbox 251 1992 1076 2029">
    <p class='ocr_par' dir='ltr' id='par_1_60' title="bbox 251 1992 1076 2029">
     <span class='ocr_line' id='line_1_60' title="bbox 251 1992 1076 2029; baseline 0.004 -9"><span class='ocrx_word' id='word_1_427' title='bbox 251 1995 324 2027; x_wconf 83' lang='lat' dir='ltr'>tare,</span> <span class='ocrx_word' id='word_1_428' title='bbox 334 1993 399 2029; x_wconf 90' lang='lat' dir='ltr'>jam</span> <span class='ocrx_word' id='word_1_429' title='bbox 411 1993 441 2020; x_wconf 92' lang='lat' dir='ltr'>in</span> <span class='ocrx_word' id='word_1_430' title='bbox 454 1992 612 2021; x_wconf 86' lang='lat' dir='ltr'>creationis</span> <span class='ocrx_word' id='word_1_431' title='bbox 631 1993 761 2028; x_wconf 82' lang='lat' dir='ltr'>puritate</span> <span class='ocrx_word' id='word_1_432' title='bbox 776 1994 946 2028; x_wconf 83' lang='lat' dir='ltr'>constituta,</span> <span class='ocrx_word' id='word_1_433' title='bbox 963 1995 1023 2023; x_wconf 89' lang='lat' dir='ltr'>illic</span> <span class='ocrx_word' id='word_1_434' title='bbox 1037 1995 1076 2023; x_wconf 86' lang='lat' dir='ltr'>vi-</span> 
     </span>
    </p>
   </div>
   <div class='ocr_carea' id='block_1_61' title="bbox 250 2037 1077 2074">
    <p class='ocr_par' dir='ltr' id='par_1_61' title="bbox 250 2037 1077 2074">
     <span class='ocr_line' id='line_1_61' title="bbox 250 2037 1077 2074; baseline 0.002 -8"><span class='ocrx_word' id='word_1_435' title='bbox 250 2038 334 2067; x_wconf 87' lang='lat' dir='ltr'>debit</span> <span class='ocrx_word' id='word_1_436' title='bbox 347 2037 489 2074; x_wconf 86' lang='lat' dir='ltr'>Spiritum</span> <span class='ocrx_word' id='word_1_437' title='bbox 502 2040 653 2073; x_wconf 84' lang='lat' dir='ltr'>sanctum,</span> <span class='ocrx_word' id='word_1_438' title='bbox 671 2037 723 2066; x_wconf 88' lang='lat' dir='ltr'>ubi</span> <span class='ocrx_word' id='word_1_439' title='bbox 743 2038 834 2066; x_wconf 90' lang='lat' dir='ltr'>Filius</span> <span class='ocrx_word' id='word_1_440' title='bbox 846 2041 901 2074; x_wconf 88' lang='lat' dir='ltr'>est,</span> <span class='ocrx_word' id='word_1_441' title='bbox 915 2042 943 2067; x_wconf 87' lang='lat' dir='ltr'>et</span> <span class='ocrx_word' id='word_1_442' title='bbox 959 2039 1011 2068; x_wconf 89' lang='lat' dir='ltr'>ubi</span> <span class='ocrx_word' id='word_1_443' title='bbox 1024 2041 1077 2068; x_wconf 78' lang='lat' dir='ltr'>Pa-</span> 
     </span>
    </p>
   </div>
   <div class='ocr_carea' id='block_1_62' title="bbox 251 2082 1077 2120">
    <p class='ocr_par' dir='ltr' id='par_1_62' title="bbox 251 2082 1077 2120">
     <span class='ocr_line' id='line_1_62' title="bbox 251 2082 1077 2120; baseline 0.001 -8"><span class='ocrx_word' id='word_1_444' title='bbox 251 2085 311 2113; x_wconf 88' lang='lat' dir='ltr'>ter:</span> <span class='ocrx_word' id='word_1_445' title='bbox 328 2083 380 2120; x_wconf 88' lang='lat' dir='ltr'>qui</span> <span class='ocrx_word' id='word_1_446' title='bbox 400 2085 428 2111; x_wconf 90' lang='lat' dir='ltr'>et</span> <span class='ocrx_word' id='word_1_447' title='bbox 448 2082 512 2119; x_wconf 90' lang='lat' dir='ltr'>ipse</span> <span class='ocrx_word' id='word_1_448' title='bbox 534 2083 639 2111; x_wconf 86' lang='lat' dir='ltr'>omnia</span> <span class='ocrx_word' id='word_1_449' title='bbox 658 2083 893 2112; x_wconf 87' lang='lat' dir='ltr'>coessentialiter</span> <span class='ocrx_word' id='word_1_450' title='bbox 907 2084 1077 2113; x_wconf 89' lang='lat' dir='ltr'>secundum</span> 
     </span>
    </p>
   </div>
   <div class='ocr_carea' id='block_1_63' title="bbox 1121 918 1918 958">
    <p class='ocr_par' dir='ltr' id='par_1_63' title="bbox 1121 918 1918 958">
     <span class='ocr_line' id='line_1_63' title="bbox 1121 918 1918 958; baseline 0.004 -14"><span class='ocrx_word' id='word_1_451' title='bbox 1121 918 1215 955; x_wconf 79' lang='grc' dir='ltr'>ἔτερον.</span> <span class='ocrx_word' id='word_1_452' title='bbox 1230 918 1273 950; x_wconf 83' lang='grc' dir='ltr'>Ἐξ</span> <span class='ocrx_word' id='word_1_453' title='bbox 1298 918 1380 949; x_wconf 68' lang='grc' dir='ltr'>αὐτῆς</span> <span class='ocrx_word' id='word_1_454' title='bbox 1403 920 1489 945; x_wconf 79' lang='grc' dir='ltr'>τοίνυν</span> <span class='ocrx_word' id='word_1_455' title='bbox 1512 923 1558 950; x_wconf 81' lang='grc' dir='ltr'>τῆς</span> <span class='ocrx_word' id='word_1_456' title='bbox 1584 921 1646 946; x_wconf 67' lang='lat' dir='ltr'>Tim}</span> <span class='ocrx_word' id='word_1_457' title='bbox 1669 921 1726 955; x_wconf 84' lang='lat'>(82)</span> <span class='ocrx_word' id='word_1_458' title='bbox 1742 922 1918 958; x_wconf 76' lang='grc' dir='ltr'>προσηγορίας</span> 
     </span>
    </p>
   </div>
   <div class='ocr_carea' id='block_1_64' title="bbox 1122 961 1921 1003">
    <p class='ocr_par' dir='ltr' id='par_1_64' title="bbox 1122 961 1921 1003">
     <span class='ocr_line' id='line_1_64' title="bbox 1122 961 1921 1003; baseline 0.004 -14"><span class='ocrx_word' id='word_1_459' title='bbox 1122 961 1315 1000; x_wconf 78' lang='grc' dir='ltr'>διδασκόμεθα,</span> <span class='ocrx_word' id='word_1_460' title='bbox 1329 964 1369 990; x_wconf 79' lang='grc' dir='ltr'>ὅτι</span> <span class='ocrx_word' id='word_1_461' title='bbox 1383 967 1430 995; x_wconf 86' lang='grc' dir='ltr'>τῆς</span> <span class='ocrx_word' id='word_1_462' title='bbox 1455 965 1553 1000; x_wconf 77' lang='grc' dir='ltr'>φύσεώς</span> <span class='ocrx_word' id='word_1_463' title='bbox 1568 963 1624 991; x_wconf 72' lang='grc' dir='ltr'>ἐστι</span> <span class='ocrx_word' id='word_1_464' title='bbox 1642 967 1762 996; x_wconf 77' lang='grc' dir='ltr'>κοινωνός</span> <span class='ocrx_word' id='word_1_465' title='bbox 1774 975 1780 982; x_wconf 91' lang='grc'><strong>·</strong></span> <span class='ocrx_word' id='word_1_466' title='bbox 1797 965 1826 992; x_wconf 73' lang='grc' dir='ltr'>οὗ</span> <span class='ocrx_word' id='word_1_467' title='bbox 1841 974 1921 1003; x_wconf 86' lang='grc' dir='ltr'>προσ-</span> 
     </span>
    </p>
   </div>
   <div class='ocr_carea' id='block_1_65' title="bbox 1121 1007 1920 1046">
    <p class='ocr_par' dir='ltr' id='par_1_65' title="bbox 1121 1007 1920 1046">
     <span class='ocr_line' id='line_1_65' title="bbox 1121 1007 1920 1046; baseline 0.004 -13"><span class='ocrx_word' id='word_1_468' title='bbox 1121 1009 1235 1044; x_wconf 83' lang='grc' dir='ltr'>τάγματι</span> <span class='ocrx_word' id='word_1_469' title='bbox 1272 1009 1396 1041; x_wconf 80' lang='grc' dir='ltr'>κτισθεὶς,</span> <span class='ocrx_word' id='word_1_470' title='bbox 1434 1007 1488 1034; x_wconf 77' lang='grc' dir='ltr'>άλλ’</span> <span class='ocrx_word' id='word_1_471' title='bbox 1513 1008 1540 1035; x_wconf 84' lang='grc' dir='ltr'>ἐκ</span> <span class='ocrx_word' id='word_1_472' title='bbox 1573 1013 1621 1040; x_wconf 78' lang='grc' dir='ltr'>τῆς</span> <span class='ocrx_word' id='word_1_473' title='bbox 1660 1009 1753 1040; x_wconf 74' lang='grc' dir='ltr'>οὐσίας</span> <span class='ocrx_word' id='word_1_474' title='bbox 1786 1009 1920 1046; x_wconf 72' lang='grc' dir='ltr'>ἐκλάμψας</span> 
     </span>
    </p>
   </div>
   <div class='ocr_carea' id='block_1_66' title="bbox 1122 1051 1921 1091">
    <p class='ocr_par' dir='ltr' id='par_1_66' title="bbox 1122 1051 1921 1091">
     <span class='ocr_line' id='line_1_66' title="bbox 1122 1051 1921 1091; baseline 0.003 -12"><span class='ocrx_word' id='word_1_475' title='bbox 1122 1051 1296 1085; x_wconf 78' lang='grc' dir='ltr'>ὰδιαστάτως,</span> <span class='ocrx_word' id='word_1_476' title='bbox 1325 1052 1442 1090; x_wconf 79' lang='grc' dir='ltr'>ἀχρόνως</span> <span class='ocrx_word' id='word_1_477' title='bbox 1472 1057 1508 1088; x_wconf 84' lang='grc' dir='ltr'>τῷ</span> <span class='ocrx_word' id='word_1_478' title='bbox 1547 1056 1631 1091; x_wconf 85' lang='grc' dir='ltr'>Πατρὶ</span> <span class='ocrx_word' id='word_1_479' title='bbox 1664 1057 1837 1091; x_wconf 74' lang='grc' dir='ltr'>συνημμένος,</span> <span class='ocrx_word' id='word_1_480' title='bbox 1865 1056 1921 1085; x_wconf 80' lang='grc' dir='ltr'>ἶσος</span> 
     </span>
    </p>
   </div>
   <div class='ocr_carea' id='block_1_67' title="bbox 1123 1096 1919 1134">
    <p class='ocr_par' dir='ltr' id='par_1_67' title="bbox 1123 1096 1919 1134">
     <span class='ocr_line' id='line_1_67' title="bbox 1123 1096 1919 1134; baseline 0.004 -10"><span class='ocrx_word' id='word_1_481' title='bbox 1123 1097 1148 1124; x_wconf 74' lang='grc' dir='ltr'>ἰν</span> <span class='ocrx_word' id='word_1_482' title='bbox 1171 1097 1326 1134; x_wconf 78' lang='grc' dir='ltr'>ἀγαθότητι,</span> <span class='ocrx_word' id='word_1_483' title='bbox 1342 1099 1408 1131; x_wconf 81' lang='grc' dir='ltr'>ἶσος,</span> <span class='ocrx_word' id='word_1_484' title='bbox 1425 1097 1449 1125; x_wconf 70' lang='grc' dir='ltr'>ἐν</span> <span class='ocrx_word' id='word_1_485' title='bbox 1476 1096 1596 1134; x_wconf 76' lang='grc' dir='ltr'>δυνάμει,</span> <span class='ocrx_word' id='word_1_486' title='bbox 1619 1100 1737 1129; x_wconf 84' lang='grc' dir='ltr'>κοινωνὸς</span> <span class='ocrx_word' id='word_1_487' title='bbox 1762 1103 1809 1130; x_wconf 85' lang='grc' dir='ltr'>τῆς</span> <span class='ocrx_word' id='word_1_488' title='bbox 1831 1097 1919 1131; x_wconf 79' lang='grc' dir='ltr'>δόξης.</span> 
     </span>
    </p>
   </div>
   <div class='ocr_carea' id='block_1_68' title="bbox 1124 1142 1918 1180">
    <p class='ocr_par' dir='ltr' id='par_1_68' title="bbox 1124 1142 1918 1180">
     <span class='ocr_line' id='line_1_68' title="bbox 1124 1142 1918 1180; baseline 0.003 -12"><span class='ocrx_word' id='word_1_489' title='bbox 1124 1142 1175 1169; x_wconf 84' lang='grc' dir='ltr'>Καὶ</span> <span class='ocrx_word' id='word_1_490' title='bbox 1198 1145 1225 1168; x_wconf 89' lang='grc' dir='ltr'>τί</span> <span class='ocrx_word' id='word_1_491' title='bbox 1246 1143 1306 1180; x_wconf 76' lang='grc' dir='ltr'>γὰρ,</span> <span class='ocrx_word' id='word_1_492' title='bbox 1323 1142 1376 1168; x_wconf 73' lang='grc' dir='ltr'>ἀλλ’</span> <span class='ocrx_word' id='word_1_493' title='bbox 1391 1142 1406 1172; x_wconf 87' lang='grc' dir='ltr'><strong>ἣ</strong></span> <span class='ocrx_word' id='word_1_494' title='bbox 1424 1145 1536 1180; x_wconf 73' lang='grc' dir='ltr'>σφραγὶς</span> <span class='ocrx_word' id='word_1_495' title='bbox 1551 1145 1596 1170; x_wconf 80' lang='grc' dir='ltr'>καὶ</span> <span class='ocrx_word' id='word_1_496' title='bbox 1619 1144 1702 1177; x_wconf 75' lang='grc' dir='ltr'>εἰκὼν,</span> <span class='ocrx_word' id='word_1_497' title='bbox 1717 1143 1773 1170; x_wconf 77' lang='grc' dir='ltr'>ὅλον</span> <span class='ocrx_word' id='word_1_498' title='bbox 1796 1144 1820 1170; x_wconf 78' lang='grc' dir='ltr'>ἐν</span> <span class='ocrx_word' id='word_1_499' title='bbox 1835 1144 1918 1179; x_wconf 79' lang='grc' dir='ltr'>ἐαυτῷ</span> 
     </span>
    </p>
   </div>
   <div class='ocr_carea' id='block_1_69' title="bbox 1124 1186 1917 1224">
    <p class='ocr_par' dir='ltr' id='par_1_69' title="bbox 1124 1186 1917 1224">
     <span class='ocr_line' id='line_1_69' title="bbox 1124 1186 1917 1224; baseline 0.001 -10"><span class='ocrx_word' id='word_1_500' title='bbox 1124 1186 1227 1219; x_wconf 80' lang='grc' dir='ltr'>δεικνὺς</span> <span class='ocrx_word' id='word_1_501' title='bbox 1250 1189 1293 1214; x_wconf 84' lang='grc' dir='ltr'>τὸν</span> <span class='ocrx_word' id='word_1_502' title='bbox 1320 1189 1441 1224; x_wconf 67' lang='lat' dir='ltr'>Hau-(pot;</span> <span class='ocrx_word' id='word_1_503' title='bbox 1466 1187 1536 1214; x_wconf 82' lang='grc' dir='ltr'>Ὅσα</span> <span class='ocrx_word' id='word_1_504' title='bbox 1559 1186 1589 1215; x_wconf 61' lang='grc' dir='ltr'>δὲ</span> <span class='ocrx_word' id='word_1_505' title='bbox 1614 1198 1656 1215; x_wconf 87' lang='grc' dir='ltr'>σοι</span> <span class='ocrx_word' id='word_1_506' title='bbox 1677 1190 1742 1224; x_wconf 81' lang='grc' dir='ltr'>μετὰ</span> <span class='ocrx_word' id='word_1_507' title='bbox 1763 1193 1846 1215; x_wconf 78' lang='grc' dir='ltr'>ταῦτα</span> <span class='ocrx_word' id='word_1_508' title='bbox 1867 1188 1917 1215; x_wconf 74' lang='grc' dir='ltr'>ἀπὸ</span> 
     </span>
    </p>
   </div>
   <div class='ocr_carea' id='block_1_70' title="bbox 1123 1231 1919 1270">
    <p class='ocr_par' dir='ltr' id='par_1_70' title="bbox 1123 1231 1919 1270">
     <span class='ocr_line' id='line_1_70' title="bbox 1123 1231 1919 1270; baseline 0.001 -12"><span class='ocrx_word' id='word_1_509' title='bbox 1123 1237 1172 1264; x_wconf 88' lang='grc' dir='ltr'>τῆς</span> <span class='ocrx_word' id='word_1_510' title='bbox 1208 1237 1361 1269; x_wconf 80' lang='grc' dir='ltr'>σωματικῆς</span> <span class='ocrx_word' id='word_1_511' title='bbox 1398 1237 1560 1263; x_wconf 75' lang='grc' dir='ltr'>κατασκευῆς</span> <span class='ocrx_word' id='word_1_512' title='bbox 1596 1231 1745 1270; x_wconf 77' lang='grc' dir='ltr'>διαλέγεται</span> <span class='ocrx_word' id='word_1_513' title='bbox 1775 1234 1840 1267; x_wconf 82' lang='grc'>(83),</span> <span class='ocrx_word' id='word_1_514' title='bbox 1872 1235 1919 1262; x_wconf 76' lang='grc' dir='ltr'>τὴν</span> 
     </span>
    </p>
   </div>
   <div class='ocr_carea' id='block_1_71' title="bbox 1123 1276 1918 1316">
    <p class='ocr_par' dir='ltr' id='par_1_71' title="bbox 1123 1276 1918 1316">
     <span class='ocr_line' id='line_1_71' title="bbox 1123 1276 1918 1316; baseline 0 -12"><span class='ocrx_word' id='word_1_515' title='bbox 1123 1277 1334 1315; x_wconf 25' lang='grc' dir='ltr'>τῶνξιάνθρὼπων</span> <span class='ocrx_word' id='word_1_516' title='bbox 1349 1279 1494 1315; x_wconf 57' lang='grc' dir='ltr'>ςσωτηρίαν</span> <span class='ocrx_word' id='word_1_517' title='bbox 1519 1277 1669 1314; x_wconf 82' lang='grc' dir='ltr'>οἰκονομῶν,</span> <span class='ocrx_word' id='word_1_518' title='bbox 1694 1279 1725 1308; x_wconf 78' lang='grc' dir='ltr'>ἦν</span> <span class='ocrx_word' id='word_1_519' title='bbox 1748 1276 1796 1304; x_wconf 79' lang='grc' dir='ltr'>διὰ</span> <span class='ocrx_word' id='word_1_520' title='bbox 1821 1280 1918 1316; x_wconf 81' lang='grc' dir='ltr'>σαρκὸς</span> 
     </span>
    </p>
   </div>
   <div class='ocr_carea' id='block_1_72' title="bbox 1124 1320 1918 1359">
    <p class='ocr_par' dir='ltr' id='par_1_72' title="bbox 1124 1320 1918 1359">
     <span class='ocr_line' id='line_1_72' title="bbox 1124 1320 1918 1359; baseline -0.001 -10"><span class='ocrx_word' id='word_1_521' title='bbox 1124 1322 1252 1358; x_wconf 72' lang='grc' dir='ltr'>ἐπιφανεὶς</span> <span class='ocrx_word' id='word_1_522' title='bbox 1279 1323 1353 1358; x_wconf 46' lang='grc' dir='ltr'>λήμίν</span> <span class='ocrx_word' id='word_1_523' title='bbox 1392 1320 1551 1356; x_wconf 74' lang='grc' dir='ltr'>ἐπεδείξατο,</span> <span class='ocrx_word' id='word_1_524' title='bbox 1592 1322 1808 1359; x_wconf 76' lang='grc' dir='ltr'>ἀποστελλόμινον</span> <span class='ocrx_word' id='word_1_525' title='bbox 1839 1322 1918 1358; x_wconf 74' lang='grc' dir='ltr'>λέγων</span> 
     </span>
    </p>
   </div>
   <div class='ocr_carea' id='block_1_73' title="bbox 1124 1364 1919 1404">
    <p class='ocr_par' dir='ltr' id='par_1_73' title="bbox 1124 1364 1919 1404">
     <span class='ocr_line' id='line_1_73' title="bbox 1124 1364 1919 1404; baseline 0 -10"><span class='ocrx_word' id='word_1_526' title='bbox 1124 1367 1224 1400; x_wconf 68' lang='grc' dir='ltr'>ἑαυτὸν,</span> <span class='ocrx_word' id='word_1_527' title='bbox 1241 1369 1285 1393; x_wconf 84' lang='grc' dir='ltr'>καὶ</span> <span class='ocrx_word' id='word_1_528' title='bbox 1311 1364 1394 1403; x_wconf 75' lang='grc' dir='ltr'>μηδὲν</span> <span class='ocrx_word' id='word_1_529' title='bbox 1419 1365 1561 1403; x_wconf 75' lang='grc' dir='ltr'>δυνάμενον</span> <span class='ocrx_word' id='word_1_530' title='bbox 1584 1367 1626 1404; x_wconf 72' lang='grc' dir='ltr'>ἀφ’</span> <span class='ocrx_word' id='word_1_531' title='bbox 1641 1367 1733 1394; x_wconf 70' lang='grc' dir='ltr'>ἑαυτοῦ</span> <span class='ocrx_word' id='word_1_532' title='bbox 1757 1372 1848 1401; x_wconf 81' lang='grc' dir='ltr'>ποιεῖν,</span> <span class='ocrx_word' id='word_1_533' title='bbox 1874 1370 1919 1394; x_wconf 81' lang='grc' dir='ltr'>καὶ</span> 
     </span>
    </p>
   </div>
   <div class='ocr_carea' id='block_1_74' title="bbox 1125 1411 1921 1450">
    <p class='ocr_par' dir='ltr' id='par_1_74' title="bbox 1125 1411 1921 1450">
     <span class='ocr_line' id='line_1_74' title="bbox 1125 1411 1921 1450; baseline -0.001 -11"><span class='ocrx_word' id='word_1_534' title='bbox 1125 1412 1227 1441; x_wconf 76' lang='grc' dir='ltr'>ἐντολὴν</span> <span class='ocrx_word' id='word_1_535' title='bbox 1250 1411 1371 1445; x_wconf 76' lang='grc' dir='ltr'>λαϐόντα,</span> <span class='ocrx_word' id='word_1_536' title='bbox 1388 1413 1432 1438; x_wconf 79' lang='grc' dir='ltr'>καὶ</span> <span class='ocrx_word' id='word_1_537' title='bbox 1457 1413 1508 1438; x_wconf 85' lang='grc' dir='ltr'>ὃσα</span> <span class='ocrx_word' id='word_1_538' title='bbox 1521 1416 1639 1446; x_wconf 81' lang='grc' dir='ltr'>τοιαῦτα,</span> <span class='ocrx_word' id='word_1_539' title='bbox 1655 1415 1691 1449; x_wconf 80' lang='grc' dir='ltr'>μή</span> <span class='ocrx_word' id='word_1_540' title='bbox 1716 1422 1756 1439; x_wconf 84' lang='grc' dir='ltr'>σοι</span> <span class='ocrx_word' id='word_1_541' title='bbox 1784 1415 1921 1450; x_wconf 71' lang='grc' dir='ltr'>παρεχέτω</span> 
     </span>
    </p>
   </div>
   <div class='ocr_carea' id='block_1_75' title="bbox 1126 1456 1923 1494">
    <p class='ocr_par' dir='ltr' id='par_1_75' title="bbox 1126 1456 1923 1494">
     <span class='ocr_line' id='line_1_75' title="bbox 1126 1456 1923 1494; baseline 0.001 -12"><span class='ocrx_word' id='word_1_542' title='bbox 1126 1456 1324 1494; x_wconf 61' lang='grc' dir='ltr'>ἀφορμὰξπρός</span> <span class='ocrx_word' id='word_1_543' title='bbox 1347 1458 1377 1482; x_wconf 87' lang='grc' dir='ltr'>τὸ</span> <span class='ocrx_word' id='word_1_544' title='bbox 1399 1458 1618 1494; x_wconf 74' lang='grc' dir='ltr'>κατασμικρύνειν</span> <span class='ocrx_word' id='word_1_545' title='bbox 1643 1461 1689 1484; x_wconf 80' lang='grc' dir='ltr'>τοῦ</span> <span class='ocrx_word' id='word_1_546' title='bbox 1705 1461 1862 1493; x_wconf 81' lang='grc' dir='ltr'>Μονογινοῡς</span> <span class='ocrx_word' id='word_1_547' title='bbox 1877 1459 1923 1486; x_wconf 71' lang='grc' dir='ltr'>τὴν</span> 
     </span>
    </p>
   </div>
   <div class='ocr_carea' id='block_1_76' title="bbox 1128 1500 1925 1538">
    <p class='ocr_par' dir='ltr' id='par_1_76' title="bbox 1128 1500 1925 1538">
     <span class='ocr_line' id='line_1_76' title="bbox 1128 1500 1925 1538; baseline -0.001 -10"><span class='ocrx_word' id='word_1_548' title='bbox 1128 1502 1246 1530; x_wconf 81' lang='grc' dir='ltr'>θεότητα.</span> <span class='ocrx_word' id='word_1_549' title='bbox 1264 1501 1301 1528; x_wconf 78' lang='grc' dir='ltr'>Οὐ</span> <span class='ocrx_word' id='word_1_550' title='bbox 1324 1502 1375 1537; x_wconf 77' lang='grc' dir='ltr'>γὰρ</span> <span class='ocrx_word' id='word_1_551' title='bbox 1401 1502 1416 1530; x_wconf 79' lang='grc' dir='ltr'>ἡ</span> <span class='ocrx_word' id='word_1_552' title='bbox 1442 1502 1507 1538; x_wconf 86' lang='grc' dir='ltr'>πρὸς</span> <span class='ocrx_word' id='word_1_553' title='bbox 1530 1502 1559 1527; x_wconf 85' lang='grc' dir='ltr'>τὸ</span> <span class='ocrx_word' id='word_1_554' title='bbox 1587 1502 1631 1527; x_wconf 81' lang='grc' dir='ltr'>σὸν</span> <span class='ocrx_word' id='word_1_555' title='bbox 1660 1500 1764 1532; x_wconf 55' lang='grc' dir='ltr'>ἀσθενὴς</span> <span class='ocrx_word' id='word_1_556' title='bbox 1793 1501 1925 1537; x_wconf 73' lang='grc' dir='ltr'>συγκατοίο</span> 
     </span>
    </p>
   </div>
   <div class='ocr_carea' id='block_1_77' title="bbox 1127 1545 1925 1583">
    <p class='ocr_par' dir='ltr' id='par_1_77' title="bbox 1127 1545 1925 1583">
     <span class='ocr_line' id='line_1_77' title="bbox 1127 1545 1925 1583; baseline 0 -10"><span class='ocrx_word' id='word_1_557' title='bbox 1127 1546 1202 1577; x_wconf 74' lang='grc' dir='ltr'>ϐασις</span> <span class='ocrx_word' id='word_1_558' title='bbox 1224 1546 1365 1577; x_wconf 73' lang='grc' dir='ltr'>ἐλάττωσις</span> <span class='ocrx_word' id='word_1_559' title='bbox 1392 1545 1497 1582; x_wconf 38' lang='grc' dir='ltr'>ὀφείλει)</span> <span class='ocrx_word' id='word_1_560' title='bbox 1506 1547 1626 1583; x_wconf 82' lang='grc' dir='ltr'>γίνεσθαι</span> <span class='ocrx_word' id='word_1_561' title='bbox 1650 1550 1696 1577; x_wconf 85' lang='grc' dir='ltr'>τῆς</span> <span class='ocrx_word' id='word_1_562' title='bbox 1713 1546 1787 1578; x_wconf 77' lang='grc' dir='ltr'>ἀξίας</span> <span class='ocrx_word' id='word_1_563' title='bbox 1808 1556 1853 1573; x_wconf 77' lang='grc' dir='ltr'>τον</span> <span class='ocrx_word' id='word_1_564' title='bbox 1878 1545 1925 1573; x_wconf 82' lang='grc' dir='ltr'>δυ-</span> 
     </span>
    </p>
   </div>
   <div class='ocr_carea' id='block_1_78' title="bbox 1127 1590 1926 1629">
    <p class='ocr_par' dir='ltr' id='par_1_78' title="bbox 1127 1590 1926 1629">
     <span class='ocr_line' id='line_1_78' title="bbox 1127 1590 1926 1629; baseline -0.001 -10"><span class='ocrx_word' id='word_1_565' title='bbox 1127 1596 1224 1619; x_wconf 73' lang='grc' dir='ltr'>νατοῦ”</span> <span class='ocrx_word' id='word_1_566' title='bbox 1251 1592 1314 1618; x_wconf 76' lang='grc' dir='ltr'>ἀλλά</span> <span class='ocrx_word' id='word_1_567' title='bbox 1337 1594 1385 1621; x_wconf 73' lang='grc' dir='ltr'>τὴν</span> <span class='ocrx_word' id='word_1_568' title='bbox 1412 1593 1458 1629; x_wconf 63' lang='grc' dir='ltr'>μὲν</span> <span class='ocrx_word' id='word_1_569' title='bbox 1484 1593 1561 1628; x_wconf 75' lang='grc' dir='ltr'>φύσιν</span> <span class='ocrx_word' id='word_1_570' title='bbox 1589 1594 1642 1618; x_wconf 83' lang='grc' dir='ltr'>νόει</span> <span class='ocrx_word' id='word_1_571' title='bbox 1670 1593 1822 1629; x_wconf 81' lang='grc' dir='ltr'>Θεοπρεπῶς,</span> <span class='ocrx_word' id='word_1_572' title='bbox 1844 1593 1877 1618; x_wconf 83' lang='grc' dir='ltr'>τὰ</span> <span class='ocrx_word' id='word_1_573' title='bbox 1896 1590 1926 1618; x_wconf 60' lang='grc' dir='ltr'>δε</span> 
     </span>
    </p>
   </div>
   <div class='ocr_carea' id='block_1_79' title="bbox 1126 1627 1925 1674">
    <p class='ocr_par' dir='ltr' id='par_1_79' title="bbox 1126 1627 1925 1674">
     <span class='ocr_line' id='line_1_79' title="bbox 1126 1627 1925 1674; baseline -0.001 -10"><span class='ocrx_word' id='word_1_574' title='bbox 1126 1639 1295 1674; x_wconf 70' lang='grc' dir='ltr'>ταπεινότερα</span> <span class='ocrx_word' id='word_1_575' title='bbox 1318 1641 1367 1663; x_wconf 82' lang='grc' dir='ltr'>τῶν</span> <span class='ocrx_word' id='word_1_576' title='bbox 1397 1636 1521 1673; x_wconf 79' lang='grc' dir='ltr'>ῥημάτων</span> <span class='ocrx_word' id='word_1_577' title='bbox 1546 1635 1629 1672; x_wconf 79' lang='grc' dir='ltr'>δέχου</span> <span class='ocrx_word' id='word_1_578' title='bbox 1658 1627 1833 1672; x_wconf 45' lang='grc' dir='ltr'>ολὶκονομικῶς.</span> <span class='ocrx_word' id='word_1_579' title='bbox 1862 1639 1925 1674; x_wconf 84' lang='grc' dir='ltr'>Περὶ</span> 
     </span>
    </p>
   </div>
   <div class='ocr_carea' id='block_1_80' title="bbox 1128 1680 1925 1719">
    <p class='ocr_par' dir='ltr' id='par_1_80' title="bbox 1128 1680 1925 1719">
     <span class='ocr_line' id='line_1_80' title="bbox 1128 1680 1925 1719; baseline -0.003 -10"><span class='ocrx_word' id='word_1_580' title='bbox 1128 1683 1161 1709; x_wconf 82' lang='grc' dir='ltr'>ὧν</span> <span class='ocrx_word' id='word_1_581' title='bbox 1185 1683 1207 1710; x_wconf 80' lang='grc' dir='ltr'>εἰ</span> <span class='ocrx_word' id='word_1_582' title='bbox 1234 1682 1423 1719; x_wconf 77' lang='grc' dir='ltr'>βουληθείημεν</span> <span class='ocrx_word' id='word_1_583' title='bbox 1447 1681 1471 1708; x_wconf 75' lang='grc' dir='ltr'>ἐν</span> <span class='ocrx_word' id='word_1_584' title='bbox 1497 1685 1534 1717; x_wconf 84' lang='grc' dir='ltr'>τῷ</span> <span class='ocrx_word' id='word_1_585' title='bbox 1566 1683 1673 1718; x_wconf 80' lang='grc' dir='ltr'>παρόντι</span> <span class='ocrx_word' id='word_1_586' title='bbox 1698 1683 1763 1717; x_wconf 74' lang='grc' dir='ltr'>πρὸς</span> <span class='ocrx_word' id='word_1_587' title='bbox 1789 1680 1925 1718; x_wconf 60' lang='grc' dir='ltr'>ἀκρίϐειαν</span> 
     </span>
    </p>
   </div>
   <div class='ocr_carea' id='block_1_81' title="bbox 1129 1725 1925 1764">
    <p class='ocr_par' dir='ltr' id='par_1_81' title="bbox 1129 1725 1925 1764">
     <span class='ocr_line' id='line_1_81' title="bbox 1129 1725 1925 1764; baseline -0.004 -10"><span class='ocrx_word' id='word_1_588' title='bbox 1129 1726 1291 1764; x_wconf 75' lang='grc' dir='ltr'>διηγεῖσθαι,</span> <span class='ocrx_word' id='word_1_589' title='bbox 1316 1727 1437 1762; x_wconf 78' lang='grc' dir='ltr'>λάθοιμεν</span> <span class='ocrx_word' id='word_1_590' title='bbox 1461 1726 1491 1752; x_wconf 82' lang='grc' dir='ltr'>ἂν</span> <span class='ocrx_word' id='word_1_591' title='bbox 1518 1726 1622 1756; x_wconf 81' lang='grc' dir='ltr'>ἑαυτοὺς</span> <span class='ocrx_word' id='word_1_592' title='bbox 1648 1725 1712 1752; x_wconf 81' lang='grc' dir='ltr'>πολὺ</span> <span class='ocrx_word' id='word_1_593' title='bbox 1738 1735 1765 1752; x_wconf 87' lang='grc' dir='ltr'>τι</span> <span class='ocrx_word' id='word_1_594' title='bbox 1790 1728 1834 1751; x_wconf 80' lang='grc' dir='ltr'>καὶ</span> <span class='ocrx_word' id='word_1_595' title='bbox 1858 1725 1925 1752; x_wconf 80' lang='grc' dir='ltr'>ἁπέ-</span> 
     </span>
    </p>
   </div>
   <div class='ocr_carea' id='block_1_82' title="bbox 1127 1771 1812 1810">
    <p class='ocr_par' dir='ltr' id='par_1_82' title="bbox 1127 1771 1812 1810">
     <span class='ocr_line' id='line_1_82' title="bbox 1127 1771 1812 1810; baseline -0.003 -11"><span class='ocrx_word' id='word_1_596' title='bbox 1127 1782 1220 1810; x_wconf 85' lang='grc' dir='ltr'>ραντον</span> <span class='ocrx_word' id='word_1_597' title='bbox 1234 1772 1330 1802; x_wconf 80' lang='grc' dir='ltr'>πλῆθος</span> <span class='ocrx_word' id='word_1_598' title='bbox 1344 1771 1427 1807; x_wconf 79' lang='grc' dir='ltr'>λόγων</span> <span class='ocrx_word' id='word_1_599' title='bbox 1442 1771 1619 1806; x_wconf 71' lang='grc' dir='ltr'>ἐπεισάγοντες</span> <span class='ocrx_word' id='word_1_600' title='bbox 1631 1774 1663 1806; x_wconf 80' lang='grc' dir='ltr'>τῇ</span> <span class='ocrx_word' id='word_1_601' title='bbox 1679 1771 1812 1797; x_wconf 72' lang='grc' dir='ltr'>ὑποθέσει.</span> 
     </span>
    </p>
   </div>
   <div class='ocr_carea' id='block_1_83' title="bbox 1164 1813 1926 1852">
    <p class='ocr_par' dir='ltr' id='par_1_83' title="bbox 1164 1813 1926 1852">
     <span class='ocr_line' id='line_1_83' title="bbox 1164 1813 1926 1852; baseline -0.005 -7"><span class='ocrx_word' id='word_1_602' title='bbox 1164 1819 1191 1846; x_wconf 84' lang='lat'>3.</span> <span class='ocrx_word' id='word_1_603' title='bbox 1212 1817 1278 1844; x_wconf 82' lang='grc' dir='ltr'>Ἀλλ’</span> <span class='ocrx_word' id='word_1_604' title='bbox 1299 1817 1340 1842; x_wconf 83' lang='grc' dir='ltr'>ἐπὶ</span> <span class='ocrx_word' id='word_1_605' title='bbox 1368 1818 1397 1842; x_wconf 87' lang='grc' dir='ltr'>τό</span> <span class='ocrx_word' id='word_1_606' title='bbox 1423 1818 1589 1852; x_wconf 83' lang='grc' dir='ltr'>προκείμενον</span> <span class='ocrx_word' id='word_1_607' title='bbox 1610 1815 1762 1852; x_wconf 80' lang='grc' dir='ltr'>ἑπανίωμεν.</span> <span class='ocrx_word' id='word_1_608' title='bbox 1784 1818 1843 1842; x_wconf 83' lang='grc' dir='ltr'>Ὀτι</span> <span class='ocrx_word' id='word_1_609' title='bbox 1868 1813 1926 1842; x_wconf 83' lang='grc' dir='ltr'>διά-</span> 
     </span>
    </p>
   </div>
   <div class='ocr_carea' id='block_1_84' title="bbox 1127 1859 1924 1898">
    <p class='ocr_par' dir='ltr' id='par_1_84' title="bbox 1127 1859 1924 1898">
     <span class='ocr_line' id='line_1_84' title="bbox 1127 1859 1924 1898; baseline -0.004 -10"><span class='ocrx_word' id='word_1_610' title='bbox 1127 1872 1185 1888; x_wconf 87' lang='grc' dir='ltr'>νοια</span> <span class='ocrx_word' id='word_1_611' title='bbox 1206 1863 1221 1891; x_wconf 90' lang='grc' dir='ltr'>ἠ</span> <span class='ocrx_word' id='word_1_612' title='bbox 1240 1859 1396 1897; x_wconf 48' lang='grc' dir='ltr'>ςδυνηοεῐσα</span> <span class='ocrx_word' id='word_1_613' title='bbox 1421 1865 1468 1887; x_wconf 78' lang='grc' dir='ltr'>τῶν</span> <span class='ocrx_word' id='word_1_614' title='bbox 1487 1860 1619 1886; x_wconf 51' lang='lat' dir='ltr'>natm-1</span> <span class='ocrx_word' id='word_1_615' title='bbox 1643 1861 1804 1898; x_wconf 78' lang='grc' dir='ltr'>καθαρεῦσαι</span> <span class='ocrx_word' id='word_1_616' title='bbox 1825 1860 1924 1893; x_wconf 79' lang='grc' dir='ltr'>παθῶν,</span> 
     </span>
    </p>
   </div>
   <div class='ocr_carea' id='block_1_85' title="bbox 1129 1904 1926 1941">
    <p class='ocr_par' dir='ltr' id='par_1_85' title="bbox 1129 1904 1926 1941">
     <span class='ocr_line' id='line_1_85' title="bbox 1129 1904 1926 1941; baseline -0.005 -7"><span class='ocrx_word' id='word_1_617' title='bbox 1129 1909 1174 1934; x_wconf 85' lang='grc' dir='ltr'>καὶ</span> <span class='ocrx_word' id='word_1_618' title='bbox 1196 1909 1244 1936; x_wconf 80' lang='grc' dir='ltr'>τὴν</span> <span class='ocrx_word' id='word_1_619' title='bbox 1267 1907 1361 1935; x_wconf 79' lang='grc' dir='ltr'>νοητὴν</span> <span class='ocrx_word' id='word_1_620' title='bbox 1389 1908 1476 1932; x_wconf 79' lang='grc' dir='ltr'>κτίσιν</span> <span class='ocrx_word' id='word_1_621' title='bbox 1505 1906 1559 1941; x_wconf 84' lang='grc'>(84)</span> <span class='ocrx_word' id='word_1_622' title='bbox 1587 1908 1674 1932; x_wconf 81' lang='grc' dir='ltr'>πᾶσαν</span> <span class='ocrx_word' id='word_1_623' title='bbox 1701 1904 1858 1937; x_wconf 76' lang='grc' dir='ltr'>καταλιπεῖν,</span> <span class='ocrx_word' id='word_1_624' title='bbox 1881 1907 1926 1930; x_wconf 83' lang='grc' dir='ltr'>καὶ</span> 
     </span>
    </p>
   </div>
   <div class='ocr_carea' id='block_1_86' title="bbox 1130 1948 1926 1986">
    <p class='ocr_par' dir='ltr' id='par_1_86' title="bbox 1130 1948 1926 1986">
     <span class='ocr_line' id='line_1_86' title="bbox 1130 1948 1926 1986; baseline -0.004 -9"><span class='ocrx_word' id='word_1_625' title='bbox 1130 1952 1182 1978; x_wconf 85' lang='grc' dir='ltr'>οἷόν</span> <span class='ocrx_word' id='word_1_626' title='bbox 1197 1960 1235 1981; x_wconf 87' lang='grc' dir='ltr'>τις</span> <span class='ocrx_word' id='word_1_627' title='bbox 1250 1950 1326 1986; x_wconf 76' lang='grc' dir='ltr'>ἰχθὺς</span> <span class='ocrx_word' id='word_1_628' title='bbox 1353 1949 1403 1976; x_wconf 79' lang='grc' dir='ltr'>ἀπὸ</span> <span class='ocrx_word' id='word_1_629' title='bbox 1426 1954 1470 1976; x_wconf 83' lang='grc' dir='ltr'>τοῦ</span> <span class='ocrx_word' id='word_1_630' title='bbox 1496 1949 1579 1986; x_wconf 75' lang='grc' dir='ltr'>βυθοϋ</span> <span class='ocrx_word' id='word_1_631' title='bbox 1601 1950 1664 1986; x_wconf 79' lang='grc' dir='ltr'>πρὸς</span> <span class='ocrx_word' id='word_1_632' title='bbox 1687 1951 1734 1978; x_wconf 81' lang='grc' dir='ltr'>τὴν</span> <span class='ocrx_word' id='word_1_633' title='bbox 1756 1949 1806 1974; x_wconf 84' lang='grc' dir='ltr'>οἰνω</span> <span class='ocrx_word' id='word_1_634' title='bbox 1830 1948 1926 1984; x_wconf 70' lang='grc' dir='ltr'>ἐπιφά-</span> 
     </span>
    </p>
   </div>
   <div class='ocr_carea' id='block_1_87' title="bbox 1129 1995 1928 2032">
    <p class='ocr_par' dir='ltr' id='par_1_87' title="bbox 1129 1995 1928 2032">
     <span class='ocr_line' id='line_1_87' title="bbox 1129 1995 1928 2032; baseline -0.004 -10"><span class='ocrx_word' id='word_1_635' title='bbox 1129 2006 1197 2023; x_wconf 77' lang='grc' dir='ltr'>νειαν</span> <span class='ocrx_word' id='word_1_636' title='bbox 1220 1995 1404 2029; x_wconf 78' lang='grc' dir='ltr'>ἀνανήξοισθαι,</span> <span class='ocrx_word' id='word_1_637' title='bbox 1419 1995 1443 2021; x_wconf 85' lang='grc' dir='ltr'>ἐν</span> <span class='ocrx_word' id='word_1_638' title='bbox 1469 1999 1504 2030; x_wconf 82' lang='grc' dir='ltr'>τῷ</span> <span class='ocrx_word' id='word_1_639' title='bbox 1528 1998 1632 2032; x_wconf 78' lang='grc' dir='ltr'>καταρῷ</span> <span class='ocrx_word' id='word_1_640' title='bbox 1657 1998 1702 2024; x_wconf 79' lang='grc' dir='ltr'>τῆς</span> <span class='ocrx_word' id='word_1_641' title='bbox 1724 1996 1834 2024; x_wconf 83' lang='grc' dir='ltr'>κτίσεως</span> <span class='ocrx_word' id='word_1_642' title='bbox 1853 2002 1928 2029; x_wconf 81' lang='grc' dir='ltr'>γενο-</span> 
     </span>
    </p>
   </div>
   <div class='ocr_carea' id='block_1_88' title="bbox 1131 2039 1927 2078">
    <p class='ocr_par' dir='ltr' id='par_1_88' title="bbox 1131 2039 1927 2078">
     <span class='ocr_line' id='line_1_88' title="bbox 1131 2039 1927 2078; baseline -0.004 -11"><span class='ocrx_word' id='word_1_643' title='bbox 1131 2043 1205 2078; x_wconf 81' lang='grc' dir='ltr'>μένη,</span> <span class='ocrx_word' id='word_1_644' title='bbox 1225 2040 1276 2067; x_wconf 73' lang='grc' dir='ltr'>ἱκεῖ</span> <span class='ocrx_word' id='word_1_645' title='bbox 1300 2040 1391 2075; x_wconf 72' lang='grc' dir='ltr'>ὄψεται</span> <span class='ocrx_word' id='word_1_646' title='bbox 1417 2041 1446 2066; x_wconf 80' lang='grc' dir='ltr'>τό</span> <span class='ocrx_word' id='word_1_647' title='bbox 1472 2043 1576 2075; x_wconf 83' lang='grc' dir='ltr'>Πνεῦμα</span> <span class='ocrx_word' id='word_1_648' title='bbox 1601 2040 1630 2065; x_wconf 87' lang='grc' dir='ltr'>τὸ</span> <span class='ocrx_word' id='word_1_649' title='bbox 1659 2039 1744 2074; x_wconf 72' lang='grc' dir='ltr'>ἅγιον,</span> <span class='ocrx_word' id='word_1_650' title='bbox 1768 2039 1832 2064; x_wconf 77' lang='grc' dir='ltr'>ὅπου</span> <span class='ocrx_word' id='word_1_651' title='bbox 1861 2039 1927 2071; x_wconf 79' lang='grc' dir='ltr'>Υἱὸς,</span> 
     </span>
    </p>
   </div>
   <div class='ocr_carea' id='block_1_89' title="bbox 1133 2084 1931 2122">
    <p class='ocr_par' dir='ltr' id='par_1_89' title="bbox 1133 2084 1931 2122">
     <span class='ocr_line' id='line_1_89' title="bbox 1133 2084 1931 2122; baseline -0.004 -10"><span class='ocrx_word' id='word_1_652' title='bbox 1133 2088 1177 2112; x_wconf 86' lang='grc' dir='ltr'>καὶ</span> <span class='ocrx_word' id='word_1_653' title='bbox 1192 2086 1256 2112; x_wconf 80' lang='grc' dir='ltr'>ὅπου</span> <span class='ocrx_word' id='word_1_654' title='bbox 1279 2087 1368 2122; x_wconf 81' lang='grc' dir='ltr'>Πατὴρ</span> <span class='ocrx_word' id='word_1_655' title='bbox 1380 2085 1449 2120; x_wconf 79' lang='grc'>(85),</span> <span class='ocrx_word' id='word_1_656' title='bbox 1463 2085 1547 2111; x_wconf 81' lang='grc' dir='ltr'>πάντα</span> <span class='ocrx_word' id='word_1_657' title='bbox 1562 2085 1623 2120; x_wconf 82' lang='grc' dir='ltr'>ἔχον</span> <span class='ocrx_word' id='word_1_658' title='bbox 1636 2086 1680 2110; x_wconf 79' lang='grc' dir='ltr'>καὶ</span> <span class='ocrx_word' id='word_1_659' title='bbox 1702 2084 1766 2110; x_wconf 69' lang='grc' dir='ltr'>αὐτὸ</span> <span class='ocrx_word' id='word_1_660' title='bbox 1783 2092 1931 2110; x_wconf 67' lang='lat' dir='ltr'>owe-mim-</span> 
     </span>
    </p>
   </div>
   <div class='ocr_carea' id='block_1_90' title="bbox 250 2127 1071 2176">
    <p class='ocr_par' dir='ltr' id='par_1_90' title="bbox 250 2127 1071 2164">
     <span class='ocr_line' id='line_1_90' title="bbox 250 2127 1071 2164; baseline 0.001 -7"><span class='ocrx_word' id='word_1_661' title='bbox 250 2130 393 2158; x_wconf 86' lang='lat' dir='ltr'>naturam</span> <span class='ocrx_word' id='word_1_662' title='bbox 405 2127 507 2163; x_wconf 87' lang='lat' dir='ltr'>habet,</span> <span class='ocrx_word' id='word_1_663' title='bbox 519 2128 695 2162; x_wconf 81' lang='lat' dir='ltr'>bonitatem,</span> <span class='ocrx_word' id='word_1_664' title='bbox 707 2129 905 2164; x_wconf 87' lang='lat' dir='ltr'>rectudinem,</span> <span class='ocrx_word' id='word_1_665' title='bbox 917 2129 1071 2158; x_wconf 84' lang='lat' dir='ltr'>sanctimo-</span> 
     </span>
    </p>
   </div>
   <div class='ocr_carea' id='block_1_91' title="bbox 1124 2127 1931 2176">
    <p class='ocr_par' dir='ltr' id='par_1_91' title="bbox 1135 2127 1931 2168">
     <span class='ocr_line' id='line_1_91' title="bbox 1135 2127 1931 2168; baseline -0.005 -11"><span class='ocrx_word' id='word_1_666' title='bbox 1135 2133 1212 2168; x_wconf 76' lang='grc' dir='ltr'>μένως</span> <span class='ocrx_word' id='word_1_667' title='bbox 1227 2130 1285 2165; x_wconf 85' lang='grc'>(86)</span> <span class='ocrx_word' id='word_1_668' title='bbox 1307 2130 1374 2156; x_wconf 82' lang='grc' dir='ltr'>κατὰ</span> <span class='ocrx_word' id='word_1_669' title='bbox 1397 2131 1444 2159; x_wconf 73' lang='grc' dir='ltr'>τὴν</span> <span class='ocrx_word' id='word_1_670' title='bbox 1470 2130 1555 2165; x_wconf 76' lang='grc' dir='ltr'>φύσιν,</span> <span class='ocrx_word' id='word_1_671' title='bbox 1573 2131 1617 2158; x_wconf 70' lang='grc' dir='ltr'>τὴν</span> <span class='ocrx_word' id='word_1_672' title='bbox 1641 2128 1802 2164; x_wconf 75' lang='grc' dir='ltr'>ἀγαθότητα,</span> <span class='ocrx_word' id='word_1_673' title='bbox 1816 2130 1863 2157; x_wconf 83' lang='grc' dir='ltr'>τὴν</span> <span class='ocrx_word' id='word_1_674' title='bbox 1886 2127 1931 2154; x_wconf 76' lang='grc' dir='ltr'>εὑ-</span> 
     </span>
    </p>
   </div>
   <div class='ocr_carea' id='block_1_92' title="bbox 252 2173 1075 2210">
    <p class='ocr_par' dir='ltr' id='par_1_92' title="bbox 252 2173 1075 2210">
     <span class='ocr_line' id='line_1_92' title="bbox 252 2173 1075 2210; baseline 0.001 -8"><span class='ocrx_word' id='word_1_675' title='bbox 252 2173 462 2208; x_wconf 85' lang='lat' dir='ltr'>niam,vitam.</span> <span class='ocrx_word' id='word_1_676' title='bbox 479 2174 564 2207; x_wconf 86' lang='lat' dir='ltr'>Nam,</span> <span class='ocrx_word' id='word_1_677' title='bbox 575 2173 683 2210; x_wconf 85' lang='lat' dir='ltr'>inquit,</span> <span class='ocrx_word' id='word_1_678' title='bbox 699 2173 831 2208; x_wconf 71' lang='lat' dir='ltr'>Spiritus</span> <span class='ocrx_word' id='word_1_679' title='bbox 851 2177 919 2203; x_wconf 81' lang='lat' dir='ltr'>tuus</span> <span class='ocrx_word' id='word_1_680' title='bbox 936 2175 1029 2203; x_wconf 80' lang='lat' dir='ltr'>bonus</span> <span class='ocrx_word' id='word_1_681' title='bbox 1042 2176 1075 2204; x_wconf 67' lang='grc'>⁸³.</span> 
     </span>
    </p>
   </div>
   <div class='ocr_carea' id='block_1_93' title="bbox 287 2235 804 2270">
    <p class='ocr_par' dir='ltr' id='par_1_93' title="bbox 287 2235 804 2270">
     <span class='ocr_line' id='line_1_93' title="bbox 287 2235 804 2270; baseline -0.002 -6"><span class='ocrx_word' id='word_1_682' title='bbox 287 2237 310 2254; x_wconf 73' lang='grc' dir='ltr'>ιι</span> <span class='ocrx_word' id='word_1_683' title='bbox 326 2235 412 2264; x_wconf 86' lang='lat' dir='ltr'>Joan.</span> <span class='ocrx_word' id='word_1_684' title='bbox 426 2243 484 2267; x_wconf 76' lang='lat' dir='ltr'>xw,</span> <span class='ocrx_word' id='word_1_685' title='bbox 503 2238 544 2264; x_wconf 79' lang='grc'>15.</span> <span class='ocrx_word' id='word_1_686' title='bbox 583 2236 607 2254; x_wconf 83' lang='grc'>⁶²</span> <span class='ocrx_word' id='word_1_687' title='bbox 622 2237 709 2264; x_wconf 84' lang='lat' dir='ltr'>Joan.</span> <span class='ocrx_word' id='word_1_688' title='bbox 725 2244 743 2270; x_wconf 79' lang='grc' dir='ltr'>ι,</span> <span class='ocrx_word' id='word_1_689' title='bbox 762 2237 804 2265; x_wconf 75' lang='grc'>14.</span> 
     </span>
    </p>
   </div>
   <div class='ocr_carea' id='block_1_94' title="bbox 288 2297 1079 2334">
    <p class='ocr_par' dir='ltr' id='par_1_94' title="bbox 288 2297 1079 2334">
     <span class='ocr_line' id='line_1_94' title="bbox 288 2297 1079 2334; baseline 0.001 -8"><span class='ocrx_word' id='word_1_690' title='bbox 288 2298 344 2334; x_wconf 90' lang='grc'>(80)</span> <span class='ocrx_word' id='word_1_691' title='bbox 360 2299 431 2334; x_wconf 80' lang='lat' dir='ltr'>Reg.</span> <span class='ocrx_word' id='word_1_692' title='bbox 452 2297 569 2333; x_wconf 89' lang='lat' dir='ltr'>primus</span> <span class='ocrx_word' id='word_1_693' title='bbox 595 2300 624 2326; x_wconf 86' lang='lat' dir='ltr'>et</span> <span class='ocrx_word' id='word_1_694' title='bbox 648 2298 733 2326; x_wconf 91' lang='lat' dir='ltr'>Colb.</span> <span class='ocrx_word' id='word_1_695' title='bbox 751 2298 855 2327; x_wconf 87' lang='lat' dir='ltr'>itidem</span> <span class='ocrx_word' id='word_1_696' title='bbox 880 2299 996 2334; x_wconf 90' lang='lat' dir='ltr'>primus</span> <span class='ocrx_word' id='word_1_697' title='bbox 1019 2301 1079 2327; x_wconf 84' lang='grc' dir='ltr'>Υὶὸν</span> 
     </span>
    </p>
   </div>
   <div class='ocr_carea' id='block_1_95' title="bbox 255 2332 1079 2371">
    <p class='ocr_par' dir='ltr' id='par_1_95' title="bbox 255 2332 1079 2371">
     <span class='ocr_line' id='line_1_95' title="bbox 255 2332 1079 2371; baseline 0.004 -11"><span class='ocrx_word' id='word_1_698' title='bbox 255 2332 536 2371; x_wconf 43' lang='grc' dir='ltr'>εἶτὼῶκαῖΠᾶτέρα,</span> <span class='ocrx_word' id='word_1_699' title='bbox 571 2333 685 2361; x_wconf 77' lang='lat' dir='ltr'>Filium</span> <span class='ocrx_word' id='word_1_700' title='bbox 804 2337 831 2363; x_wconf 79' lang='lat' dir='ltr'>et</span> <span class='ocrx_word' id='word_1_701' title='bbox 859 2332 995 2371; x_wconf 70' lang='lat' dir='ltr'>Patrem.</span> <span class='ocrx_word' id='word_1_702' title='bbox 1024 2336 1079 2363; x_wconf 81' lang='lat' dir='ltr'>Alii</span> 
     </span>
    </p>
   </div>
   <div class='ocr_carea' id='block_1_96' title="bbox 254 2369 1079 2406">
    <p class='ocr_par' dir='ltr' id='par_1_96' title="bbox 254 2369 1079 2406">
     <span class='ocr_line' id='line_1_96' title="bbox 254 2369 1079 2406; baseline 0.001 -9"><span class='ocrx_word' id='word_1_703' title='bbox 254 2371 386 2406; x_wconf 84' lang='lat' dir='ltr'>quatuor</span> <span class='ocrx_word' id='word_1_704' title='bbox 409 2369 536 2397; x_wconf 54' lang='lat' dir='ltr'>mssfet</span> <span class='ocrx_word' id='word_1_705' title='bbox 562 2371 689 2405; x_wconf 88' lang='lat' dir='ltr'>utraque</span> <span class='ocrx_word' id='word_1_706' title='bbox 714 2369 804 2398; x_wconf 87' lang='lat' dir='ltr'>editio</span> <span class='ocrx_word' id='word_1_707' title='bbox 832 2371 898 2406; x_wconf 80' lang='grc' dir='ltr'>Υἱός,</span> <span class='ocrx_word' id='word_1_708' title='bbox 927 2369 1006 2405; x_wconf 81' lang='grc' dir='ltr'>εἷπον,</span> <span class='ocrx_word' id='word_1_709' title='bbox 1034 2374 1079 2398; x_wconf 82' lang='grc' dir='ltr'>καὶ</span> 
     </span>
    </p>
   </div>
   <div class='ocr_carea' id='block_1_97' title="bbox 256 2408 354 2434">
    <p class='ocr_par' dir='ltr' id='par_1_97' title="bbox 256 2408 354 2434">
     <span class='ocr_line' id='line_1_97' title="bbox 256 2408 354 2434; baseline 0 -2"><span class='ocrx_word' id='word_1_710' title='bbox 256 2408 354 2434; x_wconf 78' lang='grc' dir='ltr'>Πατήρ.</span> 
     </span>
    </p>
   </div>
   <div class='ocr_carea' id='block_1_98' title="bbox 290 2415 1080 2477">
    <p class='ocr_par' dir='ltr' id='par_1_98' title="bbox 290 2415 1080 2477">
     <span class='ocr_line' id='line_1_98' title="bbox 290 2415 1080 2477; baseline 0 -9"><span class='ocrx_word' id='word_1_711' title='bbox 290 2415 432 2477; x_wconf 40' lang='grc' dir='ltr'>(ζῇ-388.</span> <span class='ocrx_word' id='word_1_712' title='bbox 457 2440 561 2477; x_wconf 86' lang='lat' dir='ltr'>tertius</span> <span class='ocrx_word' id='word_1_713' title='bbox 585 2442 614 2477; x_wconf 86' lang='lat' dir='ltr'>et</span> <span class='ocrx_word' id='word_1_714' title='bbox 639 2440 722 2469; x_wconf 91' lang='lat' dir='ltr'>Colb.</span> <span class='ocrx_word' id='word_1_715' title='bbox 739 2441 856 2477; x_wconf 88' lang='lat' dir='ltr'>primus</span> <span class='ocrx_word' id='word_1_716' title='bbox 880 2440 1034 2472; x_wconf 77' lang='grc' dir='ltr'>ἰδιότητας·</span> <span class='ocrx_word' id='word_1_717' title='bbox 1052 2441 1080 2469; x_wconf 81' lang='grc' dir='ltr'>ἐκ</span> 
     </span>
    </p>
   </div>
   <div class='ocr_carea' id='block_1_99' title="bbox 254 2475 1077 2515">
    <p class='ocr_par' dir='ltr' id='par_1_99' title="bbox 254 2475 1077 2515">
     <span class='ocr_line' id='line_1_99' title="bbox 254 2475 1077 2515; baseline -0.004 -11"><span class='ocrx_word' id='word_1_718' title='bbox 254 2475 304 2514; x_wconf 77' lang='grc' dir='ltr'>γὰρ</span> <span class='ocrx_word' id='word_1_719' title='bbox 314 2513 319 2515; x_wconf 27' lang='grc' dir='ltr'><strong>Δ</strong></span> <span class='ocrx_word' id='word_1_720' title='bbox 331 2475 486 2513; x_wconf 72' lang='grc' dir='ltr'>πολυλογίας</span> <span class='ocrx_word' id='word_1_721' title='bbox 507 2476 553 2502; x_wconf 77' lang='grc' dir='ltr'>οὐκ</span> <span class='ocrx_word' id='word_1_722' title='bbox 565 2513 569 2515; x_wconf 83' lang='lat'>_</span> <span class='ocrx_word' id='word_1_723' title='bbox 582 2475 729 2515; x_wconf 56' lang='lat' dir='ltr'>Exysngzrat</span> <span class='ocrx_word' id='word_1_724' title='bbox 740 2475 870 2515; x_wconf 50' lang='grc' dir='ltr'>Ἕιμαρτία</span> <span class='ocrx_word' id='word_1_725' title='bbox 893 2480 983 2514; x_wconf 65' lang='grc' dir='ltr'>μένων,</span> <span class='ocrx_word' id='word_1_726' title='bbox 1008 2486 1077 2506; x_wconf 84' lang='lat' dir='ltr'>nam</span> 
     </span>
    </p>
   </div>
   <div class='ocr_carea' id='block_1_100' title="bbox 255 2513 1078 2550">
    <p class='ocr_par' dir='ltr' id='par_1_100' title="bbox 255 2513 1078 2550">
     <span class='ocr_line' id='line_1_100' title="bbox 255 2513 1078 2550; baseline 0 -8"><span class='ocrx_word' id='word_1_727' title='bbox 255 2513 448 2550; x_wconf 66' lang='lat' dir='ltr'>multiloqut’o</span> <span class='ocrx_word' id='word_1_728' title='bbox 459 2520 523 2550; x_wconf 79' lang='lat' dir='ltr'>non</span> <span class='ocrx_word' id='word_1_729' title='bbox 539 2513 686 2550; x_wconf 55' lang='lat' dir='ltr'>vitabitur</span> <span class='ocrx_word' id='word_1_730' title='bbox 698 2513 864 2550; x_wconf 67' lang='lat' dir='ltr'>peccatum.</span> <span class='ocrx_word' id='word_1_731' title='bbox 882 2513 969 2541; x_wconf 83' lang='lat' dir='ltr'>Prov.</span> <span class='ocrx_word' id='word_1_732' title='bbox 985 2522 1015 2546; x_wconf 73' lang='grc' dir='ltr'>χ,</span> <span class='ocrx_word' id='word_1_733' title='bbox 1035 2517 1078 2542; x_wconf 83' lang='grc'>19.</span> 
     </span>
    </p>
   </div>
   <div class='ocr_carea' id='block_1_101' title="bbox 255 2548 1078 2585">
    <p class='ocr_par' dir='ltr' id='par_1_101' title="bbox 255 2548 1078 2585">
     <span class='ocr_line' id='line_1_101' title="bbox 255 2548 1078 2585; baseline 0 -8"><span class='ocrx_word' id='word_1_734' title='bbox 255 2548 485 2585; x_wconf 63' lang='grc' dir='ltr'>υιινᾶιιυέεάἱιὶο</span> <span class='ocrx_word' id='word_1_735' title='bbox 497 2548 672 2585; x_wconf 86' lang='lat' dir='ltr'>simpliciter</span> <span class='ocrx_word' id='word_1_736' title='bbox 683 2552 715 2577; x_wconf 89' lang='lat' dir='ltr'>ut</span> <span class='ocrx_word' id='word_1_737' title='bbox 725 2549 755 2576; x_wconf 92' lang='lat' dir='ltr'>in</span> <span class='ocrx_word' id='word_1_738' title='bbox 768 2551 920 2577; x_wconf 80' lang='lat' dir='ltr'>contextu.</span> <span class='ocrx_word' id='word_1_739' title='bbox 932 2551 989 2577; x_wconf 87' lang='lat' dir='ltr'>Nec</span> <span class='ocrx_word' id='word_1_740' title='bbox 998 2549 1078 2577; x_wconf 90' lang='lat' dir='ltr'>enim</span> 
     </span>
    </p>
   </div>
   <div class='ocr_carea' id='block_1_102' title="bbox 255 2584 1080 2621">
    <p class='ocr_par' dir='ltr' id='par_1_102' title="bbox 255 2584 1080 2621">
     <span class='ocr_line' id='line_1_102' title="bbox 255 2584 1080 2621; baseline 0 -9"><span class='ocrx_word' id='word_1_741' title='bbox 255 2584 424 2621; x_wconf 81' lang='lat' dir='ltr'>quidquam</span> <span class='ocrx_word' id='word_1_742' title='bbox 440 2584 620 2612; x_wconf 85' lang='lat' dir='ltr'>mutandum</span> <span class='ocrx_word' id='word_1_743' title='bbox 634 2584 815 2621; x_wconf 78' lang='lat' dir='ltr'>censuimus,</span> <span class='ocrx_word' id='word_1_744' title='bbox 830 2585 891 2621; x_wconf 85' lang='lat' dir='ltr'>rati</span> <span class='ocrx_word' id='word_1_745' title='bbox 905 2585 986 2621; x_wconf 84' lang='lat' dir='ltr'>hunc</span> <span class='ocrx_word' id='word_1_746' title='bbox 1004 2585 1080 2613; x_wconf 89' lang='lat' dir='ltr'>Scri-</span> 
     </span>
    </p>
   </div>
   <div class='ocr_carea' id='block_1_103' title="bbox 255 2620 1079 2656">
    <p class='ocr_par' dir='ltr' id='par_1_103' title="bbox 255 2620 1079 2656">
     <span class='ocr_line' id='line_1_103' title="bbox 255 2620 1079 2656; baseline 0 -8"><span class='ocrx_word' id='word_1_747' title='bbox 255 2620 352 2656; x_wconf 67' lang='lat' dir='ltr'>ptura:</span> <span class='ocrx_word' id='word_1_748' title='bbox 364 2621 466 2648; x_wconf 90' lang='lat' dir='ltr'>locum</span> <span class='ocrx_word' id='word_1_749' title='bbox 481 2621 613 2656; x_wconf 89' lang='lat' dir='ltr'>primum</span> <span class='ocrx_word' id='word_1_750' title='bbox 633 2621 664 2648; x_wconf 90' lang='lat' dir='ltr'>in</span> <span class='ocrx_word' id='word_1_751' title='bbox 679 2629 733 2648; x_wconf 77' lang='lat' dir='ltr'>ora</span> <span class='ocrx_word' id='word_1_752' title='bbox 747 2620 814 2648; x_wconf 88' lang='lat' dir='ltr'>libri</span> <span class='ocrx_word' id='word_1_753' title='bbox 828 2620 959 2656; x_wconf 75' lang='lat' dir='ltr'>positum</span> <span class='ocrx_word' id='word_1_754' title='bbox 975 2620 1079 2654; x_wconf 81' lang='lat' dir='ltr'>fuisse,</span> 
     </span>
    </p>
   </div>
   <div class='ocr_carea' id='block_1_104' title="bbox 257 2655 1079 2720">
    <p class='ocr_par' dir='ltr' id='par_1_104' title="bbox 257 2655 1079 2720">
     <span class='ocr_line' id='line_1_104' title="bbox 257 2655 1079 2720; baseline 0 -36"><span class='ocrx_word' id='word_1_755' title='bbox 257 2655 284 2697; x_wconf 68' lang='lat' dir='ltr'>et</span> <span class='ocrx_word' id='word_1_756' title='bbox 299 2655 409 2720; x_wconf 51' lang='lat' dir='ltr'>dieinde</span> <span class='ocrx_word' id='word_1_757' title='bbox 427 2655 495 2684; x_wconf 84' lang='lat' dir='ltr'>loco</span> <span class='ocrx_word' id='word_1_758' title='bbox 519 2664 574 2684; x_wconf 88' lang='lat' dir='ltr'>suo</span> <span class='ocrx_word' id='word_1_759' title='bbox 596 2656 696 2693; x_wconf 90' lang='lat' dir='ltr'>inepte</span> <span class='ocrx_word' id='word_1_760' title='bbox 711 2655 839 2690; x_wconf 62' lang='lat' dir='ltr'>motum,</span> <span class='ocrx_word' id='word_1_761' title='bbox 857 2656 888 2683; x_wconf 89' lang='lat' dir='ltr'>in</span> <span class='ocrx_word' id='word_1_762' title='bbox 907 2658 1079 2684; x_wconf 76' lang='lat' dir='ltr'>contextum</span> 
     </span>
     <span class='ocr_line' id='line_1_105' title="bbox 257 2699 416 2720; baseline -0.006 0"><span class='ocrx_word' id='word_1_763' title='bbox 257 2699 314 2720; x_wconf 72' lang='lat' dir='ltr'>insr</span> <span class='ocrx_word' id='word_1_764' title='bbox 328 2700 416 2720; x_wconf 83' lang='lat' dir='ltr'>uisse.</span> 
     </span>
    </p>
   </div>
   <div class='ocr_carea' id='block_1_105' title="bbox 256 2699 416 2720">
    <p class='ocr_par' dir='ltr' id='par_1_105' title="bbox 256 2699 416 2720">
     <span class='ocr_line' id='line_1_106' title="bbox 256 2699 416 2720; baseline -0.006 0"><span class='ocrx_word' id='word_1_765' title='bbox 256 2699 416 2720; x_wconf 73' lang='grc' dir='ltr'>ιῐιειιωεεθ.</span> 
     </span>
    </p>
   </div>
   <div class='ocr_carea' id='block_1_106' title="bbox 292 2727 1079 2764">
    <p class='ocr_par' dir='ltr' id='par_1_106' title="bbox 292 2727 1079 2764">
     <span class='ocr_line' id='line_1_107' title="bbox 292 2727 1079 2764; baseline 0.001 -9"><span class='ocrx_word' id='word_1_766' title='bbox 292 2728 350 2764; x_wconf 79' lang='lat'>(82)</span> <span class='ocrx_word' id='word_1_767' title='bbox 361 2727 466 2764; x_wconf 79' lang='lat' dir='ltr'>Codex</span> <span class='ocrx_word' id='word_1_768' title='bbox 487 2727 574 2755; x_wconf 91' lang='lat' dir='ltr'>Coisl.</span> <span class='ocrx_word' id='word_1_769' title='bbox 592 2729 619 2756; x_wconf 90' lang='lat' dir='ltr'>et</span> <span class='ocrx_word' id='word_1_770' title='bbox 636 2727 717 2756; x_wconf 89' lang='lat' dir='ltr'>Colb.</span> <span class='ocrx_word' id='word_1_771' title='bbox 735 2727 887 2756; x_wconf 86' lang='lat' dir='ltr'>secundus</span> <span class='ocrx_word' id='word_1_772' title='bbox 909 2735 978 2755; x_wconf 90' lang='lat' dir='ltr'>cum</span> <span class='ocrx_word' id='word_1_773' title='bbox 997 2729 1079 2756; x_wconf 84' lang='lat' dir='ltr'>utra-</span> 
     </span>
    </p>
   </div>
   <div class='ocr_carea' id='block_1_107' title="bbox 255 2763 1078 2806">
    <p class='ocr_par' dir='ltr' id='par_1_107' title="bbox 255 2763 1078 2806">
     <span class='ocr_line' id='line_1_108' title="bbox 255 2763 1078 2806; baseline -0.004 -13"><span class='ocrx_word' id='word_1_774' title='bbox 255 2771 317 2806; x_wconf 78' lang='lat' dir='ltr'>que</span> <span class='ocrx_word' id='word_1_775' title='bbox 330 2763 521 2806; x_wconf 41' lang='lat' dir='ltr'>editiones-r7;</span> <span class='ocrx_word' id='word_1_776' title='bbox 542 2765 614 2806; x_wconf 63' lang='grc' dir='ltr'>Υὶοιξ.</span> <span class='ocrx_word' id='word_1_777' title='bbox 631 2764 686 2804; x_wconf 66' lang='lat' dir='ltr'>Alii</span> <span class='ocrx_word' id='word_1_778' title='bbox 700 2764 834 2806; x_wconf 66' lang='lat' dir='ltr'>quinque</span> <span class='ocrx_word' id='word_1_779' title='bbox 859 2772 931 2806; x_wconf 64' lang='lat' dir='ltr'>mss:</span> <span class='ocrx_word' id='word_1_780' title='bbox 945 2767 990 2806; x_wconf 50' lang='grc' dir='ltr'>τῆς</span> <span class='ocrx_word' id='word_1_781' title='bbox 1002 2764 1078 2806; x_wconf 53' lang='grc' dir='ltr'>γὶὸςς</span> 
     </span>
    </p>
   </div>
   <div class='ocr_carea' id='block_1_108' title="bbox 256 2799 1080 2837">
    <p class='ocr_par' dir='ltr' id='par_1_108' title="bbox 256 2799 1080 2837">
     <span class='ocr_line' id='line_1_109' title="bbox 256 2799 1080 2837; baseline -0.001 -8"><span class='ocrx_word' id='word_1_782' title='bbox 256 2799 299 2829; x_wconf 75' lang='lat' dir='ltr'>sic</span> <span class='ocrx_word' id='word_1_783' title='bbox 313 2802 347 2829; x_wconf 87' lang='lat' dir='ltr'>ut</span> <span class='ocrx_word' id='word_1_784' title='bbox 368 2807 428 2829; x_wconf 87' lang='lat' dir='ltr'>vox</span> <span class='ocrx_word' id='word_1_785' title='bbox 443 2800 509 2836; x_wconf 84' lang='grc' dir='ltr'>Υἱός,</span> <span class='ocrx_word' id='word_1_786' title='bbox 525 2800 610 2836; x_wconf 89' lang='lat' dir='ltr'>quod</span> <span class='ocrx_word' id='word_1_787' title='bbox 625 2799 720 2837; x_wconf 65' lang='lat' dir='ltr'>aiunt;</span> <span class='ocrx_word' id='word_1_788' title='bbox 735 2799 795 2828; x_wconf 80' lang='lat' dir='ltr'>hoc</span> <span class='ocrx_word' id='word_1_789' title='bbox 813 2799 880 2829; x_wconf 88' lang='lat' dir='ltr'>loco</span> <span class='ocrx_word' id='word_1_790' title='bbox 900 2799 1038 2829; x_wconf 83' lang='lat' dir='ltr'>absolute</span> <span class='ocrx_word' id='word_1_791' title='bbox 1052 2801 1080 2829; x_wconf 87' lang='lat' dir='ltr'>et</span> 
     </span>
    </p>
   </div>
   <div class='ocr_carea' id='block_1_109' title="bbox 844 2236 1120 2272">
    <p class='ocr_par' dir='ltr' id='par_1_109' title="bbox 844 2236 1120 2272">
     <span class='ocr_line' id='line_1_110' title="bbox 844 2236 1120 2272; baseline 0.014 -9"><span class='ocrx_word' id='word_1_792' title='bbox 844 2237 868 2254; x_wconf 79' lang='grc'>⁸³</span> <span class='ocrx_word' id='word_1_793' title='bbox 883 2236 959 2264; x_wconf 88' lang='lat' dir='ltr'>Psal.</span> <span class='ocrx_word' id='word_1_794' title='bbox 976 2245 1062 2272; x_wconf 81' lang='lat' dir='ltr'>cxm,</span> <span class='ocrx_word' id='word_1_795' title='bbox 1078 2240 1120 2267; x_wconf 76' lang='grc'>10.</span> 
     </span>
    </p>
   </div>
   <div class='ocr_carea' id='block_1_110' title="bbox 1136 2173 1929 2211">
    <p class='ocr_par' dir='ltr' id='par_1_110' title="bbox 1136 2173 1929 2211">
     <span class='ocr_line' id='line_1_111' title="bbox 1136 2173 1929 2211; baseline -0.005 -9"><span class='ocrx_word' id='word_1_796' title='bbox 1136 2176 1245 2209; x_wconf 83' lang='grc' dir='ltr'>θύτητα,</span> <span class='ocrx_word' id='word_1_797' title='bbox 1269 2177 1312 2202; x_wconf 83' lang='grc' dir='ltr'>τὸν</span> <span class='ocrx_word' id='word_1_798' title='bbox 1339 2174 1480 2211; x_wconf 66' lang='grc' dir='ltr'>ἁγιασμόν,</span> <span class='ocrx_word' id='word_1_799' title='bbox 1510 2176 1557 2203; x_wconf 85' lang='grc' dir='ltr'>τὴν</span> <span class='ocrx_word' id='word_1_800' title='bbox 1583 2173 1663 2204; x_wconf 79' lang='grc' dir='ltr'>ζωὴν.</span> <span class='ocrx_word' id='word_1_801' title='bbox 1690 2175 1725 2200; x_wconf 86' lang='grc' dir='ltr'>Τὸ</span> <span class='ocrx_word' id='word_1_802' title='bbox 1749 2176 1852 2209; x_wconf 78' lang='grc' dir='ltr'>Πνιῡμα</span> <span class='ocrx_word' id='word_1_803' title='bbox 1878 2173 1929 2210; x_wconf 76' lang='grc' dir='ltr'>γὰρ</span> 
     </span>
    </p>
   </div>
   <div class='ocr_carea' id='block_1_111' title="bbox 1131 2299 1547 2329">
    <p class='ocr_par' dir='ltr' id='par_1_111' title="bbox 1131 2299 1547 2329">
     <span class='ocr_line' id='line_1_112' title="bbox 1131 2299 1547 2329; baseline -0.005 -1"><span class='ocrx_word' id='word_1_804' title='bbox 1131 2299 1383 2329; x_wconf 81' lang='lat' dir='ltr'>indeclinabiliter</span> <span class='ocrx_word' id='word_1_805' title='bbox 1399 2300 1547 2327; x_wconf 88' lang='lat' dir='ltr'>sumatur.</span> 
     </span>
    </p>
   </div>
   <div class='ocr_carea' id='block_1_112' title="bbox 1168 2332 1877 2372">
    <p class='ocr_par' dir='ltr' id='par_1_112' title="bbox 1168 2332 1877 2372">
     <span class='ocr_line' id='line_1_113' title="bbox 1168 2332 1877 2372; baseline -0.007 -8"><span class='ocrx_word' id='word_1_806' title='bbox 1168 2336 1224 2372; x_wconf 84' lang='grc'>(83)</span> <span class='ocrx_word' id='word_1_807' title='bbox 1241 2335 1316 2363; x_wconf 84' lang='lat' dir='ltr'>Editi</span> <span class='ocrx_word' id='word_1_808' title='bbox 1330 2334 1494 2372; x_wconf 58' lang='grc' dir='ltr'>διαλέγηταιἶ</span> <span class='ocrx_word' id='word_1_809' title='bbox 1511 2337 1546 2372; x_wconf 71' lang='lat' dir='ltr'>At</span> <span class='ocrx_word' id='word_1_810' title='bbox 1559 2342 1632 2362; x_wconf 87' lang='lat' dir='ltr'>mss.</span> <span class='ocrx_word' id='word_1_811' title='bbox 1651 2332 1877 2372; x_wconf 55' lang='lat' dir='ltr'>sex&#39;dta).é7£rat.</span> 
     </span>
    </p>
   </div>
   <div class='ocr_carea' id='block_1_113' title="bbox 1167 2368 1930 2407">
    <p class='ocr_par' dir='ltr' id='par_1_113' title="bbox 1167 2368 1930 2407">
     <span class='ocr_line' id='line_1_114' title="bbox 1167 2368 1930 2407; baseline -0.005 -7"><span class='ocrx_word' id='word_1_812' title='bbox 1167 2368 1224 2407; x_wconf 74' lang='grc'>(84)</span> <span class='ocrx_word' id='word_1_813' title='bbox 1242 2371 1367 2406; x_wconf 84' lang='lat' dir='ltr'>Conjicit</span> <span class='ocrx_word' id='word_1_814' title='bbox 1388 2368 1608 2407; x_wconf 80' lang='lat' dir='ltr'>eruditissimus</span> <span class='ocrx_word' id='word_1_815' title='bbox 1631 2372 1704 2398; x_wconf 86' lang='lat' dir='ltr'>Dan.</span> <span class='ocrx_word' id='word_1_816' title='bbox 1720 2368 1930 2407; x_wconf 60' lang='lat' dir='ltr'>Wyttenbach.</span> 
     </span>
    </p>
   </div>
   <div class='ocr_carea' id='block_1_114' title="bbox 1131 2405 1929 2442">
    <p class='ocr_par' dir='ltr' id='par_1_114' title="bbox 1131 2405 1929 2442">
     <span class='ocr_line' id='line_1_115' title="bbox 1131 2405 1929 2442; baseline -0.005 -7"><span class='ocrx_word' id='word_1_817' title='bbox 1131 2405 1386 2442; x_wconf 29' lang='lat' dir='ltr'>leg&#39;en&#39;dum’esse</span> <span class='ocrx_word' id='word_1_818' title='bbox 1413 2409 1459 2435; x_wconf 79' lang='grc' dir='ltr'>τὴν</span> <span class='ocrx_word' id='word_1_819' title='bbox 1487 2405 1593 2435; x_wconf 83' lang='grc' dir='ltr'>ἀνόητον</span> <span class='ocrx_word' id='word_1_820' title='bbox 1615 2408 1710 2432; x_wconf 80' lang='grc' dir='ltr'>κτίσιν.</span> <span class='ocrx_word' id='word_1_821' title='bbox 1728 2405 1838 2433; x_wconf 88' lang='lat' dir='ltr'>Videtis</span> <span class='ocrx_word' id='word_1_822' title='bbox 1864 2405 1929 2440; x_wconf 88' lang='lat' dir='ltr'>ejus</span> 
     </span>
    </p>
   </div>
   <div class='ocr_carea' id='block_1_115' title="bbox 1133 2441 1899 2477">
    <p class='ocr_par' dir='ltr' id='par_1_115' title="bbox 1133 2441 1899 2477">
     <span class='ocr_line' id='line_1_116' title="bbox 1133 2441 1899 2477; baseline -0.004 -6"><span class='ocrx_word' id='word_1_823' title='bbox 1133 2441 1235 2471; x_wconf 76' lang='lat' dir='ltr'>annot.</span> <span class='ocrx_word' id='word_1_824' title='bbox 1248 2443 1287 2470; x_wconf 86' lang='lat' dir='ltr'>ad</span> <span class='ocrx_word' id='word_1_825' title='bbox 1302 2442 1434 2470; x_wconf 85' lang='lat' dir='ltr'>Platonis</span> <span class='ocrx_word' id='word_1_826' title='bbox 1450 2442 1641 2472; x_wconf 60' lang='lat' dir='ltr'>Phaedonem.</span> <span class='ocrx_word' id='word_1_827' title='bbox 1654 2449 1727 2477; x_wconf 81' lang='lat' dir='ltr'>pag.</span> <span class='ocrx_word' id='word_1_828' title='bbox 1744 2443 1806 2468; x_wconf 84' lang='lat'>302.</span> <span class='ocrx_word' id='word_1_829' title='bbox 1822 2441 1899 2468; x_wconf 78' lang='lat' dir='ltr'>Enn‘.</span> 
     </span>
    </p>
   </div>
   <div class='ocr_carea' id='block_1_116' title="bbox 1169 2476 1930 2514">
    <p class='ocr_par' dir='ltr' id='par_1_116' title="bbox 1169 2476 1930 2514">
     <span class='ocr_line' id='line_1_117' title="bbox 1169 2476 1930 2514; baseline -0.007 -8"><span class='ocrx_word' id='word_1_830' title='bbox 1169 2481 1225 2513; x_wconf 71' lang='lat'>(85)</span> <span class='ocrx_word' id='word_1_831' title='bbox 1241 2478 1334 2506; x_wconf 84' lang='lat' dir='ltr'>Editio</span> <span class='ocrx_word' id='word_1_832' title='bbox 1347 2481 1473 2514; x_wconf 84' lang='lat' dir='ltr'>utraque</span> <span class='ocrx_word' id='word_1_833' title='bbox 1486 2480 1514 2505; x_wconf 87' lang='lat' dir='ltr'>et</span> <span class='ocrx_word' id='word_1_834' title='bbox 1529 2477 1611 2514; x_wconf 82' lang='lat' dir='ltr'>Golb.</span> <span class='ocrx_word' id='word_1_835' title='bbox 1630 2476 1874 2514; x_wconf 39' lang='lat' dir='ltr'>te’rtiusfnog&#39;ié;</span> <span class='ocrx_word' id='word_1_836' title='bbox 1885 2477 1930 2502; x_wconf 86' lang='grc' dir='ltr'>καὶ</span> 
     </span>
    </p>
   </div>
   <div class='ocr_carea' id='block_1_117' title="bbox 1133 2511 1931 2551">
    <p class='ocr_par' dir='ltr' id='par_1_117' title="bbox 1133 2511 1931 2551">
     <span class='ocr_line' id='line_1_118' title="bbox 1133 2511 1931 2551; baseline -0.004 -11"><span class='ocrx_word' id='word_1_837' title='bbox 1133 2511 1196 2541; x_wconf 71' lang='grc' dir='ltr'>ὅπου</span> <span class='ocrx_word' id='word_1_838' title='bbox 1209 2517 1310 2551; x_wconf 80' lang='grc' dir='ltr'>Πατήρ.</span> <span class='ocrx_word' id='word_1_839' title='bbox 1324 2514 1378 2541; x_wconf 80' lang='lat' dir='ltr'>Alii</span> <span class='ocrx_word' id='word_1_840' title='bbox 1393 2511 1453 2551; x_wconf 66' lang='lat' dir='ltr'>duo</span> <span class='ocrx_word' id='word_1_841' title='bbox 1469 2521 1541 2551; x_wconf 74' lang='lat' dir='ltr'>mss.</span> <span class='ocrx_word' id='word_1_842' title='bbox 1556 2513 1675 2551; x_wconf 77' lang='lat' dir='ltr'>inverso</span> <span class='ocrx_word' id='word_1_843' title='bbox 1688 2511 1793 2551; x_wconf 81' lang='lat' dir='ltr'>ordine</span> <span class='ocrx_word' id='word_1_844' title='bbox 1804 2513 1867 2551; x_wconf 61' lang='lat' dir='ltr'>§nou</span> <span class='ocrx_word' id='word_1_845' title='bbox 1879 2515 1931 2538; x_wconf 87' lang='grc' dir='ltr'>Πα-</span> 
     </span>
    </p>
   </div>
   <div class='ocr_carea' id='block_1_118' title="bbox 1132 2547 1931 2588">
    <p class='ocr_par' dir='ltr' id='par_1_118' title="bbox 1132 2547 1931 2588">
     <span class='ocr_line' id='line_1_119' title="bbox 1132 2547 1931 2588; baseline -0.001 -12"><span class='ocrx_word' id='word_1_846' title='bbox 1132 2553 1181 2588; x_wconf 59' lang='grc' dir='ltr'>τὴρ</span> <span class='ocrx_word' id='word_1_847' title='bbox 1196 2553 1242 2588; x_wconf 74' lang='grc' dir='ltr'>καὶ</span> <span class='ocrx_word' id='word_1_848' title='bbox 1256 2547 1320 2588; x_wconf 67' lang='grc' dir='ltr'>ᾆτὲου</span> <span class='ocrx_word' id='word_1_849' title='bbox 1332 2551 1401 2580; x_wconf 82' lang='grc' dir='ltr'>Υἱός.</span> <span class='ocrx_word' id='word_1_850' title='bbox 1417 2549 1448 2588; x_wconf 78' lang='lat' dir='ltr'>In</span> <span class='ocrx_word' id='word_1_851' title='bbox 1462 2548 1526 2588; x_wconf 82' lang='lat' dir='ltr'>aliis</span> <span class='ocrx_word' id='word_1_852' title='bbox 1536 2548 1657 2576; x_wconf 85' lang='lat' dir='ltr'>duobus</span> <span class='ocrx_word' id='word_1_853' title='bbox 1670 2556 1742 2576; x_wconf 87' lang='lat' dir='ltr'>mss.</span> <span class='ocrx_word' id='word_1_854' title='bbox 1756 2547 1877 2576; x_wconf 83' lang='lat' dir='ltr'>additur</span> <span class='ocrx_word' id='word_1_855' title='bbox 1886 2555 1931 2576; x_wconf 79' lang='lat' dir='ltr'>ar-</span> 
     </span>
    </p>
   </div>
   <div class='ocr_carea' id='block_1_119' title="bbox 1132 2585 1526 2621">
    <p class='ocr_par' dir='ltr' id='par_1_119' title="bbox 1132 2585 1526 2621">
     <span class='ocr_line' id='line_1_120' title="bbox 1132 2585 1526 2621; baseline -0.013 -7"><span class='ocrx_word' id='word_1_856' title='bbox 1132 2585 1242 2614; x_wconf 75' lang='lat' dir='ltr'>ticulus</span> <span class='ocrx_word' id='word_1_857' title='bbox 1258 2587 1270 2611; x_wconf 86' lang='grc' dir='ltr'>ό</span> <span class='ocrx_word' id='word_1_858' title='bbox 1285 2587 1420 2621; x_wconf 57' lang='grc' dir='ltr'>Πομ-ἦρα..</span> <span class='ocrx_word' id='word_1_859' title='bbox 1433 2586 1445 2611; x_wconf 90' lang='grc' dir='ltr'>ό</span> <span class='ocrx_word' id='word_1_860' title='bbox 1459 2585 1526 2614; x_wconf 77' lang='grc' dir='ltr'>Υἱός,</span> 
     </span>
    </p>
   </div>
   <div class='ocr_carea' id='block_1_120' title="bbox 1168 2618 1931 2656">
    <p class='ocr_par' dir='ltr' id='par_1_120' title="bbox 1168 2618 1931 2656">
     <span class='ocr_line' id='line_1_121' title="bbox 1168 2618 1931 2656; baseline -0.004 -7"><span class='ocrx_word' id='word_1_861' title='bbox 1168 2622 1225 2656; x_wconf 87' lang='grc'>(86)</span> <span class='ocrx_word' id='word_1_862' title='bbox 1242 2621 1337 2649; x_wconf 86' lang='lat' dir='ltr'>Editio</span> <span class='ocrx_word' id='word_1_863' title='bbox 1359 2618 1455 2654; x_wconf 75' lang='lat' dir='ltr'>Paris,</span> <span class='ocrx_word' id='word_1_864' title='bbox 1480 2621 1639 2656; x_wconf 75' lang='grc' dir='ltr'>συνημμένος</span> <span class='ocrx_word' id='word_1_865' title='bbox 1661 2621 1811 2656; x_wconf 79' lang='lat' dir='ltr'>corrupte.</span> <span class='ocrx_word' id='word_1_866' title='bbox 1835 2618 1931 2656; x_wconf 69' lang='lat' dir='ltr'>Editio</span> 
     </span>
    </p>
   </div>
   <div class='ocr_carea' id='block_1_121' title="bbox 1134 2654 1931 2692">
    <p class='ocr_par' dir='ltr' id='par_1_121' title="bbox 1134 2654 1931 2692">
     <span class='ocr_line' id='line_1_122' title="bbox 1134 2654 1931 2692; baseline -0.004 -8"><span class='ocrx_word' id='word_1_867' title='bbox 1134 2654 1223 2685; x_wconf 72' lang='lat' dir='ltr'>Basil.</span> <span class='ocrx_word' id='word_1_868' title='bbox 1240 2660 1267 2685; x_wconf 91' lang='lat' dir='ltr'>et</span> <span class='ocrx_word' id='word_1_869' title='bbox 1288 2657 1373 2685; x_wconf 89' lang='lat' dir='ltr'>Colb.</span> <span class='ocrx_word' id='word_1_870' title='bbox 1398 2656 1517 2692; x_wconf 88' lang='lat' dir='ltr'>primus</span> <span class='ocrx_word' id='word_1_871' title='bbox 1539 2654 1572 2683; x_wconf 68' lang='lat' dir='ltr'>et</span> <span class='ocrx_word' id='word_1_872' title='bbox 1591 2656 1660 2690; x_wconf 82' lang='lat' dir='ltr'>Reg.</span> <span class='ocrx_word' id='word_1_873' title='bbox 1673 2654 1790 2692; x_wconf 72' lang='lat' dir='ltr'>itidem</span> <span class='ocrx_word' id='word_1_874' title='bbox 1815 2654 1931 2692; x_wconf 79' lang='lat' dir='ltr'>primus</span> 
     </span>
    </p>
   </div>
   <div class='ocr_carea' id='block_1_122' title="bbox 1135 2690 1931 2729">
    <p class='ocr_par' dir='ltr' id='par_1_122' title="bbox 1135 2690 1931 2729">
     <span class='ocr_line' id='line_1_123' title="bbox 1135 2690 1931 2729; baseline -0.001 -11"><span class='ocrx_word' id='word_1_875' title='bbox 1135 2695 1314 2729; x_wconf 79' lang='grc' dir='ltr'>συνημμένως,</span> <span class='ocrx_word' id='word_1_876' title='bbox 1331 2690 1528 2727; x_wconf 58' lang='lat' dir='ltr'>coniunctim,</span> <span class='ocrx_word' id='word_1_877' title='bbox 1541 2699 1604 2729; x_wconf 87' lang='lat' dir='ltr'>non</span> <span class='ocrx_word' id='word_1_878' title='bbox 1619 2691 1708 2729; x_wconf 80' lang='lat' dir='ltr'>male.</span> <span class='ocrx_word' id='word_1_879' title='bbox 1722 2690 1778 2719; x_wconf 82' lang='lat' dir='ltr'>Alii</span> <span class='ocrx_word' id='word_1_880' title='bbox 1789 2690 1931 2729; x_wconf 74' lang='lat' dir='ltr'>quinque</span> 
     </span>
    </p>
   </div>
   <div class='ocr_carea' id='block_1_123' title="bbox 1133 2727 1932 2761">
    <p class='ocr_par' dir='ltr' id='par_1_123' title="bbox 1133 2727 1932 2761">
     <span class='ocr_line' id='line_1_124' title="bbox 1133 2727 1932 2761; baseline -0.004 -5"><span class='ocrx_word' id='word_1_881' title='bbox 1133 2727 1206 2756; x_wconf 71' lang='lat' dir='ltr'>mss.</span> <span class='ocrx_word' id='word_1_882' title='bbox 1223 2727 1433 2761; x_wconf 77' lang='grc' dir='ltr'>συνουσιωμένως</span> <span class='ocrx_word' id='word_1_883' title='bbox 1455 2727 1700 2761; x_wconf 77' lang='lat' dir='ltr'>coessentialiter,</span> <span class='ocrx_word' id='word_1_884' title='bbox 1716 2734 1770 2755; x_wconf 84' lang='lat' dir='ltr'>seu</span> <span class='ocrx_word' id='word_1_885' title='bbox 1782 2727 1814 2754; x_wconf 78' lang='lat' dir='ltr'>in</span> <span class='ocrx_word' id='word_1_886' title='bbox 1826 2733 1890 2756; x_wconf 84' lang='lat' dir='ltr'>una</span> <span class='ocrx_word' id='word_1_887' title='bbox 1903 2728 1932 2754; x_wconf 81' lang='lat' dir='ltr'>et</span> 
     </span>
    </p>
   </div>
   <div class='ocr_carea' id='block_1_124' title="bbox 1133 2755 1635 2800">
    <p class='ocr_par' dir='ltr' id='par_1_124' title="bbox 1133 2755 1635 2800">
     <span class='ocr_line' id='line_1_125' title="bbox 1133 2755 1635 2800; baseline -0.004 -8"><span class='ocrx_word' id='word_1_888' title='bbox 1133 2755 1234 2792; x_wconf 65' lang='lat' dir='ltr'>eadem</span> <span class='ocrx_word' id='word_1_889' title='bbox 1248 2755 1386 2799; x_wconf 50' lang='lat' dir='ltr'>essentia,</span> <span class='ocrx_word' id='word_1_890' title='bbox 1403 2755 1635 2800; x_wconf 80' lang='lat' dir='ltr'>signiﬁcantius.</span> 
     </span>
    </p>
   </div>
  </div>
