2059 3136
242 127 290 154 471

932 128 961 155 8.
982 127 1106 156 BASlLll
1125 127 1235 157 MAGNI

1869 135 1924 162 472

242 188 347 217 dicus:
363 188 417 216 sed
427 189 545 224 recepto
561 196 579 216 a
593 189 678 216 Petro
688 188 848 224 beneﬁcio,
861 188 970 217 saliens
981 189 1069 225 quasi

1126 189 1173 215 ϐῶν
1187 193 1300 226 χρυσίον
1324 191 1452 227 όχωλός,
1479 193 1516 218 ἔτι
1543 194 1690 228 προσαίτης
1713 191 1762 222 ἦν’
1795 195 1868 231 παρὰ
1893 194 1924 222 δί

243 239 360 268 cervus,
374 234 528 269 Deumque
542 233 681 270 laudans,
699 234 872 262 mendicare
888 234 983 262 desiit.
1005 235 1069 262 Non

242 281 368 308 noverat
381 279 512 307 Joannes
523 279 631 306 mundi
641 279 939 315 sapientiam,tamen
949 287 1002 315 per
1008 279 1070 315 Spi-

242 323 317 351 ritus
332 323 498 359 potentiam
510 323 632 359 protulit
641 323 744 359 verba,
754 332 822 360 quae
835 323 1070 360 sapientianulla

243 370 343 405 potest
356 368 500 396 contueri.
514 367 562 396 Ille
577 370 606 396 et
617 368 648 396 in
663 368 738 396 caelo
750 369 898 403 consistit,
912 371 939 396 et
958 371 1070 397 terram

243 412 384 448 replet,et
395 411 508 448 ubique
518 412 676 447 adest,nec
687 421 819 449 usquam
830 413 1007 441 continetur.
1016 415 1070 441 Το-

244 458 292 484 tus
301 457 333 484 in
344 464 530 493 unoquoque
540 457 699 493 inhabitat,
710 460 740 486 et
749 460 829 486 totus
845 466 914 486 cum
937 459 996 486 Deo
1015 459 1069 486 est.

245 502 330 530 Dona
343 501 493 530 ministrat
505 509 568 530 non
578 502 817 530 ministrimore:
844 503 897 531 sed
912 502 1071 539 suaipsius

245 545 422 574 auctoritate
438 547 566 582 partitur
579 555 716 575 munera.
737 547 847 576 Dividit
858 547 948 582 enim,
962 547 1069 583 inquit,

244 591 710 627 peculiariterunicuique,prout
718 593 781 620 vult
788 592 942 622 "Mittitur
948 592 1072 628 quidem

246 636 278 664 in
293 636 511 672 dispensatoris
519 637 705 665 etceconomi
716 637 857 667 modum:
873 637 927 665 sed
937 637 1072 673 agitpro-

245 681 313 718 pria
325 683 481 717 potestate.
503 683 662 710 Precemur
684 682 779 716 illum,
793 684 826 710 ut
837 682 946 710 animis
960 682 1073 710 nostris

247 726 334 757 adsit,
349 734 404 754 nec
419 726 480 754 ullo
495 729 630 763 tempore
645 735 701 755 nos
719 727 850 761 deserat,
871 735 925 763 per
943 727 1072 762 gratiam

246 771 365 800 Domini
373 771 541 799 nostriJesu
552 771 675 799 Christi:
697 772 745 800 cui
760 772 855 808 gloria
870 774 899 800 et
910 772 1072 808 imperium

246 815 278 843 in
291 815 402 843 saecula
415 815 606 845 saaculorum.
620 816 728 846 Amen.

493 982 581 1019 134
597 983 742 1012 HOMILIA
761 984 827 1011 xvr.

317 1042 355 1070 In
369 1042 460 1075 illud,
481 1053 496 1068 «
506 1043 542 1070 In
554 1043 705 1077 principio
718 1045 784 1071 erat
804 1042 928 1070 Verbum
939 1052 953 1066 ››
964 1042 1000 1069 ⁷⁸.

283 1103 308 1128 1.
326 1101 429 1129 Omnis
439 1101 564 1137 quidem
576 1101 809 1136 Evangeliorum
819 1109 878 1129 vox
885 1100 1008 1137 reliquis
1017 1100 1072 1128 do-

246 1146 394 1173 cumentis
410 1153 428 1173 a
441 1145 551 1181 Spiritu
575 1146 690 1173 traditis
711 1145 955 1181 magniﬁcentior
981 1147 1025 1173 est
1045 1146 1074 1173 et

245 1190 531 1226 prmstantior,quod
542 1191 572 1218 in
584 1191 630 1218 his
640 1199 694 1227 per
706 1198 808 1218 servos
818 1191 983 1227 prophetas
993 1190 1073 1218 locu-

246 1236 294 1262 tus
306 1234 344 1262 sit
354 1234 392 1262 ad
404 1235 504 1269 nos,in
513 1235 680 1270 Evangeliis
694 1242 765 1263 vero
780 1236 923 1263 Dominus
934 1236 998 1272 ipse
1020 1243 1074 1271 per

246 1287 278 1307 se
289 1285 344 1307 nos
357 1279 506 1307 allocutus
518 1279 564 1308 sit.
573 1281 631 1308 Sed
640 1281 693 1316 qui
703 1281 780 1308 inter
789 1281 871 1316 ipsos
883 1279 1073 1314 evangelicos

246 1332 402 1360 praecones
416 1325 626 1353 vocalissimus
645 1328 700 1361 est,
723 1326 836 1362 quique
861 1325 966 1353 auditu
988 1325 1072 1353 omni

246 1369 376 1404 majora,
393 1372 422 1397 et
435 1369 630 1406 intelligentia
650 1370 733 1398 omni
750 1370 856 1398 altiora
879 1370 998 1398 locutus
1018 1373 1071 1402 est,

244 1414 487 1448 Joannesest,ille
493 1414 615 1442 tonitrui
623 1414 803 1450 ﬁlius,cujus
811 1415 984 1442 audivimus
990 1423 1072 1443 exor-

245 1458 427 1494 dium,quod
435 1467 471 1486 ex
479 1459 631 1494 Evangelii
639 1459 716 1487 libro
722 1459 832 1487 lectum
840 1462 898 1487 est:
910 1460 946 1487 In
954 1460 1070 1494 princi-

1123 236 1221 272 Πέτρου
1244 233 1381 272 δεξάμενος
1401 238 1449 265 τὴν
1479 237 1570 273 χάριν,
1598 236 1732 263 ἐπαύσατο
1758 243 1921 275 προσαιτῶν,

1122 278 1258 316 ἁλλὸμῡοος
1279 281 1364 317 ὥσπερ
1383 280 1483 317 ἔλαφος,
1507 283 1551 307 καὶ
1580 282 1656 308 αἰνῶν
1684 284 1727 308 τὸν
1752 285 1826 310 Θεὸν.
1866 285 1923 310 Οὐκ

1122 321 1182 359 ᾔδει
1196 325 1315 355 Ἰωάννης
1327 327 1374 354 τὴν
1388 329 1434 351 τοῦ
1454 327 1554 362 κόσμου
1581 328 1683 362 σοφίαν,
1706 325 1759 353 ἀλλ’
1783 327 1921 363 ἐφθέγξατο

1121 368 1229 405 ῥήματα
1244 373 1275 405 τῇ
1298 367 1407 406 δυνάμει
1421 373 1467 396 τοῦ
1490 371 1639 406 Πνιύματος
1654 373 1720 404 (92),
1748 372 1788 402 οἷς
1811 371 1923 409 οὐδεμία

1124 415 1203 448 σοφία
1230 413 1394 449 προσϐλέψαι
1431 412 1551 442 δύναται.
1576 419 1658 441 Τοῦτο
1686 418 1730 442 καὶ
1765 415 1790 442 ἐν
1822 417 1920 454 οὐρανῷ

1123 457 1226 492 ἔστηκε,
1243 461 1287 485 καὶ
1301 461 1347 488 τὴν
1364 463 1413 494 γῆν
1436 459 1598 496 πεπλήρωκε,
1623 462 1668 487 καὶ
1696 465 1832 497 πανταχοῦ
1855 464 1921 499 πάρ-

1124 511 1190 538 εστι,
1204 505 1249 530 καὶ
1262 501 1380 540 οὐδαμοῦ
1398 507 1559 541 περιέχεται.
1583 504 1660 531 Ὃλον
1691 505 1791 541 ἑκάστῳ
1819 505 1920 540 ἐνοικεῖ,

1123 550 1169 574 καὶ
1181 547 1237 573 ὅλον
1252 547 1308 574 ἐστὶ
1324 549 1388 584 μετὰ
1415 553 1460 575 τοῦ
1483 553 1560 576 Θεοῦ.
1586 549 1623 575 Οὐ
1647 549 1830 587 λειτουργικῶς
1858 549 1922 578 δια-

1124 596 1192 618 κονεί
1211 594 1257 623 τὰς
1279 591 1390 630 δωρεὰς,
1412 593 1464 619 ἀλλ’
1485 593 1639 625 αὐθεντικῶς
1667 593 1765 632 διαιρεῖ
1789 596 1823 622 τὰ
1839 599 1922 633 χαρί-

1126 647 1224 673 σματα·
1269 640 1368 675 Διαιρεί
1396 639 1457 676 γὰρ,
1497 641 1586 674 φησὶν,
1616 637 1675 675 ἰδίᾳ
1700 639 1812 675 ἑκάστῳ,
1837 641 1923 672 καθὼς

1127 681 1258 718 βούλεται.
1299 682 1496 709 Ἀποστελλεται
1536 685 1580 719 μὲν
1618 684 1798 720 οἰκονομικῶς,
1831 684 1924 722 ἐνεργεῖ

1127 725 1156 754 δὲ
1185 727 1367 759 αὐτεξουσίως.
1389 731 1470 754 Τοῦτο
1497 732 1618 765 παρεῖναι
1642 732 1700 760 ταῖς
1727 728 1830 764 ψυχαῖς
1849 731 1922 766 ἡμῶν

1127 771 1267 808 εὐξώμεθα,
1292 773 1336 798 καὶ
1356 771 1458 808 μηδένα
1480 775 1569 809 καιρὸν
1591 774 1659 809 ἡμᾶς
1683 772 1866 809 ἀπολιμπάνειν
1893 774 1920 800 ἐν

1125 817 1220 853 χάριτι
1234 820 1280 843 τοῦ
1296 819 1393 853 Κυρίου
1413 819 1485 853 ἡμῶν
1501 817 1590 846 Ἰησοῦ
1613 821 1727 854 Χριστοῦ
1742 828 1748 834 ·
1816 819 1831 847 ἡ
1852 816 1920 849 δόξα

1092 861 1112 888 Β
1126 863 1170 887 καὶ
1185 862 1214 887 τὸ
1227 862 1320 897 κράτος
1335 862 1370 892 εἰς
1384 864 1445 893 τοὺς
1456 862 1548 893 αἰῶνας
1562 866 1612 888 τῶν
1628 862 1734 890 αἰώνων.
1754 862 1845 899 ’Δμὴν.

1428 986 1551 1010 ΟΜΙΛῙΑ
1572 983 1618 1016 lg".

1238 1041 1280 1072 Εἰς
1293 1042 1332 1074 τὸ,
1358 1052 1372 1067 α(
1385 1041 1424 1068 Ἐν
1440 1041 1510 1079 ἀρχῇ
1528 1041 1558 1071 ἧν
1575 1042 1588 1068 ὁ
1604 1043 1712 1078 Λόγος»
1735 1042 1805 1078 (93).

1163 1102 1188 1129 ί.
1209 1103 1287 1126 Πᾶσα
1305 1101 1349 1136 μὲν
1375 1101 1390 1129 ἡ
1412 1104 1462 1126 τῶν
1486 1101 1648 1136 Εὗαγγελίων
1672 1103 1740 1137 φωνὴ
1768 1101 1922 1137 μεγαλοφυε-

1127 1146 1206 1182 στέρα
1224 1150 1274 1171 τῶν
1299 1145 1395 1171 λοιπῶν
1421 1149 1466 1171 τοῦ
1488 1147 1635 1182 Πνεύματος
1661 1144 1843 1182 διδαγμάτων,
1864 1146 1920 1172 καθ’

1127 1190 1164 1215 ὅτι
1180 1189 1203 1215 ἐν
1218 1188 1322 1221 ἐκείνοις
1337 1191 1382 1226 μὲν
1403 1188 1449 1215 διὰ
1462 1194 1512 1216 τῶν
1538 1189 1635 1216 δούλων
1658 1191 1720 1227 ἡμῖν
1743 1189 1852 1219 ἔλάλησε
1872 1195 1919 1217 τῶν

1125 1239 1273 1271 προφητῶν,
1299 1233 1322 1260 ἐν
1356 1232 1385 1260 δὲ
1419 1238 1473 1265 τοῖς
1509 1235 1676 1271 Εὐαγγελίοις
1713 1235 1922 1273 αὖτοπροσὼπως

1127 1277 1250 1314 διελέχθη
1267 1278 1355 1314 ἡμῖνό
1375 1281 1515 1310 Δεσπότης.
1544 1279 1627 1305 Αὑτοῦ
1655 1289 1683 1315 γε
1703 1281 1753 1315 μὴν
1777 1283 1822 1305 τοῦ
1850 1280 1922 1315 εὐαγ-

1125 1323 1227 1359 γελικοῡ
1253 1325 1422 1360 κηρύγματος
1446 1325 1458 1350 ό
1480 1324 1732 1361 μεγαλοφωνότατος,
1757 1327 1802 1351 καὶ
1835 1326 1922 1356 πάσης

1124 1370 1170 1405 μὲν
1197 1368 1276 1400 ἀκοῆς
1300 1369 1417 1405 μιίζονα,
1447 1371 1534 1400 πάσης
1558 1368 1587 1396 δὲ
1621 1367 1741 1400 διανοίας
1776 1370 1922 1408 ὑψηλότερα

1125 1413 1308 1450 φθεγξάμενος,
1337 1413 1458 1445 Ἰωάννης
1482 1413 1561 1448 ἐστὶν,
1588 1424 1600 1439 a
1629 1415 1686 1445 υἱὸς
1711 1418 1758 1445 τῆς
1787 1414 1896 1451 βροντῆς
1915 1426 1920 1432 -

1125 1459 1155 1485 οὗ
1187 1460 1216 1485 τὸ
1242 1461 1377 1496 προοίμιον
1405 1463 1453 1489 τῆς
1477 1459 1645 1495 εὐαγγελικῆς
1682 1463 1836 1496 συγγραφῆς
1862 1461 1921 1496 ἄρτι

241 1503 294 1538 pio
309 1509 373 1532 erat
390 1504 524 1537 Verbum,
541 1507 568 1532 et
588 1504 715 1532 Verbum
732 1508 798 1532 erat
813 1505 896 1539 apud
915 1508 1015 1538 Deum,
1043 1507 1070 1532 et

1126 1502 1286 1539 ἁναγνωσθὲν
1310 1504 1477 1540 ἠκούσαμεν·
1508 1503 1548 1530 Ἐν
1572 1503 1643 1540 ἀρχῇ
1668 1502 1698 1532 ἧν
1722 1504 1735 1529 ὁ
1760 1506 1852 1539 Λόγος,
1878 1507 1923 1531 καὶ

244 1549 324 1576 Deus
334 1551 399 1576 erat
415 1549 581 1576 Verbum".
609 1549 682 1577 Novi
696 1549 807 1577 multos
823 1557 859 1577 ex
874 1550 909 1577 iis
917 1550 1006 1577 etiam
1018 1550 1070 1585 qui

246 1600 264 1620 a
274 1592 406 1620 veritatis
421 1593 558 1621 doctrina
573 1593 662 1621 alieni
677 1597 757 1627 sunt,
771 1594 884 1630 quique
897 1594 934 1622 de
949 1595 1071 1630 sapien-

245 1637 286 1664 tia
297 1637 454 1665 mundana
470 1637 647 1673 gloriantur,
660 1639 724 1666 haec
738 1641 766 1666 et
776 1638 941 1667 admiratos
957 1641 1072 1674 esse,et

246 1681 363 1718 scriptis
383 1682 444 1709 suis
458 1682 590 1710 inserere
606 1691 698 1711 ausos
713 1683 815 1712 fuisse.
842 1686 898 1712 Fur
920 1687 963 1712 est
988 1685 1070 1712 enim

245 1726 387 1754 diabolus
397 1733 410 1763 ;
431 1735 467 1755 ac
477 1730 590 1761 nostra,
607 1736 675 1756 cum
686 1728 860 1757 fabularum
875 1731 1012 1757 narrator
1022 1729 1069 1764 sit,

246 1771 286 1799 ad
298 1779 369 1799 suos
383 1774 468 1800 vates
479 1772 665 1805 εὕει-ι.ουοᾱ
675 1773 701 1801 si
712 1774 842 1802 carnalis
850 1774 998 1810 sapientia
1007 1782 1072 1802 ver-

244 1816 356 1844 borum
370 1816 430 1844 vim
442 1818 598 1853 tantopere
612 1821 657 1846 est
675 1818 836 1852 admirata,
852 1819 927 1855 quid
941 1827 996 1847 nos
1007 1819 1071 1855 Spi-

244 1861 319 1889 ritus
333 1861 472 1898 discipuli
487 1862 656 1891 faciemus?
676 1863 814 1892 Obiterne
843 1864 1014 1898 audiemus,
1043 1867 1072 1892 et

245 1905 386 1940 exiguam
402 1906 569 1942 quamdam
582 1907 642 1934 vim
656 1907 686 1935 in
710 1908 753 1935 eis
776 1909 874 1935 inesse
891 1908 1073 1936 existimabi-

246 1950 335 1977 mus?
351 1951 458 1985 Ecquis
468 1951 508 1978 ita
519 1951 657 1987 stupidus
665 1952 818 1988 fuerit,qui
830 1955 944 1980 tantam
956 1955 1073 1980 senten—

246 1993 293 2021 tia:
312 1993 569 2029 pulchritudinem
587 1998 709 2032 tamque
735 1997 1073 2033 incomprehensibilem

247 2038 425 2073 dogmatum
434 2039 621 2068 altitudinem
628 2049 689 2068 non
696 2041 834 2076 miretur;
851 2050 906 2070 nec
913 2050 1016 2070 veram
1026 2050 1074 2070 eo-

247 2090 314 2110 rum
325 2083 628 2119 comprehensionem
634 2086 973 2122 concupiscaWAtenim
981 2086 1075 2114 admi-

246 2128 305 2156 rari
314 2128 442 2164 pulchra
451 2129 571 2167 difﬁcile
580 2138 640 2158 non
652 2133 710 2158 est:
723 2131 776 2158 sed
789 2139 825 2159 ea
839 2139 907 2167 quae
920 2131 1074 2160 admirati-

1125 1548 1138 1573 6
1162 1550 1246 1583 Λόγος
1261 1546 1292 1576 ἦν
1322 1549 1383 1584 πρὸς
1410 1549 1454 1574 τὸν
1483 1549 1556 1581 Θεὸν,
1575 1550 1618 1573 καὶ
1642 1549 1705 1578 Θεὸς
1732 1546 1762 1576 ἦν
1790 1549 1803 1574 ὁ
1827 1551 1922 1584 Λόγος.

1124 1596 1213 1619 Ταῦτα
1223 1591 1284 1619 οἶδα
1298 1592 1409 1624 πολλοὺς
1427 1595 1471 1619 καὶ
1487 1597 1536 1619 τῶν
1557 1593 1603 1623 ἔξω
1629 1595 1674 1618 τοῦ
1693 1592 1769 1628 λόγου
1791 1597 1839 1628 τῇς
1862 1592 1924 1621 ἀλη-

1126 1638 1195 1668 θείας
1209 1639 1276 1673 μέγα
1302 1639 1460 1674 φρονούντων
1485 1637 1525 1663 ἐπὶ
1551 1640 1629 1673 σοφίᾳ
1651 1641 1764 1673 κοσμικῇ
1788 1639 1832 1663 καὶ
1863 1638 1925 1663 θαν-

1124 1683 1269 1718 μάσαντας,
1301 1684 1346 1708 καὶ
1374 1685 1429 1712 τοῖς
1463 1681 1558 1708 ἑαυτῶν
1602 1682 1779 1717 συντάγμασιν
1814 1681 1923 1717 ἐγκατα-

1126 1727 1201 1763 μίξαι
1225 1727 1282 1763 (94)
1310 1727 1500 1763 τολμήσαντας.
1532 1727 1647 1757 κλέπτης
1674 1727 1725 1763 γὰρ
1754 1727 1767 1752 ὀ
1792 1724 1922 1760 διάϐολος,

1126 1773 1170 1797 καὶ
1194 1772 1227 1798 τὰ
1250 1773 1362 1809 ἡμέτερα
1385 1771 1562 1808 ἐκφερομυθῶν
1583 1773 1647 1808 πρὸς
1670 1773 1731 1801 τοὺς
1754 1771 1847 1797 ἑαυτοῦ
1862 1773 1925 1797 ὑπο-

1127 1819 1220 1852 φήτας.
1250 1816 1280 1843 Εἰ
1305 1815 1348 1842 οὖν
1375 1817 1390 1846 ἡ
1417 1818 1526 1853 σαρκίνη
1544 1818 1623 1852 σοφία
1645 1819 1770 1842 τοσοῦτον
1796 1816 1926 1852 ἐθαύμασε

1126 1859 1176 1887 τῶν
1202 1862 1326 1898 ῥημάτων
1349 1863 1396 1890 τήν
1417 1859 1539 1897 δύναμιν,
1563 1863 1587 1887 τί
1606 1863 1756 1896 ποιήσωμεν
1767 1860 1828 1895 (95)
1852 1862 1926 1896 ἡμεῖς

1128 1907 1152 1931 οἱ
1166 1906 1283 1941 μαθηταὶ
1298 1909 1343 1931 τοῦ
1368 1907 1526 1941 Πνεύματος,
1549 1904 1591 1931 ἐὰν
1615 1907 1749 1941 παρέργως
1775 1903 1924 1940 ἀκούσωμεν

1127 1952 1173 1976 καὶ
1197 1951 1292 1987 μικρὰν
1319 1960 1378 1976 τινα
1399 1952 1445 1980 τὴν
1472 1949 1672 1987 ἐνυπάρχουσαν
1699 1949 1786 1980 αὐτοῖς
1814 1947 1925 1985 δύναμιν

1130 1993 1193 2020 εἶναι
1207 1995 1373 2031 λογισώμεθα
1386 2003 1392 2028 ;
1425 1997 1475 2021 Καὶ
1489 1997 1526 2025 τίς
1541 1995 1621 2024 οὕτως
1636 1993 1809 2022 ἀναισθησίαν
1832 1997 1925 2026 νοσῶν,

1130 2040 1197 2065 ὥστε
1208 2043 1324 2066 τοιοῦτον
1336 2040 1393 2076 (96)
1417 2039 1508 2070 κάλλος
1533 2039 1628 2070 ἐννοίας
1648 2040 1691 2064 καὶ
1717 2038 1799 2075 βάθος
1823 2037 1926 2074 δογμά-

1129 2094 1179 2111 των
1203 2085 1283 2116 οῦτως
1311 2083 1442 2120 ἀνέφικτον
1471 2086 1506 2120 μὴ
1541 2083 1604 2120 οὐχὶ
1637 2083 1845 2118 καταπλαγῆναι,
1882 2085 1927 2108 καὶ

1129 2129 1293 2165 ἐπιθυμῆσαι
1319 2129 1402 2155 αὐτῶν
1422 2133 1469 2160 τῆς
1495 2128 1607 2159 ἀληθοῦς
1632 2128 1820 2163 καταλήψεωκ
1851 2127 1926 2153 Ἀλλὰ

247 2173 297 2201 oni
308 2173 390 2202 fuere
400 2174 529 2210 perfecte
539 2175 711 2210 intelligere,
719 2176 777 2203 hoc
788 2176 919 2204 arduum
930 2179 975 2204 est
983 2179 1072 2213 atque

1129 2176 1179 2211 γὰρ
1193 2175 1257 2210 οὐχὶ
1275 2176 1304 2200 τὸ
1324 2175 1459 2210 θαυμάσαι
1477 2175 1511 2200 τὰ
1524 2174 1591 2200 καλὰ
1611 2172 1749 2206 δύσκολον,
1768 2172 1830 2198 ἀλλὰ
1848 2173 1876 2197 τό
1901 2170 1926 2196 ἓν

247 2219 432 2254 perdifﬁcile.
453 2221 528 2248 Nam
539 2223 566 2248 et
577 2220 670 2248 solem
683 2221 764 2249 hanc
784 2221 958 2249 sensibilem
983 2230 1074 2250 nemo

248 2264 356 2299 estqui
366 2264 553 2293 nonlaudet:
575 2265 826 2302 quandoquidem
835 2266 901 2302 ejus
924 2267 1074 2301 magnitu-

249 2307 319 2336 dine
338 2311 368 2337 et
389 2309 601 2345 puchritudine
625 2313 654 2338 et
676 2310 833 2338 radiorum
853 2311 1022 2347 aequalitate
1046 2313 1074 2340 et

286 2380 333 2407 ⁷³1
349 2381 415 2409 Cor.
429 2389 482 2417 xu,
500 2384 542 2410 11.
581 2383 700 2410 “Joan.
716 2391 737 2417 ι,
756 2384 779 2410 l.
818 2382 842 2400 ⁷⁵
857 2383 932 2411 ibid.

287 2455 344 2487 (92)
359 2453 572 2491 Reg._primus
599 2456 628 2482 et
650 2454 731 2482 Colb.
758 2454 860 2482 itidem
882 2454 935 2481 ἀλλ’
960 2453 1019 2491 iis:
1042 2456 1076 2481 τὰ

249 2489 355 2526 ῥήματα
367 2488 414 2521 τῆς
430 2488 615 2526 δυνάμεωςτοῡ
626 2491 842 2527 Πνεύματοςμςρίί
851 2488 975 2519 noverat
986 2492 1075 2519 verba

249 2527 392 2562 potentia
416 2527 560 2560 Spiritus,
583 2535 674 2562 quam
700 2527 879 2562 scripturam
900 2527 1074 2562 judicamus

250 2561 374 2597 quidem
385 2561 509 2596 bonam,
524 2562 575 2589 sed
590 2561 691 2589 tamen
711 2570 746 2590 ea
760 2561 826 2590 non
845 2561 967 2595 utimur,
993 2563 1076 2598 quod

251 2604 344 2634 causa
358 2598 442 2626 nulla
455 2598 491 2626 sit
500 2598 682 2634 curvulgata
689 2598 1000 2634 mutetur,praesertim
1007 2607 1076 2627 cum

250 2632 348 2668 ipsam
361 2641 433 2662 mss.
445 2633 530 2662 multi
542 2636 689 2661 tueantur.

287 2669 341 2704 (93)
357 2670 402 2696 Sic
415 2677 486 2697 mss.
504 2669 651 2697 nonnulli.
669 2669 723 2697 Alii
733 2669 795 2698 duo
816 2669 851 2700 εἰς
866 2671 894 2696 τὸ
910 2671 978 2696 κατὰ
993 2670 1078 2697 Ἰωάν-

250 2713 296 2741 νην
316 2704 479 2740 agar/7am,
491 2705 523 2732 in
538 2706 731 2741 Evangetz‘um
745 2706 882 2739 Joannis,
906 2706 958 2741 qui
976 2706 1078 2733 titulus

249 2738 339 2777 longe
354 2738 572 2777 commentario
583 2738 753 2769 conveniret
766 2741 872 2777 magis,
887 2738 982 2777 quam
994 2742 1078 2769 brevi

251 2776 392 2805 orationi.
409 2777 503 2805 Editio
519 2777 611 2806 Paris.
627 2777 663 2809 εὶς
677 2780 724 2807 τὴν
737 2777 824 2814 ἀρχὴν
839 2781 885 2804 τοῦ
897 2776 968 2803 κατὰ
987 2777 1076 2804 Ἰωάν-

1129 2219 1232 2256 ὰκριϐεῖ
1263 2222 1374 2247 κατανοὴ
1380 2228 1419 2245 σει
1454 2219 1573 2255 γενέσθαι

1129 2267 1204 2290 τοῦτο
1227 2263 1341 2300 χαλεπὸν
1365 2266 1410 2289 καὶ
1437 2261 1604 2299 δυσέφικτον.
1631 2262 1702 2289 Ἐπεὶ
1729 2264 1774 2288 καὶ
1797 2262 1840 2287 τὸν
1857 2260 1927 2290 ἣλιον

1624 2222 1674 2244 τῶν
1718 2217 1925 2253 θαυμασθέντων,

1128 2313 1215 2336 τοῦτον
1244 2310 1286 2335 τὸν
1309 2308 1435 2338 αἰσθητὸν
1450 2306 1538 2339 οὐδεὶς
1567 2309 1612 2344 μέν
1638 2306 1708 2333 ἔστιν
1732 2306 1756 2337 ὃς
1776 2306 1828 2342 οὐχ
1854 2306 1929 2343 ὑπερ-

1131 2467 1175 2485 νην
1190 2455 1355 2492 Εὖαγγελίου,
1368 2456 1398 2483 in
1405 2455 1590 2491 principium
1598 2453 1760 2489 Evangelii
1766 2453 1927 2481 secundum

1131 2493 1304 2529 Joannem.»
1354 2527 1358 2529 ς
1510 2525 1541 2529 __
1655 2525 1676 2529 Α,
1826 2523 1831 2528 .

1168 2529 1224 2562 (9i)
1238 2527 1359 2560 Antiqui
1376 2529 1435 2554 tres
1449 2526 1515 2554 libri
1532 2525 1717 2562 έγκαταμίξοιι.
1733 2524 1813 2562 Alius
1822 2524 1930 2562 ἐγκατα-

1132 2559 1356 2599 m’EaullJtruque
1363 2562 1453 2590 editio
1464 2559 1737 2599 etcol‘bsecundus
1748 2559 1929 2599 ἐγκαταλέξιιιέ

1133 2607 1264 2636 quarum
1275 2597 1437 2626 lectionum
1449 2597 1701 2636 omniu_m_e_adem
1713 2599 1758 2624 est
1768 2597 1926 2636 sententia.

1169 2636 1227 2670 (95)
1237 2635 1283 2663 Sic
1301 2643 1373 2662 mss.
1390 2637 1529 2670 quatuor.
1544 2633 1616 2670 Editi
1632 2632 1930 2670 rotiaouw..‘._dzo~iao-

1133 2666 1525 2708 μεν...ίλογισομῖφαξηῆᾶφῃ
1541 2668 1675 2708 quinque
1695 2666 1766 2708 mss.
1794 2666 1836 2692 ἐὰν
1865 2675 1932 2701 παρ-

1133 2703 1211 2743 ργως.
1229 2703 1338 2743 vocula
1349 2705 1391 2731 ἐάν
1405 2705 1435 2731 in
1451 2704 1577 2738 vulgatis
1591 2703 1799 2743 desideratura

1169 2743 1226 2777 (97)
1246 2741 1318 2769 Editi
1331 2743 1365 2772 ὡς
1380 2737 1518 2767 Tamiram:
1535 2739 1657 2775 Antiqui
1668 2746 1719 2766 sex
1732 2737 1800 2766 libri
1811 2738 1890 2765 ὥστε.
