2059 3136
141 128 195 156 473

519 127 666 156 HOMILIA
682 127 716 155 ΙΝ
733 124 847 159 lLLUD,
863 123 908 152 IN
921 123 1132 153 PRINCIPIO
1143 125 1256 154 ERAT
1273 125 1445 153 VERBUM

1767 125 1818 152 474

141 192 247 223 επαινιῖ,
272 191 302 215 τό
324 189 432 225 μέθγεος
456 189 535 216 αὐτοῦ
562 192 607 216 καὶ
635 191 665 216 τὸ
689 189 790 221 κάλλος,
820 190 864 214 καὶ
887 191 932 213 τῶι

994 187 1153 222 splendida
1160 187 1226 215 luce
1237 195 1420 223 magnopere
1427 187 1601 215 delectatur.
1610 188 1747 216 Attamen
1757 187 1782 215 si
1788 187 1819 215 in

140 234 248 261 ἀκτίνων
271 236 320 263 τήν
345 236 517 271 συμμετρίαν,
545 237 590 261 καὶ
617 236 646 261 τὸ
671 233 829 260 ἀποστίλϐον
859 232 938 258 αὑτοῦ

138 283 190 316 φῶς
221 279 454 315 καταπαζόμΰος
493 280 556 312 (97)·
598 279 639 305 ἐὰν
677 281 764 315 μέντοι
792 278 938 314 βιαιότερον

138 324 305 360 φιλονιικήσῃ
335 327 370 359 τῷ
399 323 484 359 κύκλῳ
513 323 657 360 ἁντεξτὶγιιν
691 323 782 350 ἑαυτοῦ
808 324 855 353 τὰς
889 326 937 348 τῶν

137 368 261 405 ὀμμάτων
292 367 382 404 βολὰς,
409 369 439 394 οὐ
454 370 530 405 μόνον
544 369 573 394 οὐ
589 368 732 404 κατόψεται
745 369 779 394 τὰ
793 368 937 403 περισπού-

137 411 236 447 δαστα,
279 411 343 439 ἀλλὰ
375 415 419 439 καὶ
451 415 499 442 τὴν
528 413 655 450 ἐκρίϐειαν
674 418 722 444 τῆς
747 412 828 448 ὅψεως
852 421 937 449 προσ-

137 456 293 494 διαφθείρας
317 457 468 494 οἰχὴσεται.
491 461 613 485 Τοιοῦτόν
628 461 654 484 τί
668 468 714 495 μοι
729 457 798 484 δοκῶ
811 460 858 486 τὴν
874 456 936 484 διά-

136 512 208 528 νοιαν
233 503 358 538 πάσχειν,
387 505 435 532 τὴν
463 503 656 539 φιλονείκοῦσαν
684 502 778 539 ἀκριϐῆ
804 503 937 529 ποιεῖσθαι

135 551 188 573 τῶν
215 549 387 583 προκειμῄων
414 548 537 584 ῥημάτων
565 550 613 578 τὴν
638 548 764 579 ἐξέτασιν.
795 547 934 584 Ἐνξὰρχῇ

135 589 166 627 ᾖν
179 592 192 618 6
206 593 301 627 Λόγος.
336 594 382 623 Τίς
407 591 520 621 ἐννοήσιι
540 591 620 624 ἀξίως
634 594 667 619 τὰ
682 595 740 629 περὶ
761 596 808 623 τῆς
823 591 911 629 ἀρχῆς
928 605 935 631 ;

134 638 202 662 Ποία
226 635 351 673 ῥημάτων
378 634 489 673 δύναμις
518 638 608 674 εὑρεθῇ
646 637 776 674 ὀμοτίμως
805 635 935 674 δυναμένη

134 684 308 716 παραστῆσαι
333 682 363 707 τὸ
378 682 468 710 νοηθέν
485 689 491 714 ;
508 681 612 708 Μέλλων
627 680 807 718 παραδιδόναι
822 683 884 718 ἡμῖν
903 684 936 709 τὰ

135 727 195 762 περὶ
222 729 270 756 τῆς
293 725 425 761 θεολογίας
447 729 494 752 τοῦ
520 729 582 753 Υίοῡ
597 730 642 753 Ἰοῦ
653 730 730 760 Θεοῦ,
747 725 869 763 οὐδεμίαν
885 726 935 764 ἆρ-

134 771 188 805 χὴν
218 769 298 799 οῧιλην
327 774 362 805 τῷ
391 770 458 806 λόγῳ
484 771 498 800 ἦ
524 773 571 800 τὴν
586 771 674 808 ἀρχὴν
686 775 736 798 τῶν
751 771 814 798 ὂλων
830 770 933 799 Ede-mat.

134 813 211 850 ᾟδιι
227 816 286 848 (98)
300 817 360 846 τοὺς
376 815 560 852 ἐπιφυομένους
573 820 604 852 τῇ
622 815 685 853 δόξῃ
702 821 749 843 τοῦ
777 820 936 852 Μονογενοῡς

133 860 162 886 τὸ
192 862 297 896 Πνεῦμα
323 861 352 886 τό
381 860 464 896 ἅγιον·
491 859 603 898 πρόὴδει
630 863 690 893 τοὺς
713 861 850 897 μέλλοντας
872 863 934 898 ἡμῖν

133 905 270 941 προφέρειν
292 905 325 930 τὰ
352 905 513 942 σοφίσματα,
541 907 574 932 τὰ
607 905 649 932 ἐπὶ
675 910 843 944 καταστροφῇ
884 911 935 933 τῶν

135 947 282 974 ἀκουόντων
314 949 403 980 αὐτοῖς
441 952 651 987 μεμηχανημένα
689 951 756 986 (99).
789 950 859 985 Ὀτι,
905 953 934 978 Εἰ

135 991 267 1028 ἄγεννήθη,
298 993 345 1020 οὗκ
373 992 414 1024 ἧνι
439 997 493 1028 καί,
520 996 574 1031 Πρὸ
588 999 634 1022 τοῦ
648 997 811 1031 γεννηθῆναι·
825 996 873 1022 οὐκ
892 995 934 1025 ἦν·

132 1039 186 1070 καὶ,
214 1037 256 1069 Ἐξ
283 1038 330 1064 οὐκ
363 1041 441 1065 ὄντων
456 1042 501 1069 τὴν
520 1040 665 1066 ὑπόστασιν
676 1040 759 1068 ἔλαϐε.
775 1041 890 1067 Τοιαύτα
905 1039 934 1067 δὲ

133 1083 289 1118 φθέγγονται
323 1083 443 1119 γλῶσσαι
483 1085 638 1121 ἡκονημέναι
667 1083 714 1112 διὰ
749 1086 934 1122 πιθανολογίας

132 1127 196 1164 ὑπὲρ
217 1131 306 1154 πᾶσαν
334 1130 472 1166 μάχαιραν
496 1129 632 1166 δίστομον,
655 1130 710 1157 Ἰνα
732 1133 817 1157 τοίνυν
839 1130 933 1167 μηδενὶ

131 1170 214 1207 λέγειν
240 1173 283 1209 ἐξῇ
313 1175 346 1199 τὰ
371 1178 490 1208 τοιαῦτα,
513 1175 642 1211 προλαϐόν
655 1177 684 1201 τό
700 1179 804 1212 Πνεῦμα
815 1178 845 1202 τὸ
858 1176 932 1212 ἅγιον
956 1188 960 1191 ’

131 1214 178 1242 διὰ
192 1221 238 1243 τοῦ
253 1217 420 1254 Εὗαγγιλίον,
437 1219 477 1246 Ἐν
504 1219 588 1257 ἀρχῇ,
612 1222 700 1256 φησὶν,
731 1219 761 1250 ἦν
794 1221 807 1247 ὁ
836 1224 931 1256 Λόγος-

133 1260 193 1287 Ἐἁν
224 1266 324 1299 κρατῇς
347 1264 444 1293 ταύτην
468 1266 516 1293 τὴν
543 1267 637 1301 φωνὴν,
659 1263 734 1292 οὐδὲν
749 1265 778 1291 οὗ
793 1267 829 1302 μὴ
846 1267 932 1303 πάθῃς

133 1304 218 1332 δεινόν
246 1308 320 1344 παρὰ
344 1312 394 1334 τῶν
419 1311 594 1345 κακοτέχνων.
611 1309 669 1336 Ἐὰν
683 1311 733 1347 γὰρ
749 1310 811 1347 λέγῃ
827 1309 930 1344 ἐκεῖνος,

129 1350 159 1377 Εἰ
181 1350 316 1386 ἐγεννήθη,
340 1352 387 1378 οὐκ
419 1351 459 1382 ἦν·
489 1356 522 1380 σὺ
549 1354 611 1390 εἰπὲ,
630 1354 670 1381 Ἐν
685 1354 756 1391 ἀρχῇ
777 1355 818 1384 ἡν.
844 1355 930 1389 Ἀλλὰ,

131 1398 206 1431 φησὶ,
235 1398 296 1432 πρὶν
326 1397 340 1426 ἦ
368 1399 523 1432 γεννηθῆναι
547 1399 584 1434 (1)
611 1403 666 1430 πῶς
681 1398 711 1428 ἦν
733 1401 786 1433 ;Σὺ
813 1402 848 1436 μὴ
865 1399 933 1437 ἀφῇς

129 1441 170 1472 1'6,
199 1439 258 1466 Ἤν·
294 1443 330 1477 μὴ
366 1442 512 1480 καταλίπῃς
538 1445 578 1477 τὸ,
610 1444 650 1470 Ἐν
677 1443 761 1481 ἀρχῇ.
790 1444 892 1481 Ἀρχῆς
915 1446 930 1474 ἠ

131 1487 229 1522 κορυφὴ
255 1485 284 1511 οὗ
309 1486 544 1523 καταλαμϐανεταιο
560 1488 648 1525 ἀρχῆς
678 1491 707 1515 τὸ
735 1488 855 1527 ἐξώτερον
880 1489 932 1526 οὐχ

132 1529 287 1566 εὑρίσκεται.
313 1533 357 1561 Μὴ
377 1532 590 1569 παραλογίσηταί
616 1535 644 1559 σέ
667 1543 707 1565 τις
733 1538 769 1569 τῷ
790 1534 932 1571 πολνσήμῳ

131 1578 180 1605 τῆς
197 1573 294 1607 λέξιως.
316 1576 411 1602 Πολλαὶ
443 1578 493 1614 γὰρ
523 1577 607 1614 ἁρχαὶ
636 1577 735 1604 πολλῶν
771 1580 931 1616 πραγμάτων

131 1620 199 1645 κατὰ
221 1621 264 1646 τόν
294 1619 353 1656 βίον
381 1625 481 1648 τοῦτον
509 1621 572 1648 ἀλλὰ
604 1624 653 1659 μία
678 1622 750 1659 ἀρχή
767 1623 809 1650 ἐπὶ
828 1625 930 1650 πάντων

131 1663 146 1692 ἦ
174 1662 289 1691 ἐπέκεινα
314 1666 363 1701 (2).
393 1666 478 1703 Ἃρχὴ
508 1668 558 1704 γὰρ
589 1666 653 1694 ὁδοῦ
676 1667 786 1703 ἀγαθῆς,
817 1667 884 1695 dum
913 1670 928 1699 ἠ

132 1710 275 1744 Παροιμίαι.
299 1709 366 1736 Ἀλλ’
387 1709 451 1737 ὁδοῦ
475 1713 520 1747 μὶν
552 1711 624 1748 ἀρχή
654 1713 669 1741 ἠ
696 1715 786 1750 πρώτη
814 1716 929 1746 κίνησις,

131 1751 188 1777 ὅθεν
211 1752 350 1789 ἀρχόμεθα
376 1759 422 1786 τῆς
443 1758 560 1793 πορείας,
576 1757 608 1788 ἧς
631 1758 661 1783 τὸ
693 1759 803 1783 κατόπιν
819 1756 930 1784 δυνατόν

131 1794 205 1822 ἐστιν
241 1797 331 1833 εὐριῖν.
364 1802 422 1834 Καὶ,
467 1800 552 1837 Ἀρχὴ
587 1803 681 1837 σοφίας
716 1801 793 1837 φόϐος
819 1804 928 1839 Κυρίου.

130 1839 210 1866 ’Ἐστι
237 1844 282 1868 καὶ
303 1844 400 1874 ταύτης
425 1849 473 1875 τῆς
494 1844 582 1881 ἀρχῆς
613 1845 697 1883 ἕτερὸν
712 1855 738 1872 τι
751 1848 928 1883 προκείμενον

129 1888 179 1916 τῆς
210 1887 260 1924 γὰρ
285 1892 335 1914 τῶν
355 1893 453 1925 τεχνῶν
482 1889 633 1926 ἀναλήψεως
648 1889 720 1927 ἀρχή
739 1890 808 1917 ἔστιν
821 1892 836 1921 ἠ
855 1901 929 1918 στοι-

129 1933 249 1968 χείωσις.
267 1936 400 1969 Στοιχεῖον
414 1933 458 1960 οὖν
473 1933 529 1961 ἐστι
539 1939 586 1966 τῆς
604 1937 695 1971 σοφίας
711 1936 723 1961 ὁ
739 1935 816 1972 φόϐος
828 1935 874 1962 τοῦ
890 1937 929 1972 (3)

131 1979 237 2014 Κυρίου·
266 1976 331 2003 ἀλλὰ
353 1980 453 2009 ταύτης
481 1983 527 2010 τῆς
553 1978 640 2016 ἀρχῆς
662 1979 719 2006 ἐστί
733 1989 759 2006 τι
784 1980 928 2018 πρεσϐύτε-

129 2030 184 2058 ρον,
209 2022 224 2051 ἠ
247 2023 412 2054 κατάστασις
426 2027 475 2055 τῆς
493 2023 597 2060 ψυχῆς,
608 2028 654 2050 τοῦ
667 2027 746 2061 μήπω
763 2026 930 2060 σοφισθέντος

129 2068 174 2092 καὶ
193 2067 236 2092 τὸν
257 2066 335 2102 φόϐον
360 2071 407 2094 τοῦ
435 2072 502 2095 Θεοῦ
526 2068 700 2105 ἀνειληφότος.
718 2069 816 2106 ’Λρχαὶ
831 2070 872 2104 (4)
891 2069 930 2096 λέ-

129 2120 220 2146 γονται
230 2115 274 2138 καὶ
289 2113 317 2138 αἱ
331 2112 464 2140 πολίτικαὶ
489 2112 652 2148 δυναστεῖαι,
687 2115 714 2140 αἱ
741 2119 791 2141 τῶν
816 2113 931 2151 ἀξίωμά-

993 232 1087 267 ipsius
1093 232 1197 260 orbem
1208 232 1365 260 oculorum
1377 232 1499 260 obtutus
1511 232 1602 267 ﬁgere
1612 232 1818 262 vehementius

993 276 1190 311 contenderit,
1207 285 1267 304 non
1284 276 1381 304 solum
1399 279 1538 312 exoptata
1551 277 1671 304 visurus
1681 284 1742 304 non
1755 279 1817 309 est;

993 321 1045 348 sed
1052 321 1134 349 visus
1141 321 1436 355 etiamintegritatem
1443 321 1699 357 corrumpet.Tale
1705 321 1820 358 aliquid

992 365 1120 393 arbitror
1132 365 1267 394 accidere
1282 366 1374 394 menti
1386 365 1422 401 ei,
1447 373 1515 402 qua),
1544 366 1712 394 accuratius
1736 374 1819 394 scru-

992 410 1047 438 tari
1056 413 1181 439 conatur
1190 411 1256 438 haec
1264 410 1355 438 verba
1369 419 1376 438 :
1389 411 1425 438 In
1436 411 1585 445 principio
1597 414 1661 439 erat
1680 411 1817 439 Verbum.

992 456 1062 488 Quis
1076 464 1145 492 quia
1159 456 1198 484 ad
1213 456 1395 492 principium
1411 458 1559 492 spectant,
1570 458 1603 484 ut
1612 464 1667 492 par
1678 458 1724 484 est
1735 455 1819 484 intel-

988 499 1081 534 liget?
1094 501 1240 533 Quzenam
1255 501 1418 528 verborum
1432 501 1475 528 vis
1488 500 1666 536 inveniatur,
1679 509 1747 538 quae
1762 508 1817 537 pro

989 545 1031 572 rei
1046 545 1190 579 dignitate
1205 545 1436 581 possitcogitata
1446 545 1614 581 exprimere
1622 546 1635 573 ἱ)
1645 545 1818 573 Traditur-us

989 589 1215 618 nobisJoannes
1229 597 1296 626 quae
1306 590 1343 618 ad
1357 589 1541 624 theologiam
1550 589 1612 617 Filii
1623 590 1673 617 Dei
1683 590 1817 623 attinent,

989 634 1106 662 nullum
1121 633 1204 662 aliud
1215 635 1359 662 orationis
1373 634 1531 662 exordium
1553 634 1610 662 nisi
1635 634 1817 670 principium

989 678 1200 706 universorum
1208 679 1349 715 praetulit.
1363 679 1488 715 Spiritus
1498 682 1622 707 sanctus
1629 681 1755 707 noverat
1764 678 1818 714 qui

988 725 1088 750 essent
1103 723 1237 751 adorturi
1253 723 1401 758 Unigeniti
1411 723 1556 758 gloriam:
1571 716 1752 759 praeviderat
1765 723 1818 759 qui

989 769 1091 795 essent
1114 767 1202 795 nobis
1229 767 1375 803 objecturi
1400 767 1598 803 sophismata,
1621 775 1689 804 quas
1704 767 1761 803 ipsi
1778 767 1818 796 ad

951 812 970 839 Β
989 812 1209 840 subvertendos
1222 812 1374 841 auditores
1386 812 1614 848 excogitassent.
1626 812 1817 847 Nimirum,Si

989 857 1107 891 genitus
1128 859 1182 891 est,
1198 864 1259 885 non
1275 859 1339 885 erat
1353 865 1360 884 :
1377 859 1415 890 et,
1441 859 1612 893 Antequam
1635 857 1815 892 gigneretur,

988 909 1050 929 non
1064 904 1147 929 erat:
1159 901 1240 935 item,
1254 903 1294 929 Ex
1308 909 1371 929 non
1385 901 1580 929 existentibus
1590 900 1816 929 subsistentiam

988 946 1112 982 accepit.
1128 946 1250 981 Linguae
1263 946 1342 974 enim
1359 954 1412 982 per
1425 945 1519 973 verba
1534 946 1669 974 suasoria
1683 946 1816 973 exacutte

988 990 1085 1026 magis
1096 999 1189 1027 quam
1197 991 1415 1027 ancepsquivis
1426 989 1815 1027 gladius,loquunturta.lia.

988 1035 1123 1070 Neigitur
1129 1035 1237 1063 similia
1251 1035 1394 1072 cuiquam
1401 1035 1499 1063 dicere
1507 1035 1605 1068 liceat,
1613 1035 1738 1071 Spiritus
1748 1042 1817 1063 san-

987 1082 1053 1108 ctus
1060 1080 1160 1108 hmcin
1172 1079 1332 1115 Evangelio
1343 1088 1498 1116 occupans
1506 1080 1594 1108 dixit:
1603 1081 1624 1114 1
1631 1080 1656 1115 3
1663 1080 1708 1115 51
1708 1087 1728 1107 η
1732 1080 1816 1114 prin-

987 1126 1076 1159 cipio,
1086 1125 1193 1161 inquit,
1203 1128 1268 1153 erat
1281 1125 1417 1153 Verbum.
1428 1126 1508 1153 Hanc
1518 1133 1622 1153 vocem
1633 1125 1658 1152 si
1674 1124 1813 1159 tenueris,

986 1169 1061 1197 nihil
1080 1177 1098 1197 a
1113 1169 1255 1197 meleticis
1272 1169 1331 1197 illis
1355 1169 1476 1205 patieris
1487 1169 1570 1197 mali.
1582 1169 1657 1197 Nam
1671 1169 1694 1196 si
1708 1169 1756 1197 ille
1770 1169 1814 1197 di-

986 1214 1070 1246 xerit,
1087 1214 1114 1242 Si
1126 1214 1244 1249 genitus
1257 1216 1311 1250 est,
1328 1222 1390 1242 non
1403 1216 1485 1242 erat:
1500 1216 1531 1242 tu
1547 1213 1648 1244 dicito,
1673 1214 1709 1241 In
1727 1214 1814 1248 prin-

987 1259 1064 1293 cipio
1079 1261 1152 1287 erat.
1166 1258 1232 1291 Sed,
1249 1258 1356 1294 inquit,
1375 1259 1555 1294 priusquam
1575 1258 1694 1293 genitus
1723 1260 1813 1293 esset,

986 1303 1141 1340 quomodo
1154 1303 1242 1330 erat?
1253 1304 1294 1331 Tu
1309 1311 1346 1331 ne
1361 1303 1493 1331 dimittas
1503 1302 1586 1337 illud,
1599 1303 1677 1331 Erat
1689 1311 1696 1330 :
1708 1310 1745 1331 ne
1760 1303 1814 1331 de-

985 1347 1142 1384 reliqueris
1163 1347 1247 1381 illud,
1270 1348 1307 1375 In
1321 1348 1481 1382 principio.
1502 1347 1641 1383 Principii
1655 1347 1814 1375 summitas

986 1400 1048 1420 non
1055 1392 1291 1428 apprehenditur
1303 1400 1310 1420 :
1321 1392 1404 1429 quod
1415 1395 1498 1420 extra
1504 1395 1532 1420 et
1543 1392 1621 1420 ultra
1630 1392 1813 1428 principium

988 1437 1034 1470 sit,
1055 1444 1116 1464 non
1134 1437 1296 1465 invenitur.
1316 1438 1355 1465 Ne
1369 1437 1437 1473 quis
1454 1439 1482 1465 te
1493 1437 1622 1472 decipiat
1637 1436 1721 1464 varia
1729 1437 1813 1464 vocis

948 1487 968 1515 ο
988 1481 1214 1516 significatione.
1237 1483 1313 1510 Nam
1332 1490 1434 1510 rerum
1449 1481 1612 1510 multarum
1628 1481 1724 1510 multa
1744 1482 1813 1509 sunt

987 1526 1134 1562 principia.
1153 1527 1184 1554 in
1210 1527 1268 1554 hac
1293 1526 1353 1554 vita
1365 1535 1371 1554 :
1384 1526 1437 1554 sed
1455 1534 1551 1554 unum
1569 1528 1613 1553 est
1631 1526 1812 1562 principium

987 1579 1079 1608 supra
1102 1571 1214 1605 omnia,
1237 1571 1320 1607 quod
1346 1571 1424 1599 ultra
1443 1570 1813 1607 est.Nam,inquitParce-

985 1616 1057 1650 mia,
1066 1616 1320 1650 Principiumviae
1329 1616 1454 1644 bona".
1477 1616 1534 1644 Sed
1556 1615 1608 1643 viae
1629 1615 1812 1651 principium

985 1663 1028 1689 est
1042 1661 1157 1697 primus
1173 1664 1285 1695 motus,
1298 1661 1378 1689 unde
1388 1661 1597 1694 iterordimur,
1621 1661 1708 1695 cujus
1730 1659 1812 1696 prior

984 1712 1055 1741 pars
1063 1705 1299 1741 potestreperiri.
1308 1707 1350 1739 Et,
1360 1706 1548 1740 Principium
1559 1705 1714 1739 sapientia
1722 1706 1813 1733 timor

984 1749 1146 1776 Domini".
1161 1749 1303 1784 Przejacet
1316 1752 1417 1776 autem
1433 1751 1461 1776 et
1476 1749 1546 1776 huic
1564 1748 1712 1784 principio
1727 1748 1811 1776 aliud

984 1794 1151 1830 quoddam,
1167 1801 1237 1821 cum
1250 1793 1452 1829 perceptionis
1461 1793 1571 1821 artium
1582 1793 1759 1829 principium
1773 1793 1811 1821 sit

984 1838 1082 1874 prima
1092 1838 1310 1866 elementorum
1324 1838 1478 1866 institutio.
1507 1838 1696 1866 Elementum
1720 1838 1811 1872 igitur

984 1883 1138 1920 sapientiae
1154 1883 1242 1911 timor
1257 1882 1375 1910 Domini
1388 1885 1433 1910 est
1447 1891 1453 1910 :
1470 1882 1524 1910 sed
1537 1883 1594 1910 hoc
1606 1882 1755 1918 principio
1765 1883 1811 1910 est

984 1928 1108 1964 aliquod
1122 1928 1284 1964 antiquius,
1301 1927 1412 1955 animae
1428 1927 1539 1955 scilicet
1553 1929 1656 1960 status,
1669 1926 1745 1962 ejus,
1756 1926 1810 1962 qui

983 1973 1121 2001 nondum
1131 1973 1311 2009 sapientiam
1323 1972 1448 2000 edoctus
1462 1974 1516 2006 est,
1528 1979 1582 1999 nec
1594 1971 1655 2005 Dei,
1671 1971 1810 1999 timorem

984 2018 1124 2054 adeptus.
1136 2017 1284 2053 Principia
1297 2017 1438 2045 dicuntur
1453 2017 1542 2045 etiam
1560 2016 1660 2044 civiles
1674 2018 1810 2052 potenta-

985 2065 1043 2094 tus,
1063 2062 1200 2090 videlicet
1214 2062 1363 2098 prazcelsm
1377 2062 1538 2096 dignitates
1555 2070 1561 2089 :
1578 2061 1630 2089 sed
1649 2069 1712 2095 gaec
1729 2060 1810 2096 prin-

985 2107 1072 2143 cipia,
1089 2107 1258 2142 aliquorum
1275 2109 1344 2134 sunt
1356 2106 1512 2142 principia,
1525 2108 1554 2133 et
1565 2105 1809 2141 unumquodque

130 2165 179 2181 των
212 2157 352 2193 ὑπεροχαὶ.
383 2158 450 2184 Ἀλλ’
476 2159 554 2185 αὗται
582 2160 610 2185 αἱ
645 2158 739 2196 ἀρχαὶ,
767 2164 841 2186 τινῶν
864 2160 929 2186 εἰσιν

987 2159 1088 2179 eorum
1105 2151 1206 2187 aliquo
1217 2151 1351 2179 refertur.
1379 2150 1494 2177 Etenim
1518 2149 1605 2177 lineae
1625 2149 1808 2184 principium

131 2199 224 2238 ἀρχαὶ,
249 2204 294 2228 καὶ
317 2204 383 2239 πρὸς
399 2212 425 2229 τι
449 2203 556 2233 ἑκάστη.
574 2203 658 2240 Ἀρχὴ
673 2205 722 2242 γὰρ
739 2208 786 2237 τῆς
804 2209 928 2242 γραμμῆς

166 2299 191 2317 π
205 2300 294 2328 Prov.
311 2308 368 2336 xvr,
386 2302 411 2329 5.
450 2301 473 2318 ⁷⁷
489 2300 569 2330 Psal.
581 2309 626 2336 cx,
641 2303 682 2330 tO.

165 2399 222 2436 (Q7)
239 2398 326 2436 .Editi
348 2400 378 2436 et
402 2407 477 2436 mss.
493 2399 738 2436 κατασπαζόμενος·
756 2407 825 2436 qua;
838 2407 895 2428 vox
911 2408 930 2429 Β.

128 2433 223 2461 verbo
234 2433 402 2464 ἀσπάζεσθαι
416 2435 585 2466 deducitur.
605 2433 707 2464 amore
727 2433 930 2469 terieri,delec-

129 2470 200 2497 tari.
230 2470 260 2497 Id
283 2478 353 2498 cum
376 2478 437 2499 non
448 2471 702 2498 animadverteret
718 2472 927 2503 Combetisius,

129 2512 260 2543 cumque
269 2506 323 2533 sibi
337 2506 419 2534 visus
430 2509 507 2534 esset
522 2507 631 2541 legere,
643 2507 879 2543 κατασκεψάμενος,
887 2507 929 2535 sic

128 2540 341 2580 interpretatus
354 2544 417 2570 est:
435 2540 620 2580 splendorem
640 2540 812 2580 suspiciens}
841 2544 928 2570 Vetus

129 2578 276 2612 interpres
292 2580 430 2609 verterat,
441 2579 630 2612 splendorem
644 2578 822 2606 admiratus.

165 2613 220 2648 (98)
233 2613 361 2648 Utraque
375 2613 465 2641 editio
477 2621 639 2648 operarum
652 2613 766 2642 incuria
777 2613 926 2648 idmjam.

129 2647 207 2675 Libri
222 2647 336 2685 veteres
353 2647 422 2685 ᾔδει,
436 2647 570 2683 noverat,
593 2649 719 2685 optime.

163 2684 220 2716 (99)
246 2683 320 2711 Editi
349 2683 376 2712 et
390 2684 452 2712 duo
468 2693 542 2712 mss.
555 2683 783 2722 μεμῆχανευμένα.
805 2684 859 2713 Alii
870 2687 929 2713 tres

126 2726 200 2756 mss.
213 2721 431 2756 μεμηχανημένα.

164 2755 203 2793 (i)
216 2755 340 2793 antiqui
355 2755 500 2793 duolibri
513 2758 573 2793 πρὶν
584 2757 750 2793 γεννηθῆναι.

163 2791 201 2826 (2)
218 2790 347 2827 Utraque
358 2790 449 2820 editio
460 2794 489 2820 et
500 2790 559 2820 tres
574 2790 651 2821 mss.
675 2791 746 2829 ἀρχὴ
763 2793 777 2822 ἠ
797 2791 839 2819 ἐπὶ
861 2793 929 2820 πάν-

983 2198 1131 2232 punctum
1154 2198 1208 2230 est,
1232 2197 1260 2223 et
1285 2194 1454 2231 superﬁciei
1477 2193 1660 2230 principium
1673 2193 1763 2228 linea,
1779 2195 1808 2222 et

983 2411 1033 2428 των
1049 2401 1172 2427 ἐπέκεινα.
1190 2400 1247 2428 Alii
1265 2402 1406 2437 quatuor.
1422 2407 1497 2427 mss.
1513 2399 1585 2436 ἀρχὴ
1606 2398 1647 2426 ἐπὶ
1661 2400 1763 2426 πάντων
1789 2401 1804 2429 ή

984 2447 1056 2464 επεκε
1060 2447 1100 2463 ινα
1104 2458 1110 2465 ,

1021 2474 1058 2508 (3)
1085 2474 1216 2508 Utraque
1241 2472 1331 2499 editio
1362 2473 1453 2507 σοφίας
1481 2471 1556 2508 φόϐος
1571 2472 1584 2498 ὁ
1599 2475 1658 2499 τοῦ.
1681 2472 1718 2499 At
1732 2478 1804 2498 mss.

983 2509 1120 2545 quinque
1135 2510 1166 2545 ut
1180 2508 1211 2545 in
1224 2510 1374 2535 contextu.

1019 2545 1057 2578 (4)
1071 2541 1142 2578 Ejus
1155 2543 1213 2570 loci
1224 2543 1451 2571 consonantiam
1462 2543 1563 2570 videre
1583 2543 1605 2570 si
1629 2542 1697 2578 quis
1712 2541 1805 2578 cupit,

983 2579 1009 2607 ei
1020 2577 1124 2607 auctor
1137 2587 1215 2610 sum,
1230 2581 1262 2606 ut
1277 2580 1377 2606 Gt'zeca
1388 2579 1479 2613 legat.
1493 2579 1564 2611 Quae
1580 2577 1660 2606 enim
1675 2578 1722 2605 hic
1736 2577 1806 2605 scri-

983 2614 1105 2648 buntur,
1115 2615 1227 2650 optime
1237 2614 1361 2650 quidem
1368 2615 1426 2642 dici
1437 2615 1679 2650 possuntGrrece,
1687 2616 1720 2650 ut
1730 2613 1806 2650 mul-

983 2651 1112 2691 tiplicem
1128 2649 1613 2691 intelligentiamvocisﬁpzﬁguaa
1624 2649 1717 2690 modo
1725 2649 1806 2691 prin-

982 2684 1105 2721 ci’pium,
1114 2686 1205 2713 modo
1218 2686 1417 2721 principatum
1428 2684 1632 2721 ditionemque
1642 2684 1801 2721 significat;

982 2719 1037 2748 sed
1050 2721 1128 2748 male
1143 2719 1252 2748 sonant
1263 2721 1286 2748 si
1298 2719 1506 2757 exprimantur
1520 2719 1630 2755 Latine,
1641 2719 1804 2757 quodvoci

978 2758 1163 2794 przncz’pz’um
1176 2755 1430 2794 multiplex'notio
1443 2757 1525 2794 apud
1539 2755 1660 2785 Latinos
1669 2755 1804 2791 subjecta

981 2800 1045 2821 non
1061 2793 1108 2821 sit.
