2059 3136
141 132 193 160 477

503 129 649 157 HOMILIA
668 130 702 157 IN
721 129 835 165 ILLUD,
856 129 904 157 ΙΝ
919 129 1125 158 PRINCIPIO
1142 130 1251 159 ERAT
1273 131 1447 160 VERBUM.

1769 132 1822 160 478

142 194 275 230 γλῶσσαν,
306 191 401 218 εἰπών·
434 191 493 219 Ἐὰν
520 195 576 222 ταῖς
605 191 738 227 γλώσσαις
767 195 816 217 τῶν
848 190 938 228 ἆνθρόν

1001 200 1071 220 cum
1079 192 1130 221 ait:
1137 193 1286 229 Silinguis
1295 193 1448 222 hominum
1456 193 1596 230 loquare!
1603 194 1820 229 angelorum“.

143 249 196 266 πων
227 237 297 265 λαλῶ
330 239 375 264 καὶ
403 241 454 264 τῶν
486 236 611 273 ἀγγελων.
646 236 722 263 Ἀλλὰ
745 239 789 263 καὶ
817 240 862 264 τοῦ
889 238 944 273 (11)

140 283 219 319 λόγου
248 281 329 312 διπλῆ
356 283 395 312 τίς
416 281 487 308 ἐστιν
513 283 606 308 ἔννοια.
622 281 651 307 Ὀ
673 282 718 318 μὲν
741 283 792 319 γάρ
814 284 852 312 τίς
876 280 945 308 ἐστιν

140 328 155 355 ὁ
183 326 232 354 διὰ
267 332 314 358 τῆς
343 331 426 363 φωνῆς
457 328 652 364 προφαρόμινος,
679 327 753 357 οὗτος
783 327 796 352 ὁ
825 327 889 363 μετὰ
917 327 945 352 τὸ

139 373 332 410 προενεχθῆναι
347 375 383 407 τῷ
407 371 462 409 ἀέρι
485 371 706 408 ὶναπολλύμενοςι
731 372 745 398 ὁ
761 370 791 398 δέ
815 373 852 402 τίς
876 370 946 397 ἐστιν

139 419 152 444 ὁ
167 416 328 450 ἐνδιάθετος,
347 416 504 454 ἐνυπίιρχων
525 418 598 454 ἡμῶν
625 421 684 448 ταῖς
707 416 849 455 καρδίαις·
873 417 886 443 ὁ
910 415 948 443 ἂν.

138 464 307 500 νοηματιχός.
331 464 381 489 Καὶ
404 462 492 497 ἄλλος,
518 462 531 488 ὁ
554 463 674 498 τεχνικὸς
700 462 786 498 λόγος.
806 462 874 500 Ὅρα
897 464 947 499 μή·

139 509 204 535 ποτε
228 517 256 544 σε
274 508 497 544 παρακρούσηται
512 509 569 541 (i2)
584 508 614 534 τὸ
637 508 771 544 ὁμώνυμον
786 511 835 538 τῆς
849 511 943 543 φωνῆς.

139 556 200 585 Πῶς
211 553 261 589 γὰρ
286 556 317 588 ᾖν
339 551 364 578 ἕν
387 551 457 589 ἀρχῇ
476 552 488 578 ὁ
506 551 667 590 ἀνθρώπινος
681 552 768 589 λόγος,
785 556 831 578 τοῦ
846 551 944 590 ἀνθρὼ-

138 606 189 623 που
219 598 291 623 κάτω
318 605 369 623 που
393 596 518 628 λαϐόντος
543 597 590 626 τήν
615 596 702 633 ἀρχὴν
728 601 776 627 τῆς
801 598 941 633 "inrisam;

137 642 194 679 Πρὸ
217 640 353 678 ἀνθρώπου
380 642 478 678 θηρία·
501 642 552 678 πρὸ
577 640 714 679 ἀνθρώπου
738 643 829 676 κτήνη,
850 642 883 667 τὰ
897 640 941 679 ἑρ-

139 688 205 722 μετὰ
228 686 333 712 πάντασ
358 687 409 712 ὅσα
432 689 557 724 χερσαῖα,
574 688 619 713 καὶ
641 687 692 712 ὅσα
716 684 822 723 ἔνυδρα,
838 687 941 713 πετιινὰ

139 734 186 757 τοῦ
210 731 331 768 οὐρανοῦ,
356 730 473 768 ἀστέρες,
500 730 580 764 ἣλιος,
597 730 701 764 σελήνη,
724 730 844 767 βοτάναι,
863 732 940 768 σπέρ-

139 785 219 812 ματα,
236 779 281 811 γῆ,
300 775 424 808 Θάλαττα,
442 775 559 812 οὐρανός.
577 775 615 802 Οὐ
636 777 722 802 τοίνυν
741 775 766 802 ἔν
786 775 857 813 ἀρχῇ
880 773 910 812 ᾖν
926 776 939 803 ὁ

138 819 297 857 ἀνθρώπινος
323 819 406 856 λόγος,
437 819 489 846 ἀλλ’
511 819 574 846 οὐδὲ
600 821 613 846 ὁ
636 824 686 847 τῶν
711 820 833 856 ἀγγέλων.
861 823 939 848 Πᾶσα

998 237 1065 265 Jam
1080 244 1150 265 vero
1163 237 1247 265 verbi
1260 237 1371 273 duplex
1395 240 1439 265 est
1456 237 1668 273 intelligentia:
1693 238 1822 266 alterum

1000 281 1080 310 enim
1095 290 1166 310 voce
1182 282 1340 319 profertur,
1356 282 1439 319 quod
1453 285 1656 320 posteaquam
1670 283 1823 319 prolatum

1000 328 1052 359 est,
1073 326 1105 354 in
1132 334 1200 355 aere
1228 327 1319 363 perit:
1350 327 1476 355 alterum
1502 335 1573 355 vero
1593 327 1744 356 internum
1767 330 1822 361 est,

999 370 1091 407 inque
1102 372 1211 400 animis
1219 372 1329 400 nostris
1338 372 1473 404 insitum,
1480 372 1606 400 verbum
1620 373 1732 401 scilicet
1741 380 1824 401 men-

1000 416 1046 445 tis.
1063 418 1113 445 Est
1126 419 1156 445 et
1170 417 1251 445 aliud
1265 417 1402 452 verbum,
1416 417 1511 456 oratio
1522 417 1776 446 artiﬁciosa.Vide
1785 425 1823 446 ne

999 463 1027 489 te
1042 461 1172 498 decipiat
1190 470 1250 490 vox
1264 461 1418 498 ambigua.
1437 462 1594 495 Quomodo
1618 462 1698 490 enim
1715 465 1779 490 erat
1792 461 1823 490 in

999 507 1146 543 principio
1154 507 1278 535 verbum
1284 507 1357 535 hum
1361 515 1537 542 anum,cum
1547 507 1640 535 homo
1646 507 1823 544 principium

997 555 1080 580 ortus
1101 554 1191 589 atque
1213 552 1360 587 originem
1381 552 1528 588 posterius
1550 552 1720 588 acceperit?
1746 554 1822 580 Ante

995 597 1151 626 hominem
1170 597 1286 632 bestiae,
1299 599 1369 626 ante
1390 597 1548 625 hominem
1562 605 1685 634 pecora,
1705 596 1823 633 reptilia

995 642 1099 671 omnia
1122 644 1186 670 tum
1222 642 1371 671 terrestria
1405 644 1469 670 tum
1501 642 1653 678 aquatica,
1687 641 1822 670 volucres

994 687 1071 719 coeli,
1109 686 1211 722 stellae,
1240 687 1294 721 sol,
1323 687 1407 723 luna,
1433 687 1546 721 herbae,
1574 686 1703 720 semina,
1731 688 1820 719 terra,

993 732 1216 766 mare,coelum.
1229 733 1292 761 Non
1306 732 1397 767 igitur
1407 732 1438 759 in
1454 731 1603 768 principio
1618 733 1684 759 erat
1694 730 1822 759 verbum

992 777 1231 811 humanum,sed
1238 785 1275 805 ne
1282 777 1458 812 angelorum
1465 776 1677 813 quidem.Nam
1684 778 1821 805 creatura

992 822 1092 851 omnis
1114 823 1264 858 posterior
1279 822 1397 850 saeculis
1416 824 1470 855 est,
1485 823 1609 858 accepto
1629 829 1648 849 a
1666 821 1821 850 conditore

136 865 187 902 γὰρ
213 865 229 894 η
255 867 342 895 κτίσις
368 867 502 903 κατωτέρα
523 869 573 891 τῶν
594 864 691 892 αἰώνων
706 865 773 899 ἆστὶ,
789 867 837 895 τήν
850 865 938 903 ἀρχὴν

993 867 1153 895 exsistendi
1168 867 1328 903 principio.
1342 867 1474 895 Verbum
1487 869 1589 895 autem
1604 865 1687 902 quod
1695 865 1820 893 insitum

136 913 184 936 τοῦ
199 908 265 936 εἶναι
279 909 399 936 λαϐοῦσα
421 911 493 947 παρὰ
519 913 565 936 τοῦ
580 912 726 941 κτίσαντος.
743 909 772 936 Ὀ
792 909 822 937 δὲ
837 909 861 936 ἐν
876 920 938 947 καρ-

138 952 188 990 δίᾳ
214 954 298 989 λόγος,
325 957 370 981 καὶ
394 954 470 986 αὐτὸς
494 954 606 981 ἑκάστου
632 959 682 981 τῶν
714 956 854 984 νοηθέντων
879 954 936 982 εστὶ

137 996 271 1035 νεώτερος.
295 999 359 1027 Ἀλλ’
391 1000 469 1027 cimus
495 1003 542 1027 τοῦ
575 999 652 1037 λὸρου
687 1001 840 1038 θεοπρεπῶς.
875 1002 938 1038 Περὶ

136 1044 188 1080 γὰρ
212 1047 257 1070 τοῦ
281 1047 440 1080 Μονογινοῦς
462 1043 646 1082 διαλεγόμενός
670 1054 723 1078 σοι,
752 1047 837 1081 Λόγον
870 1043 937 1071 εἶπεν

137 1088 225 1117 αὐτόν.
253 1088 352 1127 Ὠσπιρ
382 1088 426 1116 οὖν
459 1092 503 1116 καὶ.
525 1095 577 1127 φῶς
603 1090 658 1127 μετ’
686 1090 772 1127 ὀλιγον
805 1090 865 1128 ἆριῖ,
894 1093 939 1118 καὶ

135 1133 216 1166 ζωήν,
245 1136 290 1160 καὶ
315 1134 468 1169 ἀνάστασιν,
484 1137 529 1162 καὶ
552 1135 610 1163 οὔτι
632 1140 682 1172 φῶς
702 1135 828 1169 ἀκούσας,
844 1135 886 1162 ini.
908 1138 938 1163 τό

137 1178 266 1207 αἰσθητὸν
289 1182 366 1206 τοῦτο
389 1181 434 1206 καὶ
458 1179 597 1217 ὀφθαλμοῖς
616 1181 708 1218 ὁρατὸν
723 1183 866 1219 καταφέρῃ,
880 1183 939 1208 οὔτι

138 1223 208 1253 ζωήν
232 1222 360 1257 ἀκούσας,
379 1227 427 1253 τήν
450 1227 538 1254 κοινήν
563 1226 661 1254 ταύτην
684 1229 760 1260 νοεῖς,
785 1225 815 1256 ἣν
839 1227 884 1252 καὶ
906 1227 939 1252 τὰ

137 1267 220 1303 οἴλογα
235 1268 268 1305 ζῇ
282 1279 288 1285 ·
319 1268 387 1295 οὕτω
411 1272 456 1296 καὶ
480 1272 559 1306 Λόγον
579 1269 689 1305 ἁκούων,
706 1270 816 1307 φύλαξαι
838 1272 939 1307 μήποτε

136 1315 168 1348 τῇ
186 1316 219 1341 σῆ
237 1312 359 1350 ἀσθενείᾳ
382 1318 429 1345 τῆς
454 1312 573 1346 διανοίας
597 1316 663 1352 πρὸς
689 1315 875 1351 χαμαιζήλους
895 1317 940 1342 καὶ

138 1358 260 1388 ταπεινὰς
285 1356 404 1390 διανοίας
429 1359 585 1396 ὑπινιχθῇς.
608 1360 675 1387 Ἀλλ’
696 1360 784 1397 ἐρεύνα
809 1362 856 1390 τήν
882 1359 940 1387 διοί-

135 1411 205 1428 νοιαν
229 1406 275 1430 τοῦ
301 1403 429 1441 ῥήματος.
446 1406 493 1431 Διά
520 1407 547 1431 τί
570 1407 674 1441 Λόγος;
697 1404 753 1432 ἰνα
774 1403 883 1441 δειχθῇ,
900 1406 940 1431 ὅτι

135 1446 162 1472 ἐκ
187 1450 234 1473 τοῦ
257 1451 302 1474 νοῦ
331 1448 453 1486 προῆλθε.
477 1450 524 1476 Διὰ
556 1451 583 1476 τί
612 1452 716 1485 Λόγος;
746 1449 806 1477 Ὀτι
835 1450 940 1481 ἀπαθῶς

136 1490 268 1527 ἐγεννήθη.
285 1493 333 1519 Διὰ
347 1495 373 1519 τί
393 1495 490 1529 Λὰγος;
518 1494 578 1521 Ὀτι
600 1495 673 1521 εἰκὼν
697 1498 743 1521 τοῦ
757 1497 938 1531 γεννήσαντος,

991 912 1022 940 in
1044 912 1147 940 animo
1173 914 1227 944 est,
1244 914 1272 940 et
1293 912 1396 948 ipsum
1424 911 1551 946 singulis
1579 919 1649 948 quae
1673 909 1821 938 intellecta

992 958 1072 988 sunt,
1085 956 1235 984 recentius
1249 958 1306 986 est.
1322 955 1380 984 Sed
1395 956 1521 984 verbum
1535 957 1624 991 prout
1639 956 1699 983 Deo
1713 961 1821 982 conve-

990 1001 1035 1029 nit
1046 1001 1251 1037 interpretare.
1266 1002 1341 1029 Nam
1362 1009 1433 1029 cum
1448 1001 1486 1028 de
1511 999 1669 1036 Unigenito
1682 998 1722 1027 ad
1737 1000 1764 1026 te
1779 997 1822 1026 lo-

991 1048 1143 1082 queretur,
1169 1045 1298 1074 Verbum
1321 1046 1422 1082 ipsum
1444 1045 1529 1074 dixit.
1554 1043 1820 1077 Quemadmodum

990 1091 1081 1126 igitur
1095 1093 1123 1119 et
1136 1090 1237 1119 lucem
1257 1090 1349 1127 paulo
1372 1092 1440 1127 post
1462 1090 1550 1125 dicet,
1567 1091 1595 1117 et
1610 1089 1713 1120 vitam,
1729 1089 1758 1115 et
1772 1094 1816 1115 re—

992 1136 1223 1170 surrectionem;
1236 1143 1335 1172 neque
1350 1138 1461 1168 tamen,
1477 1142 1547 1163 cum
1558 1133 1646 1162 audis
1658 1133 1767 1167 lucem,
1780 1131 1821 1160 ad

992 1181 1164 1209 sensibilem
1174 1181 1254 1209 hanc
1265 1183 1292 1208 et
1301 1180 1397 1208 oculis
1404 1180 1551 1208 visibilem
1561 1179 1661 1207 lucem
1670 1177 1799 1206 recurris
1811 1185 1818 1211 ;

992 1233 1091 1261 neque
1104 1233 1174 1253 cum
1188 1226 1282 1253 vitam
1301 1224 1401 1258 audis,
1413 1231 1608 1252 communem
1622 1223 1702 1250 hanc
1716 1221 1821 1250 intelli-

994 1269 1050 1304 gis,
1065 1278 1158 1306 quam
1174 1269 1263 1298 bruta
1273 1270 1363 1298 etiam
1380 1268 1526 1298 animalia
1539 1268 1647 1296 vivunt
1660 1276 1667 1294 ε
1692 1267 1734 1295 ita
1746 1273 1821 1302 quo-

994 1322 1053 1350 que
1068 1314 1273 1343 cumVerbum
1286 1314 1383 1347 audis,
1395 1321 1468 1342 cave
1479 1313 1595 1341 incidas
1603 1311 1712 1340 mentis
1726 1310 1820 1339 imbe-

995 1359 1103 1388 cilitate
1124 1359 1156 1387 in
1179 1361 1311 1387 terrenas
1326 1358 1516 1394 humilesque
1538 1357 1747 1392 cogitationes,
1764 1354 1819 1383 sed

994 1404 1077 1432 vocis
1093 1404 1344 1440 signiﬁcationem
1358 1405 1581 1439 perscrutare...
1593 1403 1651 1431 Cur
1664 1400 1795 1429 Verbum
1805 1399 1819 1427 ‘I

996 1450 1031 1478 Ut
1045 1449 1239 1485 perspicuum
1255 1449 1292 1476 sit
1303 1447 1489 1485 processisse
1500 1455 1537 1476 ex
1552 1449 1661 1475 mente.
1677 1446 1736 1473 Cur
1745 1446 1818 1472 Ver-

994 1494 1068 1523 bum
1077 1495 1090 1522 ?
1106 1495 1181 1528 Quia
1191 1495 1264 1522 citra
1278 1494 1453 1530 passionem
1467 1492 1602 1528 genitum
1615 1493 1667 1520 est.
1681 1492 1738 1519 Cur
1753 1491 1820 1517 Ver-

137 1533 195 1560 ὃλον
219 1534 243 1561 ἐν
269 1534 352 1571 ἐαυτῷ
380 1534 483 1568 δεικνὺς
511 1537 555 1563 τὸν
585 1539 746 1573 γεννήσαντα
773 1538 840 1573 (13),
863 1536 938 1567 οὐδὲν

994 1538 1092 1567 bum?
1108 1538 1183 1571 Quia
1197 1539 1299 1573 imago
1319 1539 1362 1566 est
1386 1536 1538 1572 genitoris,
1554 1537 1650 1564 totum
1664 1534 1696 1562 in
1719 1533 1818 1570 seipso

138 1578 231 1605 ἐκεῖθεν
256 1579 427 1618 ἁπομερίσας,
452 1584 497 1608 καὶ
522 1581 614 1613 τέλειος
637 1583 764 1620 ὑπάρχων
789 1582 847 1608 καθ’
878 1582 939 1610 ἑαυ-

138 1624 180 1650 τὸν
193 1634 199 1640 ι
215 1625 248 1655 ὡς
261 1627 307 1650 καὶ
321 1626 333 1650 ὁ
358 1626 482 1663 ἡμέτερος
500 1625 576 1662 λόγος
599 1627 659 1656 ὃλην
683 1628 755 1663 ἡμῶν
781 1627 938 1658 ἀπιικονίζιι

138 1669 185 1697 τήν
207 1669 312 1697 ἔννοιαν.
327 1673 358 1696 Ἀ
373 1671 424 1707 γὰρ
445 1671 513 1697 κατὰ
533 1669 644 1709 καρδίαν
661 1671 838 1708 ἰνινοὴσαμεν,
854 1676 938 1699 ταῦτα

138 1716 175 1747 τῷ
191 1713 289 1749 ῥήματι
310 1717 515 1752 προηνέγχαμιν,
532 1719 576 1743 καὶ
591 1718 648 1743 ἔστι
668 1721 714 1743 τοῦ
738 1717 762 1744 ἐν
782 1721 813 1754 τῇ
838 1717 938 1756 καρδίᾳ

141 1759 269 1794 νοήματος
291 1758 462 1796 ἁπιικόνισμα
490 1762 519 1787 τὸ
545 1760 707 1798 λαλούμενον.
735 1762 779 1789 Ἐκ
812 1764 862 1799 γὰρ
890 1767 936 1790 τοῦ

139 1804 347 1838 περισσεύματος
368 1804 550 1842 τῆςί-ααρὸίας
574 1806 587 1832 ὁ
610 1806 687 1842 λόγος
700 1808 935 1845 προφέρεταιῌ-ίι).

139 1850 190 1874 Καὶ
211 1848 281 1874 ἔστιν
303 1849 317 1877 ἡ
344 1851 388 1885 μὲν
410 1849 509 1887 καρδία
532 1852 605 1888 ἡμῶν
628 1849 681 1878 οἷον
704 1855 777 1889 πηγή
801 1862 852 1886 τις,
868 1853 881 1879 ὁ
906 1852 936 1881 δί

137 1895 324 1930 προφιρὸμινος
357 1893 430 1930 λόγος
453 1893 506 1922 οἷον
539 1895 612 1927 ὁλκὸς
641 1905 678 1927 τις
709 1896 737 1923 ἑκ
769 1901 817 1928 τῆς
848 1902 935 1934 πηγῆς

135 1938 233 1967 ταύτης
259 1938 332 1974 ῥέων.
362 1941 493 1966 Τοσοῦτον
524 1938 568 1966 οὖν
593 1942 623 1967 τὸ
652 1940 786 1979 ἀπορρέον,
815 1942 874 1969 ὅσον
905 1944 934 1968 τὸ

135 1984 241 2018 πρώτως
265 1982 450 2020 ἀναφερόμενον
463 1985 518 2020 (i5)
531 1996 538 2002 ·
561 1988 606 2012 καὶ
621 1986 673 2013 οἷον
692 1989 722 2013 τὸ
749 1989 932 2024 κεκρυμμένον,

136 2030 258 2053 τοσοῦτον
279 2029 367 2054 καὶτὸ
389 2031 548 2066 φαινόμενον.
566 2032 650 2067 Λόγον
665 2029 709 2058 οὖν
729 2030 806 2065 εἶπεν,
824 2033 866 2060 ἱνα
887 2035 934 2063 τὴν

136 2070 223 2102 ἀπαθῆ
241 2081 283 2099 σοι
297 2075 418 2109 γέννησιν
439 2078 485 2101 τοῦ
511 2077 614 2113 Πατρός
634 2079 806 2114 παραστήσῃ,
824 2081 868 2105 καὶ
887 2081 934 2108 τὴν

135 2116 231 2143 τελείαν
263 2117 374 2155 ὕπαρξιν
408 2128 450 2146 σοι
478 2123 524 2146 τοῦ
557 2121 618 2147 Υίοῡ
648 2121 790 2159 θεολογήσῃ
808 2124 935 2157 (16),καὶ

136 2162 183 2190 τήν
208 2162 321 2199 οῖχρονον
351 2164 490 2200 συνάφεια-ν
513 2169 559 2191 τοῦ
581 2166 642 2192 Υὶοῦ
671 2167 734 2203 πρὸς
760 2169 865 2205 Πατέρα
888 2166 934 2194 διὰ

136 2206 233 2232 τούτων
255 2205 410 2238 ἐνδείξηται-
443 2211 492 2235 Καὶ
516 2211 566 2247 γὰρ
595 2211 608 2236 ὀ
637 2212 760 2248 ἡμέτερος
786 2212 862 2248 λόγος
887 2216 934 2240 τοῦ

137 2254 181 2277 νοῦ
206 2253 331 2288 γέννημα,
359 2252 464 2286 ἀπαθῶς
490 2257 661 2292 γιννώμενος-
688 2258 747 2284 οὔτε
771 2258 822 2294 γὰρ
848 2259 933 2294 τέμνι-

172 2324 198 2342 ⁷⁸
211 2325 222 2352 Ι
236 2325 303 2354 Cor.
319 2333 380 2359 xm,
396 2327 424 2354 1.

173 2394 230 2437 ζμ)
244 2396 328 2437 βοῇ).
343 2397 467 2437 primus_
476 2397 539 2437 ἀλλα
552 2399 603 2437 γᾴρ
618 2402 675 2427 τοῦ.
689 2399 850 2437 Aliquanto
864 2403 934 2437 post

137 2429 252 2479 editi'et
276 2429 354 2479 duo
364 2441 439 2476 mss.
457 2429 710 2479 ξέρράτὲξὶῖλνειξνος.
726 2429 781 2464 ΑἮὶ
805 2429 936 2479 qua‘tBor

136 2474 210 2509 mss.
226 2467 436 2507 ἐναπολλυμένος.
458 2467 591 2509 Subinde
610 2467 682 2498 editi
701 2474 768 2509 Ὀρα
792 2467 848 2500 οὖν.
873 2473 936 2501 Vox

138 2502 241 2530 ultima
257 2503 287 2530 in
301 2502 376 2533 mss.
392 2513 454 2533 non
469 2505 629 2534 invenitur.

171 2540 230 2578 (ίὲ)
243 2539 332 2578 (ῖοΠ)1
339 2540 466 2578 primus
478 2543 662 2578 παρακρούσῃ.
674 2542 759 2570 Haud
772 2542 863 2578 longe
883 2551 934 2572 vo-

135 2582 201 2602 cem
217 2577 267 2602 ὅσα
277 2584 313 2604 ex
325 2576 407 2604 libris
425 2576 544 2604 duobus
558 2576 735 2606 Colbertinis
748 2576 932 2607 addidimus.

137 2610 271 2648 Subinde
286 2620 365 2648 unus
380 2620 437 2640 ms.
451 2611 563 2648 βοτάνη.

171 2648 230 2684 (ta)
244 2647 326 2684 Colb.
341 2647 456 2684 primus
482 2650 524 2674 τὸν
538 2649 701 2684 γεννηθέντα,
716 2649 806 2678 male.
820 2650 878 2678 Nec
893 2650 935 2678 ita

135 2682 232 2722 multo
247 2683 326 2722 intra
335 2682 532 2722 C91b._tertius
542 2682 619 2722 τοᾷτο
633 2688 668 2720 τῷ
680 2685 789 2722 ῥήματι.

171 2718 183 2758 ί
244 2719 404 2758 _Colbert_ini
415 2719 477 2758 duo
487 2728 560 2758 mss.
577 2718 658 2756 λόγος
666 2718 831 2758 sipo-peperat.
841 2721 896 2749 Alii
906 2723 934 2750 et

136 2753 333 2816 agili‘pipnat.
342 2754 513 2784 Mox'iidem
528 2755 590 2784 duo
605 2753 677 2784 ἐπεδ-
686 2753 776 2788 liii-ir);
790 2761 877 2794 πηγῆς
887 2761 933 2784 τοῦ

136 2798 149 2814 ν
165 2799 180 2815 ν
194 2798 209 2816 ο
223 2800 267 2816 ων.

135 2797 180 2815 νον
192 2797 256 2827 ριων
261 2810 267 2817 .

994 1583 1159 1619 genitorem
1181 1582 1352 1616 ostendens,
1367 1582 1440 1610 nihil
1453 1582 1524 1611 inde
1544 1587 1698 1617 separans,
1713 1580 1743 1606 et
1765 1585 1819 1614 per

993 1636 1025 1656 se
1046 1628 1212 1664 perfectum
1225 1629 1391 1656 exsistens:
1416 1625 1676 1664 quemadmodum
1705 1625 1734 1652 et
1754 1630 1819 1651 ver-

991 1673 1066 1702 bum
1094 1676 1232 1702 nostrum
1256 1673 1348 1702 totius
1376 1675 1486 1701 nostrae
1514 1669 1703 1707 cogitationis
1728 1668 1818 1697 refert

990 1719 1166 1754 imaginem.
1183 1718 1298 1747 Etenim
1313 1726 1382 1754 quae
1406 1718 1436 1745 in
1450 1717 1540 1745 corde
1555 1715 1766 1751 cogitavimus,
1780 1721 1818 1742 ea

991 1764 1084 1792 verbo
1099 1763 1290 1799 proferimus,
1301 1762 1393 1798 idque
1403 1761 1487 1798 quod
1497 1761 1662 1797 loquimur,
1669 1757 1818 1787 reconditi

989 1809 1021 1837 in
1031 1808 1121 1837 corde
1131 1809 1295 1844 conceptus
1309 1807 1412 1842 imago
1426 1808 1471 1834 est
1483 1807 1512 1833 et
1525 1804 1817 1833 simulacrum.Nam

989 1861 1026 1881 ex
1039 1853 1138 1882 cordis
1155 1851 1343 1881 abundantia
1356 1851 1505 1888 promitur
1513 1850 1652 1879 verbum.
1669 1851 1710 1877 Ac
1728 1849 1811 1884 137

989 1897 1113 1935 quidem
1128 1905 1180 1926 cor
1194 1899 1331 1925 ucstrum
1345 1899 1390 1924 est
1404 1895 1493 1924 veluti
1503 1895 1571 1924 fons
1585 1894 1712 1931 quidam
1724 1903 1731 1921 ι
1748 1900 1817 1929 pro-

987 1944 1083 1973 latum
1096 1951 1166 1972 vero
1180 1942 1319 1978 verbum,
1332 1944 1377 1970 est
1393 1941 1486 1970 veluti
1499 1940 1614 1969 rivulus
1629 1939 1749 1976 aliquis,
1763 1938 1816 1975 qui

988 1997 1024 2018 ex
1039 1989 1098 2017 hoc
1117 1988 1199 2016 fonte
1213 1989 1346 2016 emanat.
1362 1988 1490 2015 Tantum
1514 1985 1605 2021 igitur
1623 1986 1668 2013 est
1685 1983 1716 2012 id
1730 1982 1815 2020 quod

988 2034 1120 2071 proﬂuit,
1140 2035 1289 2069 quantum
1307 2031 1337 2059 id
1358 2031 1443 2067 quod
1464 2030 1599 2067 primum
1619 2028 1761 2063 emergit;
1786 2029 1816 2056 et

987 2079 1075 2116 quale
1097 2080 1142 2107 est
1167 2078 1197 2106 id
1222 2077 1304 2114 quod
1326 2077 1480 2105 occultum
1502 2078 1556 2109 est,
1573 2075 1630 2103 tale
1642 2077 1672 2103 et
1691 2080 1815 2110 quoque

988 2125 1071 2160 quod
1085 2122 1358 2159 apparet.Verbum
1373 2122 1463 2156 igitur
1476 2120 1558 2155 dixit,
1566 2119 1621 2148 tibi
1633 2121 1666 2147 ut
1675 2117 1817 2147 ostendat

989 2168 1083 2196 Patris
1100 2167 1325 2203 generationem
1342 2165 1489 2202 passioni,
1505 2173 1567 2193 non
1589 2163 1707 2199 subjici,
1725 2165 1815 2198 teque

989 2212 1095 2241 doceat
1107 2212 1243 2240 divinam
1259 2211 1320 2240 Filii
1333 2209 1535 2239 substantiam
1557 2208 1720 2245 perfectam
1735 2214 1813 2240 esse.

989 2257 1120 2294 denique
1133 2258 1166 2286 ut
1177 2263 1232 2293 per
1242 2256 1307 2285 haec
1320 2257 1463 2284 aeternam
1475 2254 1538 2283 Filii
1559 2260 1629 2282 cum
1643 2254 1728 2281 Patre
1745 2258 1815 2280 con-

1022 2401 1079 2436 (16)
1090 2400 1286 2438 ᾼῃίῑσιιίγίτθε
1298 2399 1365 2428 libri
1373 2401 1488 2438 Δπρώτως
1498 2400 1643 2437 φερόμενον,
1655 2397 1725 2427 Mox
1739 2405 1812 2426 mss.

989 2435 1128 2466 nonnulli
1140 2435 1185 2463 καὶ
1198 2437 1250 2462 οἷον
1264 2438 1294 2462 τό
1309 2435 1510 2472 κεκαλυμμένον.

1024 2473 1082 2512 (to)
1102 2473 1136 2500 In
1159 2472 1250 2512 verbo
1274 2471 1336 2512 illo,
1352 2469 1642 2512 θεολογήσῃεσίᾷοιμιν
1654 2470 1754 2498 inesse
1767 2469 1813 2497 vis

988 2508 1090 2544 aliqua
1102 2507 1343 2544 propria,rquasi
1349 2507 1475 2544 Basilius
1489 2507 1586 2544 dicat:
1597 2507 1730 2544 Joannes
1741 2513 1813 2544 apo:

988 2516 1027 2536 au
1051 2516 1090 2536 ua
1102 2516 1235 2544 propria,
1249 2516 1338 2544 quast
1351 2516 1475 2535 ϋᾶευιυε
1490 2516 1586 2535 οιοᾶιι
1597 2516 1730 2534 Joannes
1741 2516 1813 2541 apo-

988 2516 1082 2572 stolus
1097 2543 1300 2572 substantiam
1317 2543 1377 2571 Filii
1401 2545 1464 2570 tam
1479 2542 1614 2570 divinam
1635 2540 1764 2573 exhibet,
1780 2542 1814 2569 ut

987 2579 1122 2607 caecutiat
1134 2587 1256 2608 necesse
1280 2579 1326 2611 sit,
1342 2578 1394 2614 qui
1407 2586 1469 2606 non
1478 2578 1560 2606 videt
1573 2586 1640 2605 eam
1657 2584 1726 2614 cum
1742 2584 1813 2614 per-

979 2614 1065 2643 fecta
1084 2615 1239 2644 divinitate
1254 2612 1447 2650 conjuﬁctam
1462 2622 1538 2647 esse,
1555 2614 1597 2650 sic
1611 2615 1644 2641 ut
1658 2612 1721 2640 Filii
1733 2612 1814 2650 divi-

987 2650 1065 2679 nitas
1085 2651 1180 2679 Patris
1196 2648 1342 2679 divinitati
1356 2658 1411 2684 par
1426 2650 1464 2678 sit
1485 2649 1609 2678 omnino
1622 2651 1652 2677 et
1674 2648 1811 2684 aequalis.

988 2686 1075 2723 Quod
1090 2687 1234 2723 sequitur,
1250 2686 1274 2713 ἕν
1295 2691 1327 2723 τῇ
1346 2683 1403 2722 ἰδίᾳ
1418 2685 1602 2719 συστάσει,εἱο
1622 2683 1814 2723 interpretari

986 2722 1064 2757 licet,
1078 2723 1110 2751 in
1124 2720 1179 2751 ἕνα
1189 2720 1368 2755 substantia,
1378 2720 1431 2750 aut
1442 2722 1475 2750 in
1489 2729 1543 2750 sua
1556 2721 1695 2750 naturali
1706 2720 1814 2749 consti-

988 2758 1112 2793 tutione,
1128 2761 1180 2788 aut
1193 2759 1225 2787 in
1244 2765 1300 2787 sua
1309 2760 1434 2793 natura,
1448 2758 1506 2786 hoc
1522 2759 1568 2786 est
1582 2757 1613 2785 in
1628 2764 1669 2787 se.
