2059 3136
101 145 151 173 481

103 250 252 286 {morde/n01
275 253 311 284 τῷ
341 252 438 286 Κυριῳ.
465 251 530 280 Θιός
553 247 583 278 ἦν
607 249 620 274 ὁ
640 250 725 284 Λόγος
741 258 748 264 ⁸
772 247 848 278 οὗτος
871 245 902 276 ἦν

103 295 126 322 ἰν
154 294 227 332 ἀρχῇ
255 295 322 330 πρὸς
346 295 390 320 τὸν
417 295 490 321 Θεὸν.
517 293 597 320 Πάλιν
624 292 857 329 ἀνακεφαλαιοῦται
878 291 902 318 ἐν

103 339 199 376 ὀλίγοις
214 339 317 376 ῥήμασι
336 341 422 365 πᾶσαν
447 338 538 364 ἑαυτοῦ
563 340 609 367 τὴν
632 338 772 374 θεολογίαν,
793 337 845 367 πῆν
865 338 903 373 ερὶ

102 389 148 412 τοῦ
187 387 347 420 Μονογενοῦς
379 382 439 420 ἡμῖν
472 383 485 409 ό
518 383 705 419 εὐαγγέλια-τὴς
741 380 901 419 παρέδωκεν.

104 430 188 460 Οὗτος
202 431 243 460 τίς
259 429 315 464 (2‘2)
328 437 334 460 ;
358 428 451 461 Οὗτος,
465 428 478 454 ὁ
501 430 585 464 Λόγος
600 429 613 453 ό
629 430 704 458 Θιός,
718 425 826 456 Ἐπειδὴ
851 427 902 463 γάρ

104 485 147 502 σοι
162 473 314 511 διήρθρωσε
335 474 381 502 τὴν
405 474 464 510 πιρὶ
486 472 565 499 αὐτοῦ
589 473 695 506 ἔννοιαν,
718 472 770 498 οἷον
787 471 903 498 ἔντυπώ-

104 530 155 551 σας
171 529 218 545 σου
228 522 258 555 τῇ
271 517 348 554 ψυχῇ
366 516 413 543 διὰ
427 522 475 548 τῆς
489 515 666 548 διδασκαλίας
679 517 712 543 τὰ
733 516 901 553 ἀγνοούμενα,

101 567 148 591 καὶ
161 564 291 594 ἐνοικίσας
305 564 349 588 τόν
363 564 446 598 Λόγον
462 564 576 600 Χριστὸν
588 563 643 598 (23)
655 562 678 588 ἐν
691 566 722 598 τῇ
734 560 833 599 καρδίᾳ
844 571 902 595 σου,

102 609 188 639 Οὗτός
203 617 278 644 φησι.
293 610 371 638 Ποῖος
385 607 478 641 οὖτος;
498 609 541 636 Μὴ
558 607 606 638 ἔξω
628 605 769 643 διαϐλέψῃ,
795 605 842 633 διὰ
856 610 904 637 τῆς

103 651 238 684 δεικτικῆς
253 656 339 689 φωνῆς
359 651 403 678 τόν
427 649 643 688 ὑποδεικνύμενόν
664 661 707 678 σοι
725 655 901 689 περισκοπῶν,

103 697 156 724 ἀλλ’
173 697 269 724 sia-cm:
297 697 334 727 εἰς
356 697 389 723 τὰ
403 697 506 733 κρυπτά
527 700 575 728 τῆς
601 700 711 723 σεαυτοῦ
726 695 830 732 ψυχῆς,
858 697 904 722 καὶ

103 744 131 770 ὃν
147 741 297 778 ἐδιδάχθης
318 742 383 769 Θεὸν
405 743 447 767 τὸν
465 740 489 767 ἐν
513 741 584 778 ἀρχῇ
611 743 682 775 ὅντα,
702 742 745 767 τόν
760 742 795 773 ὡς
819 742 904 776 Λόγον

102 787 269 825 προελθόντα,
287 788 330 813 τὸν
353 787 420 824 πρὸς
431 788 475 812 τόν
495 787 559 813 Θεὸν
575 788 644 820 ὄντα,
665 790 756 812 τοῦτον
772 788 904 823 γνωρίσας

102 835 147 859 καὶ
172 831 360 868 καταπλαγεὶς,
385 833 429 857 καὶ
452 833 639 869 προσκυνήσας
653 832 708 866 (24)
725 833 768 857 τόν
794 834 904 857 σεαυτοῦ

466 141 612 171 HOMILIA
630 142 665 170 ΙΝ
684 140 800 174 lLLUD,
818 139 866 168 IN
882 138 1090 168 PRINCIPIO
1106 140 1219 169 ERAT
1239 140 1412 170 VERBUM.

104 204 266 241 διδασκαλίᾳ
294 207 341 230 τοῦ
368 204 526 240 Πνεύματος.
549 203 640 240 Ἔχεις
667 205 714 233 τὴν
746 202 876 238 ἀπόφασιν
893 212 900 219 ο

959 209 1024 236 gas.
1041 202 1136 231 Habes
1159 191 1338 232 sententiam

1731 145 1786 174 482

1359 212 1366 232 :
1392 204 1530 233 subditus
1555 207 1618 234 esto
1641 207 1780 240 Domino.

957 247 1037 275 Deus
1058 250 1125 275 erat
1144 248 1296 276 Verbum:
1320 248 1373 276 hoc
1397 251 1508 277 eratin
1529 252 1682 286 principio
1703 253 1787 287 apud

956 292 1050 320 Deum
1060 292 1095 320 7’.
1111 287 1422 327 Rursusevangelista
1434 302 1557 322 omnem
1574 304 1660 324 suam
1676 297 1786 325 theolo-

956 336 1038 372 giam
1052 345 1146 373 quam
1159 337 1196 365 de
1205 337 1361 373 Unigenito
1373 339 1460 366 nobis
1470 339 1711 377 tradidit.paucis
1721 350 1785 370 ver-

956 381 1031 409 bum
1043 382 1073 409 in
1089 390 1241 411 summam
1253 383 1479 418 redigit.Quodn
1485 392 1536 412 am
1545 386 1612 414 Hoc
1620 386 1634 414 ?
1642 387 1787 420 Hoc,Ver-

955 425 1030 454 bum
1053 426 1140 455 Deus.
1155 429 1315 464 Postquam
1337 428 1418 456 enim
1440 429 1505 464 ejus
1528 429 1581 457 tibi
1607 433 1786 468 conceptum

956 470 1092 500 distincte
1106 472 1260 508 expressit,
1269 472 1299 500 in
1312 475 1423 509 tuoque
1435 473 1536 502 animo
1552 482 1606 510 per
1615 475 1786 504 doctrinam

956 515 1043 552 quasi
1056 516 1214 553 insculpsit
1227 525 1294 553 quae
1310 517 1484 552 ignorabas,
1499 527 1534 546 ac
1548 519 1677 547 Verbum
1698 520 1783 548 Chri-

957 562 1036 588 stum
1050 561 1081 589 in
1100 564 1183 590 tuum
1200 570 1252 590 cor
1272 562 1354 590 velut
1369 563 1399 590 in
1413 563 1538 591 domum
1555 563 1730 596 introduxit,
1746 565 1787 594 ita

956 603 1080 633 demum
1096 605 1174 634 hanc
1184 615 1290 634 vocem
1306 607 1427 643 profert,
1439 607 1514 635 Hoc.
1526 607 1618 640 Quale
1631 609 1696 636 Hoc
1705 609 1718 636 ?
1733 609 1787 636 Fo-

955 657 1005 678 ras
1016 658 1052 679 ne
1068 651 1332 688 respice,eum,qui
1343 660 1396 688 per
1411 652 1671 681 demonstrantem
1681 661 1786 682 vocem

956 696 1011 725 tibi
1021 696 1199 730 ostenditur,
1216 696 1491 732 circumspecturus
1509 705 1515 725 :
1534 697 1587 725 sed
1602 697 1632 725 in
1653 698 1786 726 occultos

956 741 1065 770 animae
1089 743 1147 769 tuae
1166 749 1304 769 recessus
1317 741 1483 776 ingredere,
1502 744 1530 769 et
1542 750 1634 778 quem
1654 742 1787 771 didicisti

957 787 1051 813 Deum
1067 785 1098 814 in
1112 785 1260 822 principio
1276 785 1427 820 exsistere,
1445 786 1608 822 procedere
1624 786 1704 814 velut
1716 787 1786 814 Ver-

955 830 1041 865 bum,
1057 830 1140 866 apud
1152 832 1246 858 Deum
1260 830 1385 864 versari,
1397 830 1477 858 hunc
1492 838 1679 866 cognoscens
1691 831 1787 860 admi-

103 879 246 909 Δισπότην,
271 878 315 902 τόν
338 884 380 901 σοι
405 873 453 902 διὰ
472 880 521 907 τῆς
534 874 712 906 διδασκαλίας
727 873 902 913 ἐνὶδρυθέντα,

959 883 1101 912 reusque,
1117 877 1146 903 et
1171 877 1255 903 tuum
1271 875 1431 903 Dominum
1447 875 1478 903 in
1503 878 1529 904 te
1549 883 1602 912 per
1617 876 1787 904 doctrinam

102 921 225 958 γνΑριζι,
240 921 280 947 ὅτι
300 920 376 951 οὗτος
390 918 427 950 ἦν,
448 919 472 946 ἓν
497 919 569 957 ἀρχῇ
588 930 594 937 ·
619 922 763 954 τουτέστιν,
780 919 820 946 ἀεὶ
839 921 905 957 πρὸς

103 968 148 993 τόν
168 967 232 992 Θεὸν
245 966 287 991 τὸν
303 965 397 991 ἑαυτοῦ
421 967 535 1002 Πατέρα.
548 965 652 995 Ταύτας
674 974 719 1001 μοι
742 966 790 996 τὰς
816 964 905 1000 ὀλίγας

106 1011 193 1047 φωνὰς
210 1010 263 1045 (25)
280 1007 441 1042 διασώσατι,
458 1010 544 1047 ὥσπερ
562 1007 699 1046 σφραγῖδα
719 1012 778 1039 ταῖς
789 1011 904 1046 μνήμαις

104 1055 176 1092 ὑμῶν
209 1054 425 1091 ἐνσημηνοὶμενοι.
461 1053 545 1080 Αὖται
582 1053 761 1091 ἀρῤαγέστατν
798 1054 904 1080 ἕσυνται

103 1102 204 1136 τειχίον
231 1101 297 1136 πρὸς
321 1100 368 1130 τὰς
391 1102 441 1125 τῶν
470 1097 684 1126 ἐπιϐουλευόντων
712 1097 902 1136 καταδρομάς·

104 1145 182 1172 αὗται
205 1144 380 1182 φυλακτήριόν
408 1144 461 1170 εἰσι
488 1147 538 1169 τῶν
571 1143 667 1180 ψυχῶν
697 1146 826 1180 σωτήριον
849 1147 905 1174 τοῖς

103 1189 320 1228 προϐαλλομένοις
348 1189 439 1220 αὐτάς.
465 1187 512 1215 "Av
545 1190 586 1220 τίς
617 1198 659 1215 σοι
684 1189 833 1226 προσελθὼν
861 1188 904 1215 λέ-

102 1245 146 1271 γοι
159 1235 235 1271 (26)·
263 1234 319 1261 Οὐκ
343 1234 387 1268 ὢν,
413 1232 534 1269 ἐγεννήθη
551 1244 556 1250 ·
574 1233 596 1260 εἰ
618 1235 669 1272 γὰρ
694 1232 735 1268 ἦν,
762 1237 817 1264 πῶς
839 1233 904 1269 ἆγεν-

102 1281 165 1310 νήθη
179 1288 187 1314 ;
202 1280 238 1310 ὡς
259 1277 389 1316 δαιμόνων
413 1281 498 1315 φωνὴν
527 1277 673 1315 ἀποτρέπου
698 1280 744 1308 τὴν
768 1279 836 1304 κατὰ
856 1281 904 1308 τῆς

104 1322 184 1357 δόξης
212 1328 259 1351 τοῦ
294 1326 453 1359 Μονογενοΰς
480 1322 660 1360 βλασφημίαν.
689 1322 771 1354 Αὐτὸς
799 1321 828 1349 δὲ
857 1322 904 1349 ἐπ-

104 1369 213 1396 ανελθὼν
242 1369 289 1398 ἧκε
311 1369 376 1406 πρὸς
403 1369 451 1399 τὰς
475 1371 526 1394 τῶν
554 1367 715 1404 Εὐαγγελίων
740 1368 842 1404 φωνάς·
864 1366 905 1393 Ἐν

106 1413 177 1452 ἀρχῇ
203 1412 234 1443 ἦν
258 1414 272 1440 ό
297 1415 392 1449 Λόγος,
418 1415 463 1439 καὶ
485 1413 497 1438 ὁ
522 1415 608 1448 Λόγος
632 1411 662 1442 ἧν
690 1414 754 1451 πρὸς
770 1414 813 1438 τόν
830 1413 904 1446 Θεὸν,

104 1461 150 1486 καὶ
175 1460 242 1489 Θεὸς
264 1459 296 1488 ἦν
318 1458 331 1484 ὁ
358 1460 453 1494 Λόγος.
471 1457 554 1488 Οὗτος
578 1455 608 1487 ἦν
635 1456 659 1483 ἕν
675 1456 747 1495 ἀρχῇ
771 1459 836 1495 πρὸς
862 1458 905 1483 τόν

106 1505 181 1531 Θεὸν.
209 1505 337 1540 Τέταρτον
363 1502 417 1529 «ἰπὶ
440 1502 542 1537 τό,⁷Ην
566 1502 634 1538 (27),
659 1503 704 1528 καὶ
729 1504 906 1538 καταργήσας

955 920 1138 948 residentem
1153 919 1296 951 adorans,
1308 920 1382 948 scito
1399 921 1485 957 quod
1499 920 1547 948 hic
1567 923 1630 949 erat
1640 921 1670 949 in
1680 921 1788 958 princi-

955 965 1006 1001 pio
1021 972 1026 992 :
1043 965 1101 993 hoc
1120 966 1174 998 est,
1191 973 1310 1001 semper
1334 965 1416 1001 apud
1436 966 1529 993 Deum
1548 967 1665 993 Patrem
1683 974 1784 994 suum.

955 1011 1013 1038 Has
1028 1009 1099 1038 mihi
1111 1017 1225 1046 paucas
1235 1018 1326 1038 voces
1338 1011 1464 1044 servate,
1477 1009 1543 1038 illas
1557 1010 1645 1046 quasi
1655 1010 1787 1046 sigillum

954 1054 985 1082 in
997 1056 1098 1082 vestra
1111 1054 1258 1082 memoria
1276 1054 1496 1090 imprimentes.
1520 1054 1571 1082 Hae
1595 1054 1704 1083 futurze
1718 1057 1788 1084 sunt

955 1107 1061 1127 murus
1068 1098 1260 1127 ﬁrmissimus
1266 1099 1411 1127 adversus
1419 1100 1628 1139 insidiantium
1636 1100 1785 1128 incursus:

955 1143 1003 1172 hi2
1018 1144 1190 1172 animarum
1206 1146 1276 1171 sunt
1291 1144 1421 1172 salutare
1435 1145 1669 1178 munimentum,
1680 1144 1725 1178 iis,
1736 1145 1787 1181 qui

956 1189 1037 1225 ipsas
1047 1188 1236 1225 praetendent
1250 1196 1286 1217 ac
1300 1191 1467 1225 opponent.
1483 1189 1511 1217 Si
1525 1189 1593 1225 quis
1607 1192 1633 1217 te
1656 1189 1787 1217 adorsus

956 1233 1064 1262 dixerit
1081 1242 1087 1260 :
1109 1233 1183 1262 Cum
1196 1241 1258 1262 non
1269 1236 1355 1268 esset,
1373 1234 1491 1269 genitus
1507 1236 1562 1269 est,
1579 1233 1603 1262 si
1618 1235 1697 1262 enim
1713 1236 1785 1266 erat,

957 1277 1113 1315 quomodo
1122 1278 1239 1313 genitus
1247 1279 1305 1306 est?
1313 1278 1392 1307 hanc
1400 1278 1489 1307 istam
1502 1278 1649 1307 adversus
1660 1279 1787 1314 gloriam

960 1322 1106 1358 Unigeniti
1114 1323 1298 1351 calumniam
1308 1323 1482 1352 daemonum
1493 1323 1580 1360 quasi
1588 1332 1691 1352 vocem
1703 1331 1788 1352 aver-

958 1375 1035 1396 sare.
1051 1369 1093 1395 Tu
1109 1369 1210 1396 autem
1225 1375 1365 1396 reversus
1381 1369 1536 1403 confugito
1551 1368 1591 1396 ad
1609 1368 1785 1403 Evangelia-

958 1420 1026 1441 rum
1036 1420 1145 1440 voces:
1163 1413 1200 1440 In
1212 1413 1366 1448 principio
1375 1417 1439 1442 erat
1462 1413 1597 1447 Verbum,
1614 1417 1642 1441 et
1660 1414 1787 1442 Verbum

960 1460 1022 1486 erat
1034 1457 1118 1492 apud
1128 1457 1233 1491 Deum,
1243 1459 1269 1485 et
1277 1457 1356 1486 Deus
1368 1460 1434 1486 erat
1450 1458 1586 1486 Verbum.
1599 1457 1666 1486 Hoc
1676 1460 1743 1486 erat
1755 1458 1787 1485 in

953 1502 1107 1537 principio
1119 1501 1202 1536 apud
1211 1502 1315 1530 Deum.
1329 1502 1379 1530 Dic
1397 1502 1608 1539 quater,Erat,
1625 1504 1716 1539 atque
1730 1502 1788 1530 hoc

107 1548 191 1575 αὐτῶν
205 1550 244 1582 τὸ,
261 1547 317 1574 Οὔκ
332 1545 374 1576 ἦν.
391 1545 473 1573 Οὗτοι
496 1547 617 1574 ἄσειστοι
635 1549 780 1584 μενέτωσαν
795 1548 820 1573 οἱ
836 1548 904 1584 θεμε-

960 1554 1066 1574 eorum
1080 1546 1262 1581 convicium,
1278 1548 1342 1574 Non
1366 1550 1439 1583 erat,
1457 1546 1547 1575 facies
1568 1546 1698 1574 irritum.
1721 1547 1789 1574 Haec

104 1592 158 1620 λιοι
188 1596 235 1623 τῆς
259 1594 383 1623 πίστεως.
413 1593 521 1622 Τούτοις
549 1590 800 1629 ἐποικοδομήσομεν,
839 1595 906 1618 Θεοῦ

107 1635 238 1671 διδόντος,
263 1639 309 1663 καὶ
332 1637 366 1663 τὰ
388 1635 534 1674 λειπόμενα·
561 1636 598 1663 Οὐ
635 1638 684 1674 γὰρ
715 1636 772 1664 ἐστι
795 1635 906 1663 δυνατόν

105 1685 166 1720 περὶ
193 1683 294 1709 πάντων
320 1682 381 1718 ὑμῖν
402 1681 436 1713 εἰς
453 1681 523 1713 ἂπαξ
543 1679 728 1718 διαλεχθῆναι,
752 1684 852 1719 μήποτε
872 1686 904 1719 τῇ

106 1727 220 1764 ἀμετρίᾳ
252 1730 298 1752 τοῦ
323 1726 401 1763 λόγου
438 1727 566 1763 ἄχρηστα
602 1730 752 1764 ποιήσωμεν
787 1728 848 1764 ὑμῖν
873 1728 907 1754 τὰ

107 1771 253 1808 φιλοπόνως
289 1771 476 1808 συνειλεγμένα.
508 1771 648 1798 ’Δτονοῦτα
676 1774 727 1809 γὰρ
756 1772 771 1801 ἡ
803 1770 907 1798 διάνοια

106 1816 212 1843 πάντων
240 1815 304 1851 ὁμοῦ
327 1814 544 1853 περιδράξασθαι,
572 1817 660 1853 ὅμοιον
683 1817 785 1852 πάσχει
810 1818 908 1853 γαστρὶ

105 1864 139 1897 τῇ
168 1858 215 1886 διὰ
236 1862 283 1889 τὴν
307 1859 447 1897 ὑπερϐολὴν
466 1864 512 1887 τοῦ
536 1862 614 1898 κόρου
639 1861 675 1891 εἰς
698 1861 776 1897 πέψιν
801 1860 906 1897 ἀγαγεῖν

105 1906 139 1932 τὰ
163 1906 382 1942 παραπεμφθέντα
403 1908 438 1942 μὴ
465 1903 607 1942 δυναμένῃ,
624 1907 747 1942 Εὕχομαι
771 1904 813 1932 οὖν
838 1906 906 1942 ὑμᾶς

105 1949 341 1987 γλυχανθῆναιμὲν
366 1954 397 1987 τῇ
423 1951 521 1986 γεύσει,
546 1951 709 1987 ὠφεληθῆναι
733 1949 763 1977 δὲ
786 1955 817 1988 τῇ
841 1950 906 1977 ἀνα-

107 1993 192 2022 δόσει.
207 1994 292 2025 Αὐτός
319 1993 349 2021 δὲ
370 1995 470 2024 ἕστηκα
490 1995 550 2032 ὑμῖν
574 1996 676 2032 ἕτοιμος
696 1996 761 2032 πρός
776 1998 822 2025 τὴν
843 1994 906 2022 δια-

106 2041 193 2066 κονίαν
219 2043 269 2065 τῶν
288 2038 452 2076 λειπομένων,
480 2039 505 2066 ἒν
531 2044 639 2077 Χριστῷ
655 2040 743 2070 Ἰησοῦ
767 2045 802 2076 τῷ
818 2043 906 2078 Κυρίῳ

106 2085 189 2121 ἡμῶν,
240 2084 255 2113 ἡ
274 2081 340 2116 δόξα
353 2086 399 2111 καὶ
422 2086 450 2111 τό
473 2085 568 2123 κράτος
593 2085 628 2116 εἰς
651 2087 712 2117 τοὺς
735 2085 830 2117 αἰῶνας
856 2089 906 2112 τῶν

106 2128 214 2157 αἰώνων.
226 2128 320 2166 Ἀμὴν.

140 2201 165 2220 ⁷³
180 2202 266 2235 Joan,
279 2209 299 2236 1,
312 2203 336 2236 t,
350 2202 377 2230 2.

960 1590 1031 1623 ﬁdei
1041 1590 1236 1619 fundamenta
1250 1593 1395 1619 maneant
1408 1592 1703 1627 inconcussa.Super
1713 1591 1788 1626 haec,

961 1636 1021 1664 Deo
1045 1635 1146 1669 dante,
1169 1635 1388 1664 aadiﬁcabimus
1407 1638 1435 1664 et
1450 1636 1575 1672 reliqua.
1592 1637 1693 1671 Neque
1708 1635 1789 1663 enim

959 1687 1123 1716 possumus
1136 1680 1240 1708 omnia
1253 1679 1342 1708 nobis
1359 1680 1448 1708 simul
1466 1679 1648 1716 explanare;
1663 1688 1701 1708 ne
1714 1680 1789 1708 forte

960 1732 1028 1761 quae
1041 1725 1198 1760 diligenter
1214 1733 1231 1753 a
1241 1724 1326 1753 vobis
1339 1725 1465 1753 collecta
1479 1727 1558 1759 sunt,
1575 1724 1710 1753 oratione
1723 1733 1790 1761 pro-

959 1769 1064 1797 lixiore
1073 1769 1154 1797 irrita
1164 1769 1340 1797 reddamus.
1350 1771 1428 1797 Mens
1439 1769 1519 1797 enim
1535 1777 1603 1806 quae
1619 1769 1790 1806 apprehen-

960 1813 1067 1841 dendis
1090 1813 1181 1841 simul
1201 1813 1343 1842 omnibus
1359 1814 1458 1850 impar
1473 1816 1526 1845 est,
1541 1813 1625 1841 haud
1648 1814 1732 1841 aliter
1758 1819 1790 1841 se

959 1857 1052 1886 habet
1064 1866 1099 1887 ac
1116 1860 1231 1893 venter,
1246 1859 1299 1894 qui
1314 1858 1353 1887 ob
1369 1859 1496 1887 nimiam
1508 1858 1696 1886 saturitatem
1707 1865 1790 1885 sum-

960 1905 1029 1939 ptos
1044 1903 1129 1931 cibos
1145 1911 1334 1940 concoquere
1349 1911 1411 1931 non
1425 1905 1533 1940 potest.
1550 1903 1626 1939 Opto
1649 1902 1739 1938 igitur
1761 1903 1792 1930 nt

960 1947 1025 1976 haec
1040 1950 1067 1976 et
1083 1948 1236 1983 gustando
1251 1947 1438 1984 dulcescant,
1446 1950 1475 1976 et
1489 1947 1708 1984 concoquendo
1722 1956 1792 1984 pro-

961 1993 1029 2020 sint.
1045 1994 1105 2028 Ego
1120 1995 1222 2022 autem
1234 1993 1322 2022 vobis
1346 2001 1382 2022 ea
1396 2001 1465 2029 quae
1482 1995 1791 2029 supersunt,paratus

962 2045 1029 2065 sum
1045 2038 1216 2066 ministrare
1234 2046 1240 2065 :
1262 2038 1293 2066 in
1310 2038 1426 2066 Christo
1440 2039 1509 2066 Jesu
1531 2037 1659 2065 Domino
1674 2039 1791 2072 nostro,

962 2081 1011 2110 cui
1038 2082 1134 2117 gloria
1166 2085 1195 2111 et
1217 2083 1380 2119 imperium
1406 2082 1438 2112 in
1462 2082 1574 2111 saecula
1599 2082 1790 2111 saeculorum.

961 2128 1068 2156 Amen.

140 2272 258 2314 (gmnﬂic
264 2272 315 2314 lusi
322 2280 428 2301 sumus
434 2272 753 2314 interpunctioneguaa
761 2272 904 2314 reperitur

961 2274 1043 2314 idem
1072 2272 1168 2314 _co_dex
1192 2271 1328 2311 σφραγῖδα
1355 2275 1414 2314 ταῖς
1440 2272 1556 2314 γνώμαις
1574 2269 1656 2314 ὑμᾶξνῖ.
1672 2272 1738 2314 Nec
1750 2271 1792 2299 ita

105 2307 137 2335 in
147 2308 328 2347 _C_olberiinis
342 2309 476 2338 secundo
496 2307 524 2347 et
538 2310 622 2347 tertio
637 2319 643 2337 :
660 2307 772 2347 quippe
786 2307 851 2340 visa
863 2315 907 2341 est

103 2343 194 2407 aegis
207 2343 410 2381 aptior,quam
421 2353 489 2382 quae
498 2345 605 2381 legitur
618 2346 650 2374 in
663 2343 805 2375 aliis-tum
820 2347 906 2376 editis

185 2388 259 2407 mss.

119 2387 172 2407 um
185 2388 259 2407 mss.

141 2416 199 2454 (23)
216 2416 262 2444 Sic
274 2423 346 2454 mss.
363 2423 426 2454 non
448 2416 550 2454 pauci.
564 2417 626 2445 Vox
649 2420 764 2454 Χριστόν
777 2418 808 2446 in
821 2418 908 2447 editis

141 2425 199 2448 (Ζάν
216 2425 262 2444 διο
274 2425 346 2443 mss.
363 2425 426 2444 non
470 2425 547 2445 aucr.
568 2425 626 2445 vox
651 2425 764 2454 χριστόν
777 2426 808 2446 1n
821 2426 852 2446 eo

105 2450 304 2492 desideratur.
316 2451 388 2492 ltiss.
400 2425 489 2492 βοῇ).
507 2453 623 2488 primus
640 2452 686 2492 ἔξω
700 2454 852 2491 περιϐλέψῃ.

141 2486 375 2527 (2iColbertini
390 2487 451 2527 du_o
464 2486 540 2527 IIIS—3t
555 2486 735 2527 καταπλαγεὶς
755 2486 908 2527 necet-caun—

106 2522 326 2558 eov.Aliquanto
336 2526 407 2563 post
420 2525 611 2586 Reggrimus
624 2522 703 2555 Οὗτος
713 2524 743 2554 ἧν
755 2522 807 2551 ὀ“ἐν
822 2525 906 2563 ἀρχῇ,

140 2559 196 2586 (25)
210 2560 280 2586 ReR.
298 2566 413 2586 Drlmus
432 2560 480 2586 τὰς
515 2561 607 2586 σ’νικάε
621 2562 711 2586 φωνάς.
735 2561 824 2586 male.
845 2564 906 2586 Mox

140 2559 196 2594 (25)
210 2560 280 2593 Reg.
298 2559 413 2594 primus
432 2560 480 2590 τὰς
499 2559 607 2596 λογικάς
621 2562 711 2596 φωνάς,
735 2561 824 2590 male.
839 2559 909 2590 ’Μόι

963 2309 1056 2339 multo
1071 2309 1149 2337 intra
1170 2307 1249 2337 unus
1265 2307 1339 2337 mss.
1356 2307 1459 2344 ἔσονται
1474 2307 1573 2344 τέῑχος.
1589 2307 1704 2336 Ibidem
1719 2309 1789 2343 Reg,

962 2345 1143 2384 primus__7a'w
1157 2345 1298 2384 ἐπιϐούλων
1304 2382 1308 2384 Δ
1314 2343 1494 2384 καταᾷρομιάς.

999 2382 1152 2417 (Ξϐλυιλυς
1167 2381 1263 2409 codex
1281 2380 1353 2417 λέγῃ.
1372 2379 1459 2409 Haud
1474 2379 1564 2416 longe
1588 2380 1657 2415 Reg.
1675 2379 1792 2415 primus

963 2415 1233 2455 φωνὴνάἰτίῖἳτῗρέφου.
1374 2452 1405 2455 __
1441 2451 1452 2455 _
1531 2415 1554 2455 ζΔ
1672 2453 1676 2455 _
1774 2449 1790 2455 ..

998 2454 1053 2488 (27)
1070 2451 1333 2490 Εάὶῐῖτέταρτονήτρ
1359 2452 1423 2490 εἰπὲ,
1441 2451 1499 2479 Ἦν.
1521 2453 1556 2479 At
1579 2459 1652 2490 mss.
1670 2453 1734 2490 tres
1749 2451 1792 2477 uti

961 2489 993 2517 in
1003 2485 1157 2516 contextu.
1178 2485 1243 2516 Mo'x
1255 2488 1325 2516 editi
1345 2490 1374 2516 et
1392 2487 1453 2515 duo
1479 2495 1552 2515 mss.
1576 2485 1789 2522 ἐποικοδομήσα-

963 2535 1018 2562 μεν.
1031 2524 1088 2552 Alii
1099 2526 1229 2560 quatuor
1243 2533 1319 2559 mss,
1332 2522 1591 2560 ἐποικοδομήσωμεν.
