2059 3136
287 148 340 176 487

977 144 1005 172 S.
1026 141 1151 171 BASILII
1169 141 1279 170 MAGNI

1914 147 1969 175 488

244 227 247 230 ~
287 209 411 238 ardente
427 209 512 237 thure
525 208 555 235 in
574 215 610 235 ea
625 206 758 242 maligne
772 207 926 244 imposito.
943 205 1097 243 Speraban

1152 206 1215 233 ,τὴν
1258 202 1345 236 δεξιὰν
1387 206 1480 232 ὑπτίαν
1516 205 1679 243 ἐπαιωρῆσαι
1715 206 1898 241 κελεύσαντες,
1934 209 1970 240 ὡς

287 255 368 283 enim
389 254 464 287 fore,
477 255 508 280 ut
521 252 550 280 vi
564 252 642 287 ignis
663 252 780 280 devicta
792 260 885 280 manu
901 252 969 279 thus
982 252 1012 278 in
1027 257 1111 278 aram

285 299 455 328 necessario
464 305 499 326 ac
509 296 650 325 velociter
657 299 818 325 excuteret.
827 296 890 324 Heu
898 296 996 324 varias
1006 294 1112 330 impio-

283 351 352 372 rum
374 342 556 379 pri‘estigias!
578 342 738 375 Quoniam.
761 341 912 377 inquiunt,
938 339 1109 368 vulneribus

283 387 450 416 innumeris
461 387 597 415 animum
611 386 775 422 pervicacis
789 386 867 413 illius
882 385 1036 413 luctatoris
1049 391 1110 411 non

283 432 434 465 ﬂeximus,
448 432 528 460 illius
539 434 615 459 certe
631 439 756 459 manum
772 439 824 466 per
838 431 994 459 ﬂammam
1008 430 1110 457 ﬂecta~

282 485 361 506 mus.
376 477 527 510 Quoniam
542 475 658 505 artibus
673 476 799 504 diversis
813 475 950 504 animum
964 483 1026 503 non
1041 482 1110 502 con-

283 523 444 556 cussimus,
462 525 539 550 certe
564 521 625 556 igni
641 521 796 549 admotam
821 521 974 549 dexteram
993 519 1109 556 quatia-

281 575 362 596 mus.
377 567 434 595 Sed
448 574 486 594 ne
501 566 552 594 illa
566 566 690 602 quidem
704 573 773 602 spes
791 565 838 593 his
852 565 969 593 miseris
986 564 1107 601 profuit.

281 612 397 640 Etenim
412 611 537 639 ﬂamma
552 610 676 647 quidem
693 610 979 646 manumlperrosit:
994 609 1048 637 sed
1067 611 1109 637 ta-

280 664 351 684 men
374 664 484 684 manus
507 655 673 692 permansit
694 655 851 683 ﬂammam
866 654 956 691 quasi
975 654 1108 682 cinerem

279 700 389 728 ferens.
399 702 463 728 Non
475 700 557 728 dedit
569 702 684 734 tergum
698 699 830 727 saevienti
841 700 900 734 igni
913 699 1107 734 fugitivorum

279 742 309 771 in
334 751 449 770 morem
463 763 470 775 ,
489 742 543 770 sed
563 742 690 770 immota
713 742 840 778 perstitit
860 744 964 770 contra
982 741 1107 769 ﬂamma

280 790 400 815 strenue
415 787 573 821 dimicans,
590 790 680 823 atque
697 786 823 822 martyri
839 785 1014 814 facultatem
1030 785 1106 813 dans

278 832 433 868 Prophetas
447 831 541 859 verba
566 831 751 867 proferendi:
768 831 945 859 Benedictus
960 831 1106 858 Dominus

1167 248 1259 285 χαλκῷ
1285 251 1467 288 θυσιαστηρίῳ
1493 255 1524 287 τῇ
1549 253 1620 288 χειρὶ
1644 254 1863 288 κατεχρήσαντο,
1889 252 1968 280 λιϐα-

1166 295 1244 320 νωτὸν
1269 295 1333 330 αὐτῇ
1364 296 1516 331 κακούργοις
1544 295 1653 327 ἐνθέντες
1684 296 1846 332 φλεγόμενον.
1873 297 1967 324 Ἧλπι-

1166 339 1210 369 ζον
1233 341 1283 376 γὰρ
1308 344 1338 376 τῇ
1355 344 1401 366 τοῦ
1419 342 1502 376 πυρός
1517 340 1565 377 βίᾳ
1583 343 1627 370 τὴν
1646 344 1728 377 χεῖρα
1745 341 1966 369 καταπαλαισθεῖ-

1166 393 1232 417 σαν,
1254 383 1351 420 ἀνάγκῃ
1386 388 1422 420 τῷ
1453 384 1535 420 βωμῷ
1563 387 1667 420 ταχέως
1696 384 1836 411 λιϐανωτὸν
1867 386 1965 423 ἐπαφή-

1165 437 1228 455 σειν.
1253 431 1300 455 quo
1326 432 1374 459 τῆς
1399 429 1562 455 πολυπλόκου
1586 433 1635 455 τῶν
1660 429 1758 455 ἀσεϐῶν
1782 431 1961 466 μαγγανείαςι

1166 471 1272 502 Ἐπειδὴ
1292 476 1406 510 μυρίοις,
1427 476 1502 510 φησὶ,
1519 476 1565 503 τὴν
1576 475 1634 510 (43)
1649 477 1754 510 γνώμην
1774 475 1821 501 οὐκ
1844 475 1961 512 ἑκάμψα-

1162 527 1207 554 μεν
1235 519 1387 554 τραύμασι,
1417 517 1561 554 κάμψωμεν
1587 518 1611 544 ἐν
1638 518 1713 554 φλογί
1739 523 1785 545 τοὺ
1819 518 1961 555 φιλονείκον

1161 562 1308 588 παλαιστοῦ
1334 562 1381 588 κᾶν
1402 564 1449 591 τὴν
1473 567 1563 599 χεῖρα.
1588 561 1692 592 Ἐπειδὴ
1713 564 1845 594 ποικίλαις
1872 575 1962 601 μηχα-

1161 611 1218 638 ναῖς
1236 609 1283 636 τὴν
1306 607 1399 643 ψυχὴν
1415 607 1461 633 οὐκ
1476 606 1621 644 ἓσείσαμεν,
1638 610 1685 637 τὴν
1701 607 1789 639 δεξιὰν
1811 613 1873 645 γοῦν
1897 612 1962 646 πυρὶ

1160 654 1370 689 προσαγαγόντες
1403 651 1577 688 σαλεύσωμιν.
1614 652 1680 679 Ἀλλ’
1710 651 1773 679 οὐδὲ
1805 655 1904 685 ταύτης
1936 655 1961 680 οἱ

1161 694 1271 723 δείλαιοι
1296 701 1344 727 τῆς
1371 695 1477 727 ἐλπίδος
1503 696 1646 723 ἁπώναντο.
1675 696 1704 723 Ἠ
1735 699 1779 734 μὲν
1811 699 1863 735 γὰρ
1899 698 1960 735 φλόξ

1160 743 1207 770 τὴν
1231 745 1310 778 χεῖρα
1332 739 1470 778 διέτρωγσλ
1585 742 1654 778 ἔμενε
1678 739 1708 768 δὲ
1732 743 1746 771 ἡ
1770 744 1841 779 χεὶρ,
1863 744 1898 774 ὠς
1921 746 1960 770 τέ-

1160 796 1225 823 φραν
1248 788 1295 816 τὴν
1319 786 1400 822 φλόγα
1424 785 1610 822 βαστάζουσα.
1636 786 1691 812 Οὐκ
1715 784 1796 813 ἰδωκε
1826 791 1862 823 τῷ
1885 787 1959 814 πολε-

1159 834 1251 866 μοῦντι
1282 833 1346 868 πυρὶ
1377 832 1445 857 κατὰ
1472 832 1533 862 τοὺς
1560 829 1681 867 φυγάδας
1713 832 1746 858 τά
1776 836 1862 866 νῶτα,
1893 831 1959 858 ἀλλά

277 877 357 904 Deus
371 884 464 911 meus,
480 876 534 911 qui
547 876 631 904 docet
645 883 753 904 manus
768 883 847 904 meas
860 876 900 904 ad
911 876 1064 910 praelium,
1078 882 1098 903 ea

1160 875 1286 913 ἄτρεπτος
1314 876 1427 904 εἱστήκει
1459 876 1527 902 κατά
1558 875 1650 912 φλογὸς
1683 874 1876 912 ἀριστεύουσα,
1911 878 1958 902 καὶ

277 921 386 957 digitos
409 929 486 949 meos
513 921 553 948 ad
568 920 677 948 bellum
689 921 724 949 ⁸⁷.
741 921 819 955 Ignis
833 921 913 948 enim
929 928 997 948 cum
1011 927 1106 948 manu

278 965 477 1000 conﬂigebat;
492 964 546 992 sed
560 965 638 999 ignis
648 964 834 992 vincebatur.
850 965 1016 992 Flammam
1029 964 1106 992 inter

277 1012 305 1038 et
337 1009 495 1037 dexteram
525 1009 667 1045 martyris
698 1009 902 1037 instruebatur
928 1009 1026 1043 lucta;
1050 1008 1104 1037 sed

276 1054 400 1082 dextera
413 1062 525 1082 novam
540 1053 709 1090 quamdam
728 1054 928 1082 luctaminum
947 1054 1103 1082 victoriam

275 1098 421 1127 habebat:
432 1098 681 1135 quandoquidem
691 1106 745 1134 per
752 1099 884 1126 mediam
893 1106 1019 1126 manum
1029 1101 1104 1126 tran-

276 1145 380 1171 seunte
393 1143 528 1174 ﬂamma,
543 1151 653 1170 manus
669 1143 769 1171 adhuc
787 1143 827 1171 ad
841 1143 955 1171 luctam
968 1143 1102 1179 porrige-

274 1186 375 1216 batur.
391 1189 413 1216 Ο
437 1196 563 1216 manum
587 1188 656 1223 igne
676 1188 926 1224 pertinaciorem!
943 1196 960 1216 ο
975 1196 1102 1216 manum

274 1232 314 1260 ab
329 1233 398 1267 igne
421 1232 500 1261 ﬂecti
526 1232 682 1261 nesciam!
699 1241 717 1260 ο
737 1233 839 1268 ignem
864 1241 882 1261 a
906 1241 999 1261 manu
1022 1234 1103 1261 vinci

275 1277 441 1305 edoctum?
466 1277 498 1304 Vi
518 1277 595 1312 ignis
619 1277 732 1305 ferrum
753 1278 919 1306 emollitum
943 1278 1038 1306 cedit:
1059 1286 1101 1306 aes

273 1323 359 1358 paret
371 1321 449 1356 ignis
464 1322 623 1357 potentiae;
640 1322 719 1349 vinci
743 1322 781 1350 ab
801 1322 908 1350 eodem
921 1325 950 1350 et
962 1323 1102 1359 lapidum

272 1365 397 1393 durities
408 1365 493 1394 solet.
505 1367 588 1394 Nunc
599 1374 671 1393 vero
684 1366 762 1401 ignis
773 1367 963 1395 vehementia
973 1376 1041 1403 qua:
1053 1368 1102 1396 do-

271 1413 336 1439 mat
354 1410 468 1444 omnia,
479 1410 633 1438 dexteram
648 1419 776 1438 exurens
794 1419 989 1448 nequaquam
1005 1412 1098 1442 ﬂexit.

1158 921 1205 951 τὰς
1228 924 1274 947 τοῦ
1301 923 1437 957 Προφὴτου
1465 919 1546 956 λέγειν
1570 924 1605 955 τῷ
1630 921 1744 957 μάρτυρι
1768 918 1885 947 διδοῦσα
1909 931 1958 957 qur

1157 965 1222 996 νάς·
1249 965 1394 1000 Εὐλογητὸς
1423 966 1517 1001 Κύριος
1551 965 1564 991 ὁ
1589 966 1649 996 Θεὸς
1676 974 1746 1002 μου,
1777 965 1790 991 ὁ
1820 963 1956 992 διδάσκων

1158 1010 1206 1040 τὰς
1235 1010 1328 1046 χεῖράς
1358 1019 1408 1046 μου
1439 1009 1475 1039 εἰς
1502 1009 1665 1046 παράταξιν,
1695 1019 1740 1035 και
1768 1011 1829 1040 τοὺς
1862 1008 1957 1036 δακτύ-

1157 1053 1217 1085 λους
1254 1064 1303 1090 μου
1341 1054 1375 1085 εἰς
1406 1053 1526 1090 πόλεμον.
1556 1057 1612 1091 Πῦρ
1650 1055 1701 1090 γὰρ
1738 1056 1810 1091 χειρὶ
1839 1054 1956 1080 συνεπλέ-

1156 1109 1225 1133 κετο,
1242 1102 1287 1126 καὶ
1307 1102 1353 1125 τοῦ
1375 1100 1458 1135 πυρὸς
1483 1099 1515 1124 τὰ
1536 1103 1584 1129 τῆς
1610 1099 1690 1129 ἣττης
1711 1099 1855 1136 εὑρίσκετο.
1877 1099 1954 1134 Φλογὶ

1156 1147 1201 1171 καὶ
1234 1145 1366 1181 μάρτυρος
1399 1141 1475 1179 δεξιᾴ
1506 1147 1683 1180 συνεκροτεῖτο
1713 1143 1803 1177 πάλη,
1838 1143 1890 1170 ἀλλ’
1923 1142 1952 1173 ἦν

1156 1194 1204 1220 τῆς
1237 1188 1325 1220 δεξιᾶς
1357 1190 1431 1217 καινή
1462 1197 1503 1219 τις
1535 1192 1584 1214 τῶν
1614 1188 1803 1225 παλαισμάτων
1831 1189 1844 1217 ἡ
1872 1190 1949 1221 νίκη,

1155 1239 1203 1265 τῆς
1224 1236 1269 1270 μέν
1293 1233 1384 1269 φλογὸς
1408 1231 1456 1259 διὰ
1480 1242 1561 1269 μεσου
1585 1236 1632 1263 τῆς
1655 1235 1747 1270 χειρὸς
1765 1232 1951 1266 ἐκπιπτούσης,

1154 1283 1200 1310 τῆς
1228 1280 1320 1315 χειρός
1345 1276 1375 1304 δὲ
1403 1279 1439 1304 ἔτι
1461 1279 1599 1313 τιταμένης
1618 1278 1675 1313 (45)
1704 1279 1779 1315 πρὸς,
1802 1277 1894 1306 πάλην.
1918 1276 1953 1303 Ὦ

1154 1325 1246 1361 χειρὸς
1269 1323 1472 1359 φιλονιικοτέρας
1493 1321 1592 1358 πυρόςί
1611 1322 1630 1347 ὦ
1655 1323 1763 1360 χειρὸς,
1788 1323 1952 1358 κάμπτεσθαι

1155 1371 1218 1406 πυρὶ
1236 1370 1272 1404 μὴ
1293 1366 1449 1404 μαθούσηςῑ
1471 1367 1491 1392 ὦ
1509 1368 1601 1403 πυρὸς,
1623 1367 1754 1396 ἡττᾶσθαι
1776 1369 1849 1403 χειρὶ
1875 1365 1953 1393 ὂιὸα·

1155 1412 1287 1450 χθέντοςὶ
1322 1410 1431 1448 Σίδηρος
1468 1415 1498 1447 τῇ
1533 1414 1578 1437 τοῦ
1609 1413 1691 1449 πυρὸς
1724 1412 1785 1438 εἴκει
1817 1409 1953 1448 τυραννίδι

271 1457 468 1492 χαννούμενος·
492 1455 593 1491 χαλκὸς
613 1459 645 1492 τῇ
668 1459 714 1481 τοῦ
737 1458 820 1492 πυρός
843 1461 1000 1493 παραχωρεῖ
1023 1455 1165 1495 δυναστείᾳ
1179 1468 1186 1475 ·
1208 1456 1264 1484 οἶδε
1285 1458 1370 1492 τούτῳ
1389 1458 1434 1482 καὶ
1454 1455 1532 1482 λίθων
1552 1454 1690 1482 ἀντιτυπία
1705 1457 1839 1483 νικᾶσθαι.
1855 1455 1921 1482 Ἀλλ’
1940 1455 1952 1482 ὁ

269 1501 355 1527 πάντα
369 1503 415 1526 τοῦ
429 1501 511 1537 πυρὸς
526 1499 682 1536 βιαζόμενος
695 1501 769 1531 τόνος
783 1501 914 1537 μάρτυρος
927 1503 973 1530 τὴν
990 1499 1077 1533 δεξιὰν
1091 1505 1229 1540 τεταμένην
1242 1502 1289 1528 οὐκ
1304 1501 1404 1538 ἔκαμψε
1418 1503 1580 1529 κατακαίων.

305 1547 332 1573 3.
354 1544 398 1572 0b
409 1544 439 1571 id
447 1544 514 1579 jure
523 1544 637 1580 optimo
648 1547 751 1580 posset
759 1548 875 1581 martyr
885 1545 924 1573 ad
937 1546 1097 1574 Dominum
1118 1549 1138 1577 C

269 1588 400 1617 clamare
409 1597 416 1616 :
425 1590 558 1617 Tenuisti
565 1597 686 1618 manum
696 1589 850 1619 dexteram
860 1598 965 1625 meam,
977 1591 1032 1627 14
1039 1593 1060 1626 1
1070 1594 1097 1620 et

269 1633 301 1661 in
312 1635 468 1662 voluntate
481 1637 533 1662 tua
541 1634 696 1662 deduxisti
705 1643 760 1670 me,
774 1638 800 1664 et
812 1643 878 1664 cum
893 1636 995 1671 gloria
1005 1644 1097 1666 susce-

266 1679 340 1713 pisti
349 1686 394 1706 me
401 1679 434 1706 ⁸³.
447 1679 607 1711 Quomodo
618 1682 681 1714 te,o
692 1683 812 1708 strenue
823 1681 931 1709 Christi
941 1681 1096 1718 miles,ap-

267 1722 409 1759 pellabo?
420 1723 541 1751 Vocabo
552 1725 702 1752 statuam?
713 1725 771 1753 Sed
777 1725 906 1753 multum
914 1726 1095 1755 imminuero

268 1769 352 1796 tuam
367 1768 579 1796 constantiam.
595 1769 672 1804 ignis
684 1769 766 1798 enim
780 1773 933 1806 receptam
947 1771 978 1799 in
990 1779 1021 1799 se
1036 1774 1095 1800 sta-

267 1814 351 1841 tuam
367 1813 493 1842 emollit:
506 1813 661 1842 dexteram
674 1822 746 1843 vero
762 1817 856 1849 tuam,
868 1819 899 1844 ut
914 1816 1020 1844 saltem
1031 1825 1094 1845 mo-

267 1858 328 1886 veri
345 1857 503 1894 videretur,
517 1866 577 1886 non
591 1859 702 1893 adegit.
715 1861 893 1888 Ferreumne
904 1861 1070 1890 nominabo
1079 1861 1093 1889 ‘I

267 1901 325 1929 Sed
338 1901 415 1929 hanc
431 1901 655 1930 similitudinem
669 1902 840 1935 fortitudine
855 1906 907 1932 tua
920 1905 1035 1940 reperio
1049 1905 1094 1933 in-

266 1945 415 1974 feriorem.
438 1947 513 1974 Nam
537 1948 569 1974 tu
593 1947 676 1974 solus
697 1947 830 1975 ﬂammae
852 1948 983 1982 suasisti,
1003 1951 1035 1978 ut
1054 1957 1092 1978 ne

265 1997 394 2018 manum
409 1991 566 2018 domaret:
582 1993 614 2019 tu
628 1991 710 2019 solus
720 1991 853 2021 habuisti
862 1992 1017 2022 dexteram
1033 2002 1091 2023 aras

264 2033 347 2068 loco;
357 2037 388 2062 tu
400 2034 481 2063 solus
492 2035 615 2063 ardente
626 2036 732 2064 dextra
741 2036 915 2065 daemonum
926 2038 1017 2066 facies
1027 2039 1090 2067 ala-

264 2078 312 2115 pis
324 2079 544 2115 percussisti,et
560 2082 630 2108 tunc
645 2080 766 2116 quidem
783 2081 812 2108 in
829 2089 943 2117 prunas
956 2091 1090 2112 commu-

263 2125 326 2152 tata
338 2132 441 2159 manu,
451 2131 556 2152 eorum
567 2125 667 2161 capita
677 2125 915 2162 colliquefecisti;
927 2135 1008 2156 nunc
1018 2136 1089 2157 vero

263 2176 300 2197 ea
314 2168 346 2196 in
360 2168 474 2197 cineres
496 2169 630 2201 redacta,
645 2169 782 2205 ipsorum
802 2173 950 2201 exercitus
965 2173 1087 2201 calcans

1189 1550 1215 1576 3.
1237 1548 1348 1577 Εἰκότως
1383 1545 1415 1572 ἂν
1445 1547 1458 1572 ὁ
1486 1546 1587 1583 μάρτυς
1620 1544 1662 1572 ἐπὶ
1694 1546 1777 1582 τούτῷ
1811 1547 1878 1582 πρὸς
1909 1547 1951 1572 τὸν

1153 1595 1284 1622 Δεσπότην
1318 1591 1438 1628 βοήσειεν
1456 1601 1462 1607 ·
1498 1590 1662 1628 Ἐκράτησας
1696 1595 1744 1621 τῆς
1781 1592 1873 1627 χειρὸς
1904 1594 1952 1622 τῆς

1153 1636 1241 1669 δεξιᾶς
1269 1646 1334 1673 μου,
1362 1638 1407 1662 καὶ
1432 1635 1456 1661 ἐν
1485 1639 1516 1671 τῇ
1548 1634 1628 1671 βουλῇ
1658 1644 1704 1660 σου
1733 1632 1878 1670 ὡδήγησάς
1903 1644 1950 1671 με,

1151 1684 1196 1708 καὶ
1217 1683 1282 1718 μετὰ
1302 1679 1383 1712 δόξης
1403 1679 1566 1716 προσελάϐου
1590 1688 1630 1715 με.
1643 1682 1675 1705 Τι
1694 1688 1732 1712 σε,
1748 1677 1768 1703 ὦ
1790 1682 1888 1714 γενναῖε
1903 1684 1950 1705 τοῦ

1150 1730 1267 1764 Χριστοῦ
1293 1729 1452 1763 στρατιῶτα,
1475 1726 1627 1762 προσείπω;
1652 1721 1808 1760 Ἀνδριάντα
1825 1722 1948 1758 καλέσω;

1150 1771 1219 1798 Πολύ
1250 1780 1279 1797 σε
1310 1774 1359 1801 τῆς
1392 1771 1529 1806 καρτερίας
1565 1768 1713 1798 ἡλάττωσα.
1741 1769 1790 1795 Τὸν
1821 1770 1865 1804 μέν
1893 1768 1949 1803 (46)

1148 1817 1200 1853 γὰρ
1231 1819 1282 1852 πῦρ
1312 1814 1437 1852 μαλάττει
1462 1813 1618 1850 δεξάμενον-
1647 1816 1695 1839 σοῦ
1725 1811 1754 1839 δὲ
1785 1815 1831 1842 τὴν
1861 1810 1948 1844 δεξιὰν

1149 1860 1260 1897 ὀφθῆναι
1284 1862 1360 1896 μόνον
1383 1860 1534 1895 κινουμένην
1553 1858 1600 1884 οὐκ
1616 1859 1730 1886 ἔπεισεν.
1753 1857 1799 1884 Ἀν
1820 1856 1948 1894 σιδηροῦν

1149 1905 1279 1942 ὀνομάσω,
1295 1907 1340 1930 καὶ
1364 1906 1411 1933 τὴν
1431 1904 1553 1932 τοιαύτην
1574 1906 1622 1933 τῆς
1639 1906 1688 1932 σῆς
1713 1900 1820 1938 ἀνδρίας
1835 1902 1948 1938 εὑρίσκω

1147 1949 1297 1986 λειπομένην
1322 1949 1416 1976 εἰκόνα.
1439 1950 1472 1974 Σὺ
1497 1948 1547 1984 γὰρ
1575 1950 1652 1984 μόνος
1677 1948 1779 1976 ἔπεισας
1806 1945 1890 1982 φλόγα
1908 1948 1945 1982 μὴ

1148 1993 1291 2031 βιάζεσθαι
1323 1997 1425 2030 χεῖρα·
1455 1994 1488 2018 σὺ
1520 1994 1595 2028 μόνος
1623 1991 1724 2021 ἐκτήσω
1758 1992 1947 2028 θυσιαστήριον

1148 2037 1253 2070 διξιάν·
1278 2040 1310 2064 σὺ
1334 2040 1408 2074 μόνος
1433 2035 1507 2072 δεξιᾴ
1531 2037 1669 2073 φλεγομένη
1693 2037 1726 2062 τὰ
1746 2039 1796 2061 τῶν
1816 2033 1946 2072 δαιμόνων

1146 2083 1290 2121 ὶῤῥάπισας
1315 2085 1462 2120 πρόσωπα,
1491 2083 1536 2108 καὶ
1564 2083 1621 2107 τότε
1649 2082 1694 2117 μὲν
1724 2081 1944 2117 άπηνθρακωμένη

1144 2130 1217 2165 χειρὶ
1251 2129 1296 2159 τὰς
1325 2127 1424 2154 ἐκείνων
1450 2126 1561 2163 κεφαλὰς
1592 2125 1870 2161 συγκατέτηξας(47)·
1900 2128 1945 2150 νῦν

1145 2171 1175 2199 δὲ
1202 2173 1360 2209 τεφρωθείσῃ
1390 2172 1472 2207 ταύτῃ
1504 2171 1548 2200 τὰς
1580 2169 1663 2196 αὐτῶν
1695 2169 1815 2206 στρατιὰς
1841 2167 1943 2194 ἀποτυ-

262 2221 408 2242 exczecas.
425 2213 502 2246 Quid
526 2216 628 2242 autem
652 2213 759 2250 puerili
781 2215 917 2245 balbutie
941 2217 1087 2246 victorem

1152 2217 1217 2249 πλοῖς
1246 2220 1413 2245 καταπατῶν.
1440 2215 1518 2242 Ἀλλά
1549 2217 1576 2242 τί
1608 2213 1742 2246 παιδικοῖς
1772 2213 1868 2240 ἔλαττῶ
1897 2214 1943 2240 τὸν

298 2293 320 2312 ³⁷
342 2293 419 2323 Psal.
439 2301 532 2330 cum,
555 2296 579 2323 t.
619 2294 642 2313 ⁸⁸
661 2294 737 2324 Psal.
758 2303 841 2334 Lxxu,
862 2299 908 2326 24.

260 2376 424 2416 repetatur,
449 2381 504 2402 nec
531 2376 602 2416 tunc
626 2383 699 2416 mss.
718 2376 764 2416 ab
790 2377 878 2416 editis
907 2378 1083 2416 dissideant,

259 2410 361 2447 potius
385 2410 567 2447 θυσιαστηρίῳ
591 2411 649 2446 legi
677 2412 786 2440 debere
810 2413 1003 2442 arbitramur.
1027 2410 1085 2444 Nee

259 2453 440 2482 quanquam
462 2449 584 2474 moveat
605 2455 665 2474 vox
693 2455 760 2481 ara,
786 2456 856 2476 cum
879 2451 1002 2478 nomine
1024 2459 1084 2479 arte

258 2481 384 2524 intelligi
401 2482 495 2524 possit
514 2489 572 2524 ara
583 2490 789 2524 firmatque:
804 2493 874 2524 non
897 2486 938 2524 ita
954 2487 1083 2524 multum

259 2517 471 2557 magnitudine
484 2525 502 2557 ει
512 2517 664 2546 thuribulo
677 2517 811 2548 diﬂ'erret
821 2529 828 2548 :
840 2529 902 2557 qua.
916 2521 954 2550 de
966 2531 997 2550 re
1012 2522 1084 2551 alio-

256 2561 324 2581 rum
340 2553 395 2580 erit
407 2553 566 2587 judicium.

294 2590 350 2628 (43.)
370 2588 452 2628 Qolb.
477 2588 593 2623 primus
613 2591 646 2628 ct_
663 2590 736 2628 alter
757 2593 861 2628 μυρίοις
873 2594 928 2618 τισὶ
944 2595 1000 2622 τὴν.
1022 2595 1082 2622 Hoc

255 2623 328 2666 ipso,
337 2624 367 2666 in
378 2623 445 2666 loco
457 2632 530 2652 mss.
544 2628 605 2666 tres
620 2625 666 2651 οὐκ
681 2623 834 2663 ἐκλάέαρίεν.
847 2627 941 2656 Editio
954 2632 1080 2666 utraque

256 2659 304 2686 οὐκ
319 2659 481 2695 exiit-Myrr,
497 2660 602 2688 eodem
618 2669 719 2690 sensu.

292 2694 450 2736 (44)“Co-lb.
462 2696 591 2736 primus
610 2700 690 2736 χςίρα
713 2695 858 2736 digammon,
872 2707 995 2729 manum
1013 2709 1080 2736 per-

253 2730 379 2775 ίοναυίε.
403 2730 500 2759 Lectio
515 2732 587 2760 satis
610 2730 732 2761 idonea.
749 2730 864 2762 Ibidem
879 2736 950 2771 Reg.
962 2730 1078 2772 primus

255 2776 346 2803 εμεινε.

289 2802 346 2839 (45)
367 2803 438 2839 Reg.
460 2802 577 2840 primus
599 2804 637 2831 ἔτι
658 2807 841 2842 τετραμμένης.
865 2807 931 2837 Mox
951 2810 1077 2846 utraque

1141 2379 1231 2408 editio
1242 2379 1514 2416 κάμπτισθαιβνρός,
1525 2375 1616 2404 male.
1630 2377 1666 2404 At
1675 2383 1749 2404 mss.
1763 2377 1838 2416 πυρᾷ,
1852 2375 1938 2416 bene.

1139 2417 1198 2444 Nec
1213 2416 1253 2443 ita
1269 2411 1362 2442 multo
1378 2411 1529 2442 infra'duo
1549 2421 1623 2440 mss.
1638 2416 1667 2447 τῇ
1685 2416 1730 2441 τῆς
1752 2411 1846 2447 φλογός
1868 2413 1937 2439 εῖκςι.

1175 2441 1383 2486 ζῖιέῑυῦάὲίίω
1398 2448 1497 2486 reditio
1520 2450 1549 2486 τρ
1572 2441 1840 2486 μένηᾶςρτᾷέᾶίέλξ
1862 2450 1891 2486 at
1911 2447 1941 2474 in

1139 2481 1212 2515 mss.
1223 2481 1382 2514 emendate
1397 2484 1504 2519 legitur
1516 2485 1558 2510 τὸν
1569 2481 1623 2520 μέμ,
1636 2481 1778 2520 ἀνδριάντα
1791 2482 1938 2520 videlicet.

1137 2523 1301 2559 Aliquanto
1324 2521 1403 2548 infra
1416 2518 1526 2559 _editio_
1539 2518 1629 2546 Paris.
1638 2518 1690 2559 “et;
1700 2520 1772 2559 Reg.
1787 2518 1940 2559 secundus

1138 2552 1311 2594 aversam,
1336 2555 1486 2594 vocatione
1506 2556 1651 2594 ferrum?
1671 2554 1767 2582 Editio
1793 2553 1881 2582 Basil.
1908 2552 1938 2579 ἂν

1138 2589 1276 2627 σιδηροῦν,
1294 2589 1436 2621 vocabule
1449 2592 1596 2627 ferreum,
1609 2589 1699 2617 bene.

1172 2625 1229 2664 (4'7)
1250 2625 1325 2657 Editi
1340 2631 1368 2656 et
1383 2625 1453 2661 Reg.
1467 2626 1569 2654 tertius
1581 2625 1785 2664 cuy_xarérn§_a_z;,
1797 2625 1936 2664 collg'que-

1133 2660 1246 2700 fecisti,
1268 2664 1324 2692 Alii
1347 2666 1404 2691 tres
1428 2660 1689 2700 inssaauthetiam
1715 2661 1812 2700 tribus
1835 2660 1937 2700 plures

1136 2696 1352 2737 ὼγκατέφλεξας,
1367 2696 1839 2737 co_mbussistz::_l)oterit_ad_suum
1855 2696 1938 2732 quis-

1134 2732 1193 2774 que
1215 2732 1372 2774 arbitrium
1397 2734 1455 2762 hoc
1473 2736 1526 2774 aut
1547 2732 1599 2774 illo
1623 2732 1722 2773 modo.
1735 2732 1847 2774 legere,
1864 2740 1937 2760 cum

1133 2767 1262 2809 utraque
1276 2771 1424 2807 scriptura.
1437 2769 1511 2799 satis
1526 2770 1599 2805 apta
1613 2775 1680 2797 esse
1694 2767 1844 2797 videatur.
