  <div class='ocr_page' id='page_1' title='image "/cluster/home/n/w/nwhite01/storage/ocr_20150623/31/njp.32101013202609/257.png"; bbox 0 0 2059 3136; ppageno 0'>
   <div class='ocr_carea' id='block_1_1' title="bbox 254 147 303 175">
    <p class='ocr_par' dir='ltr' id='par_1_1' title="bbox 254 147 303 175">
     <span class='ocr_line' id='line_1_1' title="bbox 254 147 303 175; baseline 0 0"><span class='ocrx_word' id='word_1_1' title='bbox 254 147 303 175; x_wconf 64' lang='lat' dir='ltr'><strong>LM</strong></span> 
     </span>
    </p>
   </div>
   <div class='ocr_carea' id='block_1_2' title="bbox 942 139 1248 169">
    <p class='ocr_par' dir='ltr' id='par_1_2' title="bbox 942 139 1248 169">
     <span class='ocr_line' id='line_1_2' title="bbox 942 139 1248 169; baseline 0.003 -1"><span class='ocrx_word' id='word_1_2' title='bbox 942 141 972 168; x_wconf 87' lang='lat' dir='ltr'><strong>S.</strong></span> <span class='ocrx_word' id='word_1_3' title='bbox 991 139 1115 168; x_wconf 76' lang='lat' dir='ltr'><strong>BASILII</strong></span> <span class='ocrx_word' id='word_1_4' title='bbox 1134 139 1248 169; x_wconf 71' lang='lat' dir='ltr'><strong>lAGNl</strong></span> 
     </span>
    </p>
   </div>
   <div class='ocr_carea' id='block_1_3' title="bbox 1887 145 1942 172">
    <p class='ocr_par' dir='ltr' id='par_1_3' title="bbox 1887 145 1942 172">
     <span class='ocr_line' id='line_1_3' title="bbox 1887 145 1942 172; baseline 0 0"><span class='ocrx_word' id='word_1_5' title='bbox 1887 145 1942 172; x_wconf 69' lang='grc'><strong>492</strong></span> 
     </span>
    </p>
   </div>
   <div class='ocr_carea' id='block_1_4' title="bbox 251 202 1086 244">
    <p class='ocr_par' dir='ltr' id='par_1_4' title="bbox 251 202 1082 244">
     <span class='ocr_line' id='line_1_4' title="bbox 251 202 1082 244; baseline -0.011 -6"><span class='ocrx_word' id='word_1_6' title='bbox 251 208 326 237; x_wconf 91' lang='lat' dir='ltr'><strong>mire</strong></span> <span class='ocrx_word' id='word_1_7' title='bbox 341 207 449 244; x_wconf 84' lang='lat' dir='ltr'><strong>probat</strong></span> <span class='ocrx_word' id='word_1_8' title='bbox 459 207 472 235; x_wconf 88' lang='lat'><strong>?</strong></span> <span class='ocrx_word' id='word_1_9' title='bbox 483 205 540 235; x_wconf 99' lang='lat' dir='ltr'><strong>Sed</strong></span> <span class='ocrx_word' id='word_1_10' title='bbox 552 206 630 232; x_wconf 87' lang='lat' dir='ltr'><strong>certe</strong></span> <span class='ocrx_word' id='word_1_11' title='bbox 640 204 698 232; x_wconf 88' lang='lat' dir='ltr'><strong>hoc</strong></span> <span class='ocrx_word' id='word_1_12' title='bbox 710 211 869 240; x_wconf 76' lang='lat' dir='ltr'><strong>nunquam</strong></span> <span class='ocrx_word' id='word_1_13' title='bbox 881 202 998 235; x_wconf 81' lang='lat' dir='ltr'><strong>dixerit,</strong></span> <span class='ocrx_word' id='word_1_14' title='bbox 1012 209 1082 230; x_wconf 86' lang='lat' dir='ltr'><strong>cum</strong></span> 
     </span>
    </p>
   </div>
   <div class='ocr_carea' id='block_1_5' title="bbox 1138 202 1938 244">
    <p class='ocr_par' dir='ltr' id='par_1_5' title="bbox 1138 202 1938 242">
     <span class='ocr_line' id='line_1_5' title="bbox 1138 202 1938 242; baseline -0.003 -13"><span class='ocrx_word' id='word_1_15' title='bbox 1138 204 1200 239; x_wconf 80' lang='grc' dir='ltr'>πρὸς</span> <span class='ocrx_word' id='word_1_16' title='bbox 1219 203 1344 240; x_wconf 75' lang='grc' dir='ltr'><strong>ἁρμονίαν</strong></span> <span class='ocrx_word' id='word_1_17' title='bbox 1362 205 1548 242; x_wconf 77' lang='grc' dir='ltr'>κεχροτημὲνον</span> <span class='ocrx_word' id='word_1_18' title='bbox 1568 202 1778 241; x_wconf 84' lang='grc' dir='ltr'>ἀποδεχόμενοι;</span> <span class='ocrx_word' id='word_1_19' title='bbox 1811 205 1845 232; x_wconf 82' lang='grc' dir='ltr'><strong><em>Ἦ</em></strong></span> <span class='ocrx_word' id='word_1_20' title='bbox 1871 210 1938 233; x_wconf 83' lang='grc' dir='ltr'>τοῦ..</span> 
     </span>
    </p>
   </div>
   <div class='ocr_carea' id='block_1_6' title="bbox 251 247 1082 289">
    <p class='ocr_par' dir='ltr' id='par_1_6' title="bbox 251 247 1082 289">
     <span class='ocr_line' id='line_1_6' title="bbox 251 247 1082 289; baseline -0.01 -7"><span class='ocrx_word' id='word_1_21' title='bbox 251 261 405 289; x_wconf 86' lang='lat' dir='ltr'><strong>nusquam</strong></span> <span class='ocrx_word' id='word_1_22' title='bbox 417 251 467 280; x_wconf 88' lang='lat' dir='ltr'><strong>tali</strong></span> <span class='ocrx_word' id='word_1_23' title='bbox 477 249 597 279; x_wconf 85' lang='lat' dir='ltr'><strong>dicendi</strong></span> <span class='ocrx_word' id='word_1_24' title='bbox 611 257 720 284; x_wconf 81' lang='lat' dir='ltr'><strong>genere</strong></span> <span class='ocrx_word' id='word_1_25' title='bbox 730 256 804 276; x_wconf 87' lang='lat' dir='ltr'><strong>usus</strong></span> <span class='ocrx_word' id='word_1_26' title='bbox 817 248 867 276; x_wconf 88' lang='lat' dir='ltr'><strong>sit:</strong></span> <span class='ocrx_word' id='word_1_27' title='bbox 881 255 936 276; x_wconf 91' lang='lat' dir='ltr'><strong>nec</strong></span> <span class='ocrx_word' id='word_1_28' title='bbox 945 255 1001 275; x_wconf 92' lang='lat' dir='ltr'><strong>nos</strong></span> <span class='ocrx_word' id='word_1_29' title='bbox 1014 247 1082 274; x_wconf 86' lang='lat' dir='ltr'><strong>hor-</strong></span> 
     </span>
    </p>
   </div>
   <div class='ocr_carea' id='block_1_7' title="bbox 252 290 1084 330">
    <p class='ocr_par' dir='ltr' id='par_1_7' title="bbox 252 290 1084 330">
     <span class='ocr_line' id='line_1_7' title="bbox 252 290 1084 330; baseline -0.01 -4"><span class='ocrx_word' id='word_1_30' title='bbox 252 300 331 326; x_wconf 81' lang='lat' dir='ltr'><strong>tatus</strong></span> <span class='ocrx_word' id='word_1_31' title='bbox 342 299 396 330; x_wconf 89' lang='lat' dir='ltr'><strong>est,</strong></span> <span class='ocrx_word' id='word_1_32' title='bbox 410 299 442 324; x_wconf 93' lang='lat' dir='ltr'><strong>ut</strong></span> <span class='ocrx_word' id='word_1_33' title='bbox 456 294 628 330; x_wconf 83' lang='lat' dir='ltr'><strong>magniﬁcis</strong></span> <span class='ocrx_word' id='word_1_34' title='bbox 647 293 747 322; x_wconf 81' lang='lat' dir='ltr'><strong>verbis</strong></span> <span class='ocrx_word' id='word_1_35' title='bbox 757 295 787 321; x_wconf 87' lang='lat' dir='ltr'><strong>et</strong></span> <span class='ocrx_word' id='word_1_36' title='bbox 796 291 965 328; x_wconf 83' lang='lat' dir='ltr'><strong>splendidis</strong></span> <span class='ocrx_word' id='word_1_37' title='bbox 976 290 1084 320; x_wconf 83' lang='lat' dir='ltr'><strong>laudes</strong></span> 
     </span>
    </p>
   </div>
   <div class='ocr_carea' id='block_1_8' title="bbox 252 336 1084 376">
    <p class='ocr_par' dir='ltr' id='par_1_8' title="bbox 252 336 1084 376">
     <span class='ocr_line' id='line_1_8' title="bbox 252 336 1084 376; baseline -0.008 -6"><span class='ocrx_word' id='word_1_38' title='bbox 252 342 412 370; x_wconf 81' lang='lat' dir='ltr'><strong>beatorum</strong></span> <span class='ocrx_word' id='word_1_39' title='bbox 436 346 678 376; x_wconf 87' lang='lat' dir='ltr'><strong>prosequamur:</strong></span> <span class='ocrx_word' id='word_1_40' title='bbox 705 337 758 374; x_wconf 85' lang='lat' dir='ltr'><strong>qui</strong></span> <span class='ocrx_word' id='word_1_41' title='bbox 779 337 889 365; x_wconf 89' lang='lat' dir='ltr'><strong>scilicet</strong></span> <span class='ocrx_word' id='word_1_42' title='bbox 912 336 1084 372; x_wconf 80' lang='lat' dir='ltr'><strong>pedestrem</strong></span> 
     </span>
    </p>
   </div>
   <div class='ocr_carea' id='block_1_9' title="bbox 253 378 1086 417">
    <p class='ocr_par' dir='ltr' id='par_1_9' title="bbox 253 378 1086 417">
     <span class='ocr_line' id='line_1_9' title="bbox 253 378 1086 417; baseline -0.008 -5"><span class='ocrx_word' id='word_1_43' title='bbox 253 384 416 412; x_wconf 85' lang='lat' dir='ltr'><strong>dictionem</strong></span> <span class='ocrx_word' id='word_1_44' title='bbox 428 382 673 417; x_wconf 86' lang='lat' dir='ltr'><strong>locutionemque</strong></span> <span class='ocrx_word' id='word_1_45' title='bbox 684 382 794 408; x_wconf 88' lang='lat' dir='ltr'><strong>ornatu</strong></span> <span class='ocrx_word' id='word_1_46' title='bbox 805 381 956 407; x_wconf 84' lang='lat' dir='ltr'><strong>carentem</strong></span> <span class='ocrx_word' id='word_1_47' title='bbox 971 378 1086 414; x_wconf 85' lang='lat' dir='ltr'><strong>ubique</strong></span> 
     </span>
    </p>
   </div>
   <div class='ocr_carea' id='block_1_10' title="bbox 253 423 1086 465">
    <p class='ocr_par' dir='ltr' id='par_1_10' title="bbox 253 423 1086 465">
     <span class='ocr_line' id='line_1_10' title="bbox 253 423 1086 465; baseline -0.008 -8"><span class='ocrx_word' id='word_1_48' title='bbox 253 428 427 465; x_wconf 58' lang='lat' dir='ltr'><strong>praetulerit.</strong></span> <span class='ocrx_word' id='word_1_49' title='bbox 438 426 515 460; x_wconf 88' lang='lat' dir='ltr'><strong>Quid</strong></span> <span class='ocrx_word' id='word_1_50' title='bbox 525 426 615 461; x_wconf 84' lang='lat' dir='ltr'><strong>igitur</strong></span> <span class='ocrx_word' id='word_1_51' title='bbox 625 427 672 453; x_wconf 84' lang='lat' dir='ltr'><strong>est</strong></span> <span class='ocrx_word' id='word_1_52' title='bbox 682 424 766 461; x_wconf 88' lang='lat' dir='ltr'><strong>quod</strong></span> <span class='ocrx_word' id='word_1_53' title='bbox 776 424 871 452; x_wconf 76' lang='lat' dir='ltr'><strong>dicit?</strong></span> <span class='ocrx_word' id='word_1_54' title='bbox 884 423 970 456; x_wconf 84' lang='lat' dir='ltr'><strong>Quod</strong></span> <span class='ocrx_word' id='word_1_55' title='bbox 983 423 1086 451; x_wconf 70' lang='lat' dir='ltr'><strong>laetan-</strong></span> 
     </span>
    </p>
   </div>
   <div class='ocr_carea' id='block_1_11' title="bbox 255 468 1088 509">
    <p class='ocr_par' dir='ltr' id='par_1_11' title="bbox 255 468 1088 509">
     <span class='ocr_line' id='line_1_11' title="bbox 255 468 1088 509; baseline -0.008 -8"><span class='ocrx_word' id='word_1_56' title='bbox 255 475 302 501; x_wconf 91' lang='lat' dir='ltr'><strong>tur</strong></span> <span class='ocrx_word' id='word_1_57' title='bbox 315 471 422 509; x_wconf 88' lang='lat' dir='ltr'><strong>populi</strong></span> <span class='ocrx_word' id='word_1_58' title='bbox 434 471 536 500; x_wconf 66' lang='lat' dir='ltr'><strong>laetitia</strong></span> <span class='ocrx_word' id='word_1_59' title='bbox 551 469 737 507; x_wconf 82' lang='lat' dir='ltr'><strong>spirituali,si</strong></span> <span class='ocrx_word' id='word_1_60' title='bbox 749 469 848 497; x_wconf 91' lang='lat' dir='ltr'><strong>solum</strong></span> <span class='ocrx_word' id='word_1_61' title='bbox 861 468 980 503; x_wconf 84' lang='lat' dir='ltr'><strong>egregia</strong></span> <span class='ocrx_word' id='word_1_62' title='bbox 989 468 1088 503; x_wconf 85' lang='lat' dir='ltr'><strong>justo-</strong></span> 
     </span>
    </p>
   </div>
   <div class='ocr_carea' id='block_1_12' title="bbox 254 511 1088 549">
    <p class='ocr_par' dir='ltr' id='par_1_12' title="bbox 254 511 1088 549">
     <span class='ocr_line' id='line_1_12' title="bbox 254 511 1088 549; baseline -0.008 -3"><span class='ocrx_word' id='word_1_63' title='bbox 254 526 323 546; x_wconf 88' lang='lat' dir='ltr'><strong>rum</strong></span> <span class='ocrx_word' id='word_1_64' title='bbox 333 517 470 546; x_wconf 78' lang='lat' dir='ltr'><strong>facinora</strong></span> <span class='ocrx_word' id='word_1_65' title='bbox 481 517 624 544; x_wconf 81' lang='lat' dir='ltr'><strong>revocent</strong></span> <span class='ocrx_word' id='word_1_66' title='bbox 637 515 668 542; x_wconf 88' lang='lat' dir='ltr'><strong>in</strong></span> <span class='ocrx_word' id='word_1_67' title='bbox 685 513 880 542; x_wconf 83' lang='lat' dir='ltr'><strong>memoriam:</strong></span> <span class='ocrx_word' id='word_1_68' title='bbox 897 511 1088 549; x_wconf 86' lang='lat' dir='ltr'><strong>quandoqui-</strong></span> 
     </span>
    </p>
   </div>
   <div class='ocr_carea' id='block_1_13' title="bbox 256 557 1089 598">
    <p class='ocr_par' dir='ltr' id='par_1_13' title="bbox 256 557 1089 598">
     <span class='ocr_line' id='line_1_13' title="bbox 256 557 1089 598; baseline -0.007 -7"><span class='ocrx_word' id='word_1_69' title='bbox 256 563 326 592; x_wconf 89' lang='lat' dir='ltr'><strong>dem</strong></span> <span class='ocrx_word' id='word_1_70' title='bbox 347 562 383 591; x_wconf 88' lang='lat' dir='ltr'><strong>iis</strong></span> <span class='ocrx_word' id='word_1_71' title='bbox 406 570 475 598; x_wconf 69' lang='lat' dir='ltr'><strong>quae</strong></span> <span class='ocrx_word' id='word_1_72' title='bbox 496 560 634 593; x_wconf 86' lang='lat' dir='ltr'><strong>audiunt,</strong></span> <span class='ocrx_word' id='word_1_73' title='bbox 653 560 693 588; x_wconf 88' lang='lat' dir='ltr'><strong>ad</strong></span> <span class='ocrx_word' id='word_1_74' title='bbox 708 559 931 588; x_wconf 66' lang='lat' dir='ltr'><strong>aemulationem</strong></span> <span class='ocrx_word' id='word_1_75' title='bbox 946 557 1089 586; x_wconf 86' lang='lat' dir='ltr'><strong>imitatio-</strong></span> 
     </span>
    </p>
   </div>
   <div class='ocr_carea' id='block_1_14' title="bbox 256 602 1089 643">
    <p class='ocr_par' dir='ltr' id='par_1_14' title="bbox 256 602 1089 643">
     <span class='ocr_line' id='line_1_14' title="bbox 256 602 1089 643; baseline -0.006 -8"><span class='ocrx_word' id='word_1_76' title='bbox 256 614 388 643; x_wconf 85' lang='lat' dir='ltr'><strong>nemque</strong></span> <span class='ocrx_word' id='word_1_77' title='bbox 401 606 554 634; x_wconf 87' lang='lat' dir='ltr'><strong>bonorum</strong></span> <span class='ocrx_word' id='word_1_78' title='bbox 573 604 772 633; x_wconf 89' lang='lat' dir='ltr'><strong>inducuntur.</strong></span> <span class='ocrx_word' id='word_1_79' title='bbox 794 605 869 632; x_wconf 83' lang='lat' dir='ltr'><strong>Nam</strong></span> <span class='ocrx_word' id='word_1_80' title='bbox 889 603 1022 631; x_wconf 86' lang='lat' dir='ltr'><strong>virorum</strong></span> <span class='ocrx_word' id='word_1_81' title='bbox 1036 602 1089 638; x_wconf 88' lang='lat' dir='ltr'><strong>qui</strong></span> 
     </span>
    </p>
   </div>
   <div class='ocr_carea' id='block_1_15' title="bbox 257 647 1090 687">
    <p class='ocr_par' dir='ltr' id='par_1_15' title="bbox 257 647 1090 687">
     <span class='ocr_line' id='line_1_15' title="bbox 257 647 1090 687; baseline -0.006 -7"><span class='ocrx_word' id='word_1_82' title='bbox 257 652 335 680; x_wconf 86' lang='lat' dir='ltr'><strong>bene</strong></span> <span class='ocrx_word' id='word_1_83' title='bbox 344 652 375 679; x_wconf 93' lang='lat' dir='ltr'><strong>in</strong></span> <span class='ocrx_word' id='word_1_84' title='bbox 388 650 545 687; x_wconf 84' lang='lat' dir='ltr'><strong>republica</strong></span> <span class='ocrx_word' id='word_1_85' title='bbox 555 649 667 678; x_wconf 83' lang='lat' dir='ltr'><strong>versati</strong></span> <span class='ocrx_word' id='word_1_86' title='bbox 677 647 1090 684; x_wconf 83' lang='lat' dir='ltr'><strong>sunthistoria,quasiquam-</strong></span> 
     </span>
    </p>
   </div>
   <div class='ocr_carea' id='block_1_16' title="bbox 258 692 1090 725">
    <p class='ocr_par' dir='ltr' id='par_1_16' title="bbox 258 692 1090 725">
     <span class='ocr_line' id='line_1_16' title="bbox 258 692 1090 725; baseline -0.006 0"><span class='ocrx_word' id='word_1_87' title='bbox 258 697 330 725; x_wconf 85' lang='lat' dir='ltr'><strong>dam</strong></span> <span class='ocrx_word' id='word_1_88' title='bbox 343 696 441 724; x_wconf 89' lang='lat' dir='ltr'><strong>lucem</strong></span> <span class='ocrx_word' id='word_1_89' title='bbox 458 694 586 723; x_wconf 82' lang='lat' dir='ltr'><strong>salutem</strong></span> <span class='ocrx_word' id='word_1_90' title='bbox 604 693 813 723; x_wconf 87' lang='lat' dir='ltr'><strong>consecuturis</strong></span> <span class='ocrx_word' id='word_1_91' title='bbox 839 693 926 722; x_wconf 70' lang='lat' dir='ltr'><strong>affert</strong></span> <span class='ocrx_word' id='word_1_92' title='bbox 949 692 989 721; x_wconf 89' lang='lat' dir='ltr'><strong>ad</strong></span> <span class='ocrx_word' id='word_1_93' title='bbox 1008 692 1090 721; x_wconf 85' lang='lat' dir='ltr'><strong>viam</strong></span> 
     </span>
    </p>
   </div>
   <div class='ocr_carea' id='block_1_17' title="bbox 257 738 1090 776">
    <p class='ocr_par' dir='ltr' id='par_1_17' title="bbox 257 738 1090 776">
     <span class='ocr_line' id='line_1_17' title="bbox 257 738 1090 776; baseline -0.005 -6"><span class='ocrx_word' id='word_1_94' title='bbox 257 741 324 771; x_wconf 68' lang='lat' dir='ltr'><strong>vitae</strong></span> <span class='ocrx_word' id='word_1_95' title='bbox 334 740 535 776; x_wconf 82' lang='lat' dir='ltr'><strong>dirigendam.</strong></span> <span class='ocrx_word' id='word_1_96' title='bbox 547 741 737 776; x_wconf 84' lang='lat' dir='ltr'><strong>Quapropter</strong></span> <span class='ocrx_word' id='word_1_97' title='bbox 746 738 939 774; x_wconf 79' lang='lat' dir='ltr'><strong>simulatque,</strong></span> <span class='ocrx_word' id='word_1_98' title='bbox 947 740 1090 766; x_wconf 84' lang='lat' dir='ltr'><strong>narrante</strong></span> 
     </span>
    </p>
   </div>
   <div class='ocr_carea' id='block_1_18' title="bbox 258 783 1091 823">
    <p class='ocr_par' dir='ltr' id='par_1_18' title="bbox 258 783 1091 823">
     <span class='ocr_line' id='line_1_18' title="bbox 258 783 1091 823; baseline -0.006 -8"><span class='ocrx_word' id='word_1_99' title='bbox 258 786 328 823; x_wconf 88' lang='lat' dir='ltr'><strong>ipso</strong></span> <span class='ocrx_word' id='word_1_100' title='bbox 339 786 460 822; x_wconf 87' lang='lat' dir='ltr'><strong>Spiritu,</strong></span> <span class='ocrx_word' id='word_1_101' title='bbox 472 786 564 814; x_wconf 82' lang='lat' dir='ltr'><strong>vitam</strong></span> <span class='ocrx_word' id='word_1_102' title='bbox 576 784 690 821; x_wconf 85' lang='lat' dir='ltr'><strong>Moysis</strong></span> <span class='ocrx_word' id='word_1_103' title='bbox 706 783 890 818; x_wconf 87' lang='lat' dir='ltr'><strong>audivimus,</strong></span> <span class='ocrx_word' id='word_1_104' title='bbox 911 783 1012 811; x_wconf 82' lang='lat' dir='ltr'><strong>statim</strong></span> <span class='ocrx_word' id='word_1_105' title='bbox 1035 783 1091 811; x_wconf 87' lang='lat' dir='ltr'><strong>fui-</strong></span> 
     </span>
    </p>
   </div>
   <div class='ocr_carea' id='block_1_19' title="bbox 259 827 1089 864">
    <p class='ocr_par' dir='ltr' id='par_1_19' title="bbox 259 827 1089 864">
     <span class='ocr_line' id='line_1_19' title="bbox 259 827 1089 864; baseline -0.004 -6"><span class='ocrx_word' id='word_1_106' title='bbox 259 839 329 859; x_wconf 88' lang='lat' dir='ltr'><strong>mus</strong></span> <span class='ocrx_word' id='word_1_107' title='bbox 341 830 474 858; x_wconf 69' lang='lat' dir='ltr'><strong>aemulati</strong></span> <span class='ocrx_word' id='word_1_108' title='bbox 490 829 630 858; x_wconf 83' lang='lat' dir='ltr'><strong>virtutem</strong></span> <span class='ocrx_word' id='word_1_109' title='bbox 642 828 710 863; x_wconf 79' lang='lat' dir='ltr'><strong>viri,</strong></span> <span class='ocrx_word' id='word_1_110' title='bbox 726 827 837 864; x_wconf 84' lang='lat' dir='ltr'><strong>illaque</strong></span> <span class='ocrx_word' id='word_1_111' title='bbox 860 835 983 856; x_wconf 88' lang='lat' dir='ltr'><strong>morum</strong></span> <span class='ocrx_word' id='word_1_112' title='bbox 1003 835 1089 856; x_wconf 87' lang='lat' dir='ltr'><strong>man-</strong></span> 
     </span>
    </p>
   </div>
   <div class='ocr_carea' id='block_1_20' title="bbox 259 872 1091 910">
    <p class='ocr_par' dir='ltr' id='par_1_20' title="bbox 259 872 1091 910">
     <span class='ocr_line' id='line_1_20' title="bbox 259 872 1091 910; baseline -0.004 -7"><span class='ocrx_word' id='word_1_113' title='bbox 259 875 420 904; x_wconf 69' lang='lat' dir='ltr'><strong>suetudo&quot;o</strong></span> <span class='ocrx_word' id='word_1_114' title='bbox 439 874 605 910; x_wconf 85' lang='lat' dir='ltr'><strong>unicuique</strong></span> <span class='ocrx_word' id='word_1_115' title='bbox 619 873 757 910; x_wconf 83' lang='lat' dir='ltr'><strong>optanda</strong></span> <span class='ocrx_word' id='word_1_116' title='bbox 771 872 838 901; x_wconf 87' lang='lat' dir='ltr'><strong>visa</strong></span> <span class='ocrx_word' id='word_1_117' title='bbox 853 875 899 900; x_wconf 91' lang='lat' dir='ltr'><strong>est</strong></span> <span class='ocrx_word' id='word_1_118' title='bbox 915 874 1004 908; x_wconf 90' lang='lat' dir='ltr'><strong>atque</strong></span> <span class='ocrx_word' id='word_1_119' title='bbox 1027 872 1091 900; x_wconf 85' lang='lat' dir='ltr'><strong>lau-</strong></span> 
     </span>
    </p>
   </div>
   <div class='ocr_carea' id='block_1_21' title="bbox 260 917 1090 956">
    <p class='ocr_par' dir='ltr' id='par_1_21' title="bbox 260 917 1090 956">
     <span class='ocr_line' id='line_1_21' title="bbox 260 917 1090 956; baseline -0.004 -8"><span class='ocrx_word' id='word_1_120' title='bbox 260 920 372 948; x_wconf 90' lang='lat' dir='ltr'><strong>danda.</strong></span> <span class='ocrx_word' id='word_1_121' title='bbox 390 921 424 948; x_wconf 84' lang='lat' dir='ltr'><strong>Et</strong></span> <span class='ocrx_word' id='word_1_122' title='bbox 435 919 559 956; x_wconf 89' lang='lat' dir='ltr'><strong>quidem</strong></span> <span class='ocrx_word' id='word_1_123' title='bbox 571 927 608 947; x_wconf 67' lang='lat' dir='ltr'><strong>et</strong></span> <span class='ocrx_word' id='word_1_124' title='bbox 619 918 781 947; x_wconf 87' lang='lat' dir='ltr'><strong>verborum</strong></span> <span class='ocrx_word' id='word_1_125' title='bbox 795 917 1031 954; x_wconf 80' lang='lat' dir='ltr'><strong>ampliﬁcatione</strong></span> <span class='ocrx_word' id='word_1_126' title='bbox 1043 925 1090 946; x_wconf 85' lang='lat' dir='ltr'><strong>re-</strong></span> 
     </span>
    </p>
   </div>
   <div class='ocr_carea' id='block_1_22' title="bbox 258 962 1092 1001">
    <p class='ocr_par' dir='ltr' id='par_1_22' title="bbox 258 962 1092 1001">
     <span class='ocr_line' id='line_1_22' title="bbox 258 962 1092 1001; baseline -0.002 -9"><span class='ocrx_word' id='word_1_127' title='bbox 258 965 412 1001; x_wconf 90' lang='lat' dir='ltr'><strong>liquorum</strong></span> <span class='ocrx_word' id='word_1_128' title='bbox 422 964 580 992; x_wconf 86' lang='lat' dir='ltr'><strong>hominum</strong></span> <span class='ocrx_word' id='word_1_129' title='bbox 590 963 762 992; x_wconf 87' lang='lat' dir='ltr'><strong>conﬂantur</strong></span> <span class='ocrx_word' id='word_1_130' title='bbox 772 963 885 998; x_wconf 84' lang='lat' dir='ltr'><strong>elogia:</strong></span> <span class='ocrx_word' id='word_1_131' title='bbox 897 962 950 991; x_wconf 88' lang='lat' dir='ltr'><strong>sed</strong></span> <span class='ocrx_word' id='word_1_132' title='bbox 961 962 1044 999; x_wconf 90' lang='lat' dir='ltr'><strong>quod</strong></span> <span class='ocrx_word' id='word_1_133' title='bbox 1052 962 1092 991; x_wconf 89' lang='lat' dir='ltr'><strong>ad</strong></span> 
     </span>
    </p>
   </div>
   <div class='ocr_carea' id='block_1_23' title="bbox 258 1007 1092 1045">
    <p class='ocr_par' dir='ltr' id='par_1_23' title="bbox 258 1007 1092 1045">
     <span class='ocr_line' id='line_1_23' title="bbox 258 1007 1092 1045; baseline 0 -9"><span class='ocrx_word' id='word_1_134' title='bbox 258 1009 356 1045; x_wconf 90' lang='lat' dir='ltr'><strong>justos</strong></span> <span class='ocrx_word' id='word_1_135' title='bbox 365 1009 478 1042; x_wconf 84' lang='lat' dir='ltr'><strong>attinet,</strong></span> <span class='ocrx_word' id='word_1_136' title='bbox 487 1010 640 1043; x_wconf 86' lang='lat' dir='ltr'><strong>gestarum</strong></span> <span class='ocrx_word' id='word_1_137' title='bbox 651 1016 668 1036; x_wconf 88' lang='lat' dir='ltr'><strong>a.</strong></span> <span class='ocrx_word' id='word_1_138' title='bbox 679 1016 709 1035; x_wconf 89' lang='lat' dir='ltr'><strong>se</strong></span> <span class='ocrx_word' id='word_1_139' title='bbox 720 1015 820 1036; x_wconf 87' lang='lat' dir='ltr'><strong>rerum</strong></span> <span class='ocrx_word' id='word_1_140' title='bbox 832 1007 940 1035; x_wconf 87' lang='lat' dir='ltr'><strong>veritas</strong></span> <span class='ocrx_word' id='word_1_141' title='bbox 951 1007 1020 1035; x_wconf 79' lang='lat' dir='ltr'><strong>satis</strong></span> <span class='ocrx_word' id='word_1_142' title='bbox 1031 1007 1092 1036; x_wconf 82' lang='lat' dir='ltr'><strong>fue-</strong></span> 
     </span>
    </p>
   </div>
   <div class='ocr_carea' id='block_1_24' title="bbox 261 1051 1090 1088">
    <p class='ocr_par' dir='ltr' id='par_1_24' title="bbox 261 1051 1090 1088">
     <span class='ocr_line' id='line_1_24' title="bbox 261 1051 1090 1088; baseline -0.002 -7"><span class='ocrx_word' id='word_1_143' title='bbox 261 1053 299 1082; x_wconf 87' lang='lat' dir='ltr'><strong>rit</strong></span> <span class='ocrx_word' id='word_1_144' title='bbox 311 1053 350 1081; x_wconf 90' lang='lat' dir='ltr'><strong>ad</strong></span> <span class='ocrx_word' id='word_1_145' title='bbox 365 1053 519 1088; x_wconf 81' lang='lat' dir='ltr'><strong>egregiam</strong></span> <span class='ocrx_word' id='word_1_146' title='bbox 530 1060 636 1081; x_wconf 88' lang='lat' dir='ltr'><strong>eorum</strong></span> <span class='ocrx_word' id='word_1_147' title='bbox 642 1052 798 1080; x_wconf 86' lang='lat' dir='ltr'><strong>veritatem</strong></span> <span class='ocrx_word' id='word_1_148' title='bbox 808 1051 1090 1080; x_wconf 87' lang='lat' dir='ltr'><strong>demonstrandam.</strong></span> 
     </span>
    </p>
   </div>
   <div class='ocr_carea' id='block_1_25' title="bbox 262 1095 1092 1133">
    <p class='ocr_par' dir='ltr' id='par_1_25' title="bbox 262 1095 1092 1133">
     <span class='ocr_line' id='line_1_25' title="bbox 262 1095 1092 1133; baseline -0.004 -7"><span class='ocrx_word' id='word_1_149' title='bbox 262 1099 359 1131; x_wconf 88' lang='lat' dir='ltr'><strong>Quare</strong></span> <span class='ocrx_word' id='word_1_150' title='bbox 366 1106 436 1126; x_wconf 90' lang='lat' dir='ltr'><strong>cum</strong></span> <span class='ocrx_word' id='word_1_151' title='bbox 444 1098 517 1126; x_wconf 89' lang='lat' dir='ltr'><strong>vitas</strong></span> <span class='ocrx_word' id='word_1_152' title='bbox 526 1105 632 1125; x_wconf 88' lang='lat' dir='ltr'><strong>eorum</strong></span> <span class='ocrx_word' id='word_1_153' title='bbox 643 1097 694 1133; x_wconf 89' lang='lat' dir='ltr'><strong>qui</strong></span> <span class='ocrx_word' id='word_1_154' title='bbox 701 1095 810 1132; x_wconf 89' lang='lat' dir='ltr'><strong>pietate</strong></span> <span class='ocrx_word' id='word_1_155' title='bbox 821 1095 1092 1124; x_wconf 87' lang='lat' dir='ltr'><strong>claruerunt.enar-</strong></span> 
     </span>
    </p>
   </div>
   <div class='ocr_carea' id='block_1_26' title="bbox 260 1140 1092 1179">
    <p class='ocr_par' dir='ltr' id='par_1_26' title="bbox 260 1140 1092 1179">
     <span class='ocr_line' id='line_1_26' title="bbox 260 1140 1092 1179; baseline -0.005 -8"><span class='ocrx_word' id='word_1_156' title='bbox 260 1143 510 1179; x_wconf 89' lang='lat' dir='ltr'><strong>ramus,primum</strong></span> <span class='ocrx_word' id='word_1_157' title='bbox 520 1150 574 1179; x_wconf 91' lang='lat' dir='ltr'><strong>per</strong></span> <span class='ocrx_word' id='word_1_158' title='bbox 580 1149 683 1170; x_wconf 87' lang='lat' dir='ltr'><strong>servos</strong></span> <span class='ocrx_word' id='word_1_159' title='bbox 694 1140 856 1169; x_wconf 88' lang='lat' dir='ltr'><strong>Dominum</strong></span> <span class='ocrx_word' id='word_1_160' title='bbox 866 1140 1019 1169; x_wconf 85' lang='lat' dir='ltr'><strong>afﬁcimus</strong></span> <span class='ocrx_word' id='word_1_161' title='bbox 1031 1141 1092 1176; x_wconf 79' lang='lat' dir='ltr'><strong>glo-</strong></span> 
     </span>
    </p>
   </div>
   <div class='ocr_carea' id='block_1_27' title="bbox 260 1185 1091 1223">
    <p class='ocr_par' dir='ltr' id='par_1_27' title="bbox 260 1185 1091 1223">
     <span class='ocr_line' id='line_1_27' title="bbox 260 1185 1091 1223; baseline -0.004 -7"><span class='ocrx_word' id='word_1_162' title='bbox 260 1188 318 1222; x_wconf 83' lang='lat' dir='ltr'><strong>ria;</strong></span> <span class='ocrx_word' id='word_1_163' title='bbox 331 1187 440 1215; x_wconf 87' lang='lat' dir='ltr'><strong>deinde</strong></span> <span class='ocrx_word' id='word_1_164' title='bbox 448 1187 546 1223; x_wconf 90' lang='lat' dir='ltr'><strong>justos</strong></span> <span class='ocrx_word' id='word_1_165' title='bbox 554 1185 726 1215; x_wconf 85' lang='lat' dir='ltr'><strong>testimonio</strong></span> <span class='ocrx_word' id='word_1_166' title='bbox 734 1193 840 1214; x_wconf 90' lang='lat' dir='ltr'><strong>eorum</strong></span> <span class='ocrx_word' id='word_1_167' title='bbox 850 1185 1012 1221; x_wconf 72' lang='lat' dir='ltr'><strong>quaenobis</strong></span> <span class='ocrx_word' id='word_1_168' title='bbox 1020 1187 1091 1213; x_wconf 88' lang='lat' dir='ltr'><strong>nota</strong></span> 
     </span>
    </p>
   </div>
   <div class='ocr_carea' id='block_1_28' title="bbox 260 1230 1090 1268">
    <p class='ocr_par' dir='ltr' id='par_1_28' title="bbox 260 1230 1090 1268">
     <span class='ocr_line' id='line_1_28' title="bbox 260 1230 1090 1268; baseline -0.005 -7"><span class='ocrx_word' id='word_1_169' title='bbox 260 1235 330 1261; x_wconf 81' lang='lat' dir='ltr'><strong>sunt</strong></span> <span class='ocrx_word' id='word_1_170' title='bbox 339 1232 512 1267; x_wconf 79' lang='lat' dir='ltr'><strong>laudamus,</strong></span> <span class='ocrx_word' id='word_1_171' title='bbox 522 1234 676 1268; x_wconf 90' lang='lat' dir='ltr'><strong>postremo</strong></span> <span class='ocrx_word' id='word_1_172' title='bbox 687 1230 836 1267; x_wconf 85' lang='lat' dir='ltr'><strong>populum</strong></span> <span class='ocrx_word' id='word_1_173' title='bbox 847 1232 926 1258; x_wconf 88' lang='lat' dir='ltr'><strong>recte</strong></span> <span class='ocrx_word' id='word_1_174' title='bbox 942 1230 1090 1258; x_wconf 85' lang='lat' dir='ltr'><strong>factorum</strong></span> 
     </span>
    </p>
   </div>
   <div class='ocr_carea' id='block_1_29' title="bbox 260 1275 1090 1306">
    <p class='ocr_par' dir='ltr' id='par_1_29' title="bbox 260 1275 1090 1306">
     <span class='ocr_line' id='line_1_29' title="bbox 260 1275 1090 1306; baseline -0.005 0"><span class='ocrx_word' id='word_1_175' title='bbox 260 1277 413 1306; x_wconf 79' lang='lat' dir='ltr'><strong>auditione</strong></span> <span class='ocrx_word' id='word_1_176' title='bbox 423 1277 638 1306; x_wconf 83' lang='lat' dir='ltr'><strong>exhilaramus.</strong></span> <span class='ocrx_word' id='word_1_177' title='bbox 654 1278 703 1304; x_wconf 84' lang='lat' dir='ltr'><strong>Est</strong></span> <span class='ocrx_word' id='word_1_178' title='bbox 713 1276 794 1304; x_wconf 87' lang='lat' dir='ltr'><strong>enim</strong></span> <span class='ocrx_word' id='word_1_179' title='bbox 810 1276 1034 1304; x_wconf 87' lang='lat' dir='ltr'><strong>hortamentum</strong></span> <span class='ocrx_word' id='word_1_180' title='bbox 1050 1275 1090 1303; x_wconf 89' lang='lat' dir='ltr'><strong>ad</strong></span> 
     </span>
    </p>
   </div>
   <div class='ocr_carea' id='block_1_30' title="bbox 260 1319 1090 1358">
    <p class='ocr_par' dir='ltr' id='par_1_30' title="bbox 260 1319 1090 1358">
     <span class='ocr_line' id='line_1_30' title="bbox 260 1319 1090 1358; baseline -0.004 -7"><span class='ocrx_word' id='word_1_181' title='bbox 260 1323 429 1351; x_wconf 83' lang='lat' dir='ltr'><strong>castitatem</strong></span> <span class='ocrx_word' id='word_1_182' title='bbox 441 1322 502 1351; x_wconf 86' lang='lat' dir='ltr'><strong>vita</strong></span> <span class='ocrx_word' id='word_1_183' title='bbox 513 1322 684 1358; x_wconf 69' lang='lat' dir='ltr'><strong>Iosephi“:</strong></span> <span class='ocrx_word' id='word_1_184' title='bbox 714 1321 944 1349; x_wconf 87' lang='lat' dir='ltr'><strong>incitamentum</strong></span> <span class='ocrx_word' id='word_1_185' title='bbox 966 1328 1035 1348; x_wconf 92' lang='lat' dir='ltr'><strong>vero</strong></span> <span class='ocrx_word' id='word_1_186' title='bbox 1050 1319 1090 1349; x_wconf 88' lang='lat' dir='ltr'><strong>ad</strong></span> 
     </span>
    </p>
   </div>
   <div class='ocr_carea' id='block_1_31' title="bbox 257 1365 903 1402">
    <p class='ocr_par' dir='ltr' id='par_1_31' title="bbox 257 1365 903 1402">
     <span class='ocr_line' id='line_1_31' title="bbox 257 1365 903 1402; baseline -0.005 -7"><span class='ocrx_word' id='word_1_187' title='bbox 257 1367 465 1395; x_wconf 83' lang='lat' dir='ltr'><strong>fortitudinem</strong></span> <span class='ocrx_word' id='word_1_188' title='bbox 478 1366 603 1395; x_wconf 86' lang='lat' dir='ltr'><strong>historia</strong></span> <span class='ocrx_word' id='word_1_189' title='bbox 619 1365 797 1402; x_wconf 89' lang='lat' dir='ltr'><strong>Sampsonis</strong></span> <span class='ocrx_word' id='word_1_190' title='bbox 812 1368 858 1394; x_wconf 90' lang='lat' dir='ltr'><strong>est</strong></span> <span class='ocrx_word' id='word_1_191' title='bbox 869 1366 903 1392; x_wconf 68' lang='grc' dir='ltr'><strong>θ’.</strong></span> 
     </span>
    </p>
   </div>
   <div class='ocr_carea' id='block_1_32' title="bbox 293 1409 1089 1447">
    <p class='ocr_par' dir='ltr' id='par_1_32' title="bbox 293 1409 1089 1447">
     <span class='ocr_line' id='line_1_32' title="bbox 293 1409 1089 1447; baseline -0.003 -7"><span class='ocrx_word' id='word_1_192' title='bbox 293 1413 320 1440; x_wconf 86' lang='lat'><strong>2.</strong></span> <span class='ocrx_word' id='word_1_193' title='bbox 338 1411 441 1440; x_wconf 85' lang='lat' dir='ltr'><strong>Divina</strong></span> <span class='ocrx_word' id='word_1_194' title='bbox 460 1411 549 1447; x_wconf 79' lang='lat' dir='ltr'><strong>igitur</strong></span> <span class='ocrx_word' id='word_1_195' title='bbox 565 1410 669 1438; x_wconf 86' lang='lat' dir='ltr'><strong>schola</strong></span> <span class='ocrx_word' id='word_1_196' title='bbox 683 1410 781 1445; x_wconf 81' lang='lat' dir='ltr'><strong>legem</strong></span> <span class='ocrx_word' id='word_1_197' title='bbox 796 1418 858 1438; x_wconf 90' lang='lat' dir='ltr'><strong>non</strong></span> <span class='ocrx_word' id='word_1_198' title='bbox 873 1409 958 1438; x_wconf 90' lang='lat' dir='ltr'><strong>novit</strong></span> <span class='ocrx_word' id='word_1_199' title='bbox 978 1417 1089 1446; x_wconf 58' lang='lat' dir='ltr'><strong>praeco-</strong></span> 
     </span>
    </p>
   </div>
   <div class='ocr_carea' id='block_1_33' title="bbox 257 1454 1090 1490">
    <p class='ocr_par' dir='ltr' id='par_1_33' title="bbox 257 1454 1090 1490">
     <span class='ocr_line' id='line_1_33' title="bbox 257 1454 1090 1490; baseline -0.004 -5"><span class='ocrx_word' id='word_1_200' title='bbox 257 1456 394 1485; x_wconf 91' lang='lat' dir='ltr'><strong>niorum:</strong></span> <span class='ocrx_word' id='word_1_201' title='bbox 423 1456 477 1484; x_wconf 89' lang='lat' dir='ltr'><strong>sed</strong></span> <span class='ocrx_word' id='word_1_202' title='bbox 500 1458 654 1490; x_wconf 86' lang='lat' dir='ltr'><strong>gestorum</strong></span> <span class='ocrx_word' id='word_1_203' title='bbox 677 1454 883 1483; x_wconf 88' lang='lat' dir='ltr'><strong>testimonium</strong></span> <span class='ocrx_word' id='word_1_204' title='bbox 895 1454 963 1482; x_wconf 90' lang='lat' dir='ltr'><strong>loco</strong></span> <span class='ocrx_word' id='word_1_205' title='bbox 979 1462 1090 1490; x_wconf 64' lang='lat' dir='ltr'><strong>praeco-</strong></span> 
     </span>
    </p>
   </div>
   <div class='ocr_carea' id='block_1_34' title="bbox 255 1499 1088 1536">
    <p class='ocr_par' dir='ltr' id='par_1_34' title="bbox 255 1499 1088 1536">
     <span class='ocr_line' id='line_1_34' title="bbox 255 1499 1088 1536; baseline -0.002 -7"><span class='ocrx_word' id='word_1_206' title='bbox 255 1501 376 1530; x_wconf 88' lang='lat' dir='ltr'><strong>niorum</strong></span> <span class='ocrx_word' id='word_1_207' title='bbox 391 1500 497 1535; x_wconf 86' lang='lat' dir='ltr'><strong>habet;</strong></span> <span class='ocrx_word' id='word_1_208' title='bbox 514 1501 630 1536; x_wconf 89' lang='lat' dir='ltr'><strong>quippe</strong></span> <span class='ocrx_word' id='word_1_209' title='bbox 645 1500 728 1536; x_wconf 91' lang='lat' dir='ltr'><strong>quod</strong></span> <span class='ocrx_word' id='word_1_210' title='bbox 743 1502 772 1528; x_wconf 86' lang='lat' dir='ltr'><strong>et</strong></span> <span class='ocrx_word' id='word_1_211' title='bbox 785 1499 899 1527; x_wconf 83' lang='lat' dir='ltr'><strong>sanctis</strong></span> <span class='ocrx_word' id='word_1_212' title='bbox 914 1499 953 1527; x_wconf 88' lang='lat' dir='ltr'><strong>ad</strong></span> <span class='ocrx_word' id='word_1_213' title='bbox 966 1499 1088 1528; x_wconf 87' lang='lat' dir='ltr'><strong>laudem</strong></span> 
     </span>
    </p>
   </div>
   <div class='ocr_carea' id='block_1_35' title="bbox 255 1544 1089 1580">
    <p class='ocr_par' dir='ltr' id='par_1_35' title="bbox 255 1544 1089 1580">
     <span class='ocr_line' id='line_1_35' title="bbox 255 1544 1089 1580; baseline -0.002 -6"><span class='ocrx_word' id='word_1_214' title='bbox 255 1545 395 1580; x_wconf 81' lang='lat' dir='ltr'><strong>sufﬁciat,</strong></span> <span class='ocrx_word' id='word_1_215' title='bbox 412 1548 440 1574; x_wconf 90' lang='lat' dir='ltr'><strong>et</strong></span> <span class='ocrx_word' id='word_1_216' title='bbox 453 1544 708 1573; x_wconf 85' lang='lat' dir='ltr'><strong>contendentibus</strong></span> <span class='ocrx_word' id='word_1_217' title='bbox 724 1544 763 1572; x_wconf 82' lang='lat' dir='ltr'><strong>ad</strong></span> <span class='ocrx_word' id='word_1_218' title='bbox 779 1546 920 1572; x_wconf 90' lang='lat' dir='ltr'><strong>virtutem</strong></span> <span class='ocrx_word' id='word_1_219' title='bbox 936 1544 1009 1572; x_wconf 81' lang='lat' dir='ltr'><strong>satis</strong></span> <span class='ocrx_word' id='word_1_220' title='bbox 1034 1544 1089 1572; x_wconf 90' lang='lat' dir='ltr'><strong>im-</strong></span> 
     </span>
    </p>
   </div>
   <div class='ocr_carea' id='block_1_36' title="bbox 254 1588 1090 1625">
    <p class='ocr_par' dir='ltr' id='par_1_36' title="bbox 254 1588 1090 1625">
     <span class='ocr_line' id='line_1_36' title="bbox 254 1588 1090 1625; baseline -0.001 -8"><span class='ocrx_word' id='word_1_221' title='bbox 254 1590 364 1625; x_wconf 86' lang='lat' dir='ltr'><strong>pertiat</strong></span> <span class='ocrx_word' id='word_1_222' title='bbox 372 1589 516 1618; x_wconf 89' lang='lat' dir='ltr'><strong>utilitatis.</strong></span> <span class='ocrx_word' id='word_1_223' title='bbox 529 1589 751 1617; x_wconf 73' lang='lat' dir='ltr'><strong>Prmconiorum</strong></span> <span class='ocrx_word' id='word_1_224' title='bbox 762 1596 897 1625; x_wconf 83' lang='lat' dir='ltr'><strong>namque</strong></span> <span class='ocrx_word' id='word_1_225' title='bbox 909 1588 955 1616; x_wconf 79' lang='lat' dir='ltr'><strong>lex</strong></span> <span class='ocrx_word' id='word_1_226' title='bbox 969 1590 1024 1622; x_wconf 90' lang='lat' dir='ltr'><strong>est,</strong></span> <span class='ocrx_word' id='word_1_227' title='bbox 1038 1596 1090 1624; x_wconf 86' lang='lat' dir='ltr'><strong>pa-</strong></span> 
     </span>
    </p>
   </div>
   <div class='ocr_carea' id='block_1_37' title="bbox 255 1633 1089 1669">
    <p class='ocr_par' dir='ltr' id='par_1_37' title="bbox 255 1633 1089 1669">
     <span class='ocr_line' id='line_1_37' title="bbox 255 1633 1089 1669; baseline 0 -7"><span class='ocrx_word' id='word_1_228' title='bbox 255 1633 344 1662; x_wconf 86' lang='lat' dir='ltr'><strong>triam</strong></span> <span class='ocrx_word' id='word_1_229' title='bbox 358 1633 550 1669; x_wconf 87' lang='lat' dir='ltr'><strong>investigare,</strong></span> <span class='ocrx_word' id='word_1_230' title='bbox 566 1641 663 1668; x_wconf 86' lang='lat' dir='ltr'><strong>genus</strong></span> <span class='ocrx_word' id='word_1_231' title='bbox 683 1641 718 1661; x_wconf 87' lang='lat' dir='ltr'><strong>ex</strong></span> <span class='ocrx_word' id='word_1_232' title='bbox 735 1633 795 1661; x_wconf 88' lang='lat' dir='ltr'><strong>alto</strong></span> <span class='ocrx_word' id='word_1_233' title='bbox 810 1635 953 1669; x_wconf 88' lang='lat' dir='ltr'><strong>repetere,</strong></span> <span class='ocrx_word' id='word_1_234' title='bbox 970 1635 998 1661; x_wconf 91' lang='lat' dir='ltr'><strong>et</strong></span> <span class='ocrx_word' id='word_1_235' title='bbox 1017 1633 1089 1662; x_wconf 89' lang='lat' dir='ltr'><strong>edu-</strong></span> 
     </span>
    </p>
   </div>
   <div class='ocr_carea' id='block_1_38' title="bbox 255 1677 1087 1714">
    <p class='ocr_par' dir='ltr' id='par_1_38' title="bbox 255 1677 1087 1714">
     <span class='ocr_line' id='line_1_38' title="bbox 255 1677 1087 1714; baseline 0 -8"><span class='ocrx_word' id='word_1_236' title='bbox 255 1678 404 1706; x_wconf 87' lang='lat' dir='ltr'><strong>cationem</strong></span> <span class='ocrx_word' id='word_1_237' title='bbox 426 1678 551 1706; x_wconf 82' lang='lat' dir='ltr'><strong>referre:</strong></span> <span class='ocrx_word' id='word_1_238' title='bbox 575 1678 628 1705; x_wconf 87' lang='lat' dir='ltr'><strong>sed</strong></span> <span class='ocrx_word' id='word_1_239' title='bbox 652 1678 827 1710; x_wconf 83' lang='lat' dir='ltr'><strong>lexnostra,</strong></span> <span class='ocrx_word' id='word_1_240' title='bbox 844 1677 1087 1714; x_wconf 90' lang='lat' dir='ltr'><strong>propinquorum</strong></span> 
     </span>
    </p>
   </div>
   <div class='ocr_carea' id='block_1_39' title="bbox 254 1723 1088 1760">
    <p class='ocr_par' dir='ltr' id='par_1_39' title="bbox 254 1723 1088 1760">
     <span class='ocr_line' id='line_1_39' title="bbox 254 1723 1088 1760; baseline 0 -9"><span class='ocrx_word' id='word_1_241' title='bbox 254 1724 406 1759; x_wconf 59' lang='lat' dir='ltr'><strong>praeterita</strong></span> <span class='ocrx_word' id='word_1_242' title='bbox 414 1723 658 1757; x_wconf 83' lang='lat' dir='ltr'><strong>mentione,exiis</strong></span> <span class='ocrx_word' id='word_1_243' title='bbox 669 1731 737 1760; x_wconf 67' lang='lat' dir='ltr'><strong>quae</strong></span> <span class='ocrx_word' id='word_1_244' title='bbox 748 1723 857 1759; x_wconf 84' lang='lat' dir='ltr'><strong>cuique</strong></span> <span class='ocrx_word' id='word_1_245' title='bbox 868 1723 992 1759; x_wconf 88' lang='lat' dir='ltr'><strong>propria</strong></span> <span class='ocrx_word' id='word_1_246' title='bbox 1007 1726 1088 1758; x_wconf 85' lang='lat' dir='ltr'><strong>sunt,</strong></span> 
     </span>
    </p>
   </div>
   <div class='ocr_carea' id='block_1_40' title="bbox 254 1767 1089 1804">
    <p class='ocr_par' dir='ltr' id='par_1_40' title="bbox 254 1767 1089 1804">
     <span class='ocr_line' id='line_1_40' title="bbox 254 1767 1089 1804; baseline 0 -8"><span class='ocrx_word' id='word_1_247' title='bbox 254 1767 386 1804; x_wconf 83' lang='lat' dir='ltr'><strong>elogium</strong></span> <span class='ocrx_word' id='word_1_248' title='bbox 401 1777 436 1798; x_wconf 88' lang='lat' dir='ltr'><strong>ac</strong></span> <span class='ocrx_word' id='word_1_249' title='bbox 450 1769 657 1798; x_wconf 85' lang='lat' dir='ltr'><strong>laudationem</strong></span> <span class='ocrx_word' id='word_1_250' title='bbox 673 1768 815 1804; x_wconf 87' lang='lat' dir='ltr'><strong>complet.</strong></span> <span class='ocrx_word' id='word_1_251' title='bbox 842 1767 919 1801; x_wconf 88' lang='lat' dir='ltr'><strong>Quid</strong></span> <span class='ocrx_word' id='word_1_252' title='bbox 935 1767 1016 1796; x_wconf 89' lang='lat' dir='ltr'><strong>enim</strong></span> <span class='ocrx_word' id='word_1_253' title='bbox 1032 1776 1089 1803; x_wconf 88' lang='lat' dir='ltr'><strong>ego</strong></span> 
     </span>
    </p>
   </div>
   <div class='ocr_carea' id='block_1_41' title="bbox 252 1812 1089 1850">
    <p class='ocr_par' dir='ltr' id='par_1_41' title="bbox 252 1812 1089 1850">
     <span class='ocr_line' id='line_1_41' title="bbox 252 1812 1089 1850; baseline -0.004 -7"><span class='ocrx_word' id='word_1_254' title='bbox 252 1814 324 1844; x_wconf 87' lang='lat' dir='ltr'><strong>inde</strong></span> <span class='ocrx_word' id='word_1_255' title='bbox 339 1813 528 1850; x_wconf 86' lang='lat' dir='ltr'><strong>splendidior</strong></span> <span class='ocrx_word' id='word_1_256' title='bbox 539 1822 608 1842; x_wconf 90' lang='lat' dir='ltr'><strong>sum</strong></span> <span class='ocrx_word' id='word_1_257' title='bbox 623 1815 653 1841; x_wconf 87' lang='lat' dir='ltr'><strong>et</strong></span> <span class='ocrx_word' id='word_1_258' title='bbox 667 1812 820 1846; x_wconf 86' lang='lat' dir='ltr'><strong>illustrior,</strong></span> <span class='ocrx_word' id='word_1_259' title='bbox 836 1812 860 1840; x_wconf 92' lang='lat' dir='ltr'><strong>si</strong></span> <span class='ocrx_word' id='word_1_260' title='bbox 875 1812 1000 1848; x_wconf 86' lang='lat' dir='ltr'><strong>quando</strong></span> <span class='ocrx_word' id='word_1_261' title='bbox 1015 1812 1089 1840; x_wconf 87' lang='lat' dir='ltr'><strong>urbs</strong></span> 
     </span>
    </p>
   </div>
   <div class='ocr_carea' id='block_1_42' title="bbox 252 1857 1089 1896">
    <p class='ocr_par' dir='ltr' id='par_1_42' title="bbox 252 1857 1089 1896">
     <span class='ocr_line' id='line_1_42' title="bbox 252 1857 1089 1896; baseline -0.005 -7"><span class='ocrx_word' id='word_1_262' title='bbox 252 1859 356 1896; x_wconf 78' lang='lat' dir='ltr'><strong>gravia</strong></span> <span class='ocrx_word' id='word_1_263' title='bbox 367 1867 542 1895; x_wconf 87' lang='lat' dir='ltr'><strong>magnaque</strong></span> <span class='ocrx_word' id='word_1_264' title='bbox 557 1858 726 1887; x_wconf 87' lang='lat' dir='ltr'><strong>certamina</strong></span> <span class='ocrx_word' id='word_1_265' title='bbox 737 1858 887 1893; x_wconf 82' lang='lat' dir='ltr'><strong>sustinuit,</strong></span> <span class='ocrx_word' id='word_1_266' title='bbox 900 1865 936 1886; x_wconf 85' lang='lat' dir='ltr'><strong>ac</strong></span> <span class='ocrx_word' id='word_1_267' title='bbox 951 1857 1026 1885; x_wconf 74' lang='lat' dir='ltr'><strong>fusis</strong></span> <span class='ocrx_word' id='word_1_268' title='bbox 1037 1858 1089 1886; x_wconf 85' lang='lat' dir='ltr'><strong>ho-</strong></span> 
     </span>
    </p>
   </div>
   <div class='ocr_carea' id='block_1_43' title="bbox 253 1902 1088 1940">
    <p class='ocr_par' dir='ltr' id='par_1_43' title="bbox 253 1902 1088 1940">
     <span class='ocr_line' id='line_1_43' title="bbox 253 1902 1088 1940; baseline -0.004 -7"><span class='ocrx_word' id='word_1_269' title='bbox 253 1904 349 1934; x_wconf 87' lang='lat' dir='ltr'><strong>stibus</strong></span> <span class='ocrx_word' id='word_1_270' title='bbox 365 1907 480 1940; x_wconf 73' lang='lat' dir='ltr'><strong>tropaea</strong></span> <span class='ocrx_word' id='word_1_271' title='bbox 495 1903 574 1932; x_wconf 79' lang='lat' dir='ltr'><strong>clara</strong></span> <span class='ocrx_word' id='word_1_272' title='bbox 589 1903 682 1932; x_wconf 83' lang='lat' dir='ltr'><strong>erexit</strong></span> <span class='ocrx_word' id='word_1_273' title='bbox 695 1903 709 1931; x_wconf 72' lang='grc'><strong>⁸1</strong></span> <span class='ocrx_word' id='word_1_274' title='bbox 728 1902 803 1939; x_wconf 90' lang='lat' dir='ltr'><strong>quid</strong></span> <span class='ocrx_word' id='word_1_275' title='bbox 818 1905 894 1937; x_wconf 90' lang='lat' dir='ltr'><strong>tum,</strong></span> <span class='ocrx_word' id='word_1_276' title='bbox 910 1902 935 1930; x_wconf 90' lang='lat' dir='ltr'><strong>si</strong></span> <span class='ocrx_word' id='word_1_277' title='bbox 945 1902 1037 1931; x_wconf 86' lang='lat' dir='ltr'><strong>habet</strong></span> <span class='ocrx_word' id='word_1_278' title='bbox 1047 1903 1088 1931; x_wconf 86' lang='lat' dir='ltr'><strong>si-</strong></span> 
     </span>
    </p>
   </div>
   <div class='ocr_carea' id='block_1_44' title="bbox 252 1948 1088 1985">
    <p class='ocr_par' dir='ltr' id='par_1_44' title="bbox 252 1948 1088 1985">
     <span class='ocr_line' id='line_1_44' title="bbox 252 1948 1088 1985; baseline -0.001 -7"><span class='ocrx_word' id='word_1_279' title='bbox 252 1951 318 1978; x_wconf 84' lang='lat' dir='ltr'><strong>tum</strong></span> <span class='ocrx_word' id='word_1_280' title='bbox 331 1949 373 1978; x_wconf 84' lang='lat' dir='ltr'><strong>ita</strong></span> <span class='ocrx_word' id='word_1_281' title='bbox 387 1951 604 1985; x_wconf 90' lang='lat' dir='ltr'><strong>opportunum,</strong></span> <span class='ocrx_word' id='word_1_282' title='bbox 619 1950 652 1976; x_wconf 88' lang='lat' dir='ltr'><strong>ut</strong></span> <span class='ocrx_word' id='word_1_283' title='bbox 666 1948 737 1976; x_wconf 88' lang='lat' dir='ltr'><strong>etin</strong></span> <span class='ocrx_word' id='word_1_284' title='bbox 759 1948 858 1976; x_wconf 82' lang='lat' dir='ltr'><strong>hieme</strong></span> <span class='ocrx_word' id='word_1_285' title='bbox 877 1950 906 1976; x_wconf 90' lang='lat' dir='ltr'><strong>et</strong></span> <span class='ocrx_word' id='word_1_286' title='bbox 928 1948 960 1976; x_wconf 85' lang='lat' dir='ltr'><strong>in</strong></span> <span class='ocrx_word' id='word_1_287' title='bbox 983 1949 1088 1977; x_wconf 69' lang='lat' dir='ltr'><strong>instate</strong></span> 
     </span>
    </p>
   </div>
   <div class='ocr_carea' id='block_1_45' title="bbox 252 1991 1088 2025">
    <p class='ocr_par' dir='ltr' id='par_1_45' title="bbox 252 1991 1088 2025">
     <span class='ocr_line' id='line_1_45' title="bbox 252 1991 1088 2025; baseline -0.002 -2"><span class='ocrx_word' id='word_1_288' title='bbox 252 1994 415 2023; x_wconf 84' lang='lat' dir='ltr'><strong>commoda</strong></span> <span class='ocrx_word' id='word_1_289' title='bbox 430 1993 489 2022; x_wconf 84' lang='lat' dir='ltr'><strong>sit?</strong></span> <span class='ocrx_word' id='word_1_290' title='bbox 514 1992 602 2025; x_wconf 89' lang='lat' dir='ltr'><strong>Quod</strong></span> <span class='ocrx_word' id='word_1_291' title='bbox 617 1992 642 2021; x_wconf 90' lang='lat' dir='ltr'><strong>si</strong></span> <span class='ocrx_word' id='word_1_292' title='bbox 654 1992 746 2021; x_wconf 87' lang='lat' dir='ltr'><strong>etiam</strong></span> <span class='ocrx_word' id='word_1_293' title='bbox 769 1992 877 2020; x_wconf 89' lang='lat' dir='ltr'><strong>eadem</strong></span> <span class='ocrx_word' id='word_1_294' title='bbox 898 1994 926 2020; x_wconf 88' lang='lat' dir='ltr'><strong>et</strong></span> <span class='ocrx_word' id='word_1_295' title='bbox 953 1991 1088 2021; x_wconf 84' lang='lat' dir='ltr'><strong>virorum</strong></span> 
     </span>
    </p>
   </div>
   <div class='ocr_carea' id='block_1_46' title="bbox 251 2031 1088 2074">
    <p class='ocr_par' dir='ltr' id='par_1_46' title="bbox 251 2031 1088 2074">
     <span class='ocr_line' id='line_1_46' title="bbox 251 2031 1088 2074; baseline -0.004 -7"><span class='ocrx_word' id='word_1_296' title='bbox 251 2038 334 2067; x_wconf 78' lang='lat' dir='ltr'><strong>ferax</strong></span> <span class='ocrx_word' id='word_1_297' title='bbox 349 2038 397 2072; x_wconf 85' lang='lat' dir='ltr'><strong>sit,</strong></span> <span class='ocrx_word' id='word_1_298' title='bbox 413 2040 442 2066; x_wconf 89' lang='lat' dir='ltr'><strong>et</strong></span> <span class='ocrx_word' id='word_1_299' title='bbox 463 2037 578 2066; x_wconf 85' lang='lat' dir='ltr'><strong>alendis</strong></span> <span class='ocrx_word' id='word_1_300' title='bbox 601 2037 762 2074; x_wconf 86' lang='lat' dir='ltr'><strong>pecoribus</strong></span> <span class='ocrx_word' id='word_1_301' title='bbox 786 2036 907 2071; x_wconf 86' lang='lat' dir='ltr'><strong>idonea,</strong></span> <span class='ocrx_word' id='word_1_302' title='bbox 933 2037 988 2073; x_wconf 85' lang='lat' dir='ltr'><strong>qui</strong></span> <span class='ocrx_word' id='word_1_303' title='bbox 1013 2031 1088 2065; x_wconf 74' lang='lat' dir='ltr'><strong>mihi</strong></span> 
     </span>
    </p>
   </div>
   <div class='ocr_carea' id='block_1_47' title="bbox 251 2081 1087 2118">
    <p class='ocr_par' dir='ltr' id='par_1_47' title="bbox 251 2081 1087 2118">
     <span class='ocr_line' id='line_1_47' title="bbox 251 2081 1087 2118; baseline -0.004 -6"><span class='ocrx_word' id='word_1_304' title='bbox 251 2091 288 2112; x_wconf 83' lang='lat' dir='ltr'><strong>ex</strong></span> <span class='ocrx_word' id='word_1_305' title='bbox 302 2082 337 2111; x_wconf 85' lang='lat' dir='ltr'><strong>iis</strong></span> <span class='ocrx_word' id='word_1_306' title='bbox 352 2082 571 2111; x_wconf 72' lang='lat' dir='ltr'><strong>emolumenti?</strong></span> <span class='ocrx_word' id='word_1_307' title='bbox 588 2081 647 2111; x_wconf 91' lang='lat' dir='ltr'><strong>Sed</strong></span> <span class='ocrx_word' id='word_1_308' title='bbox 661 2085 690 2110; x_wconf 91' lang='lat' dir='ltr'><strong>et</strong></span> <span class='ocrx_word' id='word_1_309' title='bbox 702 2089 852 2118; x_wconf 89' lang='lat' dir='ltr'><strong>equorum</strong></span> <span class='ocrx_word' id='word_1_310' title='bbox 867 2081 1010 2117; x_wconf 82' lang='lat' dir='ltr'><strong>gregibus</strong></span> <span class='ocrx_word' id='word_1_311' title='bbox 1022 2089 1087 2110; x_wconf 90' lang='lat' dir='ltr'><strong>om-</strong></span> 
     </span>
    </p>
   </div>
   <div class='ocr_carea' id='block_1_48' title="bbox 250 2126 1084 2164">
    <p class='ocr_par' dir='ltr' id='par_1_48' title="bbox 250 2126 1084 2164">
     <span class='ocr_line' id='line_1_48' title="bbox 250 2126 1084 2164; baseline -0.002 -8"><span class='ocrx_word' id='word_1_312' title='bbox 250 2135 304 2156; x_wconf 86' lang='lat' dir='ltr'><strong>nes</strong></span> <span class='ocrx_word' id='word_1_313' title='bbox 319 2136 388 2164; x_wconf 69' lang='lat' dir='ltr'><strong>quaa</strong></span> <span class='ocrx_word' id='word_1_314' title='bbox 403 2127 460 2156; x_wconf 89' lang='lat' dir='ltr'><strong>sub</strong></span> <span class='ocrx_word' id='word_1_315' title='bbox 476 2127 538 2155; x_wconf 89' lang='lat' dir='ltr'><strong>sole</strong></span> <span class='ocrx_word' id='word_1_316' title='bbox 551 2129 621 2155; x_wconf 89' lang='lat' dir='ltr'><strong>sunt</strong></span> <span class='ocrx_word' id='word_1_317' title='bbox 635 2126 774 2162; x_wconf 82' lang='lat' dir='ltr'><strong>regiones</strong></span> <span class='ocrx_word' id='word_1_318' title='bbox 786 2129 919 2162; x_wconf 86' lang='lat' dir='ltr'><strong>superat.</strong></span> <span class='ocrx_word' id='word_1_319' title='bbox 931 2126 1010 2159; x_wconf 89' lang='lat' dir='ltr'><strong>Quid</strong></span> <span class='ocrx_word' id='word_1_320' title='bbox 1020 2126 1084 2155; x_wconf 60' lang='lat' dir='ltr'><strong>haec</strong></span> 
     </span>
    </p>
   </div>
   <div class='ocr_carea' id='block_1_49' title="bbox 250 2171 1113 2209">
    <p class='ocr_par' dir='ltr' id='par_1_49' title="bbox 250 2171 1113 2209">
     <span class='ocr_line' id='line_1_49' title="bbox 250 2171 1113 2209; baseline -0.001 -7"><span class='ocrx_word' id='word_1_321' title='bbox 250 2175 365 2202; x_wconf 82' lang='lat' dir='ltr'><strong>tantem</strong></span> <span class='ocrx_word' id='word_1_322' title='bbox 378 2175 506 2209; x_wconf 89' lang='lat' dir='ltr'><strong>possunt</strong></span> <span class='ocrx_word' id='word_1_323' title='bbox 521 2180 577 2201; x_wconf 89' lang='lat' dir='ltr'><strong>nos</strong></span> <span class='ocrx_word' id='word_1_324' title='bbox 592 2172 632 2201; x_wconf 85' lang='lat' dir='ltr'><strong>ad</strong></span> <span class='ocrx_word' id='word_1_325' title='bbox 641 2172 781 2200; x_wconf 88' lang='lat' dir='ltr'><strong>virtutem</strong></span> <span class='ocrx_word' id='word_1_326' title='bbox 792 2171 968 2200; x_wconf 87' lang='lat' dir='ltr'><strong>hominibus</strong></span> <span class='ocrx_word' id='word_1_327' title='bbox 978 2179 1086 2201; x_wconf 90' lang='lat' dir='ltr'><strong>conve-</strong></span> <span class='ocrx_word' id='word_1_328' title='bbox 1111 2176 1113 2185; x_wconf 83' lang='lat'><strong>’</strong></span> 
     </span>
    </p>
   </div>
   <div class='ocr_carea' id='block_1_50' title="bbox 249 2216 1084 2254">
    <p class='ocr_par' dir='ltr' id='par_1_50' title="bbox 249 2216 1084 2254">
     <span class='ocr_line' id='line_1_50' title="bbox 249 2216 1084 2254; baseline -0.002 -8"><span class='ocrx_word' id='word_1_329' title='bbox 249 2217 383 2246; x_wconf 88' lang='lat' dir='ltr'><strong>nientem</strong></span> <span class='ocrx_word' id='word_1_330' title='bbox 398 2217 605 2254; x_wconf 83' lang='lat' dir='ltr'><strong>promovere?</strong></span> <span class='ocrx_word' id='word_1_331' title='bbox 628 2219 674 2244; x_wconf 82' lang='lat' dir='ltr'><strong>An</strong></span> <span class='ocrx_word' id='word_1_332' title='bbox 687 2224 749 2244; x_wconf 87' lang='lat' dir='ltr'><strong>non</strong></span> <span class='ocrx_word' id='word_1_333' title='bbox 765 2216 855 2245; x_wconf 87' lang='lat' dir='ltr'><strong>etiam</strong></span> <span class='ocrx_word' id='word_1_334' title='bbox 876 2216 901 2244; x_wconf 90' lang='lat' dir='ltr'><strong>si</strong></span> <span class='ocrx_word' id='word_1_335' title='bbox 930 2216 968 2244; x_wconf 94' lang='lat' dir='ltr'><strong>de</strong></span> <span class='ocrx_word' id='word_1_336' title='bbox 993 2216 1084 2245; x_wconf 91' lang='lat' dir='ltr'><strong>vicini</strong></span> 
     </span>
    </p>
   </div>
   <div class='ocr_carea' id='block_1_51' title="bbox 250 2261 1084 2298">
    <p class='ocr_par' dir='ltr' id='par_1_51' title="bbox 250 2261 1084 2298">
     <span class='ocr_line' id='line_1_51' title="bbox 250 2261 1084 2298; baseline 0 -8"><span class='ocrx_word' id='word_1_337' title='bbox 250 2262 422 2298; x_wconf 84' lang='lat' dir='ltr'><strong>cujuspiam</strong></span> <span class='ocrx_word' id='word_1_338' title='bbox 438 2262 550 2290; x_wconf 89' lang='lat' dir='ltr'><strong>montis</strong></span> <span class='ocrx_word' id='word_1_339' title='bbox 565 2261 775 2290; x_wconf 87' lang='lat' dir='ltr'><strong>cacuminibus</strong></span> <span class='ocrx_word' id='word_1_340' title='bbox 794 2261 984 2296; x_wconf 88' lang='lat' dir='ltr'><strong>disserimus,</strong></span> <span class='ocrx_word' id='word_1_341' title='bbox 1006 2269 1084 2298; x_wconf 54' lang='lat' dir='ltr'><strong>quo-</strong></span> 
     </span>
    </p>
   </div>
   <div class='ocr_carea' id='block_1_52' title="bbox 249 2305 1083 2342">
    <p class='ocr_par' dir='ltr' id='par_1_52' title="bbox 249 2305 1083 2342">
     <span class='ocr_line' id='line_1_52' title="bbox 249 2305 1083 2342; baseline 0 -8"><span class='ocrx_word' id='word_1_342' title='bbox 249 2307 342 2334; x_wconf 89' lang='lat' dir='ltr'><strong>modo</strong></span> <span class='ocrx_word' id='word_1_343' title='bbox 365 2306 462 2334; x_wconf 88' lang='lat' dir='ltr'><strong>nubes</strong></span> <span class='ocrx_word' id='word_1_344' title='bbox 478 2306 704 2340; x_wconf 87' lang='lat' dir='ltr'><strong>transcendant,</strong></span> <span class='ocrx_word' id='word_1_345' title='bbox 730 2308 758 2334; x_wconf 89' lang='lat' dir='ltr'><strong>et</strong></span> <span class='ocrx_word' id='word_1_346' title='bbox 792 2314 887 2342; x_wconf 88' lang='lat' dir='ltr'><strong>quam</strong></span> <span class='ocrx_word' id='word_1_347' title='bbox 909 2305 1083 2342; x_wconf 89' lang='lat' dir='ltr'><strong>longissime</strong></span> 
     </span>
    </p>
   </div>
   <div class='ocr_carea' id='block_1_53' title="bbox 247 2350 1081 2387">
    <p class='ocr_par' dir='ltr' id='par_1_53' title="bbox 247 2350 1081 2387">
     <span class='ocr_line' id='line_1_53' title="bbox 247 2350 1081 2387; baseline 0.001 -9"><span class='ocrx_word' id='word_1_348' title='bbox 247 2351 441 2386; x_wconf 86' lang='lat' dir='ltr'><strong>porrigantur</strong></span> <span class='ocrx_word' id='word_1_349' title='bbox 454 2351 486 2379; x_wconf 93' lang='lat' dir='ltr'><strong>in</strong></span> <span class='ocrx_word' id='word_1_350' title='bbox 502 2359 614 2385; x_wconf 86' lang='lat' dir='ltr'><strong>aerem,</strong></span> <span class='ocrx_word' id='word_1_351' title='bbox 630 2359 687 2379; x_wconf 90' lang='lat' dir='ltr'><strong>nos</strong></span> <span class='ocrx_word' id='word_1_352' title='bbox 705 2351 788 2387; x_wconf 92' lang='lat' dir='ltr'><strong>ipsos</strong></span> <span class='ocrx_word' id='word_1_353' title='bbox 807 2350 993 2387; x_wconf 85' lang='lat' dir='ltr'><strong>decipiemus</strong></span> <span class='ocrx_word' id='word_1_354' title='bbox 1005 2353 1081 2385; x_wconf 91' lang='lat' dir='ltr'><strong>tum,</strong></span> 
     </span>
    </p>
   </div>
   <div class='ocr_carea' id='block_1_54' title="bbox 250 2395 1081 2424">
    <p class='ocr_par' dir='ltr' id='par_1_54' title="bbox 250 2395 1081 2424">
     <span class='ocr_line' id='line_1_54' title="bbox 250 2395 1081 2424; baseline 0.001 -1"><span class='ocrx_word' id='word_1_355' title='bbox 250 2403 319 2423; x_wconf 86' lang='lat' dir='ltr'><strong>cum</strong></span> <span class='ocrx_word' id='word_1_356' title='bbox 343 2403 379 2423; x_wconf 84' lang='lat' dir='ltr'><strong>ex</strong></span> <span class='ocrx_word' id='word_1_357' title='bbox 403 2395 449 2423; x_wconf 92' lang='lat' dir='ltr'><strong>his</strong></span> <span class='ocrx_word' id='word_1_358' title='bbox 467 2395 573 2424; x_wconf 88' lang='lat' dir='ltr'><strong>laudes</strong></span> <span class='ocrx_word' id='word_1_359' title='bbox 599 2395 670 2424; x_wconf 87' lang='lat' dir='ltr'><strong>viris</strong></span> <span class='ocrx_word' id='word_1_360' title='bbox 700 2395 921 2424; x_wconf 77' lang='lat' dir='ltr'><strong>tribuerimus?</strong></span> <span class='ocrx_word' id='word_1_361' title='bbox 954 2396 1081 2424; x_wconf 85' lang='lat' dir='ltr'><strong>Maxime</strong></span> 
     </span>
    </p>
   </div>
   <div class='ocr_carea' id='block_1_55' title="bbox 251 2439 1080 2477">
    <p class='ocr_par' dir='ltr' id='par_1_55' title="bbox 251 2439 1080 2477">
     <span class='ocr_line' id='line_1_55' title="bbox 251 2439 1080 2477; baseline 0.001 -9"><span class='ocrx_word' id='word_1_362' title='bbox 251 2439 336 2476; x_wconf 68' lang='grc'><strong>143</strong></span> <span class='ocrx_word' id='word_1_363' title='bbox 354 2440 491 2469; x_wconf 91' lang='lat' dir='ltr'><strong>omnium</strong></span> <span class='ocrx_word' id='word_1_364' title='bbox 505 2440 666 2469; x_wconf 89' lang='lat' dir='ltr'><strong>ridiculum</strong></span> <span class='ocrx_word' id='word_1_365' title='bbox 679 2443 736 2475; x_wconf 85' lang='lat' dir='ltr'><strong>est,</strong></span> <span class='ocrx_word' id='word_1_366' title='bbox 752 2442 852 2477; x_wconf 89' lang='lat' dir='ltr'><strong>spreto</strong></span> <span class='ocrx_word' id='word_1_367' title='bbox 870 2448 888 2468; x_wconf 89' lang='lat' dir='ltr'><strong>a</strong></span> <span class='ocrx_word' id='word_1_368' title='bbox 899 2440 990 2476; x_wconf 87' lang='lat' dir='ltr'><strong>justis</strong></span> <span class='ocrx_word' id='word_1_369' title='bbox 1006 2440 1080 2469; x_wconf 85' lang='lat' dir='ltr'><strong>orbe</strong></span> 
     </span>
    </p>
   </div>
   <div class='ocr_carea' id='block_1_56' title="bbox 247 2485 1079 2522">
    <p class='ocr_par' dir='ltr' id='par_1_56' title="bbox 247 2485 1079 2522">
     <span class='ocr_line' id='line_1_56' title="bbox 247 2485 1079 2522; baseline 0.002 -10"><span class='ocrx_word' id='word_1_370' title='bbox 247 2486 319 2521; x_wconf 86' lang='lat' dir='ltr'><strong>toto,</strong></span> <span class='ocrx_word' id='word_1_371' title='bbox 334 2493 390 2513; x_wconf 89' lang='lat' dir='ltr'><strong>nos</strong></span> <span class='ocrx_word' id='word_1_372' title='bbox 409 2493 446 2513; x_wconf 76' lang='lat' dir='ltr'><strong>ex</strong></span> <span class='ocrx_word' id='word_1_373' title='bbox 468 2485 574 2522; x_wconf 87' lang='lat' dir='ltr'><strong>paucis</strong></span> <span class='ocrx_word' id='word_1_374' title='bbox 599 2493 704 2513; x_wconf 91' lang='lat' dir='ltr'><strong>eorum</strong></span> <span class='ocrx_word' id='word_1_375' title='bbox 728 2493 796 2521; x_wconf 67' lang='lat' dir='ltr'><strong>quae</strong></span> <span class='ocrx_word' id='word_1_376' title='bbox 821 2487 1079 2522; x_wconf 83' lang='lat' dir='ltr'><strong>contempserunt,</strong></span> 
     </span>
    </p>
   </div>
   <div class='ocr_carea' id='block_1_57' title="bbox 245 2528 1079 2566">
    <p class='ocr_par' dir='ltr' id='par_1_57' title="bbox 245 2528 1079 2566">
     <span class='ocr_line' id='line_1_57' title="bbox 245 2528 1079 2566; baseline 0.002 -8"><span class='ocrx_word' id='word_1_377' title='bbox 245 2528 352 2559; x_wconf 83' lang='lat' dir='ltr'><strong>laudes</strong></span> <span class='ocrx_word' id='word_1_378' title='bbox 378 2538 484 2560; x_wconf 89' lang='lat' dir='ltr'><strong>eorum</strong></span> <span class='ocrx_word' id='word_1_379' title='bbox 509 2529 674 2559; x_wconf 82' lang='lat' dir='ltr'><strong>celebrare.</strong></span> <span class='ocrx_word' id='word_1_380' title='bbox 698 2530 877 2559; x_wconf 82' lang='lat' dir='ltr'><strong>Recordatio</strong></span> <span class='ocrx_word' id='word_1_381' title='bbox 897 2530 988 2566; x_wconf 84' lang='lat' dir='ltr'><strong>igitur</strong></span> <span class='ocrx_word' id='word_1_382' title='bbox 1007 2531 1079 2560; x_wconf 86' lang='lat' dir='ltr'><strong>satis</strong></span> 
     </span>
    </p>
   </div>
   <div class='ocr_carea' id='block_1_58' title="bbox 1137 247 1941 286">
    <p class='ocr_par' dir='ltr' id='par_1_58' title="bbox 1137 247 1941 286">
     <span class='ocr_line' id='line_1_58' title="bbox 1137 247 1941 286; baseline 0.005 -13"><span class='ocrx_word' id='word_1_383' title='bbox 1137 257 1167 274; x_wconf 87' lang='grc' dir='ltr'><strong>το</strong></span> <span class='ocrx_word' id='word_1_384' title='bbox 1181 250 1227 284; x_wconf 71' lang='grc' dir='ltr'>μὲν</span> <span class='ocrx_word' id='word_1_385' title='bbox 1242 249 1288 274; x_wconf 76' lang='grc' dir='ltr'><strong>οὐκ</strong></span> <span class='ocrx_word' id='word_1_386' title='bbox 1303 248 1334 275; x_wconf 77' lang='grc' dir='ltr'>ἂν</span> <span class='ocrx_word' id='word_1_387' title='bbox 1349 247 1402 276; x_wconf 82' lang='grc' dir='ltr'><strong>εἷπὲ</strong></span> <span class='ocrx_word' id='word_1_388' title='bbox 1416 258 1478 275; x_wconf 83' lang='grc' dir='ltr'>ποτε</span> <span class='ocrx_word' id='word_1_389' title='bbox 1492 249 1505 274; x_wconf 86' lang='grc' dir='ltr'><strong>ό</strong></span> <span class='ocrx_word' id='word_1_390' title='bbox 1525 247 1651 285; x_wconf 79' lang='grc' dir='ltr'><strong>μηδαμοῦ</strong></span> <span class='ocrx_word' id='word_1_391' title='bbox 1674 253 1711 284; x_wconf 77' lang='grc' dir='ltr'>τῷ</span> <span class='ocrx_word' id='word_1_392' title='bbox 1733 251 1845 286; x_wconf 83' lang='grc' dir='ltr'><strong>τοιούτῳ</strong></span> <span class='ocrx_word' id='word_1_393' title='bbox 1875 250 1941 277; x_wconf 78' lang='grc' dir='ltr'>εῖδει</span> 
     </span>
    </p>
   </div>
   <div class='ocr_carea' id='block_1_59' title="bbox 1138 292 1938 331">
    <p class='ocr_par' dir='ltr' id='par_1_59' title="bbox 1138 292 1938 331">
     <span class='ocr_line' id='line_1_59' title="bbox 1138 292 1938 331; baseline 0.004 -13"><span class='ocrx_word' id='word_1_394' title='bbox 1138 297 1188 318; x_wconf 80' lang='grc' dir='ltr'>τῶν</span> <span class='ocrx_word' id='word_1_395' title='bbox 1214 293 1296 329; x_wconf 76' lang='grc' dir='ltr'>λόγων</span> <span class='ocrx_word' id='word_1_396' title='bbox 1328 294 1495 331; x_wconf 82' lang='grc' dir='ltr'>χρησάμενος</span> <span class='ocrx_word' id='word_1_397' title='bbox 1511 304 1518 310; x_wconf 93' lang='grc'><strong>·</strong></span> <span class='ocrx_word' id='word_1_398' title='bbox 1543 292 1601 320; x_wconf 80' lang='grc' dir='ltr'>οὐδ’</span> <span class='ocrx_word' id='word_1_399' title='bbox 1628 293 1659 320; x_wconf 82' lang='grc' dir='ltr'>ἂν</span> <span class='ocrx_word' id='word_1_400' title='bbox 1682 295 1838 331; x_wconf 75' lang='grc' dir='ltr'>προέτρεψεν</span> <span class='ocrx_word' id='word_1_401' title='bbox 1866 296 1938 331; x_wconf 74' lang='grc' dir='ltr'>ἡμᾶς</span> 
     </span>
    </p>
   </div>
   <div class='ocr_carea' id='block_1_60' title="bbox 1138 338 1939 376">
    <p class='ocr_par' dir='ltr' id='par_1_60' title="bbox 1138 338 1939 376">
     <span class='ocr_line' id='line_1_60' title="bbox 1138 338 1939 376; baseline 0.004 -13"><span class='ocrx_word' id='word_1_402' title='bbox 1138 342 1321 375; x_wconf 76' lang='grc' dir='ltr'><strong>πανηγυρικῶς</strong></span> <span class='ocrx_word' id='word_1_403' title='bbox 1347 338 1520 375; x_wconf 77' lang='grc' dir='ltr'><strong>ἐμπομπεύειν</strong></span> <span class='ocrx_word' id='word_1_404' title='bbox 1545 339 1602 374; x_wconf 80' lang='grc'><strong>(52)</strong></span> <span class='ocrx_word' id='word_1_405' title='bbox 1638 343 1692 369; x_wconf 87' lang='grc' dir='ltr'>τοῖς</span> <span class='ocrx_word' id='word_1_406' title='bbox 1719 339 1861 376; x_wconf 61' lang='grc' dir='ltr'>ἐγκωμίοις</span> <span class='ocrx_word' id='word_1_407' title='bbox 1887 350 1939 366; x_wconf 80' lang='grc' dir='ltr'><strong>των</strong></span> 
     </span>
    </p>
   </div>
   <div class='ocr_carea' id='block_1_61' title="bbox 1140 382 1941 421">
    <p class='ocr_par' dir='ltr' id='par_1_61' title="bbox 1140 382 1941 421">
     <span class='ocr_line' id='line_1_61' title="bbox 1140 382 1941 421; baseline 0.004 -13"><span class='ocrx_word' id='word_1_408' title='bbox 1140 385 1274 419; x_wconf 76' lang='grc' dir='ltr'><strong>μακαρίων</strong></span> <span class='ocrx_word' id='word_1_409' title='bbox 1296 383 1309 408; x_wconf 88' lang='grc' dir='ltr'><strong>ό</strong></span> <span class='ocrx_word' id='word_1_410' title='bbox 1332 384 1361 409; x_wconf 82' lang='grc' dir='ltr'>τὸ</span> <span class='ocrx_word' id='word_1_411' title='bbox 1376 383 1454 413; x_wconf 78' lang='grc' dir='ltr'>πεζὸν</span> <span class='ocrx_word' id='word_1_412' title='bbox 1477 387 1522 413; x_wconf 83' lang='grc' dir='ltr'>τῆς</span> <span class='ocrx_word' id='word_1_413' title='bbox 1547 382 1636 414; x_wconf 80' lang='grc' dir='ltr'>λέξεως</span> <span class='ocrx_word' id='word_1_414' title='bbox 1658 385 1703 410; x_wconf 76' lang='grc' dir='ltr'><strong>καὶ</strong></span> <span class='ocrx_word' id='word_1_415' title='bbox 1728 385 1758 410; x_wconf 85' lang='grc' dir='ltr'>τὸ</span> <span class='ocrx_word' id='word_1_416' title='bbox 1782 388 1829 414; x_wconf 82' lang='grc' dir='ltr'>τῆς</span> <span class='ocrx_word' id='word_1_417' title='bbox 1855 388 1941 421; x_wconf 75' lang='grc' dir='ltr'>φωνῆς</span> 
     </span>
    </p>
   </div>
   <div class='ocr_carea' id='block_1_62' title="bbox 1141 426 1940 465">
    <p class='ocr_par' dir='ltr' id='par_1_62' title="bbox 1141 426 1940 465">
     <span class='ocr_line' id='line_1_62' title="bbox 1141 426 1940 465; baseline 0.003 -12"><span class='ocrx_word' id='word_1_418' title='bbox 1141 426 1318 454; x_wconf 69' lang='grc' dir='ltr'><strong>ἀκατάσκευον</strong></span> <span class='ocrx_word' id='word_1_419' title='bbox 1344 431 1483 464; x_wconf 75' lang='grc' dir='ltr'><strong>πανταχοῦ</strong></span> <span class='ocrx_word' id='word_1_420' title='bbox 1499 430 1678 465; x_wconf 77' lang='grc' dir='ltr'><strong>προτιμήσας.</strong></span> <span class='ocrx_word' id='word_1_421' title='bbox 1705 430 1737 455; x_wconf 86' lang='grc' dir='ltr'>Τί</span> <span class='ocrx_word' id='word_1_422' title='bbox 1767 427 1810 454; x_wconf 82' lang='grc' dir='ltr'>οὖν</span> <span class='ocrx_word' id='word_1_423' title='bbox 1831 428 1909 463; x_wconf 72' lang='grc' dir='ltr'>ἐστιν,</span> <span class='ocrx_word' id='word_1_424' title='bbox 1926 429 1940 456; x_wconf 81' lang='grc' dir='ltr'><strong><em>ὅ</em></strong></span> 
     </span>
    </p>
   </div>
   <div class='ocr_carea' id='block_1_63' title="bbox 1142 471 1939 510">
    <p class='ocr_par' dir='ltr' id='par_1_63' title="bbox 1142 471 1939 510">
     <span class='ocr_line' id='line_1_63' title="bbox 1142 471 1939 510; baseline 0.003 -12"><span class='ocrx_word' id='word_1_425' title='bbox 1142 480 1240 508; x_wconf 59' lang='lat' dir='ltr'><strong>pacm;</strong></span> <span class='ocrx_word' id='word_1_426' title='bbox 1269 471 1329 498; x_wconf 82' lang='grc' dir='ltr'>Ὀτι</span> <span class='ocrx_word' id='word_1_427' title='bbox 1355 472 1534 510; x_wconf 76' lang='grc' dir='ltr'><strong>εὐφραίνονται</strong></span> <span class='ocrx_word' id='word_1_428' title='bbox 1559 472 1618 499; x_wconf 86' lang='grc' dir='ltr'>λαοὶ</span> <span class='ocrx_word' id='word_1_429' title='bbox 1643 473 1804 510; x_wconf 77' lang='grc' dir='ltr'>εὐφροσύνην</span> <span class='ocrx_word' id='word_1_430' title='bbox 1828 483 1939 510; x_wconf 83' lang='grc' dir='ltr'>πνευμα-</span> 
     </span>
    </p>
   </div>
   <div class='ocr_carea' id='block_1_64' title="bbox 1141 516 1942 554">
    <p class='ocr_par' dir='ltr' id='par_1_64' title="bbox 1141 516 1942 554">
     <span class='ocr_line' id='line_1_64' title="bbox 1141 516 1942 554; baseline 0.002 -11"><span class='ocrx_word' id='word_1_431' title='bbox 1141 519 1216 546; x_wconf 81' lang='grc' dir='ltr'>τικὴν</span> <span class='ocrx_word' id='word_1_432' title='bbox 1232 516 1274 544; x_wconf 77' lang='grc' dir='ltr'><strong>ἐπὶ</strong></span> <span class='ocrx_word' id='word_1_433' title='bbox 1288 520 1353 554; x_wconf 79' lang='grc' dir='ltr'>μόνῃ</span> <span class='ocrx_word' id='word_1_434' title='bbox 1369 521 1400 554; x_wconf 76' lang='grc' dir='ltr'>τῇ</span> <span class='ocrx_word' id='word_1_435' title='bbox 1418 518 1563 554; x_wconf 69' lang='grc' dir='ltr'>ὑπομνήσει</span> <span class='ocrx_word' id='word_1_436' title='bbox 1588 522 1638 543; x_wconf 85' lang='grc' dir='ltr'>τῶν</span> <span class='ocrx_word' id='word_1_437' title='bbox 1659 521 1715 548; x_wconf 84' lang='grc' dir='ltr'>τοῖς</span> <span class='ocrx_word' id='word_1_438' title='bbox 1740 516 1854 548; x_wconf 72' lang='grc' dir='ltr'>δικαίοις</span> <span class='ocrx_word' id='word_1_439' title='bbox 1879 528 1942 545; x_wconf 78' lang='grc' dir='ltr'>κατ-</span> 
     </span>
    </p>
   </div>
   <div class='ocr_carea' id='block_1_65' title="bbox 1142 562 1941 599">
    <p class='ocr_par' dir='ltr' id='par_1_65' title="bbox 1142 562 1941 599">
     <span class='ocr_line' id='line_1_65' title="bbox 1142 562 1941 599; baseline 0.003 -12"><span class='ocrx_word' id='word_1_440' title='bbox 1142 562 1308 599; x_wconf 74' lang='grc' dir='ltr'>ωρθωμένων,</span> <span class='ocrx_word' id='word_1_441' title='bbox 1342 562 1375 592; x_wconf 85' lang='grc' dir='ltr'>εἰς</span> <span class='ocrx_word' id='word_1_442' title='bbox 1404 562 1481 592; x_wconf 83' lang='grc' dir='ltr'>ζῆλον</span> <span class='ocrx_word' id='word_1_443' title='bbox 1517 564 1563 588; x_wconf 82' lang='grc' dir='ltr'>καὶ</span> <span class='ocrx_word' id='word_1_444' title='bbox 1598 564 1712 599; x_wconf 79' lang='grc' dir='ltr'><strong>μίμησιν</strong></span> <span class='ocrx_word' id='word_1_445' title='bbox 1741 567 1792 589; x_wconf 76' lang='grc' dir='ltr'>τῶν</span> <span class='ocrx_word' id='word_1_446' title='bbox 1825 562 1941 599; x_wconf 72' lang='grc' dir='ltr'>ἀγαθῶν,</span> 
     </span>
    </p>
   </div>
   <div class='ocr_carea' id='block_1_66' title="bbox 1143 605 1942 644">
    <p class='ocr_par' dir='ltr' id='par_1_66' title="bbox 1143 605 1942 644">
     <span class='ocr_line' id='line_1_66' title="bbox 1143 605 1942 644; baseline 0.003 -12"><span class='ocrx_word' id='word_1_447' title='bbox 1143 605 1185 642; x_wconf 74' lang='grc' dir='ltr'><strong>ἀφ’</strong></span> <span class='ocrx_word' id='word_1_448' title='bbox 1209 606 1243 632; x_wconf 82' lang='grc' dir='ltr'>ὧν</span> <span class='ocrx_word' id='word_1_449' title='bbox 1270 606 1422 639; x_wconf 75' lang='grc' dir='ltr'>ἀκούουσιν,</span> <span class='ocrx_word' id='word_1_450' title='bbox 1437 606 1596 643; x_wconf 71' lang='grc' dir='ltr'>ἕνα-γόμενοι.</span> <span class='ocrx_word' id='word_1_451' title='bbox 1629 606 1658 633; x_wconf 72' lang='grc' dir='ltr'><strong>Ἠ</strong></span> <span class='ocrx_word' id='word_1_452' title='bbox 1683 609 1734 644; x_wconf 76' lang='grc' dir='ltr'><strong>γὰρ</strong></span> <span class='ocrx_word' id='word_1_453' title='bbox 1759 612 1809 634; x_wconf 82' lang='grc' dir='ltr'>τῶν</span> <span class='ocrx_word' id='word_1_454' title='bbox 1843 607 1942 634; x_wconf 77' lang='grc' dir='ltr'>εὖπολι-</span> 
     </span>
    </p>
   </div>
   <div class='ocr_carea' id='block_1_67' title="bbox 1142 649 1942 689">
    <p class='ocr_par' dir='ltr' id='par_1_67' title="bbox 1142 649 1942 689">
     <span class='ocr_line' id='line_1_67' title="bbox 1142 649 1942 689; baseline 0.003 -12"><span class='ocrx_word' id='word_1_455' title='bbox 1142 652 1238 677; x_wconf 82' lang='grc' dir='ltr'>τεῦτων</span> <span class='ocrx_word' id='word_1_456' title='bbox 1267 649 1371 688; x_wconf 79' lang='grc' dir='ltr'>ἆρδρῶν</span> <span class='ocrx_word' id='word_1_457' title='bbox 1401 653 1505 689; x_wconf 79' lang='grc' dir='ltr'><strong>ἱστορία</strong></span> <span class='ocrx_word' id='word_1_458' title='bbox 1531 652 1584 678; x_wconf 85' lang='grc' dir='ltr'>οἶόν</span> <span class='ocrx_word' id='word_1_459' title='bbox 1610 661 1636 678; x_wconf 83' lang='grc' dir='ltr'><strong>τι</strong></span> <span class='ocrx_word' id='word_1_460' title='bbox 1657 656 1708 688; x_wconf 75' lang='grc' dir='ltr'><strong>φῶς</strong></span> <span class='ocrx_word' id='word_1_461' title='bbox 1719 656 1772 683; x_wconf 80' lang='grc' dir='ltr'>τοῖς</span> <span class='ocrx_word' id='word_1_462' title='bbox 1787 653 1942 689; x_wconf 75' lang='grc' dir='ltr'><strong>σωζομένοις</strong></span> 
     </span>
    </p>
   </div>
   <div class='ocr_carea' id='block_1_68' title="bbox 1143 694 1944 734">
    <p class='ocr_par' dir='ltr' id='par_1_68' title="bbox 1143 694 1944 734">
     <span class='ocr_line' id='line_1_68' title="bbox 1143 694 1944 734; baseline 0.004 -13"><span class='ocrx_word' id='word_1_463' title='bbox 1143 697 1206 734; x_wconf 84' lang='grc' dir='ltr'>πρὸς</span> <span class='ocrx_word' id='word_1_464' title='bbox 1220 697 1267 725; x_wconf 78' lang='grc' dir='ltr'>τὴν</span> <span class='ocrx_word' id='word_1_465' title='bbox 1279 700 1325 722; x_wconf 87' lang='grc' dir='ltr'>τοῦ</span> <span class='ocrx_word' id='word_1_466' title='bbox 1341 695 1402 733; x_wconf 82' lang='grc' dir='ltr'>βίου</span> <span class='ocrx_word' id='word_1_467' title='bbox 1419 694 1481 722; x_wconf 78' lang='grc' dir='ltr'>ὁδὸν</span> <span class='ocrx_word' id='word_1_468' title='bbox 1497 695 1607 732; x_wconf 77' lang='grc' dir='ltr'>ὶμποιεῖ.</span> <span class='ocrx_word' id='word_1_469' title='bbox 1633 698 1704 723; x_wconf 82' lang='grc' dir='ltr'>Διὰτι</span> <span class='ocrx_word' id='word_1_470' title='bbox 1729 698 1794 734; x_wconf 82' lang='grc' dir='ltr'>ὁμοῦ</span> <span class='ocrx_word' id='word_1_471' title='bbox 1816 707 1843 724; x_wconf 79' lang='grc' dir='ltr'><strong>τι</strong></span> <span class='ocrx_word' id='word_1_472' title='bbox 1866 698 1944 727; x_wconf 79' lang='grc' dir='ltr'><strong>ἠχού-</strong></span> 
     </span>
    </p>
   </div>
   <div class='ocr_carea' id='block_1_69' title="bbox 1146 739 1942 779">
    <p class='ocr_par' dir='ltr' id='par_1_69' title="bbox 1146 739 1942 779">
     <span class='ocr_line' id='line_1_69' title="bbox 1146 739 1942 779; baseline 0.004 -13"><span class='ocrx_word' id='word_1_473' title='bbox 1146 750 1226 777; x_wconf 82' lang='grc' dir='ltr'>σαμεν</span> <span class='ocrx_word' id='word_1_474' title='bbox 1247 739 1421 778; x_wconf 73' lang='grc' dir='ltr'><strong>διηγουμένου</strong></span> <span class='ocrx_word' id='word_1_475' title='bbox 1436 745 1482 767; x_wconf 82' lang='grc' dir='ltr'>τοῦ</span> <span class='ocrx_word' id='word_1_476' title='bbox 1498 743 1647 778; x_wconf 81' lang='grc' dir='ltr'>Πνεύματος</span> <span class='ocrx_word' id='word_1_477' title='bbox 1661 743 1705 768; x_wconf 85' lang='grc' dir='ltr'>τόν</span> <span class='ocrx_word' id='word_1_478' title='bbox 1723 745 1856 773; x_wconf 72' lang='grc' dir='ltr'>Μωῡσίως</span> <span class='ocrx_word' id='word_1_479' title='bbox 1871 742 1942 779; x_wconf 80' lang='grc' dir='ltr'>βίον,</span> 
     </span>
    </p>
   </div>
   <div class='ocr_carea' id='block_1_70' title="bbox 1144 786 1943 826">
    <p class='ocr_par' dir='ltr' id='par_1_70' title="bbox 1144 786 1943 826">
     <span class='ocr_line' id='line_1_70' title="bbox 1144 786 1943 826; baseline 0.003 -14"><span class='ocrx_word' id='word_1_480' title='bbox 1144 788 1189 812; x_wconf 77' lang='grc' dir='ltr'><strong>καὶ</strong></span> <span class='ocrx_word' id='word_1_481' title='bbox 1204 786 1277 816; x_wconf 81' lang='grc' dir='ltr'>εὐθὺς</span> <span class='ocrx_word' id='word_1_482' title='bbox 1292 787 1359 822; x_wconf 77' lang='grc' dir='ltr'>ἡμᾶς</span> <span class='ocrx_word' id='word_1_483' title='bbox 1375 786 1450 817; x_wconf 88' lang='grc' dir='ltr'>ζῆλος</span> <span class='ocrx_word' id='word_1_484' title='bbox 1466 786 1568 815; x_wconf 78' lang='grc' dir='ltr'>εἰσῆλθε</span> <span class='ocrx_word' id='word_1_485' title='bbox 1583 790 1630 817; x_wconf 75' lang='grc' dir='ltr'>τῆς</span> <span class='ocrx_word' id='word_1_486' title='bbox 1649 786 1740 824; x_wconf 83' lang='grc' dir='ltr'>ἀρετῆς</span> <span class='ocrx_word' id='word_1_487' title='bbox 1762 791 1808 814; x_wconf 85' lang='grc' dir='ltr'>τοῦ</span> <span class='ocrx_word' id='word_1_488' title='bbox 1834 786 1943 826; x_wconf 77' lang='grc' dir='ltr'>ἀνδρὸς,</span> 
     </span>
    </p>
   </div>
   <div class='ocr_carea' id='block_1_71' title="bbox 1145 831 1945 868">
    <p class='ocr_par' dir='ltr' id='par_1_71' title="bbox 1145 831 1945 868">
     <span class='ocr_line' id='line_1_71' title="bbox 1145 831 1945 868; baseline 0.003 -12"><span class='ocrx_word' id='word_1_489' title='bbox 1145 832 1190 856; x_wconf 72' lang='grc' dir='ltr'><strong>καὶ</strong></span> <span class='ocrx_word' id='word_1_490' title='bbox 1209 831 1240 856; x_wconf 84' lang='grc' dir='ltr'>τὸ</span> <span class='ocrx_word' id='word_1_491' title='bbox 1261 834 1342 868; x_wconf 85' lang='grc' dir='ltr'>πρᾶον</span> <span class='ocrx_word' id='word_1_492' title='bbox 1366 835 1413 857; x_wconf 84' lang='grc' dir='ltr'>τοῦ</span> <span class='ocrx_word' id='word_1_493' title='bbox 1436 833 1534 868; x_wconf 80' lang='grc' dir='ltr'>τρόπον</span> <span class='ocrx_word' id='word_1_494' title='bbox 1559 831 1674 862; x_wconf 81' lang='grc' dir='ltr'>ζηλωτὸν</span> <span class='ocrx_word' id='word_1_495' title='bbox 1699 831 1800 868; x_wconf 73' lang='grc' dir='ltr'>ἑκάστῳ</span> <span class='ocrx_word' id='word_1_496' title='bbox 1822 834 1867 858; x_wconf 74' lang='grc' dir='ltr'>καὶ</span> <span class='ocrx_word' id='word_1_497' title='bbox 1893 842 1945 868; x_wconf 84' lang='grc' dir='ltr'>μοι·</span> 
     </span>
    </p>
   </div>
   <div class='ocr_carea' id='block_1_72' title="bbox 1111 875 1945 915">
    <p class='ocr_par' dir='ltr' id='par_1_72' title="bbox 1111 875 1945 915">
     <span class='ocr_line' id='line_1_72' title="bbox 1111 875 1945 915; baseline 0.001 -14"><span class='ocrx_word' id='word_1_498' title='bbox 1111 876 1271 913; x_wconf 76' lang='grc' dir='ltr'>Βκαριστὸν</span> <span class='ocrx_word' id='word_1_499' title='bbox 1295 876 1434 912; x_wconf 75' lang='grc' dir='ltr'>κατεφάνη.</span> <span class='ocrx_word' id='word_1_500' title='bbox 1459 879 1518 906; x_wconf 86' lang='grc' dir='ltr'>Τοῖς</span> <span class='ocrx_word' id='word_1_501' title='bbox 1609 877 1659 914; x_wconf 72' lang='grc' dir='ltr'>γὰρ</span> <span class='ocrx_word' id='word_1_502' title='bbox 1686 876 1771 907; x_wconf 77' lang='grc' dir='ltr'>ἄλλοις</span> <span class='ocrx_word' id='word_1_503' title='bbox 1799 875 1945 915; x_wconf 79' lang='grc' dir='ltr'>ἀνθρώποις</span> 
     </span>
    </p>
   </div>
   <div class='ocr_carea' id='block_1_73' title="bbox 1146 919 1942 958">
    <p class='ocr_par' dir='ltr' id='par_1_73' title="bbox 1146 919 1942 958">
     <span class='ocr_line' id='line_1_73' title="bbox 1146 919 1942 958; baseline 0.003 -12"><span class='ocrx_word' id='word_1_504' title='bbox 1146 919 1174 946; x_wconf 55' lang='lat' dir='ltr'><strong>ex</strong></span> <span class='ocrx_word' id='word_1_505' title='bbox 1200 924 1246 950; x_wconf 84' lang='grc' dir='ltr'>τῆς</span> <span class='ocrx_word' id='word_1_506' title='bbox 1270 924 1319 946; x_wconf 86' lang='grc' dir='ltr'>τῶν</span> <span class='ocrx_word' id='word_1_507' title='bbox 1339 920 1421 956; x_wconf 76' lang='grc' dir='ltr'>λόγων</span> <span class='ocrx_word' id='word_1_508' title='bbox 1442 920 1574 952; x_wconf 69' lang='grc' dir='ltr'>αὐξήσεως</span> <span class='ocrx_word' id='word_1_509' title='bbox 1589 923 1743 948; x_wconf 70' lang='grc' dir='ltr'><strong>συνίσταται</strong></span> <span class='ocrx_word' id='word_1_510' title='bbox 1757 922 1791 948; x_wconf 77' lang='grc' dir='ltr'>τὰ</span> <span class='ocrx_word' id='word_1_511' title='bbox 1804 920 1921 958; x_wconf 74' lang='grc' dir='ltr'>ὶσνιὼμια</span> <span class='ocrx_word' id='word_1_512' title='bbox 1935 931 1942 939; x_wconf 76' lang='lat'>&#39;</span> 
     </span>
    </p>
   </div>
   <div class='ocr_carea' id='block_1_74' title="bbox 1145 963 1942 1003">
    <p class='ocr_par' dir='ltr' id='par_1_74' title="bbox 1145 963 1942 1003">
     <span class='ocr_line' id='line_1_74' title="bbox 1145 963 1942 1003; baseline 0.003 -12"><span class='ocrx_word' id='word_1_513' title='bbox 1145 968 1198 995; x_wconf 88' lang='grc' dir='ltr'>τοῖς</span> <span class='ocrx_word' id='word_1_514' title='bbox 1212 963 1338 1000; x_wconf 44' lang='grc' dir='ltr'>τδιχαίοις</span> <span class='ocrx_word' id='word_1_515' title='bbox 1362 963 1391 992; x_wconf 66' lang='grc' dir='ltr'>δι</span> <span class='ocrx_word' id='word_1_516' title='bbox 1419 965 1495 1003; x_wconf 76' lang='grc' dir='ltr'><strong>ἀρχεῖ</strong></span> <span class='ocrx_word' id='word_1_517' title='bbox 1518 970 1568 992; x_wconf 83' lang='grc' dir='ltr'>τῶν</span> <span class='ocrx_word' id='word_1_518' title='bbox 1591 968 1777 1003; x_wconf 68' lang='grc' dir='ltr'><strong>πεπραγμένων</strong></span> <span class='ocrx_word' id='word_1_519' title='bbox 1810 966 1899 997; x_wconf 67' lang='grc' dir='ltr'>αὐτοῖς</span> <span class='ocrx_word' id='word_1_520' title='bbox 1927 967 1942 996; x_wconf 84' lang='grc' dir='ltr'><strong>ἠ</strong></span> 
     </span>
    </p>
   </div>
   <div class='ocr_carea' id='block_1_75' title="bbox 1146 1008 1945 1049">
    <p class='ocr_par' dir='ltr' id='par_1_75' title="bbox 1146 1008 1945 1049">
     <span class='ocr_line' id='line_1_75' title="bbox 1146 1008 1945 1049; baseline 0.003 -14"><span class='ocrx_word' id='word_1_521' title='bbox 1146 1009 1254 1039; x_wconf 76' lang='grc' dir='ltr'>ἀλήθεια</span> <span class='ocrx_word' id='word_1_522' title='bbox 1279 1011 1342 1046; x_wconf 86' lang='grc' dir='ltr'>πρὸς</span> <span class='ocrx_word' id='word_1_523' title='bbox 1367 1011 1396 1036; x_wconf 80' lang='grc' dir='ltr'>τὸ</span> <span class='ocrx_word' id='word_1_524' title='bbox 1424 1008 1509 1042; x_wconf 79' lang='grc' dir='ltr'>δείξαι</span> <span class='ocrx_word' id='word_1_525' title='bbox 1543 1010 1627 1037; x_wconf 80' lang='grc' dir='ltr'>αὐτῶν</span> <span class='ocrx_word' id='word_1_526' title='bbox 1656 1012 1686 1037; x_wconf 80' lang='grc' dir='ltr'>τὸ</span> <span class='ocrx_word' id='word_1_527' title='bbox 1713 1010 1871 1049; x_wconf 70' lang='grc' dir='ltr'>ὑπερϐάλλον</span> <span class='ocrx_word' id='word_1_528' title='bbox 1899 1015 1945 1041; x_wconf 76' lang='grc' dir='ltr'>τῆς</span> 
     </span>
    </p>
   </div>
   <div class='ocr_carea' id='block_1_76' title="bbox 1147 1053 1945 1092">
    <p class='ocr_par' dir='ltr' id='par_1_76' title="bbox 1147 1053 1945 1092">
     <span class='ocr_line' id='line_1_76' title="bbox 1147 1053 1945 1092; baseline 0.003 -12"><span class='ocrx_word' id='word_1_529' title='bbox 1147 1053 1247 1092; x_wconf 77' lang='grc' dir='ltr'>ἀρετῆς.</span> <span class='ocrx_word' id='word_1_530' title='bbox 1263 1053 1352 1087; x_wconf 50' lang='lat' dir='ltr'><strong>&quot;non,</strong></span> <span class='ocrx_word' id='word_1_531' title='bbox 1374 1055 1432 1081; x_wconf 85' lang='grc' dir='ltr'>ὅταν</span> <span class='ocrx_word' id='word_1_532' title='bbox 1449 1053 1604 1092; x_wconf 77' lang='grc' dir='ltr'>διηγὼμεθα</span> <span class='ocrx_word' id='word_1_533' title='bbox 1626 1057 1685 1086; x_wconf 81' lang='grc' dir='ltr'>τοὺς</span> <span class='ocrx_word' id='word_1_534' title='bbox 1711 1055 1786 1092; x_wconf 84' lang='grc' dir='ltr'>βίους</span> <span class='ocrx_word' id='word_1_535' title='bbox 1810 1060 1861 1082; x_wconf 80' lang='grc' dir='ltr'>τῶν</span> <span class='ocrx_word' id='word_1_536' title='bbox 1887 1054 1945 1082; x_wconf 85' lang='grc' dir='ltr'>δια-</span> 
     </span>
    </p>
   </div>
   <div class='ocr_carea' id='block_1_77' title="bbox 1145 1097 1944 1137">
    <p class='ocr_par' dir='ltr' id='par_1_77' title="bbox 1145 1097 1944 1137">
     <span class='ocr_line' id='line_1_77' title="bbox 1145 1097 1944 1137; baseline 0.004 -14"><span class='ocrx_word' id='word_1_537' title='bbox 1145 1097 1297 1135; x_wconf 68' lang='grc' dir='ltr'>πρεψάντων</span> <span class='ocrx_word' id='word_1_538' title='bbox 1324 1097 1348 1124; x_wconf 78' lang='grc' dir='ltr'>ἐν</span> <span class='ocrx_word' id='word_1_539' title='bbox 1379 1098 1505 1136; x_wconf 67' lang='grc' dir='ltr'>εὐσεϐείᾳ,</span> <span class='ocrx_word' id='word_1_540' title='bbox 1535 1098 1678 1137; x_wconf 74' lang='grc' dir='ltr'><strong>δοξάζομεν</strong></span> <span class='ocrx_word' id='word_1_541' title='bbox 1708 1105 1809 1137; x_wconf 86' lang='grc' dir='ltr'>πρῶτον</span> <span class='ocrx_word' id='word_1_542' title='bbox 1838 1102 1881 1126; x_wconf 78' lang='grc' dir='ltr'>τὸν</span> <span class='ocrx_word' id='word_1_543' title='bbox 1903 1103 1944 1126; x_wconf 73' lang='lat' dir='ltr'><strong>Aa-</strong></span> 
     </span>
    </p>
   </div>
   <div class='ocr_carea' id='block_1_78' title="bbox 1147 1141 1943 1181">
    <p class='ocr_par' dir='ltr' id='par_1_78' title="bbox 1147 1141 1943 1181">
     <span class='ocr_line' id='line_1_78' title="bbox 1147 1141 1943 1181; baseline 0.004 -13"><span class='ocrx_word' id='word_1_544' title='bbox 1147 1145 1246 1172; x_wconf 87' lang='grc' dir='ltr'>σπότην</span> <span class='ocrx_word' id='word_1_545' title='bbox 1273 1141 1320 1170; x_wconf 81' lang='grc' dir='ltr'>διὰ</span> <span class='ocrx_word' id='word_1_546' title='bbox 1342 1148 1391 1169; x_wconf 79' lang='grc' dir='ltr'>τῶν</span> <span class='ocrx_word' id='word_1_547' title='bbox 1417 1142 1515 1170; x_wconf 81' lang='grc' dir='ltr'>δούλων</span> <span class='ocrx_word' id='word_1_548' title='bbox 1530 1154 1537 1161; x_wconf 73' lang='grc' dir='ltr'>σ</span> <span class='ocrx_word' id='word_1_549' title='bbox 1572 1144 1766 1181; x_wconf 73' lang='grc' dir='ltr'><strong>ἐγκωμιάζομεν</strong></span> <span class='ocrx_word' id='word_1_550' title='bbox 1782 1143 1812 1171; x_wconf 70' lang='grc' dir='ltr'>δὲ</span> <span class='ocrx_word' id='word_1_551' title='bbox 1826 1147 1883 1175; x_wconf 73' lang='grc' dir='ltr'>τοὺς</span> <span class='ocrx_word' id='word_1_552' title='bbox 1898 1143 1943 1171; x_wconf 63' lang='grc' dir='ltr'>διη-</span> 
     </span>
    </p>
   </div>
   <div class='ocr_carea' id='block_1_79' title="bbox 1146 1186 1941 1226">
    <p class='ocr_par' dir='ltr' id='par_1_79' title="bbox 1146 1186 1941 1226">
     <span class='ocr_line' id='line_1_79' title="bbox 1146 1186 1941 1226; baseline 0.003 -13"><span class='ocrx_word' id='word_1_553' title='bbox 1146 1190 1234 1218; x_wconf 84' lang='grc' dir='ltr'>καίους</span> <span class='ocrx_word' id='word_1_554' title='bbox 1260 1186 1307 1214; x_wconf 82' lang='grc' dir='ltr'><strong>διὰ</strong></span> <span class='ocrx_word' id='word_1_555' title='bbox 1332 1193 1379 1219; x_wconf 81' lang='grc' dir='ltr'>τῆς</span> <span class='ocrx_word' id='word_1_556' title='bbox 1405 1191 1550 1226; x_wconf 75' lang='grc' dir='ltr'><strong>μαρτυρίας</strong></span> <span class='ocrx_word' id='word_1_557' title='bbox 1585 1189 1618 1214; x_wconf 82' lang='grc' dir='ltr'>ὧν</span> <span class='ocrx_word' id='word_1_558' title='bbox 1656 1190 1742 1225; x_wconf 76' lang='grc' dir='ltr'>ἴσμεν,</span> <span class='ocrx_word' id='word_1_559' title='bbox 1778 1189 1941 1226; x_wconf 76' lang='grc' dir='ltr'>εὐφραίνομςν</span> 
     </span>
    </p>
   </div>
   <div class='ocr_carea' id='block_1_80' title="bbox 1146 1231 1940 1272">
    <p class='ocr_par' dir='ltr' id='par_1_80' title="bbox 1146 1231 1940 1272">
     <span class='ocr_line' id='line_1_80' title="bbox 1146 1231 1940 1272; baseline 0.003 -14"><span class='ocrx_word' id='word_1_560' title='bbox 1146 1231 1176 1258; x_wconf 66' lang='grc' dir='ltr'>δι</span> <span class='ocrx_word' id='word_1_561' title='bbox 1190 1233 1250 1263; x_wconf 83' lang='grc' dir='ltr'>τοὺς</span> <span class='ocrx_word' id='word_1_562' title='bbox 1265 1232 1340 1263; x_wconf 84' lang='grc' dir='ltr'>λαοὺς</span> <span class='ocrx_word' id='word_1_563' title='bbox 1356 1231 1403 1259; x_wconf 80' lang='grc' dir='ltr'>διὰ</span> <span class='ocrx_word' id='word_1_564' title='bbox 1425 1237 1469 1263; x_wconf 83' lang='grc' dir='ltr'>τῆς</span> <span class='ocrx_word' id='word_1_565' title='bbox 1493 1232 1574 1264; x_wconf 76' lang='grc' dir='ltr'>ἀκοῆς</span> <span class='ocrx_word' id='word_1_566' title='bbox 1601 1238 1651 1260; x_wconf 84' lang='grc' dir='ltr'>τῶν</span> <span class='ocrx_word' id='word_1_567' title='bbox 1678 1234 1772 1262; x_wconf 79' lang='grc' dir='ltr'>καλῶν.</span> <span class='ocrx_word' id='word_1_568' title='bbox 1805 1235 1940 1272; x_wconf 80' lang='grc' dir='ltr'>Προτροπή</span> 
     </span>
    </p>
   </div>
   <div class='ocr_carea' id='block_1_81' title="bbox 1145 1277 1944 1315">
    <p class='ocr_par' dir='ltr' id='par_1_81' title="bbox 1145 1277 1944 1315">
     <span class='ocr_line' id='line_1_81' title="bbox 1145 1277 1944 1315; baseline 0.003 -13"><span class='ocrx_word' id='word_1_569' title='bbox 1145 1278 1195 1313; x_wconf 74' lang='grc' dir='ltr'><strong>γὰρ</strong></span> <span class='ocrx_word' id='word_1_570' title='bbox 1222 1278 1284 1315; x_wconf 84' lang='grc' dir='ltr'>πρὸς</span> <span class='ocrx_word' id='word_1_571' title='bbox 1320 1279 1490 1315; x_wconf 79' lang='grc' dir='ltr'><strong>σωφροσύνην</strong></span> <span class='ocrx_word' id='word_1_572' title='bbox 1523 1279 1537 1304; x_wconf 81' lang='grc' dir='ltr'><strong>ό</strong></span> <span class='ocrx_word' id='word_1_573' title='bbox 1575 1277 1633 1314; x_wconf 85' lang='grc' dir='ltr'>βίος</span> <span class='ocrx_word' id='word_1_574' title='bbox 1673 1282 1721 1305; x_wconf 80' lang='grc' dir='ltr'>τοῦ</span> <span class='ocrx_word' id='word_1_575' title='bbox 1759 1277 1864 1315; x_wconf 73' lang='grc' dir='ltr'><strong>Ἰωσὴφ,</strong></span> <span class='ocrx_word' id='word_1_576' title='bbox 1898 1280 1944 1305; x_wconf 74' lang='grc' dir='ltr'>καὶ</span> 
     </span>
    </p>
   </div>
   <div class='ocr_carea' id='block_1_82' title="bbox 1144 1319 1940 1360">
    <p class='ocr_par' dir='ltr' id='par_1_82' title="bbox 1144 1319 1940 1360">
     <span class='ocr_line' id='line_1_82' title="bbox 1144 1319 1940 1360; baseline 0.004 -13"><span class='ocrx_word' id='word_1_577' title='bbox 1144 1323 1208 1359; x_wconf 89' lang='grc' dir='ltr'>πρὸς</span> <span class='ocrx_word' id='word_1_578' title='bbox 1222 1319 1330 1359; x_wconf 77' lang='grc' dir='ltr'><strong>ἀνδρίαν</strong></span> <span class='ocrx_word' id='word_1_579' title='bbox 1345 1322 1510 1359; x_wconf 82' lang='grc' dir='ltr'>παράκλησις</span> <span class='ocrx_word' id='word_1_580' title='bbox 1522 1323 1554 1348; x_wconf 86' lang='grc' dir='ltr'><strong>τὰ</strong></span> <span class='ocrx_word' id='word_1_581' title='bbox 1567 1327 1614 1349; x_wconf 80' lang='grc' dir='ltr'>τοῦ</span> <span class='ocrx_word' id='word_1_582' title='bbox 1638 1323 1750 1360; x_wconf 69' lang='grc' dir='ltr'>Σαμψὼν</span> <span class='ocrx_word' id='word_1_583' title='bbox 1775 1321 1940 1360; x_wconf 75' lang='grc' dir='ltr'><strong>διηγήματα.</strong></span> 
     </span>
    </p>
   </div>
   <div class='ocr_carea' id='block_1_83' title="bbox 1179 1409 1942 1453">
    <p class='ocr_par' dir='ltr' id='par_1_83' title="bbox 1179 1409 1942 1453">
     <span class='ocr_line' id='line_1_83' title="bbox 1179 1409 1942 1453; baseline 0.003 -16"><span class='ocrx_word' id='word_1_584' title='bbox 1179 1413 1206 1438; x_wconf 88' lang='lat'><strong>2.</strong></span> <span class='ocrx_word' id='word_1_585' title='bbox 1227 1411 1282 1437; x_wconf 74' lang='grc' dir='ltr'><strong>Οὐκ</strong></span> <span class='ocrx_word' id='word_1_586' title='bbox 1297 1409 1366 1438; x_wconf 81' lang='grc' dir='ltr'>οἶδεν</span> <span class='ocrx_word' id='word_1_587' title='bbox 1381 1410 1425 1438; x_wconf 79' lang='grc' dir='ltr'>οὖν</span> <span class='ocrx_word' id='word_1_588' title='bbox 1441 1411 1575 1453; x_wconf 70' lang='grc' dir='ltr'>ἄγχωμίῳν</span> <span class='ocrx_word' id='word_1_589' title='bbox 1589 1413 1666 1449; x_wconf 85' lang='grc' dir='ltr'>νόμον</span> <span class='ocrx_word' id='word_1_590' title='bbox 1681 1415 1710 1439; x_wconf 83' lang='grc' dir='ltr'>τό</span> <span class='ocrx_word' id='word_1_591' title='bbox 1727 1413 1793 1440; x_wconf 80' lang='grc' dir='ltr'>θεῖον</span> <span class='ocrx_word' id='word_1_592' title='bbox 1809 1411 1942 1440; x_wconf 73' lang='grc' dir='ltr'>διδασκάο</span> 
     </span>
    </p>
   </div>
   <div class='ocr_carea' id='block_1_84' title="bbox 1143 1455 1942 1495">
    <p class='ocr_par' dir='ltr' id='par_1_84' title="bbox 1143 1455 1942 1495">
     <span class='ocr_line' id='line_1_84' title="bbox 1143 1455 1942 1495; baseline 0.003 -13"><span class='ocrx_word' id='word_1_593' title='bbox 1143 1455 1208 1482; x_wconf 82' lang='grc' dir='ltr'>λεῖον</span> <span class='ocrx_word' id='word_1_594' title='bbox 1225 1457 1289 1492; x_wconf 82' lang='lat'><strong>(53),</strong></span> <span class='ocrx_word' id='word_1_595' title='bbox 1323 1455 1386 1483; x_wconf 74' lang='grc' dir='ltr'>ἀλλὰ</span> <span class='ocrx_word' id='word_1_596' title='bbox 1414 1459 1460 1486; x_wconf 81' lang='grc' dir='ltr'>τὴν</span> <span class='ocrx_word' id='word_1_597' title='bbox 1489 1457 1635 1495; x_wconf 85' lang='grc' dir='ltr'>ματρυρίαν</span> <span class='ocrx_word' id='word_1_598' title='bbox 1670 1462 1720 1484; x_wconf 86' lang='grc' dir='ltr'>τῶν</span> <span class='ocrx_word' id='word_1_599' title='bbox 1755 1460 1942 1495; x_wconf 75' lang='grc' dir='ltr'><strong>πεπραγμένων</strong></span> 
     </span>
    </p>
   </div>
   <div class='ocr_carea' id='block_1_85' title="bbox 1145 1499 1943 1540">
    <p class='ocr_par' dir='ltr' id='par_1_85' title="bbox 1145 1499 1943 1540">
     <span class='ocr_line' id='line_1_85' title="bbox 1145 1499 1943 1540; baseline 0.004 -14"><span class='ocrx_word' id='word_1_600' title='bbox 1145 1499 1198 1526; x_wconf 79' lang='grc' dir='ltr'>ἀντ’</span> <span class='ocrx_word' id='word_1_601' title='bbox 1228 1499 1362 1537; x_wconf 74' lang='grc' dir='ltr'><strong>ἕγχωμίων</strong></span> <span class='ocrx_word' id='word_1_602' title='bbox 1389 1501 1531 1537; x_wconf 76' lang='grc' dir='ltr'>λογίζεται,</span> <span class='ocrx_word' id='word_1_603' title='bbox 1563 1504 1595 1532; x_wconf 82' lang='grc' dir='ltr'>ὡς</span> <span class='ocrx_word' id='word_1_604' title='bbox 1619 1504 1663 1529; x_wconf 81' lang='grc' dir='ltr'><strong>καὶ</strong></span> <span class='ocrx_word' id='word_1_605' title='bbox 1685 1506 1740 1534; x_wconf 82' lang='grc' dir='ltr'>τοῖς</span> <span class='ocrx_word' id='word_1_606' title='bbox 1761 1503 1845 1538; x_wconf 71' lang='grc' dir='ltr'>ἁγίοις</span> <span class='ocrx_word' id='word_1_607' title='bbox 1867 1502 1943 1540; x_wconf 77' lang='grc' dir='ltr'>ἐξαρ-</span> 
     </span>
    </p>
   </div>
   <div class='ocr_carea' id='block_1_86' title="bbox 1109 1546 1945 1587">
    <p class='ocr_par' dir='ltr' id='par_1_86' title="bbox 1109 1546 1945 1587">
     <span class='ocr_line' id='line_1_86' title="bbox 1109 1546 1945 1587; baseline 0.004 -16"><span class='ocrx_word' id='word_1_608' title='bbox 1109 1559 1129 1587; x_wconf 80' lang='lat' dir='ltr'>C</span> <span class='ocrx_word' id='word_1_609' title='bbox 1144 1548 1242 1571; x_wconf 83' lang='grc' dir='ltr'>κούσαν</span> <span class='ocrx_word' id='word_1_610' title='bbox 1270 1547 1333 1582; x_wconf 88' lang='grc' dir='ltr'>πρὸς</span> <span class='ocrx_word' id='word_1_611' title='bbox 1361 1546 1473 1579; x_wconf 74' lang='grc' dir='ltr'>ἔπαινον,</span> <span class='ocrx_word' id='word_1_612' title='bbox 1507 1549 1551 1573; x_wconf 75' lang='grc' dir='ltr'><strong>καὶ</strong></span> <span class='ocrx_word' id='word_1_613' title='bbox 1592 1550 1646 1577; x_wconf 84' lang='grc' dir='ltr'>τοῖς</span> <span class='ocrx_word' id='word_1_614' title='bbox 1681 1548 1842 1584; x_wconf 81' lang='grc' dir='ltr'>ὡρμημένοις</span> <span class='ocrx_word' id='word_1_615' title='bbox 1881 1549 1945 1584; x_wconf 81' lang='grc' dir='ltr'>πρὸς</span> 
     </span>
    </p>
   </div>
   <div class='ocr_carea' id='block_1_87' title="bbox 1144 1590 1944 1630">
    <p class='ocr_par' dir='ltr' id='par_1_87' title="bbox 1144 1590 1944 1630">
     <span class='ocr_line' id='line_1_87' title="bbox 1144 1590 1944 1630; baseline 0.003 -14"><span class='ocrx_word' id='word_1_616' title='bbox 1144 1590 1237 1627; x_wconf 78' lang='grc' dir='ltr'>ἀρετὴν</span> <span class='ocrx_word' id='word_1_617' title='bbox 1267 1591 1384 1629; x_wconf 75' lang='grc' dir='ltr'>αὐτάρκη</span> <span class='ocrx_word' id='word_1_618' title='bbox 1421 1592 1503 1618; x_wconf 70' lang='grc' dir='ltr'>οὖσαν</span> <span class='ocrx_word' id='word_1_619' title='bbox 1543 1592 1579 1623; x_wconf 83' lang='grc' dir='ltr'>εὶς</span> <span class='ocrx_word' id='word_1_620' title='bbox 1619 1592 1749 1629; x_wconf 72' lang='grc' dir='ltr'>ὠφέλειαν.</span> <span class='ocrx_word' id='word_1_621' title='bbox 1793 1592 1944 1630; x_wconf 71' lang='grc' dir='ltr'><strong>Ἐγχωμιων</strong></span> 
     </span>
    </p>
   </div>
   <div class='ocr_carea' id='block_1_88' title="bbox 1144 1635 1944 1674">
    <p class='ocr_par' dir='ltr' id='par_1_88' title="bbox 1144 1635 1944 1674">
     <span class='ocr_line' id='line_1_88' title="bbox 1144 1635 1944 1674; baseline 0.003 -12"><span class='ocrx_word' id='word_1_622' title='bbox 1144 1637 1189 1672; x_wconf 68' lang='grc' dir='ltr'>μὲν</span> <span class='ocrx_word' id='word_1_623' title='bbox 1201 1637 1251 1673; x_wconf 74' lang='grc' dir='ltr'>’γὰρ</span> <span class='ocrx_word' id='word_1_624' title='bbox 1271 1638 1346 1672; x_wconf 81' lang='grc' dir='ltr'>νόμος</span> <span class='ocrx_word' id='word_1_625' title='bbox 1366 1635 1486 1674; x_wconf 75' lang='grc' dir='ltr'>πατρίδα</span> <span class='ocrx_word' id='word_1_626' title='bbox 1509 1635 1692 1674; x_wconf 77' lang='grc' dir='ltr'>διερευνᾶσθαι</span> <span class='ocrx_word' id='word_1_627' title='bbox 1706 1639 1775 1673; x_wconf 74' lang='grc'><strong>(54),</strong></span> <span class='ocrx_word' id='word_1_628' title='bbox 1805 1640 1850 1664; x_wconf 76' lang='grc' dir='ltr'>καὶ</span> <span class='ocrx_word' id='word_1_629' title='bbox 1871 1640 1944 1674; x_wconf 71' lang='grc' dir='ltr'>γόνος</span> 
     </span>
    </p>
   </div>
   <div class='ocr_carea' id='block_1_89' title="bbox 1145 1679 1944 1718">
    <p class='ocr_par' dir='ltr' id='par_1_89' title="bbox 1145 1679 1944 1718">
     <span class='ocr_line' id='line_1_89' title="bbox 1145 1679 1944 1718; baseline 0.003 -12"><span class='ocrx_word' id='word_1_630' title='bbox 1145 1679 1291 1714; x_wconf 74' lang='grc' dir='ltr'>ἀναζητεῖν,</span> <span class='ocrx_word' id='word_1_631' title='bbox 1319 1683 1364 1707; x_wconf 76' lang='grc' dir='ltr'><strong>καὶ</strong></span> <span class='ocrx_word' id='word_1_632' title='bbox 1387 1680 1492 1717; x_wconf 74' lang='grc' dir='ltr'><strong>ἀγωγὴν</strong></span> <span class='ocrx_word' id='word_1_633' title='bbox 1522 1679 1695 1717; x_wconf 78' lang='grc' dir='ltr'>διηγεῖσθαι·</span> <span class='ocrx_word' id='word_1_634' title='bbox 1724 1683 1737 1707; x_wconf 83' lang='grc' dir='ltr'><strong><em>ὁ</em></strong></span> <span class='ocrx_word' id='word_1_635' title='bbox 1764 1680 1794 1708; x_wconf 61' lang='grc' dir='ltr'>δι</span> <span class='ocrx_word' id='word_1_636' title='bbox 1819 1682 1944 1718; x_wconf 73' lang='grc' dir='ltr'>ἡμέτερος</span> 
     </span>
    </p>
   </div>
   <div class='ocr_carea' id='block_1_90' title="bbox 1143 1726 1943 1763">
    <p class='ocr_par' dir='ltr' id='par_1_90' title="bbox 1143 1726 1943 1763">
     <span class='ocr_line' id='line_1_90' title="bbox 1143 1726 1943 1763; baseline 0.001 -11"><span class='ocrx_word' id='word_1_637' title='bbox 1143 1727 1229 1762; x_wconf 83' lang='grc' dir='ltr'>νόμος,</span> <span class='ocrx_word' id='word_1_638' title='bbox 1258 1728 1316 1757; x_wconf 79' lang='grc' dir='ltr'>τοὺς</span> <span class='ocrx_word' id='word_1_639' title='bbox 1342 1730 1392 1752; x_wconf 86' lang='grc' dir='ltr'>τῶν</span> <span class='ocrx_word' id='word_1_640' title='bbox 1418 1728 1538 1762; x_wconf 73' lang='grc' dir='ltr'>’γειτόνων</span> <span class='ocrx_word' id='word_1_641' title='bbox 1564 1726 1653 1763; x_wconf 74' lang='grc' dir='ltr'>λόγους</span> <span class='ocrx_word' id='word_1_642' title='bbox 1676 1728 1868 1762; x_wconf 75' lang='grc' dir='ltr'>χατασιγάσας,</span> <span class='ocrx_word' id='word_1_643' title='bbox 1890 1726 1943 1753; x_wconf 80' lang='grc' dir='ltr'>ἀπὸ</span> 
     </span>
    </p>
   </div>
   <div class='ocr_carea' id='block_1_91' title="bbox 1117 1769 1942 1809">
    <p class='ocr_par' dir='ltr' id='par_1_91' title="bbox 1117 1769 1942 1809">
     <span class='ocr_line' id='line_1_91' title="bbox 1117 1769 1942 1809; baseline 0.002 -13"><span class='ocrx_word' id='word_1_644' title='bbox 1117 1802 1119 1808; x_wconf 29' lang='grc' dir='ltr'><strong>Υ</strong></span> <span class='ocrx_word' id='word_1_645' title='bbox 1143 1775 1194 1796; x_wconf 84' lang='grc' dir='ltr'>τῶν</span> <span class='ocrx_word' id='word_1_646' title='bbox 1219 1769 1293 1797; x_wconf 81' lang='grc' dir='ltr'>ἰδίων</span> <span class='ocrx_word' id='word_1_647' title='bbox 1316 1770 1428 1797; x_wconf 72' lang='grc' dir='ltr'>ἑκάστου</span> <span class='ocrx_word' id='word_1_648' title='bbox 1453 1773 1501 1800; x_wconf 82' lang='grc' dir='ltr'>τὴν</span> <span class='ocrx_word' id='word_1_649' title='bbox 1525 1773 1671 1808; x_wconf 75' lang='grc' dir='ltr'>μαρτυρίαν</span> <span class='ocrx_word' id='word_1_650' title='bbox 1705 1771 1810 1808; x_wconf 79' lang='grc' dir='ltr'>πληροῖ.</span> <span class='ocrx_word' id='word_1_651' title='bbox 1841 1771 1873 1798; x_wconf 87' lang='grc' dir='ltr'>Τί</span> <span class='ocrx_word' id='word_1_652' title='bbox 1892 1772 1942 1809; x_wconf 75' lang='grc' dir='ltr'>γὰρ</span> 
     </span>
    </p>
   </div>
   <div class='ocr_carea' id='block_1_92' title="bbox 1145 1814 1941 1852">
    <p class='ocr_par' dir='ltr' id='par_1_92' title="bbox 1145 1814 1941 1852">
     <span class='ocr_line' id='line_1_92' title="bbox 1145 1814 1941 1852; baseline 0.003 -11"><span class='ocrx_word' id='word_1_653' title='bbox 1145 1814 1192 1851; x_wconf 79' lang='grc' dir='ltr'><strong>ὶγώ</strong></span> <span class='ocrx_word' id='word_1_654' title='bbox 1206 1816 1279 1852; x_wconf 78' lang='grc' dir='ltr'>παρὰ</span> <span class='ocrx_word' id='word_1_655' title='bbox 1293 1819 1370 1842; x_wconf 81' lang='grc' dir='ltr'>τοῦτο</span> <span class='ocrx_word' id='word_1_656' title='bbox 1393 1818 1552 1852; x_wconf 74' lang='grc' dir='ltr'>σεμνότερος,</span> <span class='ocrx_word' id='word_1_657' title='bbox 1579 1816 1601 1842; x_wconf 83' lang='grc' dir='ltr'>εἱ</span> <span class='ocrx_word' id='word_1_658' title='bbox 1627 1817 1642 1845; x_wconf 81' lang='grc' dir='ltr'><strong>ἠ</strong></span> <span class='ocrx_word' id='word_1_659' title='bbox 1673 1816 1748 1848; x_wconf 82' lang='grc' dir='ltr'>πόλις</span> <span class='ocrx_word' id='word_1_660' title='bbox 1772 1817 1835 1843; x_wconf 64' lang='grc' dir='ltr'>ποτ-ἃ</span> <span class='ocrx_word' id='word_1_661' title='bbox 1857 1816 1941 1852; x_wconf 80' lang='grc' dir='ltr'>χαλε-</span> 
     </span>
    </p>
   </div>
   <div class='ocr_carea' id='block_1_93' title="bbox 1117 1854 1942 1897">
    <p class='ocr_par' dir='ltr' id='par_1_93' title="bbox 1117 1854 1942 1897">
     <span class='ocr_line' id='line_1_93' title="bbox 1117 1854 1942 1897; baseline 0 -10"><span class='ocrx_word' id='word_1_662' title='bbox 1117 1854 1120 1888; x_wconf 50' lang='grc' dir='ltr'><strong>ί</strong></span> <span class='ocrx_word' id='word_1_663' title='bbox 1143 1861 1206 1890; x_wconf 84' lang='grc' dir='ltr'>ποὺς</span> <span class='ocrx_word' id='word_1_664' title='bbox 1234 1862 1278 1886; x_wconf 80' lang='grc' dir='ltr'><strong>καὶ</strong></span> <span class='ocrx_word' id='word_1_665' title='bbox 1315 1860 1443 1896; x_wconf 74' lang='grc' dir='ltr'>μεγάλους</span> <span class='ocrx_word' id='word_1_666' title='bbox 1487 1860 1587 1896; x_wconf 74' lang='grc' dir='ltr'>ἀγῶνας</span> <span class='ocrx_word' id='word_1_667' title='bbox 1615 1858 1796 1897; x_wconf 70' lang='grc' dir='ltr'>διενεγκοῦσα,</span> <span class='ocrx_word' id='word_1_668' title='bbox 1834 1861 1942 1897; x_wconf 78' lang='grc' dir='ltr'>λαμπρὰ</span> 
     </span>
    </p>
   </div>
   <div class='ocr_carea' id='block_1_94' title="bbox 1143 1903 1942 1942">
    <p class='ocr_par' dir='ltr' id='par_1_94' title="bbox 1143 1903 1942 1942">
     <span class='ocr_line' id='line_1_94' title="bbox 1143 1903 1942 1942; baseline 0.001 -11"><span class='ocrx_word' id='word_1_669' title='bbox 1143 1906 1209 1931; x_wconf 81' lang='grc' dir='ltr'>κατὰ</span> <span class='ocrx_word' id='word_1_670' title='bbox 1223 1909 1272 1930; x_wconf 85' lang='grc' dir='ltr'>τῶν</span> <span class='ocrx_word' id='word_1_671' title='bbox 1286 1905 1412 1941; x_wconf 83' lang='grc' dir='ltr'>πολεμίων</span> <span class='ocrx_word' id='word_1_672' title='bbox 1428 1904 1554 1934; x_wconf 71' lang='grc' dir='ltr'>ἀνέστησε</span> <span class='ocrx_word' id='word_1_673' title='bbox 1567 1906 1622 1941; x_wconf 77' lang='lat'><strong>(55)</strong></span> <span class='ocrx_word' id='word_1_674' title='bbox 1637 1908 1751 1942; x_wconf 82' lang='grc' dir='ltr'>τρόπαια</span> <span class='ocrx_word' id='word_1_675' title='bbox 1764 1913 1771 1940; x_wconf 87' lang='lat'><strong>;</strong></span> <span class='ocrx_word' id='word_1_676' title='bbox 1801 1907 1827 1932; x_wconf 83' lang='grc' dir='ltr'><strong>τί</strong></span> <span class='ocrx_word' id='word_1_677' title='bbox 1852 1903 1892 1939; x_wconf 77' lang='grc' dir='ltr'><strong>δι,</strong></span> <span class='ocrx_word' id='word_1_678' title='bbox 1918 1905 1942 1932; x_wconf 66' lang='grc' dir='ltr'>εἰ</span> 
     </span>
    </p>
   </div>
   <div class='ocr_carea' id='block_1_95' title="bbox 1144 1948 1941 1988">
    <p class='ocr_par' dir='ltr' id='par_1_95' title="bbox 1144 1948 1941 1988">
     <span class='ocr_line' id='line_1_95' title="bbox 1144 1948 1941 1988; baseline 0.001 -13"><span class='ocrx_word' id='word_1_679' title='bbox 1144 1949 1236 1979; x_wconf 73' lang='grc' dir='ltr'>θέσεως</span> <span class='ocrx_word' id='word_1_680' title='bbox 1261 1949 1378 1986; x_wconf 78' lang='grc' dir='ltr'>εὖκαίρος</span> <span class='ocrx_word' id='word_1_681' title='bbox 1401 1951 1468 1986; x_wconf 75' lang='grc' dir='ltr'>ἔχει,</span> <span class='ocrx_word' id='word_1_682' title='bbox 1496 1951 1530 1981; x_wconf 85' lang='grc' dir='ltr'>ὡς</span> <span class='ocrx_word' id='word_1_683' title='bbox 1563 1951 1628 1988; x_wconf 85' lang='grc' dir='ltr'>πρὸς</span> <span class='ocrx_word' id='word_1_684' title='bbox 1665 1951 1782 1987; x_wconf 77' lang='grc' dir='ltr'>χειμῶνά</span> <span class='ocrx_word' id='word_1_685' title='bbox 1821 1959 1848 1976; x_wconf 81' lang='grc' dir='ltr'><strong>τε</strong></span> <span class='ocrx_word' id='word_1_686' title='bbox 1874 1948 1941 1976; x_wconf 75' lang='grc' dir='ltr'>εἶναι</span> 
     </span>
    </p>
   </div>
   <div class='ocr_carea' id='block_1_96' title="bbox 1141 1992 1942 2031">
    <p class='ocr_par' dir='ltr' id='par_1_96' title="bbox 1141 1992 1942 2031">
     <span class='ocr_line' id='line_1_96' title="bbox 1141 1992 1942 2031; baseline 0.001 -12"><span class='ocrx_word' id='word_1_687' title='bbox 1141 1993 1186 2019; x_wconf 78' lang='grc' dir='ltr'>καὶ</span> <span class='ocrx_word' id='word_1_688' title='bbox 1203 1995 1272 2030; x_wconf 82' lang='grc' dir='ltr'><strong>θέρος</strong></span> <span class='ocrx_word' id='word_1_689' title='bbox 1285 1992 1454 2028; x_wconf 58' lang='grc' dir='ltr'>ἂπιτηδείαη</span> <span class='ocrx_word' id='word_1_690' title='bbox 1487 1995 1517 2021; x_wconf 82' lang='grc' dir='ltr'><strong>Εἰ</strong></span> <span class='ocrx_word' id='word_1_691' title='bbox 1539 1993 1569 2021; x_wconf 67' lang='grc' dir='ltr'>δι</span> <span class='ocrx_word' id='word_1_692' title='bbox 1592 1997 1637 2022; x_wconf 73' lang='grc' dir='ltr'>καὶ</span> <span class='ocrx_word' id='word_1_693' title='bbox 1657 1996 1673 2024; x_wconf 87' lang='grc' dir='ltr'><strong>ἡ</strong></span> <span class='ocrx_word' id='word_1_694' title='bbox 1698 1994 1764 2024; x_wconf 77' lang='grc' dir='ltr'>αὑτὴ</span> <span class='ocrx_word' id='word_1_695' title='bbox 1787 1992 1888 2031; x_wconf 71' lang='grc' dir='ltr'>ἀνδρῶν</span> <span class='ocrx_word' id='word_1_696' title='bbox 1911 1995 1942 2021; x_wconf 70' lang='grc' dir='ltr'><strong>τι</strong></span> 
     </span>
    </p>
   </div>
   <div class='ocr_carea' id='block_1_97' title="bbox 1142 2037 1942 2078">
    <p class='ocr_par' dir='ltr' id='par_1_97' title="bbox 1142 2037 1942 2078">
     <span class='ocr_line' id='line_1_97' title="bbox 1142 2037 1942 2078; baseline 0.003 -14"><span class='ocrx_word' id='word_1_697' title='bbox 1142 2037 1213 2064; x_wconf 78' lang='grc' dir='ltr'>ἔστιν</span> <span class='ocrx_word' id='word_1_698' title='bbox 1232 2039 1346 2075; x_wconf 68' lang='grc' dir='ltr'>εὔφορος,</span> <span class='ocrx_word' id='word_1_699' title='bbox 1371 2041 1416 2066; x_wconf 81' lang='grc' dir='ltr'>καὶ</span> <span class='ocrx_word' id='word_1_700' title='bbox 1446 2038 1606 2076; x_wconf 79' lang='grc' dir='ltr'>βοσκήματα</span> <span class='ocrx_word' id='word_1_701' title='bbox 1628 2041 1729 2078; x_wconf 75' lang='grc' dir='ltr'>τρέφειν</span> <span class='ocrx_word' id='word_1_702' title='bbox 1755 2039 1898 2078; x_wconf 76' lang='grc' dir='ltr'>αὐτάρκης,</span> <span class='ocrx_word' id='word_1_703' title='bbox 1914 2040 1942 2066; x_wconf 77' lang='grc' dir='ltr'><strong>τί</strong></span> 
     </span>
    </p>
   </div>
   <div class='ocr_carea' id='block_1_98' title="bbox 1141 2082 1941 2120">
    <p class='ocr_par' dir='ltr' id='par_1_98' title="bbox 1141 2082 1941 2120">
     <span class='ocr_line' id='line_1_98' title="bbox 1141 2082 1941 2120; baseline 0.001 -11"><span class='ocrx_word' id='word_1_704' title='bbox 1141 2093 1186 2119; x_wconf 93' lang='grc' dir='ltr'><strong>μοι</strong></span> <span class='ocrx_word' id='word_1_705' title='bbox 1212 2082 1239 2109; x_wconf 72' lang='grc' dir='ltr'><strong>ἔκ</strong></span> <span class='ocrx_word' id='word_1_706' title='bbox 1267 2085 1364 2110; x_wconf 85' lang='grc' dir='ltr'>τούτων</span> <span class='ocrx_word' id='word_1_707' title='bbox 1391 2083 1497 2120; x_wconf 75' lang='grc' dir='ltr'>ὅφελος;</span> <span class='ocrx_word' id='word_1_708' title='bbox 1525 2084 1604 2111; x_wconf 77' lang='grc' dir='ltr'>Ἀλλὰ</span> <span class='ocrx_word' id='word_1_709' title='bbox 1627 2087 1673 2112; x_wconf 78' lang='grc' dir='ltr'>και</span> <span class='ocrx_word' id='word_1_710' title='bbox 1700 2088 1757 2115; x_wconf 84' lang='grc' dir='ltr'>ταῖς</span> <span class='ocrx_word' id='word_1_711' title='bbox 1781 2088 1831 2110; x_wconf 80' lang='grc' dir='ltr'>τῶν</span> <span class='ocrx_word' id='word_1_712' title='bbox 1856 2085 1941 2110; x_wconf 80' lang='grc' dir='ltr'>ἳππων</span> 
     </span>
    </p>
   </div>
   <div class='ocr_carea' id='block_1_99' title="bbox 1113 2126 1941 2166">
    <p class='ocr_par' dir='ltr' id='par_1_99' title="bbox 1113 2126 1941 2166">
     <span class='ocr_line' id='line_1_99' title="bbox 1113 2126 1941 2166; baseline 0.004 -15"><span class='ocrx_word' id='word_1_713' title='bbox 1113 2144 1115 2151; x_wconf 59' lang='grc'><strong>»</strong></span> <span class='ocrx_word' id='word_1_714' title='bbox 1142 2126 1244 2163; x_wconf 71' lang='grc' dir='ltr'>ἀγέλαις</span> <span class='ocrx_word' id='word_1_715' title='bbox 1255 2132 1303 2159; x_wconf 87' lang='grc' dir='ltr'>τῆς</span> <span class='ocrx_word' id='word_1_716' title='bbox 1325 2127 1367 2164; x_wconf 73' lang='grc' dir='ltr'><strong>ὑφ’</strong></span> <span class='ocrx_word' id='word_1_717' title='bbox 1392 2127 1457 2164; x_wconf 71' lang='grc' dir='ltr'>ἡλίῳ</span> <span class='ocrx_word' id='word_1_718' title='bbox 1486 2131 1586 2166; x_wconf 81' lang='grc' dir='ltr'>κρατεῖ·</span> <span class='ocrx_word' id='word_1_719' title='bbox 1609 2131 1642 2156; x_wconf 82' lang='grc' dir='ltr'>Τί</span> <span class='ocrx_word' id='word_1_720' title='bbox 1669 2127 1714 2155; x_wconf 80' lang='grc' dir='ltr'>οὖν</span> <span class='ocrx_word' id='word_1_721' title='bbox 1735 2130 1803 2166; x_wconf 79' lang='grc' dir='ltr'>ἡμᾶς</span> <span class='ocrx_word' id='word_1_722' title='bbox 1829 2127 1941 2155; x_wconf 83' lang='grc' dir='ltr'>δύναται</span> 
     </span>
    </p>
   </div>
   <div class='ocr_carea' id='block_1_100' title="bbox 1140 2171 1938 2211">
    <p class='ocr_par' dir='ltr' id='par_1_100' title="bbox 1140 2171 1938 2211">
     <span class='ocr_line' id='line_1_100' title="bbox 1140 2171 1938 2211; baseline 0.001 -13"><span class='ocrx_word' id='word_1_723' title='bbox 1140 2176 1224 2198; x_wconf 82' lang='grc' dir='ltr'>ταῦτα</span> <span class='ocrx_word' id='word_1_724' title='bbox 1238 2174 1285 2202; x_wconf 79' lang='grc' dir='ltr'>τὴν</span> <span class='ocrx_word' id='word_1_725' title='bbox 1301 2171 1461 2210; x_wconf 78' lang='grc' dir='ltr'>ἀνθρωπείαν</span> <span class='ocrx_word' id='word_1_726' title='bbox 1488 2172 1581 2211; x_wconf 80' lang='grc' dir='ltr'>ἀρετὴν</span> <span class='ocrx_word' id='word_1_727' title='bbox 1605 2172 1727 2210; x_wconf 85' lang='grc' dir='ltr'>βελτίους</span> <span class='ocrx_word' id='word_1_728' title='bbox 1747 2177 1878 2206; x_wconf 61' lang='lat' dir='ltr'><strong>«aliqua;</strong></span> <span class='ocrx_word' id='word_1_729' title='bbox 1902 2172 1938 2199; x_wconf 81' lang='grc' dir='ltr'><strong>Ἦ</strong></span> 
     </span>
    </p>
   </div>
   <div class='ocr_carea' id='block_1_101' title="bbox 1101 2215 1938 2263">
    <p class='ocr_par' dir='ltr' id='par_1_101' title="bbox 1101 2215 1938 2263">
     <span class='ocr_line' id='line_1_101' title="bbox 1101 2215 1938 2263; baseline 0 -20"><span class='ocrx_word' id='word_1_730' title='bbox 1101 2235 1124 2263; x_wconf 78' lang='lat' dir='ltr'><strong>D</strong></span> <span class='ocrx_word' id='word_1_731' title='bbox 1139 2226 1190 2243; x_wconf 86' lang='grc' dir='ltr'><strong>που</strong></span> <span class='ocrx_word' id='word_1_732' title='bbox 1203 2219 1247 2243; x_wconf 76' lang='grc' dir='ltr'><strong>καὶ</strong></span> <span class='ocrx_word' id='word_1_733' title='bbox 1260 2218 1307 2248; x_wconf 88' lang='grc' dir='ltr'><strong>τὰς</strong></span> <span class='ocrx_word' id='word_1_734' title='bbox 1318 2221 1365 2243; x_wconf 85' lang='grc' dir='ltr'>τοῦ</span> <span class='ocrx_word' id='word_1_735' title='bbox 1384 2219 1496 2253; x_wconf 80' lang='grc' dir='ltr'>γείτονος</span> <span class='ocrx_word' id='word_1_736' title='bbox 1524 2220 1598 2256; x_wconf 82' lang='grc' dir='ltr'>ὄρους</span> <span class='ocrx_word' id='word_1_737' title='bbox 1623 2219 1737 2257; x_wconf 77' lang='grc' dir='ltr'>κορυφὰς</span> <span class='ocrx_word' id='word_1_738' title='bbox 1756 2215 1938 2254; x_wconf 76' lang='grc' dir='ltr'>διηγούμενοι,</span> 
     </span>
    </p>
   </div>
   <div class='ocr_carea' id='block_1_102' title="bbox 1139 2260 1940 2299">
    <p class='ocr_par' dir='ltr' id='par_1_102' title="bbox 1139 2260 1940 2299">
     <span class='ocr_line' id='line_1_102' title="bbox 1139 2260 1940 2299; baseline 0.001 -12"><span class='ocrx_word' id='word_1_739' title='bbox 1139 2263 1175 2292; x_wconf 86' lang='grc' dir='ltr'>ὡς</span> <span class='ocrx_word' id='word_1_740' title='bbox 1189 2262 1335 2298; x_wconf 78' lang='grc' dir='ltr'>ὑπερνεφείς</span> <span class='ocrx_word' id='word_1_741' title='bbox 1346 2263 1374 2288; x_wconf 82' lang='grc' dir='ltr'>τέ</span> <span class='ocrx_word' id='word_1_742' title='bbox 1388 2262 1440 2289; x_wconf 80' lang='grc' dir='ltr'>εἰσι</span> <span class='ocrx_word' id='word_1_743' title='bbox 1463 2265 1509 2289; x_wconf 79' lang='grc' dir='ltr'><strong>καὶ</strong></span> <span class='ocrx_word' id='word_1_744' title='bbox 1535 2262 1577 2289; x_wconf 69' lang='grc' dir='ltr'><strong>ἐπὶ</strong></span> <span class='ocrx_word' id='word_1_745' title='bbox 1604 2263 1670 2290; x_wconf 84' lang='grc' dir='ltr'>πολὺ</span> <span class='ocrx_word' id='word_1_746' title='bbox 1694 2266 1739 2289; x_wconf 82' lang='grc' dir='ltr'><strong>τοῦ</strong></span> <span class='ocrx_word' id='word_1_747' title='bbox 1763 2261 1836 2299; x_wconf 74' lang='grc' dir='ltr'>ὰὲρος</span> <span class='ocrx_word' id='word_1_748' title='bbox 1860 2260 1940 2289; x_wconf 80' lang='grc' dir='ltr'>διαν-</span> 
     </span>
    </p>
   </div>
   <div class='ocr_carea' id='block_1_103' title="bbox 1114 1892 1116 1906">
    <p class='ocr_par' dir='ltr' id='par_1_103' title="bbox 1114 1892 1116 1906">
     <span class='ocr_line' id='line_1_103' title="bbox 1114 1892 1116 1906; baseline 0 0"><span class='ocrx_word' id='word_1_749' title='bbox 1114 1892 1116 1906; x_wconf 80' lang='lat' dir='ltr'><strong>l</strong></span> 
     </span>
    </p>
   </div>
   <div class='ocr_carea' id='block_1_104' title="bbox 1139 2305 1940 2344">
    <p class='ocr_par' dir='ltr' id='par_1_104' title="bbox 1139 2305 1940 2344">
     <span class='ocr_line' id='line_1_104' title="bbox 1139 2305 1940 2344; baseline 0.004 -13"><span class='ocrx_word' id='word_1_750' title='bbox 1139 2308 1293 2341; x_wconf 75' lang='grc' dir='ltr'>εστήκασιν,</span> <span class='ocrx_word' id='word_1_751' title='bbox 1310 2306 1418 2337; x_wconf 76' lang='grc' dir='ltr'>ἑαυτοὺς</span> <span class='ocrx_word' id='word_1_752' title='bbox 1433 2305 1602 2343; x_wconf 77' lang='grc' dir='ltr'>ἆπατήσομεν</span> <span class='ocrx_word' id='word_1_753' title='bbox 1613 2308 1672 2343; x_wconf 80' lang='grc'><strong>(56)</strong></span> <span class='ocrx_word' id='word_1_754' title='bbox 1692 2309 1724 2338; x_wconf 84' lang='grc' dir='ltr'>ὡς</span> <span class='ocrx_word' id='word_1_755' title='bbox 1747 2310 1803 2338; x_wconf 83' lang='grc' dir='ltr'>τοῖς</span> <span class='ocrx_word' id='word_1_756' title='bbox 1822 2305 1940 2344; x_wconf 69' lang='grc' dir='ltr'>ἀνδράσι</span> 
     </span>
    </p>
   </div>
   <div class='ocr_carea' id='block_1_105' title="bbox 1138 2349 1939 2390">
    <p class='ocr_par' dir='ltr' id='par_1_105' title="bbox 1138 2349 1939 2390">
     <span class='ocr_line' id='line_1_105' title="bbox 1138 2349 1939 2390; baseline 0.002 -13"><span class='ocrx_word' id='word_1_757' title='bbox 1138 2349 1185 2377; x_wconf 81' lang='grc' dir='ltr'>διὰ</span> <span class='ocrx_word' id='word_1_758' title='bbox 1199 2352 1297 2378; x_wconf 82' lang='grc' dir='ltr'>τούτων</span> <span class='ocrx_word' id='word_1_759' title='bbox 1317 2351 1501 2390; x_wconf 75' lang='grc' dir='ltr'>ἐκπληροῦντες</span> <span class='ocrx_word' id='word_1_760' title='bbox 1526 2353 1569 2378; x_wconf 82' lang='grc' dir='ltr'>τὸν</span> <span class='ocrx_word' id='word_1_761' title='bbox 1597 2353 1722 2386; x_wconf 62' lang='lat' dir='ltr'><strong>Exanimat;</strong></span> <span class='ocrx_word' id='word_1_762' title='bbox 1752 2353 1856 2379; x_wconf 77' lang='grc' dir='ltr'>Πάντων</span> <span class='ocrx_word' id='word_1_763' title='bbox 1881 2352 1939 2379; x_wconf 79' lang='grc' dir='ltr'><strong>ἔστί</strong></span> 
     </span>
    </p>
   </div>
   <div class='ocr_carea' id='block_1_106' title="bbox 1136 2396 1936 2436">
    <p class='ocr_par' dir='ltr' id='par_1_106' title="bbox 1136 2396 1936 2436">
     <span class='ocr_line' id='line_1_106' title="bbox 1136 2396 1936 2436; baseline 0.001 -13"><span class='ocrx_word' id='word_1_764' title='bbox 1136 2396 1405 2434; x_wconf 75' lang='grc' dir='ltr'>καταγελαστότατον,</span> <span class='ocrx_word' id='word_1_765' title='bbox 1430 2397 1489 2424; x_wconf 81' lang='grc' dir='ltr'>ὁλου</span> <span class='ocrx_word' id='word_1_766' title='bbox 1518 2401 1564 2424; x_wconf 79' lang='grc' dir='ltr'>τοῦ</span> <span class='ocrx_word' id='word_1_767' title='bbox 1586 2400 1688 2435; x_wconf 81' lang='grc' dir='ltr'>κόσμου</span> <span class='ocrx_word' id='word_1_768' title='bbox 1712 2399 1785 2436; x_wconf 81' lang='grc' dir='ltr'>παρὰ</span> <span class='ocrx_word' id='word_1_769' title='bbox 1807 2401 1857 2424; x_wconf 84' lang='grc' dir='ltr'>τῶν</span> <span class='ocrx_word' id='word_1_770' title='bbox 1892 2396 1936 2424; x_wconf 84' lang='grc' dir='ltr'>δι-</span> 
     </span>
    </p>
   </div>
   <div class='ocr_carea' id='block_1_107' title="bbox 1135 2440 1937 2479">
    <p class='ocr_par' dir='ltr' id='par_1_107' title="bbox 1135 2440 1937 2479">
     <span class='ocr_line' id='line_1_107' title="bbox 1135 2440 1937 2479; baseline 0 -11"><span class='ocrx_word' id='word_1_771' title='bbox 1135 2444 1215 2468; x_wconf 77' lang='grc' dir='ltr'>καίων</span> <span class='ocrx_word' id='word_1_772' title='bbox 1254 2442 1447 2479; x_wconf 72' lang='grc' dir='ltr'>ὑπεροφθέντος,</span> <span class='ocrx_word' id='word_1_773' title='bbox 1486 2443 1553 2478; x_wconf 82' lang='grc' dir='ltr'>ἡμᾶς</span> <span class='ocrx_word' id='word_1_774' title='bbox 1579 2441 1606 2474; x_wconf 75' lang='grc' dir='ltr'><strong>εξ</strong></span> <span class='ocrx_word' id='word_1_775' title='bbox 1644 2442 1735 2478; x_wconf 69' lang='grc' dir='ltr'>ὀλίγων</span> <span class='ocrx_word' id='word_1_776' title='bbox 1768 2446 1819 2469; x_wconf 81' lang='grc' dir='ltr'>τῶν</span> <span class='ocrx_word' id='word_1_777' title='bbox 1844 2440 1937 2479; x_wconf 73' lang='grc' dir='ltr'>ἀτιμα-</span> 
     </span>
    </p>
   </div>
   <div class='ocr_carea' id='block_1_108' title="bbox 1135 2486 1937 2525">
    <p class='ocr_par' dir='ltr' id='par_1_108' title="bbox 1135 2486 1937 2525">
     <span class='ocr_line' id='line_1_108' title="bbox 1135 2486 1937 2525; baseline 0 -13"><span class='ocrx_word' id='word_1_778' title='bbox 1135 2488 1246 2514; x_wconf 67' lang='grc' dir='ltr'>σθέντων</span> <span class='ocrx_word' id='word_1_779' title='bbox 1272 2486 1387 2524; x_wconf 84' lang='grc' dir='ltr'>πληροῦν</span> <span class='ocrx_word' id='word_1_780' title='bbox 1416 2486 1505 2518; x_wconf 73' lang='grc' dir='ltr'>αὐτοῖς</span> <span class='ocrx_word' id='word_1_781' title='bbox 1528 2488 1563 2513; x_wconf 78' lang='grc' dir='ltr'><strong>τὰ</strong></span> <span class='ocrx_word' id='word_1_782' title='bbox 1587 2486 1716 2524; x_wconf 69' lang='grc' dir='ltr'><strong>ἐγκώμια,</strong></span> <span class='ocrx_word' id='word_1_783' title='bbox 1744 2487 1833 2525; x_wconf 71' lang='grc' dir='ltr'>’Δριιεί</span> <span class='ocrx_word' id='word_1_784' title='bbox 1851 2489 1937 2514; x_wconf 80' lang='grc' dir='ltr'>τοίνυν</span> 
     </span>
    </p>
   </div>
   <div class='ocr_carea' id='block_1_109' title="bbox 1133 2529 1938 2570">
    <p class='ocr_par' dir='ltr' id='par_1_109' title="bbox 1133 2529 1938 2570">
     <span class='ocr_line' id='line_1_109' title="bbox 1133 2529 1938 2570; baseline 0.002 -13"><span class='ocrx_word' id='word_1_785' title='bbox 1133 2532 1148 2561; x_wconf 85' lang='grc' dir='ltr'><strong>ἠ</strong></span> <span class='ocrx_word' id='word_1_786' title='bbox 1165 2533 1254 2568; x_wconf 82' lang='grc' dir='ltr'>μνήμη</span> <span class='ocrx_word' id='word_1_787' title='bbox 1270 2533 1333 2570; x_wconf 87' lang='grc' dir='ltr'>πρὸς</span> <span class='ocrx_word' id='word_1_788' title='bbox 1347 2531 1467 2568; x_wconf 75' lang='grc' dir='ltr'>ὠφέλειαν</span> <span class='ocrx_word' id='word_1_789' title='bbox 1483 2529 1601 2569; x_wconf 74' lang='grc' dir='ltr'>διηνεχῇ.</span> <span class='ocrx_word' id='word_1_790' title='bbox 1624 2532 1662 2559; x_wconf 78' lang='lat' dir='ltr'><strong>Ou&#39;</strong></span> <span class='ocrx_word' id='word_1_791' title='bbox 1688 2532 1740 2570; x_wconf 70' lang='grc' dir='ltr'>γὰρ</span> <span class='ocrx_word' id='word_1_792' title='bbox 1767 2530 1802 2562; x_wconf 79' lang='grc' dir='ltr'>δὴ</span> <span class='ocrx_word' id='word_1_793' title='bbox 1832 2531 1938 2563; x_wconf 69' lang='grc' dir='ltr'>ἐκείνοις</span> 
     </span>
    </p>
   </div>
   <div class='ocr_carea' id='block_1_110' title="bbox 283 2610 1180 2650">
    <p class='ocr_par' dir='ltr' id='par_1_110' title="bbox 283 2610 1180 2650">
     <span class='ocr_line' id='line_1_110' title="bbox 283 2610 1180 2650; baseline 0.001 -11"><span class='ocrx_word' id='word_1_794' title='bbox 283 2610 308 2629; x_wconf 82' lang='grc'><strong>⁹⁰</strong></span> <span class='ocrx_word' id='word_1_795' title='bbox 320 2612 408 2640; x_wconf 82' lang='grc' dir='ltr'>Νιιω.</span> <span class='ocrx_word' id='word_1_796' title='bbox 422 2618 454 2647; x_wconf 86' lang='lat'><strong>1|,</strong></span> <span class='ocrx_word' id='word_1_797' title='bbox 470 2613 497 2647; x_wconf 89' lang='lat'><strong>3,</strong></span> <span class='ocrx_word' id='word_1_798' title='bbox 535 2611 558 2630; x_wconf 75' lang='grc'><strong>⁹¹</strong></span> <span class='ocrx_word' id='word_1_799' title='bbox 575 2612 680 2640; x_wconf 85' lang='lat' dir='ltr'><strong>Genes.</strong></span> <span class='ocrx_word' id='word_1_800' title='bbox 696 2619 798 2645; x_wconf 79' lang='lat' dir='ltr'><strong>xxxtx,</strong></span> <span class='ocrx_word' id='word_1_801' title='bbox 813 2612 841 2639; x_wconf 87' lang='lat'><strong>8.</strong></span> <span class='ocrx_word' id='word_1_802' title='bbox 879 2612 903 2629; x_wconf 81' lang='lat'>&quot;</span> <span class='ocrx_word' id='word_1_803' title='bbox 918 2611 989 2641; x_wconf 85' lang='lat' dir='ltr'><strong>Jud.</strong></span> <span class='ocrx_word' id='word_1_804' title='bbox 1005 2620 1065 2646; x_wconf 80' lang='lat' dir='ltr'><strong>xw,</strong></span> <span class='ocrx_word' id='word_1_805' title='bbox 1081 2614 1096 2641; x_wconf 86' lang='lat'><strong>5</strong></span> <span class='ocrx_word' id='word_1_806' title='bbox 1111 2620 1180 2650; x_wconf 88' lang='lat' dir='ltr'><strong>sqq.</strong></span> 
     </span>
    </p>
   </div>
   <div class='ocr_carea' id='block_1_111' title="bbox 279 2691 1073 2729">
    <p class='ocr_par' dir='ltr' id='par_1_111' title="bbox 279 2691 1073 2729">
     <span class='ocr_line' id='line_1_111' title="bbox 279 2691 1073 2729; baseline 0.003 -10"><span class='ocrx_word' id='word_1_807' title='bbox 279 2691 336 2729; x_wconf 80' lang='lat'><strong>(52)</strong></span> <span class='ocrx_word' id='word_1_808' title='bbox 357 2693 439 2720; x_wconf 90' lang='lat' dir='ltr'><strong>Unus</strong></span> <span class='ocrx_word' id='word_1_809' title='bbox 465 2691 768 2729; x_wconf 54' lang='lat' dir='ltr'><strong>codexszropntﬁaw.</strong></span> <span class='ocrx_word' id='word_1_810' title='bbox 791 2691 907 2721; x_wconf 87' lang='lat' dir='ltr'><strong>Ibidem</strong></span> <span class='ocrx_word' id='word_1_811' title='bbox 929 2691 962 2721; x_wconf 89' lang='lat' dir='ltr'><strong>in</strong></span> <span class='ocrx_word' id='word_1_812' title='bbox 990 2691 1073 2722; x_wconf 91' lang='lat' dir='ltr'><strong>Colb.</strong></span> 
     </span>
    </p>
   </div>
   <div class='ocr_carea' id='block_1_112' title="bbox 243 2727 786 2765">
    <p class='ocr_par' dir='ltr' id='par_1_112' title="bbox 243 2727 786 2765">
     <span class='ocr_line' id='line_1_112' title="bbox 243 2727 786 2765; baseline 0.002 -10"><span class='ocrx_word' id='word_1_813' title='bbox 243 2727 342 2764; x_wconf 90' lang='lat' dir='ltr'><strong>primo</strong></span> <span class='ocrx_word' id='word_1_814' title='bbox 358 2736 414 2765; x_wconf 78' lang='lat' dir='ltr'><strong>pro</strong></span> <span class='ocrx_word' id='word_1_815' title='bbox 425 2730 557 2765; x_wconf 63' lang='grc' dir='ltr'>μακαρίων</span> <span class='ocrx_word' id='word_1_816' title='bbox 571 2727 680 2765; x_wconf 75' lang='lat' dir='ltr'><strong>legitur</strong></span> <span class='ocrx_word' id='word_1_817' title='bbox 693 2728 786 2765; x_wconf 68' lang='grc' dir='ltr'>ᾁγίων.</span> 
     </span>
    </p>
   </div>
   <div class='ocr_carea' id='block_1_113' title="bbox 279 2762 762 2799">
    <p class='ocr_par' dir='ltr' id='par_1_113' title="bbox 279 2762 762 2799">
     <span class='ocr_line' id='line_1_113' title="bbox 279 2762 762 2799; baseline -0.002 -7"><span class='ocrx_word' id='word_1_818' title='bbox 279 2765 336 2799; x_wconf 83' lang='grc'><strong>(53)</strong></span> <span class='ocrx_word' id='word_1_819' title='bbox 354 2762 437 2792; x_wconf 75' lang='lat' dir='ltr'><strong>Colb.</strong></span> <span class='ocrx_word' id='word_1_820' title='bbox 458 2762 568 2799; x_wconf 72' lang='lat' dir='ltr'><strong>tertius</strong></span> <span class='ocrx_word' id='word_1_821' title='bbox 576 2762 762 2791; x_wconf 71' lang='grc' dir='ltr'>διδασκαλίαν.</span> 
     </span>
    </p>
   </div>
   <div class='ocr_carea' id='block_1_114' title="bbox 277 2797 1073 2838">
    <p class='ocr_par' dir='ltr' id='par_1_114' title="bbox 277 2797 1073 2838">
     <span class='ocr_line' id='line_1_114' title="bbox 277 2797 1073 2838; baseline 0.004 -11"><span class='ocrx_word' id='word_1_822' title='bbox 277 2797 336 2835; x_wconf 78' lang='grc'><strong>(54)</strong></span> <span class='ocrx_word' id='word_1_823' title='bbox 347 2801 417 2836; x_wconf 79' lang='lat' dir='ltr'><strong>Reg.</strong></span> <span class='ocrx_word' id='word_1_824' title='bbox 427 2800 544 2836; x_wconf 81' lang='lat' dir='ltr'><strong>primus</strong></span> <span class='ocrx_word' id='word_1_825' title='bbox 555 2797 698 2838; x_wconf 77' lang='grc' dir='ltr'>διερευνᾷν.</span> <span class='ocrx_word' id='word_1_826' title='bbox 709 2798 802 2829; x_wconf 84' lang='lat' dir='ltr'><strong>Paulo</strong></span> <span class='ocrx_word' id='word_1_827' title='bbox 808 2801 876 2836; x_wconf 86' lang='lat' dir='ltr'><strong>post</strong></span> <span class='ocrx_word' id='word_1_828' title='bbox 885 2798 967 2829; x_wconf 87' lang='lat' dir='ltr'><strong>idem</strong></span> <span class='ocrx_word' id='word_1_829' title='bbox 975 2799 1073 2830; x_wconf 85' lang='lat' dir='ltr'><strong>codex</strong></span> 
     </span>
    </p>
   </div>
   <div class='ocr_carea' id='block_1_115' title="bbox 1130 2691 1936 2732">
    <p class='ocr_par' dir='ltr' id='par_1_115' title="bbox 1130 2691 1936 2732">
     <span class='ocr_line' id='line_1_115' title="bbox 1130 2691 1936 2732; baseline 0.005 -13"><span class='ocrx_word' id='word_1_830' title='bbox 1130 2691 1327 2732; x_wconf 68' lang='grc' dir='ltr'>διηγήσασθαι.</span> <span class='ocrx_word' id='word_1_831' title='bbox 1341 2693 1488 2732; x_wconf 56' lang='grc' dir='ltr'>ΑΙῙιιεωε.</span> <span class='ocrx_word' id='word_1_832' title='bbox 1502 2701 1557 2732; x_wconf 81' lang='lat' dir='ltr'><strong>pro</strong></span> <span class='ocrx_word' id='word_1_833' title='bbox 1568 2692 1673 2731; x_wconf 74' lang='grc' dir='ltr'><strong>ἀγωγήν</strong></span> <span class='ocrx_word' id='word_1_834' title='bbox 1683 2693 1777 2724; x_wconf 78' lang='lat' dir='ltr'><strong>habet</strong></span> <span class='ocrx_word' id='word_1_835' title='bbox 1786 2693 1936 2732; x_wconf 73' lang='grc' dir='ltr'>διαγωγήν.</span> 
     </span>
    </p>
   </div>
   <div class='ocr_carea' id='block_1_116' title="bbox 1180 2729 1640 2760">
    <p class='ocr_par' dir='ltr' id='par_1_116' title="bbox 1180 2729 1640 2760">
     <span class='ocr_line' id='line_1_116' title="bbox 1180 2729 1640 2760; baseline 0.007 -4"><span class='ocrx_word' id='word_1_836' title='bbox 1180 2729 1225 2760; x_wconf 81' lang='lat'><strong>55)</strong></span> <span class='ocrx_word' id='word_1_837' title='bbox 1240 2730 1324 2758; x_wconf 90' lang='lat' dir='ltr'><strong>Unus</strong></span> <span class='ocrx_word' id='word_1_838' title='bbox 1340 2729 1416 2758; x_wconf 88' lang='lat' dir='ltr'><strong>liber</strong></span> <span class='ocrx_word' id='word_1_839' title='bbox 1433 2729 1518 2758; x_wconf 77' lang='lat' dir='ltr'><strong>vetus</strong></span> <span class='ocrx_word' id='word_1_840' title='bbox 1532 2729 1640 2760; x_wconf 56' lang='lat' dir='ltr'><strong>initas.</strong></span> 
     </span>
    </p>
   </div>
   <div class='ocr_carea' id='block_1_117' title="bbox 1180 2764 1938 2804">
    <p class='ocr_par' dir='ltr' id='par_1_117' title="bbox 1180 2764 1938 2804">
     <span class='ocr_line' id='line_1_117' title="bbox 1180 2764 1938 2804; baseline 0.005 -12"><span class='ocrx_word' id='word_1_841' title='bbox 1180 2764 1319 2804; x_wconf 38' lang='lat' dir='ltr'><strong>56J‘Editi</strong></span> <span class='ocrx_word' id='word_1_842' title='bbox 1332 2768 1361 2793; x_wconf 94' lang='lat' dir='ltr'><strong>et</strong></span> <span class='ocrx_word' id='word_1_843' title='bbox 1379 2773 1458 2794; x_wconf 89' lang='lat' dir='ltr'><strong>unus</strong></span> <span class='ocrx_word' id='word_1_844' title='bbox 1468 2773 1526 2795; x_wconf 88' lang='lat' dir='ltr'><strong>ms.</strong></span> <span class='ocrx_word' id='word_1_845' title='bbox 1543 2765 1722 2803; x_wconf 81' lang='grc' dir='ltr'>ἀπατήσομεν.</span> <span class='ocrx_word' id='word_1_846' title='bbox 1734 2766 1792 2795; x_wconf 73' lang='lat' dir='ltr'><strong>Alii</strong></span> <span class='ocrx_word' id='word_1_847' title='bbox 1802 2769 1938 2804; x_wconf 80' lang='lat' dir='ltr'><strong>quatuor</strong></span> 
     </span>
    </p>
   </div>
   <div class='ocr_carea' id='block_1_118' title="bbox 1130 2804 1411 2837">
    <p class='ocr_par' dir='ltr' id='par_1_118' title="bbox 1130 2804 1411 2837">
     <span class='ocr_line' id='line_1_118' title="bbox 1130 2804 1411 2837; baseline -0.004 -9"><span class='ocrx_word' id='word_1_848' title='bbox 1130 2807 1206 2828; x_wconf 86' lang='lat' dir='ltr'><strong>mss.</strong></span> <span class='ocrx_word' id='word_1_849' title='bbox 1227 2804 1411 2837; x_wconf 80' lang='grc' dir='ltr'>απατήσωμεν,</span> 
     </span>
    </p>
   </div>
  </div>
