2059 3136
143 126 195 154 493

680 122 824 151 HOMILIA
848 122 880 150 IN
903 120 1064 151 GORDIUM
1083 121 1286 150 MARTYREM.

1767 124 1820 152 494

139 190 219 225 χρεία
241 187 396 224 προσθήκης
418 185 452 216 εἰς
478 184 660 221 εὐδοκίμησὶν,
685 184 737 211 ἀλλ’
761 185 823 221 ἡμῖν
845 185 897 214 τοῖς
916 183 934 210 ἐι

994 184 1082 212 fuerit
1100 186 1253 221 perpetuae
1275 184 1406 212 utilitatis
1427 183 1637 221 percipiendae.
1661 185 1720 214 Nec
1738 187 1820 215 enim

144 237 179 268 τῷ
200 231 252 268 βίῳ
275 231 406 266 ἀναγκαία
424 231 440 260 ἠ
466 233 554 267 μνήμη
580 228 627 256 διὰ
640 232 687 259 τὴν
701 232 824 266 μίμησιν.
840 232 938 267 ⁴Ωσπερ

143 277 193 313 γὰρ
215 279 252 311 τῷ
272 277 336 312 πυρὶ
359 274 510 311 αὐτομάτως
533 274 620 301 ἕπεται
641 275 670 300 τὸ
687 274 817 310 φωτίζειν,
835 276 879 300 καὶ
903 278 939 309 τῷ

139 323 215 358 μὺρω
238 322 269 347 τό
293 317 408 346 εὐωδεῖν·
435 319 502 345 οὕτω
525 321 570 345 καὶ
593 322 648 348 ταῖς
677 317 787 354 ἀγαθαῖς
813 318 938 355 πράξεσιν

141 365 289 401 ἀναγκαίως
311 363 446 390 ἀκολουθεῖ
464 365 493 390 τὸ
510 358 644 400 ὡφελιμον.
670 365 763 390 Καίτοι
785 361 938 389 οὐδὲτοῦτο

137 412 243 448 μικρὸν,
279 408 391 446 ἀκριϐῶς
422 412 514 444 τυχεῖν
551 412 596 438 τῆς
630 407 749 438 ἀληθείας
785 412 835 434 τῶν
868 409 936 435 τότε.

137 454 262 493 ’Λμυδρὰ
279 456 330 492 γὰρ
354 463 392 484 τις
413 456 485 490 φήμη
506 454 562 489 (57)
579 454 642 491 πρὸς
659 454 726 489 ἡμᾶ,
752 451 873 487 διεδόθη,
892 454 937 484 τὰς

136 500 181 528 ἐπὶ
199 504 249 526 τῶν
274 499 379 535 ἀγώνων
403 497 582 535 ἀνδραγαθίας
603 502 649 524 τοῦ
667 496 760 534 ἀνδρὸς
782 496 936 528 διασώζου-

138 556 183 573 σα.
201 548 251 573 Καὶ
265 554 317 575 πως
338 543 411 571 δοκεῖ
432 545 462 570 τὸ
476 544 535 570 καθ’
550 544 618 580 ἡμᾶς
631 547 667 578 τῷ
684 543 740 579 (58)
757 547 806 570 τῶν
829 543 936 580 ζωγρά-

135 601 188 627 φων
203 591 395 628 προσεοικέναι.
422 590 472 615 Καὶ
491 590 542 625 γὰρ
564 587 666 621 ἐκεῖνοι,
686 586 791 615 ἐπειδὰν
816 587 842 619 ίε
865 588 935 614 εἰκό-

134 646 183 662 νων
210 635 400 672 μεταγράφωσι
430 634 475 663 τὰς
500 633 608 668 εἰκόνας,
638 632 770 666 πλεῖστον,
799 634 831 663 ὡς
858 633 933 665 εἰκὸς,

136 685 186 707 τῶν
213 680 369 716 ἀρχετύπων
400 678 631 714 ἀπολιμπάνονταυ
667 681 712 704 καὶ
740 679 817 714 ἡμᾶς,
853 678 933 708 αὐτῆς

137 729 182 756 τῆς
215 726 269 755 Θέας
299 729 349 750 τῶν
382 725 541 761 πραγμάτων
575 722 780 759 ἀπολειφθέντας,
814 720 933 753 κίνδυνος

138 770 167 797 οὐ
202 771 293 806 μικρός
326 771 372 798 τὴν
404 768 524 798 ἀλήθειαν
555 767 709 795 ἐλαττῶσαι.
742 767 809 793 Ἀλλ’
840 766 931 796 ἱπειδὴ

136 815 270 844 ἕνέστηκιν
300 815 316 843 ἠ
351 815 435 850 ἡμέρα
466 813 614 849 ὑπόμνησιν
645 815 759 850 φέρουσα
791 813 931 850 μάρτυρος,

133 858 260 896 ἇπιφανῶς
281 862 334 889 τοῖς
360 859 422 896 ὑπὲρ
451 861 568 895 Χριστοῦ
593 860 744 895 μαρτυρίοις
771 857 931 886 mmm—

132 914 186 939 τος,
214 906 324 940 εἴπωμεν
349 903 399 929 ὅσα
422 901 540 939 οἴδαμεν.
564 903 646 933 Οὗτος
672 903 716 938 ἔφυ
739 903 784 938 μὶν
811 901 862 928 ἀπὸ
885 907 932 933 τῆς

133 949 229 979 πόλεως
254 950 358 982 ταύτης,
391 949 446 974 ὅθεν
475 949 520 973 καὶ
550 947 644 984 μαλλον
671 947 749 973 αὐτόν
780 946 929 984 ἀγαπῶμεν,

135 993 208 1021 διότι
231 994 321 1024 οἰκεῖος
344 994 408 1029 ἡμῖν
429 993 442 1019 ό
469 995 565 1029 κόσμος
589 992 671 1021 ἔστιν.
695 992 793 1030 Ὠσπερ
821 995 872 1030 γὰρ
899 994 932 1019 τὰ

134 1041 253 1077 εὔκαρπα
279 1043 328 1064 τῶν
353 1041 449 1074 φυτῶν,
477 1037 519 1068 οὓς
547 1037 576 1063 ἂν
603 1036 716 1074 ἐκθρέψῃ
745 1039 868 1075 καρποὺς,
898 1040 930 1073 τῇ

133 1084 218 1120 οἰκείᾳ
241 1087 275 1120 γῇ
304 1083 487 1121 παρατίθεται-
513 1082 580 1108 οὕτω
605 1084 649 1108 καὶ
671 1082 744 1112 οὗτος
767 1081 794 1108 ix
815 1086 865 1108 τῶν
888 1081 932 1108 λα-

132 1132 215 1165 γόνων
240 1132 287 1158 τῆς
311 1129 434 1165 ἡμετερας
452 1126 619 1164 ἀναδραμὼν,
645 1130 690 1153 καὶ
716 1129 778 1165 πρὸς
802 1129 932 1163 μήκιστον

133 1174 199 1210 ὕψος
223 1177 269 1203 τῆς
293 1171 373 1204 δόξης
398 1171 553 1208 διαναστὰς,
576 1175 608 1208 τῇ
636 1171 774 1208 ἑνεγκούσῃ
803 1175 847 1198 καὶ
873 1173 932 1209 θρε-

132 1218 235 1255 ψαμένῃ
260 1222 310 1245 τῶν
335 1217 434 1244 οἰκείων
455 1221 499 1247 τῆς
525 1216 654 1247 εὐσεϐείας
677 1221 782 1253 καρπῶν
802 1219 849 1246 τὴν
870 1215 933 1243 ἀπό-

132 1263 227 1291 λαυσιν
242 1263 403 1301 ἇχαρίσατο.
427 1262 507 1289 Καλοὶ
522 1264 566 1298 μεν
580 1263 631 1299 γὰρ
651 1264 696 1288 καὶ
711 1263 735 1288 οἱ
749 1261 777 1288 ἐκ
791 1266 837 1292 τῆς
851 1263 932 1300 ὑπερ-

136 1310 208 1346 ορίας
226 1310 332 1344 καρποὶ,
354 1308 412 1333 ὅταν
432 1305 505 1337 ἡδεῖς
524 1316 551 1332 τε
575 1307 631 1342 (119)
655 1307 706 1333 ὦσι
729 1309 774 1333 καὶ
797 1308 930 1344 τρόφιμοι·

135 1353 221 1388 πολλῷ
244 1354 333 1389 μέντοι
355 1350 447 1382 ἡδίους
470 1356 520 1377 τὼν
544 1349 679 1380 ἐπηλύδων
699 1352 723 1378 οἱ
738 1349 872 1388 ἡμεδαποί
887 1353 932 1378 καὶ

134 1397 271 1436 ῆχώριοι,
296 1398 359 1434 πρὸς
385 1399 416 1432 τῇ
445 1396 588 1422 ἀπολαύσει
614 1397 649 1422 'rrt
677 1398 721 1422 καὶ
749 1395 933 1433 καλλωπισμόν

136 1453 195 1469 τινα
213 1443 275 1479 ἡμῖν
301 1440 349 1468 διὰ
371 1445 416 1471 τῆς
440 1441 595 1472 οἰκειότητος
619 1441 801 1479 χαριζόμενοι.
827 1441 934 1477 Ἐγκατ-

136 1487 277 1523 ειλεγμένος
294 1522 298 1525 _
315 1485 345 1513 δὲ
373 1487 430 1522 (60)
465 1488 586 1524 στρατείᾳ
618 1485 744 1523 ίπιφανεί,
777 1487 810 1517 ὡς
844 1486 933 1512 ἑκατον

991 229 1056 264 jam
1071 237 1147 265 opus
1167 229 1223 257 illis
1239 232 1291 263 est,
1307 232 1340 257 ut
1353 229 1511 266 quidpiam
1525 230 1601 266 ipsis
1617 230 1656 258 ad
1669 238 1821 260 commen-

994 273 1148 301 dationem
1165 274 1291 302 accedat
1305 282 1312 301 :
1324 274 1379 301 sed
1392 274 1481 302 nobis
1496 275 1526 302 in
1541 275 1599 303 hac
1610 275 1672 303 vita
1687 283 1822 304 commo-

992 318 1129 346 rantibus
1148 318 1187 346 ad
1210 327 1261 347 eos
1280 319 1443 347 imitandos
1462 320 1631 349 necessaria
1652 320 1819 349 recordatio

993 365 1047 390 est.
1062 363 1328 396 Quemadmodum
1341 363 1421 392 enim
1431 364 1532 399 ignem
1542 365 1718 393 naturaliter
1728 365 1819 394 comi-

991 409 1071 436 tatur
1091 407 1260 442 illustratio,
1281 410 1310 436 et
1324 411 1513 443 unguentum
1535 409 1634 437 bonus
1649 410 1726 438 odor
1745 418 1752 438 :
1776 410 1819 440 ita

991 460 1114 489 quoque
1133 453 1215 482 bona
1236 461 1328 490 opera
1349 453 1460 482 utilitas
1481 455 1652 483 necessario
1672 455 1816 492 sequitur.

991 499 1173 535 Quanquam
1184 507 1222 526 ne
1229 498 1288 527 hoc
1295 498 1419 535 quidem
1430 499 1515 536 parvi
1523 500 1669 528 momenti
1677 502 1731 534 est,
1742 500 1818 528 veri-

990 545 1081 571 tatem
1096 552 1200 571 eorum
1214 552 1283 580 quae.
1298 546 1369 572 tunc
1382 546 1467 580 gesta
1479 547 1549 573 sunt
1560 544 1717 580 diligenter
1731 553 1816 574 asse—

989 588 1052 624 qui.
1074 589 1148 616 Nam
1169 589 1264 616 tenuis
1278 588 1420 625 quaedam
1439 588 1531 622 fama,
1548 597 1610 626 qua
1624 589 1679 618 viri
1691 589 1771 618 illius
1785 590 1817 619 in

990 633 1206 661 certaminibus
1221 633 1365 670 praeclara
1380 633 1516 662 facinora
1531 637 1760 667 conservantur,
1776 634 1817 663 ad

988 684 1045 704 nos
1062 685 1155 712 usque
1172 678 1315 714 pervenit.
1331 680 1427 714 Atque
1438 678 1668 715 quodammodo
1679 679 1817 708 videmur

987 729 1044 750 nos
1065 722 1230 758 pictoribus
1246 722 1418 751 consimiles
1438 731 1513 751 esse.
1534 723 1576 751 illi
1597 724 1677 752 enim
1693 731 1764 752 cum
1779 731 1817 752 ex

987 766 1172 802 imaginibus
1180 767 1329 802 imagines
1338 768 1515 804 depingunt,
1523 768 1699 804 plurimum,
1707 771 1740 797 ut
1747 777 1817 798 con-

988 814 1055 846 stat,
1074 812 1249 840 desciscunt
1267 813 1306 841 ab
1322 813 1494 849 archetypis
1511 822 1517 840 :
1540 813 1583 842 sic
1599 815 1628 842 et
1648 814 1816 850 periculum

947 863 967 892 3
986 864 1048 885 non
1069 857 1212 892 exiguum
1227 859 1281 892 est,
1297 865 1335 886 ne
1350 866 1417 893 nos,
1433 858 1486 894 qui
1500 866 1548 886 res
1567 858 1650 895 ipsas
1664 866 1727 887 non
1742 866 1815 887 con-

987 902 1152 938 speximus,
1159 902 1378 931 imminuamus
1384 903 1549 931 veritatem.
1556 903 1722 940 Atquando
1730 903 1816 933 adest

985 945 1050 975 dies
1062 946 1241 975 memoriam
1252 947 1383 975 referens
1394 947 1546 983 martyris,
1557 946 1609 983 qui
1619 947 1776 984 splendide
1783 947 1816 976 in

987 991 1048 1019 suis
1063 999 1118 1027 pro
1143 992 1256 1020 Christo
1281 991 1459 1020 testimoniis
1477 991 1650 1024 decertavit,
1672 991 1814 1021 dicamus

986 1044 1177 1073 quiecunque
1191 1036 1342 1065 novimus.
1360 1037 1410 1065 Hic
1429 1039 1521 1065 natus
1535 1038 1582 1065 est
1596 1045 1633 1065 ex
1645 1037 1703 1065 hac
1717 1037 1792 1065 urbe
1806 1045 1815 1071 ;

986 1080 1066 1108 unde
1089 1080 1180 1109 etiam
1202 1088 1238 1109 eo
1253 1081 1352 1116 magis
1367 1081 1452 1109 illum
1471 1080 1626 1116 diligimus
1649 1081 1733 1118 quod
1747 1089 1816 1118 pro-

986 1125 1086 1162 prium
1092 1126 1180 1154 nobis
1188 1128 1399 1154 ornamentum
1407 1125 1454 1154 sit.
1462 1126 1727 1158 Quemadmodum
1734 1126 1816 1156 enim

986 1170 1099 1199 feraces
1114 1171 1238 1199 arbores
1253 1179 1304 1199 eos
1315 1179 1393 1207 quos
1407 1171 1544 1199 nutriunt
1556 1170 1672 1199 fructus
1685 1171 1814 1208 propriae

987 1218 1072 1244 terra;
1094 1215 1193 1244 ferunt
1213 1218 1378 1252 acceptos:
1404 1216 1445 1243 sic
1469 1216 1560 1244 etiam
1583 1215 1632 1244 hic
1651 1224 1688 1244 ex
1702 1218 1816 1244 nostrae.

986 1263 1073 1289 terra:
1085 1261 1153 1289 sinu
1163 1268 1311 1296 egressus,
1323 1263 1351 1289 et
1362 1261 1401 1289 ad
1412 1269 1565 1290 summam
1576 1261 1678 1297 gloriae
1687 1261 1816 1290 altitudi-

987 1314 1057 1334 nem
1068 1308 1200 1341 evectus,
1211 1306 1317 1341 patriae
1327 1314 1396 1342 qua;
1411 1314 1442 1334 se
1455 1306 1597 1342 produxit
1611 1314 1646 1334 ac
1662 1306 1814 1340 educavit,

987 1350 1126 1387 proprios
1138 1350 1259 1386 pietatis
1274 1350 1388 1379 fructus
1403 1350 1486 1378 dedit
1499 1350 1654 1379 fruendos.
1668 1351 1740 1378 Boni
1750 1350 1814 1386 qui-

988 1395 1056 1423 dem
1079 1398 1148 1422 sunt
1166 1394 1279 1423 externi
1292 1395 1383 1423 etiam
1398 1394 1524 1430 fructus,
1541 1395 1566 1423 si
1584 1398 1614 1423 et
1626 1403 1735 1424 suaves
1750 1395 1815 1423 fue-

987 1439 1056 1471 rint,
1073 1441 1101 1468 et
1112 1439 1255 1467 alimento
1270 1439 1462 1468 abundantes
1476 1450 1482 1473 ;
1500 1439 1549 1467 sed
1568 1441 1670 1468 tamen
1685 1439 1815 1468 externis

989 1483 1083 1512 multo
1091 1484 1287 1520 jucundiores
1299 1487 1369 1512 sunt
1383 1486 1530 1512 nostrates
1542 1492 1578 1513 ac
1587 1484 1751 1519 vernaculi,
1761 1484 1816 1521 qui

94 1537 96 1542 '
137 1535 303 1569 στρατιωτῶν
328 1530 416 1567 ἀρχὴν
443 1531 625 1565 πιστευθῆναι,
651 1532 695 1557 καὶ
721 1533 839 1567 σώματος
857 1531 930 1568 ῥώμῃ

992 1529 1072 1565 quod
1084 1529 1123 1557 ad
1133 1537 1188 1557 nos
1201 1529 1356 1563 attineaut,
1368 1531 1476 1565 praeter
1486 1529 1666 1558 suavitatem
1674 1529 1816 1558 videntur

135 1579 181 1604 καὶ
216 1576 309 1612 ψυχῆς
342 1573 438 1613 ἀνδρίᾳ
469 1579 522 1606 τοῖς
554 1580 748 1612 στρατιωτικοῖς
781 1575 932 1612 καταλογοις

135 1621 280 1659 ἆμπρίπων.
297 1620 368 1648 Ἐπεὶ
384 1618 413 1647 δε
427 1620 485 1656 (61)
501 1621 513 1646 ό
526 1622 584 1647 τότε
597 1621 720 1659 τύραννος
734 1622 764 1647 τὸ
782 1622 875 1658 πικρὸν
887 1622 932 1647 καὶ

135 1665 261 1704 ἀνήμερον
285 1669 330 1697 τῆς
359 1665 452 1701 ψυχῆς
480 1667 563 1702 μέχρι
588 1669 635 1692 τοῦ
665 1665 777 1702 πολέμου
805 1668 851 1696 τῆς
877 1665 933 1692 Ἐκ-

134 1711 245 1742 κλησίας
266 1710 380 1745 ἐξέτεινε,
402 1712 447 1737 καὶ
469 1708 516 1747 ἦρε
541 1714 621 1748 χεῖρα
647 1711 776 1747 θεομάχον
802 1711 870 1737 κατὰ
887 1714 932 1741 τῆς

137 1755 278 1790 εὐσεϐείας,
294 1757 450 1794 κηρύγματα
473 1753 503 1782 δὲ
525 1754 556 1785 ἦν
570 1760 720 1792 πανταχοῦ,
737 1758 781 1782 καὶ
797 1753 932 1793 διαγράμ-

135 1810 209 1838 ματα
237 1800 338 1830 ἧπλωτο
365 1802 431 1827 κατὰ
453 1804 542 1827 πᾶσαν
566 1799 663 1838 ἀγορὰν
683 1802 728 1827 καὶ
749 1801 832 1827 πάντα
855 1803 932 1827 τόπον

137 1845 280 1882 ἆπίσημον,
305 1847 340 1881 μὴ
356 1846 561 1884 προσκυνεῖσθαι
582 1847 709 1883 Χριστὸν,
726 1845 740 1876 ἡ
768 1847 876 1871 θάνατον
895 1843 933 1871 εἶ-

136 1901 180 1917 ναι
200 1892 247 1920 τὴν
279 1890 374 1927 ζημίαν
404 1894 460 1922 τοῖς
489 1894 678 1928 προσκυνοῦσι·
706 1891 751 1916 καὶ
774 1891 934 1926 πρόσταγμα

136 1935 166 1966 ἦν
197 1936 353 1963 ὑποκύπτιιν
385 1934 502 1966 εἰδώλοις
539 1936 662 1970 ἅπαντας,
694 1937 740 1962 καὶ
770 1935 856 1966 λίθους
888 1937 934 1962 καὶ

135 1980 199 2013 ξύλα
225 1981 384 2019 χαράγματι
415 1982 512 2017 τέχνης
544 1982 732 2018 μεμορφωμὲνσι
760 1980 831 2011 θεοὺς
863 1980 934 2016 ἡγεῖ-

137 2027 208 2058 σθαι,
243 2026 258 2055 ἦ
292 2027 354 2056 τοὺς
385 2026 421 2062 μὴ
449 2026 615 2062 πειθομένους
642 2025 758 2061 πάσχειν
791 2023 931 2054 ἀνήκεστα·

136 2071 269 2107 σύγχυσις
291 2068 322 2097 δε
345 2068 376 2100 ἦν
395 2071 440 2097 καὶ
458 2073 564 2109 ταραχὴ
585 2068 632 2097 διὰ
652 2070 742 2101 πάσης
757 2074 803 2101 τῆς
828 2070 931 2104 πόλεως,

133 2116 179 2141 καὶ
217 2114 356 2144 λεηλασίαι
390 2115 459 2142 κατὰ
491 2119 540 2142 τῶν
572 2114 745 2141 εὐσεϐούντῶν
767 2124 773 2132 ·
805 2116 934 2152 χρήματα

134 2157 309 2196 διηρπάζετο,
333 2159 449 2196 πληγαῖς
478 2160 512 2186 τὰ
543 2163 593 2186 τῶν
622 2158 799 2196 φιλοχρίστων
825 2162 935 2195 σώματα

134 2203 307 2252 κατιξαίνετρ,
334 2208 454 2252 γυναῖκες
479 2204 595 2252 si):qu
619 2202 668 2231 διὰ
694 2205 778 2252 μέσης
805 2208 850 2234 τῆς
877 2203 936 2252 (ξὲ)
951 2222 974 2252 D

133 2248 239 2280 πόλεως·
260 2248 290 2276 οὐ
315 2251 403 2281 νεότης
434 2248 538 2285 ilum),
567 2248 597 2276 οὐ
622 2252 707 2286 γῆρας
732 2246 869 2285 αἰδέσιμον
894 2246 935 2278 ἦν’

172 2337 332 2379 (_'a"_7)l_l_lud,
344 2335 466 2377 ’Δμυδρὰ
480 2338 531 2379 γάρ
546 2347 584 2369 τις
596 2339 683 2379 φήμηζ
697 2340 765 2371 etc.,
780 2337 822 2366 ita
838 2337 939 2379 Latine

135 2374 270 2412 reddidit
292 2374 439 2412 interpres
452 2374 548 2408 vetus,
564 2381 635 2412 naim
654 2374 780 2403 obscura
799 2374 938 2412 quaedam

134 2411 225 2446 fama
239 2411 298 2438 viri
314 2409 406 2446 huius
418 2412 574 2446 praeclara
590 2411 678 2445 facta
693 2417 882 2442 conservans,
897 2409 937 2437 ad

135 2454 190 2473 nos
201 2453 294 2482 usque
310 2445 409 2475 venit:
420 2445 489 2482 qua
509 2446 540 2474 in
555 2445 800 2482 interpretatione
816 2453 873 2482 vox
889 2446 937 2473 ob-

134 2480 286 2517 scura,‘ut
298 2490 403 2510 verum
414 2480 521 2517 fatear,
537 2482 612 2509 mihi
626 2480 709 2509 nullo
722 2480 815 2509 modo
828 2480 934 2517 placet.

136 2503 711 2556 ῑςειρῖηῑῖοῖξεῖιτςς,Ἑῑνςῑιλδῖάξξιδηιῇ
786 2503 847 2544 hos
855 2503 936 2556 ac...

135 2551 266 2589 dubium
291 2553 328 2581 sit
343 2556 371 2581 et
390 2551 547 2581 incert—um.
573 2553 619 2581 Sic
642 2552 732 2588 igitur
749 2552 936 2589 interpretari

136 2588 252 2623 malim,
263 2596 334 2617 nam
347 2589 444 2617 tenuis
452 2589 591 2624 quwdam
603 2589 699 2623 fama,
713 2595 773 2624 qua
785 2589 843 2616 viri
854 2589 937 2615 illius

135 2624 168 2652 in
177 2625 550 2659 certaminibuspravclara
558 2625 700 2659 facinora
709 2628 936 2658 conservantur,

136 2660 247 2696 adiuva
269 2668 362 2696 usque
375 2662 520 2695 pervenit,
537 2663 569 2688 ut
584 2659 712 2696 Basilius
724 2659 782 2687 hoc
795 2659 885 2693 dicat,
900 2667 938 2696 ne

135 2695 269 2723 defuisse
295 2694 419 2732 quidem
445 2699 520 2732 tum,
537 2695 870 2732 cumﬂconcionaretur,
887 2694 939 2730 qui

135 2739 205 2767 quin
216 2731 354 2759 narraret
363 2734 392 2759 et
403 2731 549 2759 vidissent
559 2731 759 2767 audivissent:
772 2731 827 2758 sed
835 2733 939 2767 tamen

137 2766 310 2804 perpaucos
322 2767 497 2804 superstites
512 2766 603 2794 fuisse
614 2766 653 2795 ob
666 2767 810 2804 temporis
827 2766 940 2804 diutur-

135 2801 275 2839 nitatem,
282 2810 350 2839 quae
360 2801 508 2839 effecerat,
516 2804 549 2831 ut
555 2810 627 2839 pars
636 2801 772 2832 maxima
781 2801 865 2831 senio
871 2809 940 2831 con-

989 1573 1090 1602 adhuc
1104 1574 1196 1602 decus
1212 1574 1369 1610 quoddam
1380 1573 1467 1602 nobis
1481 1576 1509 1602 et
1519 1576 1732 1602 ornamentum
1745 1581 1816 1602 con-

988 1618 1075 1647 ferre.
1091 1620 1161 1647 Erat
1171 1621 1272 1646 autem
1286 1618 1399 1646 militias
1414 1618 1577 1655 ascriptus,
1592 1619 1624 1647 in
1638 1627 1700 1655 qua
1713 1618 1816 1648 locum

987 1663 1137 1698 insignem
1148 1663 1256 1697 tenuit;
1268 1663 1310 1692 ita
1322 1666 1353 1691 ut
1363 1663 1507 1691 militibus
1519 1665 1639 1692 centum
1651 1665 1730 1691 esset
1741 1671 1816 1700 pra:-

988 1707 1093 1744 fectus,
1102 1708 1296 1744 corporisque
1306 1707 1414 1735 robore
1429 1710 1456 1736 et
1471 1708 1564 1737 animi
1578 1708 1750 1736 fortitudine
1768 1708 1815 1736 in-

988 1755 1032 1781 ter
1051 1753 1194 1781 militares
1210 1753 1330 1780 ordines
1354 1752 1490 1781 clareret.
1509 1754 1584 1781 Cum
1604 1753 1696 1788 igitur
1714 1755 1816 1789 tyran-

988 1806 1047 1826 nus
1061 1798 1114 1834 qui
1136 1801 1207 1826 tunc
1221 1798 1401 1833 imperabat,
1417 1798 1650 1826 amaritudinem
1666 1799 1759 1827 animi
1772 1801 1815 1828 at-

988 1851 1047 1879 que
1056 1842 1263 1871 crudelitatem
1275 1850 1372 1878 usque
1386 1842 1424 1870 ad
1438 1842 1573 1870 Ecclesia
1583 1843 1697 1870 bellum
1711 1845 1816 1871 exten-

989 1887 1082 1922 deret,
1100 1887 1273 1924 tolleretque
1293 1887 1438 1915 adversus
1453 1888 1595 1924 pietatem
1609 1896 1738 1916 manum
1754 1888 1814 1917 Deo

988 1932 1151 1967 infensam,
1167 1935 1196 1961 et
1210 1932 1437 1961 denuntiaretur
1456 1932 1570 1969 ubique
1593 1941 1629 1962 ac
1650 1932 1816 1961 ediceretur

990 1978 1021 2007 in
1036 1978 1119 2006 omni
1131 1977 1195 2006 foro
1210 1977 1277 2006 etin
1286 1977 1368 2005 omni
1380 1977 1446 2006 loco
1457 1977 1576 2013 insigni,
1585 1979 1617 2006 ut
1626 1985 1664 2006 ne
1675 1977 1816 2006 adorare-

990 2026 1039 2052 tur
1050 2024 1195 2057 Christus,
1208 2023 1343 2059 alioquin
1352 2025 1448 2051 morte
1460 2024 1660 2051 multarentur
1670 2024 1815 2058 cultores;

990 2076 1120 2105 cumque
1141 2070 1325 2104 praeceptum
1353 2070 1440 2099 esset,
1465 2070 1498 2095 ut
1520 2075 1626 2096 omnes
1655 2067 1818 2097 adorarent

991 2113 1083 2146 idola,
1099 2112 1308 2148 haberentque
1323 2120 1378 2148 pro
1393 2112 1451 2140 diis
1465 2112 1581 2148 lapides
1601 2114 1628 2140 et
1646 2112 1730 2147 ligna
1743 2112 1817 2141 artis

990 2158 1133 2186 caelatura
1146 2157 1344 2190 conformata,
1356 2156 1490 2193 alioquin
1503 2157 1529 2184 si
1539 2156 1680 2192 quidicto
1693 2156 1817 2184 audien-

992 2205 1035 2232 tes
1050 2210 1111 2230 non
1126 2204 1238 2236 essent,
1258 2201 1421 2238 perferrent
1436 2201 1634 2229 intolerabilia
1650 2210 1657 2235 ;
1678 2208 1747 2229 cum
1762 2201 1817 2229 de-

993 2247 1085 2284 nique
1105 2246 1337 2275 confunderetur
1356 2246 1588 2282 turbareturque
1602 2245 1705 2275 civitas
1728 2245 1815 2283 144

992 2337 1062 2373 fecti
1083 2336 1148 2373 jam
1163 2336 1353 2373 interiisseut.
1371 2335 1422 2363 Illa.
1440 2335 1530 2371 igitur
1551 2335 1636 2373 fama
1658 2334 1816 2373 dicebatur

992 2371 1110 2410 ἀμυδρᾶ,
1126 2381 1188 2401 non
1200 2372 1288 2409 quod
1313 2372 1443 2410 obscura
1457 2374 1536 2410 esset
1551 2375 1602 2400 aut
1620 2372 1744 2410 incerta,
1761 2371 1816 2410 sed

993 2407 1076 2445 quod
1094 2407 1263 2446 paucorum
1284 2409 1402 2436 testium
1430 2408 1619 2436 oculatorum
1643 2407 1815 2436 testimonio

991 2445 1143 2473 niteretur.

1029 2483 1086 2516 (58)
1103 2481 1149 2508 Sic
1168 2488 1243 2507 mss.
1258 2479 1354 2507 multi.
1372 2478 1447 2507 Editi
1461 2487 1532 2507 vero
1547 2481 1579 2506 τὰ
1594 2479 1652 2506 καθ’
1667 2480 1738 2516 ἡμᾶς
1751 2482 1816 2510 τοῖς.

992 2517 1172 2552 δὶᾶῐὶωγῖτΐθδ
1186 2523 1268 2552 mss.
1281 2517 1487 2552 μεταγράφουσι.

1028 2553 1085 2586 (59)
1097 2551 1143 2578 Sic
1161 2559 1235 2578 mss.
1252 2550 1324 2579 duo.
1338 2550 1456 2586 7V"ocula
1469 2560 1496 2577 τε
1511 2551 1612 2578 deerat
1626 2551 1655 2578 in
1674 2550 1816 2586 vulgatis.

1027 2587 1323 2623 (60)Ἐγκατει).εγμένος
1330 2585 1369 2614 δέ.
1379 2587 1584 2622 Supplendum
1592 2585 1818 2621 ﬁv,notandum-

994 2631 1053 2660 que
1063 2622 1137 2650 illud
1150 2631 1215 2660 esse
1225 2622 1424 2660 redditionem
1438 2623 1528 2657 hujus
1544 2623 1703 2660 commatis
1714 2632 1721 2656 ;
1734 2623 1818 2660 Οὗτος

994 2658 1040 2721 ἓν
1063 2660 1154 2695 μέλω,
1174 2658 1359 2686 intermediis
1374 2666 1428 2694 per
1446 2658 1641 2695 parenthesin
1661 2658 1817 2695 appositis.

1019 2702 1070 2721 DIT.

1019 2702 1070 2722 DIT.

1030 2729 1169 2765 (ϐυΕάίῑὶ
1177 2728 1266 2759 ἐπειδὴ
1277 2730 1299 2758 ὁ.
1308 2730 1389 2765 Unus
1399 2737 1456 2758 ms.
1465 2729 1519 2756 ἐπεὶ
1528 2727 1558 2756 δε
1568 2730 1590 2757 ὁ.
1599 2729 1679 2757 Alius
1687 2728 1741 2756 ἐπεὶ
1750 2727 1785 2758 δη
1795 2728 1819 2756 ὁ.

1031 2764 1197 2802 (621Editi0
1208 2766 1304 2794 Paris.
1321 2764 1368 2793 διὰ
1382 2767 1468 2796 πάσης
1482 2769 1537 2796 τῆς.
1554 2767 1671 2794 Veteres
1684 2764 1821 2802 quinque

994 2799 1064 2831 libri
1075 2799 1124 2829 διὰ
1134 2803 1218 2838 μέσης
1230 2805 1262 2832 τῆ
1268 2812 1288 2833 ς,
