2059 3136
153 121 204 149 501

686 119 833 148 HOMILIA
857 120 891 147 ΙΝ
912 119 1070 148 GORDIUM
1089 119 1291 148 MARTYREM.

1772 119 1824 148 502

138 166 146 176 '

147 184 211 210 Δντὶ
240 186 290 209 τῶν
318 181 461 219 μωλώπων,
496 186 547 209 τῶν
580 181 788 219 ἱπανισταμίνιον
817 186 855 218 τῷ
890 184 936 208 σώ-

993 181 1153 216 vibicibus,
1162 182 1192 210 in
1202 189 1329 219 corpore
1339 181 1550 216 eminentibus,
1561 181 1594 209 in
1607 180 1824 210 resurrectione

136 237 211 265 ματι,
228 228 350 264 φωτεινόν
370 225 472 263 ἔνδυμα
492 227 554 263 ἡμῖν
582 226 606 253 ἰν
631 231 663 264 τῇ
692 226 835 255 ἀναστάσει
860 226 939 254 ἔπαν-

139 273 215 302 θήσει
231 282 239 289 ·
275 271 332 298 ἀντὶ
358 275 407 302 τῆς
431 270 538 308 ἀτιμίας
563 274 693 308 στέφανοι,
719 271 776 299 ἀντὶ
798 270 938 309 δεσμωτη-

135 320 193 354 ρίου
205 317 265 352 (78)
286 314 460 354 παράδεισος,
485 315 542 343 ἀντὶ
560 321 608 347 τῆς
629 318 694 353 μετά
713 321 762 343 τῶν
788 318 938 354 κακούργων

133 360 287 393 καταδίκης
311 362 327 391 ἧ
351 360 405 398 μετ’
428 359 541 397 ἀγγέλων
561 359 579 388 δ
582 364 697 398 ιαγωγὴ.
721 363 843 398 Σπείρατι
858 361 938 389 πολλὰ

133 405 159 433 ἰν
175 406 233 443 ἐμοὶ
254 407 297 433 ἶνα
315 407 411 443 θερίσαι
430 406 651 435 πολλαπλασίονα.
678 407 723 438 Ὠς
751 405 781 434 δὲ
810 410 865 438 τοῖς
889 417 937 443 φο-

133 451 223 489 ϐεροῖς
238 451 302 479 εἱλεῖν
312 451 391 477 αὐτὸν
411 451 458 477 οὒκ
470 449 600 481 ἠδύναντο
613 452 678 488 (79),
708 454 752 478 καὶ
773 454 803 478 τὸ
826 455 938 489 πρᾶγμα

134 495 275 534 ἀμήχανον
302 494 343 531 ἦν,
375 495 560 532 μεταϐαλόντες
587 496 723 524 ἐθώπευον.
748 498 860 526 Τοιαύτη
885 496 936 534 γὰρ

135 543 150 571 ἡ
171 544 218 568 τοῦ
246 538 264 567 δ
267 540 371 567 ιαϐόλου
401 539 526 577 μεθοδεία
537 551 543 557 ·
569 540 613 568 τόν
627 539 712 568 δειλὸν
727 540 878 575 ὶκπλήσσει,
893 543 936 568 τόν

133 584 253 623 ἀνδρεῖον
281 585 422 622 μαλάσσει.
452 585 547 612 ὀποῖα
570 585 600 615 ἧν
633 588 677 613 καὶ
700 587 734 613 τὰ
754 588 812 613 τότε
834 587 933 622 τεχνά-

133 634 282 669 σματα-ςοῡ
297 632 456 667 κακούργου.
483 629 588 660 Ἐπειδή
615 632 665 668 γὰρ
691 629 758 658 εἶδεν
772 631 828 667 (80)
857 631 936 658 αὑτὸν

133 676 184 702 οὐκ
207 673 344 702 ἀνίτιδόντα
362 679 421 706 ταῖς
445 675 573 709 ἀπειλαῖς,
600 674 713 706 ἀπάταις
732 676 810 702 αὐτὸν
829 677 874 702 καὶ
895 674 935 702 δε-

134 721 265 757 λιάσμοτι
298 719 438 758 περιελθεῖν
476 719 605 757 ὶπειρᾶτο.
648 723 698 748 Καὶ
737 719 836 758 δωρεὰς
872 721 935 747 καθ-

135 768 299 801 υπισχιλτο,
324 766 373 796 τὰς
392 763 422 792 δε
441 763 544 799 ἐδίδου,
560 767 606 792 καὶ
617 765 697 797 illa;
715 767 787 804 παρὰ
807 765 934 802 βασιλέως

131 810 203 841 ἥξειν
217 808 232 836 δ
250 812 377 846 ογγνᾶτο,
398 812 446 839 τὴν
461 809 485 836 ἐν
511 813 635 847 στρατείᾳ
661 811 836 848 περιφάνειαν,
866 819 936 847 χρη-

131 855 220 891 μάτων
239 856 344 890 κόρους,
359 857 410 881 πᾶν
423 855 436 880 ὃ
449 863 476 880 τι
490 853 520 880 ἄν
537 854 669 891 βούλοιτο.

169 901 198 927 ο,
229 897 336 928 ’.ίπειδὴ
365 897 394 925 δι
422 898 590 935 ἀπετύγχανε
612 903 660 930 τῆς
685 902 776 937 πείρας
808 899 936 934 (ἀκούσας

133 944 186 980 γὰρ
201 947 251 970 τῶν
267 944 438 979 ὑποσχέσεων
462 944 475 970 ό
499 945 638 980 μακάριος,
659 945 828 980 κατεγέλασεν
855 944 935 971 αὐτοῦ

135 992 186 1018 τῆς
199 987 293 1021 ἁνιίας,
315 989 338 1014 εἴ
349 988 407 1023 (81)
423 998 449 1014 τι
463 989 566 1025 νομίζοι
580 988 717 1025 βασιλείας
731 989 845 1027 οὐρανῶν
861 989 936 1016 ἀντά-

136 1032 191 1064 ξιον
212 1031 327 1067 δώσειν),
355 1034 413 1059 τότε
439 1031 473 1062 δὴ
503 1032 632 1071 ἀφόρητος
659 1032 689 1062 ἦν
715 1038 751 1069 τῷ
778 1035 861 1070 Θυμῷ,
891 1036 935 1060 καὶ

135 1077 209 1113 ξίφος
231 1076 353 1114 ἰγύμνον,
381 1080 426 1104 καὶ
453 1079 498 1104 τόν
526 1076 621 1115 δήμιον
650 1081 844 1116 παρεστήσατο,
891 1081 936 1105 καὶ

135 1124 208 1159 χειρὶ
222 1124 267 1148 καὶ
282 1121 391 1159 γλώσσῃ
417 1127 557 1159 μιαιφονῶν
586 1124 688 1159 θανάτῳ
711 1121 869 1154 κατεδίκαζε
891 1125 935 1150 τόν

134 1167 274 1204 μακάριον.
310 1166 450 1194 Μιτέϐαινε
487 1165 518 1194 δν
551 1171 602 1194 πᾶν
631 1169 660 1194 τὸ
688 1169 794 1205 θέατρον
827 1168 867 1195 ἐπὶ
892 1170 935 1195 τὸν

133 1214 213 1238 τόπον
228 1215 320 1238 τοῦτον
333 1221 339 1229 ~
360 1214 404 1238 καὶ
419 1213 480 1238 ὅσον
494 1211 641 1249 λειπόμινον
662 1211 692 1242 ἧν
707 1217 757 1239 τῶν
783 1214 934 1251 οἰκητόρων,

134 1255 245 1292 ἐκχυθὲν
257 1267 263 1273 ·
279 1257 331 1293 πρὸ
351 1260 396 1282 τοῦ
411 1259 529 1292 τείχους,
546 1257 613 1294 ἑώρα
633 1259 662 1284 τὸ
691 1260 758 1294 μέγα
787 1257 866 1285 ἐκεῖνο
890 1260 935 1285 καὶ

134 1300 269 1336 εναγώνιον
299 1302 391 1337 θέαμα,
421 1303 450 1327 τό
486 1302 637 1338 θαυμαστόν
669 1304 715 1328 καὶ
745 1302 863 1338 ἀγγέλοις
891 1305 936 1330 καὶ

133 1347 206 1382 πάσῃ
219 1347 277 1381 (82)
290 1349 321 1381 τῇ
338 1347 432 1380 κτίσει,
456 1343 585 1383 ὀδῦνηρὸν
606 1351 640 1382 τῷ
667 1345 792 1383 διαϐόλῳ,
817 1350 862 1374 καὶ
887 1357 936 1384 φο-

135 1390 207 1428 ϐερόν
232 1388 368 1427 δαίμοσιν.
399 1390 524 1420 Ἰἰκενώθη
553 1395 603 1417 τῶν
631 1391 773 1430 οἰκητόρων
805 1394 820 1422 ἡ
850 1392 934 1426 πόλις,

135 1437 221 1472 ὥσπερ
236 1437 307 1465 τινὸς
321 1435 456 1472 ῥεύματος,
484 1439 530 1462 τοῦ
553 1436 670 1468 πλήθους
694 1436 794 1474 ἀθρόως
823 1437 864 1464 ἐπὶ
892 1439 935 1464 τόν

133 1482 212 1506 τόπον
227 1483 318 1506 τοῦτον
333 1479 528 1517 μεταρῥυέντος.
559 1481 597 1507 Οὔ
619 1483 684 1517 γυνή
710 1480 865 1513 κατεδέξατο
882 1486 936 1513 ,τῆς
950 1475 957 1504 ι’

135 1525 193 1557 θέας
205 1525 263 1560 (83)
288 1524 484 1561 ἀπολειφθῆναι,
514 1525 560 1551 οὐκ
585 1524 649 1563 ἀνὴρ
675 1525 773 1563 ἀφανὴς
797 1527 811 1556 ἣ
840 1526 935 1556 ἐπίση-

132 1580 190 1606 μος.
212 1569 353 1601 Ἐξέλειπον
366 1570 412 1602 τὰς
428 1570 545 1606 φυλακὰς
568 1575 619 1597 τῶν
648 1572 725 1597 οῖκων
754 1573 778 1598 οὶ
806 1571 951 1611 φύλακιςογ

132 1614 257 1641 ἅκλειστα
281 1616 326 1651 μεν
352 1613 382 1643 ἦν
406 1619 457 1640 τῶν
473 1614 591 1652 ἐμπόρων
610 1616 644 1642 τὰ
659 1615 822 1653 ἐργαστήρια
838 1627 845 1633 ·
867 1615 935 1654 διίῤ-

131 1659 208 1697 ῥιπτο
226 1657 256 1686 δί
275 1660 343 1686 κατὰ
358 1661 405 1688 τὴν
422 1659 519 1697 ἀγορὰν
541 1661 574 1686 τὰ
593 1663 658 1687 ὥνια
670 1670 676 1677 ·
708 1663 757 1698 μία
781 1659 810 1688 δι
832 1661 934 1688 πάντων

131 1704 232 1740 φυλακή
249 1706 294 1730 καὶ
309 1703 448 1740 ἀσφάλεια,
477 1705 506 1730 τὸ
534 1705 634 1736 πάντας
658 1706 754 1742 ὁμοίως
779 1705 932 1739 ὑπεξελθεῖν,

131 1750 177 1774 καὶ
201 1746 270 1784 μηδι
288 1751 432 1785 κακοῦργον
457 1747 621 1785 ὶναπομεῖναι
645 1753 676 1779 τῆ
701 1749 783 1777 πόλει.
811 1750 933 1776 Κατὸλει-

132 1801 181 1818 πον
204 1790 294 1818 δοῦλοι
319 1791 452 1820 δεσποτῶν
468 1794 603 1830 θεραπείας
619 1803 626 1812 ο
655 1796 701 1820 καὶ
720 1795 780 1820 ὅσον
801 1794 869 1826 ξένον
887 1798 934 1821 τοῦ

137 1834 237 1873 δήμου,
262 1839 308 1863 καὶ
340 1837 398 1863 ὅσον
435 1837 575 1876 ἐγχώριον,
601 1836 653 1865 ὧδε
681 1843 767 1875 παρῆν
784 1841 858 1876 ,πρὸς
890 1840 934 1866 τὸν

133 1879 229 1920 ἄνδρα.
262 1883 325 1908 Τότε
350 1884 393 1908 καὶ
420 1883 547 1919 παρθένος
566 1882 649 1918 ὄψεως
670 1882 780 1920 ἀρρένων
804 1881 951 1921 κατατολ-Ῐ

131 1929 252 1963 μήσασα,
265 1929 312 1953 καὶ
325 1926 476 1965 πρεσϐύτης
498 1929 543 1954 καὶ
569 1927 705 1965 ἄρρωστος
728 1931 774 1958 τήν
800 1927 953 1970 acorum}

133 1971 300 2008 βιασάμενοι,
315 1971 362 2004 ἔξω
377 1976 424 1998 τοῦ
439 1973 547 2008 τείχους
567 1971 645 2002 ἦσαν.
667 1971 738 2002 Ἤδη
762 1971 792 2000 δὲ
815 1975 935 2010 ὁρμῶντα
951 1971 952 1975 ¹

130 2018 196 2054 πρὸς
219 2019 267 2047 τὴν
291 2015 339 2044 διὰ
361 2021 408 2044 τοῦ
434 2018 544 2044 θανάτου
572 2018 641 2049 ζωὴν
666 2019 709 2045 τόν
720 2019 849 2057 μακάριον
862 2028 934 2057 περι-

132 2062 239 2092 στάντες
272 2062 296 2088 οἱ
320 2060 477 2096 ὶπιτήδειοι,
507 2064 739 2099 περιεπτύσσοντο,
764 2067 934 2101 ποτνιώμενοι

129 2109 174 2134 καὶ
203 2108 236 2134 τὰ
264 2107 399 2134 τιλευταῖα
423 2108 653 2144 κατασπαζόμενοι
681 2109 737 2144 (84)
761 2111 816 2135 ’καὶ
841 2110 933 2146 θερμὸν

131 2151 254 2186 ίπάὖτῷ
277 2151 392 2190 δάκρυον
415 2152 537 2189 ἀφιέντες,
567 2154 677 2180 ἱκέτευον
702 2155 737 2190 μὴ
767 2152 934 2191 παραδοῦναι

131 2196 222 2223 ἇαυτὸν
257 2200 292 2232 τῷ
316 2199 390 2234 πυρὶ,
421 2199 457 2234 μὴ
486 2197 672 2235 παραναλῶσαι
698 2198 790 2225 ἐαυτοῦ
811 2201 858 2228 τὴν
877 2201 933 2226 νεό-

130 2250 209 2275 τητα,
221 2244 256 2278 μὴ
272 2241 423 2268 καταλιπεῖν
443 2243 486 2268 τὸν
501 2242 599 2278 γλυκὺν
623 2246 713 2269 τοῦτον
733 2243 814 2273 ἣλιον.
843 2243 933 2271 ’Ἄλλοι

131 2284 163 2313 δὲ
192 2286 352 2323 συμϐουλαῖς
370 2288 491 2318 πιθαναῖς
525 2287 661 2325 ἐπειρῶντο
687 2288 930 2326 παραλογίζεσθαι·

129 2331 240 2368 Ῥἠματι
265 2334 334 2368 μόνῳ
359 2331 412 2359 εἰπε
434 2335 479 2361 τὴν
507 2333 628 2370 ἄρνησιν,
658 2332 736 2370 ψυχῇ
759 2331 790 2360 δί
815 2335 862 2370 ἔχε
885 2336 931 2364 τὴν

129 2378 223 2403 πίστιν
235 2378 270 2408 ὡς
284 2376 314 2403 ἂν
330 2376 426 2413 ἐθίλῃς.
444 2377 548 2408 Πάντως
564 2376 628 2414 οὐχὶ
651 2382 683 2414 τῇ
707 2378 815 2415 γλώσσῃ
845 2389 930 2416 προσ-

948 2220 970 2248 D

178 2440 225 2474 78)
241 2440 311 2474 Reg.
327 2439 443 2476 primus
458 2437 655 2477 δεσμωτηρίων.
679 2441 756 2477 [Mox
768 2440 851 2470 Colb.
867 2441 930 2478 pri-

130 2483 201 2504 mus
217 2478 342 2504 σπείριτε.

166 2511 224 2546 (79)
242 2509 317 2539 Editi
331 2509 457 2540 ἠδύνατο.
475 2513 510 2540 At
522 2519 594 2540 mss.
610 2511 672 2539 duo
687 2510 813 2546 ἠδύνατο,
840 2515 932 2541 recte.

167 2548 232 2584 (80),
242 2547 324 2584 Colb.
339 2546 456 2584 primus
471 2546 561 2576 ἐπειδὴ
577 2549 628 2584 γὰρ
644 2545 723 2584 οἶδεν.
742 2545 846 2576 Statim
862 2548 933 2576 editi

130 2586 159 2611 et
173 2581 256 2611 Colb.
271 2581 386 2621 primus
401 2581 562 2621 δελεάσμασι
574 2581 707 2621 περιελεῖν.
720 2585 766 2621 ,ᾼι
780 2583 860 2621 Regii
876 2583 934 2620 pri-

131 2621 246 2657 mus_et
260 2618 363 2657 tertius
376 2626 445 2646 cum
457 2618 544 2657 Cois].
556 2622 585 2657 et
596 2618 666 2647 cum
679 2619 760 2657 Colb.
774 2618 934 2657 διλέάσρῐασι

129 2654 672 2692 περιιλθιῑν,ι·ἰ7ϊιιγηυςῃίνρ,ιίειξίρεῃε;
688 2655 767 2692 etita
778 2654 935 2692 scripsisse

132 2689 354 2728 putandus‘est
370 2689 507 2728 Basilius.
524 2689 755 2728 Subinde'Colb.
772 2689 888 2728 primus
908 2693 937 2720 et

131 2724 220 2762 Coisl.
238 2726 311 2762 παρὰ
324 2724 465 2762 βασιλέων,
476 2725 514 2754 ab
524 2724 783 2762 imperatoribus.‘
792 2727 846 2756 Alii
860 2735 935 2756 mss.

134 2764 162 2798 et
176 2761 249 2789 editi
258 2759 330 2798 τίαρὰ
344 2759 483 2798 βασιλέως,
495 2761 535 2798 ad
545 2759 732 2798 imperatore.
745 2762 937 2798 lbidemediti

136 2794 154 2826 δ
158 2794 302 2837 “nr/vim
307 2794 348 2828 At
353 2805 426 2828 mss.
438 2794 526 2830 multi
535 2794 599 2828 sine
609 2801 773 2837 augmento
783 2797 935 2839 διιγγυᾱτο.

953 863 975 892 Β

992 226 1106 255 amictu
1119 226 1222 255 lucido
1235 227 1413 255 induemur:
1433 234 1489 263 pro
1499 225 1676 262 ignominia,
1686 233 1822 254 coronae:

992 279 1048 307 pro
1063 279 1192 306 carcere,
1207 271 1384 307 paradisus:
1396 271 1422 299 si
1432 267 1750 299 condemnamurcum
1759 278 1824 299 ma-

991 315 1094 349 leﬁcis,
1108 316 1244 344 vivemus
1254 324 1324 344 cum
1339 315 1462 351 angelis.
1489 315 1579 343 Multa
1601 315 1631 343 in
1655 323 1704 343 me
1723 315 1822 350 serite,

992 363 1024 389 ut
1038 363 1151 389 metam
1166 369 1297 389 messem
1312 360 1520 397 multiplicem.
1544 361 1618 388 Cum
1642 362 1744 388 autem
1759 367 1822 388 non

991 409 1116 443 possent
1125 414 1194 434 eum
1204 406 1369 434 terroribus
1380 412 1678 441 expugnare,resque
1687 405 1752 433 ﬁeri
1759 413 1822 433 non

989 454 1093 488 posset
1105 461 1111 485 ;
1128 453 1241 480 mutato
1258 450 1383 479 consilio
1393 449 1547 478 blanditiis
1557 449 1820 484 eggrediebantur.

991 495 1058 524 Tale
1073 497 1117 523 est
1130 495 1212 523 enim
1228 494 1388 523 artiﬁcium
1403 493 1529 528 diaboli,
1554 493 1693 521 timidum
1709 495 1821 530 perter-

990 540 1104 574 refecit,
1115 540 1221 569 fortem
1232 539 1358 568 emollit.
1378 538 1535 575 Ejusmodi
1549 539 1635 566 erant
1657 540 1728 566 tunc
1747 545 1823 574 quo-

990 592 1050 622 que
1065 584 1196 613 maleﬁci
1210 584 1347 620 praesidis
1357 583 1506 611 versutiae.
1522 583 1607 618 Nam,
1620 585 1820 619 posteaquam

989 629 1065 657 vidit
1086 637 1157 657 eum
1181 628 1270 657 minis
1290 628 1365 656 nihil
1385 627 1501 661 cedere,
1521 627 1600 655 dolis
1615 627 1716 663 ipsum
1730 629 1821 663 atque

989 673 1137 702 illecebris
1151 673 1369 702 circumvenire
1381 674 1517 701 conatur.
1542 671 1741 700 Pollicebatur
1753 679 1820 700 mu-

988 727 1070 748 nera.
1086 718 1148 748 Alia
1158 718 1261 752 dabat,
1274 717 1333 746 alia
1345 717 1573 753 abimperatore
1586 716 1746 745 tribuenda
1755 724 1821 745 esse

989 764 1195 801 promittebat,
1211 763 1314 792 locum
1327 763 1359 791 in
1381 762 1488 791 militia
1508 761 1666 797 illustrem,
1688 761 1820 798 largitio-

988 816 1059 837 nem
1072 809 1283 846 pecuniarum,
1296 806 1444 844 quidquid
1458 806 1539 836 velit.

1025 901 1052 927 6.
1067 899 1125 927 Sed
1137 906 1207 927 cum
1220 898 1330 927 frustra
1344 899 1508 926 tentaretur
1525 896 1647 934 (auditis
1670 896 1750 925 enim
1773 896 1821 925 his

990 943 1267 980 pollicitationibus,
1282 943 1328 970 vir
1341 942 1450 970 beatus
1475 941 1613 978 prasidis
1635 940 1821 969 dementiam

989 988 1088 1023 irrisit,
1103 988 1128 1016 si
1140 987 1215 1024 quid
1229 987 1313 1024 quod
1327 995 1399 1015 cum
1413 994 1508 1022 regno
1529 985 1676 1014 caelorum
1699 992 1822 1021 compa—

990 1033 1049 1061 rari
1061 1033 1165 1069 possit,
1180 1032 1325 1060 daturum
1343 1039 1375 1060 se
1390 1031 1606 1065 arbitraretur),
1622 1032 1686 1059 tum
1699 1030 1750 1058 iraa
1767 1030 1821 1058 im-

990 1081 1099 1115 potens
1115 1081 1188 1113 erat,
1204 1080 1233 1106 et
1254 1077 1390 1113 gladium
1412 1076 1624 1112 distringebat,
1642 1077 1672 1104 et
1685 1075 1821 1104 lictorem

991 1122 1124 1160 ponebat
1137 1123 1178 1152 ob
1189 1122 1306 1156 oculos,
1326 1124 1356 1150 et
1366 1130 1420 1158 per
1434 1129 1562 1150 manum
1576 1123 1605 1150 et
1619 1128 1670 1156 per
1683 1120 1822 1156 linguam

990 1168 1072 1196 caede
1087 1175 1119 1196 se
1134 1167 1460 1200 contaminans,virum
1470 1167 1592 1195 beatum
1601 1165 1821 1194 mortiaddixit.

991 1214 1106 1241 interea
1119 1212 1157 1240 ad
1168 1212 1250 1240 hunc
1260 1212 1362 1240 locum
1379 1211 1517 1240 transivit
1534 1211 1686 1239 theatrum
1705 1218 1796 1239 omne
1813 1219 1821 1244 ;

991 1260 1020 1286 et
1034 1260 1181 1294 quotquot
1196 1257 1304 1293 reliqui
1316 1259 1401 1285 erant
1415 1256 1534 1290 incolas,
1551 1263 1606 1292 pro
1620 1255 1772 1284 moenibus
1782 1255 1822 1284 ef-

991 1302 1059 1338 fusi,
1077 1310 1223 1337 magnum
1236 1302 1310 1330 illud
1335 1304 1364 1330 et
1386 1300 1591 1338 palaestricum
1614 1299 1823 1337 spectaculum

991 1347 1170 1376 cernebant:
1187 1347 1271 1383 quod
1287 1349 1351 1375 erat
1364 1349 1393 1374 et
1407 1345 1523 1382 angelis
1538 1348 1566 1375 et
1580 1347 1724 1374 creaturae
1738 1345 1824 1374 omni

990 1392 1217 1426 admirandum,
1232 1391 1405 1420 luctuosum
1415 1391 1548 1426 diabolo,
1561 1391 1753 1419 daemonibus
1766 1390 1824 1419 for—

990 1438 1182 1466 midandum.
1200 1437 1302 1465 Vacua
1316 1436 1431 1464 civibus
1441 1436 1546 1465 effecta
1561 1438 1606 1464 est
1619 1435 1735 1469 civitas,
1747 1434 1824 1463 mul—

990 1482 1115 1511 titudine
1130 1482 1294 1510 acervatim
1309 1481 1442 1509 ﬂuminis
1457 1481 1551 1510 instar
1565 1481 1597 1509 in
1615 1481 1698 1508 hunc
1721 1480 1824 1508 locum

950 1520 975 1568 3C
990 1529 1222 1556 transcurrente.
1246 1528 1310 1555 Non
1327 1526 1383 1555 fuit
1395 1526 1513 1562 mulier,
1526 1534 1594 1562 qua)
1608 1533 1626 1554 a
1648 1525 1731 1562 14⁸1
1757 1532 1823 1561 spe-

989 1572 1105 1600 ctaculo
1121 1572 1229 1600 abesse
1240 1571 1447 1604 voluerit,non
1460 1571 1503 1599 vir
1513 1571 1672 1606 obscurus,
1694 1572 1746 1598 aut
1756 1569 1823 1598 illu-

989 1616 1057 1645 stris
1071 1616 1175 1644 abfuit.
1191 1616 1349 1644 Custodias
1364 1616 1505 1644 custodes
1519 1615 1682 1644 domorum
1705 1615 1824 1643 desere-

988 1661 1076 1696 bant;
1091 1664 1201 1698 apertae
1213 1664 1297 1689 erant
1309 1664 1511 1690 mercatorum
1522 1660 1654 1689 tabernae
1665 1659 1824 1696 ;jacebant

987 1706 1018 1734 in
1034 1706 1100 1734 foro
1113 1714 1161 1734 res
1173 1706 1312 1740 venales;
1333 1713 1396 1734 una
1409 1706 1546 1734 omnium
1557 1707 1621 1733 erat
1633 1704 1772 1733 custodia
1785 1711 1822 1732 ac

988 1751 1144 1786 securitas,
1155 1751 1263 1779 exiisse
1278 1758 1384 1779 omnes
1392 1750 1558 1787 aequaliter,
1573 1752 1600 1778 et
1609 1757 1646 1778 ne
1655 1757 1749 1777 unum
1755 1749 1822 1785 qui-

988 1796 1058 1824 dem
1074 1795 1247 1824 maleﬁcum
1260 1795 1291 1824 in
1305 1795 1378 1823 urbe
1393 1795 1585 1823 remansisse.
1602 1794 1822 1831 Relinquebent

988 1840 1265 1870 servidominorum
1280 1840 1463 1874 ministeria;
1481 1842 1509 1868 et
1519 1839 1725 1876 quodcunque
1735 1845 1821 1875 pere-

988 1886 1144 1922 grinorum
1155 1887 1207 1913 aut
1215 1885 1428 1920 indigenarum
1439 1887 1512 1917 erat,
1520 1883 1647 1912 omneid
1653 1883 1820 1912 hocinloco

988 1931 1027 1959 ad
1063 1930 1161 1958 virum
1199 1929 1449 1966 conspiciendum
1479 1929 1607 1958 astabat.
1626 1930 1708 1957 Tunc
1728 1927 1819 1956 etiam

986 1976 1072 2011 virgo
1087 1975 1219 2004 marium
1235 1975 1383 2003 sustinere
1394 1976 1551 2011 aspectum
1562 1981 1640 2002 ausa
1649 1975 1702 2008 est,
1715 1980 1819 2002 senex-

987 2029 1047 2058 que
1059 2023 1088 2049 et
1111 2020 1259 2054 inﬁrmus,
1288 2019 1371 2048 illata
1390 2019 1421 2048 vi
1443 2019 1600 2053 debilitati,
1621 2019 1709 2047 erant
1734 2020 1819 2047 extra

988 2073 1101 2094 muros.
1116 2065 1183 2093 Jam
1196 2065 1286 2100 igitur
1299 2064 1399 2093 virum
1412 2063 1536 2092 beatum
1551 2065 1646 2092 morte
1667 2061 1707 2091 ad
1726 2063 1818 2091 vitam

988 2112 1202 2147 properantem
1214 2109 1444 2137 circumstantes
1459 2108 1548 2137 amici
1562 2115 1631 2136 cum
1655 2106 1818 2142 gemitibus

988 2154 1259 2191 amplectebantur,
1275 2161 1310 2181 ac
1323 2156 1489 2182 extremam
1513 2152 1642 2181 salutem
1665 2151 1817 2185 dicebant,

988 2202 1078 2236 atque
1102 2198 1205 2227 effusis
1225 2198 1409 2226 ferventibus
1434 2197 1587 2233 lacrymis,
1613 2195 1818 2233 precabantur

987 2251 1025 2273 ne
1036 2248 1132 2272 semet
1141 2243 1273 2272 traderet
1286 2243 1356 2279 igni,
1374 2250 1411 2270 ne
1422 2249 1510 2270 suam
1523 2241 1696 2270 absumeret
1707 2241 1816 2276 juven-

987 2291 1090 2323 tutem,
1112 2296 1150 2317 ne
1170 2287 1342 2324 jucundum
1365 2288 1445 2316 hunc
1466 2286 1561 2315 solem
1583 2285 1815 2323 derelinqueret.

986 2333 1042 2362 Alii
1055 2333 1186 2362 consiliis
1201 2333 1241 2361 ad
1259 2332 1504 2370 persuadendum
1521 2331 1640 2360 idoneis
1653 2339 1724 2360 eum
1738 2330 1818 2359 deci~

986 2386 1058 2415 pere
1073 2378 1261 2407 nitebantur:
1279 2378 1359 2412 Nega
1372 2376 1464 2405 verbo
1479 2376 1545 2405 solo
1560 2385 1567 2411 ;
1583 2376 1614 2404 in
1630 2375 1732 2404 animo
1743 2382 1816 2404 vero

1020 2442 1076 2477 (81)
1092 2441 1175 2469 Colb.
1189 2440 1292 2469 tertius
1309 2439 1395 2472 ἀνοίας
1409 2439 1486 2467 εἰπὼν
1501 2439 1533 2468 εἰ.
1548 2440 1608 2468 Hoc
1621 2438 1688 2476 ipso
1703 2439 1734 2467 in
1747 2437 1815 2469 loco

985 2476 1047 2505 duo
1063 2485 1136 2513 mss.
1149 2477 1259 2513 νομίζει.

1023 2513 1081 2548 (82)
1097 2510 1212 2549 Εάίιῖτὸ
1233 2513 1383 2549 θαυμαστὸν
1403 2510 1584 2549 καὶ-ἀγγέλοις
1600 2511 1752 2549 θαυμαστὸν
1770 2513 1817 2549 καί

986 2545 1076 2585 πάσῃ(
1088 2548 1153 2576 Vox
1165 2545 1315 2585 θαυμαστόν
1341 2547 1434 2576 semel
1450 2545 1598 2575 duntaxat
1610 2547 1641 2575 in
1651 2545 1730 2574 'mss.
1745 2545 1818 2581 legi-

988 2587 1035 2613 tur
1047 2583 1054 2618 ξ
1068 2592 1123 2612 nec
1136 2592 1203 2612 eam
1216 2583 1311 2619 repeti
1324 2591 1447 2612 necesse
1460 2585 1513 2611 est.

1024 2616 1079 2654 (33)
1097 2620 1143 2648 Sic
1157 2619 1224 2648 libri
1238 2616 1361 2647 veteres.
1378 2619 1453 2647 Editi
1467 2627 1538 2647 vero
1550 2616 1704 2654 κατεδέξατο
1715 2619 1744 2645 τὸ
1760 2621 1819 2651 τῆς,

989 2652 1167 2692 θῒόγεῐᾶῑίῳ
1180 2663 1259 2692 unus
1275 2655 1370 2684 codex
1385 2654 1498 2687 ἐξέλιπον
1511 2656 1602 2686 τὰς....
1621 2652 1818 2692 διιῤῥίπτετο...

989 2691 1124 2718 κατέλιπον
1141 2689 1240 2719 δοῦλοι.

1027 2728 1079 2764 (84)
1095 2727 1178 2756 Colb.
1192 2727 1296 2764 tertius
1317 2727 1451 2764 τελενταῖα
1471 2724 1690 2764 σπουδαζόνινοι,
1713 2725 1819 2764 statim

990 2761 1034 2800 ex‘
1055 2761 1442 2800 antiquisrduobuslibris
1467 2762 1620 2800 edendum
1647 2761 1821 2800 curavimus

991 2799 1083 2828 ἑαυτοῦ
1098 2798 1154 2839 pro
1170 2799 1261 2828 αὐτοῦ.
1276 2798 1408 2830 Subinde
1423 2806 1503 2830 unus
1526 2806 1583 2828 ms.
1607 2798 1707 2839 ῥήματι
1725 2798 1817 2837 μόνον.
