2059 3136
269 114 320 142 501

962 110 992 138 S.
1011 107 1133 137 BASILII
1148 106 1257 137 HAGNI

1904 110 1954 138 508

271 176 422 205 ctaculum
441 175 608 211 conspexit,
632 173 718 210 quod
745 173 832 210 149
847 180 909 202 non
923 171 1092 201 obscuravil

1153 169 1248 197 ἐκείνου
1275 171 1320 197 τοὺ
1349 173 1513 206 στεφανιτου.
1543 170 1614 199 Αὕτη
1639 168 1738 197 ἐπεῖδεν
1766 172 1782 201 ἠ
1812 172 1899 210 ἠμὶρα
1923 174 1954 201 τὸ

270 225 403 258 tempus,
415 228 477 249 non
487 219 625 248 dissolvit
634 218 834 252 consuetudo,
846 226 909 246 non
919 218 991 246 vicit
1001 218 1098 253 poste-

270 267 386 295 riorum
416 267 581 293 eventuum
609 263 801 299 magnitudo.
830 262 1097 297 Quemadmodum

271 312 352 340 enim
361 311 456 339 solem
464 317 583 347 semper
590 310 752 343 intuentes,
762 316 882 345 semper
890 308 1096 336 admiramur:

271 356 313 384 ita
328 363 451 391 quoque
464 355 521 382 viri
530 354 610 382 illius
620 354 800 382 memoriam
816 360 936 389 semper
946 354 1096 380 recentem

269 399 428 428 habemus.
441 401 513 428 Nam
526 400 562 427 In
586 399 729 427 memoria
749 401 864 427 aeterna
874 399 932 426 erit
945 399 1047 432 justus
1061 396 1095 432 ¹³,

271 447 298 472 et
314 444 395 480 apud
407 444 522 472 incolas
537 446 632 479 terrae,
649 443 723 471 dum
739 445 816 471 terra
832 442 896 476 erit,
909 444 938 470 et
956 442 987 470 in
1002 441 1094 477 caelis,

268 491 298 517 et
313 489 395 525 apud
410 489 547 517 Judicein
558 489 675 523 justum
693 495 699 520 ;
717 487 765 516 cui
781 487 876 523 gloria
891 489 920 515 et
933 485 1096 523 imperium

269 534 300 562 in
313 533 424 562 saecula
439 532 631 561 saeculorum.
649 534 755 561 Amen.

565 733 711 763 HOMILIA
730 735 794 762 XIX.

392 797 429 825 In
448 799 568 825 sanctos
583 797 791 833 quadraginta
810 798 967 831 martyres.

304 853 328 879 l.
346 852 415 884 Quae
437 851 557 879 satietas
573 851 604 879 in
619 850 781 879 recolenda
797 852 965 886 martyrum
982 857 1094 877 memo-
1108 856 1129 884 Β

264 896 310 926 ria
324 904 391 924 esse
403 895 506 932 possit,
522 896 559 930 ei,
571 896 624 932 qui
639 898 787 931 martyres
803 902 906 923 amore
926 902 1092 930 prosequa~

264 943 323 975 tur,
336 948 407 968 cum
422 940 520 968 honor
534 948 625 976 quem
642 940 794 968 conservis
812 939 901 967 bonis
916 939 1091 971 deferimus,

264 986 375 1013 nostras
398 992 469 1020 erga
484 992 678 1012 communem
692 985 854 1012 Dominum
874 983 1092 1011 benevolentiae

265 1029 417 1065 specimen
429 1029 466 1056 sit
480 1031 508 1056 et
523 1030 756 1056 monumentum
768 1028 782 1057 ?
797 1028 911 1056 Etenim
925 1027 1091 1056 obscurum

264 1081 327 1102 non
336 1076 381 1101 est
392 1081 460 1100 eum
469 1073 522 1110 qui
533 1075 670 1101 strenuos
682 1073 762 1100 viros
771 1072 1003 1106 commendarit,
1010 1072 1093 1108 ipsos

265 1117 296 1145 in
312 1117 462 1145 similibus
472 1117 683 1145 occasionibus
694 1117 882 1145 imitaturum
899 1125 975 1145 esse.
991 1115 1093 1144 Lauda

266 1161 380 1189 sincere
401 1169 471 1189 eum
491 1162 543 1198 qui
560 1162 740 1198 martyrium
762 1162 893 1198 pertulit,
915 1164 948 1189 ut
962 1161 1092 1190 etﬁciare

264 1208 380 1242 martyr
402 1206 566 1242 voluntate,
588 1214 624 1234 ac
639 1210 763 1234 demum
787 1206 852 1234 sine
872 1206 1090 1242 persecutione,

266 1251 330 1280 sine
340 1251 419 1286 igne,
434 1251 498 1279 sine
511 1251 684 1279 verberibus
697 1251 805 1279 eadem
825 1253 915 1288 atque
930 1251 1092 1279 illimerce-

264 1295 334 1324 dem
348 1303 545 1332 consequare.
560 1296 650 1324 Nobis
662 1299 764 1324 autem
778 1303 839 1324 non
853 1304 931 1323 unus
948 1296 986 1324 ad
1004 1303 1092 1324 vene-

264 1340 413 1368 rationem
439 1341 628 1377 proponitur,
644 1348 706 1369 non
719 1341 781 1368 duo
800 1340 958 1376 duntaxat,
975 1347 1036 1368 non
1052 1340 1092 1369 ad

265 1385 370 1412 decem
390 1393 486 1421 usque
496 1385 655 1413 beatorum
667 1393 697 1412 se
713 1393 859 1413 numerus
872 1385 1004 1413 extendit
1018 1393 1024 1412 :
1038 1384 1092 1413 sed

264 1430 317 1458 viri
332 1429 548 1466 quadraginta,
563 1430 652 1466 quasi
665 1430 801 1458 animam
814 1437 907 1458 unam
922 1430 952 1458 in
963 1430 1090 1458 diversis

265 1474 441 1512 corporibus
452 1475 608 1508 habentes,
622 1475 653 1503 in
664 1483 725 1503 una
735 1474 806 1502 ﬁdei
819 1474 1042 1511 conspiratione
1056 1483 1092 1503 ac

265 1519 437 1553 concordia,
447 1527 540 1547 unam
549 1520 579 1547 in
591 1519 772 1548 cruciatibus
780 1519 966 1548 tolerantiam
973 1541 979 1552 ,
986 1527 1091 1548 unam-
1107 1536 1127 1563 ο

265 1571 324 1600 que
333 1571 389 1599 pro
405 1564 529 1591 veritate
545 1564 747 1592 constantiam
761 1563 966 1592 ostenderunt.
981 1565 1092 1593 Omnes

264 1607 341 1635 inter
356 1615 386 1635 se
403 1607 586 1643 consimiles,
611 1615 701 1644 pares
721 1609 878 1643 sententia,
896 1616 984 1645 pares
1000 1611 1092 1637 certa-

264 1652 354 1680 mine.
375 1652 578 1686 Quamobrem
601 1655 629 1681 et
648 1652 750 1688 gloriae
767 1661 895 1682 coronas
918 1661 1005 1690 pares
1024 1661 1092 1690 pro-

263 1704 409 1725 meruere.
427 1697 491 1730 Qua
505 1697 595 1732 igitur
609 1697 744 1726 oratione
757 1701 886 1734 possunt
906 1706 960 1735 pro
985 1699 1092 1727 merito

263 1741 405 1771 laudari?
415 1744 455 1770 Ne
469 1743 672 1779 quadraginta
682 1744 808 1780 quidem
819 1744 929 1779 linguae
946 1745 1017 1773 satis
1030 1744 1092 1773 fue-

262 1787 322 1816 riut
340 1789 382 1815 tot
399 1787 527 1815 virorum
542 1788 644 1816 virtuti
656 1788 855 1817 celebrandae.
873 1790 906 1817 Et
920 1798 993 1818 vero
1006 1789 1031 1817 si
1044 1789 1092 1817 vel

262 1839 357 1860 unum
374 1832 455 1860 cultu
468 1835 496 1860 et
510 1832 702 1861 observantia
716 1841 980 1870 prosequeremur,
996 1835 1022 1862 is
1038 1835 1091 1863 uti-

262 1885 321 1914 que
332 1877 510 1913 eloquentiae
523 1879 633 1905 nostree
644 1877 704 1905 vim
717 1881 880 1915 superaret,
890 1880 1004 1907 nedum
1015 1880 1090 1908 mul-

263 1921 356 1950 titudo
371 1923 465 1954 tanta,
477 1922 611 1958 phalanx
625 1923 772 1958 militaris,
786 1925 1091 1961 agmeninexpugna-

261 1965 331 2001 bile,
348 1966 431 2003 quod
447 1969 479 1994 ut
491 1967 522 1994 in
540 1966 626 1996 bellis
641 1968 770 2003 vincere,
787 1968 829 1997 ita
843 1969 989 1997 laudibus
1011 1978 1091 1999 asse-

261 2011 315 2048 qui
324 2019 414 2040 nemo
425 2014 536 2048 potest.

296 2057 323 2084 2.
340 2059 401 2091 Age
420 2057 496 2093 jam,
519 2057 586 2086 illos
606 2057 637 2086 in
657 2058 792 2086 medium
807 2059 969 2088 recolenda
984 2068 1090 2097 eorum

262 2101 408 2130 memoria
420 2102 618 2138 adducentes,
628 2110 822 2131 communem
835 2103 992 2133 utilitatem
1004 2113 1039 2133 ex
1047 2106 1088 2134 eis

262 2146 441 2183 capiendam
450 2147 619 2186 astantibus
626 2155 845 2184 proponamus,
855 2149 1090 2178 exhibitaomni-

260 2191 329 2240 bus,
343 2191 424 2240 velut
438 2192 468 2240 in
484 2192 605 2240 tabella,
620 2193 730 2240 horum
752 2193 888 2222 virorum
902 2195 1086 2224 fortitudine.
1105 2213 1125 2240 D

260 2237 336 2265 Nam
348 2238 377 2265 et
390 2244 438 2265 res
452 2236 483 2265 in
497 2236 577 2266 bello
592 2237 706 2266 fortiter
726 2241 825 2274 gestas
841 2248 920 2277 saepe
937 2243 1003 2269 tum
1023 2249 1090 2271 oru-

298 2300 322 2318 ¹³
338 2299 414 2328 Psal.
431 2308 485 2328 cxr.
500 2302 527 2328 7.

296 2362 336 2398 (6)
354 2362 400 2390 Sic
415 2370 489 2390 mss.
511 2362 661 2390 nonnulli.
677 2362 753 2390 Editi
771 2371 843 2391 vero
858 2363 904 2390 οὐκ
917 2365 1015 2395 ἔλυσεν.

297 2399 335 2433 (7)
364 2398 460 2426 Editio
489 2398 582 2426 Paris.
616 2400 829 2435 μαρτυρήσαντα.
864 2399 941 2429 Libri
974 2404 1088 2432 veteres

261 2437 379 2471 μαρτυρή
386 2443 478 2471 σαντα.

298 2469 440 2511 (διβοιι).
467 2469 569 2498 tertius
594 2477 649 2505 pro
674 2470 887 2507 μακαριζομένων
911 2471 1004 2502 habet
1022 2484 1089 2511 μαρ.

261 2507 442 2543 τυρησαντῳν.

298 2543 334 2576 (9)
349 2541 442 2568 Editio
459 2540 550 2568 Paris.
562 2543 606 2567 καὶ
618 2544 664 2571 τὴν
680 2542 742 2576 ὑπὲρ
754 2547 800 2573 τῆς
816 2543 944 2575 εὐσεϐείας
957 2546 1088 2573 ἔνστασιν.

262 2577 357 2640 Edittio
373 2576 459 2639 llasil.
487 2578 515 2605 et
533 2577 634 2605 Medic.
656 2580 684 2605 et
705 2576 755 2607 alii
770 2580 904 2616 quinque
922 2589 997 2611 mss.
1013 2585 1045 2609 ut
1059 2581 1090 2610 in

262 2620 319 2640 oon
335 2620 369 2639 ex
387 2620 415 2639 u.

262 2620 415 2640 contextu.

300 2648 356 2687 (10)
373 2648 501 2687 Utraque
515 2648 606 2687 editio
616 2650 744 2687 τοσούτων
765 2649 876 2687 ἀνδρῶν,
889 2654 930 2679 tot
942 2653 1088 2687 virorum,

262 2686 316 2712 aut
328 2685 483 2722 tantorum
491 2685 636 2722 virorum.
650 2686 764 2714 Veteres
773 2685 904 2722 quatuor
916 2687 983 2716 libri
995 2685 1089 2714 τοσαύέ

261 2729 318 2761 την,
337 2721 427 2761 tanta?
453 2720 659 2761 virtuti._Reg.
677 2720 830 2761 secundus
845 2721 880 2761 52v
895 2725 1090 2761 ria-captiuam

261 2754 378 2794 ἀνδρῶν,
393 2756 601 2794 quadraginta
622 2754 767 2787 virorum.
798 2757 853 2786 Sed
873 2758 947 2788 mihi
961 2754 1090 2789 dubium

263 2791 327 2824 noﬁ
337 2793 392 2830 est,
406 2791 481 2831 quin
494 2791 554 2824 70x
572 2794 768 2837 τεσσαράκοντα
779 2801 796 2825 e
810 2794 948 2833 margine
962 2795 993 2826 in
1018 2803 1090 2826 con-

1153 216 1303 252 θαυμαστὸν
1324 214 1404 242 ἐκεῖνο
1430 216 1523 252 θέαμα,
1540 215 1553 241 ὃ
1577 214 1624 241 οὐκ
1645 215 1801 253 ἠμαύρωσεν
1820 218 1834 242 ό
1848 219 1953 255 χρόνος,

1152 259 1213 286 οὐδε
1237 259 1352 292 ἐξέλυσεν
1372 259 1414 296 (ϐ)
1437 261 1451 289 ἡ
1480 260 1616 289 συνήθεια·
1648 259 1696 286 οὐκ
1724 259 1841 290 ἐνίκησεν
1868 263 1882 290 ἦ
1903 266 1954 289 τῶν

1152 304 1333 341 ὶπιγινομὲνων
1358 303 1500 341 ὑπερϐολή.
1533 307 1633 342 Ὠσπερ
1661 305 1711 342 γὰρ
1738 307 1781 332 τὸν
1810 305 1881 335 ἣλιον
1913 306 1952 334 ἀεὶ

1151 350 1319 386 καθορῶντες,
1347 348 1386 376 ἀεὶ
1416 349 1592 386 θαυμάζομεν-
1617 349 1685 375 οῦτω
1710 352 1753 376 καὶ
1783 354 1830 377 τοῦ
1858 349 1953 390 ἀνδρὸς

1151 395 1249 422 ἐκείνου
1273 393 1313 420 ἀεὶ
1338 395 1429 431 νεαρὰν
1453 396 1500 424 τὴν
1524 397 1629 430 μνήμην
1659 396 1763 431 ἔχομεν.
1787 395 1832 428 Εἰς
1853 399 1952 433 μνημό-

1152 449 1228 466 συνον
1251 439 1302 475 γὰρ
1322 439 1424 465 αἰώνιον
1445 440 1521 465 ἔσται
1541 437 1656 472 δίκαιος,
1676 442 1721 465 καὶ
1739 442 1812 478 παρὰ
1831 445 1884 473 τοίς
1908 441 1950 468 ἐπὶ

1150 488 1210 519 γῆς,
1227 484 1273 514 ἕως
1292 482 1363 509 ἐστὶν
1382 483 1397 512 ἠ
1418 487 1464 519 γῆ,
1488 485 1533 509 καί
1556 483 1580 509 ἐν
1600 487 1656 514 τοῖς
1671 483 1799 520 οὐρανοῖς,
1815 488 1860 512 καὶ
1879 487 1951 523 παρὰ

1149 532 1186 564 τῷ
1213 526 1308 563 δικαίῳ
1329 531 1417 565 κριτῇ·
1484 529 1499 557 ἡ
1522 526 1588 560 δόξα
1607 530 1652 555 καὶ
1671 529 1700 555 τὸ
1724 531 1820 566 κράτος
1838 529 1875 562 εἰς
1892 531 1952 571 τοὺς

1150 573 1243 604 αἰῶνας
1252 577 1302 599 τῶν
1315 572 1423 600 αἰώνων.
1442 572 1534 610 ’Δμήω

1451 731 1573 756 ΟΜΙΛΙΑ.
1593 729 1646 758 ΙΘ’.

1256 793 1298 824 Εἰς
1313 794 1375 824 τοὺς
1388 793 1477 829 ἁγίους
1491 795 1687 832 τεσσαράκοντα
1697 803 1840 832 μαρτυρας.

1187 850 1211 874 l.
1241 848 1386 884 Μαρτὺρων
1419 849 1524 883 μνήμης
1551 849 1592 878 τίς
1619 847 1650 874 ἂν
1682 849 1781 884 γένοιτο
1807 849 1883 885 κόρος
1910 851 1949 883 τῷ

1149 892 1319 929 φιλομάρτυρι
1335 900 1342 925 ;
1366 890 1436 918 διότι
1457 893 1471 921 ἠ
1488 894 1551 929 πρὸς
1569 894 1631 923 τοὺς
1645 891 1760 928 ἀγαθοὺς
1773 896 1823 918 τῶν
1838 891 1949 929 ὁμοδού-

1147 937 1196 963 λων
1220 938 1284 973 τιμὴ
1303 934 1437 967 ἀπόδειξιν
1459 938 1516 972 ἔχει
1535 941 1581 967 τῆς
1601 939 1668 974 πρὸς
1686 939 1729 964 τόν
1749 938 1833 964 κοινὸν
1853 939 1949 964 Δεσπό-

1147 991 1194 1010 την
1212 981 1320 1012 εὐνοίας.
1345 980 1424 1010 Δῆλον
1447 982 1509 1019 γὰρ,
1532 982 1573 1008 ὃτι
1587 983 1600 1008 ὁ
1621 984 1680 1013 τοὺς
1703 984 1835 1018 γενναίοις
1849 980 1947 1019 ἄνδρας

1149 1024 1344 1063 ἀποδεχόμενος
1378 1026 1401 1053 ἐν
1429 1030 1486 1057 τοῖς
1508 1027 1607 1063 ὁμοίοις
1640 1030 1742 1064 καιροῖς
1772 1027 1819 1054 οὐκ
1849 1026 1948 1054 ἀπολει-

1148 1072 1274 1107 φθήσεται
1306 1075 1355 1102 τῆς
1386 1074 1532 1108 μιμήσεως.
1567 1072 1720 1108 Μακάρισον
1756 1073 1874 1108 γνησίως
1904 1073 1948 1098 τὸν

1148 1118 1354 1154 μαρτυρήσαντα
1377 1117 1427 1151 (7),
1449 1117 1491 1142 ἵνα
1519 1118 1577 1153 φένῃ
1603 1118 1703 1153 μάρτυς
1726 1120 1758 1153 τῇ
1785 1118 1947 1154 προαιρέσει,

1147 1167 1192 1191 καὶ
1216 1164 1294 1201 ἓκϐᾕς
1316 1167 1399 1201 χωρὶς
1424 1163 1554 1202 διωγμοῦ,
1575 1168 1659 1203 χωρὶς
1677 1167 1769 1204 πυρὸς,
1796 1167 1876 1202 χωρὶς
1899 1175 1948 1202 μα-

1149 1212 1255 1245 στίγων,
1280 1213 1328 1235 τῶν
1349 1210 1432 1236 αὐτῶν
1452 1208 1556 1240 ἐκείνοις
1574 1211 1676 1247 μισθῶν
1700 1209 1849 1247 ἠξιωμένος.
1871 1210 1948 1247 Ἡμῖν

1148 1253 1178 1281 δὲ
1199 1254 1252 1291 οὐχ
1274 1255 1316 1281 ἕνα
1342 1256 1477 1292 πρόκειται
1504 1255 1654 1291 θαυμάζειν,
1675 1253 1737 1282 οὖδέ
1766 1253 1815 1281 δύο
1843 1257 1945 1292 μόνους,

1147 1295 1209 1324 οὐδὲ
1230 1299 1312 1334 μέχρι
1337 1295 1448 1329 δεκάδος
1471 1299 1484 1324 ὁ
1507 1298 1618 1336 ἀριθμὸς
1635 1302 1739 1336 πρόεισι
1757 1304 1807 1326 τῶν
1831 1309 1947 1338 μακαρι-

1148 1343 1259 1379 ζομένων
1368 1341 1431 1369 ἀλλὰ
1463 1345 1660 1382 τεσσαράκοντα
1690 1342 1792 1383 ἄνδρες,
1823 1345 1857 1375 ὡς
1885 1347 1947 1382 μίαν

1146 1387 1239 1424 ψυχὴν
1263 1386 1287 1414 ἐν
1306 1385 1474 1424 διῃρημένοις
1494 1391 1614 1425 σώμασιν
1635 1390 1747 1426 ἔχοντες,
1769 1389 1793 1415 ἐν
1813 1392 1862 1426 μιᾷ
1878 1398 1947 1426 συμ-

1145 1435 1223 1470 πνοίᾳ
1246 1434 1291 1459 καὶ
1312 1434 1419 1470 ὁμονοίᾳ
1440 1438 1485 1464 τῆς
1508 1436 1628 1468 πίστεως,
1652 1436 1714 1472 μίαν
1738 1437 1783 1461 καὶ
1811 1436 1859 1464 τὴν
1882 1434 1947 1472 πρὸς

1146 1479 1179 1504 τὰ
1211 1477 1283 1504 δεινὰ
1306 1480 1454 1516 καρτερίαν,
1482 1481 1527 1505 καὶ
1547 1480 1594 1508 τὴν
1618 1479 1681 1516 ὑπὲρ
1706 1483 1754 1510 τῆς
1777 1478 1896 1509 ἀληθείας
1922 1480 1946 1506 ἔν

1148 1532 1241 1549 στασιν
1268 1523 1307 1558 (9)
1338 1521 1509 1554 ἐπεδείξαντο.
1540 1524 1634 1554 Πάντες
1660 1523 1842 1560 παραπλήσιοι
1870 1523 1946 1554 ἀλλή-

1146 1567 1208 1602 λοις,
1231 1569 1287 1594 ἴσοι
1314 1570 1361 1597 τήν
1384 1571 1500 1605 γνώμην,
1525 1570 1581 1595 ἴσοι
1608 1570 1654 1597 τὴν
1679 1568 1798 1598 ἄθλησιν.
1831 1570 1875 1596 Διὸ
1901 1571 1946 1595 καὶ

1147 1614 1277 1650 ὁμοτίμων
1293 1616 1343 1638 τῶν
1366 1613 1496 1650 στεφάνων
1517 1617 1564 1645 τῆς
1581 1611 1659 1645 δόξης
1673 1613 1884 1645 κατηξιώθησαν.
1899 1615 1944 1645 Τίς

1147 1657 1177 1683 ἃν
1193 1655 1235 1684 οὖν
1256 1656 1369 1694 ἐφίκοιτο
1390 1657 1464 1693 λόγος
1483 1662 1514 1688 τῆ
1520 1668 1531 1689 ς
1544 1659 1642 1684 τούτων
1655 1657 1750 1692 ἇξίας;
1766 1656 1838 1685 Quid“:
1851 1667 1946 1685 τεσσα-

1146 1704 1259 1740 ράκοντα
1279 1702 1398 1738 γλῶσσαι
1415 1701 1556 1740 ἐξήρκεσαν
1575 1702 1605 1728 ἂν
1619 1705 1751 1729 τοσούτων
1767 1701 1866 1741 ἀνδρῶν
1888 1703 1945 1738 (10)

1148 1746 1239 1785 ἀρετὴν
1254 1746 1411 1784 ἀνυμνῆσαι.
1432 1750 1534 1781 Καίτοι,
1551 1747 1572 1773 εἰ
1587 1750 1632 1774 καὶ
1652 1745 1687 1779 εἷς
1702 1746 1733 1777 ἦν
1751 1748 1765 1774 ὁ
1783 1747 1946 1784 θαυμαζόμε-

1145 1803 1197 1827 νος,
1214 1795 1260 1822 τήν
1280 1802 1309 1829 γε
1332 1796 1382 1819 τῶν
1402 1794 1529 1830 ἡμετέρων
1548 1792 1631 1829 λόγων
1652 1791 1762 1830 δύναμιν
1778 1793 1880 1830 ἐξήρκει
1901 1802 1946 1819 κα-

1146 1838 1318 1872 ταπαλαῖσαι,
1349 1839 1384 1874 μὴ
1403 1838 1443 1863 ὅτι
1466 1837 1566 1869 πλῆθος
1584 1841 1719 1871 τοσοῦτον,
1740 1837 1842 1874 φαλαγξ
1866 1839 1946 1873 στρα-

1145 1884 1265 1916 τιωτικὴ,
1294 1883 1419 1918 σύστημα
1447 1880 1702 1918 δυσκαταγώνιστον,
1733 1882 1827 1918 ὁμοίως
1859 1882 1884 1907 ἓν
1917 1890 1945 1908 τε

1145 1928 1266 1965 πολέμοις
1281 1927 1406 1957 ἀήττητον
1422 1929 1467 1954 καὶ
1481 1927 1506 1954 ἐν
1526 1927 1638 1958 ἐπαίνοις
1656 1926 1805 1965 ἀπρόσιτον.

1179 2064 1206 2092 2.
1233 2066 1311 2100 Δεῦρο
1333 2059 1367 2092 δὴ
1390 2060 1443 2097 οὖν,
1469 2071 1505 2093 εις
1525 2072 1603 2100 μεσον
1619 2062 1713 2093 αὐτοὺς
1736 2060 1875 2098 ἀγαγόντες
1897 2057 1946 2086 διὰ

1145 2112 1192 2138 τῆς
1223 2108 1402 2145 ὑπομνήσεως,
1435 2110 1523 2137 κοινὴν
1553 2110 1600 2138 τὴν
1634 2106 1678 2134 ἀπ’
1707 2107 1789 2133 αὐτῶν
1823 2105 1944 2143 ὠφέλειαν

1145 2157 1198 2184 τοῖς
1225 2156 1340 2191 παροῦσι
1373 2153 1610 2190 καταστησώμεθα,
1644 2150 1824 2191 προδείξαντες
1850 2153 1944 2184 πᾶσιν,

1146 2198 1233 2235 ὥσπερ
1259 2197 1282 2224 ἐν
1311 2201 1409 2235 γραφῇ,
1435 2199 1480 2228 τὰς
1503 2202 1553 2225 τῶν
1578 2195 1679 2235 ἀνδρῶν
1704 2196 1846 2234 ἀριστείας.
1873 2195 1944 2222 Ἐπεὶ

1147 2245 1191 2271 καὶ
1221 2241 1424 2281 (Η)’πο).έμων
1453 2241 1678 2281 ἀνδραγαθήματα
1710 2244 1756 2269 καὶ
1788 2241 1944 2278 λογογράφοι

1143 2370 1258 2397 textum
1272 2369 1435 2405 irrepserit.
1464 2370 1718 2405 Factumrautem
1743 2367 1774 2396 id
1801 2367 1946 2405 essehoc

1143 2405 1203 2433 fere
1219 2405 1311 2433 modo
1331 2403 1470 2434 arbitror.
1495 2404 1645 2432 Librarius
1663 2403 1778 2438 legerat
1801 2404 1943 2437 τοσούτων,

1144 2443 1186 2469 tot
1208 2441 1354 2474 virorum,
1380 2449 1443 2469 non
1462 2441 1603 2468 τοσαύτην.
1631 2439 1675 2467 uti
1694 2438 1726 2467 in
1745 2439 1848 2468 mullis
1867 2447 1942 2467 mss.

1143 2476 1250 2511 legitur
1266 2485 1272 2504 τ
1290 2476 1401 2504 veritus
1412 2479 1513 2504 autem
1524 2483 1562 2505 ne
1575 2475 1646 2511 quis
1659 2483 1822 2503 numerum
1834 2474 1945 2502 horum

1142 2510 1276 2540 virorum
1291 2512 1452 2547 ignoraret.
1470 2511 1501 2539 in
1515 2519 1569 2539 ora
1585 2510 1654 2539 libri
1673 2511 1791 2540 addidit
1813 2511 1944 2548 τεσσαρα-

1143 2557 1229 2577 κοντα,
1252 2548 1468 2583 quadraginta.

1178 2583 1234 2617 (tt)
1251 2583 1313 2617 Illa,
1338 2583 1392 2609 ἐπεὶ
1420 2585 1475 2616 καί,
1496 2584 1565 2617 etc.,
1585 2582 1624 2610 ab
1640 2582 1773 2610 Adriano
1792 2590 1875 2618 papa
1890 2589 1945 2618 pro

1143 2618 1318 2646 defensione
1329 2621 1503 2647 sanctarum
1513 2619 1681 2653 imaginum
1694 2618 1779 2646 citari
1788 2620 1893 2646 monet
1903 2618 1946 2645 vir

1143 2654 1364 2682 eruditissimus
1378 2655 1514 2682 Duceeus.
1531 2654 1613 2682 Idem
1627 2654 1674 2682 ille
1689 2654 1808 2682 monuit
1820 2661 1946 2689 quoque

1144 2690 1208 2731 liceo
1219 2690 1323 2731 verba,
1341 2688 1410 2731 ᾅιήιςι
1424 2691 1530 2731 ἡλπρὸς,
1541 2692 1608 2724 etc.,
1624 2698 1693 2731 quas
1703 2689 1787 2718 initio
1800 2688 1946 2730 orationis

1143 2726 1295 2760 leguntur,
1326 2725 1417 2754 citata
1443 2725 1536 2754 fuisse
1573 2734 1591 2755 a
1620 2725 1769 2754 Germano
1798 2725 1946 2761 episcopo

1144 2761 1487 2803 gonstantinopoiitano,
1513 2763 1544 2791 ut
1564 2761 1672 2803 _videre
1697 2764 1741 2793 est
1760 2761 1793 2791 in
1817 2761 1946 2793 concilio

1144 2797 1263 2828 Niceno
1278 2797 1414 2829 secundo
1428 2797 1544 2830 actione
1558 2799 1587 2828 4.
