  <div class='ocr_page' id='page_1' title='image "/cluster/home/n/w/nwhite01/storage/ocr_20150623/31/njp.32101013202609/266.png"; bbox 0 0 2059 3136; ppageno 0'>
   <div class='ocr_carea' id='block_1_1' title="bbox 125 117 180 145">
    <p class='ocr_par' dir='ltr' id='par_1_1' title="bbox 125 117 180 145">
     <span class='ocr_line' id='line_1_1' title="bbox 125 117 180 145; baseline 0 0"><span class='ocrx_word' id='word_1_1' title='bbox 125 117 180 145; x_wconf 82' lang='lat'><strong>509</strong></span> 
     </span>
    </p>
   </div>
   <div class='ocr_carea' id='block_1_2' title="bbox 125 176 965 216">
    <p class='ocr_par' dir='ltr' id='par_1_2' title="bbox 125 176 965 216">
     <span class='ocr_line' id='line_1_2' title="bbox 125 176 965 216; baseline 0.002 -10"><span class='ocrx_word' id='word_1_2' title='bbox 125 179 259 211; x_wconf 72' lang='grc' dir='ltr'><strong>πολλάκις,</strong></span> <span class='ocrx_word' id='word_1_3' title='bbox 279 180 325 204; x_wconf 77' lang='grc' dir='ltr'>καὶ</span> <span class='ocrx_word' id='word_1_4' title='bbox 350 178 483 215; x_wconf 74' lang='grc' dir='ltr'><strong>ζωγράφοι</strong></span> <span class='ocrx_word' id='word_1_5' title='bbox 508 176 741 215; x_wconf 86' lang='grc' dir='ltr'>διασημαίνουσιν,</span> <span class='ocrx_word' id='word_1_6' title='bbox 770 179 794 206; x_wconf 77' lang='lat' dir='ltr'><strong>ei</strong></span> <span class='ocrx_word' id='word_1_7' title='bbox 822 181 867 216; x_wconf 66' lang='grc' dir='ltr'>μὶν</span> <span class='ocrx_word' id='word_1_8' title='bbox 891 184 926 216; x_wconf 80' lang='grc' dir='ltr'>τῷ</span> <span class='ocrx_word' id='word_1_9' title='bbox 941 181 965 208; x_wconf 81' lang='grc' dir='ltr'><strong>Α</strong></span> 
     </span>
    </p>
   </div>
   <div class='ocr_carea' id='block_1_3' title="bbox 125 220 927 261">
    <p class='ocr_par' dir='ltr' id='par_1_3' title="bbox 125 220 927 261">
     <span class='ocr_line' id='line_1_3' title="bbox 125 220 927 261; baseline -0.001 -10"><span class='ocrx_word' id='word_1_10' title='bbox 125 223 193 261; x_wconf 80' lang='grc' dir='ltr'><strong>λόγῳ</strong></span> <span class='ocrx_word' id='word_1_11' title='bbox 221 222 436 259; x_wconf 77' lang='grc' dir='ltr'>διακοσμοῦντες,</span> <span class='ocrx_word' id='word_1_12' title='bbox 463 223 487 248; x_wconf 82' lang='grc' dir='ltr'><strong>οἱ</strong></span> <span class='ocrx_word' id='word_1_13' title='bbox 518 220 548 250; x_wconf 59' lang='grc' dir='ltr'><strong>δὲ</strong></span> <span class='ocrx_word' id='word_1_14' title='bbox 566 227 620 255; x_wconf 86' lang='grc' dir='ltr'>τοῖς</span> <span class='ocrx_word' id='word_1_15' title='bbox 632 224 733 256; x_wconf 81' lang='grc' dir='ltr'>πίναξιν</span> <span class='ocrx_word' id='word_1_16' title='bbox 752 224 927 261; x_wconf 77' lang='grc' dir='ltr'>ἔγχαράττον-</span> 
     </span>
    </p>
   </div>
   <div class='ocr_carea' id='block_1_4' title="bbox 124 267 927 307">
    <p class='ocr_par' dir='ltr' id='par_1_4' title="bbox 124 267 927 307">
     <span class='ocr_line' id='line_1_4' title="bbox 124 267 927 307; baseline 0 -11"><span class='ocrx_word' id='word_1_17' title='bbox 124 278 176 301; x_wconf 77' lang='grc' dir='ltr'>τες,</span> <span class='ocrx_word' id='word_1_18' title='bbox 202 270 249 296; x_wconf 79' lang='grc' dir='ltr'>καὶ</span> <span class='ocrx_word' id='word_1_19' title='bbox 286 268 392 298; x_wconf 82' lang='grc' dir='ltr'>πολλοὺς</span> <span class='ocrx_word' id='word_1_20' title='bbox 429 267 568 305; x_wconf 77' lang='grc' dir='ltr'>ἐπήγιιραν</span> <span class='ocrx_word' id='word_1_21' title='bbox 600 270 666 306; x_wconf 83' lang='grc' dir='ltr'>πρὸς</span> <span class='ocrx_word' id='word_1_22' title='bbox 699 267 808 307; x_wconf 78' lang='grc' dir='ltr'>ἀνδρίαν</span> <span class='ocrx_word' id='word_1_23' title='bbox 840 269 927 297; x_wconf 64' lang='lat' dir='ltr'><strong>isdu-</strong></span> 
     </span>
    </p>
   </div>
   <div class='ocr_carea' id='block_1_5' title="bbox 122 311 926 351">
    <p class='ocr_par' dir='ltr' id='par_1_5' title="bbox 122 311 926 351">
     <span class='ocr_line' id='line_1_5' title="bbox 122 311 926 351; baseline 0.002 -12"><span class='ocrx_word' id='word_1_24' title='bbox 122 323 175 351; x_wconf 85' lang='grc' dir='ltr'>ροι.</span> <span class='ocrx_word' id='word_1_25' title='bbox 194 313 227 340; x_wconf 73' lang='grc' dir='ltr'><strong>Ἃ</strong></span> <span class='ocrx_word' id='word_1_26' title='bbox 241 314 291 350; x_wconf 88' lang='grc' dir='ltr'><strong>γὰρ</strong></span> <span class='ocrx_word' id='word_1_27' title='bbox 312 313 326 339; x_wconf 87' lang='grc' dir='ltr'><strong>ό</strong></span> <span class='ocrx_word' id='word_1_28' title='bbox 340 312 413 348; x_wconf 79' lang='grc' dir='ltr'>λόγος</span> <span class='ocrx_word' id='word_1_29' title='bbox 427 316 473 343; x_wconf 80' lang='grc' dir='ltr'>τῆς</span> <span class='ocrx_word' id='word_1_30' title='bbox 489 313 606 349; x_wconf 84' lang='grc' dir='ltr'>ἱστορίας</span> <span class='ocrx_word' id='word_1_31' title='bbox 638 311 685 341; x_wconf 81' lang='grc' dir='ltr'>διὰ</span> <span class='ocrx_word' id='word_1_32' title='bbox 702 319 747 345; x_wconf 80' lang='grc' dir='ltr'>τῆς</span> <span class='ocrx_word' id='word_1_33' title='bbox 763 314 841 346; x_wconf 78' lang='grc' dir='ltr'>ἀκοῆς</span> <span class='ocrx_word' id='word_1_34' title='bbox 855 324 926 351; x_wconf 81' lang='grc' dir='ltr'>παρ-</span> 
     </span>
    </p>
   </div>
   <div class='ocr_carea' id='block_1_6' title="bbox 124 357 926 396">
    <p class='ocr_par' dir='ltr' id='par_1_6' title="bbox 124 357 926 396">
     <span class='ocr_line' id='line_1_6' title="bbox 124 357 926 396; baseline 0.002 -12"><span class='ocrx_word' id='word_1_35' title='bbox 124 360 227 391; x_wconf 81' lang='grc' dir='ltr'>ίστησι,</span> <span class='ocrx_word' id='word_1_36' title='bbox 248 361 332 384; x_wconf 78' lang='grc' dir='ltr'>ταῦτα</span> <span class='ocrx_word' id='word_1_37' title='bbox 349 359 464 394; x_wconf 75' lang='grc' dir='ltr'>γραφικὴ</span> <span class='ocrx_word' id='word_1_38' title='bbox 487 361 614 384; x_wconf 73' lang='grc' dir='ltr'><strong>σιωπῶσαι</strong></span> <span class='ocrx_word' id='word_1_39' title='bbox 639 357 687 386; x_wconf 72' lang='grc' dir='ltr'>διὰ</span> <span class='ocrx_word' id='word_1_40' title='bbox 709 361 845 396; x_wconf 76' lang='grc' dir='ltr'>μιμήσεως</span> <span class='ocrx_word' id='word_1_41' title='bbox 874 357 926 386; x_wconf 79' lang='grc' dir='ltr'>διί-</span> 
     </span>
    </p>
   </div>
   <div class='ocr_carea' id='block_1_7' title="bbox 120 399 927 440">
    <p class='ocr_par' dir='ltr' id='par_1_7' title="bbox 120 399 927 440">
     <span class='ocr_line' id='line_1_7' title="bbox 120 399 927 440; baseline 0.002 -11"><span class='ocrx_word' id='word_1_42' title='bbox 120 412 225 430; x_wconf 83' lang='grc' dir='ltr'>κνυσιν.</span> <span class='ocrx_word' id='word_1_43' title='bbox 256 401 332 428; x_wconf 74' lang='grc' dir='ltr'>Οὕτω</span> <span class='ocrx_word' id='word_1_44' title='bbox 365 399 399 431; x_wconf 79' lang='grc' dir='ltr'><strong>δὴ</strong></span> <span class='ocrx_word' id='word_1_45' title='bbox 427 403 472 428; x_wconf 76' lang='grc' dir='ltr'><strong>καὶ</strong></span> <span class='ocrx_word' id='word_1_46' title='bbox 498 402 570 438; x_wconf 77' lang='grc' dir='ltr'>ἠμιῖς</span> <span class='ocrx_word' id='word_1_47' title='bbox 598 401 854 440; x_wconf 71' lang='grc' dir='ltr'>ἁναμνήσωμενῌ2)</span> <span class='ocrx_word' id='word_1_48' title='bbox 882 407 927 434; x_wconf 75' lang='grc' dir='ltr'>τῆς</span> 
     </span>
    </p>
   </div>
   <div class='ocr_carea' id='block_1_8' title="bbox 121 443 926 484">
    <p class='ocr_par' dir='ltr' id='par_1_8' title="bbox 121 443 926 484">
     <span class='ocr_line' id='line_1_8' title="bbox 121 443 926 484; baseline 0.002 -11"><span class='ocrx_word' id='word_1_49' title='bbox 121 446 216 483; x_wconf 76' lang='grc' dir='ltr'>ἀρετῆς</span> <span class='ocrx_word' id='word_1_50' title='bbox 246 450 296 473; x_wconf 80' lang='grc' dir='ltr'>τῶν</span> <span class='ocrx_word' id='word_1_51' title='bbox 325 443 426 482; x_wconf 75' lang='grc' dir='ltr'>ἀνδρῶν</span> <span class='ocrx_word' id='word_1_52' title='bbox 460 447 519 477; x_wconf 84' lang='grc' dir='ltr'>τοὺς</span> <span class='ocrx_word' id='word_1_53' title='bbox 545 449 683 484; x_wconf 73' lang='grc' dir='ltr'><strong>παρόντας,</strong></span> <span class='ocrx_word' id='word_1_54' title='bbox 705 450 750 475; x_wconf 78' lang='grc' dir='ltr'><strong>καὶ</strong></span> <span class='ocrx_word' id='word_1_55' title='bbox 777 449 854 476; x_wconf 81' lang='grc' dir='ltr'>οἰονιὶ</span> <span class='ocrx_word' id='word_1_56' title='bbox 882 448 926 475; x_wconf 78' lang='grc' dir='ltr'><strong>ὑπ’</strong></span> 
     </span>
    </p>
   </div>
   <div class='ocr_carea' id='block_1_9' title="bbox 122 489 926 531">
    <p class='ocr_par' dir='ltr' id='par_1_9' title="bbox 122 489 926 531">
     <span class='ocr_line' id='line_1_9' title="bbox 122 489 926 531; baseline 0.001 -13"><span class='ocrx_word' id='word_1_57' title='bbox 122 491 184 527; x_wconf 70' lang='grc' dir='ltr'>ὄψιν</span> <span class='ocrx_word' id='word_1_58' title='bbox 208 491 291 518; x_wconf 62' lang='grc' dir='ltr'>αὐτῶν</span> <span class='ocrx_word' id='word_1_59' title='bbox 320 489 458 526; x_wconf 72' lang='grc' dir='ltr'><strong>ἀγαγόντες</strong></span> <span class='ocrx_word' id='word_1_60' title='bbox 483 491 528 522; x_wconf 80' lang='grc' dir='ltr'><strong>τὰς</strong></span> <span class='ocrx_word' id='word_1_61' title='bbox 553 491 669 529; x_wconf 71' lang='grc' dir='ltr'>πράξαις,</span> <span class='ocrx_word' id='word_1_62' title='bbox 695 495 842 529; x_wconf 78' lang='grc' dir='ltr'><strong>κινήσωμεν</strong></span> <span class='ocrx_word' id='word_1_63' title='bbox 861 494 926 531; x_wconf 85' lang='grc' dir='ltr'>πρὸς</span> 
     </span>
    </p>
   </div>
   <div class='ocr_carea' id='block_1_10' title="bbox 120 536 926 574">
    <p class='ocr_par' dir='ltr' id='par_1_10' title="bbox 120 536 926 574">
     <span class='ocr_line' id='line_1_10' title="bbox 120 536 926 574; baseline 0.004 -12"><span class='ocrx_word' id='word_1_64' title='bbox 120 538 171 565; x_wconf 82' lang='grc' dir='ltr'>τὴν</span> <span class='ocrx_word' id='word_1_65' title='bbox 211 538 325 572; x_wconf 85' lang='grc' dir='ltr'>μίμησιν</span> <span class='ocrx_word' id='word_1_66' title='bbox 358 536 419 566; x_wconf 80' lang='grc' dir='ltr'>τοὺς</span> <span class='ocrx_word' id='word_1_67' title='bbox 455 537 646 573; x_wconf 71' lang='grc' dir='ltr'><strong>γενναιοτέρους</strong></span> <span class='ocrx_word' id='word_1_68' title='bbox 681 540 726 564; x_wconf 78' lang='grc' dir='ltr'>καὶ</span> <span class='ocrx_word' id='word_1_69' title='bbox 758 538 926 574; x_wconf 73' lang='grc' dir='ltr'>οἱκιιοτέρους</span> 
     </span>
    </p>
   </div>
   <div class='ocr_carea' id='block_1_11' title="bbox 120 580 925 620">
    <p class='ocr_par' dir='ltr' id='par_1_11' title="bbox 120 580 925 620">
     <span class='ocr_line' id='line_1_11' title="bbox 120 580 925 620; baseline 0 -12"><span class='ocrx_word' id='word_1_70' title='bbox 120 580 211 612; x_wconf 71' lang='grc' dir='ltr'>αὐτοῖς</span> <span class='ocrx_word' id='word_1_71' title='bbox 237 582 286 610; x_wconf 68' lang='grc' dir='ltr'>τὴν</span> <span class='ocrx_word' id='word_1_72' title='bbox 313 581 475 618; x_wconf 78' lang='grc' dir='ltr'>προαίρεσιν.</span> <span class='ocrx_word' id='word_1_73' title='bbox 502 584 583 608; x_wconf 78' lang='grc' dir='ltr'>Τοῦτο</span> <span class='ocrx_word' id='word_1_74' title='bbox 615 582 666 619; x_wconf 86' lang='grc' dir='ltr'>γὰρ</span> <span class='ocrx_word' id='word_1_75' title='bbox 702 581 758 608; x_wconf 75' lang='grc' dir='ltr'>ὶστι</span> <span class='ocrx_word' id='word_1_76' title='bbox 788 583 925 620; x_wconf 79' lang='grc' dir='ltr'>μαρτύρων</span> 
     </span>
    </p>
   </div>
   <div class='ocr_carea' id='block_1_12' title="bbox 121 624 924 663">
    <p class='ocr_par' dir='ltr' id='par_1_12' title="bbox 121 624 924 663">
     <span class='ocr_line' id='line_1_12' title="bbox 121 624 924 663; baseline 0.005 -13"><span class='ocrx_word' id='word_1_77' title='bbox 121 624 261 662; x_wconf 77' lang='grc' dir='ltr'>ἂγκώμιον,</span> <span class='ocrx_word' id='word_1_78' title='bbox 288 625 304 654; x_wconf 85' lang='grc' dir='ltr'><strong>ἠ</strong></span> <span class='ocrx_word' id='word_1_79' title='bbox 338 626 404 662; x_wconf 89' lang='grc' dir='ltr'>πρὸς</span> <span class='ocrx_word' id='word_1_80' title='bbox 425 624 517 663; x_wconf 78' lang='grc' dir='ltr'>ἀρετὴν</span> <span class='ocrx_word' id='word_1_81' title='bbox 546 626 713 663; x_wconf 82' lang='grc' dir='ltr'>παράκλησις</span> <span class='ocrx_word' id='word_1_82' title='bbox 736 631 786 653; x_wconf 87' lang='grc' dir='ltr'>τῶν</span> <span class='ocrx_word' id='word_1_83' title='bbox 811 629 924 654; x_wconf 85' lang='grc' dir='ltr'>συνειλι-</span> 
     </span>
    </p>
   </div>
   <div class='ocr_carea' id='block_1_13' title="bbox 121 667 924 708">
    <p class='ocr_par' dir='ltr' id='par_1_13' title="bbox 121 667 924 708">
     <span class='ocr_line' id='line_1_13' title="bbox 121 667 924 708; baseline 0.002 -13"><span class='ocrx_word' id='word_1_84' title='bbox 121 672 232 706; x_wconf 80' lang='grc' dir='ltr'>γμένων.</span> <span class='ocrx_word' id='word_1_85' title='bbox 264 667 335 696; x_wconf 61' lang='grc' dir='ltr'><strong>Οὗδὶ</strong></span> <span class='ocrx_word' id='word_1_86' title='bbox 361 670 413 707; x_wconf 84' lang='grc' dir='ltr'><strong>γὰρ</strong></span> <span class='ocrx_word' id='word_1_87' title='bbox 446 668 641 706; x_wconf 71' lang='grc' dir='ltr'>καταδέχονται</span> <span class='ocrx_word' id='word_1_88' title='bbox 668 673 757 708; x_wconf 89' lang='grc' dir='ltr'>νόμοις</span> <span class='ocrx_word' id='word_1_89' title='bbox 793 671 924 708; x_wconf 74' lang='grc' dir='ltr'><strong>ἐγκωμίων</strong></span> 
     </span>
    </p>
   </div>
   <div class='ocr_carea' id='block_1_14' title="bbox 124 712 924 753">
    <p class='ocr_par' dir='ltr' id='par_1_14' title="bbox 124 712 924 753">
     <span class='ocr_line' id='line_1_14' title="bbox 124 712 924 753; baseline 0.003 -12"><span class='ocrx_word' id='word_1_90' title='bbox 124 712 256 742; x_wconf 71' lang='grc' dir='ltr'><strong>δουλεύειν</strong></span> <span class='ocrx_word' id='word_1_91' title='bbox 279 714 304 740; x_wconf 83' lang='grc' dir='ltr'><strong>οἱ</strong></span> <span class='ocrx_word' id='word_1_92' title='bbox 331 716 391 751; x_wconf 68' lang='grc' dir='ltr'>περὶ</span> <span class='ocrx_word' id='word_1_93' title='bbox 413 718 463 740; x_wconf 84' lang='grc' dir='ltr'>τῶν</span> <span class='ocrx_word' id='word_1_94' title='bbox 492 713 572 750; x_wconf 85' lang='grc' dir='ltr'>ἁγίων</span> <span class='ocrx_word' id='word_1_95' title='bbox 597 715 679 751; x_wconf 84' lang='grc' dir='ltr'>λόγοι.</span> <span class='ocrx_word' id='word_1_96' title='bbox 705 718 777 744; x_wconf 85' lang='grc' dir='ltr'>Διότι</span> <span class='ocrx_word' id='word_1_97' title='bbox 795 717 820 743; x_wconf 81' lang='grc' dir='ltr'><strong>οἱ</strong></span> <span class='ocrx_word' id='word_1_98' title='bbox 843 716 924 753; x_wconf 69' lang='grc' dir='ltr'><strong>εὐφη-</strong></span> 
     </span>
    </p>
   </div>
   <div class='ocr_carea' id='block_1_15' title="bbox 122 758 924 798">
    <p class='ocr_par' dir='ltr' id='par_1_15' title="bbox 122 758 924 798">
     <span class='ocr_line' id='line_1_15' title="bbox 122 758 924 798; baseline 0.002 -13"><span class='ocrx_word' id='word_1_99' title='bbox 122 762 230 795; x_wconf 77' lang='grc' dir='ltr'>μοῦντες</span> <span class='ocrx_word' id='word_1_100' title='bbox 240 758 295 795; x_wconf 89' lang='grc'><strong>(13)</strong></span> <span class='ocrx_word' id='word_1_101' title='bbox 320 758 348 785; x_wconf 72' lang='grc' dir='ltr'>εκ</span> <span class='ocrx_word' id='word_1_102' title='bbox 375 762 425 786; x_wconf 83' lang='grc' dir='ltr'><strong>τῶν</strong></span> <span class='ocrx_word' id='word_1_103' title='bbox 452 763 498 786; x_wconf 80' lang='grc' dir='ltr'>τοῦ</span> <span class='ocrx_word' id='word_1_104' title='bbox 523 761 624 796; x_wconf 81' lang='grc' dir='ltr'>κόσμου</span> <span class='ocrx_word' id='word_1_105' title='bbox 640 759 760 798; x_wconf 79' lang='grc' dir='ltr'><strong>ἀφορμῶν</strong></span> <span class='ocrx_word' id='word_1_106' title='bbox 779 761 824 792; x_wconf 83' lang='grc' dir='ltr'><strong>τὰς</strong></span> <span class='ocrx_word' id='word_1_107' title='bbox 837 760 924 798; x_wconf 82' lang='grc' dir='ltr'>ἀρχὰς</span> 
     </span>
    </p>
   </div>
   <div class='ocr_carea' id='block_1_16' title="bbox 120 801 924 842">
    <p class='ocr_par' dir='ltr' id='par_1_16' title="bbox 120 801 924 842">
     <span class='ocr_line' id='line_1_16' title="bbox 120 801 924 842; baseline -0.002 -13"><span class='ocrx_word' id='word_1_108' title='bbox 120 808 172 832; x_wconf 82' lang='grc' dir='ltr'>τῶν</span> <span class='ocrx_word' id='word_1_109' title='bbox 197 803 327 840; x_wconf 72' lang='grc' dir='ltr'>εὐφημιῶν</span> <span class='ocrx_word' id='word_1_110' title='bbox 349 801 526 840; x_wconf 75' lang='grc' dir='ltr'>λαμϐάνουσιν</span> <span class='ocrx_word' id='word_1_111' title='bbox 539 815 546 822; x_wconf 74' lang='grc' dir='ltr'><strong>ι</strong></span> <span class='ocrx_word' id='word_1_112' title='bbox 570 803 607 836; x_wconf 75' lang='grc' dir='ltr'>οἷς</span> <span class='ocrx_word' id='word_1_113' title='bbox 627 803 657 832; x_wconf 59' lang='grc' dir='ltr'><strong>δὴ</strong></span> <span class='ocrx_word' id='word_1_114' title='bbox 681 806 694 831; x_wconf 85' lang='grc' dir='ltr'><strong>ό</strong></span> <span class='ocrx_word' id='word_1_115' title='bbox 710 808 806 842; x_wconf 82' lang='grc' dir='ltr'>κόσμος</span> <span class='ocrx_word' id='word_1_116' title='bbox 832 805 924 832; x_wconf 59' lang='lat' dir='ltr'><strong>ign-ao.</strong></span> 
     </span>
    </p>
   </div>
   <div class='ocr_carea' id='block_1_17' title="bbox 119 847 963 891">
    <p class='ocr_par' dir='ltr' id='par_1_17' title="bbox 119 847 963 891">
     <span class='ocr_line' id='line_1_17' title="bbox 119 847 963 891; baseline 0.004 -17"><span class='ocrx_word' id='word_1_117' title='bbox 119 858 213 886; x_wconf 78' lang='grc' dir='ltr'>ρωται,</span> <span class='ocrx_word' id='word_1_118' title='bbox 236 853 289 879; x_wconf 84' lang='grc' dir='ltr'>πῶς</span> <span class='ocrx_word' id='word_1_119' title='bbox 305 847 415 875; x_wconf 75' lang='grc' dir='ltr'>δύναταί</span> <span class='ocrx_word' id='word_1_120' title='bbox 436 858 462 875; x_wconf 91' lang='grc' dir='ltr'><strong>τι</strong></span> <span class='ocrx_word' id='word_1_121' title='bbox 483 853 532 877; x_wconf 84' lang='grc' dir='ltr'><strong>τῶν</strong></span> <span class='ocrx_word' id='word_1_122' title='bbox 561 849 586 876; x_wconf 75' lang='grc' dir='ltr'>ἂν</span> <span class='ocrx_word' id='word_1_123' title='bbox 614 849 685 885; x_wconf 81' lang='grc' dir='ltr'>αὐτῷ</span> <span class='ocrx_word' id='word_1_124' title='bbox 710 849 828 888; x_wconf 76' lang='grc' dir='ltr'>ἀφορμὴν</span> <span class='ocrx_word' id='word_1_125' title='bbox 853 859 923 888; x_wconf 89' lang='grc' dir='ltr'>παρ-</span> <span class='ocrx_word' id='word_1_126' title='bbox 944 864 963 891; x_wconf 77' lang='grc' dir='ltr'>Β</span> 
     </span>
    </p>
   </div>
   <div class='ocr_carea' id='block_1_18' title="bbox 119 893 924 932">
    <p class='ocr_par' dir='ltr' id='par_1_18' title="bbox 119 893 924 932">
     <span class='ocr_line' id='line_1_18' title="bbox 119 893 924 932; baseline 0.001 -12"><span class='ocrx_word' id='word_1_127' title='bbox 119 896 192 929; x_wconf 64' lang='grc' dir='ltr'>ἐχειν</span> <span class='ocrx_word' id='word_1_128' title='bbox 221 893 256 926; x_wconf 82' lang='grc' dir='ltr'><strong>εἰς</strong></span> <span class='ocrx_word' id='word_1_129' title='bbox 281 894 465 931; x_wconf 74' lang='grc' dir='ltr'>περιφάνιιανς</span> <span class='ocrx_word' id='word_1_130' title='bbox 498 894 553 921; x_wconf 73' lang='grc' dir='ltr'>Οὐκ</span> <span class='ocrx_word' id='word_1_131' title='bbox 588 893 618 924; x_wconf 79' lang='grc' dir='ltr'><strong>ἧν</strong></span> <span class='ocrx_word' id='word_1_132' title='bbox 654 897 702 931; x_wconf 89' lang='grc' dir='ltr'><strong>μία</strong></span> <span class='ocrx_word' id='word_1_133' title='bbox 738 897 832 932; x_wconf 79' lang='grc' dir='ltr'>πατρὶς</span> <span class='ocrx_word' id='word_1_134' title='bbox 871 899 924 926; x_wconf 85' lang='grc' dir='ltr'>τοῖς</span> 
     </span>
    </p>
   </div>
   <div class='ocr_carea' id='block_1_19' title="bbox 119 937 923 976">
    <p class='ocr_par' dir='ltr' id='par_1_19' title="bbox 119 937 923 976">
     <span class='ocr_line' id='line_1_19' title="bbox 119 937 923 976; baseline 0.002 -12"><span class='ocrx_word' id='word_1_135' title='bbox 119 938 207 974; x_wconf 76' lang='grc' dir='ltr'>ἁγίοις</span> <span class='ocrx_word' id='word_1_136' title='bbox 219 947 225 955; x_wconf 93' lang='grc'><strong>·</strong></span> <span class='ocrx_word' id='word_1_137' title='bbox 241 937 316 970; x_wconf 76' lang='grc' dir='ltr'>ἄλλος</span> <span class='ocrx_word' id='word_1_138' title='bbox 329 939 380 976; x_wconf 85' lang='grc' dir='ltr'><strong>γὰρ</strong></span> <span class='ocrx_word' id='word_1_139' title='bbox 396 937 539 974; x_wconf 70' lang='grc' dir='ltr'><strong>ἀλλαχόθεν</strong></span> <span class='ocrx_word' id='word_1_140' title='bbox 559 939 674 976; x_wconf 80' lang='grc' dir='ltr'>ὥρμητο.</span> <span class='ocrx_word' id='word_1_141' title='bbox 705 942 736 966; x_wconf 88' lang='grc' dir='ltr'>Τί</span> <span class='ocrx_word' id='word_1_142' title='bbox 755 937 799 966; x_wconf 82' lang='grc' dir='ltr'>οὖν</span> <span class='ocrx_word' id='word_1_143' title='bbox 815 948 823 973; x_wconf 81' lang='lat'><strong>;</strong></span> <span class='ocrx_word' id='word_1_144' title='bbox 856 939 923 966; x_wconf 84' lang='grc' dir='ltr'>ἀπό-</span> 
     </span>
    </p>
   </div>
   <div class='ocr_carea' id='block_1_20' title="bbox 118 981 922 1020">
    <p class='ocr_par' dir='ltr' id='par_1_20' title="bbox 118 981 922 1020">
     <span class='ocr_line' id='line_1_20' title="bbox 118 981 922 1020; baseline 0.002 -11"><span class='ocrx_word' id='word_1_145' title='bbox 118 981 201 1014; x_wconf 77' lang='grc' dir='ltr'>λιδας</span> <span class='ocrx_word' id='word_1_146' title='bbox 225 982 318 1014; x_wconf 75' lang='grc' dir='ltr'>αὐτοὺς</span> <span class='ocrx_word' id='word_1_147' title='bbox 344 983 462 1019; x_wconf 77' lang='grc' dir='ltr'>εἲπωμιν,</span> <span class='ocrx_word' id='word_1_148' title='bbox 490 985 505 1012; x_wconf 83' lang='grc' dir='ltr'>ἧ</span> <span class='ocrx_word' id='word_1_149' title='bbox 533 987 578 1014; x_wconf 87' lang='grc' dir='ltr'>τῆς</span> <span class='ocrx_word' id='word_1_150' title='bbox 622 984 773 1020; x_wconf 68' lang='grc' dir='ltr'><strong>οἰκουμένης</strong></span> <span class='ocrx_word' id='word_1_151' title='bbox 809 984 922 1017; x_wconf 79' lang='grc' dir='ltr'><strong>πολίτας,</strong></span> 
     </span>
    </p>
   </div>
   <div class='ocr_carea' id='block_1_21' title="bbox 125 1027 923 1067">
    <p class='ocr_par' dir='ltr' id='par_1_21' title="bbox 125 1027 923 1067">
     <span class='ocr_line' id='line_1_21' title="bbox 125 1027 923 1067; baseline 0.005 -14"><span class='ocrx_word' id='word_1_152' title='bbox 125 1030 217 1064; x_wconf 80' lang='grc' dir='ltr'>Ωσπερ</span> <span class='ocrx_word' id='word_1_153' title='bbox 250 1028 299 1064; x_wconf 82' lang='grc' dir='ltr'><strong>γὰρ</strong></span> <span class='ocrx_word' id='word_1_154' title='bbox 329 1027 354 1053; x_wconf 71' lang='grc' dir='ltr'>ἐν</span> <span class='ocrx_word' id='word_1_155' title='bbox 387 1030 444 1058; x_wconf 82' lang='grc' dir='ltr'>ταῖς</span> <span class='ocrx_word' id='word_1_156' title='bbox 467 1032 516 1054; x_wconf 82' lang='grc' dir='ltr'>τῶν</span> <span class='ocrx_word' id='word_1_157' title='bbox 545 1028 640 1066; x_wconf 70' lang='grc' dir='ltr'>ἐράνων</span> <span class='ocrx_word' id='word_1_158' title='bbox 665 1032 848 1067; x_wconf 78' lang='grc' dir='ltr'>συνιισφοραῖς</span> <span class='ocrx_word' id='word_1_159' title='bbox 868 1029 923 1066; x_wconf 76' lang='grc'><strong>(14)</strong></span> 
     </span>
    </p>
   </div>
   <div class='ocr_carea' id='block_1_22' title="bbox 117 1071 923 1110">
    <p class='ocr_par' dir='ltr' id='par_1_22' title="bbox 117 1071 923 1110">
     <span class='ocr_line' id='line_1_22' title="bbox 117 1071 923 1110; baseline 0.002 -12"><span class='ocrx_word' id='word_1_160' title='bbox 117 1073 152 1099; x_wconf 79' lang='grc' dir='ltr'>τὰ</span> <span class='ocrx_word' id='word_1_161' title='bbox 176 1071 237 1109; x_wconf 89' lang='grc' dir='ltr'>παρ’</span> <span class='ocrx_word' id='word_1_162' title='bbox 260 1071 372 1099; x_wconf 73' lang='grc' dir='ltr'>ἑκάστου</span> <span class='ocrx_word' id='word_1_163' title='bbox 398 1071 593 1101; x_wconf 67' lang='grc' dir='ltr'>καταϐληθέντα</span> <span class='ocrx_word' id='word_1_164' title='bbox 620 1074 694 1100; x_wconf 78' lang='grc' dir='ltr'>κοινὰ</span> <span class='ocrx_word' id='word_1_165' title='bbox 725 1078 775 1102; x_wconf 85' lang='grc' dir='ltr'>τῶν</span> <span class='ocrx_word' id='word_1_166' title='bbox 811 1074 923 1110; x_wconf 64' lang='lat' dir='ltr'><strong>sicne]—</strong></span> 
     </span>
    </p>
   </div>
   <div class='ocr_carea' id='block_1_23' title="bbox 118 1117 924 1156">
    <p class='ocr_par' dir='ltr' id='par_1_23' title="bbox 118 1117 924 1156">
     <span class='ocr_line' id='line_1_23' title="bbox 118 1117 924 1156; baseline 0.002 -13"><span class='ocrx_word' id='word_1_167' title='bbox 118 1117 218 1143; x_wconf 64' lang='grc' dir='ltr'>πάντων</span> <span class='ocrx_word' id='word_1_168' title='bbox 240 1119 356 1153; x_wconf 79' lang='grc' dir='ltr'>γίνεται·</span> <span class='ocrx_word' id='word_1_169' title='bbox 385 1117 450 1144; x_wconf 83' lang='grc' dir='ltr'><strong>οὔτω</strong></span> <span class='ocrx_word' id='word_1_170' title='bbox 479 1119 524 1143; x_wconf 83' lang='grc' dir='ltr'><strong>καὶ</strong></span> <span class='ocrx_word' id='word_1_171' title='bbox 551 1117 657 1144; x_wconf 79' lang='grc' dir='ltr'>ἐπὶτῶν</span> <span class='ocrx_word' id='word_1_172' title='bbox 679 1120 813 1156; x_wconf 83' lang='grc' dir='ltr'>μακαρίων</span> <span class='ocrx_word' id='word_1_173' title='bbox 827 1120 924 1146; x_wconf 82' lang='grc' dir='ltr'>τούτων</span> 
     </span>
    </p>
   </div>
   <div class='ocr_carea' id='block_1_24' title="bbox 118 1161 923 1199">
    <p class='ocr_par' dir='ltr' id='par_1_24' title="bbox 118 1161 923 1199">
     <span class='ocr_line' id='line_1_24' title="bbox 118 1161 923 1199; baseline 0.002 -12"><span class='ocrx_word' id='word_1_174' title='bbox 118 1162 134 1191; x_wconf 81' lang='grc' dir='ltr'><strong>ἡ</strong></span> <span class='ocrx_word' id='word_1_175' title='bbox 164 1161 276 1189; x_wconf 71' lang='grc' dir='ltr'>ἑκάστου</span> <span class='ocrx_word' id='word_1_176' title='bbox 304 1164 396 1199; x_wconf 83' lang='grc' dir='ltr'>πατρὶς</span> <span class='ocrx_word' id='word_1_177' title='bbox 419 1164 491 1191; x_wconf 80' lang='grc' dir='ltr'>κοινὴ</span> <span class='ocrx_word' id='word_1_178' title='bbox 520 1163 620 1189; x_wconf 83' lang='grc' dir='ltr'>πάντων</span> <span class='ocrx_word' id='word_1_179' title='bbox 640 1162 715 1189; x_wconf 72' lang='grc' dir='ltr'>ἐστί·</span> <span class='ocrx_word' id='word_1_180' title='bbox 759 1166 803 1189; x_wconf 77' lang='grc' dir='ltr'>καὶ</span> <span class='ocrx_word' id='word_1_181' title='bbox 833 1165 923 1196; x_wconf 71' lang='grc' dir='ltr'>πάντες</span> 
     </span>
    </p>
   </div>
   <div class='ocr_carea' id='block_1_25' title="bbox 120 1204 924 1244">
    <p class='ocr_par' dir='ltr' id='par_1_25' title="bbox 120 1204 924 1244">
     <span class='ocr_line' id='line_1_25' title="bbox 120 1204 924 1244; baseline 0.004 -12"><span class='ocrx_word' id='word_1_182' title='bbox 120 1205 175 1233; x_wconf 82' lang='grc' dir='ltr'>οἰσὶ</span> <span class='ocrx_word' id='word_1_183' title='bbox 202 1207 366 1243; x_wconf 74' lang='grc' dir='ltr'><strong>πανταχόθεν</strong></span> <span class='ocrx_word' id='word_1_184' title='bbox 385 1204 561 1238; x_wconf 71' lang='grc' dir='ltr'>ἀντιδιδόντες</span> <span class='ocrx_word' id='word_1_185' title='bbox 588 1207 705 1239; x_wconf 82' lang='grc' dir='ltr'>ἀλλήλοις</span> <span class='ocrx_word' id='word_1_186' title='bbox 732 1209 777 1239; x_wconf 86' lang='grc' dir='ltr'><strong>τὰς</strong></span> <span class='ocrx_word' id='word_1_187' title='bbox 803 1208 924 1244; x_wconf 72' lang='grc' dir='ltr'>ἐνεγκού-</span> 
     </span>
    </p>
   </div>
   <div class='ocr_carea' id='block_1_26' title="bbox 124 1250 924 1291">
    <p class='ocr_par' dir='ltr' id='par_1_26' title="bbox 124 1250 924 1291">
     <span class='ocr_line' id='line_1_26' title="bbox 124 1250 924 1291; baseline 0.004 -13"><span class='ocrx_word' id='word_1_188' title='bbox 124 1260 180 1282; x_wconf 83' lang='grc' dir='ltr'>σας.</span> <span class='ocrx_word' id='word_1_189' title='bbox 206 1252 307 1279; x_wconf 86' lang='grc' dir='ltr'>Μᾶλλον</span> <span class='ocrx_word' id='word_1_190' title='bbox 331 1250 359 1278; x_wconf 64' lang='grc' dir='ltr'><strong>δὴ</strong></span> <span class='ocrx_word' id='word_1_191' title='bbox 381 1254 407 1278; x_wconf 84' lang='grc' dir='ltr'><strong>τί</strong></span> <span class='ocrx_word' id='word_1_192' title='bbox 435 1250 476 1279; x_wconf 72' lang='grc' dir='ltr'><strong>δεῖ</strong></span> <span class='ocrx_word' id='word_1_193' title='bbox 496 1253 544 1283; x_wconf 88' lang='grc' dir='ltr'><strong>τὰς</strong></span> <span class='ocrx_word' id='word_1_194' title='bbox 556 1255 645 1289; x_wconf 82' lang='grc' dir='ltr'>χαμαὶ</span> <span class='ocrx_word' id='word_1_195' title='bbox 678 1256 793 1290; x_wconf 79' lang='grc' dir='ltr'>κειμένας</span> <span class='ocrx_word' id='word_1_196' title='bbox 816 1254 924 1291; x_wconf 79' lang='grc' dir='ltr'>πιριζη-</span> 
     </span>
    </p>
   </div>
   <div class='ocr_carea' id='block_1_27' title="bbox 121 1296 922 1332">
    <p class='ocr_par' dir='ltr' id='par_1_27' title="bbox 121 1296 922 1332">
     <span class='ocr_line' id='line_1_27' title="bbox 121 1296 922 1332; baseline 0.002 -10"><span class='ocrx_word' id='word_1_197' title='bbox 121 1301 184 1330; x_wconf 77' lang='grc' dir='ltr'>τείν,</span> <span class='ocrx_word' id='word_1_198' title='bbox 211 1296 266 1328; x_wconf 79' lang='grc' dir='ltr'><strong>ἐξόν</strong></span> <span class='ocrx_word' id='word_1_199' title='bbox 289 1299 335 1326; x_wconf 84' lang='grc' dir='ltr'>τὴν</span> <span class='ocrx_word' id='word_1_200' title='bbox 359 1300 402 1323; x_wconf 85' lang='grc' dir='ltr'>νῦν</span> <span class='ocrx_word' id='word_1_201' title='bbox 430 1297 512 1323; x_wconf 75' lang='grc' dir='ltr'>αὐτῶν</span> <span class='ocrx_word' id='word_1_202' title='bbox 538 1297 622 1332; x_wconf 85' lang='grc' dir='ltr'>πόλιν,</span> <span class='ocrx_word' id='word_1_203' title='bbox 652 1299 708 1328; x_wconf 79' lang='grc' dir='ltr'>ἣτις</span> <span class='ocrx_word' id='word_1_204' title='bbox 731 1298 813 1332; x_wconf 72' lang='grc' dir='ltr'>ἐστὶν,</span> <span class='ocrx_word' id='word_1_205' title='bbox 834 1299 922 1326; x_wconf 73' lang='grc' dir='ltr'>ίννοεῖν</span> 
     </span>
    </p>
   </div>
   <div class='ocr_carea' id='block_1_28' title="bbox 122 1341 920 1380">
    <p class='ocr_par' dir='ltr' id='par_1_28' title="bbox 122 1341 920 1380">
     <span class='ocr_line' id='line_1_28' title="bbox 122 1341 920 1380; baseline 0.003 -12"><span class='ocrx_word' id='word_1_206' title='bbox 122 1341 199 1372; x_wconf 79' lang='grc' dir='ltr'>Πόλις</span> <span class='ocrx_word' id='word_1_207' title='bbox 223 1343 309 1368; x_wconf 80' lang='grc' dir='ltr'>τοίνυν</span> <span class='ocrx_word' id='word_1_208' title='bbox 335 1343 471 1380; x_wconf 81' lang='grc' dir='ltr'>μαρτύρων</span> <span class='ocrx_word' id='word_1_209' title='bbox 491 1343 506 1371; x_wconf 84' lang='grc' dir='ltr'><strong>ἡ</strong></span> <span class='ocrx_word' id='word_1_210' title='bbox 530 1342 601 1373; x_wconf 85' lang='grc' dir='ltr'><strong>πόλις</strong></span> <span class='ocrx_word' id='word_1_211' title='bbox 622 1342 678 1370; x_wconf 82' lang='grc' dir='ltr'>ἐστὶ</span> <span class='ocrx_word' id='word_1_212' title='bbox 700 1347 745 1370; x_wconf 83' lang='grc' dir='ltr'>τοῦ</span> <span class='ocrx_word' id='word_1_213' title='bbox 779 1347 864 1370; x_wconf 80' lang='grc' dir='ltr'><strong>Θεοῦ·</strong></span> <span class='ocrx_word' id='word_1_214' title='bbox 905 1344 920 1373; x_wconf 83' lang='grc' dir='ltr'>ἤ</span> 
     </span>
    </p>
   </div>
   <div class='ocr_carea' id='block_1_29' title="bbox 120 1385 923 1424">
    <p class='ocr_par' dir='ltr' id='par_1_29' title="bbox 120 1385 923 1424">
     <span class='ocr_line' id='line_1_29' title="bbox 120 1385 923 1424; baseline 0 -10"><span class='ocrx_word' id='word_1_215' title='bbox 120 1388 243 1422; x_wconf 80' lang='grc' dir='ltr'>τιχνίτης</span> <span class='ocrx_word' id='word_1_216' title='bbox 265 1389 311 1413; x_wconf 80' lang='grc' dir='ltr'><strong>καὶ</strong></span> <span class='ocrx_word' id='word_1_217' title='bbox 335 1385 496 1424; x_wconf 77' lang='grc' dir='ltr'>δημιουργὸς</span> <span class='ocrx_word' id='word_1_218' title='bbox 518 1387 531 1413; x_wconf 81' lang='grc' dir='ltr'><strong>ό</strong></span> <span class='ocrx_word' id='word_1_219' title='bbox 556 1389 630 1420; x_wconf 76' lang='grc' dir='ltr'>Θεὸς,</span> <span class='ocrx_word' id='word_1_220' title='bbox 647 1388 662 1416; x_wconf 87' lang='grc' dir='ltr'><strong>ἠ</strong></span> <span class='ocrx_word' id='word_1_221' title='bbox 683 1388 736 1414; x_wconf 78' lang='grc' dir='ltr'><strong>ἄνω</strong></span> <span class='ocrx_word' id='word_1_222' title='bbox 754 1387 923 1424; x_wconf 80' lang='grc' dir='ltr'>Ἰερουσαλὴμ</span> 
     </span>
    </p>
   </div>
   <div class='ocr_carea' id='block_1_30' title="bbox 120 1430 924 1469">
    <p class='ocr_par' dir='ltr' id='par_1_30' title="bbox 120 1430 924 1469">
     <span class='ocr_line' id='line_1_30' title="bbox 120 1430 924 1469; baseline 0.001 -12"><span class='ocrx_word' id='word_1_223' title='bbox 120 1431 137 1460; x_wconf 71' lang='grc' dir='ltr'><strong>ἡ</strong></span> <span class='ocrx_word' id='word_1_224' title='bbox 159 1430 287 1469; x_wconf 75' lang='grc' dir='ltr'>ὶλευθὲρα,</span> <span class='ocrx_word' id='word_1_225' title='bbox 311 1431 326 1460; x_wconf 82' lang='grc' dir='ltr'>ἡ</span> <span class='ocrx_word' id='word_1_226' title='bbox 349 1434 436 1468; x_wconf 76' lang='grc' dir='ltr'>μήτηρ</span> <span class='ocrx_word' id='word_1_227' title='bbox 464 1431 578 1465; x_wconf 81' lang='grc' dir='ltr'><strong>Παύλου,</strong></span> <span class='ocrx_word' id='word_1_228' title='bbox 605 1435 650 1458; x_wconf 84' lang='grc' dir='ltr'>καὶ</span> <span class='ocrx_word' id='word_1_229' title='bbox 675 1436 724 1458; x_wconf 82' lang='grc' dir='ltr'>τῶν</span> <span class='ocrx_word' id='word_1_230' title='bbox 749 1432 834 1468; x_wconf 68' lang='grc' dir='ltr'>ἐκείνῳ</span> <span class='ocrx_word' id='word_1_231' title='bbox 867 1433 924 1468; x_wconf 77' lang='grc'><strong>(15)</strong></span> 
     </span>
    </p>
   </div>
   <div class='ocr_carea' id='block_1_31' title="bbox 119 1474 924 1515">
    <p class='ocr_par' dir='ltr' id='par_1_31' title="bbox 119 1474 924 1515">
     <span class='ocr_line' id='line_1_31' title="bbox 119 1474 924 1515; baseline 0.001 -13"><span class='ocrx_word' id='word_1_232' title='bbox 119 1475 320 1513; x_wconf 82' lang='grc' dir='ltr'>παραπλησίων.</span> <span class='ocrx_word' id='word_1_233' title='bbox 353 1477 427 1507; x_wconf 75' lang='grc' dir='ltr'>Γένος</span> <span class='ocrx_word' id='word_1_234' title='bbox 459 1474 489 1504; x_wconf 62' lang='grc' dir='ltr'><strong>δί</strong></span> <span class='ocrx_word' id='word_1_235' title='bbox 522 1478 550 1504; x_wconf 82' lang='grc' dir='ltr'>τὸ</span> <span class='ocrx_word' id='word_1_236' title='bbox 589 1478 633 1514; x_wconf 70' lang='grc' dir='ltr'>μὶν</span> <span class='ocrx_word' id='word_1_237' title='bbox 667 1477 825 1515; x_wconf 80' lang='grc' dir='ltr'>ἀνθρώπινον</span> <span class='ocrx_word' id='word_1_238' title='bbox 863 1477 924 1509; x_wconf 78' lang='grc' dir='ltr'><strong>ἄλλο</strong></span> 
     </span>
    </p>
   </div>
   <div class='ocr_carea' id='block_1_32' title="bbox 120 1519 963 1571">
    <p class='ocr_par' dir='ltr' id='par_1_32' title="bbox 120 1519 963 1571">
     <span class='ocr_line' id='line_1_32' title="bbox 120 1519 963 1571; baseline 0.001 -24"><span class='ocrx_word' id='word_1_239' title='bbox 120 1520 198 1571; x_wconf 74' lang='grc' dir='ltr'>ἄλλον</span> <span class='ocrx_word' id='word_1_240' title='bbox 213 1531 220 1538; x_wconf 93' lang='grc'><strong>·</strong></span> <span class='ocrx_word' id='word_1_241' title='bbox 251 1522 282 1548; x_wconf 81' lang='grc' dir='ltr'>τὸ</span> <span class='ocrx_word' id='word_1_242' title='bbox 307 1519 593 1571; x_wconf 34' lang='grc' dir='ltr'><strong>δλὶμπνευματιπιὸνὲι⁵</strong></span> <span class='ocrx_word' id='word_1_243' title='bbox 606 1521 736 1550; x_wconf 77' lang='grc' dir='ltr'>ἀπαντων.</span> <span class='ocrx_word' id='word_1_244' title='bbox 759 1523 847 1552; x_wconf 81' lang='grc' dir='ltr'>Κοινὸς</span> <span class='ocrx_word' id='word_1_245' title='bbox 871 1523 922 1571; x_wconf 84' lang='grc' dir='ltr'><strong>γὰρ</strong></span> <span class='ocrx_word' id='word_1_246' title='bbox 942 1543 963 1571; x_wconf 80' lang='lat' dir='ltr'>C</span> 
     </span>
    </p>
   </div>
   <div class='ocr_carea' id='block_1_33' title="bbox 121 1565 922 1603">
    <p class='ocr_par' dir='ltr' id='par_1_33' title="bbox 121 1565 922 1603">
     <span class='ocr_line' id='line_1_33' title="bbox 121 1565 922 1603; baseline 0.002 -12"><span class='ocrx_word' id='word_1_247' title='bbox 121 1567 205 1592; x_wconf 82' lang='grc' dir='ltr'>αὐτῶν</span> <span class='ocrx_word' id='word_1_248' title='bbox 226 1567 310 1603; x_wconf 71' lang='grc' dir='ltr'>πατὴρ</span> <span class='ocrx_word' id='word_1_249' title='bbox 330 1566 440 1600; x_wconf 65' lang='grc' dir='ltr'>ὁσΘεὸς,</span> <span class='ocrx_word' id='word_1_250' title='bbox 467 1568 511 1593; x_wconf 79' lang='grc' dir='ltr'><strong>καὶ</strong></span> <span class='ocrx_word' id='word_1_251' title='bbox 537 1565 651 1603; x_wconf 74' lang='grc' dir='ltr'><strong>ἁδελφοὶ-</strong></span> <span class='ocrx_word' id='word_1_252' title='bbox 671 1568 771 1601; x_wconf 74' lang='grc' dir='ltr'>πάντες,</span> <span class='ocrx_word' id='word_1_253' title='bbox 800 1567 847 1593; x_wconf 81' lang='grc' dir='ltr'>οὐκ</span> <span class='ocrx_word' id='word_1_254' title='bbox 872 1566 922 1593; x_wconf 79' lang='grc' dir='ltr'><strong>ἀπὸ</strong></span> 
     </span>
    </p>
   </div>
   <div class='ocr_carea' id='block_1_34' title="bbox 123 1610 923 1650">
    <p class='ocr_par' dir='ltr' id='par_1_34' title="bbox 123 1610 923 1650">
     <span class='ocr_line' id='line_1_34' title="bbox 123 1610 923 1650; baseline 0.001 -13"><span class='ocrx_word' id='word_1_255' title='bbox 123 1610 176 1643; x_wconf 71' lang='grc' dir='ltr'>ἰνὸς</span> <span class='ocrx_word' id='word_1_256' title='bbox 208 1612 253 1637; x_wconf 79' lang='grc' dir='ltr'>καὶ</span> <span class='ocrx_word' id='word_1_257' title='bbox 281 1612 342 1646; x_wconf 84' lang='grc' dir='ltr'>μιᾶς</span> <span class='ocrx_word' id='word_1_258' title='bbox 368 1611 538 1650; x_wconf 71' lang='grc' dir='ltr'>γεννηθέντες,</span> <span class='ocrx_word' id='word_1_259' title='bbox 568 1610 620 1637; x_wconf 79' lang='grc' dir='ltr'><strong>ἀλλ’</strong></span> <span class='ocrx_word' id='word_1_260' title='bbox 655 1613 682 1638; x_wconf 84' lang='grc' dir='ltr'>ἐκ</span> <span class='ocrx_word' id='word_1_261' title='bbox 714 1615 760 1642; x_wconf 86' lang='grc' dir='ltr'>τῆς</span> <span class='ocrx_word' id='word_1_262' title='bbox 792 1612 923 1642; x_wconf 70' lang='grc' dir='ltr'><strong>υἱοθεσίας</strong></span> 
     </span>
    </p>
   </div>
   <div class='ocr_carea' id='block_1_35' title="bbox 121 1653 923 1693">
    <p class='ocr_par' dir='ltr' id='par_1_35' title="bbox 121 1653 923 1693">
     <span class='ocr_line' id='line_1_35' title="bbox 121 1653 923 1693; baseline 0.001 -11"><span class='ocrx_word' id='word_1_263' title='bbox 121 1658 169 1682; x_wconf 84' lang='grc' dir='ltr'>τοῦ</span> <span class='ocrx_word' id='word_1_264' title='bbox 183 1656 329 1692; x_wconf 76' lang='grc' dir='ltr'>Πνεύματος</span> <span class='ocrx_word' id='word_1_265' title='bbox 342 1655 377 1686; x_wconf 71' lang='lat' dir='ltr'><strong>si;</strong></span> <span class='ocrx_word' id='word_1_266' title='bbox 395 1657 444 1684; x_wconf 83' lang='grc' dir='ltr'>τήν</span> <span class='ocrx_word' id='word_1_267' title='bbox 469 1653 515 1682; x_wconf 76' lang='grc' dir='ltr'>διὰ</span> <span class='ocrx_word' id='word_1_268' title='bbox 538 1660 583 1686; x_wconf 77' lang='grc' dir='ltr'>τῆς</span> <span class='ocrx_word' id='word_1_269' title='bbox 605 1655 710 1692; x_wconf 79' lang='grc' dir='ltr'>ἀγάπης</span> <span class='ocrx_word' id='word_1_270' title='bbox 732 1657 851 1693; x_wconf 79' lang='grc' dir='ltr'>ὁμόνοιαν</span> <span class='ocrx_word' id='word_1_271' title='bbox 880 1656 923 1683; x_wconf 82' lang='grc' dir='ltr'><strong>ἁλ-</strong></span> 
     </span>
    </p>
   </div>
   <div class='ocr_carea' id='block_1_36' title="bbox 122 1699 920 1738">
    <p class='ocr_par' dir='ltr' id='par_1_36' title="bbox 122 1699 920 1738">
     <span class='ocr_line' id='line_1_36' title="bbox 122 1699 920 1738; baseline 0.003 -13"><span class='ocrx_word' id='word_1_272' title='bbox 122 1699 209 1730; x_wconf 77' lang='grc' dir='ltr'>λήλοις</span> <span class='ocrx_word' id='word_1_273' title='bbox 244 1701 473 1736; x_wconf 80' lang='grc' dir='ltr'>συναρμοσθέντες.</span> <span class='ocrx_word' id='word_1_274' title='bbox 517 1702 600 1737; x_wconf 83' lang='grc' dir='ltr'>Χορὸς</span> <span class='ocrx_word' id='word_1_275' title='bbox 642 1701 751 1737; x_wconf 79' lang='grc' dir='ltr'>ἕτοιμος,</span> <span class='ocrx_word' id='word_1_276' title='bbox 785 1702 920 1738; x_wconf 75' lang='grc' dir='ltr'>προσθήκη</span> 
     </span>
    </p>
   </div>
   <div class='ocr_carea' id='block_1_37' title="bbox 126 1743 921 1783">
    <p class='ocr_par' dir='ltr' id='par_1_37' title="bbox 126 1743 921 1783">
     <span class='ocr_line' id='line_1_37' title="bbox 126 1743 921 1783; baseline 0.003 -13"><span class='ocrx_word' id='word_1_277' title='bbox 126 1744 223 1781; x_wconf 80' lang='grc' dir='ltr'>μεγάλη</span> <span class='ocrx_word' id='word_1_278' title='bbox 249 1747 299 1771; x_wconf 79' lang='grc' dir='ltr'>τῶν</span> <span class='ocrx_word' id='word_1_279' title='bbox 327 1743 370 1771; x_wconf 70' lang='grc' dir='ltr'><strong>ἀπ’</strong></span> <span class='ocrx_word' id='word_1_280' title='bbox 393 1745 485 1777; x_wconf 81' lang='grc' dir='ltr'>αἰῶνος</span> <span class='ocrx_word' id='word_1_281' title='bbox 505 1743 667 1777; x_wconf 77' lang='grc' dir='ltr'>δοξαζόντων</span> <span class='ocrx_word' id='word_1_282' title='bbox 694 1748 738 1772; x_wconf 82' lang='grc' dir='ltr'>τόν</span> <span class='ocrx_word' id='word_1_283' title='bbox 766 1747 870 1783; x_wconf 80' lang='grc' dir='ltr'>Κύριον,</span> <span class='ocrx_word' id='word_1_284' title='bbox 892 1746 921 1773; x_wconf 80' lang='grc' dir='ltr'>οὐ</span> 
     </span>
    </p>
   </div>
   <div class='ocr_carea' id='block_1_38' title="bbox 124 1789 920 1828">
    <p class='ocr_par' dir='ltr' id='par_1_38' title="bbox 124 1789 920 1828">
     <span class='ocr_line' id='line_1_38' title="bbox 124 1789 920 1828; baseline 0.004 -14"><span class='ocrx_word' id='word_1_285' title='bbox 124 1789 185 1815; x_wconf 76' lang='grc' dir='ltr'>καθ’</span> <span class='ocrx_word' id='word_1_286' title='bbox 211 1789 236 1814; x_wconf 77' lang='grc' dir='ltr'>ἔν</span> <span class='ocrx_word' id='word_1_287' title='bbox 266 1789 500 1825; x_wconf 72' lang='grc' dir='ltr'>συναθροισθέντες,</span> <span class='ocrx_word' id='word_1_288' title='bbox 531 1789 584 1816; x_wconf 81' lang='grc' dir='ltr'><strong>ἀλλ’</strong></span> <span class='ocrx_word' id='word_1_289' title='bbox 614 1790 714 1828; x_wconf 79' lang='grc' dir='ltr'>ἁθρόως</span> <span class='ocrx_word' id='word_1_290' title='bbox 736 1792 920 1827; x_wconf 74' lang='grc' dir='ltr'>μιτατεϐέντες.</span> 
     </span>
    </p>
   </div>
   <div class='ocr_carea' id='block_1_39' title="bbox 124 1831 921 1871">
    <p class='ocr_par' dir='ltr' id='par_1_39' title="bbox 124 1831 921 1871">
     <span class='ocr_line' id='line_1_39' title="bbox 124 1831 921 1871; baseline 0.004 -12"><span class='ocrx_word' id='word_1_291' title='bbox 124 1834 173 1865; x_wconf 87' lang='grc' dir='ltr'>Τίς</span> <span class='ocrx_word' id='word_1_292' title='bbox 202 1831 231 1859; x_wconf 71' lang='lat' dir='ltr'><strong>tl“:</strong></span> <span class='ocrx_word' id='word_1_293' title='bbox 254 1833 267 1859; x_wconf 84' lang='grc' dir='ltr'><strong><em>ὁ</em></strong></span> <span class='ocrx_word' id='word_1_294' title='bbox 296 1833 386 1871; x_wconf 83' lang='grc' dir='ltr'>τρόπος</span> <span class='ocrx_word' id='word_1_295' title='bbox 408 1838 455 1865; x_wconf 83' lang='grc' dir='ltr'>τῆς</span> <span class='ocrx_word' id='word_1_296' title='bbox 485 1836 656 1869; x_wconf 77' lang='grc' dir='ltr'>νετοιθὲσεως;</span> <span class='ocrx_word' id='word_1_297' title='bbox 691 1835 781 1868; x_wconf 79' lang='grc' dir='ltr'>Οὗτοι,</span> <span class='ocrx_word' id='word_1_298' title='bbox 821 1836 921 1871; x_wconf 80' lang='grc' dir='ltr'>μιγέθει</span> 
     </span>
    </p>
   </div>
   <div class='ocr_carea' id='block_1_40' title="bbox 126 1878 920 1917">
    <p class='ocr_par' dir='ltr' id='par_1_40' title="bbox 126 1878 920 1917">
     <span class='ocr_line' id='line_1_40' title="bbox 126 1878 920 1917; baseline 0.004 -14"><span class='ocrx_word' id='word_1_299' title='bbox 126 1880 256 1914; x_wconf 85' lang='grc' dir='ltr'>σώματος,</span> <span class='ocrx_word' id='word_1_300' title='bbox 286 1880 331 1905; x_wconf 73' lang='grc' dir='ltr'><strong>καὶ</strong></span> <span class='ocrx_word' id='word_1_301' title='bbox 358 1878 459 1910; x_wconf 80' lang='grc' dir='ltr'>ἡλικίας</span> <span class='ocrx_word' id='word_1_302' title='bbox 484 1878 565 1916; x_wconf 73' lang='grc' dir='ltr'>ἀκμῇ,</span> <span class='ocrx_word' id='word_1_303' title='bbox 595 1882 639 1906; x_wconf 85' lang='grc' dir='ltr'>καὶ</span> <span class='ocrx_word' id='word_1_304' title='bbox 664 1878 774 1917; x_wconf 71' lang='grc' dir='ltr'>δυνάμει</span> <span class='ocrx_word' id='word_1_305' title='bbox 798 1884 848 1906; x_wconf 83' lang='grc' dir='ltr'>τῶν</span> <span class='ocrx_word' id='word_1_306' title='bbox 862 1879 920 1906; x_wconf 83' lang='grc' dir='ltr'>καθ’</span> 
     </span>
    </p>
   </div>
   <div class='ocr_carea' id='block_1_41' title="bbox 122 1922 921 1962">
    <p class='ocr_par' dir='ltr' id='par_1_41' title="bbox 122 1922 921 1962">
     <span class='ocr_line' id='line_1_41' title="bbox 122 1922 921 1962; baseline 0.001 -12"><span class='ocrx_word' id='word_1_307' title='bbox 122 1922 229 1953; x_wconf 77' lang='grc' dir='ltr'>ἱαυτοὺς</span> <span class='ocrx_word' id='word_1_308' title='bbox 255 1922 373 1950; x_wconf 82' lang='grc' dir='ltr'>ἁπάντων</span> <span class='ocrx_word' id='word_1_309' title='bbox 401 1922 581 1960; x_wconf 81' lang='grc' dir='ltr'>διενεγκόντες,</span> <span class='ocrx_word' id='word_1_310' title='bbox 611 1925 645 1955; x_wconf 77' lang='grc' dir='ltr'><strong>εἰς</strong></span> <span class='ocrx_word' id='word_1_311' title='bbox 671 1926 730 1955; x_wconf 84' lang='grc' dir='ltr'>τοὺς</span> <span class='ocrx_word' id='word_1_312' title='bbox 764 1934 921 1962; x_wconf 84' lang='grc' dir='ltr'>στρατιωτι-</span> 
     </span>
    </p>
   </div>
   <div class='ocr_carea' id='block_1_42' title="bbox 121 1967 922 2007">
    <p class='ocr_par' dir='ltr' id='par_1_42' title="bbox 121 1967 922 2007">
     <span class='ocr_line' id='line_1_42' title="bbox 121 1967 922 2007; baseline 0.005 -14"><span class='ocrx_word' id='word_1_313' title='bbox 121 1969 183 1998; x_wconf 79' lang='grc' dir='ltr'>κοὺς</span> <span class='ocrx_word' id='word_1_314' title='bbox 197 1967 276 1994; x_wconf 82' lang='grc' dir='ltr'>τιλείν</span> <span class='ocrx_word' id='word_1_315' title='bbox 290 1967 348 2003; x_wconf 82' lang='grc'><strong>(16)</strong></span> <span class='ocrx_word' id='word_1_316' title='bbox 361 1968 515 2004; x_wconf 78' lang='grc' dir='ltr'><strong>ἐτάχθησαν</strong></span> <span class='ocrx_word' id='word_1_317' title='bbox 539 1968 701 2005; x_wconf 76' lang='grc' dir='ltr'>καταλόγους</span> <span class='ocrx_word' id='word_1_318' title='bbox 715 1979 721 1986; x_wconf 73' lang='grc' dir='ltr'><strong>ι</strong></span> <span class='ocrx_word' id='word_1_319' title='bbox 754 1972 798 1996; x_wconf 86' lang='grc' dir='ltr'>καὶ</span> <span class='ocrx_word' id='word_1_320' title='bbox 821 1968 859 1996; x_wconf 80' lang='grc' dir='ltr'><strong>δι’</strong></span> <span class='ocrx_word' id='word_1_321' title='bbox 879 1970 922 2007; x_wconf 79' lang='grc' dir='ltr'><strong>ἱμ-</strong></span> 
     </span>
    </p>
   </div>
   <div class='ocr_carea' id='block_1_43' title="bbox 121 2011 922 2050">
    <p class='ocr_par' dir='ltr' id='par_1_43' title="bbox 121 2011 922 2050">
     <span class='ocr_line' id='line_1_43' title="bbox 121 2011 922 2050; baseline 0.004 -12"><span class='ocrx_word' id='word_1_322' title='bbox 121 2014 224 2048; x_wconf 86' lang='grc' dir='ltr'>πιιρίαν</span> <span class='ocrx_word' id='word_1_323' title='bbox 249 2011 403 2049; x_wconf 77' lang='grc' dir='ltr'>πολεμικὴν,</span> <span class='ocrx_word' id='word_1_324' title='bbox 433 2015 478 2039; x_wconf 79' lang='grc' dir='ltr'><strong>καὶ</strong></span> <span class='ocrx_word' id='word_1_325' title='bbox 505 2011 625 2050; x_wconf 76' lang='grc' dir='ltr'>ἀνδρείαν</span> <span class='ocrx_word' id='word_1_326' title='bbox 655 2013 758 2050; x_wconf 76' lang='grc' dir='ltr'>ψυχῆς,</span> <span class='ocrx_word' id='word_1_327' title='bbox 791 2013 845 2044; x_wconf 84' lang='grc' dir='ltr'>ἤδη</span> <span class='ocrx_word' id='word_1_328' title='bbox 875 2016 922 2046; x_wconf 80' lang='grc' dir='ltr'><strong>τὰς</strong></span> 
     </span>
    </p>
   </div>
   <div class='ocr_carea' id='block_1_44' title="bbox 120 2055 922 2096">
    <p class='ocr_par' dir='ltr' id='par_1_44' title="bbox 120 2055 922 2096">
     <span class='ocr_line' id='line_1_44' title="bbox 120 2055 922 2096; baseline 0.005 -14"><span class='ocrx_word' id='word_1_329' title='bbox 120 2059 226 2093; x_wconf 78' lang='grc' dir='ltr'>πρώτας</span> <span class='ocrx_word' id='word_1_330' title='bbox 250 2055 323 2092; x_wconf 72' lang='grc' dir='ltr'>εἶχον</span> <span class='ocrx_word' id='word_1_331' title='bbox 349 2057 421 2095; x_wconf 83' lang='grc' dir='ltr'>παρὰ</span> <span class='ocrx_word' id='word_1_332' title='bbox 458 2057 586 2094; x_wconf 72' lang='grc' dir='ltr'>βασιλέων</span> <span class='ocrx_word' id='word_1_333' title='bbox 612 2058 669 2094; x_wconf 79' lang='grc'><strong>(17)</strong></span> <span class='ocrx_word' id='word_1_334' title='bbox 702 2059 792 2095; x_wconf 76' lang='grc' dir='ltr'>τιμὰς,</span> <span class='ocrx_word' id='word_1_335' title='bbox 830 2059 922 2096; x_wconf 79' lang='grc' dir='ltr'>ὀνομα-</span> 
     </span>
    </p>
   </div>
   <div class='ocr_carea' id='block_1_45' title="bbox 122 2100 611 2139">
    <p class='ocr_par' dir='ltr' id='par_1_45' title="bbox 122 2100 611 2139">
     <span class='ocr_line' id='line_1_45' title="bbox 122 2100 611 2139; baseline 0 -10"><span class='ocrx_word' id='word_1_336' title='bbox 122 2104 181 2129; x_wconf 85' lang='grc' dir='ltr'><strong>στοὶ</strong></span> <span class='ocrx_word' id='word_1_337' title='bbox 196 2102 267 2139; x_wconf 81' lang='grc' dir='ltr'>παρὰ</span> <span class='ocrx_word' id='word_1_338' title='bbox 280 2105 361 2128; x_wconf 83' lang='grc' dir='ltr'>πᾶσιν</span> <span class='ocrx_word' id='word_1_339' title='bbox 374 2102 444 2133; x_wconf 79' lang='grc' dir='ltr'>ὄντες</span> <span class='ocrx_word' id='word_1_340' title='bbox 458 2100 494 2128; x_wconf 71' lang='grc' dir='ltr'><strong>δι’</strong></span> <span class='ocrx_word' id='word_1_341' title='bbox 508 2102 611 2139; x_wconf 79' lang='grc' dir='ltr'>ἀρετήν.</span> 
     </span>
    </p>
   </div>
   <div class='ocr_carea' id='block_1_46' title="bbox 158 2144 961 2193">
    <p class='ocr_par' dir='ltr' id='par_1_46' title="bbox 158 2144 961 2193">
     <span class='ocr_line' id='line_1_46' title="bbox 158 2144 961 2193; baseline 0.001 -20"><span class='ocrx_word' id='word_1_342' title='bbox 158 2148 184 2174; x_wconf 82' lang='lat'><strong>3.</strong></span> <span class='ocrx_word' id='word_1_343' title='bbox 199 2144 305 2177; x_wconf 76' lang='grc' dir='ltr'>Ἐπιιδὴ</span> <span class='ocrx_word' id='word_1_344' title='bbox 323 2145 352 2173; x_wconf 64' lang='grc' dir='ltr'>δι</span> <span class='ocrx_word' id='word_1_345' title='bbox 371 2147 527 2184; x_wconf 76' lang='grc' dir='ltr'>περιηγγέλη</span> <span class='ocrx_word' id='word_1_346' title='bbox 541 2149 571 2174; x_wconf 82' lang='grc' dir='ltr'>τὸ</span> <span class='ocrx_word' id='word_1_347' title='bbox 591 2148 664 2174; x_wconf 76' lang='grc' dir='ltr'>ἄθεον</span> <span class='ocrx_word' id='word_1_348' title='bbox 690 2147 769 2174; x_wconf 73' lang='grc' dir='ltr'>ἐκεῖνο</span> <span class='ocrx_word' id='word_1_349' title='bbox 794 2150 839 2174; x_wconf 82' lang='grc' dir='ltr'>καὶ</span> <span class='ocrx_word' id='word_1_350' title='bbox 863 2146 922 2175; x_wconf 63' lang='grc' dir='ltr'>ἆσις</span> <span class='ocrx_word' id='word_1_351' title='bbox 939 2166 961 2193; x_wconf 83' lang='lat' dir='ltr'><strong>D</strong></span> 
     </span>
    </p>
   </div>
   <div class='ocr_carea' id='block_1_47' title="bbox 122 2190 921 2230">
    <p class='ocr_par' dir='ltr' id='par_1_47' title="bbox 122 2190 921 2230">
     <span class='ocr_line' id='line_1_47' title="bbox 122 2190 921 2230; baseline 0.003 -12"><span class='ocrx_word' id='word_1_352' title='bbox 122 2190 163 2221; x_wconf 74' lang='grc' dir='ltr'>εἰς</span> <span class='ocrx_word' id='word_1_353' title='bbox 175 2193 308 2229; x_wconf 82' lang='grc' dir='ltr'>κήρυγμα,</span> <span class='ocrx_word' id='word_1_354' title='bbox 324 2194 360 2228; x_wconf 79' lang='grc' dir='ltr'>μὴ</span> <span class='ocrx_word' id='word_1_355' title='bbox 375 2192 507 2229; x_wconf 77' lang='grc' dir='ltr'>ὁμολογεῖν</span> <span class='ocrx_word' id='word_1_356' title='bbox 524 2194 568 2218; x_wconf 85' lang='grc' dir='ltr'>τόν</span> <span class='ocrx_word' id='word_1_357' title='bbox 587 2193 714 2230; x_wconf 84' lang='grc' dir='ltr'>Χριστὸν,</span> <span class='ocrx_word' id='word_1_358' title='bbox 740 2194 754 2223; x_wconf 82' lang='grc' dir='ltr'>ἤ</span> <span class='ocrx_word' id='word_1_359' title='bbox 783 2191 921 2225; x_wconf 77' lang='grc' dir='ltr'>κινδύνους</span> 
     </span>
    </p>
   </div>
   <div class='ocr_carea' id='block_1_48' title="bbox 161 2261 698 2299">
    <p class='ocr_par' dir='ltr' id='par_1_48' title="bbox 161 2261 698 2299">
     <span class='ocr_line' id='line_1_48' title="bbox 161 2261 698 2299; baseline 0.002 -8"><span class='ocrx_word' id='word_1_360' title='bbox 161 2262 185 2280; x_wconf 80' lang='grc'><strong>¹⁴</strong></span> <span class='ocrx_word' id='word_1_361' title='bbox 200 2261 287 2292; x_wconf 84' lang='lat' dir='ltr'><strong>Hebr.</strong></span> <span class='ocrx_word' id='word_1_362' title='bbox 302 2272 354 2298; x_wconf 81' lang='lat' dir='ltr'><strong>xu,</strong></span> <span class='ocrx_word' id='word_1_363' title='bbox 366 2265 412 2292; x_wconf 79' lang='lat'><strong>22.</strong></span> <span class='ocrx_word' id='word_1_364' title='bbox 451 2263 474 2282; x_wconf 74' lang='grc'><strong>’⁵</strong></span> <span class='ocrx_word' id='word_1_365' title='bbox 490 2263 580 2294; x_wconf 85' lang='lat' dir='ltr'><strong>Hebr.</strong></span> <span class='ocrx_word' id='word_1_366' title='bbox 597 2272 637 2299; x_wconf 76' lang='lat' dir='ltr'><strong>XI,</strong></span> <span class='ocrx_word' id='word_1_367' title='bbox 654 2265 698 2292; x_wconf 84' lang='lat' dir='ltr'><strong>l0.</strong></span> 
     </span>
    </p>
   </div>
   <div class='ocr_carea' id='block_1_49' title="bbox 125 2334 922 2380">
    <p class='ocr_par' dir='ltr' id='par_1_49' title="bbox 125 2334 922 2380">
     <span class='ocr_line' id='line_1_49' title="bbox 125 2334 922 2380; baseline 0.003 -18"><span class='ocrx_word' id='word_1_368' title='bbox 125 2369 133 2378; x_wconf 53' lang='lat'><strong>,</strong></span> <span class='ocrx_word' id='word_1_369' title='bbox 154 2334 220 2380; x_wconf 43' lang='grc'><strong>(12),</strong></span> <span class='ocrx_word' id='word_1_370' title='bbox 233 2335 289 2364; x_wconf 87' lang='lat' dir='ltr'><strong>Sic.</strong></span> <span class='ocrx_word' id='word_1_371' title='bbox 305 2335 379 2364; x_wconf 77' lang='lat' dir='ltr'><strong>Med.</strong></span> <span class='ocrx_word' id='word_1_372' title='bbox 397 2337 426 2380; x_wconf 78' lang='lat' dir='ltr'><strong>et</strong></span> <span class='ocrx_word' id='word_1_373' title='bbox 443 2335 516 2365; x_wconf 86' lang='lat' dir='ltr'><strong>Oliv.</strong></span> <span class='ocrx_word' id='word_1_374' title='bbox 543 2337 573 2364; x_wconf 83' lang='lat' dir='ltr'><strong>et</strong></span> <span class='ocrx_word' id='word_1_375' title='bbox 599 2335 648 2364; x_wconf 85' lang='lat' dir='ltr'><strong>alii</strong></span> <span class='ocrx_word' id='word_1_376' title='bbox 675 2335 823 2364; x_wconf 86' lang='lat' dir='ltr'><strong>nonnulli.</strong></span> <span class='ocrx_word' id='word_1_377' title='bbox 847 2335 922 2364; x_wconf 88' lang='lat' dir='ltr'><strong>Editi</strong></span> 
     </span>
    </p>
   </div>
   <div class='ocr_carea' id='block_1_50' title="bbox 120 2373 920 2450">
    <p class='ocr_par' dir='ltr' id='par_1_50' title="bbox 120 2373 920 2450">
     <span class='ocr_line' id='line_1_50' title="bbox 120 2373 510 2408; baseline 0.008 -12"><span class='ocrx_word' id='word_1_378' title='bbox 120 2373 221 2407; x_wconf 79' lang='grc' dir='ltr'>ἁναμνή</span> <span class='ocrx_word' id='word_1_379' title='bbox 227 2380 348 2407; x_wconf 75' lang='grc' dir='ltr'>σομεν....</span> <span class='ocrx_word' id='word_1_380' title='bbox 360 2374 510 2408; x_wconf 74' lang='grc' dir='ltr'>κινήσομεν.</span> 
     </span>
     <span class='ocr_line' id='line_1_51' title="bbox 125 2405 920 2450; baseline -0.001 -16"><span class='ocrx_word' id='word_1_381' title='bbox 125 2441 131 2447; x_wconf 83' lang='lat'>_</span> <span class='ocrx_word' id='word_1_382' title='bbox 157 2406 394 2450; x_wconf 32' lang='lat' dir='ltr'><strong>(t3)‘Colbertini</strong></span> <span class='ocrx_word' id='word_1_383' title='bbox 413 2407 474 2436; x_wconf 91' lang='lat' dir='ltr'><strong>duo</strong></span> <span class='ocrx_word' id='word_1_384' title='bbox 488 2406 612 2444; x_wconf 80' lang='lat' dir='ltr'><strong>perinde</strong></span> <span class='ocrx_word' id='word_1_385' title='bbox 637 2408 670 2435; x_wconf 91' lang='lat' dir='ltr'><strong>ut</strong></span> <span class='ocrx_word' id='word_1_386' title='bbox 699 2405 774 2435; x_wconf 83' lang='lat' dir='ltr'><strong>Med.</strong></span> <span class='ocrx_word' id='word_1_387' title='bbox 801 2405 872 2434; x_wconf 73' lang='grc' dir='ltr'>διότι</span> <span class='ocrx_word' id='word_1_388' title='bbox 895 2407 920 2434; x_wconf 80' lang='grc' dir='ltr'>οἱ</span> 
     </span>
    </p>
   </div>
   <div class='ocr_carea' id='block_1_51' title="bbox 119 2452 295 2473">
    <p class='ocr_par' dir='ltr' id='par_1_51' title="bbox 119 2452 295 2473">
     <span class='ocr_line' id='line_1_52' title="bbox 119 2452 295 2473; baseline 0.011 -5"><span class='ocrx_word' id='word_1_389' title='bbox 119 2452 295 2473; x_wconf 71' lang='grc' dir='ltr'>ιπαινουντις.</span> 
     </span>
    </p>
   </div>
   <div class='ocr_carea' id='block_1_52' title="bbox 135 2478 918 2522">
    <p class='ocr_par' dir='ltr' id='par_1_52' title="bbox 135 2478 918 2522">
     <span class='ocr_line' id='line_1_53' title="bbox 135 2478 918 2522; baseline 0.001 -17"><span class='ocrx_word' id='word_1_390' title='bbox 135 2513 141 2522; x_wconf 38' lang='grc' dir='ltr'><strong>γ</strong></span> <span class='ocrx_word' id='word_1_391' title='bbox 154 2478 213 2512; x_wconf 80' lang='grc'><strong>(14)</strong></span> <span class='ocrx_word' id='word_1_392' title='bbox 225 2479 326 2521; x_wconf 67' lang='lat' dir='ltr'><strong>Qodex</strong></span> <span class='ocrx_word' id='word_1_393' title='bbox 339 2478 414 2507; x_wconf 84' lang='lat' dir='ltr'><strong>Med.</strong></span> <span class='ocrx_word' id='word_1_394' title='bbox 425 2478 519 2517; x_wconf 74' lang='grc' dir='ltr'>ἐράνων</span> <span class='ocrx_word' id='word_1_395' title='bbox 529 2478 746 2516; x_wconf 52' lang='lat' dir='ltr'><strong>stupefacta-{Mox</strong></span> <span class='ocrx_word' id='word_1_396' title='bbox 759 2485 836 2506; x_wconf 90' lang='lat' dir='ltr'><strong>unus</strong></span> <span class='ocrx_word' id='word_1_397' title='bbox 845 2486 918 2506; x_wconf 85' lang='lat' dir='ltr'><strong>mss.</strong></span> 
     </span>
    </p>
   </div>
   <div class='ocr_carea' id='block_1_53' title="bbox 119 2516 324 2549">
    <p class='ocr_par' dir='ltr' id='par_1_53' title="bbox 119 2516 324 2549">
     <span class='ocr_line' id='line_1_54' title="bbox 119 2516 324 2549; baseline 0.005 -9"><span class='ocrx_word' id='word_1_398' title='bbox 119 2516 324 2549; x_wconf 70' lang='grc' dir='ltr'>εἰσενεγκόντων.</span> 
     </span>
    </p>
   </div>
   <div class='ocr_carea' id='block_1_54' title="bbox 154 2549 671 2586">
    <p class='ocr_par' dir='ltr' id='par_1_54' title="bbox 154 2549 671 2586">
     <span class='ocr_line' id='line_1_55' title="bbox 154 2549 671 2586; baseline 0.002 -10"><span class='ocrx_word' id='word_1_399' title='bbox 154 2550 211 2586; x_wconf 82' lang='grc'><strong>(15)</strong></span> <span class='ocrx_word' id='word_1_400' title='bbox 229 2551 297 2584; x_wconf 80' lang='lat' dir='ltr'><strong>Reg.</strong></span> <span class='ocrx_word' id='word_1_401' title='bbox 313 2549 429 2586; x_wconf 86' lang='lat' dir='ltr'><strong>primus</strong></span> <span class='ocrx_word' id='word_1_402' title='bbox 442 2552 485 2576; x_wconf 81' lang='grc' dir='ltr'>καὶ</span> <span class='ocrx_word' id='word_1_403' title='bbox 500 2554 549 2577; x_wconf 84' lang='grc' dir='ltr'>τῶν</span> <span class='ocrx_word' id='word_1_404' title='bbox 565 2550 671 2577; x_wconf 77' lang='grc' dir='ltr'>ἐκείνου.</span> 
     </span>
    </p>
   </div>
   <div class='ocr_carea' id='block_1_55' title="bbox 154 2584 918 2622">
    <p class='ocr_par' dir='ltr' id='par_1_55' title="bbox 154 2584 918 2622">
     <span class='ocr_line' id='line_1_56' title="bbox 154 2584 918 2622; baseline -0.001 -11"><span class='ocrx_word' id='word_1_405' title='bbox 154 2584 358 2622; x_wconf 60' lang='lat' dir='ltr'><strong>(tﬁlUtraque</strong></span> <span class='ocrx_word' id='word_1_406' title='bbox 373 2585 465 2622; x_wconf 84' lang='lat' dir='ltr'><strong>editio</strong></span> <span class='ocrx_word' id='word_1_407' title='bbox 480 2589 507 2614; x_wconf 89' lang='lat' dir='ltr'><strong>et</strong></span> <span class='ocrx_word' id='word_1_408' title='bbox 530 2594 581 2614; x_wconf 82' lang='lat' dir='ltr'><strong>sex</strong></span> <span class='ocrx_word' id='word_1_409' title='bbox 610 2593 686 2622; x_wconf 87' lang='lat' dir='ltr'><strong>mss.</strong></span> <span class='ocrx_word' id='word_1_410' title='bbox 712 2587 918 2622; x_wconf 75' lang='grc' dir='ltr'>στρατιωτικοὺς</span> 
     </span>
    </p>
   </div>
   <div class='ocr_carea' id='block_1_56' title="bbox 115 2620 918 2658">
    <p class='ocr_par' dir='ltr' id='par_1_56' title="bbox 115 2620 918 2658">
     <span class='ocr_line' id='line_1_57' title="bbox 115 2620 918 2658; baseline 0 -12"><span class='ocrx_word' id='word_1_411' title='bbox 115 2620 197 2646; x_wconf 70' lang='grc' dir='ltr'>τελεῖν</span> <span class='ocrx_word' id='word_1_412' title='bbox 213 2620 365 2658; x_wconf 63' lang='grc' dir='ltr'>ἐτάχθησαν</span> <span class='ocrx_word' id='word_1_413' title='bbox 384 2621 553 2658; x_wconf 76' lang='grc' dir='ltr'>καταλόγους.</span> <span class='ocrx_word' id='word_1_414' title='bbox 579 2621 664 2658; x_wconf 73' lang='lat' dir='ltr'><strong>Colb.</strong></span> <span class='ocrx_word' id='word_1_415' title='bbox 697 2620 813 2658; x_wconf 77' lang='lat' dir='ltr'><strong>primus</strong></span> <span class='ocrx_word' id='word_1_416' title='bbox 838 2631 918 2658; x_wconf 75' lang='grc' dir='ltr'>στρα-</span> 
     </span>
    </p>
   </div>
   <div class='ocr_carea' id='block_1_57' title="bbox 114 2656 916 2692">
    <p class='ocr_par' dir='ltr' id='par_1_57' title="bbox 114 2656 916 2692">
     <span class='ocr_line' id='line_1_58' title="bbox 114 2656 916 2692; baseline 0.004 -11"><span class='ocrx_word' id='word_1_417' title='bbox 114 2658 256 2688; x_wconf 80' lang='grc' dir='ltr'>τιωτικοὺς</span> <span class='ocrx_word' id='word_1_418' title='bbox 272 2657 425 2692; x_wconf 76' lang='grc' dir='ltr'>ἐτάχθησαν</span> <span class='ocrx_word' id='word_1_419' title='bbox 440 2656 601 2692; x_wconf 81' lang='grc' dir='ltr'>καταλόγους</span> <span class='ocrx_word' id='word_1_420' title='bbox 614 2656 706 2690; x_wconf 65' lang='grc' dir='ltr'>τελεῖν,</span> <span class='ocrx_word' id='word_1_421' title='bbox 718 2657 776 2684; x_wconf 84' lang='lat' dir='ltr'><strong>alio</strong></span> <span class='ocrx_word' id='word_1_422' title='bbox 792 2656 897 2684; x_wconf 81' lang='lat' dir='ltr'><strong>ordine</strong></span> <span class='ocrx_word' id='word_1_423' title='bbox 910 2665 916 2684; x_wconf 87' lang='lat'><em>:</em></span> 
     </span>
    </p>
   </div>
   <div class='ocr_carea' id='block_1_58' title="bbox 116 2692 918 2721">
    <p class='ocr_par' dir='ltr' id='par_1_58' title="bbox 116 2692 918 2721">
     <span class='ocr_line' id='line_1_59' title="bbox 116 2692 918 2721; baseline -0.001 -1"><span class='ocrx_word' id='word_1_424' title='bbox 116 2692 148 2720; x_wconf 86' lang='lat' dir='ltr'><strong>in</strong></span> <span class='ocrx_word' id='word_1_425' title='bbox 174 2692 290 2721; x_wconf 75' lang='lat' dir='ltr'><strong>auibus</strong></span> <span class='ocrx_word' id='word_1_426' title='bbox 319 2693 460 2721; x_wconf 87' lang='lat' dir='ltr'><strong>omnibus</strong></span> <span class='ocrx_word' id='word_1_427' title='bbox 487 2692 616 2721; x_wconf 79' lang='lat' dir='ltr'><strong>verbum</strong></span> <span class='ocrx_word' id='word_1_428' title='bbox 639 2692 718 2719; x_wconf 77' lang='grc' dir='ltr'>τελεῖν</span> <span class='ocrx_word' id='word_1_429' title='bbox 734 2692 852 2720; x_wconf 89' lang='lat' dir='ltr'><strong>videtur</strong></span> <span class='ocrx_word' id='word_1_430' title='bbox 867 2693 918 2720; x_wconf 88' lang='lat' dir='ltr'><strong>aut</strong></span> 
     </span>
    </p>
   </div>
   <div class='ocr_carea' id='block_1_59' title="bbox 114 2728 839 2765">
    <p class='ocr_par' dir='ltr' id='par_1_59' title="bbox 114 2728 839 2765">
     <span class='ocr_line' id='line_1_60' title="bbox 114 2728 839 2765; baseline 0.003 -12"><span class='ocrx_word' id='word_1_431' title='bbox 114 2728 262 2765; x_wconf 63' lang='lat' dir='ltr'><strong>napﬂzstv,</strong></span> <span class='ocrx_word' id='word_1_432' title='bbox 275 2730 329 2756; x_wconf 81' lang='lat' dir='ltr'><strong>aut</strong></span> <span class='ocrx_word' id='word_1_433' title='bbox 338 2728 470 2765; x_wconf 64' lang='lat' dir='ltr'><strong>positum</strong></span> <span class='ocrx_word' id='word_1_434' title='bbox 484 2728 577 2765; x_wconf 82' lang='lat' dir='ltr'><strong>fuisse</strong></span> <span class='ocrx_word' id='word_1_435' title='bbox 592 2731 714 2756; x_wconf 87' lang='lat' dir='ltr'><strong>ornatus</strong></span> <span class='ocrx_word' id='word_1_436' title='bbox 722 2730 724 2732; x_wconf 83' lang='lat'>&#39;</span> <span class='ocrx_word' id='word_1_437' title='bbox 733 2728 839 2765; x_wconf 78' lang='lat' dir='ltr'><strong>gratia.</strong></span> 
     </span>
    </p>
   </div>
   <div class='ocr_carea' id='block_1_60' title="bbox 152 2763 917 2805">
    <p class='ocr_par' dir='ltr' id='par_1_60' title="bbox 152 2763 917 2805">
     <span class='ocr_line' id='line_1_61' title="bbox 152 2763 917 2805; baseline -0.001 -12"><span class='ocrx_word' id='word_1_438' title='bbox 152 2763 210 2802; x_wconf 76' lang='lat' dir='ltr'><strong>(t7)</strong></span> <span class='ocrx_word' id='word_1_439' title='bbox 224 2763 355 2803; x_wconf 79' lang='lat' dir='ltr'><strong>Utraque</strong></span> <span class='ocrx_word' id='word_1_440' title='bbox 369 2766 398 2798; x_wconf 86' lang='lat' dir='ltr'><strong>et</strong></span> <span class='ocrx_word' id='word_1_441' title='bbox 412 2764 484 2800; x_wconf 80' lang='lat' dir='ltr'><strong>Reg.</strong></span> <span class='ocrx_word' id='word_1_442' title='bbox 506 2764 596 2805; x_wconf 78' lang='lat' dir='ltr'><strong>editio</strong></span> <span class='ocrx_word' id='word_1_443' title='bbox 611 2764 713 2796; x_wconf 82' lang='lat' dir='ltr'><strong>tertius</strong></span> <span class='ocrx_word' id='word_1_444' title='bbox 727 2764 824 2795; x_wconf 80' lang='lat' dir='ltr'><strong>codex</strong></span> <span class='ocrx_word' id='word_1_445' title='bbox 838 2763 917 2802; x_wconf 78' lang='lat' dir='ltr'><strong>opti-</strong></span> 
     </span>
    </p>
   </div>
   <div class='ocr_carea' id='block_1_61' title="bbox 615 116 1307 151">
    <p class='ocr_par' dir='ltr' id='par_1_61' title="bbox 615 116 1307 151">
     <span class='ocr_line' id='line_1_62' title="bbox 615 116 1307 151; baseline 0.003 -7"><span class='ocrx_word' id='word_1_446' title='bbox 615 116 762 146; x_wconf 81' lang='lat' dir='ltr'><strong>HOMILIA</strong></span> <span class='ocrx_word' id='word_1_447' title='bbox 782 117 816 146; x_wconf 82' lang='lat' dir='ltr'><strong>IN</strong></span> <span class='ocrx_word' id='word_1_448' title='bbox 835 116 1091 151; x_wconf 79' lang='lat' dir='ltr'><strong>QUADRAGINTA</strong></span> <span class='ocrx_word' id='word_1_449' title='bbox 1109 118 1307 148; x_wconf 78' lang='lat' dir='ltr'><strong>MARTYRES.</strong></span> 
     </span>
    </p>
   </div>
   <div class='ocr_carea' id='block_1_62' title="bbox 1755 122 1808 150">
    <p class='ocr_par' dir='ltr' id='par_1_62' title="bbox 1755 122 1808 150">
     <span class='ocr_line' id='line_1_63' title="bbox 1755 122 1808 150; baseline 0 0"><span class='ocrx_word' id='word_1_450' title='bbox 1755 122 1808 150; x_wconf 78' lang='grc'><strong>510</strong></span> 
     </span>
    </p>
   </div>
   <div class='ocr_carea' id='block_1_63' title="bbox 979 181 1809 218">
    <p class='ocr_par' dir='ltr' id='par_1_63' title="bbox 979 181 1809 218">
     <span class='ocr_line' id='line_1_64' title="bbox 979 181 1809 218; baseline 0.002 -9"><span class='ocrx_word' id='word_1_451' title='bbox 979 181 1466 218; x_wconf 83' lang='lat' dir='ltr'><strong>tores,tumpictoresexprimunt,</strong></span> <span class='ocrx_word' id='word_1_452' title='bbox 1477 181 1518 209; x_wconf 90' lang='lat' dir='ltr'><strong>llli</strong></span> <span class='ocrx_word' id='word_1_453' title='bbox 1532 182 1656 218; x_wconf 81' lang='lat' dir='ltr'><strong>quidem</strong></span> <span class='ocrx_word' id='word_1_454' title='bbox 1673 190 1725 211; x_wconf 87' lang='lat' dir='ltr'><strong>eas</strong></span> <span class='ocrx_word' id='word_1_455' title='bbox 1750 190 1809 211; x_wconf 85' lang='lat' dir='ltr'><strong>ser-</strong></span> 
     </span>
    </p>
   </div>
   <div class='ocr_carea' id='block_1_64' title="bbox 981 226 1808 262">
    <p class='ocr_par' dir='ltr' id='par_1_64' title="bbox 981 226 1808 262">
     <span class='ocr_line' id='line_1_65' title="bbox 981 226 1808 262; baseline 0.001 -8"><span class='ocrx_word' id='word_1_456' title='bbox 981 233 1071 254; x_wconf 87' lang='lat' dir='ltr'><strong>mone</strong></span> <span class='ocrx_word' id='word_1_457' title='bbox 1081 228 1233 260; x_wconf 87' lang='lat' dir='ltr'><strong>ornantes,</strong></span> <span class='ocrx_word' id='word_1_458' title='bbox 1243 226 1274 254; x_wconf 92' lang='lat' dir='ltr'><strong>hi</strong></span> <span class='ocrx_word' id='word_1_459' title='bbox 1284 233 1355 253; x_wconf 89' lang='lat' dir='ltr'><strong>vero</strong></span> <span class='ocrx_word' id='word_1_460' title='bbox 1364 226 1648 262; x_wconf 83' lang='lat' dir='ltr'><strong>ipsasdepingentes</strong></span> <span class='ocrx_word' id='word_1_461' title='bbox 1663 227 1694 255; x_wconf 89' lang='lat' dir='ltr'><strong>in</strong></span> <span class='ocrx_word' id='word_1_462' title='bbox 1715 227 1808 256; x_wconf 84' lang='lat' dir='ltr'><strong>tabel-</strong></span> 
     </span>
    </p>
   </div>
   <div class='ocr_carea' id='block_1_65' title="bbox 979 270 1809 308">
    <p class='ocr_par' dir='ltr' id='par_1_65' title="bbox 979 270 1809 308">
     <span class='ocr_line' id='line_1_66' title="bbox 979 270 1809 308; baseline 0.004 -10"><span class='ocrx_word' id='word_1_463' title='bbox 979 270 1025 304; x_wconf 85' lang='lat' dir='ltr'><strong>lis,</strong></span> <span class='ocrx_word' id='word_1_464' title='bbox 1042 272 1071 299; x_wconf 90' lang='lat' dir='ltr'><strong>et</strong></span> <span class='ocrx_word' id='word_1_465' title='bbox 1085 271 1202 308; x_wconf 81' lang='lat' dir='ltr'><strong>utrique</strong></span> <span class='ocrx_word' id='word_1_466' title='bbox 1214 278 1276 299; x_wconf 90' lang='lat' dir='ltr'><strong>non</strong></span> <span class='ocrx_word' id='word_1_467' title='bbox 1291 277 1405 306; x_wconf 88' lang='lat' dir='ltr'><strong>paucos</strong></span> <span class='ocrx_word' id='word_1_468' title='bbox 1421 271 1460 298; x_wconf 89' lang='lat' dir='ltr'><strong>ad</strong></span> <span class='ocrx_word' id='word_1_469' title='bbox 1474 270 1680 300; x_wconf 77' lang='lat' dir='ltr'><strong>fortitudinem</strong></span> <span class='ocrx_word' id='word_1_470' title='bbox 1701 273 1809 301; x_wconf 85' lang='lat' dir='ltr'><strong>excita-</strong></span> 
     </span>
    </p>
   </div>
   <div class='ocr_carea' id='block_1_66' title="bbox 979 315 1806 352">
    <p class='ocr_par' dir='ltr' id='par_1_66' title="bbox 979 315 1806 352">
     <span class='ocr_line' id='line_1_67' title="bbox 979 315 1806 352; baseline 0.002 -9"><span class='ocrx_word' id='word_1_471' title='bbox 979 317 1133 349; x_wconf 73' lang='lat' dir='ltr'><strong>runt.Qute</strong></span> <span class='ocrx_word' id='word_1_472' title='bbox 1140 315 1220 344; x_wconf 85' lang='lat' dir='ltr'><strong>enim</strong></span> <span class='ocrx_word' id='word_1_473' title='bbox 1226 315 1357 345; x_wconf 80' lang='lat' dir='ltr'><strong>historias</strong></span> <span class='ocrx_word' id='word_1_474' title='bbox 1363 323 1462 343; x_wconf 85' lang='lat' dir='ltr'><strong>sermo</strong></span> <span class='ocrx_word' id='word_1_475' title='bbox 1471 323 1525 352; x_wconf 85' lang='lat' dir='ltr'><strong>per</strong></span> <span class='ocrx_word' id='word_1_476' title='bbox 1533 315 1669 344; x_wconf 88' lang='lat' dir='ltr'><strong>auditum</strong></span> <span class='ocrx_word' id='word_1_477' title='bbox 1677 317 1806 351; x_wconf 83' lang='lat' dir='ltr'><strong>exhibet,</strong></span> 
     </span>
    </p>
   </div>
   <div class='ocr_carea' id='block_1_67' title="bbox 980 360 1807 397">
    <p class='ocr_par' dir='ltr' id='par_1_67' title="bbox 980 360 1807 397">
     <span class='ocr_line' id='line_1_68' title="bbox 980 360 1807 397; baseline 0.004 -9"><span class='ocrx_word' id='word_1_478' title='bbox 980 367 1016 388; x_wconf 89' lang='lat' dir='ltr'><strong>ea</strong></span> <span class='ocrx_word' id='word_1_479' title='bbox 1031 360 1071 388; x_wconf 91' lang='lat' dir='ltr'><strong>ob</strong></span> <span class='ocrx_word' id='word_1_480' title='bbox 1085 360 1189 388; x_wconf 91' lang='lat' dir='ltr'><strong>oculos</strong></span> <span class='ocrx_word' id='word_1_481' title='bbox 1204 360 1290 397; x_wconf 86' lang='lat' dir='ltr'><strong>ponit</strong></span> <span class='ocrx_word' id='word_1_482' title='bbox 1303 360 1394 388; x_wconf 82' lang='lat' dir='ltr'><strong>silens</strong></span> <span class='ocrx_word' id='word_1_483' title='bbox 1405 360 1523 397; x_wconf 82' lang='lat' dir='ltr'><strong>pictura</strong></span> <span class='ocrx_word' id='word_1_484' title='bbox 1533 369 1586 396; x_wconf 87' lang='lat' dir='ltr'><strong>per</strong></span> <span class='ocrx_word' id='word_1_485' title='bbox 1597 361 1807 392; x_wconf 81' lang='lat' dir='ltr'><strong>imitationem.</strong></span> 
     </span>
    </p>
   </div>
   <div class='ocr_carea' id='block_1_68' title="bbox 981 405 1807 435">
    <p class='ocr_par' dir='ltr' id='par_1_68' title="bbox 981 405 1807 435">
     <span class='ocr_line' id='line_1_69' title="bbox 981 405 1807 435; baseline 0.002 -2"><span class='ocrx_word' id='word_1_486' title='bbox 981 406 1064 434; x_wconf 82' lang='lat' dir='ltr'><strong>Hunc</strong></span> <span class='ocrx_word' id='word_1_487' title='bbox 1076 405 1116 433; x_wconf 88' lang='lat' dir='ltr'><strong>ad</strong></span> <span class='ocrx_word' id='word_1_488' title='bbox 1129 405 1256 434; x_wconf 90' lang='lat' dir='ltr'><strong>modum</strong></span> <span class='ocrx_word' id='word_1_489' title='bbox 1273 407 1300 433; x_wconf 90' lang='lat' dir='ltr'><strong>et</strong></span> <span class='ocrx_word' id='word_1_490' title='bbox 1319 412 1375 433; x_wconf 90' lang='lat' dir='ltr'><strong>nos</strong></span> <span class='ocrx_word' id='word_1_491' title='bbox 1388 405 1555 434; x_wconf 79' lang='lat' dir='ltr'><strong>astantibus</strong></span> <span class='ocrx_word' id='word_1_492' title='bbox 1573 406 1603 434; x_wconf 89' lang='lat' dir='ltr'><strong>in</strong></span> <span class='ocrx_word' id='word_1_493' title='bbox 1626 407 1807 435; x_wconf 79' lang='lat' dir='ltr'><strong>memoriam</strong></span> 
     </span>
    </p>
   </div>
   <div class='ocr_carea' id='block_1_69' title="bbox 979 446 1808 487">
    <p class='ocr_par' dir='ltr' id='par_1_69' title="bbox 979 446 1808 487">
     <span class='ocr_line' id='line_1_70' title="bbox 979 446 1808 487; baseline 0.004 -10"><span class='ocrx_word' id='word_1_494' title='bbox 979 458 1155 478; x_wconf 88' lang='lat' dir='ltr'><strong>revocemus</strong></span> <span class='ocrx_word' id='word_1_495' title='bbox 1169 450 1301 478; x_wconf 86' lang='lat' dir='ltr'><strong>virorum</strong></span> <span class='ocrx_word' id='word_1_496' title='bbox 1314 446 1632 487; x_wconf 85' lang='lat' dir='ltr'><strong>virtutem,eorumque</strong></span> <span class='ocrx_word' id='word_1_497' title='bbox 1645 452 1734 486; x_wconf 83' lang='lat' dir='ltr'><strong>gestis</strong></span> <span class='ocrx_word' id='word_1_498' title='bbox 1748 451 1808 481; x_wconf 85' lang='lat' dir='ltr'><strong>vel-</strong></span> 
     </span>
    </p>
   </div>
   <div class='ocr_carea' id='block_1_70' title="bbox 980 494 1806 531">
    <p class='ocr_par' dir='ltr' id='par_1_70' title="bbox 980 494 1806 531">
     <span class='ocr_line' id='line_1_71' title="bbox 980 494 1806 531; baseline 0.002 -9"><span class='ocrx_word' id='word_1_499' title='bbox 980 496 1013 522; x_wconf 87' lang='lat' dir='ltr'><strong>ut</strong></span> <span class='ocrx_word' id='word_1_500' title='bbox 1025 495 1053 523; x_wconf 89' lang='lat' dir='ltr'><strong>in</strong></span> <span class='ocrx_word' id='word_1_501' title='bbox 1067 497 1262 531; x_wconf 88' lang='lat' dir='ltr'><strong>conspectum</strong></span> <span class='ocrx_word' id='word_1_502' title='bbox 1277 494 1426 529; x_wconf 76' lang='lat' dir='ltr'><strong>adductis,</strong></span> <span class='ocrx_word' id='word_1_503' title='bbox 1442 494 1494 530; x_wconf 90' lang='lat' dir='ltr'><strong>qui</strong></span> <span class='ocrx_word' id='word_1_504' title='bbox 1509 495 1716 530; x_wconf 84' lang='lat' dir='ltr'><strong>generosiores</strong></span> <span class='ocrx_word' id='word_1_505' title='bbox 1726 498 1806 529; x_wconf 86' lang='lat' dir='ltr'><strong>sunt,</strong></span> 
     </span>
    </p>
   </div>
   <div class='ocr_carea' id='block_1_71' title="bbox 980 539 1807 576">
    <p class='ocr_par' dir='ltr' id='par_1_71' title="bbox 980 539 1807 576">
     <span class='ocr_line' id='line_1_72' title="bbox 980 539 1807 576; baseline 0.001 -9"><span class='ocrx_word' id='word_1_506' title='bbox 980 539 1142 576; x_wconf 86' lang='lat' dir='ltr'><strong>animoque</strong></span> <span class='ocrx_word' id='word_1_507' title='bbox 1155 539 1228 575; x_wconf 80' lang='lat' dir='ltr'><strong>ipsis</strong></span> <span class='ocrx_word' id='word_1_508' title='bbox 1236 539 1302 575; x_wconf 87' lang='lat' dir='ltr'><strong>conj</strong></span> <span class='ocrx_word' id='word_1_509' title='bbox 1309 540 1468 575; x_wconf 87' lang='lat' dir='ltr'><strong>unctiores,</strong></span> <span class='ocrx_word' id='word_1_510' title='bbox 1481 547 1532 567; x_wconf 84' lang='lat' dir='ltr'><strong>eos</strong></span> <span class='ocrx_word' id='word_1_511' title='bbox 1538 539 1575 568; x_wconf 89' lang='lat' dir='ltr'><strong>ad</strong></span> <span class='ocrx_word' id='word_1_512' title='bbox 1583 539 1807 568; x_wconf 67' lang='lat' dir='ltr'><strong>mmulationem</strong></span> 
     </span>
    </p>
   </div>
   <div class='ocr_carea' id='block_1_72' title="bbox 979 583 1808 619">
    <p class='ocr_par' dir='ltr' id='par_1_72' title="bbox 979 583 1808 619">
     <span class='ocr_line' id='line_1_73' title="bbox 979 583 1808 619; baseline 0.001 -7"><span class='ocrx_word' id='word_1_513' title='bbox 979 583 1216 613; x_wconf 83' lang='lat' dir='ltr'><strong>exstimulemus.</strong></span> <span class='ocrx_word' id='word_1_514' title='bbox 1226 585 1301 612; x_wconf 85' lang='lat' dir='ltr'><strong>Nam</strong></span> <span class='ocrx_word' id='word_1_515' title='bbox 1314 585 1513 619; x_wconf 85' lang='lat' dir='ltr'><strong>congregatos</strong></span> <span class='ocrx_word' id='word_1_516' title='bbox 1528 584 1678 612; x_wconf 82' lang='lat' dir='ltr'><strong>exhortari</strong></span> <span class='ocrx_word' id='word_1_517' title='bbox 1699 584 1737 613; x_wconf 89' lang='lat' dir='ltr'><strong>ad</strong></span> <span class='ocrx_word' id='word_1_518' title='bbox 1749 584 1808 613; x_wconf 81' lang='lat' dir='ltr'><strong>vir-</strong></span> 
     </span>
    </p>
   </div>
   <div class='ocr_carea' id='block_1_73' title="bbox 979 629 1808 665">
    <p class='ocr_par' dir='ltr' id='par_1_73' title="bbox 979 629 1808 665">
     <span class='ocr_line' id='line_1_74' title="bbox 979 629 1808 665; baseline 0 -8"><span class='ocrx_word' id='word_1_519' title='bbox 979 631 1084 663; x_wconf 90' lang='lat' dir='ltr'><strong>tutem,</strong></span> <span class='ocrx_word' id='word_1_520' title='bbox 1099 629 1164 656; x_wconf 73' lang='lat' dir='ltr'><strong>haec</strong></span> <span class='ocrx_word' id='word_1_521' title='bbox 1175 631 1220 657; x_wconf 88' lang='lat' dir='ltr'><strong>est</strong></span> <span class='ocrx_word' id='word_1_522' title='bbox 1232 631 1397 664; x_wconf 83' lang='lat' dir='ltr'><strong>martyrum</strong></span> <span class='ocrx_word' id='word_1_523' title='bbox 1411 629 1489 656; x_wconf 85' lang='lat' dir='ltr'><strong>laus.</strong></span> <span class='ocrx_word' id='word_1_524' title='bbox 1502 630 1603 665; x_wconf 85' lang='lat' dir='ltr'><strong>Neque</strong></span> <span class='ocrx_word' id='word_1_525' title='bbox 1617 629 1698 657; x_wconf 89' lang='lat' dir='ltr'><strong>enim</strong></span> <span class='ocrx_word' id='word_1_526' title='bbox 1713 629 1808 657; x_wconf 82' lang='lat' dir='ltr'><strong>habiti</strong></span> 
     </span>
    </p>
   </div>
   <div class='ocr_carea' id='block_1_74' title="bbox 979 673 1807 710">
    <p class='ocr_par' dir='ltr' id='par_1_74' title="bbox 979 673 1807 710">
     <span class='ocr_line' id='line_1_75' title="bbox 979 673 1807 710; baseline 0 -8"><span class='ocrx_word' id='word_1_527' title='bbox 979 675 1016 702; x_wconf 93' lang='lat' dir='ltr'><strong>de</strong></span> <span class='ocrx_word' id='word_1_528' title='bbox 1034 674 1120 710; x_wconf 80' lang='lat'><strong>150</strong></span> <span class='ocrx_word' id='word_1_529' title='bbox 1140 674 1250 702; x_wconf 85' lang='lat' dir='ltr'><strong>sanctis</strong></span> <span class='ocrx_word' id='word_1_530' title='bbox 1273 681 1427 702; x_wconf 85' lang='lat' dir='ltr'><strong>sermones</strong></span> <span class='ocrx_word' id='word_1_531' title='bbox 1443 674 1665 709; x_wconf 64' lang='lat' dir='ltr'><strong>praeconiorum</strong></span> <span class='ocrx_word' id='word_1_532' title='bbox 1690 673 1807 709; x_wconf 80' lang='lat' dir='ltr'><strong>legibus</strong></span> 
     </span>
    </p>
   </div>
   <div class='ocr_carea' id='block_1_75' title="bbox 979 718 1808 754">
    <p class='ocr_par' dir='ltr' id='par_1_75' title="bbox 979 718 1808 754">
     <span class='ocr_line' id='line_1_76' title="bbox 979 718 1808 754; baseline 0 -8"><span class='ocrx_word' id='word_1_533' title='bbox 979 718 1142 754; x_wconf 83' lang='lat' dir='ltr'><strong>dignantur</strong></span> <span class='ocrx_word' id='word_1_534' title='bbox 1152 718 1271 746; x_wconf 86' lang='lat' dir='ltr'><strong>servire.</strong></span> <span class='ocrx_word' id='word_1_535' title='bbox 1285 719 1360 746; x_wconf 87' lang='lat' dir='ltr'><strong>Nam</strong></span> <span class='ocrx_word' id='word_1_536' title='bbox 1375 718 1428 754; x_wconf 88' lang='lat' dir='ltr'><strong>qui</strong></span> <span class='ocrx_word' id='word_1_537' title='bbox 1442 718 1579 752; x_wconf 86' lang='lat' dir='ltr'><strong>laudant,</strong></span> <span class='ocrx_word' id='word_1_538' title='bbox 1591 725 1627 746; x_wconf 89' lang='lat' dir='ltr'><strong>ex</strong></span> <span class='ocrx_word' id='word_1_539' title='bbox 1642 718 1808 747; x_wconf 84' lang='lat' dir='ltr'><strong>mundanis</strong></span> 
     </span>
    </p>
   </div>
   <div class='ocr_carea' id='block_1_76' title="bbox 979 762 1808 799">
    <p class='ocr_par' dir='ltr' id='par_1_76' title="bbox 979 762 1808 799">
     <span class='ocr_line' id='line_1_77' title="bbox 979 762 1808 799; baseline -0.001 -7"><span class='ocrx_word' id='word_1_540' title='bbox 979 763 1208 792; x_wconf 85' lang='lat' dir='ltr'><strong>causislaudum</strong></span> <span class='ocrx_word' id='word_1_541' title='bbox 1219 763 1365 798; x_wconf 83' lang='lat' dir='ltr'><strong>originem</strong></span> <span class='ocrx_word' id='word_1_542' title='bbox 1372 764 1509 792; x_wconf 88' lang='lat' dir='ltr'><strong>sumunt:</strong></span> <span class='ocrx_word' id='word_1_543' title='bbox 1521 762 1633 799; x_wconf 87' lang='lat' dir='ltr'><strong>quibus</strong></span> <span class='ocrx_word' id='word_1_544' title='bbox 1641 771 1713 791; x_wconf 87' lang='lat' dir='ltr'><strong>vero</strong></span> <span class='ocrx_word' id='word_1_545' title='bbox 1721 771 1808 791; x_wconf 90' lang='lat' dir='ltr'><strong>mun-</strong></span> 
     </span>
    </p>
   </div>
   <div class='ocr_carea' id='block_1_77' title="bbox 978 807 1807 843">
    <p class='ocr_par' dir='ltr' id='par_1_77' title="bbox 978 807 1807 843">
     <span class='ocr_line' id='line_1_78' title="bbox 978 807 1807 843; baseline -0.002 -7"><span class='ocrx_word' id='word_1_546' title='bbox 978 808 1036 836; x_wconf 83' lang='lat' dir='ltr'><strong>dus</strong></span> <span class='ocrx_word' id='word_1_547' title='bbox 1048 807 1208 836; x_wconf 80' lang='lat' dir='ltr'><strong>cruciﬁxus</strong></span> <span class='ocrx_word' id='word_1_548' title='bbox 1218 810 1271 840; x_wconf 89' lang='lat' dir='ltr'><strong>est,</strong></span> <span class='ocrx_word' id='word_1_549' title='bbox 1287 807 1442 843; x_wconf 88' lang='lat' dir='ltr'><strong>quomodo</strong></span> <span class='ocrx_word' id='word_1_550' title='bbox 1459 807 1629 843; x_wconf 88' lang='lat' dir='ltr'><strong>quidquam</strong></span> <span class='ocrx_word' id='word_1_551' title='bbox 1641 815 1677 834; x_wconf 87' lang='lat' dir='ltr'><strong>ex</strong></span> <span class='ocrx_word' id='word_1_552' title='bbox 1689 807 1725 835; x_wconf 89' lang='lat' dir='ltr'><strong>iis</strong></span> <span class='ocrx_word' id='word_1_553' title='bbox 1738 815 1807 843; x_wconf 70' lang='lat' dir='ltr'><strong>quas</strong></span> 
     </span>
    </p>
   </div>
   <div class='ocr_carea' id='block_1_78' title="bbox 977 851 1807 888">
    <p class='ocr_par' dir='ltr' id='par_1_78' title="bbox 977 851 1807 888">
     <span class='ocr_line' id='line_1_79' title="bbox 977 851 1807 888; baseline -0.001 -8"><span class='ocrx_word' id='word_1_554' title='bbox 977 852 1007 880; x_wconf 90' lang='lat' dir='ltr'><strong>in</strong></span> <span class='ocrx_word' id='word_1_555' title='bbox 1019 852 1135 880; x_wconf 89' lang='lat' dir='ltr'><strong>mundo</strong></span> <span class='ocrx_word' id='word_1_556' title='bbox 1151 854 1231 884; x_wconf 85' lang='lat' dir='ltr'><strong>sunt,</strong></span> <span class='ocrx_word' id='word_1_557' title='bbox 1247 859 1351 879; x_wconf 88' lang='lat' dir='ltr'><strong>eorum</strong></span> <span class='ocrx_word' id='word_1_558' title='bbox 1365 851 1491 879; x_wconf 83' lang='lat' dir='ltr'><strong>claritati</strong></span> <span class='ocrx_word' id='word_1_559' title='bbox 1507 853 1597 888; x_wconf 90' lang='lat' dir='ltr'><strong>atque</strong></span> <span class='ocrx_word' id='word_1_560' title='bbox 1610 851 1807 880; x_wconf 88' lang='lat' dir='ltr'><strong>commenda-</strong></span> 
     </span>
    </p>
   </div>
   <div class='ocr_carea' id='block_1_79' title="bbox 978 895 1808 932">
    <p class='ocr_par' dir='ltr' id='par_1_79' title="bbox 978 895 1808 932">
     <span class='ocr_line' id='line_1_80' title="bbox 978 895 1808 932; baseline -0.001 -7"><span class='ocrx_word' id='word_1_561' title='bbox 978 896 1051 925; x_wconf 88' lang='lat' dir='ltr'><strong>tioni</strong></span> <span class='ocrx_word' id='word_1_562' title='bbox 1064 896 1164 925; x_wconf 88' lang='lat' dir='ltr'><strong>locum</strong></span> <span class='ocrx_word' id='word_1_563' title='bbox 1182 895 1273 924; x_wconf 91' lang='lat' dir='ltr'><strong>ullum</strong></span> <span class='ocrx_word' id='word_1_564' title='bbox 1291 896 1425 932; x_wconf 69' lang='lat' dir='ltr'><strong>praebere</strong></span> <span class='ocrx_word' id='word_1_565' title='bbox 1439 896 1570 932; x_wconf 90' lang='lat' dir='ltr'><strong>poterit?</strong></span> <span class='ocrx_word' id='word_1_566' title='bbox 1589 897 1653 924; x_wconf 90' lang='lat' dir='ltr'><strong>Non</strong></span> <span class='ocrx_word' id='word_1_567' title='bbox 1668 903 1729 924; x_wconf 87' lang='lat' dir='ltr'><strong>una</strong></span> <span class='ocrx_word' id='word_1_568' title='bbox 1744 897 1808 924; x_wconf 81' lang='lat' dir='ltr'><strong>erat</strong></span> 
     </span>
    </p>
   </div>
   <div class='ocr_carea' id='block_1_80' title="bbox 978 940 1808 977">
    <p class='ocr_par' dir='ltr' id='par_1_80' title="bbox 978 940 1808 977">
     <span class='ocr_line' id='line_1_81' title="bbox 978 940 1808 977; baseline 0 -8"><span class='ocrx_word' id='word_1_569' title='bbox 978 941 1089 970; x_wconf 78' lang='lat' dir='ltr'><strong>sanctis</strong></span> <span class='ocrx_word' id='word_1_570' title='bbox 1111 941 1227 977; x_wconf 67' lang='lat' dir='ltr'><strong>patria:</strong></span> <span class='ocrx_word' id='word_1_571' title='bbox 1259 940 1409 976; x_wconf 82' lang='lat' dir='ltr'><strong>siquidem</strong></span> <span class='ocrx_word' id='word_1_572' title='bbox 1438 940 1514 968; x_wconf 83' lang='lat' dir='ltr'><strong>alius</strong></span> <span class='ocrx_word' id='word_1_573' title='bbox 1539 940 1660 968; x_wconf 87' lang='lat' dir='ltr'><strong>aliunde</strong></span> <span class='ocrx_word' id='word_1_574' title='bbox 1683 942 1808 969; x_wconf 80' lang='lat' dir='ltr'><strong>venerat</strong></span> 
     </span>
    </p>
   </div>
   <div class='ocr_carea' id='block_1_81' title="bbox 979 984 1806 1021">
    <p class='ocr_par' dir='ltr' id='par_1_81' title="bbox 979 984 1806 1021">
     <span class='ocr_line' id='line_1_82' title="bbox 979 984 1806 1021; baseline -0.002 -7"><span class='ocrx_word' id='word_1_575' title='bbox 979 985 1182 1020; x_wconf 67' lang='lat' dir='ltr'><strong>Quidjigitur?</strong></span> <span class='ocrx_word' id='word_1_576' title='bbox 1204 986 1328 1021; x_wconf 82' lang='lat' dir='ltr'><strong>ipsosne</strong></span> <span class='ocrx_word' id='word_1_577' title='bbox 1351 987 1484 1012; x_wconf 81' lang='lat' dir='ltr'><strong>extorres</strong></span> <span class='ocrx_word' id='word_1_578' title='bbox 1499 984 1645 1016; x_wconf 85' lang='lat' dir='ltr'><strong>dicemus,</strong></span> <span class='ocrx_word' id='word_1_579' title='bbox 1667 991 1706 1012; x_wconf 88' lang='lat' dir='ltr'><strong>an</strong></span> <span class='ocrx_word' id='word_1_580' title='bbox 1725 984 1806 1012; x_wconf 89' lang='lat' dir='ltr'><strong>orbis</strong></span> 
     </span>
    </p>
   </div>
   <div class='ocr_carea' id='block_1_82' title="bbox 977 1027 1807 1064">
    <p class='ocr_par' dir='ltr' id='par_1_82' title="bbox 977 1027 1807 1064">
     <span class='ocr_line' id='line_1_83' title="bbox 977 1027 1807 1064; baseline -0.004 -6"><span class='ocrx_word' id='word_1_581' title='bbox 977 1030 1077 1059; x_wconf 80' lang='lat' dir='ltr'><strong>cives?</strong></span> <span class='ocrx_word' id='word_1_582' title='bbox 1089 1029 1352 1062; x_wconf 86' lang='lat' dir='ltr'><strong>Quemadmodum</strong></span> <span class='ocrx_word' id='word_1_583' title='bbox 1364 1029 1444 1057; x_wconf 89' lang='lat' dir='ltr'><strong>enim</strong></span> <span class='ocrx_word' id='word_1_584' title='bbox 1455 1028 1484 1056; x_wconf 89' lang='lat' dir='ltr'><strong>in</strong></span> <span class='ocrx_word' id='word_1_585' title='bbox 1496 1028 1706 1064; x_wconf 89' lang='lat' dir='ltr'><strong>symbolorum</strong></span> <span class='ocrx_word' id='word_1_586' title='bbox 1718 1027 1807 1055; x_wconf 84' lang='lat' dir='ltr'><strong>colla-</strong></span> 
     </span>
    </p>
   </div>
   <div class='ocr_carea' id='block_1_83' title="bbox 978 1071 1807 1110">
    <p class='ocr_par' dir='ltr' id='par_1_83' title="bbox 978 1071 1807 1110">
     <span class='ocr_line' id='line_1_84' title="bbox 978 1071 1807 1110; baseline -0.002 -8"><span class='ocrx_word' id='word_1_587' title='bbox 978 1074 1110 1103; x_wconf 89' lang='lat' dir='ltr'><strong>tionibus</strong></span> <span class='ocrx_word' id='word_1_588' title='bbox 1124 1082 1160 1102; x_wconf 85' lang='lat' dir='ltr'><strong>ea</strong></span> <span class='ocrx_word' id='word_1_589' title='bbox 1172 1081 1240 1110; x_wconf 79' lang='lat' dir='ltr'><strong>quae</strong></span> <span class='ocrx_word' id='word_1_590' title='bbox 1252 1074 1291 1101; x_wconf 90' lang='lat' dir='ltr'><strong>ab</strong></span> <span class='ocrx_word' id='word_1_591' title='bbox 1301 1081 1487 1109; x_wconf 86' lang='lat' dir='ltr'><strong>unoquoque</strong></span> <span class='ocrx_word' id='word_1_592' title='bbox 1503 1073 1612 1101; x_wconf 91' lang='lat' dir='ltr'><strong>collata</strong></span> <span class='ocrx_word' id='word_1_593' title='bbox 1624 1071 1807 1106; x_wconf 83' lang='lat' dir='ltr'><strong>sunt,eonfe-</strong></span> 
     </span>
    </p>
   </div>
   <div class='ocr_carea' id='block_1_84' title="bbox 977 1116 1806 1153">
    <p class='ocr_par' dir='ltr' id='par_1_84' title="bbox 977 1116 1806 1153">
     <span class='ocr_line' id='line_1_85' title="bbox 977 1116 1806 1153; baseline -0.004 -6"><span class='ocrx_word' id='word_1_594' title='bbox 977 1119 1107 1148; x_wconf 89' lang='lat' dir='ltr'><strong>rentium</strong></span> <span class='ocrx_word' id='word_1_595' title='bbox 1120 1119 1196 1146; x_wconf 87' lang='lat' dir='ltr'><strong>ﬁunt</strong></span> <span class='ocrx_word' id='word_1_596' title='bbox 1205 1119 1395 1146; x_wconf 84' lang='lat' dir='ltr'><strong>communia:</strong></span> <span class='ocrx_word' id='word_1_597' title='bbox 1416 1118 1457 1146; x_wconf 87' lang='lat' dir='ltr'><strong>ita</strong></span> <span class='ocrx_word' id='word_1_598' title='bbox 1469 1125 1592 1153; x_wconf 87' lang='lat' dir='ltr'><strong>quoque</strong></span> <span class='ocrx_word' id='word_1_599' title='bbox 1606 1117 1638 1145; x_wconf 90' lang='lat' dir='ltr'><strong>in</strong></span> <span class='ocrx_word' id='word_1_600' title='bbox 1652 1116 1698 1144; x_wconf 87' lang='lat' dir='ltr'><strong>his</strong></span> <span class='ocrx_word' id='word_1_601' title='bbox 1711 1116 1806 1144; x_wconf 80' lang='lat' dir='ltr'><strong>beatis</strong></span> 
     </span>
    </p>
   </div>
   <div class='ocr_carea' id='block_1_85' title="bbox 977 1162 1808 1200">
    <p class='ocr_par' dir='ltr' id='par_1_85' title="bbox 977 1162 1808 1200">
     <span class='ocr_line' id='line_1_86' title="bbox 977 1162 1808 1200; baseline -0.004 -8"><span class='ocrx_word' id='word_1_602' title='bbox 977 1163 1217 1200; x_wconf 86' lang='lat' dir='ltr'><strong>uniuscujusque</strong></span> <span class='ocrx_word' id='word_1_603' title='bbox 1231 1163 1328 1200; x_wconf 86' lang='lat' dir='ltr'><strong>patria</strong></span> <span class='ocrx_word' id='word_1_604' title='bbox 1343 1162 1514 1190; x_wconf 89' lang='lat' dir='ltr'><strong>communis</strong></span> <span class='ocrx_word' id='word_1_605' title='bbox 1526 1164 1571 1190; x_wconf 87' lang='lat' dir='ltr'><strong>est</strong></span> <span class='ocrx_word' id='word_1_606' title='bbox 1581 1162 1730 1195; x_wconf 89' lang='lat' dir='ltr'><strong>omnium,</strong></span> <span class='ocrx_word' id='word_1_607' title='bbox 1742 1168 1808 1189; x_wconf 87' lang='lat' dir='ltr'><strong>om-</strong></span> 
     </span>
    </p>
   </div>
   <div class='ocr_carea' id='block_1_86' title="bbox 977 1207 1807 1245">
    <p class='ocr_par' dir='ltr' id='par_1_86' title="bbox 977 1207 1807 1245">
     <span class='ocr_line' id='line_1_87' title="bbox 977 1207 1807 1245; baseline -0.004 -8"><span class='ocrx_word' id='word_1_608' title='bbox 977 1217 1094 1245; x_wconf 83' lang='lat' dir='ltr'><strong>nesque</strong></span> <span class='ocrx_word' id='word_1_609' title='bbox 1104 1208 1305 1244; x_wconf 87' lang='lat' dir='ltr'><strong>undecunque</strong></span> <span class='ocrx_word' id='word_1_610' title='bbox 1318 1208 1453 1244; x_wconf 86' lang='lat' dir='ltr'><strong>profecti,</strong></span> <span class='ocrx_word' id='word_1_611' title='bbox 1471 1207 1545 1235; x_wconf 89' lang='lat' dir='ltr'><strong>alter</strong></span> <span class='ocrx_word' id='word_1_612' title='bbox 1559 1214 1629 1235; x_wconf 89' lang='lat' dir='ltr'><strong>cum</strong></span> <span class='ocrx_word' id='word_1_613' title='bbox 1645 1207 1738 1235; x_wconf 88' lang='lat' dir='ltr'><strong>altero</strong></span> <span class='ocrx_word' id='word_1_614' title='bbox 1753 1214 1807 1243; x_wconf 88' lang='lat' dir='ltr'><strong>pa-</strong></span> 
     </span>
    </p>
   </div>
   <div class='ocr_carea' id='block_1_87' title="bbox 976 1251 1806 1288">
    <p class='ocr_par' dir='ltr' id='par_1_87' title="bbox 976 1251 1806 1288">
     <span class='ocr_line' id='line_1_88' title="bbox 976 1251 1806 1288; baseline -0.005 -6"><span class='ocrx_word' id='word_1_615' title='bbox 976 1253 1065 1282; x_wconf 89' lang='lat' dir='ltr'><strong>triam</strong></span> <span class='ocrx_word' id='word_1_616' title='bbox 1074 1253 1310 1281; x_wconf 87' lang='lat' dir='ltr'><strong>communicant.</strong></span> <span class='ocrx_word' id='word_1_617' title='bbox 1322 1254 1384 1280; x_wconf 84' lang='lat' dir='ltr'><strong>imo</strong></span> <span class='ocrx_word' id='word_1_618' title='bbox 1394 1260 1465 1280; x_wconf 87' lang='lat' dir='ltr'><strong>vero</strong></span> <span class='ocrx_word' id='word_1_619' title='bbox 1473 1251 1546 1288; x_wconf 89' lang='lat' dir='ltr'><strong>quid</strong></span> <span class='ocrx_word' id='word_1_620' title='bbox 1558 1251 1664 1279; x_wconf 82' lang='lat' dir='ltr'><strong>attinet</strong></span> <span class='ocrx_word' id='word_1_621' title='bbox 1673 1253 1806 1279; x_wconf 86' lang='lat' dir='ltr'><strong>terrenas</strong></span> 
     </span>
    </p>
   </div>
   <div class='ocr_carea' id='block_1_88' title="bbox 976 1295 1806 1335">
    <p class='ocr_par' dir='ltr' id='par_1_88' title="bbox 976 1295 1806 1335">
     <span class='ocr_line' id='line_1_89' title="bbox 976 1295 1806 1335; baseline -0.004 -9"><span class='ocrx_word' id='word_1_622' title='bbox 976 1297 1297 1335; x_wconf 69' lang='lat' dir='ltr'><strong>patriasjnvestigare;</strong></span> <span class='ocrx_word' id='word_1_623' title='bbox 1321 1305 1390 1325; x_wconf 90' lang='lat' dir='ltr'><strong>cum</strong></span> <span class='ocrx_word' id='word_1_624' title='bbox 1402 1304 1491 1325; x_wconf 89' lang='lat' dir='ltr'><strong>nosse</strong></span> <span class='ocrx_word' id='word_1_625' title='bbox 1504 1303 1572 1332; x_wconf 58' lang='lat' dir='ltr'><strong>quae</strong></span> <span class='ocrx_word' id='word_1_626' title='bbox 1584 1303 1666 1324; x_wconf 86' lang='lat' dir='ltr'><strong>nunc</strong></span> <span class='ocrx_word' id='word_1_627' title='bbox 1680 1295 1722 1324; x_wconf 86' lang='lat' dir='ltr'><strong>eis</strong></span> <span class='ocrx_word' id='word_1_628' title='bbox 1736 1295 1806 1323; x_wconf 87' lang='lat' dir='ltr'><strong>civi-</strong></span> 
     </span>
    </p>
   </div>
   <div class='ocr_carea' id='block_1_89' title="bbox 978 1340 1807 1377">
    <p class='ocr_par' dir='ltr' id='par_1_89' title="bbox 978 1340 1807 1377">
     <span class='ocr_line' id='line_1_90' title="bbox 978 1340 1807 1377; baseline -0.005 -6"><span class='ocrx_word' id='word_1_629' title='bbox 978 1345 1024 1371; x_wconf 87' lang='lat' dir='ltr'><strong>tas</strong></span> <span class='ocrx_word' id='word_1_630' title='bbox 1039 1343 1085 1376; x_wconf 87' lang='lat' dir='ltr'><strong>sit,</strong></span> <span class='ocrx_word' id='word_1_631' title='bbox 1101 1342 1209 1370; x_wconf 84' lang='lat' dir='ltr'><strong>liceat?</strong></span> <span class='ocrx_word' id='word_1_632' title='bbox 1231 1342 1339 1370; x_wconf 85' lang='lat' dir='ltr'><strong>Civitas</strong></span> <span class='ocrx_word' id='word_1_633' title='bbox 1354 1341 1445 1376; x_wconf 81' lang='lat' dir='ltr'><strong>igitur</strong></span> <span class='ocrx_word' id='word_1_634' title='bbox 1459 1340 1747 1377; x_wconf 83' lang='lat' dir='ltr'><strong>martyrum,civitas</strong></span> <span class='ocrx_word' id='word_1_635' title='bbox 1762 1341 1807 1367; x_wconf 76' lang='lat' dir='ltr'><strong>est</strong></span> 
     </span>
    </p>
   </div>
   <div class='ocr_carea' id='block_1_90' title="bbox 978 1385 1807 1422">
    <p class='ocr_par' dir='ltr' id='par_1_90' title="bbox 978 1385 1807 1422">
     <span class='ocr_line' id='line_1_91' title="bbox 978 1385 1807 1422; baseline -0.006 -6"><span class='ocrx_word' id='word_1_636' title='bbox 978 1387 1075 1416; x_wconf 77' lang='lat' dir='ltr'><strong>Dei“:</strong></span> <span class='ocrx_word' id='word_1_637' title='bbox 1099 1386 1301 1422; x_wconf 53' lang='lat' dir='ltr'><strong>cujusﬁopifex</strong></span> <span class='ocrx_word' id='word_1_638' title='bbox 1314 1388 1342 1414; x_wconf 88' lang='lat' dir='ltr'><strong>et</strong></span> <span class='ocrx_word' id='word_1_639' title='bbox 1357 1385 1461 1414; x_wconf 78' lang='lat' dir='ltr'><strong>artifex</strong></span> <span class='ocrx_word' id='word_1_640' title='bbox 1476 1386 1553 1413; x_wconf 85' lang='lat' dir='ltr'><strong>Deus</strong></span> <span class='ocrx_word' id='word_1_641' title='bbox 1563 1386 1596 1419; x_wconf 80' lang='lat'><strong>&quot;,</strong></span> <span class='ocrx_word' id='word_1_642' title='bbox 1617 1392 1750 1421; x_wconf 79' lang='lat' dir='ltr'><strong>superna</strong></span> <span class='ocrx_word' id='word_1_643' title='bbox 1764 1385 1807 1412; x_wconf 82' lang='lat' dir='ltr'><strong>Je-</strong></span> 
     </span>
    </p>
   </div>
   <div class='ocr_carea' id='block_1_91' title="bbox 977 1427 1807 1465">
    <p class='ocr_par' dir='ltr' id='par_1_91' title="bbox 977 1427 1807 1465">
     <span class='ocr_line' id='line_1_92' title="bbox 977 1427 1807 1465; baseline -0.005 -5"><span class='ocrx_word' id='word_1_644' title='bbox 977 1432 1120 1464; x_wconf 83' lang='lat' dir='ltr'><strong>rusalem,</strong></span> <span class='ocrx_word' id='word_1_645' title='bbox 1147 1431 1251 1464; x_wconf 87' lang='lat' dir='ltr'><strong>libera,</strong></span> <span class='ocrx_word' id='word_1_646' title='bbox 1276 1433 1372 1459; x_wconf 82' lang='lat' dir='ltr'><strong>mater</strong></span> <span class='ocrx_word' id='word_1_647' title='bbox 1395 1430 1490 1465; x_wconf 87' lang='lat' dir='ltr'><strong>Pauli,</strong></span> <span class='ocrx_word' id='word_1_648' title='bbox 1518 1432 1545 1458; x_wconf 91' lang='lat' dir='ltr'><strong>et</strong></span> <span class='ocrx_word' id='word_1_649' title='bbox 1569 1437 1685 1461; x_wconf 83' lang='lat' dir='ltr'><strong>eorum,</strong></span> <span class='ocrx_word' id='word_1_650' title='bbox 1708 1428 1761 1464; x_wconf 91' lang='lat' dir='ltr'><strong>qui</strong></span> <span class='ocrx_word' id='word_1_651' title='bbox 1780 1427 1807 1456; x_wconf 89' lang='lat' dir='ltr'><strong>ei</strong></span> 
     </span>
    </p>
   </div>
   <div class='ocr_carea' id='block_1_92' title="bbox 979 1473 1806 1511">
    <p class='ocr_par' dir='ltr' id='par_1_92' title="bbox 979 1473 1806 1511">
     <span class='ocr_line' id='line_1_93' title="bbox 979 1473 1806 1511; baseline -0.006 -6"><span class='ocrx_word' id='word_1_652' title='bbox 979 1478 1049 1505; x_wconf 90' lang='lat' dir='ltr'><strong>sunt</strong></span> <span class='ocrx_word' id='word_1_653' title='bbox 1061 1476 1243 1504; x_wconf 87' lang='lat' dir='ltr'><strong>consimiles.</strong></span> <span class='ocrx_word' id='word_1_654' title='bbox 1262 1477 1295 1503; x_wconf 85' lang='lat' dir='ltr'><strong>Et</strong></span> <span class='ocrx_word' id='word_1_655' title='bbox 1308 1482 1377 1503; x_wconf 85' lang='lat' dir='ltr'><strong>vero</strong></span> <span class='ocrx_word' id='word_1_656' title='bbox 1390 1475 1550 1503; x_wconf 89' lang='lat' dir='ltr'><strong>hominum</strong></span> <span class='ocrx_word' id='word_1_657' title='bbox 1563 1473 1686 1511; x_wconf 87' lang='lat' dir='ltr'><strong>quidem</strong></span> <span class='ocrx_word' id='word_1_658' title='bbox 1699 1480 1806 1508; x_wconf 86' lang='lat' dir='ltr'><strong>genus,</strong></span> 
     </span>
    </p>
   </div>
   <div class='ocr_carea' id='block_1_93' title="bbox 978 1518 1804 1558">
    <p class='ocr_par' dir='ltr' id='par_1_93' title="bbox 978 1518 1804 1558">
     <span class='ocr_line' id='line_1_94' title="bbox 978 1518 1804 1558; baseline -0.006 -8"><span class='ocrx_word' id='word_1_659' title='bbox 978 1521 1061 1550; x_wconf 90' lang='lat' dir='ltr'><strong>aliud</strong></span> <span class='ocrx_word' id='word_1_660' title='bbox 1075 1521 1151 1550; x_wconf 85' lang='lat' dir='ltr'><strong>alius</strong></span> <span class='ocrx_word' id='word_1_661' title='bbox 1164 1530 1170 1549; x_wconf 87' lang='lat'>:</span> <span class='ocrx_word' id='word_1_662' title='bbox 1188 1520 1242 1548; x_wconf 91' lang='lat' dir='ltr'><strong>sed</strong></span> <span class='ocrx_word' id='word_1_663' title='bbox 1256 1527 1352 1556; x_wconf 87' lang='lat' dir='ltr'><strong>genus</strong></span> <span class='ocrx_word' id='word_1_664' title='bbox 1363 1519 1528 1556; x_wconf 88' lang='lat' dir='ltr'><strong>spirituale,</strong></span> <span class='ocrx_word' id='word_1_665' title='bbox 1544 1526 1640 1558; x_wconf 81' lang='lat' dir='ltr'><strong>unum</strong></span> <span class='ocrx_word' id='word_1_666' title='bbox 1653 1518 1804 1547; x_wconf 88' lang='lat' dir='ltr'><strong>omnium.</strong></span> 
     </span>
    </p>
   </div>
   <div class='ocr_carea' id='block_1_94' title="bbox 978 1563 1807 1601">
    <p class='ocr_par' dir='ltr' id='par_1_94' title="bbox 978 1563 1807 1601">
     <span class='ocr_line' id='line_1_95' title="bbox 978 1563 1807 1601; baseline -0.006 -6"><span class='ocrx_word' id='word_1_667' title='bbox 978 1565 1152 1595; x_wconf 89' lang='lat' dir='ltr'><strong>Communis</strong></span> <span class='ocrx_word' id='word_1_668' title='bbox 1170 1565 1249 1593; x_wconf 86' lang='lat' dir='ltr'><strong>enim</strong></span> <span class='ocrx_word' id='word_1_669' title='bbox 1265 1565 1401 1601; x_wconf 88' lang='lat' dir='ltr'><strong>ipsorum</strong></span> <span class='ocrx_word' id='word_1_670' title='bbox 1420 1566 1506 1601; x_wconf 85' lang='lat' dir='ltr'><strong>pater</strong></span> <span class='ocrx_word' id='word_1_671' title='bbox 1534 1565 1623 1598; x_wconf 88' lang='lat' dir='ltr'><strong>Deus,</strong></span> <span class='ocrx_word' id='word_1_672' title='bbox 1649 1565 1677 1591; x_wconf 88' lang='lat' dir='ltr'><strong>et</strong></span> <span class='ocrx_word' id='word_1_673' title='bbox 1700 1563 1807 1590; x_wconf 85' lang='lat' dir='ltr'><strong>fratres</strong></span> 
     </span>
    </p>
   </div>
   <div class='ocr_carea' id='block_1_95' title="bbox 977 1607 1807 1645">
    <p class='ocr_par' dir='ltr' id='par_1_95' title="bbox 977 1607 1807 1645">
     <span class='ocr_line' id='line_1_96' title="bbox 977 1607 1807 1645; baseline -0.006 -6"><span class='ocrx_word' id='word_1_674' title='bbox 977 1619 1094 1644; x_wconf 85' lang='lat' dir='ltr'><strong>omnes,</strong></span> <span class='ocrx_word' id='word_1_675' title='bbox 1111 1618 1173 1639; x_wconf 89' lang='lat' dir='ltr'><strong>non</strong></span> <span class='ocrx_word' id='word_1_676' title='bbox 1186 1610 1225 1638; x_wconf 86' lang='lat' dir='ltr'><strong>ab</strong></span> <span class='ocrx_word' id='word_1_677' title='bbox 1238 1617 1299 1638; x_wconf 88' lang='lat' dir='ltr'><strong>uno</strong></span> <span class='ocrx_word' id='word_1_678' title='bbox 1311 1612 1339 1638; x_wconf 89' lang='lat' dir='ltr'><strong>et</strong></span> <span class='ocrx_word' id='word_1_679' title='bbox 1351 1609 1392 1637; x_wconf 86' lang='lat' dir='ltr'><strong>ab</strong></span> <span class='ocrx_word' id='word_1_680' title='bbox 1406 1617 1468 1637; x_wconf 85' lang='lat' dir='ltr'><strong>una.</strong></span> <span class='ocrx_word' id='word_1_681' title='bbox 1481 1608 1581 1645; x_wconf 77' lang='lat' dir='ltr'><strong>geniti,</strong></span> <span class='ocrx_word' id='word_1_682' title='bbox 1594 1608 1647 1636; x_wconf 88' lang='lat' dir='ltr'><strong>sed</strong></span> <span class='ocrx_word' id='word_1_683' title='bbox 1663 1615 1699 1636; x_wconf 81' lang='lat' dir='ltr'><strong>ex</strong></span> <span class='ocrx_word' id='word_1_684' title='bbox 1716 1607 1807 1644; x_wconf 83' lang='lat' dir='ltr'><strong>Spiri-</strong></span> 
     </span>
    </p>
   </div>
   <div class='ocr_carea' id='block_1_96' title="bbox 977 1652 1807 1691">
    <p class='ocr_par' dir='ltr' id='par_1_96' title="bbox 977 1652 1807 1691">
     <span class='ocr_line' id='line_1_97' title="bbox 977 1652 1807 1691; baseline -0.006 -7"><span class='ocrx_word' id='word_1_685' title='bbox 977 1657 1024 1684; x_wconf 87' lang='lat' dir='ltr'><strong>tus</strong></span> <span class='ocrx_word' id='word_1_686' title='bbox 1039 1655 1203 1691; x_wconf 86' lang='lat' dir='ltr'><strong>adoptione</strong></span> <span class='ocrx_word' id='word_1_687' title='bbox 1217 1654 1248 1682; x_wconf 90' lang='lat' dir='ltr'><strong>in</strong></span> <span class='ocrx_word' id='word_1_688' title='bbox 1263 1654 1458 1682; x_wconf 83' lang='lat' dir='ltr'><strong>concordiam</strong></span> <span class='ocrx_word' id='word_1_689' title='bbox 1474 1653 1551 1681; x_wconf 86' lang='lat' dir='ltr'><strong>inter</strong></span> <span class='ocrx_word' id='word_1_690' title='bbox 1566 1661 1598 1680; x_wconf 89' lang='lat' dir='ltr'><strong>se</strong></span> <span class='ocrx_word' id='word_1_691' title='bbox 1612 1660 1666 1689; x_wconf 88' lang='lat' dir='ltr'><strong>per</strong></span> <span class='ocrx_word' id='word_1_692' title='bbox 1680 1652 1807 1680; x_wconf 87' lang='lat' dir='ltr'><strong>charita-</strong></span> 
     </span>
    </p>
   </div>
   <div class='ocr_carea' id='block_1_97' title="bbox 976 1699 1807 1734">
    <p class='ocr_par' dir='ltr' id='par_1_97' title="bbox 976 1699 1807 1734">
     <span class='ocr_line' id='line_1_98' title="bbox 976 1699 1807 1734; baseline -0.006 -5"><span class='ocrx_word' id='word_1_693' title='bbox 976 1703 1035 1729; x_wconf 88' lang='lat' dir='ltr'><strong>tem</strong></span> <span class='ocrx_word' id='word_1_694' title='bbox 1052 1700 1272 1728; x_wconf 87' lang='lat' dir='ltr'><strong>convenientes.</strong></span> <span class='ocrx_word' id='word_1_695' title='bbox 1289 1699 1402 1727; x_wconf 83' lang='lat' dir='ltr'><strong>Chorus</strong></span> <span class='ocrx_word' id='word_1_696' title='bbox 1419 1700 1553 1734; x_wconf 87' lang='lat' dir='ltr'><strong>paratus,</strong></span> <span class='ocrx_word' id='word_1_697' title='bbox 1570 1705 1683 1733; x_wconf 87' lang='lat' dir='ltr'><strong>magna</strong></span> <span class='ocrx_word' id='word_1_698' title='bbox 1702 1704 1807 1725; x_wconf 84' lang='lat' dir='ltr'><strong>acces-</strong></span> 
     </span>
    </p>
   </div>
   <div class='ocr_carea' id='block_1_98' title="bbox 978 1742 1806 1780">
    <p class='ocr_par' dir='ltr' id='par_1_98' title="bbox 978 1742 1806 1780">
     <span class='ocr_line' id='line_1_99' title="bbox 978 1742 1806 1780; baseline -0.005 -7"><span class='ocrx_word' id='word_1_699' title='bbox 978 1746 1023 1773; x_wconf 86' lang='lat' dir='ltr'><strong>sio</strong></span> <span class='ocrx_word' id='word_1_700' title='bbox 1037 1753 1153 1777; x_wconf 78' lang='lat' dir='ltr'><strong>eorum,</strong></span> <span class='ocrx_word' id='word_1_701' title='bbox 1168 1744 1219 1780; x_wconf 88' lang='lat' dir='ltr'><strong>qui</strong></span> <span class='ocrx_word' id='word_1_702' title='bbox 1236 1752 1253 1771; x_wconf 88' lang='lat' dir='ltr'><strong>a</strong></span> <span class='ocrx_word' id='word_1_703' title='bbox 1268 1743 1378 1771; x_wconf 74' lang='lat' dir='ltr'><strong>seaculo</strong></span> <span class='ocrx_word' id='word_1_704' title='bbox 1395 1744 1488 1771; x_wconf 89' lang='lat' dir='ltr'><strong>Deum</strong></span> <span class='ocrx_word' id='word_1_705' title='bbox 1497 1742 1806 1778; x_wconf 76' lang='lat' dir='ltr'><strong>gloriaatﬂciunt,non</strong></span> 
     </span>
    </p>
   </div>
   <div class='ocr_carea' id='block_1_99' title="bbox 977 1785 1806 1824">
    <p class='ocr_par' dir='ltr' id='par_1_99' title="bbox 977 1785 1806 1824">
     <span class='ocr_line' id='line_1_100' title="bbox 977 1785 1806 1824; baseline -0.005 -7"><span class='ocrx_word' id='word_1_706' title='bbox 977 1789 1128 1824; x_wconf 85' lang='lat' dir='ltr'><strong>sigillatim</strong></span> <span class='ocrx_word' id='word_1_707' title='bbox 1138 1788 1320 1824; x_wconf 82' lang='lat' dir='ltr'><strong>congregati,</strong></span> <span class='ocrx_word' id='word_1_708' title='bbox 1333 1787 1388 1815; x_wconf 88' lang='lat' dir='ltr'><strong>sed</strong></span> <span class='ocrx_word' id='word_1_709' title='bbox 1399 1788 1562 1816; x_wconf 83' lang='lat' dir='ltr'><strong>acervatim</strong></span> <span class='ocrx_word' id='word_1_710' title='bbox 1576 1786 1719 1815; x_wconf 89' lang='lat' dir='ltr'><strong>translati.</strong></span> <span class='ocrx_word' id='word_1_711' title='bbox 1735 1785 1806 1819; x_wconf 83' lang='lat' dir='ltr'><strong>Quis</strong></span> 
     </span>
    </p>
   </div>
   <div class='ocr_carea' id='block_1_100' title="bbox 977 1830 1805 1867">
    <p class='ocr_par' dir='ltr' id='par_1_100' title="bbox 977 1830 1805 1867">
     <span class='ocr_line' id='line_1_101' title="bbox 977 1830 1805 1867; baseline -0.006 -5"><span class='ocrx_word' id='word_1_712' title='bbox 977 1842 1048 1862; x_wconf 87' lang='lat' dir='ltr'><strong>vero</strong></span> <span class='ocrx_word' id='word_1_713' title='bbox 1065 1832 1270 1862; x_wconf 84' lang='lat' dir='ltr'><strong>translationis</strong></span> <span class='ocrx_word' id='word_1_714' title='bbox 1286 1832 1417 1861; x_wconf 76' lang='lat' dir='ltr'><strong>modus?</strong></span> <span class='ocrx_word' id='word_1_715' title='bbox 1431 1832 1465 1859; x_wconf 84' lang='lat' dir='ltr'><strong>Hi</strong></span> <span class='ocrx_word' id='word_1_716' title='bbox 1478 1830 1686 1867; x_wconf 87' lang='lat' dir='ltr'><strong>magnitudine</strong></span> <span class='ocrx_word' id='word_1_717' title='bbox 1699 1837 1805 1866; x_wconf 89' lang='lat' dir='ltr'><strong>corpo-</strong></span> 
     </span>
    </p>
   </div>
   <div class='ocr_carea' id='block_1_101' title="bbox 977 1876 1806 1914">
    <p class='ocr_par' dir='ltr' id='par_1_101' title="bbox 977 1876 1806 1914">
     <span class='ocr_line' id='line_1_102' title="bbox 977 1876 1806 1914; baseline -0.006 -7"><span class='ocrx_word' id='word_1_718' title='bbox 977 1879 1027 1914; x_wconf 87' lang='lat' dir='ltr'><strong>ris,</strong></span> <span class='ocrx_word' id='word_1_719' title='bbox 1042 1882 1071 1907; x_wconf 88' lang='lat' dir='ltr'><strong>et</strong></span> <span class='ocrx_word' id='word_1_720' title='bbox 1086 1879 1181 1907; x_wconf 63' lang='lat' dir='ltr'><strong>astatis</strong></span> <span class='ocrx_word' id='word_1_721' title='bbox 1192 1879 1294 1912; x_wconf 85' lang='lat' dir='ltr'><strong>vigore</strong></span> <span class='ocrx_word' id='word_1_722' title='bbox 1311 1885 1345 1905; x_wconf 88' lang='lat' dir='ltr'><strong>ao</strong></span> <span class='ocrx_word' id='word_1_723' title='bbox 1356 1877 1464 1905; x_wconf 88' lang='lat' dir='ltr'><strong>robore</strong></span> <span class='ocrx_word' id='word_1_724' title='bbox 1480 1876 1621 1905; x_wconf 82' lang='lat' dir='ltr'><strong>omnibus</strong></span> <span class='ocrx_word' id='word_1_725' title='bbox 1633 1876 1696 1904; x_wconf 85' lang='lat' dir='ltr'><strong>suis</strong></span> <span class='ocrx_word' id='word_1_726' title='bbox 1705 1882 1806 1911; x_wconf 71' lang='lat' dir='ltr'><strong>inqua-</strong></span> 
     </span>
    </p>
   </div>
   <div class='ocr_carea' id='block_1_102' title="bbox 976 1920 1804 1960">
    <p class='ocr_par' dir='ltr' id='par_1_102' title="bbox 976 1920 1804 1960">
     <span class='ocr_line' id='line_1_103' title="bbox 976 1920 1804 1960; baseline -0.006 -8"><span class='ocrx_word' id='word_1_727' title='bbox 976 1924 1056 1952; x_wconf 92' lang='lat' dir='ltr'><strong>libus</strong></span> <span class='ocrx_word' id='word_1_728' title='bbox 1068 1922 1289 1960; x_wconf 48' lang='lat' dir='ltr'><strong>praestantesdn</strong></span> <span class='ocrx_word' id='word_1_729' title='bbox 1298 1922 1441 1951; x_wconf 89' lang='lat' dir='ltr'><strong>militares</strong></span> <span class='ocrx_word' id='word_1_730' title='bbox 1455 1921 1609 1956; x_wconf 86' lang='lat' dir='ltr'><strong>catalogos</strong></span> <span class='ocrx_word' id='word_1_731' title='bbox 1623 1920 1708 1948; x_wconf 84' lang='lat' dir='ltr'><strong>relati</strong></span> <span class='ocrx_word' id='word_1_732' title='bbox 1720 1921 1804 1954; x_wconf 85' lang='lat' dir='ltr'><strong>sunt;</strong></span> 
     </span>
    </p>
   </div>
   <div class='ocr_carea' id='block_1_103' title="bbox 977 1965 1804 2005">
    <p class='ocr_par' dir='ltr' id='par_1_103' title="bbox 977 1965 1804 2005">
     <span class='ocr_line' id='line_1_104' title="bbox 977 1965 1804 2005; baseline -0.006 -8"><span class='ocrx_word' id='word_1_733' title='bbox 977 1971 1067 2005; x_wconf 89' lang='lat' dir='ltr'><strong>atque</strong></span> <span class='ocrx_word' id='word_1_734' title='bbox 1080 1968 1119 1997; x_wconf 88' lang='lat' dir='ltr'><strong>ob</strong></span> <span class='ocrx_word' id='word_1_735' title='bbox 1135 1967 1349 2004; x_wconf 83' lang='lat' dir='ltr'><strong>experientiam</strong></span> <span class='ocrx_word' id='word_1_736' title='bbox 1359 1966 1510 2001; x_wconf 84' lang='lat' dir='ltr'><strong>bellicam,</strong></span> <span class='ocrx_word' id='word_1_737' title='bbox 1521 1965 1675 2002; x_wconf 87' lang='lat' dir='ltr'><strong>animique</strong></span> <span class='ocrx_word' id='word_1_738' title='bbox 1689 1965 1804 1993; x_wconf 77' lang='lat' dir='ltr'><strong>fortitu-</strong></span> 
     </span>
    </p>
   </div>
   <div class='ocr_carea' id='block_1_104' title="bbox 977 2009 1806 2049">
    <p class='ocr_par' dir='ltr' id='par_1_104' title="bbox 977 2009 1806 2049">
     <span class='ocr_line' id='line_1_105' title="bbox 977 2009 1806 2049; baseline -0.005 -8"><span class='ocrx_word' id='word_1_739' title='bbox 977 2013 1090 2046; x_wconf 88' lang='lat' dir='ltr'><strong>dinem,</strong></span> <span class='ocrx_word' id='word_1_740' title='bbox 1099 2014 1163 2048; x_wconf 89' lang='lat' dir='ltr'><strong>jam</strong></span> <span class='ocrx_word' id='word_1_741' title='bbox 1178 2013 1293 2049; x_wconf 70' lang='lat' dir='ltr'><strong>primos</strong></span> <span class='ocrx_word' id='word_1_742' title='bbox 1307 2012 1438 2040; x_wconf 87' lang='lat' dir='ltr'><strong>honores</strong></span> <span class='ocrx_word' id='word_1_743' title='bbox 1453 2011 1536 2047; x_wconf 88' lang='lat' dir='ltr'><strong>apud</strong></span> <span class='ocrx_word' id='word_1_744' title='bbox 1546 2011 1742 2047; x_wconf 82' lang='lat' dir='ltr'><strong>imperatores</strong></span> <span class='ocrx_word' id='word_1_745' title='bbox 1753 2009 1806 2037; x_wconf 90' lang='lat' dir='ltr'><strong>ob-</strong></span> 
     </span>
    </p>
   </div>
   <div class='ocr_carea' id='block_1_105' title="bbox 976 2053 1805 2094">
    <p class='ocr_par' dir='ltr' id='par_1_105' title="bbox 976 2053 1805 2094">
     <span class='ocr_line' id='line_1_106' title="bbox 976 2053 1805 2094; baseline -0.005 -8"><span class='ocrx_word' id='word_1_746' title='bbox 976 2058 1121 2092; x_wconf 87' lang='lat' dir='ltr'><strong>tinebant,</strong></span> <span class='ocrx_word' id='word_1_747' title='bbox 1129 2057 1211 2094; x_wconf 90' lang='lat' dir='ltr'><strong>quod</strong></span> <span class='ocrx_word' id='word_1_748' title='bbox 1222 2057 1261 2085; x_wconf 93' lang='lat' dir='ltr'><strong>ob</strong></span> <span class='ocrx_word' id='word_1_749' title='bbox 1270 2056 1407 2085; x_wconf 86' lang='lat' dir='ltr'><strong>virtutem</strong></span> <span class='ocrx_word' id='word_1_750' title='bbox 1421 2055 1606 2084; x_wconf 75' lang='lat' dir='ltr'><strong>Celeberrimi</strong></span> <span class='ocrx_word' id='word_1_751' title='bbox 1616 2057 1716 2083; x_wconf 88' lang='lat' dir='ltr'><strong>essent</strong></span> <span class='ocrx_word' id='word_1_752' title='bbox 1723 2053 1805 2091; x_wconf 86' lang='lat' dir='ltr'><strong>apud</strong></span> 
     </span>
    </p>
   </div>
   <div class='ocr_carea' id='block_1_106' title="bbox 976 2110 1095 2132">
    <p class='ocr_par' dir='ltr' id='par_1_106' title="bbox 976 2110 1095 2132">
     <span class='ocr_line' id='line_1_107' title="bbox 976 2110 1095 2132; baseline 0 0"><span class='ocrx_word' id='word_1_753' title='bbox 976 2110 1095 2132; x_wconf 88' lang='lat' dir='ltr'><strong>omnes.</strong></span> 
     </span>
    </p>
   </div>
   <div class='ocr_carea' id='block_1_107' title="bbox 1012 2142 1804 2183">
    <p class='ocr_par' dir='ltr' id='par_1_107' title="bbox 1012 2142 1804 2183">
     <span class='ocr_line' id='line_1_108' title="bbox 1012 2142 1804 2183; baseline -0.008 -7"><span class='ocrx_word' id='word_1_754' title='bbox 1012 2149 1038 2176; x_wconf 90' lang='lat'><strong>3.</strong></span> <span class='ocrx_word' id='word_1_755' title='bbox 1055 2149 1217 2183; x_wconf 87' lang='lat' dir='ltr'><strong>Postquam</strong></span> <span class='ocrx_word' id='word_1_756' title='bbox 1228 2148 1328 2174; x_wconf 85' lang='lat' dir='ltr'><strong>autem</strong></span> <span class='ocrx_word' id='word_1_757' title='bbox 1340 2145 1565 2182; x_wconf 81' lang='lat' dir='ltr'><strong>promulgatum</strong></span> <span class='ocrx_word' id='word_1_758' title='bbox 1578 2146 1621 2173; x_wconf 87' lang='lat' dir='ltr'><strong>est</strong></span> <span class='ocrx_word' id='word_1_759' title='bbox 1635 2144 1762 2180; x_wconf 85' lang='lat' dir='ltr'><strong>impium</strong></span> <span class='ocrx_word' id='word_1_760' title='bbox 1772 2142 1804 2171; x_wconf 93' lang='lat' dir='ltr'><strong>il-</strong></span> 
     </span>
    </p>
   </div>
   <div class='ocr_carea' id='block_1_108' title="bbox 975 2189 1805 2228">
    <p class='ocr_par' dir='ltr' id='par_1_108' title="bbox 975 2189 1805 2228">
     <span class='ocr_line' id='line_1_109' title="bbox 975 2189 1805 2228; baseline -0.005 -7"><span class='ocrx_word' id='word_1_761' title='bbox 975 2192 1029 2221; x_wconf 90' lang='lat' dir='ltr'><strong>lud</strong></span> <span class='ocrx_word' id='word_1_762' title='bbox 1044 2192 1266 2228; x_wconf 85' lang='lat' dir='ltr'><strong>scelestumque</strong></span> <span class='ocrx_word' id='word_1_763' title='bbox 1275 2191 1418 2226; x_wconf 86' lang='lat' dir='ltr'><strong>edictum,</strong></span> <span class='ocrx_word' id='word_1_764' title='bbox 1434 2192 1467 2218; x_wconf 89' lang='lat' dir='ltr'><strong>ut</strong></span> <span class='ocrx_word' id='word_1_765' title='bbox 1478 2198 1516 2219; x_wconf 90' lang='lat' dir='ltr'><strong>ne</strong></span> <span class='ocrx_word' id='word_1_766' title='bbox 1530 2190 1597 2226; x_wconf 87' lang='lat' dir='ltr'><strong>quis</strong></span> <span class='ocrx_word' id='word_1_767' title='bbox 1612 2189 1805 2218; x_wconf 85' lang='lat' dir='ltr'><strong>conﬁteretur</strong></span> 
     </span>
    </p>
   </div>
   <div class='ocr_carea' id='block_1_109' title="bbox 977 2331 1805 2374">
    <p class='ocr_par' dir='ltr' id='par_1_109' title="bbox 977 2331 1805 2374">
     <span class='ocr_line' id='line_1_110' title="bbox 977 2331 1805 2374; baseline -0.007 -11"><span class='ocrx_word' id='word_1_768' title='bbox 977 2343 1045 2374; x_wconf 83' lang='lat' dir='ltr'><strong>mus</strong></span> <span class='ocrx_word' id='word_1_769' title='bbox 1072 2334 1214 2374; x_wconf 81' lang='lat' dir='ltr'><strong>idemque</strong></span> <span class='ocrx_word' id='word_1_770' title='bbox 1241 2333 1470 2374; x_wconf 64' lang='lat' dir='ltr'><strong>antiquissimus</strong></span> <span class='ocrx_word' id='word_1_771' title='bbox 1495 2333 1566 2374; x_wconf 85' lang='grc' dir='ltr'>παρὰ</span> <span class='ocrx_word' id='word_1_772' title='bbox 1587 2331 1736 2374; x_wconf 55' lang='grc' dir='ltr'>βασιλέων,</span> <span class='ocrx_word' id='word_1_773' title='bbox 1756 2332 1805 2374; x_wconf 39' lang='grc' dir='ltr'><strong>.ᾳῇ</strong></span> 
     </span>
    </p>
   </div>
   <div class='ocr_carea' id='block_1_110' title="bbox 974 2366 1805 2405">
    <p class='ocr_par' dir='ltr' id='par_1_110' title="bbox 974 2366 1805 2405">
     <span class='ocr_line' id='line_1_111' title="bbox 974 2366 1805 2405; baseline -0.005 -6"><span class='ocrx_word' id='word_1_774' title='bbox 974 2366 1218 2405; x_wconf 72' lang='grc' dir='ltr'>ῡηρεναίονισαε.</span> <span class='ocrx_word' id='word_1_775' title='bbox 1244 2366 1324 2405; x_wconf 51' lang='lat' dir='ltr'><strong>Reg:</strong></span> <span class='ocrx_word' id='word_1_776' title='bbox 1347 2368 1499 2397; x_wconf 90' lang='lat' dir='ltr'><strong>secundus</strong></span> <span class='ocrx_word' id='word_1_777' title='bbox 1528 2366 1554 2395; x_wconf 72' lang='grc' dir='ltr'><strong>ἐκ</strong></span> <span class='ocrx_word' id='word_1_778' title='bbox 1582 2366 1722 2404; x_wconf 76' lang='grc' dir='ltr'>βασιλέων.</span> <span class='ocrx_word' id='word_1_779' title='bbox 1748 2366 1805 2405; x_wconf 82' lang='lat' dir='ltr'><strong>Alii</strong></span> 
     </span>
    </p>
   </div>
   <div class='ocr_carea' id='block_1_111' title="bbox 973 2403 1804 2468">
    <p class='ocr_par' dir='ltr' id='par_1_111' title="bbox 973 2403 1804 2468">
     <span class='ocr_line' id='line_1_112' title="bbox 973 2403 1804 2468; baseline -0.004 -34"><span class='ocrx_word' id='word_1_780' title='bbox 973 2403 1109 2443; x_wconf 87' lang='lat' dir='ltr'><strong>quinque</strong></span> <span class='ocrx_word' id='word_1_781' title='bbox 1123 2415 1196 2434; x_wconf 87' lang='lat' dir='ltr'><strong>mss.</strong></span> <span class='ocrx_word' id='word_1_782' title='bbox 1218 2406 1245 2432; x_wconf 76' lang='grc' dir='ltr'>ἐκ</span> <span class='ocrx_word' id='word_1_783' title='bbox 1258 2403 1403 2468; x_wconf 56' lang='grc' dir='ltr'>ιρᾶσιλόως,</span> <span class='ocrx_word' id='word_1_784' title='bbox 1429 2405 1467 2433; x_wconf 90' lang='lat' dir='ltr'><strong>ab</strong></span> <span class='ocrx_word' id='word_1_785' title='bbox 1487 2403 1679 2439; x_wconf 76' lang='lat' dir='ltr'><strong>imperatore.</strong></span> <span class='ocrx_word' id='word_1_786' title='bbox 1707 2403 1804 2432; x_wconf 87' lang='lat' dir='ltr'><strong>Lectio</strong></span> 
     </span>
     <span class='ocr_line' id='line_1_113' title="bbox 973 2439 1804 2468; baseline -0.002 0"><span class='ocrx_word' id='word_1_787' title='bbox 973 2442 1121 2468; x_wconf 83' lang='lat' dir='ltr'><strong>nosterior</strong></span> <span class='ocrx_word' id='word_1_788' title='bbox 1138 2441 1239 2468; x_wconf 86' lang='lat' dir='ltr'><strong>multis</strong></span> <span class='ocrx_word' id='word_1_789' title='bbox 1270 2443 1387 2468; x_wconf 88' lang='lat' dir='ltr'><strong>ortasse</strong></span> <span class='ocrx_word' id='word_1_790' title='bbox 1411 2440 1509 2468; x_wconf 70' lang='lat' dir='ltr'><strong>matris</strong></span> <span class='ocrx_word' id='word_1_791' title='bbox 1528 2439 1715 2468; x_wconf 78' lang='lat' dir='ltr'><strong>probabitur.</strong></span> <span class='ocrx_word' id='word_1_792' title='bbox 1742 2446 1804 2467; x_wconf 90' lang='lat' dir='ltr'><strong>non</strong></span> 
     </span>
    </p>
   </div>
   <div class='ocr_carea' id='block_1_112' title="bbox 973 2439 1804 2478">
    <p class='ocr_par' dir='ltr' id='par_1_112' title="bbox 973 2439 1804 2478">
     <span class='ocr_line' id='line_1_114' title="bbox 973 2439 1804 2478; baseline -0.005 -8"><span class='ocrx_word' id='word_1_793' title='bbox 973 2439 1121 2478; x_wconf 71' lang='lat' dir='ltr'><strong>posterior</strong></span> <span class='ocrx_word' id='word_1_794' title='bbox 1138 2441 1239 2478; x_wconf 78' lang='lat' dir='ltr'><strong>multis</strong></span> <span class='ocrx_word' id='word_1_795' title='bbox 1258 2439 1509 2478; x_wconf 30' lang='lat' dir='ltr'><strong>fortasseﬁmagis</strong></span> <span class='ocrx_word' id='word_1_796' title='bbox 1528 2439 1715 2478; x_wconf 73' lang='lat' dir='ltr'><strong>probabitur,</strong></span> <span class='ocrx_word' id='word_1_797' title='bbox 1742 2446 1804 2478; x_wconf 81' lang='lat' dir='ltr'><strong>non</strong></span> 
     </span>
    </p>
   </div>
   <div class='ocr_carea' id='block_1_113' title="bbox 974 2474 1804 2513">
    <p class='ocr_par' dir='ltr' id='par_1_113' title="bbox 974 2474 1804 2513">
     <span class='ocr_line' id='line_1_115' title="bbox 974 2474 1804 2513; baseline -0.005 -8"><span class='ocrx_word' id='word_1_798' title='bbox 974 2474 1071 2506; x_wconf 71' lang='lat' dir='ltr'><strong>solum</strong></span> <span class='ocrx_word' id='word_1_799' title='bbox 1086 2477 1169 2513; x_wconf 90' lang='lat' dir='ltr'><strong>quod</strong></span> <span class='ocrx_word' id='word_1_800' title='bbox 1189 2477 1319 2513; x_wconf 86' lang='lat' dir='ltr'><strong>plurium</strong></span> <span class='ocrx_word' id='word_1_801' title='bbox 1339 2476 1478 2513; x_wconf 82' lang='lat' dir='ltr'><strong>codicum</strong></span> <span class='ocrx_word' id='word_1_802' title='bbox 1502 2474 1675 2513; x_wconf 72' lang='lat' dir='ltr'><strong>auctoritate</strong></span> <span class='ocrx_word' id='word_1_803' title='bbox 1699 2474 1804 2513; x_wconf 74' lang='lat' dir='ltr'><strong>innixa</strong></span> 
     </span>
    </p>
   </div>
   <div class='ocr_carea' id='block_1_114' title="bbox 974 2510 1802 2549">
    <p class='ocr_par' dir='ltr' id='par_1_114' title="bbox 974 2510 1802 2549">
     <span class='ocr_line' id='line_1_116' title="bbox 974 2510 1802 2549; baseline -0.005 -9"><span class='ocrx_word' id='word_1_804' title='bbox 974 2513 1020 2546; x_wconf 86' lang='lat' dir='ltr'><strong>sit,</strong></span> <span class='ocrx_word' id='word_1_805' title='bbox 1043 2510 1104 2540; x_wconf 59' lang='lat' dir='ltr'><strong>sed&#39;</strong></span> <span class='ocrx_word' id='word_1_806' title='bbox 1119 2510 1339 2549; x_wconf 17' lang='lat' dir='ltr'><strong>quodrpcrmse</strong></span> <span class='ocrx_word' id='word_1_807' title='bbox 1363 2511 1461 2539; x_wconf 87' lang='lat' dir='ltr'><strong>verior</strong></span> <span class='ocrx_word' id='word_1_808' title='bbox 1484 2519 1548 2538; x_wconf 88' lang='lat' dir='ltr'><strong>esse</strong></span> <span class='ocrx_word' id='word_1_809' title='bbox 1565 2510 1710 2549; x_wconf 57' lang='lat' dir='ltr'><strong>videatur.</strong></span> <span class='ocrx_word' id='word_1_810' title='bbox 1728 2511 1802 2549; x_wconf 65' lang='lat' dir='ltr'><strong>tium</strong></span> 
     </span>
    </p>
   </div>
   <div class='ocr_carea' id='block_1_115' title="bbox 973 2545 1800 2585">
    <p class='ocr_par' dir='ltr' id='par_1_115' title="bbox 973 2545 1800 2585">
     <span class='ocr_line' id='line_1_117' title="bbox 973 2545 1800 2585; baseline -0.006 -8"><span class='ocrx_word' id='word_1_811' title='bbox 973 2549 1053 2577; x_wconf 87' lang='lat' dir='ltr'><strong>enim</strong></span> <span class='ocrx_word' id='word_1_812' title='bbox 1070 2545 1270 2585; x_wconf 67' lang='lat' dir='ltr'><strong>quadraginta</strong></span> <span class='ocrx_word' id='word_1_813' title='bbox 1286 2547 1327 2576; x_wconf 90' lang='lat' dir='ltr'><strong>illi</strong></span> <span class='ocrx_word' id='word_1_814' title='bbox 1343 2550 1491 2585; x_wconf 77' lang='lat' dir='ltr'><strong>martyres</strong></span> <span class='ocrx_word' id='word_1_815' title='bbox 1507 2548 1626 2585; x_wconf 70' lang='lat' dir='ltr'><strong>starent</strong></span> <span class='ocrx_word' id='word_1_816' title='bbox 1643 2554 1660 2585; x_wconf 90' lang='lat' dir='ltr'><strong>_a</strong></span> <span class='ocrx_word' id='word_1_817' title='bbox 1680 2545 1800 2585; x_wconf 78' lang='lat' dir='ltr'><strong>Licinio,</strong></span> 
     </span>
    </p>
   </div>
   <div class='ocr_carea' id='block_1_116' title="bbox 973 2581 1803 2617">
    <p class='ocr_par' dir='ltr' id='par_1_116' title="bbox 973 2581 1803 2617">
     <span class='ocr_line' id='line_1_118' title="bbox 973 2581 1803 2617; baseline -0.005 -5"><span class='ocrx_word' id='word_1_818' title='bbox 973 2581 1201 2612; x_wconf 69' lang='lat' dir='ltr'><strong>conveniendus</strong></span> <span class='ocrx_word' id='word_1_819' title='bbox 1215 2583 1330 2611; x_wconf 87' lang='lat' dir='ltr'><strong>videtur</strong></span> <span class='ocrx_word' id='word_1_820' title='bbox 1345 2581 1453 2615; x_wconf 78' lang='lat' dir='ltr'><strong>dicere,</strong></span> <span class='ocrx_word' id='word_1_821' title='bbox 1479 2590 1530 2610; x_wconf 89' lang='lat' dir='ltr'><strong>eos</strong></span> <span class='ocrx_word' id='word_1_822' title='bbox 1545 2581 1628 2617; x_wconf 87' lang='lat' dir='ltr'><strong>apud</strong></span> <span class='ocrx_word' id='word_1_823' title='bbox 1643 2582 1803 2617; x_wconf 84' lang='lat' dir='ltr'><strong>imperato-</strong></span> 
     </span>
    </p>
   </div>
   <div class='ocr_carea' id='block_1_117' title="bbox 971 2617 1802 2654">
    <p class='ocr_par' dir='ltr' id='par_1_117' title="bbox 971 2617 1802 2654">
     <span class='ocr_line' id='line_1_119' title="bbox 971 2617 1802 2654; baseline -0.006 -6"><span class='ocrx_word' id='word_1_824' title='bbox 971 2628 1035 2648; x_wconf 88' lang='lat' dir='ltr'><strong>rem</strong></span> <span class='ocrx_word' id='word_1_825' title='bbox 1057 2621 1087 2648; x_wconf 89' lang='lat' dir='ltr'><strong>in</strong></span> <span class='ocrx_word' id='word_1_826' title='bbox 1112 2620 1226 2647; x_wconf 83' lang='lat' dir='ltr'><strong>honoro</strong></span> <span class='ocrx_word' id='word_1_827' title='bbox 1252 2619 1352 2651; x_wconf 86' lang='lat' dir='ltr'><strong>fuisse,</strong></span> <span class='ocrx_word' id='word_1_828' title='bbox 1380 2626 1473 2654; x_wconf 88' lang='lat' dir='ltr'><strong>quam</strong></span> <span class='ocrx_word' id='word_1_829' title='bbox 1498 2617 1577 2654; x_wconf 87' lang='lat' dir='ltr'><strong>apud</strong></span> <span class='ocrx_word' id='word_1_830' title='bbox 1593 2617 1802 2653; x_wconf 83' lang='lat' dir='ltr'><strong>imperatores.</strong></span> 
     </span>
    </p>
   </div>
   <div class='ocr_carea' id='block_1_118' title="bbox 973 2653 1805 2688">
    <p class='ocr_par' dir='ltr' id='par_1_118' title="bbox 973 2653 1805 2688">
     <span class='ocr_line' id='line_1_120' title="bbox 973 2653 1805 2688; baseline -0.006 -4"><span class='ocrx_word' id='word_1_831' title='bbox 973 2656 1122 2688; x_wconf 86' lang='lat' dir='ltr'><strong>Quoniam</strong></span> <span class='ocrx_word' id='word_1_832' title='bbox 1138 2658 1239 2684; x_wconf 87' lang='lat' dir='ltr'><strong>tamen</strong></span> <span class='ocrx_word' id='word_1_833' title='bbox 1253 2663 1314 2683; x_wconf 90' lang='lat' dir='ltr'><strong>non</strong></span> <span class='ocrx_word' id='word_1_834' title='bbox 1329 2653 1399 2683; x_wconf 84' lang='lat' dir='ltr'><strong>raro</strong></span> <span class='ocrx_word' id='word_1_835' title='bbox 1426 2653 1582 2687; x_wconf 85' lang='lat' dir='ltr'><strong>contingit,</strong></span> <span class='ocrx_word' id='word_1_836' title='bbox 1608 2656 1640 2680; x_wconf 91' lang='lat' dir='ltr'><strong>ut</strong></span> <span class='ocrx_word' id='word_1_837' title='bbox 1668 2656 1805 2680; x_wconf 86' lang='lat' dir='ltr'><strong>oratores</strong></span> 
     </span>
    </p>
   </div>
   <div class='ocr_carea' id='block_1_119' title="bbox 971 2688 1804 2727">
    <p class='ocr_par' dir='ltr' id='par_1_119' title="bbox 971 2688 1804 2727">
     <span class='ocr_line' id='line_1_121' title="bbox 971 2688 1804 2727; baseline -0.006 -8"><span class='ocrx_word' id='word_1_838' title='bbox 971 2700 1025 2727; x_wconf 87' lang='lat' dir='ltr'><strong>pro</strong></span> <span class='ocrx_word' id='word_1_839' title='bbox 1040 2699 1167 2719; x_wconf 84' lang='lat' dir='ltr'><strong>numero</strong></span> <span class='ocrx_word' id='word_1_840' title='bbox 1179 2690 1324 2727; x_wconf 79' lang='lat' dir='ltr'><strong>singulari</strong></span> <span class='ocrx_word' id='word_1_841' title='bbox 1337 2697 1498 2727; x_wconf 77' lang='lat' dir='ltr'><strong>numerum</strong></span> <span class='ocrx_word' id='word_1_842' title='bbox 1521 2688 1722 2727; x_wconf 56' lang='lat' dir='ltr'><strong>multitudinis</strong></span> <span class='ocrx_word' id='word_1_843' title='bbox 1731 2695 1804 2727; x_wconf 35' lang='grc' dir='ltr'>»ρο-</span> 
     </span>
    </p>
   </div>
   <div class='ocr_carea' id='block_1_120' title="bbox 971 2724 1802 2764">
    <p class='ocr_par' dir='ltr' id='par_1_120' title="bbox 971 2724 1802 2764">
     <span class='ocr_line' id='line_1_122' title="bbox 971 2724 1802 2764; baseline -0.004 -9"><span class='ocrx_word' id='word_1_844' title='bbox 971 2724 1055 2758; x_wconf 81' lang='lat' dir='ltr'><strong>haut.</strong></span> <span class='ocrx_word' id='word_1_845' title='bbox 1071 2727 1150 2764; x_wconf 5' lang='lat' dir='ltr'><strong>nihil,</strong></span> <span class='ocrx_word' id='word_1_846' title='bbox 1160 2726 1341 2764; x_wconf 76' lang='lat' dir='ltr'><strong>mutandum</strong></span> <span class='ocrx_word' id='word_1_847' title='bbox 1360 2724 1575 2764; x_wconf 85' lang='lat' dir='ltr'><strong>judicavimus.</strong></span> <span class='ocrx_word' id='word_1_848' title='bbox 1600 2724 1706 2755; x_wconf 85' lang='lat' dir='ltr'><strong>Statim</strong></span> <span class='ocrx_word' id='word_1_849' title='bbox 1731 2724 1802 2758; x_wconf 78' lang='lat' dir='ltr'><strong>Reg.</strong></span> 
     </span>
    </p>
   </div>
   <div class='ocr_carea' id='block_1_121' title="bbox 972 2760 1249 2800">
    <p class='ocr_par' dir='ltr' id='par_1_121' title="bbox 972 2760 1249 2800">
     <span class='ocr_line' id='line_1_123' title="bbox 972 2760 1249 2800; baseline -0.011 -5"><span class='ocrx_word' id='word_1_850' title='bbox 972 2763 1125 2800; x_wconf 68' lang='lat' dir='ltr'><strong>secundus</strong></span> <span class='ocrx_word' id='word_1_851' title='bbox 1139 2763 1195 2791; x_wconf 76' lang='grc' dir='ltr'>ἐπεὶ</span> <span class='ocrx_word' id='word_1_852' title='bbox 1211 2760 1249 2792; x_wconf 73' lang='grc' dir='ltr'><strong>δέ.</strong></span> 
     </span>
    </p>
   </div>
  </div>
