2059 3136
281 109 334 137 523

966 107 995 135 S.
1017 107 1141 136 BASILH
1161 108 1282 138 MAGNI.

1907 114 1960 140 524

279 170 349 198 dem
364 178 485 198 sursum
497 169 674 197 emittentes.
687 169 742 198 Ubi
758 169 820 197 duo
835 171 887 197 aut
900 172 958 197 tres
974 177 1084 204 congre

1154 180 1201 206 ρης
1222 172 1284 209 ὑπὲρ
1307 176 1354 198 σοῦ
1371 171 1546 198 ὃνσωποϋντα
1560 173 1602 199 τὸν
1617 176 1712 210 Κυριον
1729 181 1736 206 ;
1754 175 1958 212 Τεσσαράκοντα

279 216 355 251 grati
366 215 474 243 suntin
486 214 607 242 nomine
620 214 747 248 Domini,
767 214 827 242 illic
843 218 888 242 est
903 214 932 241 in
944 214 1044 242 medio
1057 214 1099 250 ip-

278 260 418 288 sorum“.
431 259 483 287 Ubi
494 266 563 286 vero
574 258 778 294 quadraginta
790 258 908 291 fuerint,
921 259 989 294 quis
1000 258 1037 286 de
1050 258 1099 286 Dei

275 305 434 341 prwsentia
445 303 599 338 ambigat?
614 303 668 336 Qui
680 303 820 338 angustia
830 303 932 340 aliqua
941 303 1097 340 premitur,

274 350 313 378 ad
336 349 540 386 quadraginta
562 350 711 383 martyres
729 348 884 383 confugit;
900 349 953 384 qui
971 348 1097 382 lectetur,

272 393 396 423 recurrit
407 393 448 422 ad
462 393 587 421 eosdem
600 401 607 420 :
620 392 667 420 ille
678 392 804 429 quidem
818 395 850 420 ut
864 401 882 421 ιι
897 392 985 421 malis
995 392 1099 420 libere-

272 442 319 468 tur
335 449 342 474 ;
356 439 404 467 hic
420 447 502 472 vero,
523 441 556 466 ut
569 446 617 465 res
632 438 688 466 sibi
711 438 849 466 secundae
867 446 934 466 esse
952 440 1092 474 pergant.

271 485 322 513 Hi0
342 483 448 512 mulier
468 484 520 519 pia
538 491 593 519 pro
608 482 711 510 liberis
729 491 819 511 orans
838 483 1072 519 deprehenditur
1087 491 1095 510 :

268 529 473 566 peregrinanti
481 528 589 556 marito
600 528 740 562 reditum,
748 528 869 556 inﬁrmo
877 527 1000 556 salutem
1011 527 1094 564 petit.

268 574 431 602 Fiantcum
441 573 625 609 martyribus
638 581 741 608 preces
753 575 871 601 vestrm.
884 573 1094 600 Adolescentes

267 619 421 647 imitentur
431 617 562 654 mquales
574 625 644 645 suos
658 625 664 644 :
677 619 776 653 patres
788 617 892 645 talium
903 617 1032 645 ﬁliorum
1043 625 1094 653 pa-

268 666 326 693 tres
339 672 406 692 esse
418 665 556 699 exoptem
571 672 577 690 :
594 665 705 691 matres
725 663 829 691 matris
850 662 939 691 bona:
960 662 1094 690 ediscant

267 708 450 746 exemplum.
462 709 552 736 Mater
562 707 652 735 unius
664 707 783 736 illorum
794 707 964 742 beatorum,
975 715 1044 735 cum
1054 707 1094 735 vi-

266 754 360 782 disset
379 753 525 788 aliosiam
542 752 862 788 frigoreconsumptos,
875 760 964 780 suum
979 760 1050 780 vero
1060 752 1092 779 ti-

264 799 338 827 lium
348 799 370 834 1
378 798 434 834 56
442 797 542 825 adhuc
553 797 730 833 spirantem,
738 799 803 825 tum
811 797 851 825 ob
862 796 965 832 robur,
978 799 1040 825 tum
1052 795 1091 824 ob

264 844 401 873 animum
416 841 589 870 inferendis
599 841 688 870 malis
702 849 814 874 acrem,
827 849 956 877 cumque
972 849 1041 869 eum
1059 840 1092 869 li-
1107 848 1126 876 Β

264 886 465 923 ctores,quod
480 885 556 914 forte
571 886 732 914 consilium
743 888 859 914 mutare
875 885 1032 922 potuisset,
1048 893 1090 913 re-

262 931 517 969 linquerent,ipsa
529 930 591 958 suis
604 930 700 967 ipsius
713 930 858 959 manibus
873 930 1026 958 sublatum
1037 930 1091 958 im-

262 977 366 1014 p05uit
378 976 488 1012 currui,
505 976 537 1004 in
553 983 614 1012 quo
629 976 737 1012 reliqui
749 974 981 1011 simuljacentes
995 975 1034 1003 ad
1044 983 1090 1003 ro-

263 1031 336 1058 gum
354 1021 538 1054 ferebantur,
554 1028 623 1048 vere
640 1021 782 1056 martyris
801 1022 908 1048 mater.
930 1021 993 1048 Non
1008 1020 1090 1048 enim

261 1067 370 1102 ignave
383 1065 473 1099 ﬂevit,
481 1073 535 1093 nec
544 1065 714 1101 quidquam
722 1064 847 1098 humile,
855 1067 906 1093 aut
914 1064 964 1092 illo
973 1067 1089 1101 tempo-

261 1111 303 1140 ris
315 1110 439 1140 articulo
450 1108 609 1144 indignum
619 1109 720 1138 locuta
730 1112 783 1137 est.
799 1109 866 1142 Sed,
878 1108 1059 1146 Abi,inquit,
1071 1117 1089 1138 ο

261 1156 314 1191 ﬁli,
322 1156 401 1184 viam
412 1155 527 1183 bonam
538 1163 608 1182 cum
620 1154 799 1191 aequalibus,
811 1162 880 1182 cum
892 1155 1089 1182 contuberna-

260 1201 339 1229 libus
352 1209 359 1234 ;
372 1209 410 1229 ne
425 1199 611 1235 disjungaris
627 1208 645 1227 a
659 1199 770 1227 chorea
786 1208 793 1234 ;
809 1207 846 1227 ne
857 1198 980 1235 reliquis
991 1199 1087 1227 serius

261 1246 388 1275 Domino
401 1245 526 1274 sistaris.
544 1246 656 1273 Revera
667 1244 775 1272 radicis
788 1244 877 1272 bonas
891 1243 1006 1272 bonum
1021 1252 1087 1279 ger-

261 1299 341 1320 men.
357 1290 490 1319 Ostendit
505 1297 653 1324 generosa
665 1291 772 1324 mater,
785 1289 868 1325 quod
884 1297 954 1317 eum
970 1289 1087 1325 pietatis

261 1335 454 1371 dogmatibus
465 1335 562 1370 magis
574 1342 668 1371 quam
678 1333 754 1361 lacte
765 1334 1052 1370 enutriverit.Atque
1062 1334 1088 1361 is

261 1380 384 1417 quidem
396 1380 438 1408 sic
449 1379 607 1411 educatus,
619 1378 661 1406 sic
671 1386 689 1406 a
700 1379 750 1414 pia
760 1381 856 1406 matre
866 1378 1015 1406 deductus
1026 1380 1085 1407 est:

262 1424 400 1453 diabolus
412 1432 483 1452 vero
497 1423 611 1460 pudore
621 1423 745 1451 aﬁectus
756 1422 839 1451 abiit.
849 1424 923 1451 Nam
934 1425 1087 1452 commota

259 1470 291 1498 in
305 1470 371 1498 illos
384 1471 522 1497 creatura
534 1469 627 1503 omni,
643 1467 746 1496 omnia
762 1467 874 1496 invenit
887 1467 1032 1496 horumce
1044 1468 1086 1496 vi-

259 1522 362 1543 rorum
372 1514 480 1541 virtute
495 1514 647 1548 superata,
659 1514 778 1540 noctem
792 1514 882 1539 vento
894 1512 978 1547 gravi
993 1513 1085 1547 agita-
1100 1526 1120 1554 ο

260 1558 490 1593 tam,regionem
501 1557 652 1592 frigidam,
662 1558 871 1592 tempestatem
887 1556 968 1592 anni,
981 1565 1086 1593 corpo-

259 1611 328 1632 rum
342 1602 519 1631 nuditatem.
545 1603 566 1629 0
587 1601 698 1629 chorus
712 1604 847 1635 sanctus,
864 1609 882 1629 ο
898 1609 982 1629 sacer
997 1602 1083 1636 ordo,

259 1656 277 1676 ο
286 1646 541 1676 confertissimum
549 1645 742 1674 etinfractum
751 1653 873 1681 agmen,
880 1653 898 1674 ο
907 1654 1084 1674 communes

258 1692 376 1729 generis
385 1691 513 1720 humani
523 1691 673 1726 custodes,
685 1690 759 1719 boni
769 1699 910 1719 curarum
924 1691 1008 1726 socii,
1020 1699 1085 1728 pre-

258 1746 329 1766 cum
342 1737 484 1769 fautores,
500 1735 591 1771 legati
603 1736 818 1772 potentissimi,
832 1735 923 1764 stellae
934 1736 1016 1765 orbis
1030 1738 1084 1765 ter-

256 1790 372 1816 rarum,
383 1781 582 1810 Ecclesiarum
593 1780 681 1808 ﬂores
693 1781 698 1808 !
715 1782 780 1808 Non
793 1789 848 1808 vos
861 1783 939 1809 terra
953 1781 1082 1816 operuit,

257 1827 310 1855 sed
324 1826 433 1854 cmlum
446 1826 598 1861 suscepit:
619 1828 731 1861 apertae
753 1827 824 1853 sunt
843 1825 942 1859 vobis:
950 1825 1083 1861 paradisi

255 1873 360 1909 porta.
379 1871 506 1906 Dignum
520 1869 726 1906 spectaculum
747 1869 878 1898 exercitu
893 1870 1081 1905 angelorum,

255 1916 382 1952 dignum
397 1914 586 1951 patriarcbis,
601 1914 766 1950 prophetis,
780 1914 879 1950 justis,
898 1914 963 1946 viri,
984 1914 1035 1950 qui
1050 1914 1081 1943 in

253 1960 496 1998 ipsojuventutis
511 1960 583 1987 ﬂore
600 1962 774 1996 contempta
788 1960 860 1993 vita,
876 1967 938 1995 prae
953 1960 1082 1996 parenti-

253 2007 323 2042 bus,
337 2014 401 2042 prin
413 2005 524 2037 liberis,
540 2005 700 2032 Dominum
716 2004 895 2033 dilexerunt.
906 2006 1030 2033 Etatem
1043 2005 1080 2033 il-

252 2051 314 2080 lam
334 2050 409 2079 dum
431 2052 565 2085 agerent,
580 2049 611 2077 in
627 2058 688 2086 qua
708 2057 778 2085 spes
802 2049 923 2077 vivendi
938 2049 1078 2085 habetur,

252 2095 406 2134 aspernati
417 2097 487 2123 sunt
496 2094 711 2131 temporariam
721 2095 824 2129 vitam,
837 2097 870 2123 ut
882 2096 975 2123 Deum
987 2095 1079 2130 glori-

250 2142 376 2170 ﬁcarent
390 2140 421 2168 in
443 2139 506 2168 suis
524 2139 662 2176 ipsorum
691 2139 848 2175 membris,
869 2140 1077 2176 spectaculum

1155 216 1215 249 εἰσι,
1242 218 1377 253 σύμφωνον
1398 216 1586 252 ἀναπέμποντες
1611 220 1774 254 προσευχήν.
1801 217 1884 244 Ὀπον
1907 217 1956 244 δύο

1156 260 1170 289 ἦ
1196 264 1262 297 τρεῖς
1281 261 1332 287 εἰσι
1353 263 1510 298 συνηγμένοι
1532 261 1573 287 ἐπὶ
1589 266 1624 296 τῷ
1649 262 1755 298 ὀνόματι
1770 267 1817 288 τοῦ
1843 266 1953 300 Κυρίου,

1155 304 1206 331 ἐκεῖ
1224 305 1294 332 ἐστῖν
1319 306 1342 332 ἐν
1367 308 1439 342 μέσῳ
1463 307 1555 334 αὐτῶν.
1581 306 1664 333 Ὅπου
1691 306 1720 334 δὲ
1744 310 1952 345 τεσσαράκοντα,

1153 352 1190 380 τίς
1216 350 1368 387 ἀμφιϐάλλει
1393 354 1456 378 Θεοῦ
1480 354 1626 388 παρουσίαν
1652 360 1660 385 ;
1686 352 1716 378 Ὀ
1739 353 1885 389 antidea-io;
1910 354 1951 380 ἐπὶ

1153 396 1211 425 τοὺς
1235 397 1428 432 τεσσαράκοντα
1457 397 1621 432 καταφεύγει,
1647 397 1660 422 ὁ
1689 397 1886 434 εὐφραινόμενος
1912 397 1952 425 ἐπ’

1153 439 1246 470 αὐτοὺς
1270 439 1409 478 ἀποτρέχει
1438 441 1504 476 (ὅο)·
1526 442 1539 466 ὁ
1563 442 1619 477 μὲν,
1642 442 1683 467 ἳνα
1705 441 1782 468 λύσιν
1811 443 1871 479 εὕρῃ
1901 447 1951 469 τῶν

1153 482 1302 522 δυσχερῶν.
1324 485 1337 511 ὁ
1357 483 1395 519 δέ¹
1417 485 1458 511 ἱνα
1480 485 1602 521 φύλαχθῇ
1629 486 1697 522 αὐτῷ
1718 487 1750 512 τὰ
1771 489 1950 524 χρηστότερα.

1150 530 1275 555 Ἐνταῦθα
1301 531 1366 565 γυνὴ
1395 529 1500 560 εὐσεϐὴς
1527 531 1590 566 ὑπὲρ
1616 532 1710 557 τέκνων
1741 531 1869 568 εὐχομένη
1899 542 1950 559 κα-

1149 573 1352 610 ταλαμϐάνεται,
1376 572 1556 611 ἀποδημοῦντι
1583 573 1660 612 ἀνδρὶ
1689 577 1734 605 τὴν
1759 575 1884 603 ἐπάνοδον
1911 577 1950 604 αἰ-

1149 621 1268 655 τουμένη,
1295 619 1472 656 ἀρρωστοῦντι
1497 621 1543 649 τὴν
1572 623 1714 657 σωτηρίαν.
1750 621 1822 648 Μετά
1845 624 1949 658 μαρτύ-

1148 673 1198 701 ρων
1222 665 1335 700 γενέσθω
1358 665 1391 690 τὰ
1411 664 1544 700 αἰτήματα
1566 665 1647 701 ὑμῶν.
1677 667 1710 691 Oi
1735 668 1865 693 νεανίσκοι
1889 669 1949 698 τοὺς

1148 708 1286 739 ἡλικιώτας
1309 710 1501 745 μιμείσθωσαν·
1535 710 1559 735 οἱ
1587 712 1703 746 πατέρες,
1733 712 1854 738 τοιούτων
1883 711 1949 739 εἶναι

1147 752 1249 780 παίδων
1286 756 1392 792 πατέρες
1427 754 1607 789 εὐχέσθωσαν·
1641 755 1668 780 αἱ
1715 757 1832 792 μητέρες,
1866 757 1949 788 καλῆς

1147 799 1246 835 μητρὸς
1275 796 1397 835 διήγημα
1426 796 1640 834 διδαχθήτωσαν
1667 801 1734 835 (51).
1769 803 1860 837 Μήτηρ
1894 802 1947 833 ἐνὸς

1146 847 1196 869 τῶν
1221 845 1355 881 μακαρίων
1380 842 1489 879 ἐκείνων,
1519 844 1664 880 θεασαμένη
1693 846 1751 876 τοὸς
1777 845 1866 876 οἴλλους
1889 845 1945 876 ἤδη

1145 893 1182 924 τῷ
1205 889 1278 926 κρύει
1299 888 1483 923 τελειωθέντας,
1510 889 1554 915 τὸν
1579 887 1608 915 δὲ
1628 889 1718 920 ἑαυτῆς
1742 891 1797 917 υἱὸν
1823 892 1881 927 (52)
1907 893 1946 918 ἔτι

1146 933 1286 970 ἐμπνέοντα
1304 933 1354 959 ὑπό
1377 942 1402 959 τε
1425 933 1516 970 ῥώμης
1540 935 1584 960 καὶ
1603 938 1650 966 τῆς
1664 936 1727 972 πρὸς
1745 936 1778 962 τὰ
1795 934 1868 962 δεινὰ
1882 946 1946 974 καρ-

1144 980 1240 1015 τερίας,
1261 977 1507 1014 καταλιμπανοντων
1530 978 1607 1004 αὐτὸν
1631 983 1681 1005 τῶν
1711 978 1812 1016 δημίων
1835 981 1866 1011 ὡς
1896 979 1945 1007 δυ-

1145 1023 1250 1059 νάμινόν
1279 1031 1309 1058 γι
1336 1021 1606 1059 μεταϐουλεύσασθαι,
1650 1023 1713 1054 αὐτὴ
1743 1028 1799 1055 ταῖς
1837 1025 1945 1057 οἰκείαις

1145 1069 1240 1104 χερσὶν
1261 1066 1388 1104 ἀραμένη,
1412 1066 1519 1096 ἐπέθηκε
1540 1072 1572 1104 τῇ
1597 1067 1696 1105 ἁμάξῃ,
1719 1067 1755 1105 ἐφ’
1770 1069 1799 1100 ἧς
1819 1070 1843 1096 οὶ
1858 1070 1945 1097 λοιποὶ

1145 1114 1309 1148 συγκείμενοι
1328 1113 1390 1149 πρὸς
1413 1114 1460 1140 τὴν
1484 1113 1569 1149 πυρὰν
1593 1114 1695 1148 ἤγοντο,
1716 1114 1850 1151 μάρτυρος
1868 1115 1944 1146 ὅντως

1144 1158 1243 1194 μήτηρ.
1286 1156 1323 1182 Οὐ
1363 1157 1413 1193 γὰρ
1452 1154 1566 1194 δάκρυον
1605 1157 1701 1193 ἀφῆκεν
1739 1157 1849 1194 ἁγεννές·’
1884 1158 1943 1186 οὐδ’

1144 1200 1283 1237 ἐφθέγξατο
1305 1203 1424 1227 ταπεινόν
1443 1211 1469 1227 τι
1490 1203 1535 1227 καὶ
1555 1201 1657 1233 ἀνάξιον
1681 1206 1727 1228 τοῦ
1749 1207 1852 1240 καιροῦ·
1876 1204 1942 1237 ἀλλ’,

1143 1245 1247 1278 "Amet,
1274 1247 1362 1281 φησὶν,
1387 1247 1406 1271 ὦ
1426 1249 1483 1279 παῖ,
1500 1248 1547 1275 τὴν
1572 1245 1673 1282 ἀγαθὴν
1688 1249 1793 1284 πορείαν
1808 1249 1874 1284 μετὰ
1892 1253 1943 1275 τῶν

1143 1290 1296 1324 ἡλικιωτῶν,
1321 1291 1385 1326 μετὰ
1411 1295 1460 1316 τῶν
1486 1294 1633 1320 συσκήνων·
1654 1294 1689 1328 μὴ
1719 1291 1874 1330 ἀπολειφοῇς
1897 1298 1944 1325 τῆς

1143 1337 1258 1372 χορείας·
1275 1337 1310 1371 μὴ
1329 1332 1445 1371 δεύτερος
1460 1339 1509 1360 τῶν
1520 1335 1600 1361 ἄλλων
1617 1335 1778 1373 ἐμφανισθῇς
1792 1341 1828 1372 τῷ
1844 1341 1944 1365 Δεσπό-

1142 1389 1185 1416 τη.
1199 1379 1298 1410 ⁷Οντως
1313 1379 1412 1415 ἀγαθῆς
1426 1380 1502 1416 ῥίζης
1513 1379 1609 1416 ἀγαθὸν
1621 1380 1772 1417 βλάστημα.
1792 1380 1908 1415 Ἐδειξεν
1924 1385 1940 1413 ἡ

1142 1425 1247 1460 γενναία
1261 1426 1360 1460 μήτηρ,
1377 1426 1415 1449 ὅτι
1428 1422 1560 1460 δόγμασιν
1575 1424 1704 1456 εὐσεϐείας
1719 1425 1851 1463 ἐξέθρεψεν
1862 1427 1941 1454 αὑτὸν

1140 1468 1235 1504 μᾶλλον
1248 1469 1263 1498 ἡ
1279 1468 1399 1504 γάλακτι·
1416 1471 1466 1495 Καὶ
1481 1469 1493 1494 ὁ
1508 1470 1553 1505 μὲν
1566 1469 1633 1495 οὕτω
1645 1471 1748 1507 τραφεὶς
1760 1470 1826 1496 οὕτω
1838 1481 1941 1508 προεπ-

1140 1514 1223 1549 έμφθη
1236 1514 1308 1551 παρὰ
1317 1515 1416 1550 μητρὸς
1427 1513 1555 1545 εὐσεϐοῦς·
1570 1515 1583 1539 ὁ
1593 1512 1622 1541 δὲ
1634 1512 1755 1547 διάϐολος
1765 1514 1864 1545 ἀπῆλθε
1872 1527 1941 1544 κατ-

1140 1560 1321 1595 ῃσχυμμένος.
1345 1558 1465 1585 Ἂπασαν
1493 1560 1543 1596 γὰρ
1565 1558 1605 1585 ἐπ’
1634 1559 1727 1591 αὐτούς
1753 1563 1863 1592 κινήσας
1890 1564 1940 1592 τὴν

1139 1605 1234 1637 κτίσιν,
1260 1604 1342 1629 πάντα
1365 1602 1435 1640 εὗρεν
1459 1604 1592 1640 ἡττώμενοι
1610 1608 1658 1635 τῆς
1680 1609 1730 1631 τῶν
1750 1603 1851 1643 ἀνδρῶν
1881 1605 1941 1644 ἀρι-

1138 1651 1194 1681 τῆς,
1219 1649 1298 1675 νύκτα
1322 1647 1480 1685 δυσήνεμον,
1502 1647 1621 1686 πατρίδα
1642 1651 1787 1688 χειμέριον,
1803 1653 1848 1680 τὴν
1869 1652 1939 1689 ὥραν

1137 1696 1183 1719 τοῦ
1207 1694 1289 1725 ἔτους,
1316 1698 1365 1719 τῶν
1393 1694 1517 1730 σωμάτων
1548 1696 1595 1723 τὴν
1624 1696 1769 1731 γύμνωσιν.
1800 1694 1833 1721 Ὦ.
1856 1697 1940 1734 χορὸς

1138 1737 1236 1773 ἀγιοςῐ
1258 1737 1278 1764 ὡ
1299 1739 1435 1774 σύνταγμα
1453 1739 1510 1774 (53)
1535 1739 1599 1776 ἱερόν
1615 1738 1622 1766 ι
1638 1739 1658 1764 ὦ
1681 1741 1863 1776 συνασπισμὸς
1888 1740 1940 1778 ἁρ-

1137 1782 1243 1819 ῥαγηςι
1272 1783 1292 1808 ὢ
1317 1785 1399 1810 κοινοὶ
1433 1783 1539 1819 φύλακες
1565 1787 1609 1810 τοῦ
1638 1785 1726 1819 γένους
1757 1789 1806 1811 τῶν
1836 1783 1940 1823 ἀνθρὼ-

1138 1829 1212 1854 πωνῐ
1240 1826 1333 1863 ἀγαθοὶ
1365 1830 1482 1854 κοινωνοὶ
1515 1826 1665 1865 φροντίδων,
1700 1827 1813 1860 δεήσεως
1843 1839 1939 1868 συνερ-

1135 1873 1189 1908 γοὶ,
1211 1872 1368 1910 πρεσϐευταὶ
1393 1871 1582 1908 δυνατώτατοι,
1612 1872 1717 1910 ἀστέρες
1739 1877 1788 1904 τῆς
1811 1873 1939 1911 οἰκουμέ-

1135 1926 1189 1950 νης,
1210 1917 1276 1945 οἶτοη
1294 1921 1343 1942 τῶν
1358 1916 1526 1946 Ἐκκλησιῶν,
1542 1916 1618 1954 ’Υμᾶς
1641 1918 1696 1953 (54)
1713 1917 1765 1953 οὐχ
1785 1918 1799 1946 ἡ
1816 1921 1850 1953 γῆ
1867 1927 1938 1945 κατ-

1135 1961 1255 1998 έχρυψιν,
1280 1960 1333 1987 ἀλλ’
1365 1962 1471 2000 οὐρανὸς
1504 1960 1655 1993 ὑπεδέξατο·
1690 1961 1832 1998 ἠνοίγησαν
1870 1963 1938 2000 ὑμῖν

1134 2004 1298 2043 παραδείσου
1334 2006 1425 2036 πύλαι.
1452 2006 1539 2038 Ἄξιον
1568 2008 1652 2043 θέαμα
1676 2010 1707 2043 τῇ
1743 2010 1857 2045 στρατιᾷ
1882 2013 1937 2034 τῶν

1135 2049 1258 2086 ἀγγελων,
1288 2050 1359 2082 ἄξιον
1392 2052 1581 2089 πατριάρχαις,
1615 2053 1770 2089 προφήταις,
1808 2050 1935 2086 δικαίοις,

1133 2093 1224 2132 ἄνδρες
1252 2095 1276 2122 ἓν
1302 2095 1372 2131 αὐτῷ
1401 2100 1437 2132 τῷ
1467 2097 1539 2123 ἄνθει
1564 2100 1611 2128 τῆς
1636 2099 1765 2130 νεότητος,
1794 2100 1841 2123 τοῦ
1869 2096 1934 2134 βίου

1132 2143 1383 2177 καταφρονήσαντες,
1408 2142 1470 2180 ὑπὶρ
1499 2145 1592 2177 γονεῖς,
1615 2141 1680 2179 ὑπὲρ
1703 2143 1781 2168 τέκνα
1808 2143 1850 2169 τόν
1875 2143 1936 2169 Κύα-

250 2185 548 2221 mundoangelisque
555 2186 584 2213 et
591 2184 766 2213 hominibus
773 2184 906 2213 effecti“.
914 2186 1077 2214 Erexerunt

1141 2194 1186 2212 nov
1218 2185 1409 2222 ἀγαπήσαντες.
1443 2186 1511 2213 Αὐτὸ
1539 2190 1586 2218 τῆς
1623 2186 1728 2218 ἡλικίας
1761 2187 1869 2222 ἄγοντες
1902 2189 1934 2215 τὸ

285 2275 308 2294 ⁸ο
323 2273 429 2303 Matth.
439 2281 521 2308 xvm,
533 2275 578 2302 20.
617 2273 640 2292 ³⁸
657 2273 669 2301 Ῑ
682 2273 749 2302 Cor.
765 2281 803 2307 iv,
816 2275 842 2302 9.

282 2365 341 2398 (50)
357 2365 438 2393 Unus
454 2363 549 2392 codex
564 2365 734 2400 κατατρέχει.

280 2401 340 2436 (5t)
365 2400 458 2428 Editio
481 2399 574 2436 Paris.
595 2397 808 2436 summa»,
828 2398 964 2427 doceant.
995 2398 1072 2428 Libri

247 2433 361 2465 veteres
374 2443 481 2464 omnes
498 2433 720 2470 διδαχθήτωσαν.
734 2434 910 2466 doceantur.
927 2437 1016 2463 recte.

281 2474 338 2507 (52)
350 2473 479 2508 Utraque
490 2470 580 2508 editio
593 2471 687 2508 ἑαυτῆς
697 2471 763 2497 υἱόν.
776 2471 840 2498 V'ox
852 2471 907 2496 υἱόν
917 2471 947 2508 in
958 2471 1072 2508 nostris

245 2508 387 2536 omnibus
409 2506 483 2534 niss.
508 2506 602 2534 deest.
628 2507 668 2533 Ea
690 2508 792 2534 autem
813 2514 880 2541 vox,
907 2506 964 2534 nisi
983 2507 1072 2535 valde

245 2543 343 2577 fallor,
356 2543 387 2570 in
403 2545 572 2570 contextum
586 2541 703 2578 irrepsit
715 2549 731 2570 e
743 2542 891 2577 margine,
907 2542 959 2578 ubi
974 2543 1072 2578 posita

245 2580 351 2614 fuerat,
364 2580 397 2606 ut
416 2584 610 2614 moneremur
624 2577 722 2614 ipsam
735 2577 1069 2607 subaudiendamesse.

243 2613 330 2648 Quod
342 2613 390 2642 hic
404 2614 444 2642 ait
460 2613 594 2650 Basilius,
616 2613 712 2650 unum
727 2615 891 2650 martyrem
912 2614 1011 2642 adhuc
1026 2623 1070 2643 re-

244 2650 384 2688 spirasse,
399 2657 468 2688 cum
484 2649 581 2688 ctetcri
592 2651 660 2688 jam
669 2649 778 2688 frigore
789 2650 960 2688 consumpti
969 2652 1071 2679 essent

243 2685 408 2715 etconfecti
434 2685 464 2713 id
484 2685 524 2713 ita
539 2685 662 2721 intelligi
674 2685 774 2719 debet,
791 2687 823 2713 ut
838 2685 868 2712 lii
888 2685 1012 2721 quidem
1025 2694 1071 2714 re~

241 2721 458 2760 spirarent,sed
466 2721 538 2760 citra
546 2720 633 2748 ullam
645 2729 725 2757 spem
732 2721 869 2748 sanitatis
876 2720 1056 2760 recipiendae
1062 2743 1069 2755 ,

237 2757 275 2787 ne
290 2764 366 2786 vero
380 2757 433 2792 sic,
446 2759 478 2785 ut
488 2757 571 2785 vires
587 2763 771 2793 recuperare
784 2764 873 2792 posse
884 2757 1066 2787 crederetur.

1128 2364 1268 2401 Alioquin
1290 2364 1371 2393 enim
1395 2363 1523 2401 Basilius
1545 2365 1718 2401 pugnantia
1741 2364 1929 2401 loqueretur,

1127 2401 1180 2437 qui
1195 2400 1288 2436 paulo
1304 2403 1374 2429 ante
1394 2400 1503 2429 dixerit
1517 2400 1640 2437 sanctos
1659 2400 1808 2436 martyres
1826 2400 1932 2429 adhuc

1127 2437 1292 2473 respirasse
1317 2439 1393 2469 tum,
1417 2444 1486 2464 cum
1505 2436 1607 2473 traditi
1632 2439 1703 2473 sunt
1720 2437 1797 2473 igni.
1817 2438 1933 2472 Martyr

1127 2472 1287 2509 autemille
1300 2473 1352 2509 qui
1366 2472 1468 2501 adhuc
1485 2472 1653 2509 respirasse
1667 2472 1786 2504 dicitur,
1802 2475 1932 2501 vocatur

1125 2508 1157 2536 in
1172 2508 1252 2536 Actis
1265 2508 1371 2537 Melito.

1163 2545 1221 2581 (53)
1234 2544 1330 2572 Editio
1344 2543 1433 2572 Basil.
1442 2546 1472 2573 et
1483 2551 1535 2572 sex
1550 2551 1624 2572 mss.
1635 2544 1656 2570 ὢ
1668 2544 1816 2581 σύνταγμα.
1831 2543 1931 2573 Editio

1126 2579 1222 2608 Paris.
1241 2580 1260 2605 ὦ
1273 2581 1408 2616 σύστημα,

1161 2616 1224 2657 ςείίεὶ
1231 2614 1491 2657 νὲίεξὲἓὲίυίιὶίῐυβ
1503 2615 1571 2657 ﬁeri
1579 2618 1610 2657 βε
1621 2615 1671 2657 alii
1680 2615 1742 2657 ςιιιο
1751 2614 1932 2657 Marsis.-

1126 2656 1188 2678 σιῶν
1210 2650 1289 2688 ὗμᾱς.
1307 2650 1400 2680 Ediﬁo
1419 2650 1510 2680 Paris.
1527 2651 1624 2688 fusius
1635 2651 1790 2681 ἔκκλησιῶν.
1812 2650 1928 2688 Ἑτὼγδή

1125 2697 1191 2723 φημι
1216 2687 1296 2716 νοητά
1319 2697 1347 2714 τι
1367 2690 1412 2714 καὶ
1432 2688 1547 2717 αἰσθητά
1565 2687 1738 2724 Ὑμᾶςηὸθά
1760 2695 1823 2724 non
1837 2687 1930 2724 valde

1125 2722 1293 2760 admodum
1304 2723 1420 2760 dubito,
1431 2724 1505 2760 quin
1519 2722 1700 2753 inter-media
1709 2723 1806 2753 verba
1819 2722 1930 2753 addita

1125 2758 1185 2787 sint
1203 2759 1242 2787 ab
1258 2759 1375 2795 Anglic.
