2059 3136
141 135 192 162 533

758 129 902 159 llOMlLlA
921 128 967 156 DE
986 127 1202 158 HUMILITATE

1767 130 1820 158 534

141 199 265 231 τωνμτῷ
293 197 339 221 καὶ
363 196 409 224 τὴν
433 194 524 221 ἑαυτοῦ
550 195 709 231 καταμαθεῖν
731 193 874 226 ἀσθένειαν,
893 202 926 219 κα

994 191 1123 220 diendus
1150 192 1188 219 ad
1204 194 1318 220 metum
1334 194 1424 229 atque
1440 192 1479 220 ad
1495 192 1678 228 cautionem,
1692 192 1819 220 edocen-

139 245 237 277 γνῶναι
269 244 367 276 σαφῶς,
385 240 424 265 ὃτι
448 240 564 276 καθάπερ
588 238 611 265 ἓν
635 243 671 275 τῷ
694 239 797 275 πελάγει
812 247 938 264 καταπονι

139 286 285 322 τιξόμενος,
311 283 451 320 ἐκουφίσθη
482 288 513 314 τῆ
539 287 584 310 τοῦ
604 287 720 320 χριστοῦ
745 281 828 318 δεξιᾷ,
857 282 939 313 οὕτως

137 330 162 356 ἐν
183 333 221 365 τῷ
242 327 356 356 κλύδωνι
370 333 415 355 τοῦ
437 327 634 366 σκανδαλισμοῦ
662 326 834 359 κινδυνεύσας
849 326 939 353 ἀπολέ-

138 376 202 402 σθαι
217 373 253 401 δι’
271 374 405 407 ἀπιστίας,
423 373 557 410 ἓψυλάχθη
575 372 684 410 δυνάμει
701 376 827 410 Χριστοῦ,
845 372 872 403 ὃς
893 374 938 398 καὶ¹

135 423 257 457 προεῖπεν
280 419 350 454 αὐτῷ
372 420 401 444 τὸ
432 410 639 455 συμϐησόμενον,
665 418 753 454 λέγων·
780 419 874 454 Σίμων,
891 419 937 443 Σί-

136 475 202 500 μων,
222 462 280 490 ἰδοὺ
305 464 317 489 ὁ
345 466 458 494 Σατανᾶς
484 462 630 499 ἐξῃτήσατο
656 466 702 489 τοῦ
729 463 847 488 σινιάσαι
869 462 936 497 ὑμᾶς

137 510 173 540 ὡς
187 510 231 536 τὸν
246 508 328 536 σῖτον,
347 507 423 544 Κάγὼ
443 506 552 545 ἐδεῃθην
568 510 626 546 περὶ
651 511 708 541 σοῦ,
727 509 767 533 ἵνα
780 509 814 543 μὴ
833 505 934 543 ἐκλείπῃ

135 553 192 589 (69)
206 554 222 583 ἡ
250 562 338 585 πίστις
355 562 412 586 σου,
427 555 473 579 καὶ
495 554 526 579 σύ
549 562 610 579 ποτε
636 551 795 588 ἐπιστρέψας
814 550 936 588 στήριξον

133 600 196 629 τοὺς
220 596 348 634 ἀδελφούς
364 607 421 625 σον.
441 599 492 624 Καὶ
508 599 603 634 Πέτρος
624 597 669 633 μὲν
685 597 767 628 οὕτως
790 596 932 632 ἐλεγχθεὶς,

135 642 248 674 δικαίως
284 642 427 673 ἕϐοηθεῖτο,
455 643 520 679 πρὸς
558 641 681 668 ἀπόθεσιν
709 640 858 672 ἀλαζονείας
890 642 934 667 καὶ

136 686 218 726 φειδὼ
245 691 293 714 τῶν
317 686 492 714 ἀσθενούντων
519 684 741 723 ἓκπαιδενόμενοςο
765 687 778 712 ὁ
801 684 830 712 δέ
851 688 934 723 Φαρι-

138 737 213 763 σαῖος
239 732 370 766 ἑκεῖνος,ὁ
399 731 483 769 βαρὺς
511 734 557 758 καὶ
583 732 642 758 καθ’
666 730 810 768 ὑπερϐολὴν
833 731 933 767 ὑπερή-

135 788 222 815 φανος,
248 778 260 803 ὁ
289 779 324 814 μὴ
355 779 430 813 μόνον
464 776 501 813 ἐφ’
532 776 613 812 ἑαυτῷ
643 777 840 814 θρασυνόμενος,
870 774 933 801 ἀλλὰ

131 826 176 850 καὶ
199 824 243 849 τόν
271 821 379 851 τελώνην
406 821 447 848 ἐπὶ
472 824 539 848 Θεοῦ
572 820 716 858 διασύρων,
747 820 863 847 ἀπώλεσε
887 823 932 856 τῇς

994 236 1111 274 dusque
1126 237 1253 265 inﬁrmis
1269 246 1390 274 parcere
1404 241 1432 266 et
1450 238 1536 274 160
1560 238 1722 273 debilibus,
1734 237 1819 274 quod

993 283 1021 309 et
1031 290 1118 310 suam
1139 283 1279 317 cognovit
1294 282 1509 314 inﬁrmitatem.
1521 285 1550 310 et
1563 283 1720 319 perspicue
1735 282 1819 311 intel-

992 326 1150 363 lexitquod
1162 327 1544 363 quemadmodum,cumin
1552 328 1659 364 pelago
1671 334 1819 362 mergere-

993 373 1050 406 tur,
1066 380 1119 408 per
1140 372 1249 400 Christi
1268 372 1424 400 dexteram
1440 374 1540 400 erutus
1559 374 1614 405 est,
1629 372 1671 400 ita
1681 372 1711 399 in
1726 379 1818 400 scan-

991 416 1052 444 dali
1065 416 1193 453 procella
1204 417 1243 444 ob
1255 416 1493 444 incredulitatem
1505 416 1535 444 in
1545 416 1691 453 pereundi
1701 415 1817 453 pericu-

991 461 1053 488 lum
1077 461 1212 494 veniens,
1236 462 1343 490 Christi
1366 461 1473 489 virtute
1498 463 1634 489 servatus
1651 462 1704 490 sit:
1723 461 1776 497 qui
1788 460 1816 489 ei

991 506 1081 533 etiam
1097 506 1277 542 praedixerat
1289 506 1372 542 quod
1393 508 1457 534 erat
1471 505 1616 539 futurum,
1632 506 1679 534 his
1693 505 1814 534 verbis:

989 551 1102 585 Simon,
1118 551 1241 580 Simon:
1257 559 1321 580 ecce
1330 552 1460 580 Satanas
1473 552 1626 586 expetivit,
1640 554 1672 579 ut
1684 551 1816 579 cribarct

990 603 1039 624 vos
1055 597 1130 624 sicut
1143 597 1286 625 triticum.
1302 597 1342 624 Et
1357 605 1409 632 ego
1419 597 1525 632 rogavi
1533 604 1589 631 pro
1600 598 1638 631 te,
1651 598 1684 623 ut
1694 603 1754 623 non
1767 595 1815 624 de-

987 641 1070 675 ﬁciat
1080 641 1153 676 ﬁdes
1170 645 1243 670 tua:
1263 645 1290 671 et
1304 645 1336 670 tu
1348 642 1513 678 aliquando
1526 648 1695 674 conversus,
1706 640 1815 674 conﬁr-

987 694 1038 714 ma
1047 687 1163 722 fratres
1177 690 1243 715 tuos
1254 688 1288 714 ⁵³.
1299 689 1338 715 Ac
1352 689 1454 715 Petrus
1465 686 1589 723 quidem
1604 686 1646 714 sic
1654 685 1815 722 reprehen-

989 739 1050 764 sus,
1067 731 1183 768 accepit
1204 740 1294 769 opem
1309 732 1426 766 merito,
1438 734 1467 760 et
1483 731 1638 766 auxilium,
1655 732 1688 759 ut
1700 730 1814 759 fastum

987 777 1149 813 deponere,
1158 779 1187 806 et
1196 777 1323 806 inﬁrmis
1334 785 1456 814 parcere
1463 777 1603 805 disceret.
1618 777 1732 804 Rursus
1740 776 1814 804 Pha-

987 823 1091 851 risaan
1107 823 1165 858 ille,
1182 822 1345 859 impudens
1361 825 1494 859 etsupra
1506 821 1633 850 modum
1649 821 1812 858 superbus,

132 866 306 898 δικαιοσύνης
337 867 366 894 τὸ
393 867 524 903 καύχημα
553 865 599 893 διὰ
627 868 655 892 τὸ
681 870 728 897 τῆς
758 866 926 902 ὑπερηφανίας

986 876 1047 896 non
1057 869 1088 896 in
1099 868 1199 905 seipso
1211 868 1310 896 solum
1317 867 1541 901 conﬁdens,sed
1548 866 1710 903 publicano
1720 866 1812 894 etiam

131 913 262 949 ἔγκλημα.
299 912 349 938 Καὶ
381 911 508 941 κατῆλθεν
541 911 554 937 ὁ
586 911 696 942 τελώνης
729 909 932 947 δεδικαιωμένος

131 958 196 994 ὑπὲρ
224 957 310 990 αὐτὸν,
336 957 376 982 ὅτι
399 958 443 983 τόν
468 956 542 992 ἅγιον
569 954 678 987 ἐδόξαζε
703 956 778 988 Θιὸν,
801 957 847 981 καὶ
870 953 932 982 οὑδὶ

132 1001 283 1028 ἀναϐλέπειν
311 1000 416 1038 ἐτόλμα,
431 1000 484 1027 ἀλλ’
515 1001 624 1037 ἰλασμόν
656 1000 739 1031 ἐζήτει
763 1001 849 1038 μόνον,
870 1009 931 1026 κατ-

131 1049 231 1085 ήγορος
249 1047 282 1072 ὡν
299 1045 391 1072 ἑαυτοῦ
405 1048 451 1072 καὶ
472 1050 513 1082 ’τῷ
530 1047 652 1083 σχήματι
669 1046 714 1072 καὶ
733 1049 764 1082 τῇ
781 1046 848 1071 κατὰ
864 1047 931 1074 στη-

131 1093 194 1123 θους
207 1091 305 1128 πληγῇ,
329 1093 374 1117 καὶ
389 1095 425 1127 τῷ
441 1091 527 1121 ζητεῖν
551 1089 626 1117 οὐδέν
646 1090 707 1116 ἄλλο
721 1090 788 1120 πλὴν
811 1089 930 1127 ἱλασμὸνο

129 1136 198 1174 Ὀρα
213 1135 245 1166 δὴ
263 1134 307 1163 οὖν
322 1138 366 1162 καὶ
383 1135 513 1173 φυλάττον
529 1137 557 1162 τὸ
570 1134 740 1173 παράδειγμα
750 1139 798 1166 τῆς
811 1135 932 1171 χαλεπῆς

130 1180 168 1208 δι’
183 1182 360 1219 ὑπερηφανίαν
386 1181 493 1217 ζημίας.
522 1180 672 1217 Ἐζημιώθη
689 1182 735 1210 τὴν
758 1178 930 1209 δικαιοσύνην

129 1226 418 1263 ὑπερηφανιυσάμενος,
441 1225 556 1252 ἀπώλεο-ι
579 1226 623 1251 τὸν
649 1226 742 1262 μισθὸν
767 1225 930 1261 θρασυνόμε-

128 1281 181 1302 νος·
197 1271 334 1300 ἠλαττώθη
359 1273 406 1297 τοῦ
422 1274 542 1297 ταπεινοῦ
568 1271 613 1296 καὶ
633 1269 798 1307 ἁμαρτωλοῦ,
813 1269 929 1306 μεγαλύ-

127 1326 174 1348 νας
190 1315 281 1342 ἑαυτὸν
303 1316 366 1352 ὑπὲρ
389 1314 491 1348 ἐκεῖνον,
512 1317 557 1341 καὶ
581 1315 627 1341 οὐκ
650 1314 785 1352 ἀναμείνας
799 1316 846 1344 τὴν
856 1315 929 1352 παρὰ

128 1363 196 1387 Θεοῦ
220 1361 319 1397 κρίσιν,
331 1358 395 1385 ἀλλὰ
420 1361 465 1389 τὴν
485 1360 557 1397 παρὰ
581 1360 660 1386 αὑτοῦ
675 1358 819 1395 ἐξενεγκὼν.
841 1361 875 1385 Σὺ
898 1357 928 1385 δὲ

127 1404 185 1432 κατ’
213 1403 320 1435 οὐδενός
346 1403 481 1440 ἐπαρθήσῃ
511 1405 583 1438 ποτε,
605 1402 666 1430 οὐδὲ
692 1404 760 1430 κατὰ
784 1407 834 1430 τῶν
861 1404 927 1439 ἄγαν

127 1449 298 1488 ἁμαρτωλῶν.
323 1449 422 1476 Ῥύεται
448 1449 569 1479 πολλάκις
591 1450 606 1479 ἠ
637 1449 857 1486 ταπεινοφροσύνῃ
882 1450 926 1474 τόν

127 1495 302 1533 ἡμαρτηκότα
325 1493 408 1521 πολλὰ
430 1496 475 1521 καὶ
495 1493 603 1531 μεγάλα.
624 1495 668 1523 Μὴ
693 1492 737 1520 οὖν
753 1495 859 1520 σεαυτὸν
885 1491 926 1520 δι-

987 921 1089 942 coram
1108 915 1166 942 Deo
1192 913 1390 948 conviciatus,
1411 912 1534 948 justitiae
1561 911 1689 947 gloriam
1703 910 1744 938 ob
1762 919 1810 939 su-

985 958 1097 996 perbiae
1113 958 1227 986 crimen
1253 958 1362 986 amisit.
1384 958 1441 986 Sed
1461 956 1618 986 descendit
1629 955 1811 993 publicanus

984 1003 1166 1039 justiﬂcatus
1175 1011 1238 1040 prae
1245 1011 1290 1038 eo,
1298 1003 1381 1040 quod
1393 1003 1519 1038 gloriam
1528 1003 1587 1030 Deo
1598 1003 1703 1030 sancto
1712 1000 1809 1034 daret,

986 1051 1014 1076 et
1027 1048 1199 1077 neattollere
1210 1048 1334 1085 quidem
1343 1048 1468 1076 auderet
1482 1046 1656 1082 oculos,sed
1666 1045 1812 1083 propitia-

985 1094 1098 1123 tionem
1124 1093 1222 1122 solum
1250 1095 1444 1130 exposceret:
1469 1091 1582 1129 quippe
1607 1093 1635 1120 et
1648 1090 1765 1122 habitu,
1781 1092 1810 1119 et

985 1138 1180 1175 percutiendo
1205 1141 1337 1175 pectore,
1357 1140 1385 1166 et
1399 1137 1458 1166 alia
1472 1137 1557 1165 nulla
1571 1144 1603 1164 re
1619 1137 1727 1173 prater
1740 1141 1810 1171 pro-

984 1183 1170 1220 pitiatibnem
1183 1183 1311 1220 quaesita
1326 1183 1431 1219 seipse
1444 1181 1609 1210 accusabat
1623 1181 1659 1208 σθ.
1670 1179 1741 1208 Vide
1755 1179 1811 1215 igi-

984 1230 1031 1256 tur
1057 1230 1085 1256 et
1110 1236 1184 1256 cave
1208 1228 1381 1264 exemplum
1403 1227 1503 1262 gravis
1519 1225 1634 1260 damni;
1649 1225 1689 1253 ob
1704 1231 1811 1261 super-

984 1273 1077 1301 biam.
1093 1273 1216 1301 Justitim
1230 1273 1298 1301 fecit
1308 1273 1470 1308 jacturam,
1486 1271 1570 1308 quod
1590 1270 1667 1298 ultra
1681 1268 1810 1297 modum

983 1318 1164 1354 superbiret;
1176 1316 1554 1353 amisitmercedem,quod
1564 1315 1670 1343 ﬁderet
1677 1313 1810 1350 sibiplns

983 1371 1070 1399 aequo
1083 1371 1089 1396 ;
1106 1362 1213 1391 humili
1227 1362 1413 1400 postpositus
1421 1364 1464 1390 est
1475 1363 1503 1389 et
1513 1359 1673 1397 peccatori,
1683 1357 1768 1395 quod
1777 1365 1810 1386 se

981 1408 1077 1444 pluris
1088 1416 1182 1445 quam
1197 1407 1281 1436 illum
1295 1407 1417 1441 faceret,
1433 1415 1488 1435 nec
1500 1406 1551 1434 Dei
1565 1405 1751 1442 exspectaret
1760 1403 1810 1438 ju-

981 1453 1104 1488 dicium,
1131 1453 1184 1481 sed
1206 1461 1297 1480 suum
1319 1452 1415 1488 ipsius
1429 1451 1590 1489 proferret.
1617 1451 1659 1478 Tu
1673 1455 1745 1477 vero
1758 1447 1811 1476 ad-

981 1507 1086 1528 versus
1099 1499 1253 1527 nominem
1274 1505 1411 1534 unquam
1427 1500 1454 1526 te
1465 1496 1584 1527 efferas,
1600 1497 1629 1524 et
1650 1502 1688 1522 ne
1701 1493 1810 1534 advel-1

125 1542 244 1577 χαιώσῃς
267 1540 331 1576 ὑπὲρ
361 1539 456 1576 ἕτερον,
481 1541 589 1575 μήποτε,
617 1537 765 1570 δικαιωθεὶς
788 1542 818 1575 τῇ
845 1548 924 1565 σεαυ-

982 1553 1031 1572 sus
1046 1552 1097 1573 eos
1121 1543 1245 1581 quidem
1266 1530 1439 1580 qui-magni
1466 1543 1536 1569 sunt
1549 1541 1735 1577 peccatores.
1752 1530 1811 1572 Qui

124 1588 172 1611 τοῦ
186 1585 276 1621 ψήφῳ,
293 1588 324 1620 τῇ
348 1587 394 1610 τοῦ
422 1587 489 1610 Θεοῦ
513 1584 683 1620 κατακριθῇς.
707 1583 762 1610 Οὔκ
786 1583 922 1621 ἀνακρίνω,

126 1632 216 1666 φησὶν,
233 1629 352 1666 ἐμαυτὸν,
369 1630 382 1655 ὁ
394 1629 505 1660 Παῦλος.
517 1627 600 1655 Οὐδὲν
618 1630 669 1666 ’γὰρ
685 1628 787 1666 ἐμαυτῷ
803 1627 922 1655 σύνοιδα·

125 1673 179 1701 ἀλλ’
200 1674 247 1700 οὐκ
271 1673 297 1700 ἐν
319 1675 403 1712 τούτῳ
426 1672 612 1711 δεδικαίωμαι.
627 1673 656 1700 ’0
672 1671 701 1700 δὲ
724 1673 866 1710 ἀνακρίνων
881 1682 922 1710 με,

126 1720 226 1758 Κύριός
238 1718 318 1747 ἐστιν.

162 1855 188 1882 5.
213 1854 269 1880 Οἴει
297 1854 445 1891 κατορθοῦν
475 1852 590 1888 ἀλαθόν;
617 1852 779 1890 Εὗχαρίστει
807 1858 843 1889 τῷ
865 1857 922 1890 Θεῷ

123 1900 159 1935 μὴ
186 1898 254 1924 κατὰ
281 1902 327 1924 τοῦ
342 1898 452 1927 πλησίον
472 1898 591 1935 ἐπαίρου.
608 1900 642 1924 Τὸ
656 1899 729 1935 ἔργον
745 1898 837 1925 ἑαυτοῦ
851 1899 921 1934 (70),

123 1946 199 1980 φησὶ,
232 1941 396 1979 δοκιμαζέτω
431 1943 549 1976 ἕκαστος,
589 1944 633 1969 καὶ
665 1945 723 1970 τότε
760 1946 796 1974 εὶς
832 1943 921 1970 ἑαυτὸν

123 1991 200 2026 μόνον
224 1989 253 2015 τὸ
282 1989 413 2025 καύχημα
438 1988 497 2022 ἕξει,
522 1990 566 2014 καὶ
589 1988 635 2014 οὐκ
657 1989 694 2020 εἰς
707 1990 750 2015 τὸν
770 1989 866 2027 ἕτερον.
889 1992 922 2016 Τί

123 2035 173 2071 γὰρ
203 2035 307 2064 ὤνησας
330 2035 373 2059 τὸν
400 2032 520 2067 πλησίον,
551 2034 590 2060 ὃτι
623 2035 712 2060 πίστιν
739 2034 918 2071 ὡμολόγησας,

123 2083 137 2108 ἥ
173 2080 255 2115 φυγὴν
278 2078 416 2114 ὑπέμεινας
441 2076 488 2104 διὰ
515 2079 594 2114 ἄλομα
618 2081 776 2116 Χριστοῦ,ἧ
803 2083 859 2111 τοῖς
877 2090 920 2110 νη-

122 2125 210 2154 στείας
233 2122 435 2160 ἔνεκαρτέρησας
458 2125 562 2157 πόνοις;
588 2123 650 2159 Οὐχ
665 2123 750 2160 ἐτέρου
769 2127 798 2151 τό
817 2124 917 2163 κέρδος,

121 2166 185 2193 ἀλλὰ
211 2169 265 2193 σόν.
288 2167 421 2196 Φοϐήθητι
445 2171 492 2200 τῆς
507 2171 553 2194 τοῦ
582 2167 704 2196 διαϐόλου
726 2172 850 2202 πτώσεως
872 2174 918 2201 τὴν

981 1589 1088 1623 ωιιίῐὶε
1095 1590 1276 1625 magnisque
1284 1587 1416 1624 peccatis
1426 1586 1577 1615 obnoxius
1589 1587 1645 1617 est,
1653 1592 1723 1612 cum
1730 1590 1808 1619 sape

981 1633 1091 1662 liberat
1098 1633 1369 1669 humilitas.ltaque
1378 1639 1415 1659 ne
1426 1631 1524 1667 teipse
1532 1638 1594 1666 prae
1601 1629 1695 1658 altero
1701 1627 1809 1664 justiﬁ-

979 1678 1106 1713 caveris;
1113 1678 1276 1715 nequando
1284 1677 1333 1704 Dei
1340 1676 1553 1709 sententia,etsi
1561 1677 1612 1703 tua
1615 1675 1624 1710 j
1630 1673 1807 1705 ustilicatus,

985 1723 1198 1751 condemnere.
1214 1722 1283 1750 Non
1298 1721 1404 1756 judico
1412 1721 1567 1756 meipsum,
1576 1719 1672 1755 inquit
1683 1717 1805 1746 Paulus.

977 1768 1066 1797 Nihil
1077 1768 1155 1796 enim
1170 1767 1246 1795 mihi
1258 1767 1391 1795 conscius
1406 1774 1470 1793 sum
1484 1772 1496 1793 :
1505 1765 1555 1793 sed
1569 1771 1630 1792 non
1639 1763 1671 1791 in
1681 1762 1805 1797 [tocius-

979 1813 1109 1849 tiﬁcatus
1120 1820 1196 1840 sum.
1205 1812 1262 1846 Qui
1272 1814 1371 1839 autem
1377 1811 1499 1846 judicat
1508 1817 1555 1838 me
1563 1809 1709 1837 Dominus
1717 1809 1759 1835 est
1767 1807 1803 1834 ⁸ο.

1014 1860 1040 1886 5.
1062 1859 1252 1894 Perpetrasse
1275 1858 1303 1884 te
1319 1855 1391 1884 boni
1408 1854 1522 1891 aliquid
1542 1852 1697 1881 arbitraris
1709 1851 1723 1879 ?
1740 1852 1802 1886 Age

977 1902 1091 1939 gratias
1105 1904 1174 1936 Deo,
1190 1909 1228 1929 ne
1244 1900 1350 1928 extolle
1361 1902 1388 1928 te
1403 1902 1508 1928 contra
1521 1897 1705 1935 proximum.
1721 1896 1802 1930 Opus

976 1956 1073 1982 suum,
1088 1946 1194 1983 inquit,
1203 1946 1307 1982 probet
1318 1945 1530 1981 unusquisque,
1538 1946 1565 1972 et
1577 1946 1640 1972 tum
1650 1942 1681 1971 in
1692 1944 1802 1970 ‘semet-

975 1994 1040 2028 ipso
1049 1995 1166 2021 tantum
1174 1991 1303 2027 gloriam
1315 1989 1444 2023 habebit,
1457 1992 1483 2018 et
1495 1996 1554 2017 non
1565 1988 1597 2016 in
1606 1988 1667 2016 alio
1675 1987 1697 2005 ⁶¹
1704 2008 1711 2014 .
1722 1985 1800 2019 Quid

975 2038 1055 2066 enim
1070 2034 1457 2075 proximumjuvisti,quod
1470 2033 1562 2062 ﬁdem
1581 2041 1613 2061 es
1629 2031 1797 2066 confessus,

976 2086 1027 2112 aut
1042 2082 1180 2111 exsilium
1193 2088 1358 2118 perpessus
1373 2079 1412 2107 ob
1429 2078 1535 2107 Christi
1550 2085 1672 2112 nomen,
1689 2079 1741 2105 aut
1752 2077 1798 2112 je-

971 2127 1049 2163 junii
1063 2127 1182 2155 labores
1198 2126 1370 2154 constanter
1382 2122 1527 2160 pertulisti
1539 2122 1553 2150 ?
1572 2123 1700 2150 Lucrum
1711 2123 1798 2149 tuum

974 2174 1028 2207 est,
1036 2179 1099 2200 non
1110 2170 1240 2199 alterius.
1248 2169 1330 2197 Time
1338 2177 1375 2196 ne
1386 2167 1520 2195 similiter
1530 2166 1621 2194 cadas
1631 2168 1722 2202 atque
1731 2165 1797 2194 dia-

120 2211 257 2248 ὀμοίωσινπ
284 2211 322 2245 ὃς,
343 2211 463 2248 ἐπαρθεὶς
486 2214 554 2239 κατὰ
576 2216 623 2239 τοῦ
648 2212 795 2251 ἀνθρώπου,
818 2217 917 2254 πέπτῳ-

982 2216 1073 2250 )οΙιιε,
1085 2215 1137 2252 qui
1148 2214 1242 2243 elatus
1254 2216 1358 2242 contra
1368 2212 1533 2247 hominem,
1544 2211 1584 2240 ab
1594 2211 1717 2239 homine
1727 2218 1797 2247 pro-

117 2265 159 2283 κεν
174 2255 218 2282 ὑπ’
239 2255 374 2294 ἀνθρώπου
390 2257 458 2291 (⁸71),
478 2260 523 2283 καὶ
543 2255 725 2294 παραδέδοται
749 2259 858 2297 πάτημα
882 2266 918 2298 τῷ

117 2302 301 2338 πεπατημένῷ.
325 2302 440 2330 Τοιαύτη
468 2303 512 2328 καὶ
538 2306 588 2328 τῶν
619 2302 787 2339 Ἰσραηλιτῶν
811 2307 826 2334 ἤ
850 2310 917 2332 πτῶ-

117 2354 171 2376 σις.
201 2344 381 2382 Ἐπαιρόμενοι
405 2346 456 2382 γὰρ
499 2347 567 2373 κατὰ
592 2351 641 2373 τῶν
669 2346 755 2385 ἑβνῶν,
786 2349 821 2380 ὡς
854 2349 917 2377 ἀκα-

117 2390 228 2426 θάρτων,
254 2389 396 2427 ἀκάθαρτοι
432 2393 569 2427 γεγόνασιν
598 2390 707 2422 ἀληθῶς·
732 2393 766 2419 τὰ
799 2391 829 2420 δὲ
855 2395 913 2426 ἔθνη

151 2460 176 2478 ⁵⁸
197 2461 266 2489 Luc.
283 2469 351 2497 χχιι,
379 2462 423 2498 31,
441 2464 486 2491 32.
525 2462 549 2480 ⁵⁹
570 2463 638 2491 Luc.
656 2471 734 2499 xvm,
750 2464 845 2494 11-14.

231 2532 354 2574 codices
372 2533 489 2574 aliquot
513 2532 627 2570 ἐκλείπῃ.
644 2534 718 2574 Ed!“
733 2535 835 2574 ἐκλίπῃ.
850 2538 915 2566 Mox

113 2567 185 2610 editi
202 2569 264 2610 ποτε
284 2567 492 2610 καιΙὶιςιστξιΑιῐ
519 2567 854 2610 mss..:7ro:t"ce'1rwtpi-,'Jag.
884 2575 915 2602 In

114 2602 243 2643 Vulgata
254 2605 393 2643 voxﬁue‘t;
405 2604 522 2643 videtur
533 2605 631 2641 posita
640 2602 781 2643 loco_noh
792 2602 857 2636 suo.
873 2611 916 2637 lia

114 2639 196 2681 epim
211 2639 241 2666 in
261 2647 296 2681 ea
315 2639 423 2681 legitur
439 2648 445 2667 :
470 2639 562 2681 Σίμοὲθ,
579 2643 673 2681 Σίμων,
695 2640 752 2668 ἰδοὺ
768 2644 780 2669 ό
801 2647 914 2676 Σατανᾶς

114 2675 259 2717 ἐξῃτήσατο
283 2675 360 2717 ύμᾶἑ,
381 2679 427 2701 τοῦ
442 2675 559 2701 σινιάσαι
573 2675 614 2707 ὡς’
631 2678 674 2702 τὸν
702 2682 784 2711 σῖτον,
800 2675 914 2716 Simon,

113 2710 228 2743 Simon,
245 2717 310 2738 ecce
325 2710 455 2738 Satanas
469 2713 612 2746 expetivit
636 2720 696 2745 vos,
711 2717 744 2741 ut
766 2710 916 2745 cribraret

115 2746 193 2787 sicut
210 2745 354 2787 triticum.
369 2746 556 2787 Sedinelius,
575 2750 605 2787 ut
613 2748 746 2787 _videtur,
763 2751 845 2787 apud
861 2754 914 2780 Ba-

114 2781 226 2816 siliam,
238 2781 269 2810 in
281 2789 343 2819 quo
352 2789 413 2811 vox
423 2782 491 2819 ὑμᾶς
503 2781 602 2814 locata
611 2781 762 2814 invenitur
771 2781 839 2824 post
850 2795 915 2817 ver-

885 2467 909 2485 ⁶⁰
929 2469 939 2496 Ι
955 2469 1020 2497 Cor.
1037 2475 1075 2502 iv,
1091 2468 1118 2496 3.
1132 2468 1161 2495 4.

974 2263 1086 2290 stratus
1099 2262 1153 2295 est,
1168 2262 1195 2288 et
1204 2259 1268 2287 vice
1280 2257 1405 2286 scabelli
1415 2257 1540 2285 traditus
1553 2258 1597 2284 est
1609 2255 1795 2284 conculcato.

971 2306 1047 2334 Talis
1063 2308 1108 2333 est
1123 2307 1151 2333 et
1163 2304 1362 2333 israelitarum
1379 2310 1477 2331 casus.
1494 2303 1567 2330 Cum
1586 2301 1668 2330 enim
1687 2300 1795 2329 adver-

971 2359 1022 2379 sus
1038 2353 1140 2386 gentes
1154 2349 1236 2378 velut
1258 2348 1432 2377 immundas
1447 2347 1633 2382 efferrentur,
1650 2354 1718 2375 vere
1741 2346 1795 2374 im-

970 2395 1077 2425 mundi
1087 2394 1157 2424 facti
1167 2396 1251 2423 sunt:
1265 2395 1367 2430 gentes
1378 2401 1448 2422 vero
1459 2392 1570 2421 eﬁ'ectte
1580 2394 1650 2421 sunt
1660 2392 1792 2421 mundae.

1199 2466 1221 2484 ⁸³
1243 2465 1335 2495 Galat.
1352 2473 1392 2501 v1,
1406 2466 1432 2494 4.

968 2539 1043 2567 bum
1054 2538 1183 2573 σινιάσαι,
1197 2539 1274 2566 Ecce
1284 2537 1583 2573 Satanas_expetivit,
1595 2539 1628 2564 ut
1642 2535 1792 2566 cribraret

969 2583 1019 2603 vos
1031 2575 1109 2603 sicut
1121 2574 1264 2603 triticum.

1014 2612 1059 2644 '70)
1081 2610 1202 2646 Antiqui
1217 2612 1275 2637 tres
1292 2609 1358 2638 libri
1375 2610 1477 2644 ἑαυτοῦ,
1492 2608 1566 2646 Εὰἱνίὶ
1580 2608 1670 2646 αὑτοῦ.

1016 2648 1059 2674 71)
1079 2644 1174 2674 Editio
1188 2648 1315 2675 utraque
1335 2647 1364 2674 et
1387 2644 1601 2673 Combeﬁsiani
1627 2644 1689 2673 duo
1714 2652 1790 2675 mss.

969 2679 1037 2709 cum
1058 2681 1122 2709 aliis
1133 2681 1253 2709 duobus
1266 2679 1362 2717 Regiis
1378 2683 1431 2709 aut
1454 2681 1497 2717 ὑπ’
1510 2679 1661 2717 ᾇνορώπουι
1674 2684 1726 2710 aut
1739 2681 1790 2708 ὑπὸ

969 2716 1116 2756 ἀνθρώπου,
1130 2717 1169 2746 ad
1185 2716 1321 2756 verbum:
1338 2717 1443 2756 cecidit
1458 2716 1494 2756 ab
1517 2716 1644 2756 homine,
1656 2716 1788 2756 hoc_est.

967 2752 1140 2788 prostratus
1155 2756 1195 2781 est
1211 2753 1249 2781 ab
1264 2753 1391 2781 homine.
1410 2755 1443 2780 At
1457 2752 1529 2788 Reg.
1550 2752 1666 2788 primus
1681 2753 1731 2779 ὑπὸ
1746 2754 1789 2780 τὸν

968 2789 1113 2826 ἄνθρωπον,
1129 2789 1235 2818 cecidit
1251 2789 1351 2818 subter
1364 2789 1522 2818 hominem.
