2059 3136
243 114 294 141 535

240 175 284 203 Ac
293 174 668 211 illorumquidemjustitia
678 174 879 211 sicutpannus
891 177 1059 203 menstrua-

241 222 279 248 ιω
292 220 372 248 facta.
386 223 430 248 est
445 229 451 247 :
466 221 489 238 “3
505 220 640 254 gentium
663 228 735 248 vero
754 220 898 256 iniquitas
913 220 1064 255 impietas-

242 273 302 302 que
316 265 413 293 deleta
434 268 479 293 est
504 273 556 300 per
575 264 680 293 ﬁdem.
701 267 732 293 in
746 273 877 299 summa,
893 264 1067 293 memineris

241 310 319 339 illius
330 309 487 346 proverbii.
501 310 646 344 Superbi:
668 311 747 338 Deus
766 311 887 343 resistit,
901 309 1065 337 humilibus

243 363 311 383 vero
322 355 374 383 dat
388 355 521 389 gratiam
532 355 566 382 ⁵³.
588 354 671 382 Habe
684 354 715 382 in
731 356 874 390 promptu
888 353 1068 382 sententiam

243 399 360 428 Domini
376 408 383 426 :
400 400 501 428 Omnis
515 400 568 435 qui
590 407 621 427 se
642 399 794 432 humiliat,
810 399 1014 432 exaltabitur;
1041 401 1068 426 et

243 445 334 482 quise
346 445 472 478 exultat,
488 444 701 472 humiliabitur
711 445 746 472 ⁵⁸.
764 446 803 472 Ne
827 445 871 472 tui
894 443 990 480 ipsius
1011 443 1068 471 ﬁas

240 490 335 526 judex
350 489 483 525 iniquus,
504 497 603 525 neque
619 489 658 517 ad
674 489 802 524 gratiam
818 489 972 525 expende:
990 489 1014 516 si
1030 488 1069 516 vi-

242 534 334 563 deare
344 534 395 562 tibi
405 534 575 571 quidquam
587 534 658 562 boni
669 533 959 568 habere,numeraia
968 533 1019 561 illa.
1025 541 1068 568 re,

243 580 422 615 delictisque
435 578 582 607 oblivioni
593 579 669 607 ultro
681 579 916 614 traditis,neque
933 578 973 606 ob
990 580 1070 605 recte

243 625 323 654 facta
349 624 497 652 hodierna
524 623 702 655 insolescas,
724 631 824 659 neque
836 623 1003 651 recentium
1019 624 1071 650 aut

243 671 379 698 veterum
399 668 628 697 malefactorum
647 669 730 704 161
750 667 802 695 tibi
825 667 947 696 veniam
962 674 1070 695 conce-

243 714 317 742 das:
335 714 387 742 sed
401 721 470 741 cum
483 720 617 749 prmsens
644 712 809 740 reddiderit
835 715 864 741 te
889 712 1010 747 elatum,
1026 719 1072 739 re-

243 766 319 787 voca
328 758 359 786 in
369 758 550 786 memoriam
561 758 719 794 antiquam
729 757 840 793 agendi
851 757 1009 791 rationem,
1018 756 1072 784 sic-

243 812 303 840 que
316 803 442 831 stolidus
460 804 529 830 tuus
539 805 640 830 tumor
650 802 790 831 cessabit.
803 804 846 836 Et,
857 802 881 830 si
896 803 1071 838 proximum

243 850 421 885 peccantem
428 847 624 882 videris,cave
631 847 804 875 consideres
811 847 906 883 ipsius
912 849 1071 883 peccatum
1088 853 1107 878 Β

245 893 344 922 solum
356 902 362 921 ς
377 892 431 920 sed
444 892 533 920 etiam
543 900 612 928 quas
626 892 695 920 fecit
709 894 762 921 aut
776 892 847 920 facit
861 892 1069 927 recte,cogita;

244 941 273 967 et
285 945 365 973 saepe
377 945 446 965 cum
456 937 666 973 deprehendes
679 937 775 974 teipso
786 937 952 971 meliorem,
964 944 1072 974 expen-

244 983 285 1010 sis
299 982 390 1011 rebus
406 982 559 1017 omnibus,
576 989 638 1009 non
653 989 716 1010 una
742 982 891 1010 duntaxat
905 984 990 1016 parte
1004 990 1073 1011 exa-

243 1027 371 1055 minata.
391 1028 493 1063 Neque
508 1026 589 1054 enim
601 1027 680 1054 Deus
695 1026 852 1055 hominem
868 1027 899 1055 in
919 1030 1003 1063 parte
1019 1035 1072 1055 ex-

243 1072 366 1109 pendit:
396 1072 461 1107 Ego
481 1071 573 1105 enim,
589 1071 696 1107 inquit,
713 1079 805 1106 opera
826 1075 854 1100 et
877 1072 1072 1107 cogitationes

243 1125 346 1146 eorum
357 1116 442 1145 venio
453 1119 693 1152 congregatur-us
707 1117 741 1145 ⁵⁵.
756 1117 832 1149 Quin
846 1117 936 1145 etiam
946 1125 1017 1145 cum
1027 1118 1072 1145 Jo-

244 1162 355 1198 saphat
370 1161 537 1197 aliquando
554 1160 593 1189 ob
606 1168 740 1197 praesens
757 1163 915 1197 peccatum
937 1162 1073 1198 increpa-

243 1206 446 1241 ret,imeminit
456 1213 581 1242 quoque
593 1208 672 1234 recte
678 1205 827 1234 factorum
837 1206 999 1242 ipsius,his
1009 1215 1073 1235 ver-

243 1251 290 1282 bis
304 1260 310 1280 :
331 1252 540 1280 Verumtamen
553 1251 642 1279 verba
653 1251 730 1279 bona
740 1252 862 1280 inventa
871 1255 943 1280 sunt
952 1252 984 1280 in
998 1255 1026 1280 te
1036 1252 1070 1280 ⁸⁸.

281 1342 308 1369 6.
319 1341 386 1368 Haec
399 1342 427 1368 et
439 1339 549 1367 similia
560 1339 707 1368 adversus
722 1339 897 1376 superbiam
909 1340 1073 1369 nobismet—

244 1384 317 1421 ipsis
332 1392 453 1420 semper
467 1384 654 1419 accinamus,
670 1384 860 1412 demittentes
872 1392 929 1412 nos
940 1393 1024 1421 ipsos
1041 1387 1072 1412 ut

245 1428 424 1462 exaltemur,
448 1429 599 1457 imitantes
624 1429 798 1464 Dominum,
822 1429 875 1465 qui
896 1429 934 1457 de
950 1429 1026 1457 ccelo
1041 1429 1072 1457 in

246 1476 410 1502 extremam
421 1473 620 1502 humilitatem
635 1473 803 1509 descendit,
814 1476 843 1501 et
856 1474 917 1502 vice
928 1482 1014 1502 versa
1024 1482 1072 1502 ex-

920 112 948 140 S.
969 110 1094 140 BASILII
1121 112 1243 141 MAGNI.

1869 117 1925 143 533

1121 176 1287 213 κεκαθαρται.
1318 179 1368 203 Καὶ
1395 180 1444 203 τῶν
1473 178 1518 213 μὲν
1539 178 1554 206 ἠ
1577 176 1733 206 δικαιοσύνη
1759 179 1860 213 γέγονεν
1884 179 1925 211 ὡς

1120 220 1199 257 ῥάκος
1227 220 1434 258 ἀποκαθημένης,
1460 226 1509 248 τῶν
1539 220 1568 248 δὲ
1594 221 1670 248 ἐθνῶν
1705 223 1718 251 ἠ
1747 222 1842 258 ἁνομια
1874 226 1924 250 καὶ

1121 266 1135 294 ἡ
1160 265 1265 292 ἀσέϐεια
1280 265 1326 292 διὰ
1349 268 1461 297 πίστεως
1486 266 1642 298 ἐξήλειπται.
1672 267 1789 293 Καθόλου
1816 269 1921 304 μέμνη‹

1122 319 1153 337 σο
1180 314 1227 341 τῆς
1252 310 1363 341 ἀληθοῦς
1386 313 1538 348 παροιμίας.
1572 311 1757 347 ’Υπξρηφάνοις
1783 314 1849 343 Θεὸς
1871 311 1921 338 ἀν..

1121 356 1285 388 τιτάσσεται,
1310 359 1439 387 ταπεινοῖς
1476 354 1505 382 δὲ
1533 354 1633 382 δίδωσι
1658 357 1749 394 χάριν.
1780 356 1848 392 Ἔχε
1872 361 1920 383 τοῦ

1123 403 1220 437 Κυρίου
1246 402 1274 426 τό
1295 400 1368 437 ῥῆμα
1392 402 1542 437 πρόχειρον·
1569 403 1624 431 Πᾶς
1651 401 1664 426 ὁ
1702 405 1826 427 ταπεινῶν
1861 402 1921 428 ἑαυ-

1121 446 1175 478 τὸν,
1206 444 1385 480 ὑψωθήσεται·
1413 447 1457 471 καὶ
1489 447 1501 471 ὀ
1526 445 1582 480 (72)
1611 445 1682 481 ὑψῶν
1709 445 1808 478 ἐαυτὸν,
1834 456 1924 473 ταπει-

1122 490 1277 518 νωθήσεται.
1300 492 1342 518 Μὴ
1369 492 1442 525 γίνου
1461 492 1554 526 κριτὴς
1580 490 1671 521 ἄνισος
1696 494 1817 523 σεαυτοῦ,
1850 490 1923 527 μηδὲ

1122 536 1185 571 πρὸς
1208 535 1289 571 χάριν
1319 533 1429 566 ἐξέταζε·
1454 534 1476 561 εἰ
1499 536 1544 571 μέν
1571 544 1598 561 τι
1627 533 1711 565 δοκεῖς
1741 536 1810 571 ἔχειν
1830 535 1922 571 καλὸν,

1123 582 1199 604 τοῦτο
1232 579 1257 604 ἐν
1287 578 1366 615 ψήφῳ
1393 579 1482 613 τιθεὶς,
1512 583 1561 605 τῶν
1595 577 1624 605 δὲ
1655 581 1828 616 πταισμάτωι
1859 581 1924 606 ἑκὼν

1123 622 1358 660 ἐπιλανθανόμενος,
1392 621 1461 660 μηδέ
1487 623 1524 659 ἐφ’
1551 622 1590 654 οἶς
1620 625 1664 660 μὲν
1695 626 1805 662 σὴμιρον
1829 635 1926 662 κατορ-

1125 668 1179 699 θοῖς
1207 668 1419 704 μεγαλυνόμενος,
1447 667 1484 704 ἐφ’
1513 668 1552 698 οἷς
1589 666 1618 694 δέ
1646 670 1735 705 πρώην
1765 671 1810 695 xui
1841 670 1925 697 πάλαι

1124 716 1209 742 κακῶς
1236 712 1359 749 εἰργάσω,
1391 715 1566 749 συγχώρησιν
1599 717 1700 748 σεαυτῷ
1732 711 1837 745 διδούς·
1868 713 1925 741 ἀλλ’

1125 758 1185 783 ὅταν
1212 767 1241 783 σε
1258 758 1288 783 τό
1313 758 1396 794 παρὸν
1420 756 1514 794 ἐπάρῃ,
1528 758 1557 783 τὸ
1581 756 1691 784 παλαιόν
1715 758 1752 789 εἷς
1773 758 1922 795 ἀνάμνησιν

1125 801 1218 838 ἀγέτω,
1238 804 1283 828 καὶ
1307 803 1397 838 παύσῃ
1426 807 1473 833 τῆς
1502 800 1662 832 ἀναισθήτου
1694 803 1845 839 φλεγμονῆς.
1872 806 1924 830 Καὶ

1125 847 1147 873 εἰ
1167 848 1210 873 τόν
1229 846 1305 877 πέλας
1324 847 1503 883 ἁμαρτάνοντα
1527 848 1664 884 θεωρήσεις
1692 849 1760 884 (73),
1783 850 1818 884 μὴ
1844 852 1922 874 τοῦτο

1125 895 1200 929 μόνον
1228 893 1307 919 αὐτοῦ
1331 895 1478 929 σκοπήσῃς·
1506 891 1667 928 ἐνθυμήθητι
1696 891 1726 919 δί
1750 895 1793 919 xui
1815 893 1866 920 ὅσα
1879 896 1924 920 πέ-

1125 947 1227 975 πραχεν
1257 937 1271 967 ἦ
1301 938 1409 975 πράττει
1437 937 1529 971 καλῶς,
1558 939 1602 964 xui
1638 936 1762 969 πολλάκις
1803 939 1924 974 εὑρήσεις

1126 982 1203 1009 αὑτὸν
1226 981 1346 1019 ἀμείνονα
1367 985 1488 1016 σεαυτοῦ,
1514 980 1562 1008 διὰ
1584 982 1686 1008 πάντων
1715 981 1854 1017 ἐξετάζων,
1878 986 1924 1010 xui

1125 1029 1161 1064 μὴ
1179 1028 1273 1064 μερικα
1286 1026 1462 1064 ψηφιζόμενος
1481 1027 1544 1063 (74).
1562 1025 1632 1053 Ουδέ
1649 1027 1700 1065 γὰρ
1724 1028 1788 1058 Θεὸς
1810 1032 1924 1064 μερικῶς

1126 1071 1238 1103 ἐξετάζει
1264 1074 1308 1098 τόν
1334 1072 1478 1108 ἄνθρωπον·
1507 1071 1573 1107 Ἐγὼ
1605 1072 1667 1108 γὰρ,
1694 1081 1769 1108 φησι,
1799 1073 1832 1098 τα
1860 1073 1926 1109 ἔργα

1125 1120 1171 1143 xui
1204 1118 1262 1147 τοὺς
1300 1116 1444 1153 λογισμοὺς
1477 1115 1560 1142 αὐτῶν
1606 1117 1721 1153 ἔρχομαι
1755 1120 1924 1153 συναγαγεῖν.

1127 1164 1177 1188 Kui
1203 1166 1239 1197 τῷ
1266 1161 1395 1198 Ἰωσαφὰτ
1421 1161 1579 1198 ἐπιτιμήσας
1605 1162 1667 1188 ποτὶ
1695 1160 1742 1188 διὰ
1764 1163 1812 1191 τὴν
1836 1171 1925 1198 παρα-

1125 1205 1209 1237 πόὸας
1239 1206 1378 1244 ἁμαρτίαν,
1403 1205 1520 1242 ἐμνήσθη
1555 1208 1600 1232 xui
1632 1210 1683 1232 τῶν
1714 1207 1925 1243 κατωρθωμένων

1127 1251 1208 1286 αὐτῷ,
1236 1250 1326 1287 λέγων·
1353 1250 1422 1280 Πλὴν
1451 1249 1516 1277 ἀλλὰ
1543 1250 1616 1287 λόγοι
1651 1249 1746 1287 ἁγαθοὶ
1781 1251 1926 1287 εὑρέθησαν

1128 1295 1152 1322 ἐν
1164 1298 1216 1323 σοί.

1164 1343 1189 1368 6.
1209 1344 1299 1367 Ταῦτα
1323 1342 1368 1367 καὶ
1393 1342 1426 1367 τὰ
1448 1343 1558 1367 τοιαῦτα
1585 1341 1651 1376 πρὸς
1675 1341 1722 1369 τὴν
1746 1340 1926 1377 ὑπερηφανίαν

1127 1384 1263 1422 ἐπᾴδωμεν
1300 1385 1401 1416 ἑαυτοῖς
1433 1385 1567 1419 ὶκάστοτε,
1601 1385 1784 1422 καθαιροῦντες
1819 1385 1927 1416 ἑαυτοὺς

1129 1430 1159 1455 ἶν’
1189 1429 1341 1467 semesam,
1370 1430 1526 1466 μιμούμενοι
1548 1430 1592 1456 τὸν
1614 1429 1641 1461 ἐξ
1659 1430 1770 1467 οὐρανοῦ
1793 1429 1926 1456 καταϐάν-

1126 1484 1160 1500 τα
1184 1476 1279 1510 Κύριον
1304 1475 1367 1512 πρὸς
1390 1477 1437 1503 τὴν
1461 1473 1579 1511 ἐσχάτην
1597 1476 1780 1508 ταπεινότητα,
1800 1476 1845 1500 xui
1866 1474 1927 1500 τοῦ-

245 1519 413 1547 hnmilitate
428 1518 469 1547 ad
483 1518 640 1546 decentem
656 1518 849 1547 altitudinem
872 1521 993 1547 evectus
1017 1522 1071 1547 est.

1129 1521 1227 1545 ναντίον
1251 1518 1278 1545 ἐκ
1302 1521 1487 1550 ταπεινότητος
1519 1519 1552 1549 εἰς
1572 1519 1636 1554 ὕψος
1660 1520 1746 1545 αἶσιον
1770 1518 1929 1555 ἐξογκούμε-

247 1564 456 1600 Comperimus
485 1563 567 1591 enim
592 1563 710 1591 Domini
734 1565 819 1598 gesta
836 1563 941 1592 omnia
964 1571 1022 1592 nos
1035 1564 1074 1592 ad

1129 1564 1249 1599 νοι(75).
1274 1565 1362 1590 Πάντα
1380 1565 1430 1601 γὰρ
1462 1561 1495 1593 δὴ
1521 1566 1585 1601 πρὸς
1605 1564 1842 1601 ταπεινοφροσύνην
1867 1573 1930 1590 παι-

247 1609 448 1636 humilitatem
459 1608 616 1636 instruere.
632 1607 734 1636 Infans
750 1616 819 1636 cum
835 1611 921 1642 esset,
933 1608 1034 1637 statim
1044 1609 1075 1637 in
1099 1605 1100 1610 ¹

249 1653 406 1689 spelunca,
423 1655 452 1680 et
473 1660 511 1680 ne
530 1652 561 1680 in
576 1652 652 1680 lecto
668 1652 803 1689 quidem,
821 1653 874 1681 sed
894 1653 925 1681 in
947 1653 1076 1690 prmsepi
1098 1660 1099 1663 ‘

247 1697 351 1734 jacuit.
367 1699 399 1725 In
411 1697 503 1725 domo
517 1696 572 1725 fuit
582 1697 659 1725 fabri
673 1697 793 1733 lignarii
810 1700 837 1725 et
848 1698 953 1726 matris
966 1706 1076 1734 paupe-

1132 1699 1235 1734 φάτνης·
1262 1697 1285 1724 ἐν
1309 1699 1371 1733 οῖκῳ
1393 1707 1509 1728 τεκτονος
1533 1700 1578 1724 καὶ
1592 1699 1694 1734 μητρὸς
1713 1700 1851 1735 πενιχρᾶς,
1867 1698 1930 1724 ὑπο-

1131 1607 1240 1635 ὃεύοντα
1271 1610 1305 1635 τὰ
1338 1612 1383 1635 τοῦ
1419 1610 1516 1645 Κυρίου
1558 1609 1721 1645 εὑρίσκομεν.
1749 1610 1841 1646 Βρέφος
1883 1608 1929 1644 ὡν,

1131 1653 1206 1684 εὐθὺς
1234 1652 1258 1678 ἐν
1283 1653 1414 1688 σπηλαίῳ,
1449 1655 1494 1680 xui
1531 1651 1592 1679 οὐδὲ
1621 1652 1664 1679 ἐπὶ
1691 1653 1791 1688 κλίνης,
1807 1652 1860 1679 ἀλλ’
1888 1652 1931 1679 ἐπὶ

249 1742 299 1778 ris,
310 1742 399 1771 matri
408 1741 550 1770 subditus
561 1743 590 1770 et
600 1741 680 1770 illius
693 1750 809 1778 sponso
821 1751 827 1770 :
840 1742 1016 1778 docebatur,
1024 1751 1078 1771 au-
1098 1738 1100 1751 ⁵

250 1787 470 1824 diebatquibus
483 1787 539 1815 sibi
551 1795 628 1823 opus
639 1795 701 1815 non
710 1789 788 1816 erat:
800 1787 1016 1823 interrogabat,
1026 1789 1078 1817 sed
1100 1798 1104 1831 ι

249 1833 292 1862 ita
306 1835 418 1866 tamen,
428 1835 461 1860 ut
475 1832 665 1868 interrogans
681 1834 760 1860 esset
772 1832 967 1861 admirationi
981 1833 1021 1861 ob
1033 1841 1080 1862 sa-

1132 1745 1292 1778 τασσόμενος
1318 1747 1349 1779 τῇ
1381 1745 1462 1779 μητρὶ
1500 1745 1544 1769 καὶ
1578 1747 1615 1778 τῷ
1646 1743 1754 1773 ⁴ταύτης
1786 1747 1931 1779 μνηστῆρι·

1134 1786 1337 1824 διδασκόμενος,
1369 1787 1468 1814 ἁκούων
1497 1787 1530 1813 ὧν
1558 1787 1606 1814 οὐκ
1633 1785 1725 1821 ἐδεῖτο,
1747 1786 1880 1824 ἐπερωτῶν
1902 1785 1932 1814 δέ

1134 1833 1212 1869 ὅμως,
1226 1834 1271 1859 xui
1297 1831 1344 1858 διὰ
1366 1835 1411 1862 τῆς
1437 1831 1586 1869 ἐρωτήσεως
1609 1831 1651 1858 ἐπὶ
1670 1835 1701 1868 τῇ
1729 1834 1806 1868 σοφίᾳ
1828 1832 1932 1868 θαυμα-

251 1878 406 1914 pientiam.
422 1877 614 1905 Subdebatur
627 1877 748 1911 Joanni,
761 1880 789 1905 et
805 1878 950 1906 Dominus
961 1886 979 1907 a
992 1887 1079 1907 servo
1104 1891 1107 1899 λ

250 1922 406 1958 baptisma
416 1921 597 1957 accipiebat:
609 1921 831 1956 insurgentium
841 1922 872 1949 in
884 1930 915 1950 se
922 1922 1082 1951 resistebat

253 1966 337 1999 nulli,
345 1974 441 2001 neque
452 1967 630 2001 potestatem
651 1965 848 1999 ineffabilem,
865 1974 927 2002 qua
937 1966 1081 2002 praeditus

254 2013 327 2046 erat,
343 2011 503 2038 exercebat
514 2019 520 2038 :
534 2010 587 2038 sed
609 2010 796 2039 concedebat
810 2011 898 2047 quasi
909 2012 1082 2047 potentiori-

253 2056 322 2090 bus,
339 2057 367 2084 et
382 2055 571 2091 temporariae
588 2056 731 2092 potestati
746 2056 914 2092 potentiam
930 2056 957 2084 ei
971 2065 1081 2085 conve-

254 2101 386 2129 nientem
399 2099 599 2136 permittebat.
617 2100 783 2129 Sistebatnr
794 2101 989 2137 pontiﬁcibus
999 2102 1029 2130 in
1039 2102 1082 2130 rei

255 2145 362 2174 habitu
374 2154 380 2173 :
392 2144 560 2173 ducebatur
568 2144 607 2173 ad
620 2145 792 2181 praesidem,
801 2148 830 2174 et
838 2145 987 2181 judicium
1002 2146 1082 2175 subi-

1134 1878 1250 1914 ξάμενος·
1292 1877 1499 1913 ὑποτασσόμενος
1546 1877 1662 1911 Ἰωάννη,
1705 1879 1750 1903 xui
1788 1876 1932 1912 βάπτισμα

1134 1933 1206 1960 παρα
1231 1926 1276 1949 τοῦ
1301 1920 1395 1949 δούλου
1418 1920 1558 1958 δεχόμενος
1585 1922 1756 1952 ὁΛεσπότης·
1776 1918 1862 1947 οὗὸενὶ
1877 1925 1931 1947 τῶν

1135 1967 1342 2004 ἐπανισταμένων
1367 1966 1563 2003 ἀνθιστάμενος,
1588 1965 1650 1993 οὐδὲ
1679 1968 1723 1995 τὴν
1740 1966 1837 2002 ἄφατον
1859 1964 1933 1996 ἐξου-

1137 2014 1207 2047 σίαν,
1232 2013 1263 2049 ᾖν
1288 2011 1369 2048 εἶχεν,
1385 2011 1617 2048 ἐπανατεινόμενος·
1644 2010 1697 2038 ἀλλ’
1724 2012 1759 2042 ὡς
1784 2009 1933 2037 δυνατωτέ-

1135 2068 1188 2095 ροις
1216 2059 1372 2094 ὑποχωρῶν,
1395 2060 1439 2083 καὶ
1453 2061 1484 2093 τῇ
1506 2059 1658 2094 προσκαίρῳ
1685 2055 1792 2092 ἐξουσίᾳ
1819 2057 1848 2082 τὸ
1875 2055 1934 2082 κατ’

1136 2103 1215 2132 αὐτὴν
1230 2103 1342 2140 ἰσχυρὸν
1365 2102 1516 2139 ἐπιτρέπων·
1545 2101 1587 2128 ἐπὶ
1612 2105 1662 2127 τῶν
1686 2100 1829 2138 ἀρχιερέων
1856 2100 1934 2126 ἱστά-

1136 2158 1209 2185 μενος
1229 2147 1253 2174 ἐν
1278 2150 1400 2183 σχήματι
1425 2145 1608 2183 δικαζομένου,
1638 2147 1747 2182 ἡγεμόνι
1772 2147 1934 2183 προσαγόμε-

254 2190 350 2224 bat,et
363 2197 434 2218 cum
447 2189 595 2226 potuisset
605 2189 838 2219 calumniatores
849 2191 1076 2226 redarguere,si‘

1136 2203 1178 2224 νος
1206 2195 1250 2218 xui
1276 2194 1363 2229 κρίσιν
1391 2193 1534 2229 ὑποφέρων,
1563 2192 1608 2217 καὶ
1632 2191 1716 2227 παρὸν
1744 2189 1859 2226 ἐλέγχειν
1875 2191 1935 2220 τοὺς

255 2234 348 2263 lentio
361 2234 474 2262 ferebat
486 2234 665 2263 calumnias.
672 2236 902 2272 Conspuebatur
912 2244 930 2264 θ,
938 2236 1031 2264 servis
1041 2236 1084 2264 vi—

257 2279 440 2315 lissimisque
446 2279 710 2315 mancipiis,morti
718 2280 992 2316 tradebatur,eique
1001 2281 1083 2317 apud

258 2324 397 2353 homines
412 2324 603 2360 turpissima).
621 2324 667 2353 Sic
682 2325 787 2353 omnia
801 2325 840 2353 ab
856 2327 924 2354 ortu
937 2325 977 2354 ad
990 2325 1082 2355 ﬁdem

1139 2241 1372 2274 συκοξυαντοῠντας,
1413 2240 1497 2272 σιωπῇ
1540 2237 1620 2273 φέρων
1661 2235 1708 2265 τὰς
1749 2244 1933 2270 συκοφαντίας

1138 2282 1312 2318 ἐμπτνόμενος
1338 2282 1387 2307 ὑπὸ
1413 2279 1511 2307 δούλων
1535 2282 1580 2306 καὶ
1603 2276 1753 2316 παιδαρίων
1783 2277 1935 2305 εὐτελεστά-

1138 2337 1199 2362 των,
1229 2327 1329 2363 θανάτῳ
1352 2323 1575 2363 παραδιδόμινος,
1606 2326 1651 2351 καὶ
1677 2324 1778 2360 θανάτῳ
1807 2326 1843 2359 τῷ
1863 2323 1935 2360 παρὰ

296 2429 319 2447 ⁸³
339 2428 396 2458 Isa.
412 2436 489 2464 an,
510 2431 536 2457 6.
565 2429 590 2447 ⁸³
609 2428 697 2458 Prov.
711 2436 753 2464 ιιι,
766 2429 891 2464 34;.ῐθ.ο.
908 2437 949 2460 ιν,
965 2431 1000 2465 6;
1014 2438 1022 2458 ι
1035 2431 1076 2459 Pe

1129 2438 1154 2464 v,
1171 2432 1198 2459 5.
1230 2429 1254 2448 “
1275 2429 1345 2459 Luc.
1360 2428 1473 2464 xm“.
1506 2428 1530 2446 εδ
1551 2429 1607 2457 lsa.
1621 2434 1697 2462 LXVI,
1720 2427 1765 2455 18.
1799 2426 1824 2444 ⁸⁸
1840 2425 1935 2454 IIPa-

258 2465 347 2502 ralip.
367 2473 425 2501 xxx,
448 2468 474 2494 3.

295 2554 351 2590 (72)
371 2555 453 2581 Unus
465 2553 548 2590 Colb.
565 2554 578 2579 ὀ
595 2551 634 2590 ὀξὲ,
650 2553 759 2582 vocula
773 2555 818 2581 καὶ
828 2553 953 2583 omissa.

295 2591 352 2625 (73)
374 2590 419 2617 Sic
434 2589 667 2626 rescribendum
687 2589 831 2626 duximus
846 2598 901 2626 pro
928 2590 1008 2618 edito
1027 2591 1087 2617 θιωι

257 2628 354 2662 ρὴσῃς,
370 2624 455 2662 quod
469 2625 509 2652 ad
519 2627 676 2662 poetarum
690 2624 855 2662 dialectuni
864 2625 999 2662 pertinet.
1010 2626 1087 2654 Εοιτ.

295 2660 351 2694 (74)
364 2661 453 2698 linus
467 2660 537 2696 Reg.
552 2662 634 2698 μικρᾷ
649 2660 858 2698 ψηλαφιξόμενος

295 2698 351 2730 (‘75)
364 2697 481 2724 Veteres
492 2699 550 2724 tres
561 2697 630 2724 libri
640 2706 708 2725 cum
721 2700 847 2733 utraque
857 2697 987 2725 editione
998 2699 1084 2723 αἶσιον

258 2732 448 2770 ἐξογκούμενοι.
477 2734 516 2770 ﬁt
545 2732 627 2760 Colb.
657 2734 774 2770 primus
798 2732 885 2770 uictos
913 2732 1081 2770 ἐξελκόμενοι.

258 2769 371 2797 Sensus
386 2768 517 2805 postulat
533 2769 566 2797 ut
584 2776 640 2805 pro
654 2768 833 2805 ἐξογχούμενοι
853 2768 1082 2805 Ιοεαωιιςκξογ-

1141 2556 1412 2591 κούμενονβυεσιαηι
1422 2553 1595 2591 Dominum.
1610 2553 1788 2591 Erratumne
1801 2551 1839 2579 sit
1849 2550 1937 2591 libra-

1142 2587 1272 2625 rioi-um,
1280 2598 1320 2618 an
1335 2590 1392 2618 hoc
1411 2589 1526 2618 dictum
1546 2589 1583 2616 sit
1597 2596 1651 2624 per
1662 2587 1883 2625 atplragtz'ouem,
1896 2587 1937 2625 vi-

1142 2621 1264 2654 debunt'
1271 2626 1330 2654 alii.
1347 2627 1456 2653 Vocem
1469 2627 1570 2653 autem
1591 2621 1677 2650 οὶῖσιον
1692 2623 1733 2651 ita
1748 2622 1849 2650 Latine
1872 2621 1938 2650 red-

1141 2662 1217 2689 didit
1232 2661 1443 2695 Combetisius,
1459 2661 1499 2688 ad
1522 2660 1663 2689 eximiam
1690 2667 1726 2695 ac
1748 2658 1935 2695 singularem

1141 2698 1346 2726 celsuudinem
1359 2693 1512 2732 provexit.
1529 2695 1586 2724 Sed
1596 2695 1620 2732 si
1630 2693 1936 2732 semelrecedendum

1141 2734 1180 2774 sit
1192 2733 1231 2761 ab
1242 2741 1278 2761 ea
1288 2728 1382 2774 quam
1393 2741 1449 2774 vox
1465 2733 1551 2774 αἴσιος
1562 2731 1671 2759 usitate
1681 2729 1772 2774 habet
1783 2728 1936 2774 significa-

1139 2769 1227 2804 tione,
1241 2764 1345 2798 malim
1359 2770 1483 2803 vertere,
1499 2767 1541 2796 ad
1555 2774 1700 2796 summam
1715 2764 1935 2795 celsitudinem.
