2059 3136
136 110 187 136 537

752 103 899 133 HOMILIA
919 104 967 132 DE
988 105 1208 134 HUMILITATE.

1769 107 1821 135 538

134 169 276 207 ἀνθρώποις
305 168 450 204 αἰσχίστω.
476 168 552 195 Οὕτω
577 169 620 194 τὸν
647 168 781 206 ἄνθρωπον
814 165 934 198 διεξῆλθε

992 175 1088 203 usque
1103 169 1221 196 aetatem
1236 167 1367 196 hominis
1379 167 1579 204 absumpsere
1592 177 1598 196 :
1610 168 1664 196 sed
1678 170 1747 205 post
1756 169 1822 196 tan-

134 215 218 241 πάντα
250 215 284 239 τὰ
312 212 361 238 ἀπὸ
387 215 445 248 (76)
469 215 588 249 γενέσεως
617 213 650 243 εἰς
675 212 744 243 τέλος
760 223 767 229 υ
797 215 842 238 καὶ
870 213 935 248 μετὰ

132 260 261 287 τοσαύτην
283 259 519 295 ταπεινοφροσύνην
547 258 654 295 ὕστερον
681 259 729 286 τὴν
754 255 833 288 δόξαν
848 256 936 292 ἐκφαί-

131 313 177 336 νΞι,
202 301 371 334 συνδοξάζων
396 302 477 338 ἐαυτῷ
493 303 551 333 τοὺς
576 300 819 333 συναδοξήσαντας.
836 301 884 327 Ὠν
911 301 935 327 οἱ

130 349 260 385 μακάριοι
287 348 416 384 μαθηταὶ,
441 351 550 384 πρῶτοι,
575 349 679 377 πένητες
704 349 749 373 καὶ
772 348 866 382 γυμνοὶ
887 347 935 375 τὴν

130 393 286 429 οἰκουμένην
306 390 504 430 διαδραμόντες,
519 392 566 418 οὐκ
590 391 614 418 ἐν
635 394 715 428 σοφίᾳ
739 391 827 427 λόγου,
845 391 892 417 οὐκ
911 390 936 417 ἐν

131 437 280 464 ἀκολούθων
307 436 407 470 πλήθει,
437 438 521 473 μόνοι,
553 438 598 462 καὶ
627 436 730 469 ἀλῆται,
761 438 805 462 καὶ
832 437 934 473 ἔρημοι,

131 486 182 518 γῆν
212 491 240 508 τε
272 483 317 508 καὶ
351 481 477 507 θάλατταν
510 479 702 518 ἔξαμείϐοντες,
735 481 934 517 μαστιζομσνοι,

130 526 358 562 λιθοϐολούμενοι,
407 525 581 562 διωκόμενοι,
629 526 700 557 τῇος
743 525 934 563 ἀναιρούμενοι.

129 574 220 598 Ταῦτα
240 572 302 607 ἡμῖν
326 574 434 608 πατρῷα
460 573 504 596 καὶ
529 571 585 596 θιῖα
612 569 784 606 παιδεέματα.
802 572 870 607 Πρὸς
889 572 935 600 τὴν

130 618 229 643 τούτων
255 616 366 652 ᾶθωμιν
394 617 517 651 μίμησιν,
544 615 576 640 ἶν’
608 615 670 651 ἡμῖν
689 615 717 641 ἐκ
743 619 790 646 τῆς
813 617 936 642 ταπεινό-

131 670 213 691 τητος
235 660 352 696 ἀνατείλῃ
383 658 449 692 δόξα
471 659 581 694 αἰώνιος,
612 660 627 689 ἠ
657 659 741 687 τελεία
764 662 808 686 καὶ
836 659 936 692 ἀληθὴς

133 709 253 742 Χριστοῦ
270 703 366 743 δωριά.

169 753 197 779 7.
214 754 268 781 Πῶς
281 749 325 777 οὖν
352 750 387 782 εἰς
406 752 450 780 τὴν
467 752 595 788 σωτήριον
620 751 857 788 ταπεινοφροσύνην
883 760 934 777 κα-

131 795 311 832 ταϐησόμεθα,
345 797 388 822 τὸν
426 795 540 833 ὀλέθριον
574 797 650 831 ὄγκον
680 799 726 826 τῆς
759 796 934 833 ὑπερηφανίας

991 213 1053 240 tam
1068 212 1279 246 humilitatem,
1295 212 1421 247 gloriam
1437 213 1560 241 tandem
1574 213 1714 246 ostendit,
1735 213 1820 248 igno-

990 256 1090 284 miniae
1106 257 1203 285 socios
1218 257 1248 285 in
1261 257 1435 285 societatem
1450 257 1552 292 glorias
1567 266 1630 286 sua:
1646 255 1818 286 admittens.

991 303 1124 335 Quorum
1135 301 1224 338 primi
1237 304 1306 329 sunt
1317 301 1395 330 beati
1407 301 1554 338 discipuli,
1562 303 1615 339 qui
1627 310 1777 339 pauperes
1791 304 1820 330 et

989 346 1063 374 nudi
1079 346 1184 374 orbem
1195 348 1341 374 terrarum
1352 349 1574 381 percurrerunt,
1585 354 1647 374 non
1658 347 1688 374 in
1701 347 1819 383 sapien-

990 390 1032 419 tia
1047 391 1271 424 sermonis,non
1283 398 1352 418 cum
1363 393 1548 418 sectatorum
1559 391 1736 428 frequentia,
1749 391 1817 426 soli,

989 435 1059 470 vagi
1074 443 1110 463 ac
1124 435 1258 469 desolati,
1276 437 1386 463 terram
1402 443 1438 463 ac
1449 443 1531 463 mare
1546 439 1750 471 peragrantes,
1764 435 1816 464 ﬂa-

990 479 1052 515 gris
1063 480 1143 514 caesi,
1157 479 1310 516 lapidibus
1322 479 1414 515 petiti,
1426 479 1566 511 divexati,
1575 480 1666 508 occisi
1676 480 1818 517 denique.

990 526 1057 553 Haec
1067 524 1156 553 nobis
1172 527 1242 553 sunt
1252 527 1378 561 paterna
1392 525 1576 554 documenta
1590 527 1618 553 et
1632 525 1743 554 divina.
1753 527 1818 554 Haec

990 569 1191 602 imitemur,ut
1203 569 1292 598 nobis
1307 577 1360 605 per
1373 569 1574 598 humilitatem
1590 570 1715 598 accedat
1722 570 1818 605 gloria

990 617 1112 649 aeterna,
1127 614 1293 651 perfectum
1308 614 1381 642 illud
1397 622 1432 643 ac
1448 622 1553 644 verum
1569 614 1675 644 Christi
1690 614 1817 644 donum.

1025 752 1052 777 7.
1070 748 1226 781 Quomodo
1240 756 1311 783 ergo
1321 748 1361 776 ad
1373 747 1536 777 salutarem
1549 747 1749 777 humilitatem
1764 748 1820 776 de-

990 794 1158 828 veniemus,
1178 793 1305 822 exitioso
1315 793 1465 830 superbire
1477 795 1592 821 tumore
1606 793 1746 821 derelicto
1756 793 1770 820 ?
1791 793 1820 822 Si

129 840 334 873 καταλιπόντες;
351 839 409 867 Ἐὰν
439 837 486 866 διὰ
508 841 611 867 πάντων
631 839 751 876 ἁσκῶμιν
769 842 799 867 τὸ
820 844 934 879 τοιοῦτο⁹

991 838 1064 875 quid
1073 838 1222 874 ejusmodi
1233 838 1456 866 exercuerimus
1466 837 1497 865 in
1511 837 1723 872 omnibus,nec
1733 837 1819 873 quid-

128 888 176 912 καὶ
201 883 285 921 μηδὲν
308 889 461 922 παρορῶμεν
490 886 521 915 ὡς
548 884 578 911 οὐ
601 885 673 921 παρὰ
697 889 773 912 τοῦτο
801 884 935 922 βλαϐησό-

131 939 215 967 μενοι.
234 933 295 960 Τοῖς
312 930 363 966 γὰρ
390 928 597 965 ἐπιτηδεύμασιν
620 929 757 966 ὁμοιοῦται
778 929 869 966 ψυχὴ,
889 932 933 957 καὶ

131 976 200 1011 πρὸς
214 974 230 1000 ἃ
244 975 361 1011 πράττει,
376 977 514 1007 τυποῦται,
542 976 586 1000 καὶ
609 975 673 1012 πρὸς
687 978 772 1001 ταῦτα
795 977 934 1011 σχηματί-

131 1019 216 1050 (erat.
232 1018 319 1046 Ἔστω
344 1028 386 1045 σοι
405 1021 449 1044 καὶ
473 1023 579 1055 σχῆμα,
604 1021 649 1045 καὶ
673 1019 784 1055 ἱμάτιον,
810 1021 854 1046 καὶ
881 1018 935 1056 βά-

131 1061 229 1100 δισμα,
258 1065 304 1089 καὶ
332 1061 460 1100 καθέδρα,
489 1065 535 1090 καὶ
563 1068 661 1100 τροφῆς
688 1064 861 1098 κατάστασις,
889 1066 935 1090 καὶ

133 1112 271 1145 στρωμνῆς
298 1110 465 1144 παρασκευὴ,
496 1109 540 1134 καὶ
573 1106 651 1141 οἶκος,
682 1109 725 1135 καὶ
753 1109 786 1135 τὰ
818 1108 842 1135 ἐν
873 1108 935 1134 οἰκω

132 1154 215 1182 σκεύη
244 1153 330 1179 πάντα
347 1154 414 1189 πρὸς
440 1152 566 1179 εὗτέλιιαν
592 1153 752 1189 ἠσκημένα·
779 1155 825 1179 καὶ
848 1153 934 1189 λόγος,

130 1199 177 1224 καὶ
192 1195 259 1233 ᾠδὴ,
275 1198 320 1224 καὶ
339 1198 354 1226 ἠ
378 1201 425 1224 τοῦ
439 1197 552 1226 πλησίον
571 1198 690 1231 ἔντευξις,
710 1199 756 1224 καὶ
773 1201 856 1224 ταῦτα
870 1199 935 1234 πρὸς

129 1244 291 1279 μετριότητα
320 1241 415 1278 μᾶλλον
448 1242 463 1272 ἢ
490 1243 556 1280 πρὸς
585 1244 661 1279 ὄγκον
695 1243 789 1280 ὁράτω.
823 1244 865 1272 Μὴ
891 1252 936 1279 μοι

130 1289 250 1323 κόμπους
272 1286 297 1313 ἐν
318 1286 388 1323 λόγῳ
409 1289 587 1323 σοφιστικοὺς,
614 1286 684 1323 μηδᾶ
709 1286 734 1313 ἓν
757 1285 840 1319 ὢδαῖς
864 1285 934 1317 ἠδυ-

131 1334 229 1368 φωνίας
258 1331 483 1368 ὑπερϐαγλούσας,
508 1329 578 1368 μηδί
605 1330 732 1364 διαλέξεις
756 1333 935 1369 ὑπερηφάνους

131 1378 178 1402 καὶ
192 1375 301 1414 βαρείας
316 1386 322 1393 ’
351 1375 403 1402 ἀλλ’
418 1375 442 1402 ὶν
469 1376 567 1403 ἅπασιν
596 1377 700 1414 ὑφαίριι
723 1380 769 1404 τοῦ
788 1378 934 1413 μιφίθουςο

130 1422 254 1457 χρηστὸς
281 1422 344 1457 πρὸς
372 1420 416 1447 τόν
445 1421 527 1457 φίλον,
553 1423 630 1453 ἤπιος
658 1422 721 1458 πρὸς
746 1423 790 1448 τὸν
821 1421 932 1456 οἰκέτην,

131 1465 283 1497 ἁνεξίκακος
314 1466 379 1502 πρὸς
410 1467 471 1496 τοὺς
503 1466 622 1502 θρασεῖς,
655 1465 833 1503 φιλάνθρωπος
870 1468 936 1504 πρὸς

130 1512 192 1542 τοὺς
217 1511 364 1543 ταπεινοὺς,
386 1514 543 1548 παρηγορῶν
571 1512 756 1547 κακουμένους,
778 1510 935 1538 ἐπισκεπτό-

129 1565 206 1593 μενος
236 1557 295 1586 τοὺς
323 1554 348 1581 ἐν
375 1553 488 1589 ὀδύναις,
515 1553 617 1592 μηδένα
641 1556 764 1588 καθάπαξ
792 1557 936 1596 ὑπερορῶν,

129 1600 229 1637 γλυκὺς
247 1600 271 1627 ἐν
285 1602 464 1639 προσηγορόα,
481 1598 593 1637 φαιδρός
615 1600 642 1627 ἄν
668 1600 820 1638 ἀποκρίσει,
836 1599 936 1636 δεξιὸς,

131 1645 285 1682 εὐπρόσιτος
313 1645 408 1678 ἅπασι,
441 1647 508 1681 μήτε
537 1648 647 1672 σεαυτοῦ
675 1644 776 1678 διεξιὼν
807 1645 936 1683 ἀγκὼμια,

130 1687 202 1727 μηδὲ
234 1689 335 1726 ἐτέρους
371 1689 453 1726 λέγειν
490 1690 718 1727 παρασκευάζων,
753 1688 822 1727 μηδὶ
861 1691 936 1727 λόγον

132 1734 244 1770 ἄσεμνον
281 1733 492 1770 ἀποδεχόμενος,
531 1733 710 1761 ἐπικαλύπτων
742 1735 793 1762 ὅσα
824 1734 936 1762 δυνατὸν

133 1781 186 1804 τῶν
213 1782 321 1804 σεαυτοῦ
345 1778 572 1815 πλεονεκτημάτων
589 1789 596 1796 ·
620 1778 663 1806 ἐπὶ
688 1777 717 1806 δὲ
741 1783 796 1811 τοῖς
820 1780 936 1817 ἁμαρτή-

134 1832 203 1859 μασι
243 1826 391 1860 κατηγορῶν
429 1827 550 1856 σεαυτοῦ,
589 1825 634 1850 καί
671 1826 707 1860 μὴ
746 1826 808 1855 τοὺς
845 1825 934 1862 ἐτέρων

133 1866 256 1903 ὶλὴχους
280 1866 417 1904 ἀναμένων,
440 1869 482 1894 ἵνα
507 1869 567 1904 γίνῃ
597 1869 666 1895 κατὰ
690 1870 734 1895 τὸν
762 1867 865 1896 δίκαιον
891 1871 934 1896 τόν

133 1911 225 1938 iam-0'3
249 1914 394 1949 κατήγορον
422 1912 446 1939 ἐν
471 1912 643 1950 πρωτολογίᾳ,
671 1914 712 1940 ἵνα
738 1912 770 1951 ᾖς
795 1915 862 1941 κατὰ
890 1915 934 1940 τὸν

133 1956 202 1990 Ἰὼϐ,
223 1956 249 1988 ὃς
272 1957 302 1983 οὔ
331 1955 459 1994 διετράπη
483 1957 644 1994 πολυοχλίαν
663 1957 770 1992 πόλεως,
791 1958 831 1985 ἐπ’
849 1958 934 1985 αὐτῶν

133 2000 304 2040 ἆξαγορεῡσαι
318 2003 347 2027 τὸ
372 2000 440 2028 ἴδιον
459 2006 589 2038 πταῖσμα.
607 2004 649 2032 Μὴ
667 2001 752 2039 βαρὺς
770 2002 794 2029 ἄν
809 2002 934 2039 ἐπιτιμή-

133 2056 193 2073 σεσι
215 2048 301 2082 γίνου,
325 2044 395 2083 μηδὲ
419 2048 530 2082 ταχέως,
554 2045 623 2083 μηδὶ
645 2046 764 2084 ἐμπαθῶς
792 2047 934 2084 ὶξελέγχων

131 2089 256 2126 (αὔθαδες
280 2091 330 2128 γὰρ
355 2092 384 2118 τὸ
408 2092 547 2127 τοιοῦτον),
563 2089 633 2128 μηδὲ
657 2091 698 2118 ἐπὶ
721 2096 827 2129 μικροῖς
850 2102 934 2119 κατα-

133 2134 260 2170 δικάζων,
291 2137 326 2167 ὡς
353 2134 550 2174 ἀχριϐοδίκαιος
579 2137 637 2172 (77)
670 2136 750 2168 αὐτὸς
782 2137 932 2174 ὑπάρχων·

990 892 1084 921 quam
1091 883 1311 918 neglexerimus
1320 886 1464 919 tanquam
1470 882 1587 911 nullum
1594 882 1662 910 inde
1670 882 1819 910 damnum

989 927 1172 965 perpessuri.
1194 928 1298 956 Anima
1315 927 1394 955 enim
1411 927 1518 955 studiis
1542 926 1648 955 similis
1671 926 1704 955 fit
1727 929 1817 962 atque

990 972 1262 1007 exercitationibus,
1271 974 1300 1000 et
1310 972 1348 1000 ad
1364 980 1400 1000 ea
1414 980 1482 1008 quae
1494 971 1592 1006 efficit,
1603 971 1750 1000 formatur
1762 971 1816 999 tin-

989 1018 1138 1054 giturque.
1162 1018 1225 1045 Tibi
1239 1020 1268 1046 et
1282 1017 1414 1051 habitus,
1431 1020 1460 1045 ct
1472 1017 1610 1050 vestitus,
1626 1019 1655 1045 et
1669 1016 1817 1057 incessus,

989 1065 1019 1091 et
1032 1063 1139 1098 sessio,
1154 1064 1182 1091 et
1197 1062 1292 1090 victus
1305 1062 1382 1091 ratio
1397 1064 1426 1089 et
1438 1061 1506 1090 lecti
1521 1064 1696 1098 apparatus,
1713 1064 1742 1090 et
1760 1062 1819 1090 do-

990 1116 1068 1143 mus,
1083 1109 1111 1136 et
1124 1106 1224 1136 omnis
1241 1107 1325 1142 162
1342 1106 1454 1134 aedium
1469 1106 1603 1143 supellex
1622 1106 1768 1134 instructa
1782 1109 1818 1135 sit

990 1152 1029 1181 ad
1041 1152 1304 1184 tenuitatemnuin
1314 1153 1342 1179 et
1353 1153 1494 1182 sermo,et
1506 1153 1623 1185 cantus,
1637 1153 1666 1178 et
1677 1159 1818 1185 congres-

990 1205 1042 1224 sus
1054 1204 1124 1225 cum
1138 1196 1288 1232 proximo,
1304 1198 1333 1224 et
1350 1196 1414 1223 hinc
1425 1203 1547 1232 quoque
1571 1195 1611 1223 ad
1635 1195 1817 1224 modestiam

990 1241 1087 1277 magis
1100 1249 1194 1277 quam
1210 1241 1250 1269 ad
1265 1240 1374 1268 fastum
1389 1240 1557 1275 composita
1567 1247 1634 1267 esse
1648 1239 1817 1270 videantur.

991 1287 1031 1314 Ne
1045 1285 1120 1314 mihi
1132 1285 1163 1314 in
1179 1293 1318 1314 sermone
1342 1284 1536 1321 sophisticam
1558 1284 1746 1320 jactantiam,
1766 1287 1819 1313 aut

989 1330 1021 1359 in
1034 1329 1191 1359 cantilenis
1203 1329 1331 1358 nimiam
1343 1329 1424 1358 vocis
1440 1329 1628 1360 suavitatem,
1640 1331 1692 1357 aut
1712 1337 1818 1365 super-

989 1375 1062 1404 bam
1070 1383 1105 1404 ac
1115 1383 1240 1411 gravem
1249 1374 1435 1410 disceptandi
1445 1374 1592 1402 rationem
1601 1373 1754 1402 ostendas:
1765 1373 1819 1402 sed

989 1419 1037 1449 fac
1046 1428 1163 1448 reseces
1173 1420 1203 1447 in
1214 1419 1355 1448 omnibus
1364 1418 1592 1459 amplitudinem
1602 1420 1691 1455 atque
1702 1418 1818 1453 magni-

990 1465 1152 1496 ﬁcentiam,
1168 1463 1323 1492 ofﬁciosus
1338 1463 1368 1491 in
1380 1463 1524 1498 amicum,
1538 1463 1618 1491 mitis
1640 1471 1712 1498 erga
1722 1463 1818 1491 famu~

952 1515 972 1542 c
991 1509 1064 1545 lum,
1075 1509 1193 1545 patiens
1207 1516 1279 1543 erga
1291 1507 1626 1545 petulantes,humanus
1641 1515 1712 1543 erga
1721 1507 1818 1535 humi-

991 1555 1044 1589 les,
1060 1554 1221 1583 consolans
1248 1553 1384 1585 aﬂlictos.
1399 1553 1532 1581 invisens
1556 1552 1659 1581 dolore
1684 1552 1817 1587 affectos,

991 1599 1144 1628 neminem
1156 1599 1281 1627 omnino
1297 1600 1506 1631 contemnens,
1521 1597 1622 1625 suavis
1635 1597 1665 1625 in
1687 1596 1818 1633 compel<

990 1644 1094 1678 lando,
1118 1643 1221 1672 hilaris
1239 1643 1270 1671 in
1298 1642 1523 1680 respondendo,
1552 1642 1658 1675 comis,
1679 1641 1817 1678 praebens

991 1689 1133 1718 omnibus
1143 1689 1261 1718 facilem
1277 1696 1443 1722 accessum,
1457 1695 1555 1724 neque
1567 1695 1698 1715 narrans
1712 1687 1818 1715 laudes

990 1736 1175 1770 tuas,neque
1185 1733 1258 1762 alios
1272 1733 1311 1761 ad
1322 1732 1509 1761 narrandum
1519 1731 1704 1767 subornans,
1720 1739 1818 1767 neque

990 1779 1151 1808 admittens
1160 1777 1355 1806 inhonestum
1368 1776 1681 1807 sermonem,eximias
1689 1779 1756 1804 tuas
1766 1776 1817 1804 do-

988 1825 1045 1857 tes,
1059 1823 1162 1860 quoad
1187 1822 1251 1858 ejus
1263 1821 1327 1850 ﬁeri
1343 1822 1459 1858 poterit,
1476 1821 1632 1857 obtegens.
1650 1822 1758 1849 Contra
1776 1820 1817 1848 ob

988 1871 1115 1905 peccata.
1131 1870 1157 1896 te
1170 1868 1234 1904 ipse
1248 1875 1359 1895 accusa
1370 1867 1408 1901 ‘7;
1421 1869 1450 1895 et
1463 1875 1501 1894 ne
1516 1868 1672 1903 exspectes
1689 1866 1816 1894 aliorum

987 1913 1299 1950 reprehensionem,ut
1305 1913 1420 1948 justum
1430 1912 1514 1940 initio
1525 1911 1672 1940 sermonis
1683 1911 1816 1946 seipsum

988 1960 1183 1987 accusantem
1198 1958 1324 1992 imitere,
1338 1959 1370 1986 ut
1392 1957 1468 1985 Jobo
1491 1956 1595 1985 similis
1620 1956 1704 1990 sis",
1724 1964 1816 1992 quem

988 2011 1050 2031 non
1061 2002 1169 2040 puduit
1183 2002 1248 2038 ejus
1260 2010 1328 2038 qua:
1343 2001 1373 2029 in
1383 2001 1501 2029 civitate
1516 2003 1579 2029 erat
1596 2000 1814 2029 multitudinis:

989 2048 1043 2076 sed
1059 2050 1189 2075 erratum
1205 2055 1295 2075 suum
1303 2054 1406 2075 coram
1418 2046 1491 2083 ipsis
1501 2046 1663 2081 evulgavit.
1680 2047 1721 2074 Ne
1732 2045 1772 2073 sis
1785 2045 1816 2072 in

988 2091 1181 2127 objurgando
1192 2091 1303 2127 gravis,
1315 2099 1413 2127 neque
1428 2090 1496 2125 cito,
1508 2099 1605 2127 neque
1616 2090 1718 2118 animo
1734 2097 1814 2117 com-

989 2138 1071 2164 moto
1095 2136 1261 2170 redarguas
1284 2136 1353 2171 (hoc
1380 2135 1461 2162 enim
1486 2135 1588 2170 resipit
1610 2134 1816 2169 arrogantiam

133 2184 192 2210 τοῦς
219 2179 245 2207 ὶν
273 2181 466 2217 παράπτὼματι
494 2180 766 2218 προσλαμϐανόμενος,
787 2183 830 2208 καὶ
859 2191 934 2208 πνευ-

991 2180 1179 2217 quamdam),
1194 2187 1292 2215 neque
1308 2179 1347 2207 ob
1360 2187 1407 2207 res
1422 2179 1505 2215 parvi
1532 2179 1677 2206 momenti
1701 2178 1815 2206 conde-

133 2228 252 2261 ματικῶς
279 2225 442 2262 καταρτίζων
471 2225 573 2259 αὐτοὺς,
602 2227 637 2257 ὡς
665 2227 678 2252 ὁ
702 2226 859 2258 Ἀπόστολος
887 2237 935 2253 πα-

133 2273 239 2306 ραινεῖ·
272 2273 375 2296 Σκοπῶν
404 2271 521 2304 σεαυτὸν,
555 2272 591 2306 μὴ
627 2273 673 2298 καὶ
704 2272 736 2298 σὺ
766 2272 933 2309 πειρασθῇς·

134 2314 267 2343 τοσαύτην
285 2315 436 2351 ποιούμενος
466 2313 586 2345 σπουδὴν
610 2317 647 2352 μὴ
678 2313 838 2347 δοξάζεσθαι
864 2317 936 2353 παρὰ

135 2357 290 2396 ἀνθρώποις,
316 2359 382 2389 ὅσην
405 2360 485 2396 ἕτεροι
507 2361 567 2397 περὶ
589 2363 635 2387 τοῦ
664 2358 836 2396 δοξάζεσθαι,
858 2362 881 2387 εἴ
906 2371 936 2398 γε

172 2435 195 2453 ⁸⁷
211 2436 300 2464 Prov.
316 2437 454 2469 “111,17.
491 2435 516 2454 ⁸³
531 2435 586 2464 Job
601 2443 678 2469 xxxx,
694 2437 741 2465 34.

171 2510 226 2547 (76)
241 2511 370 2547 Utraque
389 2510 478 2539 editio
493 2511 579 2547 πάντα
592 2515 642 2538 τῶν
660 2511 722 2539 ἀπό.
738 2513 774 2540 At
790 2511 937 2540 Combefi-

135 2546 345 2584 sianicodices
360 2547 444 2584 πάντα
458 2548 500 2584 ῖὸν
514 2546 588 2584 ᾲπὸᾷ·
605 2547 687 2584 quod
704 2546 746 2576 ita
759 2547 935 2584 interpreta-

134 2585 183 2610 tur
192 2582 241 2610 via
249 2582 440 2610 doctissimus
452 2582 724 2618 Combefisius,Sic,
731 2591 797 2618 quae
806 2582 875 2611 sunt
887 2583 936 2611 ho-

134 2619 224 2645 minis
240 2619 386 2652 transegit
396 2618 496 2646 omnia
507 2618 545 2646 ab
555 2622 624 2646 ortu
635 2619 779 2647 nativatis
794 2620 825 2647 in
834 2619 934 2653 ﬁnem.

135 2655 171 2681 At
186 2653 269 2681 Colb.
280 2653 396 2689 primus
405 2655 490 2679 πάντα
504 2655 537 2680 τὰ
552 2653 613 2682 ἀπὸ.
626 2654 672 2682 Ad
683 2654 936 2689 verbum,0mnia

136 2697 202 2724 qua:
213 2692 377 2726 evenerunt
389 2689 426 2717 ab
442 2692 511 2726 ortu
524 2690 566 2717 ad
573 2691 662 2724 ﬁnem
674 2697 776 2726 mque,
787 2689 935 2726 hominem

135 2727 179 2760 sic
195 2725 449 2760 pertransierunt.
466 2725 528 2753 Hoc
548 2727 603 2759 est,
628 2725 763 2754 Christus
785 2725 878 2754 homo
894 2726 936 2754 sic

135 2759 168 2788 in
182 2759 326 2797 Oper-ibus
335 2759 501 2789 humilibus
514 2762 609 2790 totam
624 2761 718 2790 vitam
728 2761 882 2797 transegit.

990 2228 1236 2261 mnes,tanquam
1244 2224 1267 2252 si
1274 2223 1338 2260 ipse
1345 2224 1472 2260 perfecte
1481 2224 1580 2259 justus
1592 2223 1817 2252 exslstas.Com-

991 2271 1117 2307 plectere
1145 2269 1365 2305 delinquentes,
1393 2276 1428 2296 ac
1455 2267 1646 2304 spiritualiter
1664 2268 1746 2304 ipsos
1770 2268 1816 2296 in-

991 2317 1104 2350 staura,
1114 2313 1157 2342 uti
1168 2315 1269 2341 monet
1278 2312 1451 2349 Apostolus:
1465 2312 1665 2341 Cunsiderans
1677 2313 1814 2348 teipsum,

990 2368 1027 2389 ne
1040 2362 1067 2388 et
1088 2362 1122 2388 tu
1141 2359 1262 2388 lentem
1275 2358 1310 2386 ⁸⁵.
1324 2358 1452 2386 Tantum
1467 2357 1557 2386 studii
1571 2357 1601 2385 in
1613 2365 1647 2386 eo
1659 2357 1764 2394 ponito
1784 2359 1816 2387 ut

783 2436 807 2454 ‘°
825 2435 918 2466 Galat.
931 2444 973 2472 vx,
986 2439 1011 2465 t.

1037 2512 1082 2548 77)
1096 2509 1231 2548 ΙΙΙιιᾶηῲς
1256 2508 1462 2548 ἁκριϐοδίκαιος,
1487 2509 1512 2538 si
1530 2509 1637 2544 mavis,
1660 2509 1701 2548 ita
1714 2509 1816 2548 inter-

989 2547 1157 2584 pretabere,
1166 2546 1448 2584 Velutszimmojure
1456 2553 1548 2584 agens
1560 2549 1650 2584 atque
1659 2546 1818 2584 inclemenj

991 2581 1063 2612 tius.
1080 2585 1141 2611 Vox
1155 2582 1233 2612 αὐτὸς
1247 2581 1277 2609 in
1301 2590 1396 2610 causa
1421 2581 1484 2613 fuit,
1501 2589 1554 2609 cur
1576 2582 1617 2609 ita
1632 2581 1817 2616 interpretati

992 2619 1098 2652 simus,
1116 2619 1270 2653 Tanquam
1290 2619 1316 2645 si
1330 2619 1392 2651 ipse
1406 2617 1814 2653 per/'eclejustusrexsistas.

990 2656 1066 2683 Nam
1081 2662 1139 2682 vox
1160 2652 1237 2685 αὗτός
1262 2653 1311 2681 vix
1334 2653 1413 2686 sinit,
1438 2652 1528 2680 uthic
1542 2652 1625 2680 locus
1646 2652 1730 2680 aliter
1744 2653 1817 2680 verti

1013 2691 1094 2718 ossit.
1112 2689 1199 2722 Quod
1214 2697 1285 2716 mox
1308 2688 1452 2724 sequitur,
1473 2688 1636 2724 καταρτίζων
1657 2687 1760 2718 αὐτούς,
1775 2688 1816 2716 ita

1013 2698 1094 2718 OSSIL
1112 2698 1199 2722 uuou
1214 2698 1285 2716 mox
1308 2698 1452 2724 sequntur,
1473 2698 1636 2724 XGTaP7t5w‘J
1657 2698 1760 2718 αντους,

990 2698 1092 2754 Eaﬁne
1102 2725 1187 2753 reddi
1202 2727 1300 2762 potest
1313 2732 1349 2752 ex
1361 2723 1496 2758 Vulgata,
1513 2724 1666 2752 instruens
1681 2724 1768 2758 ipsos.
