2059 3136
282 154 334 182 527

969 150 997 178 S.
1019 149 1144 178 BASlLll
1163 151 1272 180 MAGNI
1908 158 1957 185 528

276 221 325 249 hic
338 222 415 249 certe
429 218 516 256 quasi
530 218 698 246 humanam
708 216 848 243 naturam
859 212 1086 242 trancendentes

1159 213 1280 248 μίζονσι,
1297 217 1407 252 πάτημα
1432 217 1492 246 τοὺς
1508 216 1690 253 ὑποκειμένους
1709 216 1860 254 ἀνθρκ-ιπονς
1880 219 1956 254 ἡγού-

276 268 392 294 tantum
405 272 465 292 non
477 263 551 299 ipsis
564 260 697 290 nubibus
708 259 836 287 insidere
861 267 892 286 se
908 258 1101 291 arbitrantur,

274 310 413 338 homines
427 308 577 343 subjectos
590 314 645 342 pro
660 303 792 332 scabello
802 303 1049 338 ducentes,seque
1061 303 1103 330 at-

274 355 410 382 tollentes
429 353 459 381 in
485 353 567 388 ipsos
582 350 697 378 collatae
714 349 772 376 sibi
786 348 941 383 dignitatis
952 349 1101 379 auctores,

273 401 301 427 et
315 398 462 426 adversus
476 405 538 429 eos,
550 403 680 432 quorum
693 401 784 430 opera
795 392 895 420 eximii
909 391 1035 428 quidam
1047 391 1102 418 viri

274 451 338 471 esse
353 443 501 473 videntur,
513 440 738 468 insolescentes.
755 439 855 473 Agunt
867 445 930 465 rem
942 435 1101 464 dementiae

271 487 404 524 plenam,
421 494 490 514 cum
501 485 634 512 habeant
644 482 770 518 gloriam
783 482 901 509 somnio
912 480 1098 515 debiliorem,

271 532 556 565 circumdenturque
569 527 728 565 splendore
739 526 893 554 nocturnis
905 525 975 553 visis
987 524 1101 552 inanio-

269 575 484 612 rezquiscilicet
495 573 678 610 populinutu
686 571 953 600 contletur.ctnutu
964 569 1099 604 ejusdem

268 620 459 648 dissolvatur.
474 617 628 654 Ejusmodi
641 618 704 644 erat
726 616 852 643 demens
866 615 912 642 ille
929 613 1098 642 Salomonis

268 666 358 697 ﬁlius,
381 663 611 699 xetatejuvenis,
627 661 734 689 mentis
750 659 1029 696 prudentiajunior,
1045 658 1098 694 qui

267 718 337 739 eum
353 709 467 746 populo
478 707 641 744 imperium
653 705 754 733 mitius
771 704 880 741 petenti
896 704 999 731 durius
1015 711 1097 731 com-

266 755 397 783 minatus
407 755 495 786 esset,
508 755 535 780 et
544 760 598 788 per
607 751 705 779 minas
715 758 841 785 regnum
854 748 1097 781 amisisset,unde

265 801 461 834 regnaturum
472 805 503 824 se
514 796 670 831 augustius
678 793 902 830 sperabat,inde
910 801 944 820 ex
952 793 1097 828 dignitate

264 851 357 879 quam
366 842 509 874 habebat,
527 841 661 876 dejectus
672 840 756 867 est".
772 838 879 866 Reddit
888 840 989 865 autem
1002 837 1097 865 homi-

1158 267 1240 293 μενοι,
1251 262 1296 285 καὶ
1314 261 1382 286 κατὰ
1394 264 1444 286 τῶν
1458 263 1506 290 την
1520 259 1593 292 ἀξίαν
1615 259 1767 287 δεδωκότων
1783 262 1870 293 αὐτοῖς
1887 262 1957 289 ἐπαι-

1157 306 1270 340 ρόμενοι,
1291 307 1333 331 καὶ
1360 303 1396 332 δι’
1418 306 1451 331 ὧν
1476 304 1541 332 εἶναι
1557 304 1668 332 δοκοῦσί
1683 316 1758 340 τινες,
1776 308 1844 333 κατὰ
1858 309 1955 334 τούτων

1158 346 1379 386 ἀλαζονευόμενοι·
1407 353 1516 387 πρᾶγμα
1539 350 1634 387 πλῆρες
1668 349 1753 381 ἀνοίας
1777 352 1952 388 ὑπομένοντες,

1157 391 1255 429 ὀνείρου
1274 395 1430 431 σαοροτεραν
1445 396 1549 430 ἔχοντες
1565 393 1653 428 δόξαν,
1670 397 1715 421 xui
1727 398 1899 433 ματαιοτέραν
1910 407 1955 433 φα-

1157 437 1260 473 σμάτων
1291 441 1442 475 νυκτέρινών
1471 438 1681 476 περιϐεϐλημένοι
1696 440 1879 476 λαμπρότητα,
1901 443 1955 467 νεύ-

1155 491 1219 517 ματι
1246 481 1333 519 δήμου
1362 485 1561 520 συνισταμένην,
1578 486 1622 510 καὶ
1647 485 1754 521 νεύματι
1771 483 1953 522 διαλυομένην,

1156 526 1215 557 Οῖος
1241 527 1272 556 ἦν
1297 529 1309 554 ὁ
1335 529 1476 566 wgf/ippon
1492 528 1595 561 ἐκεῖνος,
1615 529 1628 555 ό
1647 534 1692 555 τοῦ
1709 530 1871 566 Σολομῶντος
1887 531 1952 565 υἱός,

1155 572 1234 602 όνέος
1255 574 1301 601 τήν
1328 572 1440 606 ἡλικίαν,
1471 575 1515 599 xui
1540 574 1583 604 τὰς
1607 576 1699 611 φρένας
1728 577 1858 611 νεώτερος,
1884 576 1896 601 ὁ
1917 579 1952 611 τῷ

1155 614 1231 652 δήμῳ
1253 617 1374 647 ζητοῦντι
1393 620 1537 656 πραοτέραν
1570 619 1709 654 ἠγεμονίαν
1724 618 1868 650 ἀπειλήσας
1895 630 1951 656 χα-

1153 660 1304 698 λεπωτέραν,
1333 664 1375 688 καὶ
1404 660 1450 688 diu
1474 667 1520 693 τῆς
1546 662 1653 694 ἀπειλῆς
1668 662 1797 694 ἀπολέσας
1807 666 1853 693 την
1875 663 1953 700 βασι-

1152 704 1233 740 λείαν,
1261 703 1297 732 δι’
1313 706 1343 736 ἧς
1358 704 1539 742 προσεδόκησε
1556 706 1762 745 βασιλικώτερος
1778 707 1953 744 ὀφθήσεσθαι,

1153 748 1199 776 δια
1219 751 1317 781 ταύτης
1343 752 1506 788 καθαιρεθεὶς
1529 752 1560 782 ἧς
1575 750 1646 787 εἶχεν
1662 751 1747 783 ἀξίας.
1772 754 1903 790 Θραοήνει
1924 752 1952 780 δε

1151 795 1285 832 ἄνθρωπον
1313 797 1357 821 καὶ
1381 800 1478 833 χειρῶν
1494 794 1617 832 δύναμις,
1633 798 1678 823 καὶ
1693 798 1777 832 τάχος
1793 796 1891 831 ποδῶν,
1907 800 1952 825 καὶ

1153 842 1272 875 σώματος
1301 840 1437 877 εὐμορφία·
1461 842 1543 867 νόσων
1576 841 1798 879 παραναλώματα,
1825 844 1871 868 καὶ
1885 845 1951 879 χρό-

263 896 334 916 nem
345 887 524 915 insolentem
531 888 560 914 et
571 892 718 913 manuxxm
726 883 779 917 vis,
791 885 818 910 et
825 883 960 910 celeritas
970 885 1082 918 pedum

1150 893 1194 910 νου
1231 882 1418 920 δαπανήματα·
1448 887 1492 911 καὶ
1531 885 1578 911 οὐκ
1621 886 1780 920 αἰσθάνεται,
1809 887 1848 913 ὃτι
1873 890 1951 913 Πᾶσα

264 935 292 960 et
307 931 443 968 corporis
451 933 593 959 venustas
605 938 612 957 :
624 937 691 965 qum
711 937 730 956 a
757 927 871 956 morbis
882 927 1051 961 abolentur,
1067 929 1097 955 et

264 980 401 1013 tempore
410 976 680 1008 absumuntur;nec
690 972 986 1006 animadvertitquod
994 971 1096 1000 Omnis

263 1029 334 1050 caro
348 1022 454 1056 fenum
469 1021 518 1055 sit,
531 1023 557 1048 et
569 1019 664 1047 omnis
680 1019 781 1053 gloria
795 1017 933 1049 hominis,
949 1017 1026 1044 sicut
1037 1017 1093 1051 ﬂos

261 1067 337 1102 feni.
349 1066 441 1093 Aruit
452 1066 555 1100 fenum
569 1068 595 1092 et
602 1065 657 1098 ﬂos
668 1062 814 1091 decidit“.
827 1061 904 1090 Talis
915 1063 979 1089 erat
989 1061 1094 1096 gigan-

261 1112 326 1138 tum
343 1110 382 1138 ob
398 1110 492 1137 robur
504 1117 539 1137 ac
549 1109 627 1136 vires
639 1106 847 1142 arrogantia“,
865 1105 932 1134 talis
945 1108 1005 1133 erat
1019 1113 1093 1142 quo.

261 1162 320 1190 que
336 1153 436 1181 stolidi
450 1153 528 1181 illius
543 1152 658 1181 Goliath
674 1150 817 1187 superbia
836 1151 896 1178 Deo
910 1149 1030 1178 infensa
1054 1150 1090 1178 ³⁵.

260 1197 340 1225 Talis
349 1200 413 1226 erat
428 1200 457 1226 et
470 1197 603 1225 Adonias
617 1197 654 1224 de
670 1195 892 1232 pulchritudine
914 1194 1089 1230 gloriabun-

258 1241 316 1270 dus
326 1243 360 1277 ³⁸,
372 1245 400 1271 et
414 1243 558 1270 Absalom
573 1241 742 1278 prolixitate
752 1248 847 1268 coma:
858 1239 1037 1276 superbiens
1052 1240 1086 1268 ³⁷.

293 1289 319 1314 2.
340 1288 404 1315 lmo
419 1295 489 1315 vero
497 1287 581 1323 quod
597 1286 673 1314 inter
683 1285 743 1314 alia
756 1284 929 1312 mortalium
947 1284 1030 1312 bona
1044 1284 1088 1312 vi-

257 1330 343 1359 detur
355 1332 522 1359 maximum
533 1339 598 1358 esse
613 1339 649 1358 ac
663 1329 955 1362 constantissimum,
969 1329 1088 1365 sapien-

256 1376 298 1404 tia
322 1379 350 1404 et
374 1376 546 1412 prudentia,
563 1375 594 1403 id
617 1382 741 1411 quoque
751 1374 843 1402 habet
858 1381 968 1401 vanam
980 1373 1085 1402 elatio-

255 1427 337 1455 nem,
360 1423 507 1457 paratque
523 1419 737 1447 sublimitatem
757 1426 819 1446 non
834 1426 937 1446 veram
948 1426 1017 1446 cum
1032 1419 1085 1447 ha-

254 1472 322 1493 rum
351 1473 452 1493 rerum
471 1465 618 1493 habeatur
644 1464 720 1492 ratio
731 1463 825 1497 nulla,
842 1463 866 1490 si
883 1463 933 1490 Dei
943 1462 1020 1491 desit
1034 1471 1083 1491 sa-

254 1509 381 1545 pientia.
402 1511 476 1538 Nam
487 1508 759 1545 diaboloipsimale
772 1507 859 1535 cessit
872 1507 1041 1536 adhibitum
1053 1508 1084 1536 in

254 1553 411 1582 hominem
419 1554 578 1582 artiﬁcium
591 1555 634 1586 ;et
643 1555 726 1589 quod
737 1552 927 1580 machinatus
940 1554 984 1580 est
997 1553 1018 1587 1
1026 1552 1084 1588 58
1100 1568 1120 1597 ο

254 1600 361 1626 contra
385 1597 586 1626 hominem.id
606 1596 855 1625 struxitinscieus
880 1597 1027 1625 adversus
1041 1605 1084 1625 se-

256 1643 421 1679 metipsum
438 1651 445 1670 :
459 1642 610 1679 siquidem
622 1649 682 1670 non
694 1644 810 1670 tantum
825 1641 927 1669 nocuit
938 1641 975 1676 ei,
991 1650 1083 1678 quem

254 1697 272 1718 a
284 1690 342 1717 Deo
358 1690 387 1715 et
400 1696 417 1716 a
433 1687 490 1715 vita
505 1689 615 1716 tetcrna
629 1686 871 1715 abalienaturum
889 1695 920 1714 se
942 1694 1084 1723 sperave-

254 1735 313 1766 rat,
337 1735 486 1769 quantum
516 1740 548 1760 se
577 1732 641 1768 ipse
661 1731 804 1767 prodidit,
822 1731 1009 1766 transfugaa
1024 1732 1083 1759 Deo

252 1779 362 1813 factus,
390 1780 419 1805 et
445 1777 533 1805 morti
564 1779 683 1805 aeternae
699 1776 850 1805 addictus.
864 1778 959 1812 Atque
973 1776 1083 1812 laqueo

251 1831 344 1860 quem
362 1823 489 1851 Domino
503 1822 621 1856 struxit,
636 1824 742 1857 captus
767 1821 832 1858 ipse
847 1824 903 1854 est,
921 1821 1082 1849 cruciﬁxus

250 1869 282 1898 in
296 1877 332 1897 ea
347 1876 446 1903 cruce,
457 1868 488 1895 in
503 1875 564 1904 qua
574 1867 791 1895 cruciﬁxurum
804 1874 836 1894 se
848 1866 972 1894 rebatur
985 1876 991 1901 ;
1004 1869 1032 1895 et
1046 1875 1083 1896 ea.

250 1915 347 1941 morte
369 1915 509 1940 mortuus
525 1919 586 1948 qua
603 1912 764 1939 Dominum
789 1911 949 1947 speravita
961 1919 993 1939 se
1006 1912 1082 1940 occi-

250 1965 319 1985 sum
344 1957 389 1985 iri.
423 1957 509 1990 Quod
534 1957 558 1984 si
569 1956 839 1992 mundiprinceps,
854 1956 972 1991 primus
988 1956 1036 1985 ille
1052 1959 1082 1985 et

249 2001 402 2030 maximus
418 2003 447 2029 et
462 2000 620 2028 invisibilis
637 2000 790 2036 sapientiae
805 2000 970 2028 mundanae
987 2002 1080 2037 magi-

249 2049 308 2076 ster
336 2046 453 2082 capitur
480 2046 544 2073 suis
572 2045 668 2081 ipsius
680 2044 864 2079 artiﬁciis,et
887 2045 1080 2082 adinsipien-

247 2091 321 2120 tiam
335 2093 501 2119 extremam
529 2090 693 2125 redigitur:
709 2090 804 2118 multo
826 2090 925 2126 magis
944 2091 1010 2126 ejus
1037 2091 1080 2119 di-

248 2135 354 2173 scipuli
369 2138 459 2172 atque
471 2135 673 2169 zemulatores,
687 2135 807 2163 etiamsi
818 2135 986 2163 innumeris
998 2143 1078 2164 com-

247 2182 356 2210 mentis
383 2183 514 2215 utantur,
538 2182 675 2209 Dicentes
702 2188 733 2209 se
747 2188 808 2209 esse
817 2181 976 2215 sapientes,
992 2182 1080 2210 stulti
1093 2194 1115 2221 ι)

243 2228 324 2262 facti
337 2230 407 2255 sunt
419 2227 452 2254 ³⁸.
465 2226 593 2254 Adhibet
608 2228 687 2254 artes
703 2226 800 2254 malas
815 2225 930 2254 Pharao
941 2226 1078 2255 adlsrae-

244 2272 304 2300 lem
319 2271 625 2308 disperdendumzsed
639 2279 700 2299 non
712 2271 927 2299 animadvertit
952 2271 1022 2299 inde
1038 2272 1075 2300 ir-

242 2316 333 2344 ritam
347 2316 410 2344 fore
423 2324 510 2344 suam
526 2315 680 2348 astutiam,
698 2316 779 2343 unde
803 2315 877 2343 nihil
897 2316 1075 2351 hujusmodi

244 2361 433 2397 expectabat.
451 2362 483 2389 Et
494 2360 594 2388 infans
606 2359 769 2396 ejusjussu
782 2360 822 2387 ad
836 2362 963 2388 mortem
979 2369 1074 2396 expo—

243 2406 328 2441 situs,
343 2405 422 2434 clam
434 2405 464 2433 in
476 2405 568 2433 domo
580 2404 665 2439 regis.
679 2404 809 2432 nutritur
823 2405 846 2422 ³³
859 2412 866 2431 :
879 2404 932 2440 qui
953 2407 982 2433 et
994 2405 1073 2434 illius

651 2502 676 2520 ⁸³
689 2502 744 2530 Isa.
759 2511 802 2536 XL,
824 2505 851 2537 6,
871 2505 899 2531 7.

277 2504 301 2522 ³³
317 2504 354 2532 IlI
368 2505 438 2537 Reg.
454 2510 506 2535 xu,
521 2504 548 2537 4,
566 2504 609 2531 14.
651 2504 676 2520 ⁸³
689 2504 744 2530 Isa.
759 2511 802 2536 XL,
824 2505 851 2537 6,
871 2505 899 2531 7.
938 2504 958 2522 ³⁸

278 2542 293 2568 5
305 2548 372 2568 sua.
411 2540 433 2557 ³τ
454 2539 477 2566 It
488 2539 561 2568 Rea.
578 2546 639 2568 xxv.
654 2539 700 2566 26.
739 2539 762 2556 ³⁸
783 2540 870 2568 Rom.
886 2546 907 2568 ι.
923 2541 958 2568 22

865 2559 870 2567 .
886 2559 907 2576 .,
924 2559 969 2568 ...η

240 2548 261 2575 ι,
278 2542 293 2568 5
305 2548 372 2576 sqq.
411 2540 433 2557 ³τ
454 2539 477 2566 It
488 2539 561 2574 Reg.
578 2546 639 2574 xxv,
654 2539 700 2566 26.

238 2637 410 2679 iniyjpsid'w"
428 2637 481 2679 ubi
507 2638 577 2679 post
606 2636 749 2678 voculam
777 2639 825 2666 τὴν
855 2637 1063 2679 supplendum

237 2675 282 2715 est
293 2673 378 2715 illud,
392 2673 490 2715 ἑαντῆν
502 2674 589 2715 φύσιν,
601 2680 686 2701 suam
699 2673 832 2708 ipsorum
848 2673 992 2702 naturam
1003 2675 1063 2702 col-

237 2709 343 2741 locari,
361 2717 415 2736 seu
430 2709 576 2737 collocari
585 2716 624 2737 se.

270 2745 326 2779 (58)
356 2744 476 2780 Antiqui
504 2745 566 2772 duo
581 2745 648 2772 libri
675 2747 719 2770 καὶ
735 2746 761 2774 ἡ.
776 2747 861 2773 Deest
873 2745 1014 2773 articulus
1028 2746 1059 2773 in

233 2780 375 2815 vulgatis,
388 2780 545 2815 Sapientia
560 2783 587 2809 et
601 2781 764 2815 prudentia
785 2782 922 2809 humana
937 2781 1058 2810 scilicet.

269 2817 327 2854 (58)
356 2817 407 2844 Καὶ
434 2820 509 2844 τοῦτο
537 2821 658 2854 ματαίον.
687 2817 739 2845 Ed.
766 2817 856 2845 Paris.
894 2819 962 2846 1839
988 2817 1060 2853 legit

938 2504 962 2522 "
983 2504 1054 2533 Gen.
1075 2513 1116 2540 vx,
1135 2506 1152 2533 4
1174 2513 1181 2540 ;
1201 2505 1271 2541 Sap.
1291 2512 1351 2540 xxv,
1372 2505 1398 2533 6.

1008 2541 1033 2559 "
1043 2540 1110 2570 .lud.
1129 2549 1170 2577 1x,
1185 2543 1197 2569 ί
1215 2548 1302 2578 seqq.

1156 928 1225 965 σὰρξ
1255 930 1362 965 χόρτος,
1395 932 1440 955 καὶ
1467 933 1542 956 πᾶσα
1570 928 1636 961 δόξα
1668 929 1815 968 ἀνθρώπου,
1849 932 1884 962 ὡς
1908 932 1951 958 οἷν-

1153 973 1193 1003 οος
1226 976 1337 1010 χόρτον.
1376 973 1518 1010 Ἐξηράνεη
1560 975 1573 1000 ό
1601 977 1711 1012 χόρτος,
1742 978 1787 1001 xui
1816 977 1844 1002 τὸ
1873 977 1950 1008 ἄνθος

1149 1016 1270 1048 ἐξέπεσε.
1313 1021 1439 1044 Τοιαῦται
1475 1019 1605 1055 γιγάντων
1624 1018 1664 1046 ἐπὶ
1706 1017 1816 1056 δυνάμει
1857 1019 1950 1051 ἀλαζο-

1147 1065 1222 1095 νιῖαι,
1251 1065 1296 1088 xui
1321 1062 1414 1089 Γολιὰο
1444 1062 1554 1092 ἀνοήτου
1580 1066 1700 1101 φρόνημα
1727 1065 1867 1101 οεομάχον,
1907 1067 1950 1091 καὶ

1148 1106 1162 1132 ὁ
1185 1106 1272 1133 κάλλει
1289 1109 1357 1143 μέγα
1376 1112 1473 1145 φρονῶν
1499 1106 1636 1142 Ἀδωνίας,
1664 1111 1708 1135 καὶ
1737 1111 1839 1146 μηέθει
1863 1111 1949 1146 κόμης

1146 1149 1311 1189 ἐπαιρόμενος
1327 1151 1507 1190 Ἀϐεσσαλώμ.

1179 1287 1206 1313 2.
1221 1285 1254 1311 Ὃ
1277 1283 1306 1312 δὲ
1331 1283 1405 1313 δοκεῖ
1426 1290 1477 1313 τῶν
1490 1287 1572 1314 ἀλλων
1591 1291 1642 1314 τῶν
1655 1288 1824 1325 ὑπαρχόντων
1840 1288 1943 1327 ἀνθρὼ-

1141 1339 1199 1360 ποις
1223 1330 1305 1356 καλῶν
1332 1333 1456 1368 μέγιστον
1474 1330 1539 1358 εἶναι
1563 1334 1608 1358 καὶ
1625 1332 1800 1370 βεϐαιότερον,
1825 1334 1840 1364 ἡ
1865 1336 1946 1371 σοφία

1140 1375 1211 1403 καὶὴ
1302 1377 1435 1412 φρόνησις,
1456 1378 1500 1403 xui
1515 1380 1591 1404 τοῦτο
1605 1382 1717 1414 ματαῖον
1732 1379 1801 1414 (58.)
1823 1379 1880 1414 ἔχει
1896 1381 1943 1408 τὴν

1142 1420 1262 1456 ἔπαρσιν,
1287 1423 1332 1446 xui
1361 1420 1425 1456 ὕψος
1458 1420 1505 1447 οὐκ
1532 1420 1624 1452 ἀληθὲς
1659 1423 1865 1459 παρασκευάζέι·
1895 1429 1944 1455 τῆς

1140 1465 1214 1500 παρὰ
1231 1469 1296 1491 (θεοῦ
1314 1467 1404 1502 σορίας
1426 1465 1556 1500 ἀπούσης,
1578 1466 1613 1498 εἰς
1628 1465 1704 1494 οὐδὲν
1723 1468 1820 1494 τούτων
1835 1467 1945 1504 λογιζο-

1140 1511 1234 1545 μένων,
1266 1511 1404 1536 Δίαπίπτει
1426 1511 1471 1546 μὲν
1497 1512 1546 1548 γὰρ
1560 1510 1631 1546 αὐτῷ
1651 1516 1687 1547 τῷ
1703 1510 1817 1549 διαϐόλῳ
1830 1514 1859 1539 το
1875 1515 1944 1540 κατὰ

1139 1557 1186 1580 τοῦ
1208 1553 1344 1592 ἀνθρώπου
1376 1556 1504 1591 σόφισμα,
1530 1558 1574 1582 καὶ
1600 1555 1659 1582 καθ’
1689 1556 1782 1583 ἑαυτοῦ
1807 1559 1942 1593 τεχνάσας

1140 1598 1227 1625 ἔλαθεν
1261 1599 1273 1625 ὃ
1298 1600 1366 1625 κατὰ
1386 1603 1432 1626 τοῦ
1464 1599 1600 1637 ἀνθρώπου
1624 1602 1823 1638 μεμηχάνηται,
1865 1601 1943 1629 otide

1139 1647 1262 1670 τοσοῦτον
1291 1643 1384 1671 ἐκεῖνον
1407 1644 1557 1681 ζημιώσας,
1581 1645 1608 1671 ὃν
1637 1645 1746 1674 ἣλπισεν
1760 1646 1937 1684 ἀπαλλοτριῶ-

1141 1698 1194 1715 σειν
1223 1692 1285 1716 Θεοῦ
1308 1691 1353 1716 καὶ
1378 1689 1448 1720 ζωῆς
1476 1689 1592 1724 αἰωνίου,
1622 1691 1682 1716 ὅσον
1707 1690 1797 1717 ἑαυτὸν
1812 1689 1939 1729 προδοὺς,

1139 1733 1289 1765 ἀποστάτης
1314 1737 1380 1761 Θεοῦ
1412 1737 1530 1770 γεγονὼς,
1553 1736 1598 1761 καὶ
1612 1736 1713 1771 θανάτῳ
1733 1733 1940 1768 καταδικασθεὶς

1139 1778 1244 1815 αἰωνίῳ.
1270 1781 1320 1805 Καὶ
1343 1781 1390 1807 τὴν
1413 1779 1481 1805 κατὰ
1499 1782 1545 1805 τοῦ
1573 1781 1670 1816 Κυριόυ
1698 1782 1797 1811 στήσας
1826 1779 1940 1817 παγίδα,

1139 1822 1187 1850 διὰ,
1211 1825 1310 1854 ταύτης
1334 1823 1408 1857 ἑάλω,
1438 1824 1598 1861 σταυρωθεὶς
1611 1823 1635 1850 ἐν
1683 1828 1844 1862 σταυρώσειν
1857 1835 1940 1862 προσ-

1138 1867 1260 1901 εδόκησε,
1287 1870 1332 1894 καὶ
1365 1867 1500 1894 ἁποοανὼν
1526 1867 1550 1894 ἓν
1634 1870 1677 1895 τόν
1708 1871 1799 1906 Κύριον
1828 1869 1940 1898 ἤλπισεν

1138 1913 1288 1950 ἀναιρήσειν
1311 1913 1422 1949 θανάτῳ.
1451 1913 1481 1939 ΕΖ
1505 1911 1534 1939 δὲ
1562 1913 1575 1939 ὀ
1596 1917 1642 1939 τοῦ
1670 1915 1766 1950 κόσμον
1792 1913 1895 1950 ἅρχων,
1924 1915 1938 1941 ὁ

1136 1962 1239 1996 πρῶτος
1261 1960 1306 1984 xui
1323 1959 1448 1994 μέγιστος
1475 1959 1520 1984 xui
1539 1957 1649 1995 ἀόρατος
1676 1962 1724 1989 τῆς
1743 1961 1870 1994 κοσμικῆς
1892 1967 1940 1985 σο·

1137 2004 1198 2039 φίας
1214 2004 1351 2038 σοφιστής,
1367 2002 1501 2028 ἁλίσκεται
1519 2006 1571 2033 τοῖς
1582 2001 1674 2028 ἑαυτοῦ
1700 2004 1872 2039 σοφίσμασιν,
1900 2003 1939 2034 εἰς

1135 2049 1183 2076 τὴν
1207 2046 1326 2083 ἐσχάτην
1352 2047 1553 2084 περιιστάμενος
1577 2045 1734 2084 ἀφροσύνην,
1756 2046 1842 2082 πολλῷ
1868 2047 1936 2084 μᾶ).-

1135 2091 1177 2118 λον
1204 2093 1228 2118 οἰ
1252 2090 1348 2117 ἐκείνου
1374 2092 1493 2128 μαθηταὶ
1514 2093 1559 2117 καὶ
1579 2091 1705 2125 ζηλωταὶ,
1733 2091 1780 2117 κᾶν
1799 2102 1881 2129 μυρια
1895 2102 1937 2119 σο-

1135 2139 1279 2172 φίσωνται,
1312 2136 1456 2167 Φάσκοντες
1491 2134 1556 2162 εἶναι
1593 2138 1683 2172 σοφοὶ,
1727 2135 1933 2172 ἐμωράνθησαν.

1135 2181 1346 2217 Κατασοφίζεται
1367 2182 1459 2217 Φαραὼ
1567 2179 1605 2206 ἐπ’
1636 2180 1731 2218 ὀλέθρῳ
1745 2180 1862 2217 Ἰσραήλ·
1880 2181 1936 2208 ἀλλ’

1133 2226 1219 2253 ἔλαθεν
1235 2227 1247 2252 ό
1262 2226 1462 2262 κατασοφισμὸς
1477 2224 1546 2260 αὑτῷ
1575 2223 1718 2257 διαλυθεὶς,
1733 2225 1789 2251 ὅθεν
1804 2225 1833 2251 οὗ
1853 2236 1937 2262 προσ-

1133 2270 1253 2300 εδόκησε.
1273 2273 1324 2297 Καὶ
1338 2270 1432 2307 βρέφος
1447 2269 1545 2296 ἐκτεθὲν
1572 2267 1619 2295 δ’ιὰ
1635 2272 1664 2297 τὸ
1680 2273 1838 2307 πρόσταγμα
1851 2271 1934 2298 αὑτοῦ

1132 2316 1167 2347 εἰς
1201 2317 1308 2342 θάνατον
1336 2315 1454 2342 λανθάνει
1474 2317 1628 2351 τρεφόμενον
1652 2314 1694 2341 ἐπὶ
1717 2319 1764 2346 τῆς
1786 2315 1870 2346 οὶκίας
1885 2321 1932 2347 τῆς

1132 2361 1284 2397 βασιλικῆς.
1309 2363 1354 2386 καὶ
1375 2361 1516 2397 καθαιροῡν
1544 2361 1591 2388 τὴν
1620 2358 1716 2386 ἐκείνου
1751 2358 1862 2396 δύναμιν
1887 2363 1932 2387 καὶ

1130 2408 1177 2436 τὴν
1197 2410 1243 2433 τοῦ
1265 2407 1361 2436 παντὸς
1384 2404 1482 2440 ἐονονς,
1512 2406 1558 2431 καὶ
1583 2405 1627 2431 τὸν
1651 2403 1758 2442 Ἰσραὴλ
1788 2404 1879 2441 ἐξάγον
1893 2405 1932 2438 εἰς

1437 2504 1461 2522 ³³
1481 2503 1492 2531 x
1511 2505 1582 2539 Reg.
1604 2510 1674 2539 xvn,
1695 2504 1721 2532 4.
1760 2503 1841 2539 “xu,
1854 2504 1927 2540 Reg.

1117 2640 1243 2676 ματαίαν,
1254 2638 1379 2667 rectius.
1396 2639 1474 2666 Εῡιτ.

1153 2675 1297 2715 (59l__\_’ox
1312 2677 1406 2714 Φαραώ
1421 2673 1567 2715 reperitur
1582 2673 1614 2715 in
1635 2673 1717 2715 Golb.
1732 2673 1838 2715 primo
1841 2675 1883 2715 et
1891 2673 1926 2702 in

1115 2711 1185 2745 Reg.
1199 2708 1305 2738 itidem
1321 2708 1431 2746 primo,
1446 2708 1504 2746 hoc
1520 2709 1624 2744 modo,
1651 2708 1745 2746 Φαραῶ
1759 2708 1798 2735 ἐπ’
1826 2708 1926 2746 etiam,

1115 2748 1218 2782 Φαραὼ,
1228 2746 1349 2774 Pharao
1359 2746 1389 2773 in
1400 2746 1448 2782 sui
1458 2745 1554 2782 ipsius
1562 2745 1732 2773 Pharaonis
1741 2745 1923 2779 perniciem.

1114 2780 1189 2809 Editi
1204 2787 1233 2809 et
1248 2782 1318 2817 lteg.
1335 2780 1490 2809 secundus
1503 2783 1536 2809 ut
1547 2780 1578 2809 in
1593 2782 1746 2810 contextu.
