2049 3131
239 114 290 142 535

237 176 280 203 Ac
290 175 410 203 illorum
417 174 541 211 quidem
546 175 664 209 justitia
674 175 876 211 sicutpannns
887 177 1054 202 menstrua-

238 222 275 249 tae
289 221 369 248 facta
383 223 426 248 est
441 230 447 248 :
462 221 486 238 θ’
501 221 637 255 gentium
658 228 731 248 vero
750 220 894 256 iniquitas
908 220 1060 256 impietas-

239 274 298 303 que
313 266 410 294 deleta
431 267 475 293 est
500 273 552 300 per
571 265 677 294 ﬁdem.
698 267 728 293 In
742 273 873 300 summa,
889 264 1063 293 memineris

237 311 316 339 illius
326 310 484 347 proverbii.
497 310 642 344 Superbis
664 311 743 338 Deus
762 311 884 343 resistit,
897 309 1061 337 humilibus

239 363 308 384 vero
318 355 370 384 dat
385 355 517 390 gratiam
528 355 562 382 ⁸³.
584 354 667 382 Habe
681 355 711 382 in
727 357 870 391 promptu
884 353 1064 382 sententiam

239 399 357 428 Domini
373 408 379 427 :
396 400 497 428 Omnis
511 400 565 435 qui
587 407 617 428 se
638 399 790 432 humiliat,
806 399 1010 432 exaltabitur;
1037 401 1064 426 et

239 446 330 482 quise
342 445 469 478 exaltat,
485 445 742 473 humiliabitur“.
760 446 799 472 Ne
823 444 867 472 tui
890 443 986 480 ipsius
1007 443 1064 471 ﬁas

236 490 332 526 judex
346 490 480 526 iniquus,
501 497 599 526 neque
615 489 654 517 ad
671 489 798 524 gratiam
813 488 968 524 expende:
986 489 1010 516 si
1026 488 1066 516 vi-

239 535 330 563 deare
340 535 391 563 tibi
402 534 572 571 quidquam
583 534 654 562 boni
666 533 789 569 habere,
797 536 955 562 numerata
965 533 1015 561 illa
1021 541 1063 568 re,

240 580 418 615 delictisque
432 579 578 608 oblivioni
590 579 665 607 ultro
677 579 913 614 traditis,neque
930 578 969 605 ob
987 580 1066 605 recte

239 625 319 654 facta
345 624 494 652 hodierna
521 623 699 655 insolescas,
720 631 821 659 neque
833 623 999 651 recentium
1015 624 1067 650 aut

239 671 376 698 veterum
395 668 625 697 maletactorum
644 669 726 704 161
747 667 799 696 tibi
822 668 944 696 veniam
958 674 1066 695 conce-

240 714 314 743 das:
331 714 383 742 sed
397 722 467 742 cum
480 721 614 749 prxesens
641 713 805 741 reddiderit
831 715 860 741 te
885 712 1007 747 elatum,
1023 719 1069 739 re-

240 766 316 787 voca
325 758 355 786 in
366 758 547 786 memoriam
558 758 715 794 antiquam
726 757 837 793 agendi
847 757 1006 790 rationem,
1014 756 1068 783 sic-

240 812 299 841 que
313 803 439 832 stolidus
456 805 526 830 tuus
537 805 637 830 tumor
647 802 786 831 cessabit.
800 804 842 836 Et,
854 802 878 830 si
892 803 1067 838 proximum

916 112 944 140 S.
965 110 1090 139 BASILII

1117 111 1239 140 MAGNL
1865 115 1926 142 536

1116 176 1283 213 κεκάθαρται.
1314 178 1365 203 Καὶ
1391 180 1440 202 τῶν
1469 178 1514 212 μὲν
1535 177 1550 206 ἡ
1573 175 1729 206 δικαιοσύνη
1755 179 1856 213 γέγονεν
1882 177 1926 210 ὡς

1116 220 1195 256 ῥάκος
1223 220 1430 257 ἀποκαθημένης,
1456 226 1505 247 τῶν
1535 220 1564 248 δὲ
1591 221 1666 248 ἐθνῶν
1701 223 1714 250 ἱ)
1743 222 1838 258 ἁνομια
1871 226 1924 249 καὶ

1117 266 1131 294 ἠ
1156 265 1261 292 ἀσέϐεια
1276 264 1322 292 διὰ
1345 267 1457 297 πίστεως
1482 265 1638 297 ἐξὴλειπται.
1668 266 1785 292 Καθόλου
1812 269 1922 303 μέμνη-

1118 319 1149 336 σο
1177 314 1223 341 τῆς
1247 309 1359 341 ἀληθοῦς
1383 313 1534 348 παροιμίας.
1568 310 1753 347 ’ὶ’π;ρηφάνοις
1779 313 1845 342 Θεὸς
1868 311 1921 337 ἀν..

1117 356 1281 388 τιτάσσεται,
1306 358 1436 386 ταπεινοῖς
1472 353 1501 381 6":
1530 353 1630 382 δίδωσι
1655 356 1746 393 χάρίν.
1776 355 1844 391 Ἔχε
1869 360 1921 383 τοῦ

1119 402 1216 437 Κυρίου
1242 402 1270 426 τὸ
1291 399 1365 436 ῥῆμα
1388 401 1538 436 πρόχειρον·
1565 403 1620 431 Πᾶς
1648 401 1660 426 ὁ
1698 405 1823 426 ταπεινῶν
1858 401 1922 427 ἑαν-

1117 446 1171 477 τὸν¹
1201 444 1381 479 ὑψωθήσεται·
1410 447 1454 471 καὶ
1486 446 1498 470 ό
1522 444 1578 480 (7'2)
1606 445 1679 480 ὑψῶν
1705 444 1804 478 ἑαυτὸν,
1830 455 1924 472 ταπει-

1118 490 1273 518 νωθήσεται,
1296 492 1338 518 Μὴ
1365 491 1438 525 γίνου
1457 491 1551 526 κριτὴς
1577 489 1667 520 ἄνισος
1692 494 1814 523 σεαυτοῦ,
1846 490 1923 527 μηδὲ

1118 535 1181 570 πρὸς
1204 535 1285 571 χάριν
1315 533 1425 566 ἐξέταζε·
1451 534 1472 560 εἰ
1495 536 1540 570 μέν
1568 544 1595 560 τι
1624 532 1708 564 δοκεῖς
1737 535 1807 570 ἔχειν
1827 535 1922 570 καλὸν,

1119 582 1196 604 τοῦτο
1229 578 1253 604 ἐν
1283 578 1363 615 ψήφῳ
1390 578 1479 612 τιθεὶς,
1508 582 1557 604 τῶν
1592 577 1621 605 δὲ
1651 579 1825 615 πταισμάτωι
1856 580 1924 606 ἑκὼν

1119 622 1354 659 ἐπιλανθανόμενος,
1388 621 1458 659 μηδέ
1484 622 1520 659 ἐφ’
1548 621 1586 654 οἷς
1616 625 1661 659 μὲν
1692 626 1801 661 σήμερον
1825 634 1925 662 κατορ-

1122 668 1176 698 θοῖς
1203 667 1416 704 μεγαλυνόμενος,
1443 666 1480 703 ἔφ’
1510 667 1548 698 οἷς
1585 665 1615 694 δὶ
1642 670 1732 704 πρώην
1762 670 1807 694 καὶ
1838 669 1924 696 πάλαι

1120 716 1205 743 κακῶς
1233 712 1356 749 εἰργάσω,
1387 715 1562 748 συγχώρησιν
1596 716 1697 748 σεαυτῷ
1729 711 1833 744 διδούς·
1864 712 1924 740 ἀλλ’

1122 757 1181 783 ὃταν
1209 767 1237 783 σε
1255 758 1284 783 τό
1310 758 1393 794 παρὸν
1417 756 1511 794 ἐπάρῃ,
1525 758 1554 783 τό
1577 757 1688 783 παλαιὸν
1712 757 1748 789 εἰς
1770 757 1921 794 ἀνάμνησιν

1122 801 1214 838 ἀγέτω,
1235 804 1280 828 καὶ
1305 803 1394 838 παύσῃ
1423 806 1470 832 τῆς
1499 800 1659 831 ἀναίσθητον
1691 802 1842 839 φλεγμονῆς.
1869 805 1922 830 Καὶ

240 851 418 885 peccantem
425 847 622 882 videris,cave
628 847 902 883 consideresipsius
909 849 1067 883 peccatum

1126 846 1143 873 ii
1163 848 1206 872 τόν
1226 846 1302 877 πέλας
1321 846 1500 883 ἁμαρτάνοντα
1524 847 1661 884 θεωρήσεις
1689 849 1756 883 (73),
1779 849 1815 883 μὴ
1841 851 1922 874 τοῦτο

241 893 340 922 solum
353 902 359 921 :
373 893 428 921 sed
441 892 530 921 etiam
541 901 609 929 quin
623 892 692 920 fecit
706 894 758 921 aut
773 892 844 920 facit
858 892 1066 927 recte,cogita;

240 941 270 968 et
282 946 362 974 saepe
373 945 443 966 cum
453 937 663 974 deprehendes
677 937 771 974 teipso
783 937 949 971 meliorem,
961 944 1069 973 expen-

241 983 282 1011 sis
296 983 387 1011 rebus
402 982 556 1017 omnibus,
573 989 635 1010 non
651 990 713 1010 una
739 982 888 1010 duntaxat
901 984 986 1017 parte
1001 990 1070 1011 exa-

241 1027 368 1056 minata.
388 1029 490 1063 Neque
505 1027 586 1054 enim
599 1028 677 1054 Deus
692 1026 849 1055 hominem
864 1027 896 1054 in
916 1029 1000 1063 parte
1015 1035 1069 1055 ex-

240 1072 364 1109 pendit:
393 1072 458 1107 Ego
478 1071 570 1106 enim,
586 1071 693 1108 inquit,
710 1079 802 1106 opera
822 1074 851 1100 et
874 1072 1068 1107 cogitationes

240 1125 343 1146 eorum
354 1117 439 1145 venio
450 1119 690 1152 congregaturus
704 1117 738 1145 ⁵⁵.
752 1117 829 1149 Quin
843 1117 932 1145 etiam
943 1125 1014 1145 cum
1023 1118 1069 1145 Jo-

241 1162 352 1198 saphat
367 1161 534 1198 aliquando
551 1161 590 1189 ob
603 1169 737 1197 praesens
753 1164 912 1197 peccatum
933 1161 1070 1198 increpa-

240 1206 443 1242 ret,1meminit
453 1213 578 1242 quoque
590 1208 669 1234 recte
675 1205 824 1234 factorum
835 1206 942 1242 ipsius,
949 1206 996 1234 his
1006 1215 1069 1234 ver-

241 1252 287 1282 bis
301 1260 308 1280 :
329 1252 537 1280 Verumtamen
550 1251 640 1280 verba
650 1251 727 1279 bona
737 1252 858 1280 inventa
868 1255 940 1280 sunt
950 1252 980 1280 in
995 1254 1023 1280 te
1033 1252 1067 1279 ⁸⁸.

278 1343 305 1369 6.
316 1341 383 1368 Haec
396 1341 424 1368 et
436 1339 546 1367 similia
557 1339 704 1368 adversus
719 1339 894 1375 superbiam
906 1340 1070 1369 nobismet-

241 1385 315 1421 ipsis
330 1393 450 1421 semper
464 1384 652 1419 accinamus,
667 1384 857 1413 demittentes
869 1393 926 1413 nos
937 1393 1021 1421 ipsos
1037 1387 1069 1413 ut

242 1429 421 1462 exaltemur,
445 1429 597 1457 imitantes
621 1429 795 1464 Dominum,
819 1429 872 1465 qui
894 1429 931 1457 de
947 1429 1023 1457 caelo
1038 1428 1069 1457 in

242 1476 408 1503 extremam
418 1474 617 1502 humilitatem
632 1474 800 1508 descendit,
811 1477 840 1502 et
852 1474 915 1502 vice
926 1482 1011 1502 versa
1021 1481 1069 1502 ex-

1121 894 1197 929 μόνον
1225 892 1304 919 αὐτοῦ
1327 894 1475 928 σκοπήσης·
1503 891 1664 928 ἐνθυμήθητι
1693 891 1722 918 δὲ
1746 894 1790 918 καὶ
1812 893 1862 919 ὅσα
1876 895 1923 919 πέ-

1121 947 1223 975 πρακεν
1253 937 1268 967 ἣ
1298 937 1406 974 πράττει
1434 936 1526 970 καλῶς,
1555 939 1599 963 καὶ
1635 936 1759 968 πολλάκις
1800 938 1922 973 εὑρήσεις

1123 982 1200 1009 αὐτὸν
1223 981 1343 1018 ἀμείνονα
1364 984 1485 1016 σεαυτοῦ,
1511 979 1559 1008 διὰ
1581 982 1683 1008 πάντων
1712 981 1850 1016 ignem,
1875 985 1923 1009 καὶ

1122 1029 1158 1064 μὴ
1175 1028 1270 1063 μερικὰ
1282 1026 1459 1063 ψηφιζόμενος
1477 1027 1541 1062 (74).
1558 1025 1628 1053 Οὐδὲ
1646 1027 1698 1064 γὰρ
1721 1027 1785 1058 Θεὸς
1807 1031 1923 1063 μερικῶς

1123 1071 1235 1103 ἐξετάζει
1261 1073 1305 1098 τὸν
1331 1072 1475 1108 ἄνθρωπον·
1504 1071 1570 1107 Ἐγὼ
1602 1072 1664 1108 γὰρ,
1691 1081 1766 1107 φησι,
1795 1072 1829 1097 τὰ
1857 1072 1924 1108 ἔργα

1122 1119 1167 1143 καὶ
1201 1118 1259 1147 τοὺς
1297 1116 1441 1153 λογισμοὺς
1474 1115 1557 1142 αὐτῶν
1603 1117 1718 1152 ἔρχομαι
1752 1119 1921 1152 συναγαγεῖν.

1124 1163 1174 1188 Καὶ
1200 1165 1236 1197 τῷ
1263 1161 1392 1197 Ἰωσαφὰτ
1418 1161 1576 1197 ἐπιτιμήσας
1601 1161 1665 1187 ποτὶ
1692 1159 1739 1187 διὰ
1761 1162 1809 1190 τὴν
1833 1171 1923 1197 παρα-

1123 1204 1206 1236 πόδας
1235 1205 1375 1243 ἁμαρτίαν,
1400 1205 1517 1242 ἐμνήσθη
1552 1207 1597 1231 καὶ
1629 1209 1679 1231 τῶν
1711 1207 1922 1242 κατωρθωμένων

1124 1250 1204 1286 αὐτῷ,
1233 1250 1323 1286 λέγων·
1350 1250 1420 1279 Πλὴν
1449 1249 1513 1276 ἀλλὰ
1540 1249 1613 1286 λόγοι
1648 1249 1744 1286 ἀγαθοὶ
1778 1251 1923 1287 εὑρέθησαν

1125 1295 1149 1322 ἐν
1161 1297 1214 1323 σοί.

1161 1343 1186 1368 ϐ.
1207 1343 1296 1366 Ταῦτα
1320 1342 1365 1366 καὶ
1390 1341 1423 1366 τὰ
1446 1343 1556 1366 τοιαῦτα
1582 1340 1648 1376 πρὸς
1673 1341 1719 1369 τὴν
1744 1339 1922 1376 ὑπερηφανίαν

1124 1383 1260 1421 ἐπᾴδωμεν
1297 1384 1398 1416 ἑαυτοῖς
1431 1385 1564 1418 ἑκάστοτε,
1597 1385 1781 1421 καθαιροῦντες
1816 1383 1923 1414 ἑαυτοὺς

1125 1429 1156 1455 ἶν’
1185 1429 1338 1466 ὑψωθῶμεν,
1368 1430 1523 1466 μιμούμενοι
1545 1430 1588 1455 τὸν
1611 1428 1638 1460 ἐξ
1657 1429 1767 1466 οὐρανοῦ
1791 1428 1922 1455 καταϐάν-

1123 1484 1157 1500 τα
1182 1475 1276 1510 Κύριον
1301 1475 1364 1511 πρὸς
1387 1476 1434 1503 τὴν
1459 1473 1576 1510 ἐσχάτην
1595 1476 1777 1507 ταπεινότητα,
1797 1475 1842 1499 καὶ
1863 1473 1923 1500 τοῦ-

242 1519 410 1548 humilitate
425 1519 466 1547 ad
480 1519 638 1547 decentem
654 1518 846 1547 altitudinem
869 1521 990 1547 evectus
1014 1521 1068 1547 est.

1126 1520 1223 1545 ναντίον
1248 1518 1275 1545 ἐκ
1299 1520 1484 1549 ταπεινότητος
1516 1518 1550 1549 εἰς
1569 1518 1633 1554 ὕψος
1657 1520 1743 1545 αἶσιον
1767 1517 1925 1554 ἔξογκούμε-

245 1564 453 1600 Comperimus
482 1563 564 1591 enim
589 1563 707 1591 Domini
731 1565 816 1598 gesta
833 1564 938 1591 omnia
961 1571 1018 1591 nos
1031 1564 1071 1592 ad

1126 1574 1164 1590 νοι
1270 1564 1359 1589 Πάντα
1377 1564 1428 1600 γὰρ
1459 1561 1493 1592 δὴ
1519 1565 1582 1601 πρὸς
1602 1564 1840 1600 ταπεινοφροσύνην
1864 1572 1926 1589 παι-

244 1609 445 1637 humilitatem
456 1607 614 1636 instruere.
630 1608 731 1636 Infans
747 1616 817 1635 cum
832 1611 918 1641 esset,
930 1608 1030 1637 statim
1042 1608 1071 1636 in

246 1653 404 1689 spelunca,
420 1654 449 1680 et
471 1660 509 1680 ne
528 1652 559 1680 in
574 1652 650 1680 lecto
665 1652 800 1689 quidem,
819 1653 871 1680 sed
891 1653 922 1680 in
944 1653 1073 1689 praesepi
1097 1687 1098 1690 η

244 1697 349 1734 jacuit.
364 1699 397 1725 In
408 1697 501 1725 domo
515 1696 656 1725 fuittabri
671 1697 790 1732 lignarii
807 1699 835 1725 et
845 1697 950 1726 matris
963 1705 1076 1734 paupe-
1096 1698 1099 1722 ἐ

247 1742 297 1778 ris,
307 1742 396 1771 matri
405 1742 547 1770 subditus
559 1743 588 1770 et
598 1741 677 1770 illius
690 1750 806 1778 sponso
817 1751 824 1770 :
837 1742 1075 1778 docebatur,au-
1095 1736 1097 1751 I‘

247 1787 468 1824 diebatquibus
480 1787 537 1815 sibi
549 1795 626 1823 opus
636 1795 698 1815 non
708 1789 785 1816 erat:
797 1787 1013 1822 interrogabat,
1023 1789 1076 1816 sed
1098 1796 1101 1830 ς

1128 1606 1237 1634 δεύοντα
1268 1609 1302 1634 τὰ
1336 1611 1380 1634 τοῦ
1417 1610 1513 1644 Κυρίου
1556 1609 1718 1644 εὑρίσκομεν.
1746 1609 1838 1645 Βρέφος
1880 1607 1925 1642 ὡν,

1128 1653 1203 1683 εὐθὺς
1232 1651 1255 1678 ἐν
1280 1652 1411 1688 σπηλαίῳ,
1446 1655 1491 1679 καὶ
1528 1651 1590 1679 οὐδὲ
1618 1652 1660 1679 ἐπὶ
1688 1652 1788 1687 κλίνης,
1804 1651 1858 1678 ἀλλ’
1885 1651 1927 1678 ἐπὶ

1129 1699 1232 1734 φάτνης·
1259 1696 1282 1723 ἐν
1307 1699 1369 1733 οἴκῳ
1391 1706 1507 1727 τεκτονος
1531 1700 1576 1724 καὶ
1590 1698 1691 1734 μητρὸς
1709 1700 1848 1734 πενιχρᾶς,
1864 1697 1927 1723 ὑπο-

1129 1744 1289 1778 τασσόμενος
1316 1747 1347 1778 τῇ
1378 1744 1460 1778 μητρὶ
1497 1744 1541 1768 καὶ
1575 1746 1612 1778 τῷ
1643 1743 1750 1772 ,ταύτης
1783 1746 1927 1778 μνηστῆρι·

1131 1786 1334 1824 διδασκόμενος,
1366 1786 1465 1813 ἀκούων
1494 1787 1528 1813 ὧν
1556 1787 1603 1813 οὐκ
1631 1785 1722 1821 ἐδεῖτο,
1744 1785 1876 1824 ἐπερωτῶν
1898 1784 1929 1813 δε

247 1833 289 1862 ita
304 1835 416 1866 tamen,
426 1835 459 1860 ut
472 1832 662 1867 interrogans
679 1834 757 1860 esset
769 1832 964 1861 admirationi
979 1833 1018 1861 ob
1031 1842 1077 1862 sa-
1098 1850 1101 1874 ε

249 1878 404 1915 pientiam.
420 1877 612 1906 Subdebatur
625 1877 746 1911 Joanni,
758 1880 786 1905 et
803 1877 947 1905 Dominus
959 1886 977 1906 a
989 1886 1077 1906 servo
1101 1891 1104 1899 -

248 1922 404 1958 baptisma
414 1922 595 1958 accipiebat:
606 1921 829 1956 insurgentium
839 1922 870 1949 in
881 1929 912 1950 se
920 1922 1079 1951 resistebat

251 1966 335 1999 nulli,
343 1974 439 2002 neque
450 1968 629 2002 potestatem
649 1965 845 1999 ineffabilem,
862 1974 925 2002 qua.
935 1966 1078 2002 praeditus

251 2014 325 2046 erat,
341 2011 501 2038 exercebat
512 2020 518 2038 :
531 2011 586 2038 sed
607 2011 794 2039 concedebat
807 2012 896 2047 quasi
907 2011 1079 2047 potentiori-

251 2057 320 2090 bus,
337 2057 365 2084 et
381 2055 569 2091 temporariae
586 2056 729 2091 potestati
743 2056 912 2092 potentiam
928 2056 954 2084 ei
969 2064 1078 2085 conve-

251 2101 384 2130 nientem
397 2100 597 2136 permittebat.
615 2100 781 2128 Sistebatur
792 2101 986 2137 pontiﬁcibus
996 2101 1027 2129 in
1037 2102 1080 2130 rei

252 2145 360 2174 habitu
372 2154 378 2174 :
390 2144 557 2173 ducebatur
565 2145 606 2172 ad
617 2145 789 2181 praesidem,
799 2148 827 2174 et
836 2145 985 2181 judicium
1000 2146 1079 2174 subi-

1131 1833 1209 1869 ὅμως,
1224 1834 1268 1859 καὶ
1294 1830 1342 1858 διὰ
1364 1835 1409 1862 τῆς
1435 1831 1583 1868 ἐρωτήσεως
1607 1830 1648 1857 ἐπὶ
1667 1835 1698 1868 τῇ
1727 1833 1803 1867 σοφίᾳ
1826 1831 1928 1867 θαυμα-

1132 1878 1248 1913 ζόμενος’
1289 1877 1496 1913 ὑποτασσόμενος
1543 1876 1659 1910 Ἰωάννη,
1702 1878 1747 1902 καὶ
1786 1874 1929 1911 βάπτισμα

1132 1932 1204 1959 παρα
1228 1926 1273 1948 τοῦ
1299 1920 1393 1948 δούλου
1416 1920 1556 1958 δεχόμενος
1582 1921 1754 1951 όΛεσπότης·
1774 1918 1860 1946 οὐδενὶ
1875 1924 1928 1946 τῶν

1289 1877 1496 1913 ὑποτασσόμενος

1133 1967 1340 2003 ἐπανισταμένων
1364 1965 1561 2002 ἀνθιστάμενος,
1585 1964 1647 1992 οὐδὲ
1676 1967 1721 1994 τὴν
1738 1965 1835 2001 ἄφατον
1857 1962 1930 1995 ἐξου-

1134 2014 1205 2047 σίαν,
1230 2012 1260 2048 ᾖν
1286 2010 1367 2047 εἶχεν,
1383 2011 1615 2048 ἐπανατεινόμενος
1641 2010 1695 2037 ἀλλ’
1722 2011 1756 2042 ὡς
1782 2007 1930 2036 δυνατωτέ-

1132 2067 1186 2095 ροις
1215 2058 1369 2094 ὑποχωρῶν⁷
1392 2059 1436 2083 καὶ
1450 2060 1481 2092 τῇ
1503 2058 1655 2094 προσκαίρῳ
1683 2054 1789 2091 ἐξουσία
1816 2056 1845 2080 ’τὸ
1872 2054 1930 2080 κατ’

1134 2103 1213 2132 αὐτὴν
1228 2102 1339 2140 ἰσχυρὸν
1363 2101 1514 2139 ἐπιτρέπων·
1543 2100 1585 2127 ἐπὶ
1609 2104 1659 2126 τῶν
1684 2099 1827 2137 ἀρχιερέων
1853 2099 1930 2125 ἱστά-

1134 2157 1207 2184 μενος
1226 2146 1251 2173 ἐν
1275 2149 1398 2183 σχήματι
1422 2145 1606 2182 δικαζομένου,
1636 2146 1744 2181 ἡγεμόνι
1770 2146 1930 2182 προσαγόμε-

252 2190 348 2224 bat,et
361 2197 431 2218 cum
444 2189 592 2226 potuisset
603 2189 836 2218 calumniatores
847 2191 1067 2226 redarguere,si

1134 2203 1176 2224 νος
1203 2194 1248 2218 καὶ
1273 2194 1360 2228 κρίσιν
1389 2192 1531 2228 ὑποφέρων,
1561 2191 1605 2216 καὶ
1630 2191 1713 2226 παρὸν
1741 2188 1857 2225 ἐλέγχειν
1872 2190 1931 2220 τοὺς

254 2235 346 2263 lentio
359 2234 471 2263 ferebat
484 2234 663 2263 calumnias.
670 2235 900 2271 Conspuebatur
909 2244 927 2264 a
936 2235 1028 2264 servis
1039 2236 1081 2264 vi-

255 2279 708 2315 lissimisquemancipiis,morti
716 2280 990 2316 tradebatur,eique
999 2280 1082 2316 apud

255 2324 395 2353 homines
409 2324 601 2361 turpissimae.
619 2324 665 2353 Sic
680 2324 785 2353 omnia
799 2324 838 2353 ab
853 2327 921 2353 ortu
935 2325 974 2353 ad
987 2325 1080 2354 fidem

1136 2240 1370 2273 συκοφαντοῦντας,
1411 2239 1495 2271 σιωπῇ
1538 2236 1617 2272 φέρων
1659 2235 1706 2264 τὰς
1747 2242 1929 2269 σωιοφοινϊιας⁸

1136 2281 1310 2318 ἐμπτυὸμενος
1335 2281 1384 2307 ὑπὸ
1410 2278 1508 2306 δούλων
1533 2281 1578 2305 καὶ
1601 2275 1750 2315 παιδαρίων
1780 2277 1930 2304 εὐτελεστά-

1136 2337 1197 2361 των,
1227 2327 1327 2362 θανάτῳ
1350 2323 1573 2363 παραὸιὸόμενος,
1604 2325 1649 2350 καὶ
1675 2323 1776 2359 θανάτῳ
1804 2325 1840 2358 τῷ
1860 2323 1930 2359 παρὰ

294 2429 318 2447 ﬂ
337 2429 393 2458 lsa.
409 2437 487 2463 an,
508 2431 534 2458 6.
563 2429 588 2447 ⁸³
607 2428 695 2458 Prov.
709 2436 751 2463 in,
764 2430 798 2456 3t
810 2437 817 2464 ;
828 2429 890 2457 Jac.
906 2436 947 2459 Iv.
963 2430 997 2465 6;
1012 2437 1020 2457 ι
1034 2430 1070 2458 Ρο

1126 2437 1153 2464 v,
1169 2431 1196 2458 5.
1227 2428 1252 2448 “
1273 2428 1343 2458 Luc.
1358 2428 1471 2464 xrv,tt.
1504 2427 1527 2445 ⁵⁵
1549 2428 1605 2456 lsa.
1619 2433 1696 2460 var,
1718 2426 1763 2454 18.
1798 2424 1930 2453 ⁸⁸111⁵³-

257 2465 345 2502 ralip.
365 2473 423 2501 Xix,
446 2468 472 2494 3.

293 2554 350 2589 (72)
369 2554 451 2582 Unus
462 2553 545 2582 Colb.
563 2553 576 2579 ὁ
592 2551 632 2588 δὲ,
648 2553 758 2581 vocula
771 2555 816 2580 καὶ
826 2553 951 2583 omissa.

294 2591 350 2625 (73)
371 2590 417 2617 Sic
432 2589 665 2626 rescribendum
686 2589 829 2626 duximus
844 2597 899 2626 pro
926 2589 1006 2626 edito
1025 2590 1086 2616 θεω-

256 2628 352 2662 ρήσῃς,
368 2624 453 2660 quod
467 2624 507 2652 ad
517 2627 674 2662 poetarum
688 2624 852 2662 dialectum
862 2625 997 2662 pertinet.
1009 2626 1086 2653 Enir.

294 2661 349 2696 (74)
370 2661 451 2698 tinus
465 2662 534 2696 Reg.
551 2662 633 2698 μικρᾷ
647 2660 856 2697 ψηλαφιζόμενος

293 2697 350 2731 ('15)
361 2697 479 2724 Veteres
491 2699 548 2724 tres
560 2696 628 2733 libri
638 2705 706 2725 cum
719 2696 845 2733 atraque
855 2697 985 2733 editione
996 2698 1082 2723 αἶσιον

256 2732 446 2768 ἕξογκούμενοι.
476 2733 514 2769 At
543 2732 625 2761 Colb.
655 2733 772 2769 primus
796 2732 884 2769 αἶσιον
911 2732 1079 2769 ἐξελκόμενοι.

257 2769 370 2797 Sensus
384 2768 516 2805 postulat
531 2770 564 2797 ut
582 2776 638 2805 pro
653 2768 832 2805 ἐξογκούμενοι
852 2768 1081 2804 Ιεεαωιιεκξογ-

1139 2555 1410 2591 κοὺμενωβυεςιιιγη
1420 2552 1593 2591 Dominum.
1607 2552 1786 2591 Erratumne
1799 2549 1837 2578 sit
1847 2549 1932 2590 libra-

1139 2586 1270 2624 rioi‘um,
1278 2598 1318 2618 an
1334 2589 1391 2617 hoc
1409 2589 1524 2617 dictum
1544 2588 1581 2615 sit
1595 2595 1648 2623 per
1659 2586 1879 2624 attractionem,
1892 2586 1932 2624 vi.

1141 2620 1328 2654 debunt'alii.
1346 2627 1454 2653 Vocem
1467 2626 1568 2652 autem
1589 2620 1675 2649 ἀῖσιον
1690 2623 1730 2650 ita
1746 2622 1847 2649 Latine
1869 2620 1933 2648 red-

1140 2661 1215 2689 didit
1231 2661 1441 2694 Combeﬁsius,
1456 2660 1497 2688 ad
1520 2659 1661 2687 eximiam
1688 2666 1724 2694 ac
1746 2657 1930 2694 singularem

1139 2697 1345 2725 celsztudinem
1358 2691 1510 2731 provexit.
1527 2694 1584 2723 Sed
1594 2694 1618 2733 s_i
1628 2691 1930 2733 seinelreceiiendum

1140 2733 1178 2760 sit
1191 2733 1230 2760 ab
1241 2741 1277 2760 ea
1287 2727 1380 2768 quam
1391 2740 1447 2759 vox
1463 2733 1549 2768 dicto»;
1560 2730 1669 2757 usitate
1679 2728 1771 2768 habet
1781 2727 1931 2768 signiﬁca-

1138 2767 1226 2804 tione,
1240 2763 1343 2797 mal‘im
1358 2769 1481 2802 vertere,
1497 2766 1538 2795 ad
1552 2773 1698 2794 summam
1713 2763 1930 2794 celsitudinem.
