2049 3131
136 102 188 128 537

753 96 901 126 HOMILIA
920 96 968 125 DE
989 97 1209 126 HUMILITATE.

1770 101 1822 128 538

135 161 278 199 ἀνθρώποις
306 160 451 196 αὶσχὶστω.
477 160 553 187 Οὕτω
578 162 622 187 τὸν
648 160 782 198 ἄνθρωπον
816 158 935 191 διεξῆλθε

993 167 1089 195 usque
1104 162 1223 189 aetatem
1237 159 1368 189 hominis
1380 160 1580 197 absumpsere
1593 170 1599 190 :
1611 161 1665 190 sed
1679 163 1748 198 post
1758 163 1822 190 tan-

134 208 219 233 πάντα
251 207 284 232 τὰ
312 205 362 231 ἀπὸ
388 207 446 241 (76)
469 208 589 241 γενέσεως
618 205 651 236 εἰς
676 205 746 236 τέλος
762 215 768 222 ·
798 207 842 231 καὶ
871 205 936 241 μετὰ

132 252 262 279 τοσαύτην
284 251 519 287 ταπεινοφροσύνην
548 250 655 288 ὕστερον
683 252 730 279 τὴν
755 248 834 281 δόξαν
849 248 937 285 ἐκφαί-

131 305 178 328 νει,
203 293 372 326 συνδοξάζων
397 294 478 330 ἐαυτῷ
495 296 552 325 τοὺς
578 292 820 326 συναδοξήσαντας.
838 293 886 320 ’Ών
912 294 937 319 οἱ

131 341 260 377 μακάριοι
288 340 416 376 μαθηταὶ,
442 344 551 377 πρῶτοι,
576 341 680 370 πένητες
705 341 750 366 καὶ
773 341 867 376 γυμνοὶ
889 341 936 368 τὴν

130 386 286 421 οἰκουμένην
307 383 506 422 διαδραμόντες,
521 384 568 411 οὐκ
591 383 615 410 ἐν
637 387 716 421 σοφίᾳ
740 384 828 420 λόγου,
847 383 893 410 οὐκ
912 383 936 409 ἐν

131 429 280 456 ἀκολούθων
308 429 408 461 πλήθει,
438 431 522 465 μόνοι,
554 431 599 454 καὶ
628 428 732 462 ἀλῆται,
762 431 806 455 καὶ
833 430 935 466 ἔρημοι,

130 479 182 510 ’γῆν
212 483 240 500 τε
272 476 318 500 καὶ
352 473 478 500 θάλατταν
511 472 703 510 ἕξαμείϐοντίς,
736 473 935 510 μαστιζόμενοι,

131 518 359 555 λιθοϐολούμινοι,
408 517 583 554 διωκόμενοι,
630 518 702 549 τῆος
745 518 934 556 ἀναιρούμενοι.

131 567 222 591 Ταῦτα
241 565 303 599 ἡμῖν
327 567 435 600 πατρῷα
461 565 505 589 καὶ
531 563 586 589 Otia
614 561 786 599 παιὸιέματα.
804 564 871 600 Πρὸς
890 564 936 592 τὴν

133 610 232 635 τούτων
258 608 366 644 ﬁet-ip.”
395 610 518 644 μίμησιν,
545 608 576 633 ἶν’
609 607 672 644 ἡμῖν
690 608 718 634 ix
744 612 791 640 τῆς
814 609 937 634 ταπεινὸ-

133 662 215 684 τητος
238 651 353 689 ἀνατείλῃ
384 651 450 684 δόξα
472 652 582 687 αἰώνιος,
613 653 628 682 ἠ
658 652 742 679 τελεία
765 654 810 680 καὶ
837 652 937 685 ἀληθὴς

134 701 254 735 Χριστοῦ
271 696 367 735 δωριά.

169 746 197 771 7.
213 747 268 774 Πῶς
282 741 326 769 οὖν
353 743 388 775 εἱς
407 744 451 773 τὴν
467 745 596 781 σωτήριον
621 744 858 780 ταπεινοφροσύνην
884 753 935 770 κα-

131 788 311 824 ταϐησόμεθα,
346 789 389 814 τὸν
427 787 541 826 ὀλέθριον
575 790 651 824 ὄγκον
681 791 727 819 τῆς
760 788 936 825 ὑπερηφανίας

992 206 1054 233 tam
1069 205 1280 240 humilitatem,
1296 205 1422 240 gloriam
1439 206 1561 234 tandem
1575 207 1715 240 ostendit,
1737 207 1821 242 igno-

991 249 1092 278 miniae
1107 250 1204 278 socios
1219 250 1250 278 in
1263 250 1436 278 societatem
1451 250 1554 286 glorue
1568 259 1630 279 suae
1647 248 1819 279 admittens.

992 295 1125 327 Quorum
1136 294 1225 331 primi
1238 297 1308 322 sunt
1319 294 1397 322 beati
1408 294 1616 332 discipuli,qui
1629 304 1779 332 pauperes
1793 298 1821 324 et

990 339 1065 367 nudi
1080 339 1185 367 orbem
1196 341 1342 367 terrarum
1354 342 1576 374 percurrerunt,
1586 348 1648 368 non
1659 340 1689 368 in
1702 339 1820 376 sapien~

991 383 1033 412 tia
1048 383 1273 417 sermonis,non
1284 391 1353 412 cum
1365 385 1549 412 sectatorum
1560 384 1738 421 frequentia,
1751 384 1819 420 soli,

991 428 1060 462 vagi
1075 436 1111 456 ac
1125 427 1260 463 desolati,
1278 430 1387 456 terram
1403 436 1438 456 ac
1449 436 1532 456 mare
1547 432 1751 465 peragrantes,
1765 429 1818 457 ﬂa-

991 473 1052 507 gris
1064 472 1144 507 caesi,
1159 472 1311 508 lapidibus
1323 473 1415 508 petiti,
1427 472 1567 505 divexati,
1576 474 1667 501 occisi
1677 474 1819 510 denique.

992 519 1058 546 Hinc
1069 517 1158 546 nobis
1173 520 1243 546 sunt
1253 520 1379 554 paterna
1393 518 1578 546 documenta
1591 520 1619 547 et
1633 518 1820 547 divina.Haec

991 562 1152 594 imitemur,
1160 564 1193 590 ut
1203 562 1292 590 nobis
1308 570 1361 598 per
1374 562 1575 591 humilitatem
1591 563 1716 591 accedat
1723 563 1818 598 gloria

991 609 1113 642 aeterna,
1128 607 1294 644 perfectum
1309 607 1382 636 illud
1398 615 1434 636 ac
1449 615 1554 636 verum
1570 608 1676 637 Christi
1691 608 1818 637 donum.

1026 745 1053 770 7.
1071 741 1227 774 Quomodo
1241 749 1312 776 ergo
1322 741 1362 769 ad
1374 740 1537 770 salutarem
1550 741 1749 770 humilitatem
1765 741 1821 769 de-

992 787 1159 821 veniemus,
1179 786 1306 814 exitiosa
1316 786 1466 822 superbiae
1477 788 1593 814 tumore
1607 785 1747 814 derelicto
1757 787 1770 813 ?
1792 787 1820 815 Si

130 833 335 866 καταλιπόντες;
352 832 410 859 Ἐὰν
439 830 487 860 διὰ
509 834 611 859 πάντων
632 831 752 869 ἀσκῶμεν
770 835 800 860 τὸ
821 837 935 872 τοιοῦτο,

992 831 1065 868 quid
1074 831 1224 867 ejusmodi
1234 830 1457 859 exercuerimus
1467 830 1498 858 in
1512 830 1723 865 omnibus,nec
1733 830 1820 866 quid-

129 881 177 904 καὶ
202 875 286 914 μηδεν
309 881 462 914 παρορῶμεν
490 879 522 908 ὡς
548 877 578 903 οὔ
602 878 674 914 παρὰ
697 881 774 904 τοῦτο
802 877 936 914 βλαϐησό-

131 931 216 959 μενοι.
235 925 296 953 Τοῖς
313 923 364 958 γὰρ
391 920 598 958 ἐπιτηδεύμασιν
621 923 757 959 ὁμοιοῦται
779 921 870 958 ψυχὴ,
890 925 934 950 καὶ

131 969 200 1003 πρὸς
213 966 230 992 ἀ
244 967 362 1003 πράττει,
377 970 515 1000 τυποῡται,
543 969 587 993 καὶ
610 968 674 1005 πρὸς
688 971 772 994 ταῦτα
795 970 935 1004 σχηματὶ-

131 1011 217 1042 ζεται.
233 1010 319 1038 Ἔστω
345 1020 387 1037 σοι
405 1013 450 1037 καὶ
474 1015 580 1048 σχῆμα,
604 1013 650 1038 καὶ
674 1012 785 1048 ἱμάτιον,
810 1014 855 1038 καὶ
882 1011 936 1048 βά-

132 1053 229 1092 δισμα,
259 1057 304 1082 καὶ
333 1053 461 1093 καθέδρα,
490 1057 535 1082 καὶ
563 1060 661 1092 τροφῆς
689 1057 861 1090 κατάστασις,
891 1059 936 1083 καὶ

133 1105 272 1137 στρωμνῆς
298 1103 465 1137 παρασκευὴ,
496 1102 541 1127 καὶ
573 1099 651 1134 οἶκος,
683 1102 726 1127 καὶ
753 1102 786 1127 τὰ
818 1100 843 1127 ἐν
873 1101 936 1127 οἱκω

132 1146 215 1174 σκεύη
244 1146 331 1171 πάντα
348 1146 415 1182 πρὸς
441 1144 566 1172 εὐτέλειαν
592 1145 730 1182 ἠσκημένα
745 1155 752 1163 ·
780 1147 825 1171 καὶ
848 1146 934 1182 λόγος,

130 1191 177 1216 καὶ
193 1187 260 1225 ᾠδὴ,
275 1191 320 1216 καὶ
340 1191 355 1218 ἡ
379 1193 426 1216 τοῦ
440 1189 552 1219 πλησίον
571 1190 690 1224 ἔντευξις,
711 1192 756 1217 καὶ
774 1193 857 1217 ταῦτα
870 1192 936 1227 πρὸς

130 1236 292 1272 μετριότητα
320 1234 415 1271 μᾶλλον
448 1235 463 1264 ᾖ
491 1235 557 1272 πρὸς
585 1237 662 1271 ὄγκον
695 1235 790 1272 ὁράτω.
823 1237 866 1264 Μὴ
891 1245 937 1272 μοι

130 1281 250 1315 κόμπους
273 1278 297 1305 ἐν
319 1278 388 1315 λόγῳ
409 1281 588 1316 σοφιστικοὺς,
614 1278 684 1316 μηδε
710 1279 734 1306 ἕν
758 1278 840 1311 ὠδαῖς
863 1278 934 1310 ἡδυ-

132 1326 230 1360 φωνίας
258 1323 483 1361 ὑπερϐαγλούσας,
508 1322 578 1360 pridi
605 1322 732 1356 διαλέξεις
757 1325 935 1361 ὑπερηφάνους

132 1370 178 1395 καὶ
193 1367 302 1406 βαρείας
316 1378 322 1385 ·
351 1367 404 1394 ἀλλ’
418 1367 443 1394 ἓν
469 1368 568 1395 ἅπασιν
597 1369 700 1406 ὺφαίρει
723 1374 770 1396 τοῦ
789 1371 933 1406 μεφέθους·

131 1414 254 1450 χρηστὸς
281 1414 345 1449 πρὸς
372 1412 417 1439 τόν
445 1413 527 1449 φίλον,
554 1415 630 1445 ἤπιος
658 1415 721 1450 πρὸς
747 1415 790 1441 τὸν
821 1414 933 1448 οἰκέτην,

132 1457 284 1489 ἁνεξίχαχος
314 1459 379 1494 πρὸς
411 1459 472 1489 τοὺς
504 1458 623 1494 θρασεῖς,
655 1457 834 1496 φιλάνθρωπος
871 1460 936 1496 πρὸς

991 885 1084 913 quam
1093 876 1312 911 neglexerimus
1321 875 1587 912 tanquamnullum
1594 875 1663 904 inde
1671 875 1820 904 damnum

990 920 1173 957 perpessuri.
1194 921 1299 949 Anima
1316 920 1395 949 enim
1412 920 1519 948 studiis
1542 919 1649 948 similis
1672 920 1705 948 ﬁt
1728 922 1818 956 atque

990 965 1262 1000 exercitationibus,
1272 967 1301 993 et
1311 965 1349 993 ad
1365 973 1401 993 ea
1415 972 1483 1001 quae
1494 964 1593 998 efﬁcit,
1604 964 1751 993 formatur
1762 964 1818 992 tin-

990 1011 1139 1047 giturque.
1163 1010 1226 1038 Tibi
1239 1012 1268 1038 et
1283 1010 1414 1044 habitus,
1431 1012 1460 1038 et
1472 1010 1611 1043 vestitus,
1627 1012 1656 1038 et
1670 1009 1818 1050 incessus,

990 1058 1019 1084 et
1033 1055 1140 1090 sessio,
1155 1057 1183 1084 et
1198 1055 1292 1083 victus
1306 1055 1382 1084 ratio
1397 1057 1426 1082 et
1439 1054 1507 1083 lecti
1522 1057 1697 1091 apparatus,
1714 1057 1743 1083 et
1761 1055 1819 1083 do-

991 1108 1068 1136 mus,
1083 1101 1112 1128 et
1125 1099 1224 1129 omnis
1241 1100 1326 1135 162
1343 1099 1455 1128 aedium
1470 1099 1604 1136 supellex
1623 1099 1769 1128 instructa
1782 1102 1820 1128 sit

991 1144 1030 1174 ad
1041 1144 1305 1177 tenuitatem.Quin
1314 1147 1342 1172 et
1353 1146 1494 1175 sermo,et
1507 1146 1624 1178 cantus,
1638 1146 1667 1172 et
1678 1152 1819 1178 congres-

990 1198 1042 1217 sus
1055 1197 1125 1218 cum
1139 1189 1288 1225 proximo,
1305 1191 1334 1217 et
1351 1189 1415 1216 haec
1425 1196 1547 1225 quoque
1571 1188 1612 1216 ad
1636 1188 1818 1218 modestiam

990 1234 1088 1270 magis
1100 1242 1195 1270 quam
1210 1233 1250 1261 ad
1265 1233 1376 1261 fastum
1389 1233 1557 1268 composita
1568 1241 1635 1261 esse
1649 1232 1818 1262 videantur.

991 1280 1032 1307 Ne
1046 1278 1121 1307 mihi
1133 1278 1164 1306 in
1180 1286 1318 1306 sermone
1343 1277 1537 1314 sophisticam
1559 1277 1747 1312 jactantiam,
1767 1280 1820 1306 aut

990 1323 1021 1352 in
1034 1322 1191 1351 cantilenis
1204 1322 1331 1350 nimiam
1344 1322 1424 1350 vocis
1440 1321 1629 1353 suavitatem,
1640 1324 1692 1350 aut
1713 1330 1818 1358 super-

989 1368 1062 1397 bam
1070 1376 1106 1397 ac
1116 1375 1240 1404 gravem
1250 1367 1436 1403 disceptandi
1446 1367 1593 1395 rationem
1601 1366 1755 1395 ostendas:
1766 1366 1820 1395 sed

990 1412 1037 1441 fac
1046 1421 1164 1441 reseces
1173 1413 1204 1440 in
1215 1411 1356 1440 omnibus
1364 1411 1593 1447 amplitudinem
1602 1413 1692 1447 atque
1703 1410 1819 1446 magni-

991 1458 1153 1488 ﬁcentiam.
1169 1456 1323 1484 ofﬁciosus
1338 1456 1369 1484 in
1380 1449 1524 1491 amicum,
1538 1455 1619 1484 mitis
1640 1463 1713 1490 erga
1722 1455 1818 1484 famu-

131 1505 192 1535 τοὺς
217 1504 365 1535 ταπεινοὺς,
387 1507 543 1540 παρηγορῶν
572 1505 757 1540 κακουμένους,
778 1503 935 1531 ἐπισκεπτό-

992 1502 1064 1538 lum,
1076 1502 1194 1538 patiens
1208 1509 1279 1536 erga
1292 1500 1626 1538 petulantes,humanus
1641 1508 1713 1535 erga
1722 1500 1818 1528 humi-

130 1557 207 1585 μενος
236 1549 295 1578 τοὺς
323 1547 348 1573 ἒν
375 1546 489 1581 ὀδύναις,
515 1546 618 1584 μηδένα
641 1548 764 1580 καθάπαξ
793 1549 936 1588 ὑπερορῶν,

130 1592 230 1629 γλυκὺς
247 1592 271 1619 ἐν
286 1594 464 1631 προσηγορὸᾳ,
482 1591 593 1630 φαιδρός
616 1592 642 1620 ἐν
668 1592 820 1631 ἀποκρίσει,
836 1592 936 1629 δεξιὸς,

131 1637 286 1674 εὐπρόσιτος
313 1637 408 1670 ἅπασι,
442 1640 508 1673 μήτε
537 1641 648 1664 σεαυτοῦ
675 1636 776 1670 διεξιὼν
807 1638 936 1675 ἇγκώμια,

132 1680 202 1719 μηδὲ
234 1682 335 1719 ἑτέρους
371 1681 453 1718 λέγειν
490 1682 718 1720 παρασκευάζων,
753 1681 823 1720 μηδὶ
861 1683 936 1720 λόγον

133 1726 243 1762 ἄσεμνον
280 1725 493 1763 ὰποδιχὸμενος,
531 1726 711 1754 ἐπικαλύπτων
742 1728 793 1755 ὅσα
824 1726 936 1755 δυνατὸν

134 1773 185 1796 τῶν
213 1774 321 1797 σεαυτοῦ
344 1771 572 1807 πλεονεκτημάτων
589 1781 595 1789 ·
621 1771 663 1798 ἰπὶ
688 1770 718 1799 δὴ
741 1775 796 1804 τοῖς
820 1773 936 1810 ἁμαρτή-

134 1824 202 1851 μασι
242 1819 392 1853 κατηγορῶν
430 1819 551 1849 σεαυτοῦ,
589 1818 634 1842 καί
672 1818 708 1853 μὴ
746 1819 808 1848 τοὺς
845 1817 934 1855 ἐτέρων

133 1859 255 1895 ἐλέγχους
279 1858 417 1897 ἀναμένων,
441 1861 482 1887 ἶνα
507 1862 567 1897 γένῃ
597 1861 666 1887 κατά
690 1862 734 1888 τὸν
763 1860 865 1888 δίκαιον
892 1865 935 1889 τόν

134 1903 224 1931 ἑαυτοῦ
248 1907 394 1941 κατήγορον
423 1904 447 1931 ἰν
471 1904 644 1942 πρωτολογίᾳ,
671 1906 713 1933 ἵνα
738 1905 770 1943 ᾖς
795 1907 862 1934 κατὰ
890 1908 934 1933 τὸν

134 1948 202 1982 Ἰὼϐ,
223 1949 249 1980 ὃς
272 1949 302 1975 οὗ
332 1947 459 1986 διετράπη
484 1949 645 1986 πολυοχλίαν
663 1950 770 1985 πόλεως,
791 1951 831 1978 ἐπ’
850 1951 935 1978 αὐτῶν

134 1992 304 2031 ἆξαγορεῦσαι
319 1995 348 2020 τὸ
373 1992 440 2021 ἳόιον
459 1998 590 2031 πταῖσμα.
607 1997 649 2024 Μὴ
667 1994 752 2032 βαρὺς
770 1994 795 2022 ἐν
810 1995 934 2032 ἐπιτιμή-

134 2048 193 2065 cmi
215 2040 302 2074 γίνου,
326 2037 396 2075 μηδὲ
419 2041 530 2074 ταχέως,
554 2037 624 2076 μηδὲ
645 2039 764 2076 ἕμπαθῶς
793 2040 934 2077 ἔξελέγχων

132 2081 256 2118 (αὔθαδες
281 2084 330 2120 γὰρ
355 2085 384 2110 τὸ
408 2085 547 2120 τοιοῦτον),
563 2083 633 2120 μηδε
657 2084 698 2111 ἐπὶ
721 2089 827 2122 μικροῖς
850 2095 933 2112 κατα-

135 2126 261 2162 δικάζων,
291 2130 326 2160 ὡς
353 2126 551 2166 ἁκριϐοδίκαιος
579 2129 637 2165 (77)
671 2129 750 2160 αὐτὸς
781 2130 932 2167 ὑπάρχων·

991 1547 1045 1582 les,
1060 1547 1221 1575 consolans
1248 1546 1384 1579 afﬂictos,
1400 1546 1532 1574 invisens
1556 1545 1659 1574 dolore
1684 1545 1818 1580 affectos,

992 1592 1144 1620 neminem
1157 1591 1282 1620 omnino
1297 1593 1506 1625 contemnens,
1521 1590 1622 1618 suavis
1635 1590 1666 1618 in
1687 1589 1818 1626 compel.

990 1636 1095 1670 Iando,
1118 1636 1221 1665 hilaris
1240 1635 1271 1664 in
1298 1635 1524 1672 respondendo,
1552 1634 1658 1668 comis,
1678 1635 1818 1671 praebens

991 1682 1134 1711 omnibus
1143 1681 1261 1710 facilem
1277 1689 1443 1715 acccsaum,
1457 1688 1555 1717 neque
1568 1688 1698 1708 narrans
1713 1680 1818 1708 laudes

991 1729 1175 1763 tuas,neque
1185 1726 1258 1754 alios
1272 1726 1311 1753 ad
1322 1725 1509 1753 narrandum
1520 1725 1704 1760 subornans,
1720 1732 1818 1761 neque

990 1771 1151 1800 admittens
1160 1770 1355 1799 inhonestum
1368 1770 1681 1801 sermonem,eximias
1689 1772 1756 1797 tuas
1766 1770 1818 1797 do-

988 1818 1045 1850 tes,
1059 1816 1162 1853 quoad
1187 1815 1251 1851 ejus
1264 1814 1328 1842 ﬁeri
1343 1815 1459 1851 poterit,
1477 1814 1632 1849 obtegens.
1650 1816 1758 1842 Contra
1777 1813 1817 1842 ob

989 1863 1115 1898 peccata
1130 1863 1157 1889 te
1170 1861 1234 1897 ipse
1248 1868 1359 1888 accusa
1370 1860 1391 1878 ⁸⁷
1401 1869 1409 1894 ;
1421 1862 1450 1888 et
1464 1867 1502 1888 ne
1516 1861 1672 1896 exspectes
1689 1859 1817 1887 aliorum

987 1905 1299 1943 reprehensionem,ut
1305 1906 1420 1941 justum
1430 1905 1514 1933 initio
1525 1904 1672 1933 sermonis
1683 1904 1817 1940 seipsum

988 1953 1183 1980 accusantem
1198 1951 1324 1985 imitere,
1338 1952 1371 1978 ut
1392 1950 1468 1978 Jobo
1491 1949 1596 1978 similis
1621 1949 1704 1984 sis“,
1724 1956 1816 1985 quem

988 2004 1050 2024 non
1061 1995 1169 2032 puduit
1183 1996 1248 2031 ejus
1260 2003 1327 2031 qua:
1342 1995 1373 2022 in
1383 1995 1501 2022 civitate
1516 1996 1580 2022 erat
1597 1993 1814 2022 multitudinis:

989 2041 1043 2069 sed
1059 2043 1189 2068 erratum
1205 2048 1295 2067 suum
1304 2047 1406 2068 coram
1418 2039 1492 2076 ipsis
1502 2039 1663 2074 evulgavit.
1680 2040 1721 2066 Ne
1732 2038 1772 2066 sis
1785 2037 1816 2065 in

988 2085 1181 2121 objurgando
1192 2084 1303 2120 gravis,
1314 2091 1413 2120 neque
1428 2083 1496 2118 cito,
1508 2091 1605 2119 neque
1616 2083 1718 2111 animo
1734 2090 1815 2110 com-

989 2131 1071 2157 moto
1094 2129 1261 2164 redarguas
1284 2129 1352 2163 (hoc
1381 2128 1461 2156 enim
1486 2127 1588 2163 resipit
1610 2127 1816 2162 arrogantiam

135 2176 193 2202 τοῦς
221 2171 246 2199 ἐν
273 2174 466 2210 παράπτὼματι
494 2172 766 2210 προσλαμϐανόμενος,
787 2176 830 2201 καὶ
859 2184 934 2201 πνευ-

992 2173 1178 2210 quamdam),
1194 2180 1292 2208 neque
1307 2172 1347 2200 ob
1360 2180 1406 2200 res
1422 2172 1505 2208 parvi
1533 2171 1677 2199 momenti
1701 2171 1815 2199 conde-

136 2220 254 2253 ματικῶς
279 2218 442 2255 καταρτίζων
471 2217 574 2252 αὐτοὺς,
602 2219 637 2250 ὡς
666 2219 678 2245 ὁ
702 2219 859 2251 Ἀπόστολος
886 2229 935 2246 πα-

134 2265 242 2298 ραινεῖ·
273 2265 374 2288 Σκοπῶν
404 2263 521 2296 σιαυτόν,
556 2265 592 2299 μὴ
627 2265 672 2289 καὶ
704 2265 736 2290 σὺ
765 2265 933 2301 πειρασθῇς·

135 2307 267 2336 τοσαύτην
285 2308 437 2344 ποιούμενος
466 2305 586 2337 σπουδὴν
610 2309 646 2344 μὴ
678 2306 837 2340 δοξάζεσθαι
864 2309 936 2346 παρὰ

136 2349 289 2389 ἀνθρώποις,
316 2351 382 2382 ὂσην
405 2352 485 2389 ἕτεροι
508 2353 567 2389 περὶ
589 2355 635 2379 τοῦ
664 2351 835 2389 δοξάζεσθαι,
858 2354 880 2380 εἴ
906 2363 936 2390 γε

172 2427 194 2446 ⁸⁷
211 2428 300 2456 Prov.
316 2435 396 2462 xviii,
410 2430 454 2457 t7.
491 2429 515 2446 "
531 2427 586 2456 Job
601 2436 678 2462 xxxx,
693 2429 741 2457 34.

171 2502 226 2539 (76)
240 2503 370 2539 Utraque
389 2502 478 2531 editio
493 2504 580 2539 πάντα
591 2507 641 2530 τῶν
660 2503 722 2532 ἀπό.
738 2506 774 2533 At
789 2503 937 2533 Combeﬂ-

135 2538 344 2576 sianicodices
359 2539 444 2576 πάντα
457 2541 501 2576 τὸν
514 2538 588 2576 απὸ]
605 2539 687 2576 quod
704 2539 745 2568 ita
759 2540 935 2576 interpreta-

134 2577 183 2602 tur
192 2574 241 2602 via
249 2574 440 2602 doctissimus
452 2574 724 2610 Combeﬁsius,Sic,
731 2583 796 2611 quae
805 2574 874 2604 sunt
887 2576 936 2604 ho-

134 2611 224 2637 minis
240 2611 385 2645 transegit
396 2611 496 2638 omnia
507 2611 545 2638 ab
555 2614 624 2638 orm
635 2611 779 2639 naliualis
794 2613 824 2640 in
834 2612 934 2645 ﬁnem.

134 2647 171 2673 At
186 2645 269 2673 Colb.
279 2645 395 2681 primus
405 2647 490 2682 πάντα
504 2648 537 2672 τὰ
552 2645 612 2674 ἀπὸ.
626 2646 672 2674 Ad
682 2647 936 2682 verbum,0mm'a

135 2689 202 2716 qua
213 2684 376 2709 evenerunt
389 2681 426 2709 ab
441 2684 510 2718 ortu
525 2682 566 2710 ad
573 2683 662 2716 ﬁnem
674 2690 775 2718 usque,
788 2682 935 2711 hominem

134 2719 178 2752 sic
196 2717 449 2752 pertransierunt.
465 2717 527 2745 Hoc
548 2720 602 2751 est,
628 2717 763 2746 Christus
784 2718 877 2746 homo
894 2718 936 2747 sic

135 2751 167 2781 in
181 2751 326 2789 operibus
335 2752 501 2781 humilibus
514 2755 610 2782 totam
624 2754 718 2783 vitam
728 2754 882 2790 transegit.

990 2221 1237 2254 mnes,tanquam
1244 2218 1267 2245 si
1274 2217 1338 2253 ipse
1346 2217 1472 2253 perfecte
1481 2217 1580 2252 justus
1592 2216 1817 2244 exsistas.Com-

990 2263 1117 2300 plectere
1144 2262 1365 2298 delinquentes,
1393 2269 1428 2289 ac
1455 2260 1646 2298 spiritualiter
1664 2261 1746 2297 ipSOS
1770 2261 1816 2289 in-

991 2310 1104 2342 staura,
1114 2307 1157 2336 uti
1167 2309 1270 2334 monet
1278 2305 1451 2342 Apostolus:
1465 2305 1665 2334 Cunsiderans
1677 2306 1814 2341 leipsum,

991 2360 1027 2382 ne
1039 2355 1067 2381 et
1088 2355 1122 2381 tu
1142 2352 1262 2381 lenm-is
1275 2352 1310 2379 '9.
1324 2352 1452 2380 Tantum
1466 2350 1556 2379 studii
1571 2350 1601 2378 in
1612 2358 1647 2378 eo
1659 2350 1764 2388 ponito
1784 2352 1816 2380 ut

783 2429 807 2447 ⁶⁹
824 2428 917 2458 Galat.
931 2437 973 2465 vx,
986 2432 1011 2458 t.

1025 2505 1082 2540 (7η
1096 2502 1231 2540 Ηιιιιζῷς
1256 2501 1461 2540 ὰχριϐοδίκαιος,
1486 2502 1512 2531 si
1529 2503 1637 2537 mavis,
1660 2502 1701 2540 ita
1717 2503 1816 2540 inter-

989 2539 1157 2576 pretabere,
1166 2539 1448 2576 Velutsnmmojure
1455 2546 1548 2576 agens
1560 2542 1650 2576 atque
1659 2539 1817 2567 inclemen-

991 2574 1063 2604 tius.
1079 2577 1140 2603 Vox
1155 2575 1233 2605 αὐτός
1247 2574 1277 2602 in
1300 2582 1396 2602 causa
1421 2574 1484 2606 fuit,
1500 2582 1554 2602 cur
1576 2574 1617 2602 ita
1632 2574 1817 2609 interpretati

991 2612 1099 2644 simus,
1116 2612 1270 2645 Tanquam
1289 2612 1315 2638 si
1330 2612 1392 2644 ipse
1405 2610 1536 2644 perfecte
1554 2611 1658 2644 justus
1677 2611 1814 2638 cxsislas.

990 2649 1065 2675 Nam
1081 2655 1139 2674 vox
1160 2647 1236 2678 αὐτὸς
1262 2646 1310 2674 vix
1334 2645 1412 2679 sinit,
1437 2645 1528 2673 utliic
1542 2645 1626 2673 locus
1646 2645 1730 2673 aliter
1743 2647 1817 2674 verti

1012 2684 1094 2711 ossit.
1112 2682 1199 2715 Quod
1214 2690 1284 2709 mox
1307 2682 1452 2717 sequitur,
1473 2681 1636 2717 καταρτίζων
1657 2681 1760 2713 αὐτούς,
1775 2682 1816 2710 ita,

1012 2691 1094 2711 OSSIL
1112 2691 1199 2715 uuou
1214 2691 1284 2709 mox
1307 2691 1452 2717 sequuur,
1473 2691 1636 2717 xarapnswv
1657 2691 1760 2713 αντους,

990 2691 1092 2748 Eatine
1102 2717 1187 2746 reddi
1202 2720 1299 2754 potest
1312 2725 1349 2745 ex
1361 2717 1496 2752 Vulgata,
1513 2718 1665 2745 instruens
1680 2718 1769 2752 ipsos.
