  <div class='ocr_page' id='page_1' title='image "/cluster/home/n/w/nwhite01/storage/ocr_20150623/31/njp.32101013202609/290.png"; bbox 0 0 2049 3131; ppageno 0'>
   <div class='ocr_carea' id='block_1_1' title="bbox 148 135 199 162">
    <p class='ocr_par' dir='ltr' id='par_1_1' title="bbox 148 135 199 162">
     <span class='ocr_line' id='line_1_1' title="bbox 148 135 199 162; baseline 0 -1"><span class='ocrx_word' id='word_1_1' title='bbox 148 135 199 162; x_wconf 80' lang='lat'>533</span> 
     </span>
    </p>
   </div>
   <div class='ocr_carea' id='block_1_2' title="bbox 765 127 1210 158">
    <p class='ocr_par' dir='ltr' id='par_1_2' title="bbox 765 127 1210 158">
     <span class='ocr_line' id='line_1_2' title="bbox 765 127 1210 158; baseline -0.002 0"><span class='ocrx_word' id='word_1_2' title='bbox 765 129 910 158; x_wconf 79' lang='lat' dir='ltr'>llOMlLlA</span> <span class='ocrx_word' id='word_1_3' title='bbox 930 127 975 155; x_wconf 89' lang='lat' dir='ltr'>DE</span> <span class='ocrx_word' id='word_1_4' title='bbox 994 127 1210 157; x_wconf 82' lang='lat' dir='ltr'>HUMILITATE</span> 
     </span>
    </p>
   </div>
   <div class='ocr_carea' id='block_1_3' title="bbox 1775 129 1827 157">
    <p class='ocr_par' dir='ltr' id='par_1_3' title="bbox 1775 129 1827 157">
     <span class='ocr_line' id='line_1_3' title="bbox 1775 129 1827 157; baseline 0.019 -1"><span class='ocrx_word' id='word_1_5' title='bbox 1775 129 1827 157; x_wconf 66' lang='lat' dir='ltr'>53L</span> 
     </span>
    </p>
   </div>
   <div class='ocr_carea' id='block_1_4' title="bbox 148 190 934 231">
    <p class='ocr_par' dir='ltr' id='par_1_4' title="bbox 148 193 934 231">
     <span class='ocr_line' id='line_1_4' title="bbox 148 193 934 231; baseline -0.005 -9"><span class='ocrx_word' id='word_1_6' title='bbox 148 199 272 231; x_wconf 48' lang='lat' dir='ltr'>tta-1,553</span> <span class='ocrx_word' id='word_1_7' title='bbox 301 196 346 221; x_wconf 81' lang='grc' dir='ltr'>καὶ</span> <span class='ocrx_word' id='word_1_8' title='bbox 370 195 417 223; x_wconf 85' lang='grc' dir='ltr'>τὴν</span> <span class='ocrx_word' id='word_1_9' title='bbox 442 194 532 221; x_wconf 70' lang='grc' dir='ltr'>ἑαυτοῦ</span> <span class='ocrx_word' id='word_1_10' title='bbox 558 194 717 230; x_wconf 79' lang='grc' dir='ltr'>καταμαθιῖν</span> <span class='ocrx_word' id='word_1_11' title='bbox 739 193 882 225; x_wconf 74' lang='grc' dir='ltr'>ἀσθένειαν,</span> <span class='ocrx_word' id='word_1_12' title='bbox 902 201 934 218; x_wconf 78' lang='grc' dir='ltr'>κα</span> 
     </span>
    </p>
   </div>
   <div class='ocr_carea' id='block_1_5' title="bbox 991 190 1826 231">
    <p class='ocr_par' dir='ltr' id='par_1_5' title="bbox 1002 190 1826 228">
     <span class='ocr_line' id='line_1_5' title="bbox 1002 190 1826 228; baseline 0 -10"><span class='ocrx_word' id='word_1_13' title='bbox 1002 190 1131 219; x_wconf 88' lang='lat' dir='ltr'>diendus</span> <span class='ocrx_word' id='word_1_14' title='bbox 1158 191 1196 219; x_wconf 79' lang='lat' dir='ltr'><strong><em>ad</em></strong></span> <span class='ocrx_word' id='word_1_15' title='bbox 1212 193 1326 219; x_wconf 86' lang='lat' dir='ltr'>metum</span> <span class='ocrx_word' id='word_1_16' title='bbox 1342 193 1432 228; x_wconf 83' lang='lat' dir='ltr'>atque</span> <span class='ocrx_word' id='word_1_17' title='bbox 1448 191 1487 220; x_wconf 83' lang='lat' dir='ltr'><strong><em>ad</em></strong></span> <span class='ocrx_word' id='word_1_18' title='bbox 1503 191 1686 226; x_wconf 83' lang='lat' dir='ltr'>cautionem,</span> <span class='ocrx_word' id='word_1_19' title='bbox 1700 191 1826 220; x_wconf 87' lang='lat' dir='ltr'>edocen-</span> 
     </span>
    </p>
   </div>
   <div class='ocr_carea' id='block_1_6' title="bbox 147 237 947 277">
    <p class='ocr_par' dir='ltr' id='par_1_6' title="bbox 147 237 947 277">
     <span class='ocr_line' id='line_1_6' title="bbox 147 237 947 277; baseline -0.005 -11"><span class='ocrx_word' id='word_1_20' title='bbox 147 244 244 277; x_wconf 81' lang='grc' dir='ltr'>γνῶναι</span> <span class='ocrx_word' id='word_1_21' title='bbox 277 243 375 276; x_wconf 65' lang='grc' dir='ltr'>σαφῶς,</span> <span class='ocrx_word' id='word_1_22' title='bbox 393 240 432 265; x_wconf 77' lang='grc' dir='ltr'>ὅτι</span> <span class='ocrx_word' id='word_1_23' title='bbox 455 240 571 276; x_wconf 80' lang='grc' dir='ltr'>καθάπερ</span> <span class='ocrx_word' id='word_1_24' title='bbox 596 237 619 264; x_wconf 72' lang='grc' dir='ltr'>ἓν</span> <span class='ocrx_word' id='word_1_25' title='bbox 643 242 679 274; x_wconf 78' lang='grc' dir='ltr'>τῷ</span> <span class='ocrx_word' id='word_1_26' title='bbox 701 238 806 274; x_wconf 69' lang='grc' dir='ltr'>πελάγει</span> <span class='ocrx_word' id='word_1_27' title='bbox 820 246 947 264; x_wconf 82' lang='grc' dir='ltr'>καταπον-</span> 
     </span>
    </p>
   </div>
   <div class='ocr_carea' id='block_1_7' title="bbox 146 281 947 321">
    <p class='ocr_par' dir='ltr' id='par_1_7' title="bbox 146 281 947 321">
     <span class='ocr_line' id='line_1_7' title="bbox 146 281 947 321; baseline -0.006 -9"><span class='ocrx_word' id='word_1_28' title='bbox 146 286 292 321; x_wconf 76' lang='grc' dir='ltr'>τιξόμενος,</span> <span class='ocrx_word' id='word_1_29' title='bbox 319 283 459 320; x_wconf 77' lang='grc' dir='ltr'>ἐκουφίσθη</span> <span class='ocrx_word' id='word_1_30' title='bbox 490 287 521 312; x_wconf 86' lang='grc' dir='ltr'>τῆ</span> <span class='ocrx_word' id='word_1_31' title='bbox 546 287 592 309; x_wconf 79' lang='grc' dir='ltr'>τοῦ</span> <span class='ocrx_word' id='word_1_32' title='bbox 612 286 728 319; x_wconf 78' lang='grc' dir='ltr'>χριστοῦ</span> <span class='ocrx_word' id='word_1_33' title='bbox 754 281 836 318; x_wconf 74' lang='grc' dir='ltr'>δεξιᾷ,</span> <span class='ocrx_word' id='word_1_34' title='bbox 865 281 947 313; x_wconf 75' lang='grc' dir='ltr'>οὕτως</span> 
     </span>
    </p>
   </div>
   <div class='ocr_carea' id='block_1_8' title="bbox 145 325 947 365">
    <p class='ocr_par' dir='ltr' id='par_1_8' title="bbox 145 325 947 365">
     <span class='ocr_line' id='line_1_8' title="bbox 145 325 947 365; baseline -0.004 -10"><span class='ocrx_word' id='word_1_35' title='bbox 145 329 169 356; x_wconf 78' lang='grc' dir='ltr'>ἐν</span> <span class='ocrx_word' id='word_1_36' title='bbox 191 333 229 364; x_wconf 82' lang='grc' dir='ltr'>τῷ</span> <span class='ocrx_word' id='word_1_37' title='bbox 249 327 364 355; x_wconf 83' lang='grc' dir='ltr'>κλύδωνι</span> <span class='ocrx_word' id='word_1_38' title='bbox 378 332 423 355; x_wconf 85' lang='grc' dir='ltr'>τοῦ</span> <span class='ocrx_word' id='word_1_39' title='bbox 444 326 642 365; x_wconf 76' lang='grc' dir='ltr'>σκανδαλισμοῡ</span> <span class='ocrx_word' id='word_1_40' title='bbox 670 326 841 358; x_wconf 74' lang='grc' dir='ltr'>κινδυνεύσας</span> <span class='ocrx_word' id='word_1_41' title='bbox 857 325 947 353; x_wconf 79' lang='grc' dir='ltr'>ἀπολέ-</span> 
     </span>
    </p>
   </div>
   <div class='ocr_carea' id='block_1_9' title="bbox 146 371 945 409">
    <p class='ocr_par' dir='ltr' id='par_1_9' title="bbox 146 371 945 409">
     <span class='ocr_line' id='line_1_9' title="bbox 146 371 945 409; baseline -0.005 -8"><span class='ocrx_word' id='word_1_42' title='bbox 146 375 209 402; x_wconf 82' lang='grc' dir='ltr'>σθαι</span> <span class='ocrx_word' id='word_1_43' title='bbox 224 372 260 400; x_wconf 77' lang='grc' dir='ltr'>δι¹</span> <span class='ocrx_word' id='word_1_44' title='bbox 278 373 413 407; x_wconf 80' lang='grc' dir='ltr'>ἀπιστίας,</span> <span class='ocrx_word' id='word_1_45' title='bbox 431 372 565 409; x_wconf 74' lang='grc' dir='ltr'>ἐφυλάχθη</span> <span class='ocrx_word' id='word_1_46' title='bbox 583 371 692 409; x_wconf 75' lang='grc' dir='ltr'>δυνάμει</span> <span class='ocrx_word' id='word_1_47' title='bbox 709 375 835 409; x_wconf 72' lang='grc' dir='ltr'>Χριστοῦ,</span> <span class='ocrx_word' id='word_1_48' title='bbox 853 371 880 402; x_wconf 85' lang='grc' dir='ltr'>ὃς</span> <span class='ocrx_word' id='word_1_49' title='bbox 900 373 945 397; x_wconf 87' lang='grc' dir='ltr'>καὶ</span> 
     </span>
    </p>
   </div>
   <div class='ocr_carea' id='block_1_10' title="bbox 142 409 945 457">
    <p class='ocr_par' dir='ltr' id='par_1_10' title="bbox 142 409 945 457">
     <span class='ocr_line' id='line_1_10' title="bbox 142 409 945 457; baseline -0.005 -12"><span class='ocrx_word' id='word_1_50' title='bbox 142 422 265 457; x_wconf 76' lang='grc' dir='ltr'>προεῖπεν</span> <span class='ocrx_word' id='word_1_51' title='bbox 288 418 358 453; x_wconf 65' lang='grc' dir='ltr'>αὐτῷ</span> <span class='ocrx_word' id='word_1_52' title='bbox 380 419 409 444; x_wconf 81' lang='grc' dir='ltr'>τὸ</span> <span class='ocrx_word' id='word_1_53' title='bbox 439 409 647 454; x_wconf 60' lang='grc' dir='ltr'>συμϐησόμενον,</span> <span class='ocrx_word' id='word_1_54' title='bbox 672 417 761 453; x_wconf 75' lang='grc' dir='ltr'>λέγων’</span> <span class='ocrx_word' id='word_1_55' title='bbox 788 419 882 453; x_wconf 86' lang='grc' dir='ltr'>Σίμων,</span> <span class='ocrx_word' id='word_1_56' title='bbox 899 417 945 441; x_wconf 86' lang='grc' dir='ltr'>Σί-</span> 
     </span>
    </p>
   </div>
   <div class='ocr_carea' id='block_1_11' title="bbox 144 461 944 500">
    <p class='ocr_par' dir='ltr' id='par_1_11' title="bbox 144 461 944 500">
     <span class='ocr_line' id='line_1_11' title="bbox 144 461 944 500; baseline -0.004 -11"><span class='ocrx_word' id='word_1_57' title='bbox 144 474 209 500; x_wconf 82' lang='grc' dir='ltr'>μων,</span> <span class='ocrx_word' id='word_1_58' title='bbox 229 461 288 490; x_wconf 80' lang='grc' dir='ltr'>ἰδού</span> <span class='ocrx_word' id='word_1_59' title='bbox 313 464 325 488; x_wconf 88' lang='grc' dir='ltr'><strong><em>ὁ</em></strong></span> <span class='ocrx_word' id='word_1_60' title='bbox 352 466 465 493; x_wconf 76' lang='grc' dir='ltr'>Σατανᾶς</span> <span class='ocrx_word' id='word_1_61' title='bbox 492 462 639 499; x_wconf 70' lang='grc' dir='ltr'>ἐξῃτήσατο</span> <span class='ocrx_word' id='word_1_62' title='bbox 664 465 710 488; x_wconf 81' lang='grc' dir='ltr'>τοῦ</span> <span class='ocrx_word' id='word_1_63' title='bbox 737 462 855 488; x_wconf 76' lang='grc' dir='ltr'>σινιάσαι</span> <span class='ocrx_word' id='word_1_64' title='bbox 877 461 944 497; x_wconf 81' lang='grc' dir='ltr'>ὑμᾶς</span> 
     </span>
    </p>
   </div>
   <div class='ocr_carea' id='block_1_12' title="bbox 144 504 942 545">
    <p class='ocr_par' dir='ltr' id='par_1_12' title="bbox 144 504 942 545">
     <span class='ocr_line' id='line_1_12' title="bbox 144 504 942 545; baseline -0.005 -11"><span class='ocrx_word' id='word_1_65' title='bbox 144 510 180 540; x_wconf 83' lang='grc' dir='ltr'>ὡς</span> <span class='ocrx_word' id='word_1_66' title='bbox 193 510 239 535; x_wconf 83' lang='grc' dir='ltr'>τὸν</span> <span class='ocrx_word' id='word_1_67' title='bbox 254 508 336 535; x_wconf 87' lang='grc' dir='ltr'>σῖτον.</span> <span class='ocrx_word' id='word_1_68' title='bbox 355 507 431 543; x_wconf 74' lang='grc' dir='ltr'>Κάγὼ</span> <span class='ocrx_word' id='word_1_69' title='bbox 451 505 560 544; x_wconf 68' lang='grc' dir='ltr'>ἐδεῃθην</span> <span class='ocrx_word' id='word_1_70' title='bbox 576 509 635 545; x_wconf 83' lang='grc' dir='ltr'>περὶ</span> <span class='ocrx_word' id='word_1_71' title='bbox 660 510 716 539; x_wconf 73' lang='grc' dir='ltr'>σοῦ,</span> <span class='ocrx_word' id='word_1_72' title='bbox 735 508 775 532; x_wconf 83' lang='grc' dir='ltr'>ἵνα</span> <span class='ocrx_word' id='word_1_73' title='bbox 788 508 822 542; x_wconf 70' lang='grc' dir='ltr'>μὴ</span> <span class='ocrx_word' id='word_1_74' title='bbox 841 504 942 542; x_wconf 74' lang='grc' dir='ltr'>ἐκλείπῃ</span> 
     </span>
    </p>
   </div>
   <div class='ocr_carea' id='block_1_13' title="bbox 144 549 943 589">
    <p class='ocr_par' dir='ltr' id='par_1_13' title="bbox 144 549 943 589">
     <span class='ocr_line' id='line_1_13' title="bbox 144 549 943 589; baseline -0.006 -8"><span class='ocrx_word' id='word_1_75' title='bbox 144 553 201 589; x_wconf 82' lang='lat'>(69)</span> <span class='ocrx_word' id='word_1_76' title='bbox 214 554 230 582; x_wconf 85' lang='grc' dir='ltr'><strong>ἠ</strong></span> <span class='ocrx_word' id='word_1_77' title='bbox 258 562 346 584; x_wconf 79' lang='grc' dir='ltr'>πιστις</span> <span class='ocrx_word' id='word_1_78' title='bbox 362 561 420 586; x_wconf 80' lang='grc' dir='ltr'>σου,</span> <span class='ocrx_word' id='word_1_79' title='bbox 435 554 481 578; x_wconf 86' lang='grc' dir='ltr'>καὶ</span> <span class='ocrx_word' id='word_1_80' title='bbox 503 553 534 578; x_wconf 79' lang='grc' dir='ltr'>σύ</span> <span class='ocrx_word' id='word_1_81' title='bbox 556 561 618 578; x_wconf 76' lang='grc' dir='ltr'>ποτε</span> <span class='ocrx_word' id='word_1_82' title='bbox 645 551 803 588; x_wconf 60' lang='grc' dir='ltr'>ἐπιστρέψας</span> <span class='ocrx_word' id='word_1_83' title='bbox 823 549 943 587; x_wconf 67' lang='grc' dir='ltr'>στήριξον</span> 
     </span>
    </p>
   </div>
   <div class='ocr_carea' id='block_1_14' title="bbox 144 594 941 634">
    <p class='ocr_par' dir='ltr' id='par_1_14' title="bbox 144 594 941 634">
     <span class='ocr_line' id='line_1_14' title="bbox 144 594 941 634; baseline -0.004 -10"><span class='ocrx_word' id='word_1_84' title='bbox 144 600 207 628; x_wconf 82' lang='grc' dir='ltr'>τοὺς</span> <span class='ocrx_word' id='word_1_85' title='bbox 230 596 356 634; x_wconf 62' lang='grc' dir='ltr'>ἀδελφούς</span> <span class='ocrx_word' id='word_1_86' title='bbox 372 606 429 624; x_wconf 83' lang='grc' dir='ltr'>σον.</span> <span class='ocrx_word' id='word_1_87' title='bbox 449 599 500 623; x_wconf 83' lang='grc' dir='ltr'>Καὶ</span> <span class='ocrx_word' id='word_1_88' title='bbox 516 598 611 633; x_wconf 80' lang='grc' dir='ltr'>Πέτρος</span> <span class='ocrx_word' id='word_1_89' title='bbox 632 596 677 633; x_wconf 78' lang='grc' dir='ltr'>μέν</span> <span class='ocrx_word' id='word_1_90' title='bbox 693 596 776 626; x_wconf 70' lang='grc' dir='ltr'>οὕτως</span> <span class='ocrx_word' id='word_1_91' title='bbox 798 594 941 631; x_wconf 71' lang='grc' dir='ltr'>ἐλεγχθεὶς,</span> 
     </span>
    </p>
   </div>
   <div class='ocr_carea' id='block_1_15' title="bbox 146 640 943 678">
    <p class='ocr_par' dir='ltr' id='par_1_15' title="bbox 146 640 943 678">
     <span class='ocr_line' id='line_1_15' title="bbox 146 640 943 678; baseline -0.004 -10"><span class='ocrx_word' id='word_1_92' title='bbox 146 641 260 673; x_wconf 80' lang='grc' dir='ltr'>δικαίως</span> <span class='ocrx_word' id='word_1_93' title='bbox 294 641 435 673; x_wconf 74' lang='grc' dir='ltr'>ἔϐοηθεῖτο,</span> <span class='ocrx_word' id='word_1_94' title='bbox 463 643 528 678; x_wconf 85' lang='grc' dir='ltr'>πρὸς</span> <span class='ocrx_word' id='word_1_95' title='bbox 566 640 689 668; x_wconf 80' lang='grc' dir='ltr'>ἁπόθισιν</span> <span class='ocrx_word' id='word_1_96' title='bbox 718 640 866 671; x_wconf 76' lang='grc' dir='ltr'>ἀλαζονείας</span> <span class='ocrx_word' id='word_1_97' title='bbox 898 642 943 666; x_wconf 82' lang='grc' dir='ltr'>καὶ</span> 
     </span>
    </p>
   </div>
   <div class='ocr_carea' id='block_1_16' title="bbox 146 683 941 726">
    <p class='ocr_par' dir='ltr' id='par_1_16' title="bbox 146 683 941 726">
     <span class='ocr_line' id='line_1_16' title="bbox 146 683 941 726; baseline -0.004 -13"><span class='ocrx_word' id='word_1_98' title='bbox 146 685 228 726; x_wconf 72' lang='grc' dir='ltr'>φειδὼ</span> <span class='ocrx_word' id='word_1_99' title='bbox 254 691 302 713; x_wconf 75' lang='grc' dir='ltr'>τῶν</span> <span class='ocrx_word' id='word_1_100' title='bbox 326 686 500 713; x_wconf 75' lang='grc' dir='ltr'>ἀσθενούντων</span> <span class='ocrx_word' id='word_1_101' title='bbox 528 684 749 722; x_wconf 53' lang='grc' dir='ltr'>ἐκπαιδευόμενοψ</span> <span class='ocrx_word' id='word_1_102' title='bbox 773 685 786 711; x_wconf 90' lang='grc' dir='ltr'><strong>ὀ</strong></span> <span class='ocrx_word' id='word_1_103' title='bbox 809 683 838 711; x_wconf 62' lang='grc' dir='ltr'>δὲ</span> <span class='ocrx_word' id='word_1_104' title='bbox 860 688 941 722; x_wconf 78' lang='grc' dir='ltr'>Φαρι-</span> 
     </span>
    </p>
   </div>
   <div class='ocr_carea' id='block_1_17' title="bbox 147 729 941 769">
    <p class='ocr_par' dir='ltr' id='par_1_17' title="bbox 147 729 941 769">
     <span class='ocr_line' id='line_1_17' title="bbox 147 729 941 769; baseline -0.004 -11"><span class='ocrx_word' id='word_1_105' title='bbox 147 737 221 763; x_wconf 81' lang='grc' dir='ltr'>σαῖος</span> <span class='ocrx_word' id='word_1_106' title='bbox 246 731 378 765; x_wconf 74' lang='grc' dir='ltr'>ἓκεῖνος,ό</span> <span class='ocrx_word' id='word_1_107' title='bbox 408 730 491 769; x_wconf 71' lang='grc' dir='ltr'>βαρὺς</span> <span class='ocrx_word' id='word_1_108' title='bbox 519 733 565 757; x_wconf 81' lang='grc' dir='ltr'>καὶ</span> <span class='ocrx_word' id='word_1_109' title='bbox 591 731 650 757; x_wconf 82' lang='grc' dir='ltr'>καθ’</span> <span class='ocrx_word' id='word_1_110' title='bbox 675 729 818 768; x_wconf 62' lang='grc' dir='ltr'>ὑπερϐολὴν</span> <span class='ocrx_word' id='word_1_111' title='bbox 841 730 941 766; x_wconf 74' lang='grc' dir='ltr'>ὑπερή-</span> 
     </span>
    </p>
   </div>
   <div class='ocr_carea' id='block_1_18' title="bbox 144 773 941 814">
    <p class='ocr_par' dir='ltr' id='par_1_18' title="bbox 144 773 941 814">
     <span class='ocr_line' id='line_1_18' title="bbox 144 773 941 814; baseline -0.004 -11"><span class='ocrx_word' id='word_1_112' title='bbox 144 787 231 814; x_wconf 71' lang='grc' dir='ltr'>φανος,</span> <span class='ocrx_word' id='word_1_113' title='bbox 256 777 268 802; x_wconf 85' lang='grc' dir='ltr'>ό</span> <span class='ocrx_word' id='word_1_114' title='bbox 297 779 332 813; x_wconf 73' lang='grc' dir='ltr'>μὴ</span> <span class='ocrx_word' id='word_1_115' title='bbox 363 778 438 812; x_wconf 85' lang='grc' dir='ltr'>μόνον</span> <span class='ocrx_word' id='word_1_116' title='bbox 472 775 510 812; x_wconf 75' lang='grc' dir='ltr'>ἐφ’</span> <span class='ocrx_word' id='word_1_117' title='bbox 541 775 620 812; x_wconf 79' lang='grc' dir='ltr'>ἑαυτῷ</span> <span class='ocrx_word' id='word_1_118' title='bbox 651 777 848 813; x_wconf 79' lang='grc' dir='ltr'>θρασυνόμενος,</span> <span class='ocrx_word' id='word_1_119' title='bbox 878 773 941 800; x_wconf 81' lang='grc' dir='ltr'>ἀλλὰ</span> 
     </span>
    </p>
   </div>
   <div class='ocr_carea' id='block_1_19' title="bbox 141 819 941 857">
    <p class='ocr_par' dir='ltr' id='par_1_19' title="bbox 141 819 941 857">
     <span class='ocr_line' id='line_1_19' title="bbox 141 819 941 857; baseline -0.004 -9"><span class='ocrx_word' id='word_1_120' title='bbox 141 824 186 849; x_wconf 80' lang='grc' dir='ltr'>καὶ</span> <span class='ocrx_word' id='word_1_121' title='bbox 208 823 250 848; x_wconf 84' lang='grc' dir='ltr'>τὸν</span> <span class='ocrx_word' id='word_1_122' title='bbox 279 821 388 850; x_wconf 76' lang='grc' dir='ltr'>τελώνην</span> <span class='ocrx_word' id='word_1_123' title='bbox 415 820 455 847; x_wconf 80' lang='grc' dir='ltr'>ἐπὶ</span> <span class='ocrx_word' id='word_1_124' title='bbox 480 824 547 847; x_wconf 85' lang='grc' dir='ltr'>Θεοῦ</span> <span class='ocrx_word' id='word_1_125' title='bbox 581 819 724 857; x_wconf 75' lang='grc' dir='ltr'>διασύρων,</span> <span class='ocrx_word' id='word_1_126' title='bbox 755 819 870 846; x_wconf 72' lang='grc' dir='ltr'>ἀπώλεσε</span> <span class='ocrx_word' id='word_1_127' title='bbox 895 822 941 855; x_wconf 79' lang='grc' dir='ltr'>τῇς</span> 
     </span>
    </p>
   </div>
   <div class='ocr_carea' id='block_1_20' title="bbox 141 864 940 903">
    <p class='ocr_par' dir='ltr' id='par_1_20' title="bbox 141 864 940 903">
     <span class='ocr_line' id='line_1_20' title="bbox 141 864 940 903; baseline -0.005 -10"><span class='ocrx_word' id='word_1_128' title='bbox 141 866 315 898; x_wconf 75' lang='grc' dir='ltr'>δικαιοσύνης</span> <span class='ocrx_word' id='word_1_129' title='bbox 346 867 375 893; x_wconf 77' lang='grc' dir='ltr'>τὸ</span> <span class='ocrx_word' id='word_1_130' title='bbox 401 867 532 903; x_wconf 86' lang='grc' dir='ltr'>καύχημα</span> <span class='ocrx_word' id='word_1_131' title='bbox 561 864 607 892; x_wconf 83' lang='grc' dir='ltr'>διὰ</span> <span class='ocrx_word' id='word_1_132' title='bbox 635 867 663 891; x_wconf 87' lang='grc' dir='ltr'>τὸ</span> <span class='ocrx_word' id='word_1_133' title='bbox 689 869 736 896; x_wconf 78' lang='grc' dir='ltr'>τῆς</span> <span class='ocrx_word' id='word_1_134' title='bbox 766 865 940 902; x_wconf 69' lang='grc' dir='ltr'>ὑπερηφανίας</span> 
     </span>
    </p>
   </div>
   <div class='ocr_carea' id='block_1_21' title="bbox 140 908 941 949">
    <p class='ocr_par' dir='ltr' id='par_1_21' title="bbox 140 908 941 949">
     <span class='ocr_line' id='line_1_21' title="bbox 140 908 941 949; baseline -0.004 -11"><span class='ocrx_word' id='word_1_135' title='bbox 140 912 270 949; x_wconf 73' lang='grc' dir='ltr'>ἔγκλημα.</span> <span class='ocrx_word' id='word_1_136' title='bbox 307 912 357 938; x_wconf 78' lang='grc' dir='ltr'>Καὶ</span> <span class='ocrx_word' id='word_1_137' title='bbox 390 911 516 941; x_wconf 81' lang='grc' dir='ltr'>κατῆλθεν</span> <span class='ocrx_word' id='word_1_138' title='bbox 550 911 562 937; x_wconf 87' lang='grc' dir='ltr'><strong><em>ὁ</em></strong></span> <span class='ocrx_word' id='word_1_139' title='bbox 595 910 704 941; x_wconf 81' lang='grc' dir='ltr'>τιλώνης</span> <span class='ocrx_word' id='word_1_140' title='bbox 738 908 941 946; x_wconf 69' lang='grc' dir='ltr'>δεδικαιωμένος</span> 
     </span>
    </p>
   </div>
   <div class='ocr_carea' id='block_1_22' title="bbox 140 953 940 994">
    <p class='ocr_par' dir='ltr' id='par_1_22' title="bbox 140 953 940 994">
     <span class='ocr_line' id='line_1_22' title="bbox 140 953 940 994; baseline -0.004 -11"><span class='ocrx_word' id='word_1_141' title='bbox 140 957 204 994; x_wconf 68' lang='grc' dir='ltr'>ὑπὲρ</span> <span class='ocrx_word' id='word_1_142' title='bbox 232 955 319 989; x_wconf 67' lang='grc' dir='ltr'>αὐτὸν,</span> <span class='ocrx_word' id='word_1_143' title='bbox 345 956 384 982; x_wconf 83' lang='grc' dir='ltr'>ὅτι</span> <span class='ocrx_word' id='word_1_144' title='bbox 408 957 451 982; x_wconf 86' lang='grc' dir='ltr'>τὸν</span> <span class='ocrx_word' id='word_1_145' title='bbox 477 955 550 991; x_wconf 74' lang='grc' dir='ltr'>ἅγιον</span> <span class='ocrx_word' id='word_1_146' title='bbox 577 953 686 987; x_wconf 77' lang='grc' dir='ltr'>ἐδόξαζε</span> <span class='ocrx_word' id='word_1_147' title='bbox 711 956 786 988; x_wconf 74' lang='grc' dir='ltr'>Θεὸν,</span> <span class='ocrx_word' id='word_1_148' title='bbox 810 956 854 981; x_wconf 84' lang='grc' dir='ltr'>καὶ</span> <span class='ocrx_word' id='word_1_149' title='bbox 878 953 940 981; x_wconf 76' lang='grc' dir='ltr'>οὐδὶ</span> 
     </span>
    </p>
   </div>
   <div class='ocr_carea' id='block_1_23' title="bbox 141 999 940 1037">
    <p class='ocr_par' dir='ltr' id='par_1_23' title="bbox 141 999 940 1037">
     <span class='ocr_line' id='line_1_23' title="bbox 141 999 940 1037; baseline -0.004 -9"><span class='ocrx_word' id='word_1_150' title='bbox 141 1001 291 1028; x_wconf 69' lang='grc' dir='ltr'>ἀναϐλέπειν</span> <span class='ocrx_word' id='word_1_151' title='bbox 320 1000 424 1037; x_wconf 77' lang='grc' dir='ltr'>ἐτόλμα,</span> <span class='ocrx_word' id='word_1_152' title='bbox 439 999 492 1026; x_wconf 73' lang='grc' dir='ltr'>ἀλλ’</span> <span class='ocrx_word' id='word_1_153' title='bbox 523 999 632 1037; x_wconf 82' lang='grc' dir='ltr'>ὶλασμόν</span> <span class='ocrx_word' id='word_1_154' title='bbox 664 999 747 1030; x_wconf 73' lang='grc' dir='ltr'>ἐζήτει</span> <span class='ocrx_word' id='word_1_155' title='bbox 771 1000 858 1037; x_wconf 86' lang='grc' dir='ltr'>μόνον,</span> <span class='ocrx_word' id='word_1_156' title='bbox 878 1009 940 1025; x_wconf 87' lang='grc' dir='ltr'>κατ-</span> 
     </span>
    </p>
   </div>
   <div class='ocr_carea' id='block_1_24' title="bbox 139 1045 939 1084">
    <p class='ocr_par' dir='ltr' id='par_1_24' title="bbox 139 1045 939 1084">
     <span class='ocr_line' id='line_1_24' title="bbox 139 1045 939 1084; baseline -0.003 -12"><span class='ocrx_word' id='word_1_157' title='bbox 139 1048 238 1084; x_wconf 75' lang='grc' dir='ltr'>ήγορος</span> <span class='ocrx_word' id='word_1_158' title='bbox 257 1046 290 1072; x_wconf 78' lang='grc' dir='ltr'>ὧν</span> <span class='ocrx_word' id='word_1_159' title='bbox 307 1045 399 1072; x_wconf 77' lang='grc' dir='ltr'>ἑαυτοῦ</span> <span class='ocrx_word' id='word_1_160' title='bbox 414 1048 459 1072; x_wconf 81' lang='grc' dir='ltr'>καὶ</span> <span class='ocrx_word' id='word_1_161' title='bbox 486 1049 521 1081; x_wconf 83' lang='grc' dir='ltr'>τῷ</span> <span class='ocrx_word' id='word_1_162' title='bbox 538 1047 660 1082; x_wconf 82' lang='grc' dir='ltr'>σχήματι</span> <span class='ocrx_word' id='word_1_163' title='bbox 677 1046 722 1071; x_wconf 81' lang='grc' dir='ltr'>καὶ</span> <span class='ocrx_word' id='word_1_164' title='bbox 742 1048 773 1081; x_wconf 76' lang='grc' dir='ltr'>τῇ</span> <span class='ocrx_word' id='word_1_165' title='bbox 789 1045 856 1070; x_wconf 81' lang='grc' dir='ltr'>κατὰ</span> <span class='ocrx_word' id='word_1_166' title='bbox 872 1046 939 1073; x_wconf 78' lang='grc' dir='ltr'>στη-</span> 
     </span>
    </p>
   </div>
   <div class='ocr_carea' id='block_1_25' title="bbox 140 1088 939 1127">
    <p class='ocr_par' dir='ltr' id='par_1_25' title="bbox 140 1088 939 1127">
     <span class='ocr_line' id='line_1_25' title="bbox 140 1088 939 1127; baseline -0.004 -9"><span class='ocrx_word' id='word_1_167' title='bbox 140 1092 202 1122; x_wconf 82' lang='grc' dir='ltr'>θους</span> <span class='ocrx_word' id='word_1_168' title='bbox 215 1090 313 1127; x_wconf 74' lang='grc' dir='ltr'>πληγῇ,</span> <span class='ocrx_word' id='word_1_169' title='bbox 338 1093 382 1117; x_wconf 85' lang='grc' dir='ltr'>καὶ</span> <span class='ocrx_word' id='word_1_170' title='bbox 398 1094 433 1126; x_wconf 85' lang='grc' dir='ltr'>τῷ</span> <span class='ocrx_word' id='word_1_171' title='bbox 450 1090 536 1121; x_wconf 78' lang='grc' dir='ltr'>ζητεῖν</span> <span class='ocrx_word' id='word_1_172' title='bbox 559 1088 634 1116; x_wconf 73' lang='grc' dir='ltr'>οὐδὲν</span> <span class='ocrx_word' id='word_1_173' title='bbox 654 1089 715 1116; x_wconf 81' lang='grc' dir='ltr'>ἄλλο</span> <span class='ocrx_word' id='word_1_174' title='bbox 729 1089 797 1118; x_wconf 75' lang='grc' dir='ltr'>πλὴν</span> <span class='ocrx_word' id='word_1_175' title='bbox 819 1089 939 1126; x_wconf 67' lang='grc' dir='ltr'>ἱλασμὸν*</span> 
     </span>
    </p>
   </div>
   <div class='ocr_carea' id='block_1_26' title="bbox 138 1133 940 1174">
    <p class='ocr_par' dir='ltr' id='par_1_26' title="bbox 138 1133 940 1174">
     <span class='ocr_line' id='line_1_26' title="bbox 138 1133 940 1174; baseline -0.002 -12"><span class='ocrx_word' id='word_1_176' title='bbox 138 1136 207 1174; x_wconf 85' lang='grc' dir='ltr'>Ὀρα</span> <span class='ocrx_word' id='word_1_177' title='bbox 221 1134 254 1165; x_wconf 78' lang='grc' dir='ltr'>δὴ</span> <span class='ocrx_word' id='word_1_178' title='bbox 272 1134 315 1162; x_wconf 81' lang='grc' dir='ltr'>οὖν</span> <span class='ocrx_word' id='word_1_179' title='bbox 331 1137 375 1162; x_wconf 80' lang='grc' dir='ltr'>καὶ</span> <span class='ocrx_word' id='word_1_180' title='bbox 392 1135 522 1172; x_wconf 71' lang='grc' dir='ltr'>φυλάττου</span> <span class='ocrx_word' id='word_1_181' title='bbox 538 1136 565 1161; x_wconf 84' lang='grc' dir='ltr'>τὸ</span> <span class='ocrx_word' id='word_1_182' title='bbox 579 1133 748 1171; x_wconf 76' lang='grc' dir='ltr'>παράδειγμα</span> <span class='ocrx_word' id='word_1_183' title='bbox 759 1139 806 1166; x_wconf 84' lang='grc' dir='ltr'>τῆς</span> <span class='ocrx_word' id='word_1_184' title='bbox 820 1134 940 1170; x_wconf 78' lang='grc' dir='ltr'>χαλεπῆς</span> 
     </span>
    </p>
   </div>
   <div class='ocr_carea' id='block_1_27' title="bbox 139 1177 938 1218">
    <p class='ocr_par' dir='ltr' id='par_1_27' title="bbox 139 1177 938 1218">
     <span class='ocr_line' id='line_1_27' title="bbox 139 1177 938 1218; baseline -0.003 -11"><span class='ocrx_word' id='word_1_185' title='bbox 139 1179 177 1208; x_wconf 80' lang='grc' dir='ltr'>δι’</span> <span class='ocrx_word' id='word_1_186' title='bbox 192 1182 368 1218; x_wconf 76' lang='grc' dir='ltr'>ὑπερηφανίαν</span> <span class='ocrx_word' id='word_1_187' title='bbox 394 1180 501 1216; x_wconf 79' lang='grc' dir='ltr'>ζημίας.</span> <span class='ocrx_word' id='word_1_188' title='bbox 530 1179 680 1216; x_wconf 79' lang='grc' dir='ltr'>Ἐζημιώθη</span> <span class='ocrx_word' id='word_1_189' title='bbox 697 1181 744 1209; x_wconf 80' lang='grc' dir='ltr'>τήν</span> <span class='ocrx_word' id='word_1_190' title='bbox 767 1177 938 1209; x_wconf 77' lang='grc' dir='ltr'>δικαιοσύνην</span> 
     </span>
    </p>
   </div>
   <div class='ocr_carea' id='block_1_28' title="bbox 138 1224 938 1262">
    <p class='ocr_par' dir='ltr' id='par_1_28' title="bbox 138 1224 938 1262">
     <span class='ocr_line' id='line_1_28' title="bbox 138 1224 938 1262; baseline -0.003 -10"><span class='ocrx_word' id='word_1_191' title='bbox 138 1225 427 1262; x_wconf 75' lang='grc' dir='ltr'>ὑπιρηφανευσάμενος,</span> <span class='ocrx_word' id='word_1_192' title='bbox 450 1224 565 1251; x_wconf 75' lang='grc' dir='ltr'>ἀπώλεσε</span> <span class='ocrx_word' id='word_1_193' title='bbox 588 1225 631 1251; x_wconf 81' lang='grc' dir='ltr'>τὸν</span> <span class='ocrx_word' id='word_1_194' title='bbox 657 1224 751 1261; x_wconf 83' lang='grc' dir='ltr'>μισθὸν</span> <span class='ocrx_word' id='word_1_195' title='bbox 775 1225 938 1261; x_wconf 75' lang='grc' dir='ltr'>θρασυνόμε-</span> 
     </span>
    </p>
   </div>
   <div class='ocr_carea' id='block_1_29' title="bbox 136 1268 937 1307">
    <p class='ocr_par' dir='ltr' id='par_1_29' title="bbox 136 1268 937 1307">
     <span class='ocr_line' id='line_1_29' title="bbox 136 1268 937 1307; baseline -0.002 -10"><span class='ocrx_word' id='word_1_196' title='bbox 136 1280 190 1302; x_wconf 83' lang='grc' dir='ltr'>νος”</span> <span class='ocrx_word' id='word_1_197' title='bbox 205 1270 342 1300; x_wconf 76' lang='grc' dir='ltr'>ἠλαττώθη</span> <span class='ocrx_word' id='word_1_198' title='bbox 367 1272 414 1296; x_wconf 84' lang='grc' dir='ltr'>τοῦ</span> <span class='ocrx_word' id='word_1_199' title='bbox 430 1273 551 1296; x_wconf 74' lang='grc' dir='ltr'>ταπεινοῦ</span> <span class='ocrx_word' id='word_1_200' title='bbox 576 1270 621 1295; x_wconf 84' lang='grc' dir='ltr'>καὶ</span> <span class='ocrx_word' id='word_1_201' title='bbox 641 1269 806 1307; x_wconf 78' lang='grc' dir='ltr'>ἁμαρτωλοῦ,</span> <span class='ocrx_word' id='word_1_202' title='bbox 822 1268 937 1305; x_wconf 78' lang='grc' dir='ltr'>μεγαλύ-</span> 
     </span>
    </p>
   </div>
   <div class='ocr_carea' id='block_1_30' title="bbox 136 1313 937 1351">
    <p class='ocr_par' dir='ltr' id='par_1_30' title="bbox 136 1313 937 1351">
     <span class='ocr_line' id='line_1_30' title="bbox 136 1313 937 1351; baseline -0.002 -9"><span class='ocrx_word' id='word_1_203' title='bbox 136 1325 183 1347; x_wconf 89' lang='grc' dir='ltr'>νας</span> <span class='ocrx_word' id='word_1_204' title='bbox 199 1315 289 1342; x_wconf 81' lang='grc' dir='ltr'>ἑαυτὸν</span> <span class='ocrx_word' id='word_1_205' title='bbox 311 1315 374 1351; x_wconf 67' lang='grc' dir='ltr'>ὑπὲρ</span> <span class='ocrx_word' id='word_1_206' title='bbox 397 1313 499 1347; x_wconf 80' lang='grc' dir='ltr'>ἐκεῖνον,</span> <span class='ocrx_word' id='word_1_207' title='bbox 520 1316 565 1341; x_wconf 86' lang='grc' dir='ltr'>καὶ</span> <span class='ocrx_word' id='word_1_208' title='bbox 589 1314 635 1340; x_wconf 67' lang='grc' dir='ltr'>οὐκ</span> <span class='ocrx_word' id='word_1_209' title='bbox 658 1313 793 1351; x_wconf 79' lang='grc' dir='ltr'>ἀναμείνας</span> <span class='ocrx_word' id='word_1_210' title='bbox 808 1315 855 1342; x_wconf 72' lang='grc' dir='ltr'>τὴν</span> <span class='ocrx_word' id='word_1_211' title='bbox 865 1314 937 1351; x_wconf 84' lang='grc' dir='ltr'>παρά</span> 
     </span>
    </p>
   </div>
   <div class='ocr_carea' id='block_1_31' title="bbox 137 1355 936 1397">
    <p class='ocr_par' dir='ltr' id='par_1_31' title="bbox 137 1355 936 1397">
     <span class='ocr_line' id='line_1_31' title="bbox 137 1355 936 1397; baseline -0.003 -11"><span class='ocrx_word' id='word_1_212' title='bbox 137 1363 205 1386; x_wconf 71' lang='grc' dir='ltr'>Θεοῦ</span> <span class='ocrx_word' id='word_1_213' title='bbox 229 1361 327 1397; x_wconf 81' lang='grc' dir='ltr'>κρίσιν,</span> <span class='ocrx_word' id='word_1_214' title='bbox 339 1358 403 1385; x_wconf 82' lang='grc' dir='ltr'>ἀλλὰ</span> <span class='ocrx_word' id='word_1_215' title='bbox 428 1360 473 1388; x_wconf 78' lang='grc' dir='ltr'>τὴν</span> <span class='ocrx_word' id='word_1_216' title='bbox 493 1359 565 1396; x_wconf 81' lang='grc' dir='ltr'>παρὰ</span> <span class='ocrx_word' id='word_1_217' title='bbox 589 1359 668 1385; x_wconf 77' lang='grc' dir='ltr'>αὐτοῦ</span> <span class='ocrx_word' id='word_1_218' title='bbox 683 1358 828 1394; x_wconf 69' lang='grc' dir='ltr'>ἐξενεγκὼν.</span> <span class='ocrx_word' id='word_1_219' title='bbox 850 1359 883 1384; x_wconf 86' lang='grc' dir='ltr'><strong>Σὺ</strong></span> <span class='ocrx_word' id='word_1_220' title='bbox 907 1355 936 1384; x_wconf 69' lang='grc' dir='ltr'><strong>δί</strong></span> 
     </span>
    </p>
   </div>
   <div class='ocr_carea' id='block_1_32' title="bbox 136 1401 935 1440">
    <p class='ocr_par' dir='ltr' id='par_1_32' title="bbox 136 1401 935 1440">
     <span class='ocr_line' id='line_1_32' title="bbox 136 1401 935 1440; baseline -0.004 -9"><span class='ocrx_word' id='word_1_221' title='bbox 136 1404 194 1431; x_wconf 84' lang='grc' dir='ltr'>κατ’</span> <span class='ocrx_word' id='word_1_222' title='bbox 222 1402 328 1434; x_wconf 65' lang='grc' dir='ltr'>οὐδενὸς</span> <span class='ocrx_word' id='word_1_223' title='bbox 354 1402 490 1440; x_wconf 73' lang='grc' dir='ltr'>ἐπαρθὴσῃ</span> <span class='ocrx_word' id='word_1_224' title='bbox 520 1404 591 1436; x_wconf 68' lang='grc' dir='ltr'>ποτε,</span> <span class='ocrx_word' id='word_1_225' title='bbox 613 1401 674 1430; x_wconf 80' lang='grc' dir='ltr'>οὑδὲ</span> <span class='ocrx_word' id='word_1_226' title='bbox 700 1404 768 1429; x_wconf 80' lang='grc' dir='ltr'>κατὰ</span> <span class='ocrx_word' id='word_1_227' title='bbox 793 1406 843 1429; x_wconf 83' lang='grc' dir='ltr'>τῶν</span> <span class='ocrx_word' id='word_1_228' title='bbox 869 1403 935 1438; x_wconf 72' lang='grc' dir='ltr'>ἄγαν</span> 
     </span>
    </p>
   </div>
   <div class='ocr_carea' id='block_1_33' title="bbox 137 1448 934 1487">
    <p class='ocr_par' dir='ltr' id='par_1_33' title="bbox 137 1448 934 1487">
     <span class='ocr_line' id='line_1_33' title="bbox 137 1448 934 1487; baseline -0.004 -11"><span class='ocrx_word' id='word_1_229' title='bbox 137 1448 306 1487; x_wconf 76' lang='grc' dir='ltr'>ἁμαρτωλῶν.</span> <span class='ocrx_word' id='word_1_230' title='bbox 331 1448 431 1475; x_wconf 64' lang='grc' dir='ltr'>Ῥύεται</span> <span class='ocrx_word' id='word_1_231' title='bbox 456 1448 577 1478; x_wconf 75' lang='grc' dir='ltr'>πολλάκις</span> <span class='ocrx_word' id='word_1_232' title='bbox 600 1449 615 1478; x_wconf 85' lang='grc' dir='ltr'><strong>ἠ</strong></span> <span class='ocrx_word' id='word_1_233' title='bbox 645 1448 866 1485; x_wconf 74' lang='grc' dir='ltr'>ταπεινοφροσύνῃ</span> <span class='ocrx_word' id='word_1_234' title='bbox 891 1449 934 1474; x_wconf 89' lang='grc' dir='ltr'>τὸν</span> 
     </span>
    </p>
   </div>
   <div class='ocr_carea' id='block_1_34' title="bbox 137 1490 935 1532">
    <p class='ocr_par' dir='ltr' id='par_1_34' title="bbox 137 1490 935 1532">
     <span class='ocr_line' id='line_1_34' title="bbox 137 1490 935 1532; baseline -0.003 -12"><span class='ocrx_word' id='word_1_235' title='bbox 137 1495 310 1532; x_wconf 77' lang='grc' dir='ltr'>ἡμαρτηκότα</span> <span class='ocrx_word' id='word_1_236' title='bbox 333 1493 416 1520; x_wconf 82' lang='grc' dir='ltr'>πολλὰ</span> <span class='ocrx_word' id='word_1_237' title='bbox 438 1495 484 1520; x_wconf 83' lang='grc' dir='ltr'>καὶ</span> <span class='ocrx_word' id='word_1_238' title='bbox 503 1492 612 1529; x_wconf 79' lang='grc' dir='ltr'>μεγάλα.</span> <span class='ocrx_word' id='word_1_239' title='bbox 633 1494 676 1522; x_wconf 81' lang='grc' dir='ltr'>Μὴ</span> <span class='ocrx_word' id='word_1_240' title='bbox 702 1491 746 1519; x_wconf 72' lang='grc' dir='ltr'>οὖν</span> <span class='ocrx_word' id='word_1_241' title='bbox 761 1494 868 1519; x_wconf 80' lang='grc' dir='ltr'>σεαυτὸν</span> <span class='ocrx_word' id='word_1_242' title='bbox 894 1490 935 1519; x_wconf 83' lang='grc' dir='ltr'>δι-</span> 
     </span>
    </p>
   </div>
   <div class='ocr_carea' id='block_1_35' title="bbox 1002 235 1827 273">
    <p class='ocr_par' dir='ltr' id='par_1_35' title="bbox 1002 235 1827 273">
     <span class='ocr_line' id='line_1_35' title="bbox 1002 235 1827 273; baseline 0.002 -10"><span class='ocrx_word' id='word_1_243' title='bbox 1002 235 1119 273; x_wconf 88' lang='lat' dir='ltr'>dusque</span> <span class='ocrx_word' id='word_1_244' title='bbox 1133 236 1261 264; x_wconf 79' lang='lat' dir='ltr'>inﬁrmis</span> <span class='ocrx_word' id='word_1_245' title='bbox 1276 245 1398 273; x_wconf 76' lang='lat' dir='ltr'>parcere</span> <span class='ocrx_word' id='word_1_246' title='bbox 1411 239 1440 265; x_wconf 87' lang='lat' dir='ltr'>et</span> <span class='ocrx_word' id='word_1_247' title='bbox 1458 237 1544 273; x_wconf 77' lang='lat'>160</span> <span class='ocrx_word' id='word_1_248' title='bbox 1568 237 1729 273; x_wconf 85' lang='lat' dir='ltr'>debilibus,</span> <span class='ocrx_word' id='word_1_249' title='bbox 1742 237 1827 273; x_wconf 86' lang='lat' dir='ltr'>quod</span> 
     </span>
    </p>
   </div>
   <div class='ocr_carea' id='block_1_36' title="bbox 1001 281 1827 318">
    <p class='ocr_par' dir='ltr' id='par_1_36' title="bbox 1001 281 1827 318">
     <span class='ocr_line' id='line_1_36' title="bbox 1001 281 1827 318; baseline 0.002 -10"><span class='ocrx_word' id='word_1_250' title='bbox 1001 282 1029 308; x_wconf 90' lang='lat' dir='ltr'>et</span> <span class='ocrx_word' id='word_1_251' title='bbox 1039 289 1127 310; x_wconf 83' lang='lat' dir='ltr'>suam</span> <span class='ocrx_word' id='word_1_252' title='bbox 1147 282 1288 317; x_wconf 83' lang='lat' dir='ltr'>cognovit</span> <span class='ocrx_word' id='word_1_253' title='bbox 1302 282 1517 313; x_wconf 85' lang='lat' dir='ltr'>inﬁrmitatem.</span> <span class='ocrx_word' id='word_1_254' title='bbox 1529 283 1558 310; x_wconf 90' lang='lat' dir='ltr'>et</span> <span class='ocrx_word' id='word_1_255' title='bbox 1571 281 1728 318; x_wconf 78' lang='lat' dir='ltr'>perspicue</span> <span class='ocrx_word' id='word_1_256' title='bbox 1742 281 1827 310; x_wconf 87' lang='lat' dir='ltr'>intel-</span> 
     </span>
    </p>
   </div>
   <div class='ocr_carea' id='block_1_37' title="bbox 1000 325 1827 362">
    <p class='ocr_par' dir='ltr' id='par_1_37' title="bbox 1000 325 1827 362">
     <span class='ocr_line' id='line_1_37' title="bbox 1000 325 1827 362; baseline 0.001 -9"><span class='ocrx_word' id='word_1_257' title='bbox 1000 325 1158 362; x_wconf 83' lang='lat' dir='ltr'>lexitquod</span> <span class='ocrx_word' id='word_1_258' title='bbox 1170 326 1515 362; x_wconf 80' lang='lat' dir='ltr'>quemadmodum,cum</span> <span class='ocrx_word' id='word_1_259' title='bbox 1523 327 1552 354; x_wconf 90' lang='lat' dir='ltr'>in</span> <span class='ocrx_word' id='word_1_260' title='bbox 1560 326 1666 362; x_wconf 80' lang='lat' dir='ltr'>pelago</span> <span class='ocrx_word' id='word_1_261' title='bbox 1678 333 1827 361; x_wconf 74' lang='lat' dir='ltr'>mergere—</span> 
     </span>
    </p>
   </div>
   <div class='ocr_carea' id='block_1_38' title="bbox 1000 371 1825 407">
    <p class='ocr_par' dir='ltr' id='par_1_38' title="bbox 1000 371 1825 407">
     <span class='ocr_line' id='line_1_38' title="bbox 1000 371 1825 407; baseline 0 -9"><span class='ocrx_word' id='word_1_262' title='bbox 1000 372 1058 405; x_wconf 85' lang='lat' dir='ltr'>tur,</span> <span class='ocrx_word' id='word_1_263' title='bbox 1074 379 1127 407; x_wconf 84' lang='lat' dir='ltr'>per</span> <span class='ocrx_word' id='word_1_264' title='bbox 1148 371 1257 399; x_wconf 84' lang='lat' dir='ltr'>Christi</span> <span class='ocrx_word' id='word_1_265' title='bbox 1276 371 1432 399; x_wconf 75' lang='lat' dir='ltr'>dexteram</span> <span class='ocrx_word' id='word_1_266' title='bbox 1448 373 1548 398; x_wconf 86' lang='lat' dir='ltr'>erutus</span> <span class='ocrx_word' id='word_1_267' title='bbox 1567 373 1622 404; x_wconf 83' lang='lat' dir='ltr'>est,</span> <span class='ocrx_word' id='word_1_268' title='bbox 1637 371 1719 399; x_wconf 80' lang='lat' dir='ltr'>itain</span> <span class='ocrx_word' id='word_1_269' title='bbox 1734 378 1825 399; x_wconf 77' lang='lat' dir='ltr'>scan—</span> 
     </span>
    </p>
   </div>
   <div class='ocr_carea' id='block_1_39' title="bbox 1000 415 1825 452">
    <p class='ocr_par' dir='ltr' id='par_1_39' title="bbox 1000 415 1825 452">
     <span class='ocr_line' id='line_1_39' title="bbox 1000 415 1825 452; baseline 0 -9"><span class='ocrx_word' id='word_1_270' title='bbox 1000 415 1060 443; x_wconf 79' lang='lat' dir='ltr'>dali</span> <span class='ocrx_word' id='word_1_271' title='bbox 1072 415 1201 452; x_wconf 74' lang='lat' dir='ltr'>procella</span> <span class='ocrx_word' id='word_1_272' title='bbox 1212 415 1251 443; x_wconf 93' lang='lat' dir='ltr'>ob</span> <span class='ocrx_word' id='word_1_273' title='bbox 1263 415 1501 443; x_wconf 79' lang='lat' dir='ltr'>incredulitatem</span> <span class='ocrx_word' id='word_1_274' title='bbox 1512 415 1543 443; x_wconf 89' lang='lat' dir='ltr'>in</span> <span class='ocrx_word' id='word_1_275' title='bbox 1553 415 1698 452; x_wconf 80' lang='lat' dir='ltr'>pereundi</span> <span class='ocrx_word' id='word_1_276' title='bbox 1709 415 1825 452; x_wconf 87' lang='lat' dir='ltr'>pericu-</span> 
     </span>
    </p>
   </div>
   <div class='ocr_carea' id='block_1_40' title="bbox 1000 459 1824 496">
    <p class='ocr_par' dir='ltr' id='par_1_40' title="bbox 1000 459 1824 496">
     <span class='ocr_line' id='line_1_40' title="bbox 1000 459 1824 496; baseline 0.001 -8"><span class='ocrx_word' id='word_1_277' title='bbox 1000 460 1062 488; x_wconf 90' lang='lat' dir='ltr'>lum</span> <span class='ocrx_word' id='word_1_278' title='bbox 1085 460 1221 493; x_wconf 84' lang='lat' dir='ltr'>veniens,</span> <span class='ocrx_word' id='word_1_279' title='bbox 1244 460 1352 489; x_wconf 76' lang='lat' dir='ltr'>Christi</span> <span class='ocrx_word' id='word_1_280' title='bbox 1374 460 1481 488; x_wconf 85' lang='lat' dir='ltr'>virtute</span> <span class='ocrx_word' id='word_1_281' title='bbox 1506 462 1642 488; x_wconf 78' lang='lat' dir='ltr'>servatus</span> <span class='ocrx_word' id='word_1_282' title='bbox 1659 461 1711 488; x_wconf 84' lang='lat' dir='ltr'>sit:</span> <span class='ocrx_word' id='word_1_283' title='bbox 1731 459 1784 496; x_wconf 92' lang='lat' dir='ltr'>qui</span> <span class='ocrx_word' id='word_1_284' title='bbox 1796 459 1824 489; x_wconf 80' lang='lat' dir='ltr'>ei</span> 
     </span>
    </p>
   </div>
   <div class='ocr_carea' id='block_1_41' title="bbox 999 504 1822 541">
    <p class='ocr_par' dir='ltr' id='par_1_41' title="bbox 999 504 1822 541">
     <span class='ocr_line' id='line_1_41' title="bbox 999 504 1822 541; baseline -0.001 -8"><span class='ocrx_word' id='word_1_285' title='bbox 999 505 1089 532; x_wconf 83' lang='lat' dir='ltr'>etiam</span> <span class='ocrx_word' id='word_1_286' title='bbox 1105 505 1285 541; x_wconf 76' lang='lat' dir='ltr'>praedixerat</span> <span class='ocrx_word' id='word_1_287' title='bbox 1298 505 1380 541; x_wconf 90' lang='lat' dir='ltr'>quod</span> <span class='ocrx_word' id='word_1_288' title='bbox 1401 508 1465 533; x_wconf 84' lang='lat' dir='ltr'>erat</span> <span class='ocrx_word' id='word_1_289' title='bbox 1479 504 1624 538; x_wconf 79' lang='lat' dir='ltr'>futurum,</span> <span class='ocrx_word' id='word_1_290' title='bbox 1640 504 1687 533; x_wconf 85' lang='lat' dir='ltr'>his</span> <span class='ocrx_word' id='word_1_291' title='bbox 1701 504 1822 532; x_wconf 85' lang='lat' dir='ltr'>verbis:</span> 
     </span>
    </p>
   </div>
   <div class='ocr_carea' id='block_1_42' title="bbox 997 550 1824 585">
    <p class='ocr_par' dir='ltr' id='par_1_42' title="bbox 997 550 1824 585">
     <span class='ocr_line' id='line_1_42' title="bbox 997 550 1824 585; baseline -0.001 -7"><span class='ocrx_word' id='word_1_292' title='bbox 997 550 1110 584; x_wconf 77' lang='lat' dir='ltr'>Simon,</span> <span class='ocrx_word' id='word_1_293' title='bbox 1126 550 1228 579; x_wconf 80' lang='lat' dir='ltr'>Simon</span> <span class='ocrx_word' id='word_1_294' title='bbox 1240 560 1249 578; x_wconf 86' lang='lat'>.-</span> <span class='ocrx_word' id='word_1_295' title='bbox 1264 558 1329 579; x_wconf 85' lang='lat' dir='ltr'>ecce</span> <span class='ocrx_word' id='word_1_296' title='bbox 1338 551 1468 578; x_wconf 76' lang='lat' dir='ltr'>Satanas</span> <span class='ocrx_word' id='word_1_297' title='bbox 1481 550 1634 585; x_wconf 71' lang='lat' dir='ltr'>expetivit,</span> <span class='ocrx_word' id='word_1_298' title='bbox 1648 553 1680 578; x_wconf 82' lang='lat' dir='ltr'>ut</span> <span class='ocrx_word' id='word_1_299' title='bbox 1692 550 1824 578; x_wconf 78' lang='lat' dir='ltr'>cribaret</span> 
     </span>
    </p>
   </div>
   <div class='ocr_carea' id='block_1_43' title="bbox 998 594 1823 631">
    <p class='ocr_par' dir='ltr' id='par_1_43' title="bbox 998 594 1823 631">
     <span class='ocr_line' id='line_1_43' title="bbox 998 594 1823 631; baseline -0.001 -8"><span class='ocrx_word' id='word_1_300' title='bbox 998 602 1048 623; x_wconf 80' lang='lat' dir='ltr'>vos</span> <span class='ocrx_word' id='word_1_301' title='bbox 1063 596 1138 623; x_wconf 82' lang='lat' dir='ltr'>sicut</span> <span class='ocrx_word' id='word_1_302' title='bbox 1151 596 1294 624; x_wconf 82' lang='lat' dir='ltr'>triticum.</span> <span class='ocrx_word' id='word_1_303' title='bbox 1310 596 1349 623; x_wconf 84' lang='lat' dir='ltr'>Et</span> <span class='ocrx_word' id='word_1_304' title='bbox 1365 604 1417 631; x_wconf 90' lang='lat' dir='ltr'>ego</span> <span class='ocrx_word' id='word_1_305' title='bbox 1427 596 1533 631; x_wconf 80' lang='lat' dir='ltr'><strong><em>rogavi</em></strong></span> <span class='ocrx_word' id='word_1_306' title='bbox 1541 603 1597 630; x_wconf 82' lang='lat' dir='ltr'>pro</span> <span class='ocrx_word' id='word_1_307' title='bbox 1609 597 1646 629; x_wconf 85' lang='lat' dir='ltr'>te,</span> <span class='ocrx_word' id='word_1_308' title='bbox 1659 597 1693 622; x_wconf 89' lang='lat' dir='ltr'>ut</span> <span class='ocrx_word' id='word_1_309' title='bbox 1703 602 1762 622; x_wconf 83' lang='lat' dir='ltr'>non</span> <span class='ocrx_word' id='word_1_310' title='bbox 1775 594 1823 622; x_wconf 85' lang='lat' dir='ltr'>de-</span> 
     </span>
    </p>
   </div>
   <div class='ocr_carea' id='block_1_44' title="bbox 995 639 1823 678">
    <p class='ocr_par' dir='ltr' id='par_1_44' title="bbox 995 639 1823 678">
     <span class='ocr_line' id='line_1_44' title="bbox 995 639 1823 678; baseline 0 -11"><span class='ocrx_word' id='word_1_311' title='bbox 995 640 1079 675; x_wconf 79' lang='lat' dir='ltr'>ﬁciat</span> <span class='ocrx_word' id='word_1_312' title='bbox 1088 640 1161 675; x_wconf 78' lang='lat' dir='ltr'>ﬁdes</span> <span class='ocrx_word' id='word_1_313' title='bbox 1178 643 1251 669; x_wconf 84' lang='lat' dir='ltr'>tua:</span> <span class='ocrx_word' id='word_1_314' title='bbox 1271 644 1298 669; x_wconf 85' lang='lat' dir='ltr'>et</span> <span class='ocrx_word' id='word_1_315' title='bbox 1312 644 1344 669; x_wconf 81' lang='lat' dir='ltr'>tu</span> <span class='ocrx_word' id='word_1_316' title='bbox 1355 641 1520 678; x_wconf 80' lang='lat' dir='ltr'>aliquando</span> <span class='ocrx_word' id='word_1_317' title='bbox 1533 647 1703 673; x_wconf 77' lang='lat' dir='ltr'>conversus,</span> <span class='ocrx_word' id='word_1_318' title='bbox 1714 639 1823 673; x_wconf 80' lang='lat' dir='ltr'>conﬁr-</span> 
     </span>
    </p>
   </div>
   <div class='ocr_carea' id='block_1_45' title="bbox 997 683 1823 722">
    <p class='ocr_par' dir='ltr' id='par_1_45' title="bbox 997 683 1823 722">
     <span class='ocr_line' id='line_1_45' title="bbox 997 683 1823 722; baseline -0.002 -9"><span class='ocrx_word' id='word_1_319' title='bbox 997 693 1045 713; x_wconf 89' lang='lat' dir='ltr'><strong><em>ma</em></strong></span> <span class='ocrx_word' id='word_1_320' title='bbox 1056 686 1171 721; x_wconf 77' lang='lat' dir='ltr'>fratres</span> <span class='ocrx_word' id='word_1_321' title='bbox 1186 689 1251 714; x_wconf 82' lang='lat' dir='ltr'>tuos</span> <span class='ocrx_word' id='word_1_322' title='bbox 1262 687 1296 713; x_wconf 79' lang='grc'>⁵⁸.</span> <span class='ocrx_word' id='word_1_323' title='bbox 1307 688 1346 714; x_wconf 78' lang='lat' dir='ltr'>Ac</span> <span class='ocrx_word' id='word_1_324' title='bbox 1360 687 1462 714; x_wconf 84' lang='lat' dir='ltr'>Petrus</span> <span class='ocrx_word' id='word_1_325' title='bbox 1473 685 1598 722; x_wconf 79' lang='lat' dir='ltr'>quidem</span> <span class='ocrx_word' id='word_1_326' title='bbox 1612 685 1654 712; x_wconf 86' lang='lat' dir='ltr'>sic</span> <span class='ocrx_word' id='word_1_327' title='bbox 1662 683 1823 721; x_wconf 82' lang='lat' dir='ltr'>reprehen-</span> 
     </span>
    </p>
   </div>
   <div class='ocr_carea' id='block_1_46' title="bbox 997 729 1822 768">
    <p class='ocr_par' dir='ltr' id='par_1_46' title="bbox 997 729 1822 768">
     <span class='ocr_line' id='line_1_46' title="bbox 997 729 1822 768; baseline -0.004 -9"><span class='ocrx_word' id='word_1_328' title='bbox 997 739 1058 763; x_wconf 88' lang='lat' dir='ltr'>sus,</span> <span class='ocrx_word' id='word_1_329' title='bbox 1075 731 1190 767; x_wconf 82' lang='lat' dir='ltr'>accepit</span> <span class='ocrx_word' id='word_1_330' title='bbox 1212 739 1302 768; x_wconf 90' lang='lat' dir='ltr'>opem</span> <span class='ocrx_word' id='word_1_331' title='bbox 1317 731 1434 765; x_wconf 88' lang='lat' dir='ltr'>merito,</span> <span class='ocrx_word' id='word_1_332' title='bbox 1446 733 1475 759; x_wconf 90' lang='lat' dir='ltr'>et</span> <span class='ocrx_word' id='word_1_333' title='bbox 1491 730 1647 765; x_wconf 77' lang='lat' dir='ltr'>auxilium,</span> <span class='ocrx_word' id='word_1_334' title='bbox 1663 731 1696 758; x_wconf 89' lang='lat' dir='ltr'>ut</span> <span class='ocrx_word' id='word_1_335' title='bbox 1708 729 1822 757; x_wconf 79' lang='lat' dir='ltr'>fastum</span> 
     </span>
    </p>
   </div>
   <div class='ocr_carea' id='block_1_47' title="bbox 995 774 1822 813">
    <p class='ocr_par' dir='ltr' id='par_1_47' title="bbox 995 774 1822 813">
     <span class='ocr_line' id='line_1_47' title="bbox 995 774 1822 813; baseline -0.004 -8"><span class='ocrx_word' id='word_1_336' title='bbox 995 777 1157 813; x_wconf 82' lang='lat' dir='ltr'>deponere,</span> <span class='ocrx_word' id='word_1_337' title='bbox 1167 779 1194 805; x_wconf 90' lang='lat' dir='ltr'>et</span> <span class='ocrx_word' id='word_1_338' title='bbox 1204 776 1331 805; x_wconf 82' lang='lat' dir='ltr'>inﬁrmis</span> <span class='ocrx_word' id='word_1_339' title='bbox 1342 784 1464 813; x_wconf 74' lang='lat' dir='ltr'>parcere</span> <span class='ocrx_word' id='word_1_340' title='bbox 1471 776 1611 804; x_wconf 86' lang='lat' dir='ltr'>disceret.</span> <span class='ocrx_word' id='word_1_341' title='bbox 1625 776 1740 803; x_wconf 82' lang='lat' dir='ltr'>Rursus</span> <span class='ocrx_word' id='word_1_342' title='bbox 1748 774 1822 803; x_wconf 82' lang='lat' dir='ltr'>Pha-</span> 
     </span>
    </p>
   </div>
   <div class='ocr_carea' id='block_1_48' title="bbox 995 819 1820 858">
    <p class='ocr_par' dir='ltr' id='par_1_48' title="bbox 995 819 1820 858">
     <span class='ocr_line' id='line_1_48' title="bbox 995 819 1820 858; baseline -0.005 -8"><span class='ocrx_word' id='word_1_343' title='bbox 995 822 1099 850; x_wconf 87' lang='lat' dir='ltr'>risaens</span> <span class='ocrx_word' id='word_1_344' title='bbox 1115 822 1173 857; x_wconf 90' lang='lat' dir='ltr'>ille,</span> <span class='ocrx_word' id='word_1_345' title='bbox 1190 822 1353 858; x_wconf 86' lang='lat' dir='ltr'>impudens</span> <span class='ocrx_word' id='word_1_346' title='bbox 1369 824 1502 857; x_wconf 83' lang='lat' dir='ltr'>etsupra</span> <span class='ocrx_word' id='word_1_347' title='bbox 1514 820 1641 849; x_wconf 88' lang='lat' dir='ltr'>modum</span> <span class='ocrx_word' id='word_1_348' title='bbox 1657 819 1820 856; x_wconf 82' lang='lat' dir='ltr'>superbus,</span> 
     </span>
    </p>
   </div>
   <div class='ocr_carea' id='block_1_49' title="bbox 959 864 1820 904">
    <p class='ocr_par' dir='ltr' id='par_1_49' title="bbox 959 864 1820 904">
     <span class='ocr_line' id='line_1_49' title="bbox 959 864 1820 904; baseline -0.005 -8"><span class='ocrx_word' id='word_1_349' title='bbox 959 867 980 893; x_wconf 92' lang='grc' dir='ltr'><strong>Β</strong></span> <span class='ocrx_word' id='word_1_350' title='bbox 994 875 1056 896; x_wconf 88' lang='lat' dir='ltr'>non</span> <span class='ocrx_word' id='word_1_351' title='bbox 1065 868 1096 896; x_wconf 92' lang='lat' dir='ltr'>in</span> <span class='ocrx_word' id='word_1_352' title='bbox 1108 868 1207 904; x_wconf 91' lang='lat' dir='ltr'>seipso</span> <span class='ocrx_word' id='word_1_353' title='bbox 1219 867 1318 896; x_wconf 89' lang='lat' dir='ltr'>solum</span> <span class='ocrx_word' id='word_1_354' title='bbox 1325 866 1549 900; x_wconf 83' lang='lat' dir='ltr'>conﬁdens,sed</span> <span class='ocrx_word' id='word_1_355' title='bbox 1556 865 1718 902; x_wconf 85' lang='lat' dir='ltr'>publicano</span> <span class='ocrx_word' id='word_1_356' title='bbox 1729 864 1820 893; x_wconf 80' lang='lat' dir='ltr'>etiam</span> 
     </span>
    </p>
   </div>
   <div class='ocr_carea' id='block_1_50' title="bbox 995 909 1818 948">
    <p class='ocr_par' dir='ltr' id='par_1_50' title="bbox 995 909 1818 948">
     <span class='ocr_line' id='line_1_50' title="bbox 995 909 1818 948; baseline -0.004 -8"><span class='ocrx_word' id='word_1_357' title='bbox 995 920 1097 941; x_wconf 86' lang='lat' dir='ltr'>coram</span> <span class='ocrx_word' id='word_1_358' title='bbox 1116 914 1174 941; x_wconf 85' lang='lat' dir='ltr'>Deo</span> <span class='ocrx_word' id='word_1_359' title='bbox 1201 912 1398 947; x_wconf 85' lang='lat' dir='ltr'>oonviciatus,</span> <span class='ocrx_word' id='word_1_360' title='bbox 1419 911 1542 948; x_wconf 75' lang='lat' dir='ltr'>justiﬁes</span> <span class='ocrx_word' id='word_1_361' title='bbox 1569 910 1697 946; x_wconf 81' lang='lat' dir='ltr'>gloriam</span> <span class='ocrx_word' id='word_1_362' title='bbox 1711 909 1752 938; x_wconf 88' lang='lat' dir='ltr'>ob</span> <span class='ocrx_word' id='word_1_363' title='bbox 1770 917 1818 938; x_wconf 86' lang='lat' dir='ltr'>su-</span> 
     </span>
    </p>
   </div>
   <div class='ocr_carea' id='block_1_51' title="bbox 994 954 1819 995">
    <p class='ocr_par' dir='ltr' id='par_1_51' title="bbox 994 954 1819 995">
     <span class='ocr_line' id='line_1_51' title="bbox 994 954 1819 995; baseline -0.004 -10"><span class='ocrx_word' id='word_1_364' title='bbox 994 957 1105 995; x_wconf 76' lang='lat' dir='ltr'>perbiae</span> <span class='ocrx_word' id='word_1_365' title='bbox 1122 958 1235 986; x_wconf 85' lang='lat' dir='ltr'>crimen</span> <span class='ocrx_word' id='word_1_366' title='bbox 1261 957 1370 986; x_wconf 82' lang='lat' dir='ltr'>amisit.</span> <span class='ocrx_word' id='word_1_367' title='bbox 1392 957 1449 986; x_wconf 89' lang='lat' dir='ltr'>Sed</span> <span class='ocrx_word' id='word_1_368' title='bbox 1469 955 1626 984; x_wconf 86' lang='lat' dir='ltr'>descendit</span> <span class='ocrx_word' id='word_1_369' title='bbox 1638 954 1819 992; x_wconf 80' lang='lat' dir='ltr'>publicanus</span> 
     </span>
    </p>
   </div>
   <div class='ocr_carea' id='block_1_52' title="bbox 991 999 1817 1039">
    <p class='ocr_par' dir='ltr' id='par_1_52' title="bbox 991 999 1817 1039">
     <span class='ocr_line' id='line_1_52' title="bbox 991 999 1817 1039; baseline -0.004 -9"><span class='ocrx_word' id='word_1_370' title='bbox 991 1003 1174 1038; x_wconf 81' lang='lat' dir='ltr'>justiﬁcatus</span> <span class='ocrx_word' id='word_1_371' title='bbox 1183 1010 1246 1039; x_wconf 66' lang='lat' dir='ltr'>prae</span> <span class='ocrx_word' id='word_1_372' title='bbox 1253 1010 1298 1036; x_wconf 89' lang='lat' dir='ltr'>eo,</span> <span class='ocrx_word' id='word_1_373' title='bbox 1306 1002 1389 1039; x_wconf 90' lang='lat' dir='ltr'>quod</span> <span class='ocrx_word' id='word_1_374' title='bbox 1400 1001 1527 1037; x_wconf 78' lang='lat' dir='ltr'>gloriam</span> <span class='ocrx_word' id='word_1_375' title='bbox 1536 1002 1595 1029; x_wconf 89' lang='lat' dir='ltr'>Deo</span> <span class='ocrx_word' id='word_1_376' title='bbox 1606 1001 1710 1028; x_wconf 77' lang='lat' dir='ltr'>sancto</span> <span class='ocrx_word' id='word_1_377' title='bbox 1720 999 1817 1034; x_wconf 79' lang='lat' dir='ltr'>daret.</span> 
     </span>
    </p>
   </div>
   <div class='ocr_carea' id='block_1_53' title="bbox 994 1044 1820 1084">
    <p class='ocr_par' dir='ltr' id='par_1_53' title="bbox 994 1044 1820 1084">
     <span class='ocr_line' id='line_1_53' title="bbox 994 1044 1820 1084; baseline -0.005 -8"><span class='ocrx_word' id='word_1_378' title='bbox 994 1049 1022 1076; x_wconf 85' lang='lat' dir='ltr'>et</span> <span class='ocrx_word' id='word_1_379' title='bbox 1035 1047 1207 1076; x_wconf 85' lang='lat' dir='ltr'>neattollere</span> <span class='ocrx_word' id='word_1_380' title='bbox 1218 1047 1342 1084; x_wconf 87' lang='lat' dir='ltr'>quidem</span> <span class='ocrx_word' id='word_1_381' title='bbox 1351 1047 1477 1075; x_wconf 82' lang='lat' dir='ltr'>auderet</span> <span class='ocrx_word' id='word_1_382' title='bbox 1490 1045 1664 1080; x_wconf 86' lang='lat' dir='ltr'>oculos,sed</span> <span class='ocrx_word' id='word_1_383' title='bbox 1674 1044 1820 1081; x_wconf 79' lang='lat' dir='ltr'>propitia-</span> 
     </span>
    </p>
   </div>
   <div class='ocr_carea' id='block_1_54' title="bbox 994 1089 1818 1129">
    <p class='ocr_par' dir='ltr' id='par_1_54' title="bbox 994 1089 1818 1129">
     <span class='ocr_line' id='line_1_54' title="bbox 994 1089 1818 1129; baseline -0.005 -8"><span class='ocrx_word' id='word_1_384' title='bbox 994 1093 1106 1122; x_wconf 89' lang='lat' dir='ltr'>tionem</span> <span class='ocrx_word' id='word_1_385' title='bbox 1132 1093 1230 1121; x_wconf 89' lang='lat' dir='ltr'>solum</span> <span class='ocrx_word' id='word_1_386' title='bbox 1258 1094 1452 1129; x_wconf 77' lang='lat' dir='ltr'>exposceret:</span> <span class='ocrx_word' id='word_1_387' title='bbox 1477 1091 1590 1128; x_wconf 89' lang='lat' dir='ltr'>quippe</span> <span class='ocrx_word' id='word_1_388' title='bbox 1615 1092 1643 1118; x_wconf 90' lang='lat' dir='ltr'>et</span> <span class='ocrx_word' id='word_1_389' title='bbox 1657 1089 1774 1121; x_wconf 81' lang='lat' dir='ltr'>habitu,</span> <span class='ocrx_word' id='word_1_390' title='bbox 1790 1090 1818 1118; x_wconf 83' lang='lat' dir='ltr'>et</span> 
     </span>
    </p>
   </div>
   <div class='ocr_carea' id='block_1_55' title="bbox 993 1136 1818 1174">
    <p class='ocr_par' dir='ltr' id='par_1_55' title="bbox 993 1136 1818 1174">
     <span class='ocr_line' id='line_1_55' title="bbox 993 1136 1818 1174; baseline -0.006 -8"><span class='ocrx_word' id='word_1_391' title='bbox 993 1137 1188 1174; x_wconf 81' lang='lat' dir='ltr'>percutienda</span> <span class='ocrx_word' id='word_1_392' title='bbox 1213 1139 1345 1174; x_wconf 84' lang='lat' dir='ltr'>pectore,</span> <span class='ocrx_word' id='word_1_393' title='bbox 1365 1138 1393 1166; x_wconf 87' lang='lat' dir='ltr'>et</span> <span class='ocrx_word' id='word_1_394' title='bbox 1407 1137 1466 1166; x_wconf 81' lang='lat' dir='ltr'><strong><em>alia</em></strong></span> <span class='ocrx_word' id='word_1_395' title='bbox 1480 1136 1565 1164; x_wconf 84' lang='lat' dir='ltr'>nulla</span> <span class='ocrx_word' id='word_1_396' title='bbox 1579 1143 1611 1163; x_wconf 88' lang='lat' dir='ltr'>re</span> <span class='ocrx_word' id='word_1_397' title='bbox 1627 1136 1736 1171; x_wconf 83' lang='lat' dir='ltr'>praeter</span> <span class='ocrx_word' id='word_1_398' title='bbox 1749 1141 1818 1170; x_wconf 88' lang='lat' dir='ltr'>pro-</span> 
     </span>
    </p>
   </div>
   <div class='ocr_carea' id='block_1_56' title="bbox 992 1178 1820 1219">
    <p class='ocr_par' dir='ltr' id='par_1_56' title="bbox 992 1178 1820 1219">
     <span class='ocr_line' id='line_1_56' title="bbox 992 1178 1820 1219; baseline -0.006 -8"><span class='ocrx_word' id='word_1_399' title='bbox 992 1182 1178 1219; x_wconf 70' lang='lat' dir='ltr'>pitiati&#39;onem</span> <span class='ocrx_word' id='word_1_400' title='bbox 1191 1182 1319 1219; x_wconf 68' lang='lat' dir='ltr'>quaesita</span> <span class='ocrx_word' id='word_1_401' title='bbox 1334 1189 1365 1209; x_wconf 89' lang='lat' dir='ltr'>se</span> <span class='ocrx_word' id='word_1_402' title='bbox 1375 1182 1439 1218; x_wconf 92' lang='lat' dir='ltr'>ipse</span> <span class='ocrx_word' id='word_1_403' title='bbox 1451 1180 1617 1209; x_wconf 78' lang='lat' dir='ltr'>accusabat</span> <span class='ocrx_word' id='word_1_404' title='bbox 1632 1179 1667 1208; x_wconf 68' lang='lat'>&quot;9.</span> <span class='ocrx_word' id='word_1_405' title='bbox 1679 1178 1749 1207; x_wconf 85' lang='lat' dir='ltr'>Vide</span> <span class='ocrx_word' id='word_1_406' title='bbox 1764 1178 1820 1214; x_wconf 80' lang='lat' dir='ltr'>igi-</span> 
     </span>
    </p>
   </div>
   <div class='ocr_carea' id='block_1_57' title="bbox 993 1224 1819 1262">
    <p class='ocr_par' dir='ltr' id='par_1_57' title="bbox 993 1224 1819 1262">
     <span class='ocr_line' id='line_1_57' title="bbox 993 1224 1819 1262; baseline -0.006 -6"><span class='ocrx_word' id='word_1_407' title='bbox 993 1230 1040 1255; x_wconf 86' lang='lat' dir='ltr'>tur</span> <span class='ocrx_word' id='word_1_408' title='bbox 1065 1229 1093 1256; x_wconf 88' lang='lat' dir='ltr'>et</span> <span class='ocrx_word' id='word_1_409' title='bbox 1118 1234 1192 1255; x_wconf 84' lang='lat' dir='ltr'>cave</span> <span class='ocrx_word' id='word_1_410' title='bbox 1216 1226 1389 1262; x_wconf 79' lang='lat' dir='ltr'>exemplum</span> <span class='ocrx_word' id='word_1_411' title='bbox 1412 1226 1511 1261; x_wconf 83' lang='lat' dir='ltr'>gravis</span> <span class='ocrx_word' id='word_1_412' title='bbox 1527 1224 1642 1259; x_wconf 76' lang='lat' dir='ltr'>damni;</span> <span class='ocrx_word' id='word_1_413' title='bbox 1658 1224 1697 1252; x_wconf 90' lang='lat' dir='ltr'>ob</span> <span class='ocrx_word' id='word_1_414' title='bbox 1713 1230 1819 1260; x_wconf 85' lang='lat' dir='ltr'>super-</span> 
     </span>
    </p>
   </div>
   <div class='ocr_carea' id='block_1_58' title="bbox 992 1268 1818 1307">
    <p class='ocr_par' dir='ltr' id='par_1_58' title="bbox 992 1268 1818 1307">
     <span class='ocr_line' id='line_1_58' title="bbox 992 1268 1818 1307; baseline -0.006 -7"><span class='ocrx_word' id='word_1_415' title='bbox 992 1272 1086 1300; x_wconf 82' lang='lat' dir='ltr'>biam.</span> <span class='ocrx_word' id='word_1_416' title='bbox 1102 1271 1225 1300; x_wconf 65' lang='lat' dir='ltr'>Iustitiae</span> <span class='ocrx_word' id='word_1_417' title='bbox 1238 1271 1306 1300; x_wconf 75' lang='lat' dir='ltr'>fecit</span> <span class='ocrx_word' id='word_1_418' title='bbox 1316 1271 1478 1307; x_wconf 84' lang='lat' dir='ltr'>jacturam,</span> <span class='ocrx_word' id='word_1_419' title='bbox 1494 1270 1578 1307; x_wconf 92' lang='lat' dir='ltr'>quod</span> <span class='ocrx_word' id='word_1_420' title='bbox 1598 1269 1675 1297; x_wconf 83' lang='lat' dir='ltr'>ultra</span> <span class='ocrx_word' id='word_1_421' title='bbox 1689 1268 1818 1296; x_wconf 88' lang='lat' dir='ltr'>modum</span> 
     </span>
    </p>
   </div>
   <div class='ocr_carea' id='block_1_59' title="bbox 991 1311 1818 1353">
    <p class='ocr_par' dir='ltr' id='par_1_59' title="bbox 991 1311 1818 1353">
     <span class='ocr_line' id='line_1_59' title="bbox 991 1311 1818 1353; baseline -0.007 -8"><span class='ocrx_word' id='word_1_422' title='bbox 991 1317 1172 1353; x_wconf 87' lang='lat' dir='ltr'>superbiret;</span> <span class='ocrx_word' id='word_1_423' title='bbox 1184 1316 1472 1350; x_wconf 85' lang='lat' dir='ltr'>amisitmercedem,</span> <span class='ocrx_word' id='word_1_424' title='bbox 1480 1314 1563 1352; x_wconf 89' lang='lat' dir='ltr'>quod</span> <span class='ocrx_word' id='word_1_425' title='bbox 1572 1314 1678 1342; x_wconf 89' lang='lat' dir='ltr'>ﬁderet</span> <span class='ocrx_word' id='word_1_426' title='bbox 1686 1311 1818 1348; x_wconf 85' lang='lat' dir='ltr'>sibiplus</span> 
     </span>
    </p>
   </div>
   <div class='ocr_carea' id='block_1_60' title="bbox 991 1356 1818 1398">
    <p class='ocr_par' dir='ltr' id='par_1_60' title="bbox 991 1356 1818 1398">
     <span class='ocr_line' id='line_1_60' title="bbox 991 1356 1818 1398; baseline -0.007 -8"><span class='ocrx_word' id='word_1_427' title='bbox 991 1369 1079 1398; x_wconf 80' lang='lat' dir='ltr'>aequo</span> <span class='ocrx_word' id='word_1_428' title='bbox 1091 1370 1098 1395; x_wconf 88' lang='lat'><strong>;</strong></span> <span class='ocrx_word' id='word_1_429' title='bbox 1114 1361 1221 1390; x_wconf 90' lang='lat' dir='ltr'>humili</span> <span class='ocrx_word' id='word_1_430' title='bbox 1236 1361 1421 1398; x_wconf 88' lang='lat' dir='ltr'>postpositus</span> <span class='ocrx_word' id='word_1_431' title='bbox 1429 1362 1473 1389; x_wconf 89' lang='lat' dir='ltr'>est</span> <span class='ocrx_word' id='word_1_432' title='bbox 1484 1361 1511 1388; x_wconf 85' lang='lat' dir='ltr'>et</span> <span class='ocrx_word' id='word_1_433' title='bbox 1521 1358 1682 1396; x_wconf 82' lang='lat' dir='ltr'>peccatori,</span> <span class='ocrx_word' id='word_1_434' title='bbox 1691 1356 1776 1394; x_wconf 86' lang='lat' dir='ltr'>quod</span> <span class='ocrx_word' id='word_1_435' title='bbox 1786 1364 1818 1385; x_wconf 91' lang='lat' dir='ltr'>se</span> 
     </span>
    </p>
   </div>
   <div class='ocr_carea' id='block_1_61' title="bbox 990 1402 1818 1444">
    <p class='ocr_par' dir='ltr' id='par_1_61' title="bbox 990 1402 1818 1444">
     <span class='ocr_line' id='line_1_61' title="bbox 990 1402 1818 1444; baseline -0.007 -9"><span class='ocrx_word' id='word_1_436' title='bbox 990 1407 1086 1443; x_wconf 87' lang='lat' dir='ltr'>pluris</span> <span class='ocrx_word' id='word_1_437' title='bbox 1097 1415 1191 1444; x_wconf 82' lang='lat' dir='ltr'>quam</span> <span class='ocrx_word' id='word_1_438' title='bbox 1205 1406 1290 1435; x_wconf 89' lang='lat' dir='ltr'>illum</span> <span class='ocrx_word' id='word_1_439' title='bbox 1304 1407 1425 1440; x_wconf 82' lang='lat' dir='ltr'>faceret,</span> <span class='ocrx_word' id='word_1_440' title='bbox 1442 1413 1497 1434; x_wconf 87' lang='lat' dir='ltr'>nec</span> <span class='ocrx_word' id='word_1_441' title='bbox 1508 1405 1558 1433; x_wconf 90' lang='lat' dir='ltr'>Dei</span> <span class='ocrx_word' id='word_1_442' title='bbox 1573 1404 1760 1440; x_wconf 83' lang='lat' dir='ltr'>exspectaret</span> <span class='ocrx_word' id='word_1_443' title='bbox 1769 1402 1818 1438; x_wconf 89' lang='lat' dir='ltr'>ju-</span> 
     </span>
    </p>
   </div>
   <div class='ocr_carea' id='block_1_62' title="bbox 990 1446 1819 1488">
    <p class='ocr_par' dir='ltr' id='par_1_62' title="bbox 990 1446 1819 1488">
     <span class='ocr_line' id='line_1_62' title="bbox 990 1446 1819 1488; baseline -0.007 -8"><span class='ocrx_word' id='word_1_444' title='bbox 990 1451 1113 1486; x_wconf 89' lang='lat' dir='ltr'>dicium,</span> <span class='ocrx_word' id='word_1_445' title='bbox 1139 1451 1192 1479; x_wconf 88' lang='lat' dir='ltr'>sed</span> <span class='ocrx_word' id='word_1_446' title='bbox 1215 1460 1305 1480; x_wconf 88' lang='lat' dir='ltr'>suum</span> <span class='ocrx_word' id='word_1_447' title='bbox 1327 1451 1424 1488; x_wconf 88' lang='lat' dir='ltr'>ipsius</span> <span class='ocrx_word' id='word_1_448' title='bbox 1437 1450 1598 1487; x_wconf 84' lang='lat' dir='ltr'>proferret.</span> <span class='ocrx_word' id='word_1_449' title='bbox 1625 1449 1667 1477; x_wconf 90' lang='lat' dir='ltr'>Tu</span> <span class='ocrx_word' id='word_1_450' title='bbox 1682 1454 1754 1475; x_wconf 86' lang='lat' dir='ltr'>vero</span> <span class='ocrx_word' id='word_1_451' title='bbox 1766 1446 1819 1475; x_wconf 77' lang='lat' dir='ltr'>ad-</span> 
     </span>
    </p>
   </div>
   <div class='ocr_carea' id='block_1_63' title="bbox 988 1491 1819 1532">
    <p class='ocr_par' dir='ltr' id='par_1_63' title="bbox 988 1491 1819 1532">
     <span class='ocr_line' id='line_1_63' title="bbox 988 1491 1819 1532; baseline -0.008 -6"><span class='ocrx_word' id='word_1_452' title='bbox 988 1505 1094 1526; x_wconf 86' lang='lat' dir='ltr'>versus</span> <span class='ocrx_word' id='word_1_453' title='bbox 1107 1497 1261 1526; x_wconf 88' lang='lat' dir='ltr'>nominem</span> <span class='ocrx_word' id='word_1_454' title='bbox 1282 1504 1419 1532; x_wconf 84' lang='lat' dir='ltr'>unquam</span> <span class='ocrx_word' id='word_1_455' title='bbox 1436 1499 1462 1525; x_wconf 87' lang='lat' dir='ltr'>te</span> <span class='ocrx_word' id='word_1_456' title='bbox 1474 1495 1592 1526; x_wconf 76' lang='lat' dir='ltr'>efferas,</span> <span class='ocrx_word' id='word_1_457' title='bbox 1608 1495 1637 1522; x_wconf 89' lang='lat' dir='ltr'>et</span> <span class='ocrx_word' id='word_1_458' title='bbox 1658 1500 1696 1521; x_wconf 90' lang='lat' dir='ltr'>ne</span> <span class='ocrx_word' id='word_1_459' title='bbox 1709 1491 1819 1532; x_wconf 79' lang='lat' dir='ltr'>adver-_</span> 
     </span>
    </p>
   </div>
   <div class='ocr_carea' id='block_1_64' title="bbox 135 1529 934 1580">
    <p class='ocr_par' dir='ltr' id='par_1_64' title="bbox 135 1536 933 1576">
     <span class='ocr_line' id='line_1_64' title="bbox 135 1536 933 1576; baseline -0.003 -11"><span class='ocrx_word' id='word_1_460' title='bbox 135 1541 252 1576; x_wconf 81' lang='grc' dir='ltr'>καιώσῃς</span> <span class='ocrx_word' id='word_1_461' title='bbox 276 1539 339 1575; x_wconf 71' lang='grc' dir='ltr'>ὑπὲρ</span> <span class='ocrx_word' id='word_1_462' title='bbox 369 1538 464 1576; x_wconf 73' lang='grc' dir='ltr'>ἕτερον,</span> <span class='ocrx_word' id='word_1_463' title='bbox 489 1540 597 1575; x_wconf 74' lang='grc' dir='ltr'>μήποτε,</span> <span class='ocrx_word' id='word_1_464' title='bbox 626 1536 774 1568; x_wconf 74' lang='grc' dir='ltr'>δικαιωθείς</span> <span class='ocrx_word' id='word_1_465' title='bbox 796 1541 826 1574; x_wconf 79' lang='grc' dir='ltr'>τῇ</span> <span class='ocrx_word' id='word_1_466' title='bbox 854 1547 933 1564; x_wconf 86' lang='grc' dir='ltr'>σεαυ-</span> 
     </span>
    </p>
   </div>
   <div class='ocr_carea' id='block_1_65' title="bbox 991 1529 1820 1580">
    <p class='ocr_par' dir='ltr' id='par_1_65' title="bbox 991 1529 1820 1580">
     <span class='ocr_line' id='line_1_65' title="bbox 991 1529 1820 1580; baseline -0.008 -9"><span class='ocrx_word' id='word_1_467' title='bbox 991 1551 1040 1571; x_wconf 88' lang='lat' dir='ltr'>sus</span> <span class='ocrx_word' id='word_1_468' title='bbox 1054 1551 1105 1572; x_wconf 89' lang='lat' dir='ltr'>eos</span> <span class='ocrx_word' id='word_1_469' title='bbox 1129 1542 1254 1580; x_wconf 88' lang='lat' dir='ltr'>quidem</span> <span class='ocrx_word' id='word_1_470' title='bbox 1274 1542 1327 1578; x_wconf 89' lang='lat' dir='ltr'>qui</span> <span class='ocrx_word' id='word_1_471' title='bbox 1338 1529 1447 1576; x_wconf 71' lang='lat' dir='ltr'>magni</span> <span class='ocrx_word' id='word_1_472' title='bbox 1474 1541 1545 1568; x_wconf 88' lang='lat' dir='ltr'>sunt</span> <span class='ocrx_word' id='word_1_473' title='bbox 1557 1539 1743 1576; x_wconf 79' lang='lat' dir='ltr'>peccatores.</span> <span class='ocrx_word' id='word_1_474' title='bbox 1761 1529 1820 1570; x_wconf 80' lang='lat' dir='ltr'>Qui</span> 
     </span>
    </p>
   </div>
   <div class='ocr_carea' id='block_1_66' title="bbox 134 1581 931 1620">
    <p class='ocr_par' dir='ltr' id='par_1_66' title="bbox 134 1581 931 1620">
     <span class='ocr_line' id='line_1_66' title="bbox 134 1581 931 1620; baseline -0.003 -10"><span class='ocrx_word' id='word_1_475' title='bbox 134 1587 181 1611; x_wconf 84' lang='grc' dir='ltr'>τοῦ</span> <span class='ocrx_word' id='word_1_476' title='bbox 196 1583 285 1620; x_wconf 71' lang='grc' dir='ltr'>ψήφῳ,</span> <span class='ocrx_word' id='word_1_477' title='bbox 301 1587 332 1620; x_wconf 80' lang='grc' dir='ltr'>τῇ</span> <span class='ocrx_word' id='word_1_478' title='bbox 356 1586 402 1609; x_wconf 82' lang='grc' dir='ltr'>τοῦ</span> <span class='ocrx_word' id='word_1_479' title='bbox 430 1586 497 1610; x_wconf 87' lang='grc' dir='ltr'>Θεοῦ</span> <span class='ocrx_word' id='word_1_480' title='bbox 520 1583 691 1619; x_wconf 74' lang='grc' dir='ltr'>κατακριθῇς.</span> <span class='ocrx_word' id='word_1_481' title='bbox 715 1582 770 1609; x_wconf 78' lang='grc' dir='ltr'>Οὐκ</span> <span class='ocrx_word' id='word_1_482' title='bbox 794 1581 931 1619; x_wconf 76' lang='grc' dir='ltr'>ἀνακρίνω,</span> 
     </span>
    </p>
   </div>
   <div class='ocr_carea' id='block_1_67' title="bbox 136 1625 931 1666">
    <p class='ocr_par' dir='ltr' id='par_1_67' title="bbox 136 1625 931 1666">
     <span class='ocr_line' id='line_1_67' title="bbox 136 1625 931 1666; baseline -0.003 -11"><span class='ocrx_word' id='word_1_483' title='bbox 136 1631 225 1666; x_wconf 61' lang='grc' dir='ltr'>γησὶν,</span> <span class='ocrx_word' id='word_1_484' title='bbox 242 1628 361 1665; x_wconf 72' lang='grc' dir='ltr'>ἐμαυτόν,</span> <span class='ocrx_word' id='word_1_485' title='bbox 378 1628 513 1660; x_wconf 82' lang='grc' dir='ltr'>ὁΠαῡλος.</span> <span class='ocrx_word' id='word_1_486' title='bbox 525 1626 608 1654; x_wconf 67' lang='grc' dir='ltr'>Ούδὲν</span> <span class='ocrx_word' id='word_1_487' title='bbox 627 1629 677 1664; x_wconf 79' lang='grc' dir='ltr'>γὰρ</span> <span class='ocrx_word' id='word_1_488' title='bbox 693 1627 795 1665; x_wconf 76' lang='grc' dir='ltr'>ἄμαυτῷ</span> <span class='ocrx_word' id='word_1_489' title='bbox 812 1625 931 1654; x_wconf 81' lang='grc' dir='ltr'>σύνοιδα·</span> 
     </span>
    </p>
   </div>
   <div class='ocr_carea' id='block_1_68' title="bbox 135 1670 931 1711">
    <p class='ocr_par' dir='ltr' id='par_1_68' title="bbox 135 1670 931 1711">
     <span class='ocr_line' id='line_1_68' title="bbox 135 1670 931 1711; baseline -0.001 -12"><span class='ocrx_word' id='word_1_490' title='bbox 135 1672 188 1700; x_wconf 81' lang='grc' dir='ltr'>ἀλλ’</span> <span class='ocrx_word' id='word_1_491' title='bbox 209 1673 256 1700; x_wconf 78' lang='grc' dir='ltr'>ούκ</span> <span class='ocrx_word' id='word_1_492' title='bbox 280 1673 305 1700; x_wconf 76' lang='grc' dir='ltr'>ἐν</span> <span class='ocrx_word' id='word_1_493' title='bbox 329 1674 411 1711; x_wconf 82' lang='grc' dir='ltr'>τούτῳ</span> <span class='ocrx_word' id='word_1_494' title='bbox 435 1671 621 1710; x_wconf 73' lang='grc' dir='ltr'>δεδικαίωμαι.</span> <span class='ocrx_word' id='word_1_495' title='bbox 635 1672 665 1699; x_wconf 81' lang='grc' dir='ltr'>ὀ</span> <span class='ocrx_word' id='word_1_496' title='bbox 681 1670 710 1699; x_wconf 68' lang='grc' dir='ltr'>δὲ</span> <span class='ocrx_word' id='word_1_497' title='bbox 733 1672 874 1709; x_wconf 73' lang='grc' dir='ltr'>ἀνακρίνων</span> <span class='ocrx_word' id='word_1_498' title='bbox 889 1681 931 1709; x_wconf 78' lang='grc' dir='ltr'>με,</span> 
     </span>
    </p>
   </div>
   <div class='ocr_carea' id='block_1_69' title="bbox 136 1717 326 1756">
    <p class='ocr_par' dir='ltr' id='par_1_69' title="bbox 136 1717 326 1756">
     <span class='ocr_line' id='line_1_69' title="bbox 136 1717 326 1756; baseline 0.005 -11"><span class='ocrx_word' id='word_1_499' title='bbox 136 1719 234 1756; x_wconf 79' lang='grc' dir='ltr'>Κύριός</span> <span class='ocrx_word' id='word_1_500' title='bbox 247 1717 326 1746; x_wconf 74' lang='grc' dir='ltr'>ἐστιν.</span> 
     </span>
    </p>
   </div>
   <div class='ocr_carea' id='block_1_70' title="bbox 171 1851 931 1889">
    <p class='ocr_par' dir='ltr' id='par_1_70' title="bbox 171 1851 931 1889">
     <span class='ocr_line' id='line_1_70' title="bbox 171 1851 931 1889; baseline -0.001 -9"><span class='ocrx_word' id='word_1_501' title='bbox 171 1854 196 1880; x_wconf 84' lang='lat'>5.</span> <span class='ocrx_word' id='word_1_502' title='bbox 221 1853 277 1879; x_wconf 74' lang='grc' dir='ltr'>Οἴει</span> <span class='ocrx_word' id='word_1_503' title='bbox 304 1853 454 1889; x_wconf 78' lang='grc' dir='ltr'>κατορθοῦν</span> <span class='ocrx_word' id='word_1_504' title='bbox 483 1851 598 1886; x_wconf 81' lang='grc' dir='ltr'>ἀλαθόν;</span> <span class='ocrx_word' id='word_1_505' title='bbox 626 1851 788 1889; x_wconf 78' lang='grc' dir='ltr'>Εὑχαρίστει</span> <span class='ocrx_word' id='word_1_506' title='bbox 815 1856 851 1888; x_wconf 87' lang='grc' dir='ltr'>τῷ</span> <span class='ocrx_word' id='word_1_507' title='bbox 874 1856 931 1889; x_wconf 82' lang='grc' dir='ltr'>Θεῷ</span> 
     </span>
    </p>
   </div>
   <div class='ocr_carea' id='block_1_71' title="bbox 132 1896 929 1934">
    <p class='ocr_par' dir='ltr' id='par_1_71' title="bbox 132 1896 929 1934">
     <span class='ocr_line' id='line_1_71' title="bbox 132 1896 929 1934; baseline 0.003 -11"><span class='ocrx_word' id='word_1_508' title='bbox 132 1899 168 1934; x_wconf 80' lang='grc' dir='ltr'>μὴ</span> <span class='ocrx_word' id='word_1_509' title='bbox 194 1897 262 1923; x_wconf 84' lang='grc' dir='ltr'>κατὰ</span> <span class='ocrx_word' id='word_1_510' title='bbox 289 1900 335 1923; x_wconf 83' lang='grc' dir='ltr'>τοῦ</span> <span class='ocrx_word' id='word_1_511' title='bbox 350 1896 460 1926; x_wconf 83' lang='grc' dir='ltr'>πλησίον</span> <span class='ocrx_word' id='word_1_512' title='bbox 480 1897 600 1934; x_wconf 79' lang='grc' dir='ltr'>ἐπαίρου.</span> <span class='ocrx_word' id='word_1_513' title='bbox 617 1899 651 1923; x_wconf 86' lang='grc' dir='ltr'>Τό</span> <span class='ocrx_word' id='word_1_514' title='bbox 664 1898 738 1933; x_wconf 79' lang='grc' dir='ltr'>ἔργον</span> <span class='ocrx_word' id='word_1_515' title='bbox 754 1897 845 1924; x_wconf 81' lang='grc' dir='ltr'>ἑαυτοῦ</span> <span class='ocrx_word' id='word_1_516' title='bbox 859 1898 929 1933; x_wconf 86' lang='lat'>(70),</span> 
     </span>
    </p>
   </div>
   <div class='ocr_carea' id='block_1_72' title="bbox 133 1940 930 1978">
    <p class='ocr_par' dir='ltr' id='par_1_72' title="bbox 133 1940 930 1978">
     <span class='ocr_line' id='line_1_72' title="bbox 133 1940 930 1978; baseline 0 -9"><span class='ocrx_word' id='word_1_517' title='bbox 133 1944 208 1978; x_wconf 70' lang='grc' dir='ltr'>φησὶ,</span> <span class='ocrx_word' id='word_1_518' title='bbox 240 1940 404 1978; x_wconf 78' lang='grc' dir='ltr'>δοκιμαζέτω</span> <span class='ocrx_word' id='word_1_519' title='bbox 439 1942 557 1975; x_wconf 78' lang='grc' dir='ltr'>ἕκαστος,</span> <span class='ocrx_word' id='word_1_520' title='bbox 597 1943 642 1968; x_wconf 83' lang='grc' dir='ltr'>καὶ</span> <span class='ocrx_word' id='word_1_521' title='bbox 674 1944 732 1968; x_wconf 76' lang='grc' dir='ltr'>τότε</span> <span class='ocrx_word' id='word_1_522' title='bbox 769 1945 805 1973; x_wconf 74' lang='grc' dir='ltr'>εὶς</span> <span class='ocrx_word' id='word_1_523' title='bbox 841 1942 930 1969; x_wconf 84' lang='grc' dir='ltr'>ἑαυτὸν</span> 
     </span>
    </p>
   </div>
   <div class='ocr_carea' id='block_1_73' title="bbox 133 1987 931 2026">
    <p class='ocr_par' dir='ltr' id='par_1_73' title="bbox 133 1987 931 2026">
     <span class='ocr_line' id='line_1_73' title="bbox 133 1987 931 2026; baseline 0.001 -12"><span class='ocrx_word' id='word_1_524' title='bbox 133 1990 208 2024; x_wconf 83' lang='grc' dir='ltr'>μόνον</span> <span class='ocrx_word' id='word_1_525' title='bbox 232 1988 262 2014; x_wconf 91' lang='grc' dir='ltr'>τὸ</span> <span class='ocrx_word' id='word_1_526' title='bbox 291 1988 422 2024; x_wconf 83' lang='grc' dir='ltr'>καύχημα</span> <span class='ocrx_word' id='word_1_527' title='bbox 446 1987 505 2021; x_wconf 80' lang='grc' dir='ltr'>ἔξει,</span> <span class='ocrx_word' id='word_1_528' title='bbox 531 1989 575 2013; x_wconf 85' lang='grc' dir='ltr'>κα).</span> <span class='ocrx_word' id='word_1_529' title='bbox 597 1987 644 2014; x_wconf 73' lang='grc' dir='ltr'>οὐκ</span> <span class='ocrx_word' id='word_1_530' title='bbox 666 1987 702 2019; x_wconf 81' lang='grc' dir='ltr'>εἰς</span> <span class='ocrx_word' id='word_1_531' title='bbox 716 1988 759 2014; x_wconf 88' lang='grc' dir='ltr'>τὸν</span> <span class='ocrx_word' id='word_1_532' title='bbox 779 1988 875 2026; x_wconf 77' lang='grc' dir='ltr'>ἕτερον.</span> <span class='ocrx_word' id='word_1_533' title='bbox 899 1990 931 2015; x_wconf 85' lang='grc' dir='ltr'>Τί</span> 
     </span>
    </p>
   </div>
   <div class='ocr_carea' id='block_1_74' title="bbox 132 2031 927 2070">
    <p class='ocr_par' dir='ltr' id='par_1_74' title="bbox 132 2031 927 2070">
     <span class='ocr_line' id='line_1_74' title="bbox 132 2031 927 2070; baseline 0.004 -13"><span class='ocrx_word' id='word_1_534' title='bbox 132 2033 182 2070; x_wconf 69' lang='grc' dir='ltr'>γὰρ</span> <span class='ocrx_word' id='word_1_535' title='bbox 211 2034 316 2063; x_wconf 82' lang='grc' dir='ltr'>ὤνησας</span> <span class='ocrx_word' id='word_1_536' title='bbox 339 2033 382 2058; x_wconf 85' lang='grc' dir='ltr'>τὸν</span> <span class='ocrx_word' id='word_1_537' title='bbox 408 2031 528 2066; x_wconf 76' lang='grc' dir='ltr'>πλησίον,</span> <span class='ocrx_word' id='word_1_538' title='bbox 559 2033 598 2059; x_wconf 82' lang='grc' dir='ltr'>ὅτι</span> <span class='ocrx_word' id='word_1_539' title='bbox 631 2035 721 2059; x_wconf 78' lang='grc' dir='ltr'>πίστιν</span> <span class='ocrx_word' id='word_1_540' title='bbox 747 2033 927 2070; x_wconf 76' lang='grc' dir='ltr'>ὡμολόγησας,</span> 
     </span>
    </p>
   </div>
   <div class='ocr_carea' id='block_1_75' title="bbox 132 2075 929 2115">
    <p class='ocr_par' dir='ltr' id='par_1_75' title="bbox 132 2075 929 2115">
     <span class='ocr_line' id='line_1_75' title="bbox 132 2075 929 2115; baseline 0.004 -13"><span class='ocrx_word' id='word_1_541' title='bbox 132 2081 146 2108; x_wconf 82' lang='grc' dir='ltr'><em>ῆ</em></span> <span class='ocrx_word' id='word_1_542' title='bbox 182 2079 264 2114; x_wconf 72' lang='grc' dir='ltr'>φυγὴν</span> <span class='ocrx_word' id='word_1_543' title='bbox 287 2077 424 2112; x_wconf 79' lang='grc' dir='ltr'>ὑπέμεινας</span> <span class='ocrx_word' id='word_1_544' title='bbox 450 2075 496 2103; x_wconf 84' lang='grc' dir='ltr'>διὰ</span> <span class='ocrx_word' id='word_1_545' title='bbox 523 2079 602 2113; x_wconf 75' lang='grc' dir='ltr'>ὄνομα</span> <span class='ocrx_word' id='word_1_546' title='bbox 627 2081 755 2115; x_wconf 78' lang='grc' dir='ltr'>Χριστοῦ,</span> <span class='ocrx_word' id='word_1_547' title='bbox 770 2080 785 2108; x_wconf 81' lang='grc' dir='ltr'><strong>ἥ</strong></span> <span class='ocrx_word' id='word_1_548' title='bbox 813 2082 868 2110; x_wconf 88' lang='grc' dir='ltr'>τοῖς</span> <span class='ocrx_word' id='word_1_549' title='bbox 885 2089 929 2108; x_wconf 87' lang='grc' dir='ltr'>νη-</span> 
     </span>
    </p>
   </div>
   <div class='ocr_carea' id='block_1_76' title="bbox 133 2121 926 2162">
    <p class='ocr_par' dir='ltr' id='par_1_76' title="bbox 133 2121 926 2162">
     <span class='ocr_line' id='line_1_76' title="bbox 133 2121 926 2162; baseline 0.004 -14"><span class='ocrx_word' id='word_1_550' title='bbox 133 2124 219 2153; x_wconf 78' lang='grc' dir='ltr'>στείας</span> <span class='ocrx_word' id='word_1_551' title='bbox 242 2121 443 2159; x_wconf 79' lang='grc' dir='ltr'>ἑνεκαρτέρησας</span> <span class='ocrx_word' id='word_1_552' title='bbox 466 2124 570 2156; x_wconf 86' lang='grc' dir='ltr'>πόνοις;</span> <span class='ocrx_word' id='word_1_553' title='bbox 597 2122 658 2158; x_wconf 69' lang='grc' dir='ltr'>Οὐχ</span> <span class='ocrx_word' id='word_1_554' title='bbox 673 2123 758 2160; x_wconf 83' lang='grc' dir='ltr'>ἑτέρον</span> <span class='ocrx_word' id='word_1_555' title='bbox 778 2126 807 2150; x_wconf 88' lang='grc' dir='ltr'>τό</span> <span class='ocrx_word' id='word_1_556' title='bbox 826 2123 926 2162; x_wconf 81' lang='grc' dir='ltr'>κέρδος,</span> 
     </span>
    </p>
   </div>
   <div class='ocr_carea' id='block_1_77' title="bbox 132 2165 927 2201">
    <p class='ocr_par' dir='ltr' id='par_1_77' title="bbox 132 2165 927 2201">
     <span class='ocr_line' id='line_1_77' title="bbox 132 2165 927 2201; baseline 0.006 -10"><span class='ocrx_word' id='word_1_557' title='bbox 132 2165 195 2192; x_wconf 78' lang='grc' dir='ltr'>ἀλλὰ</span> <span class='ocrx_word' id='word_1_558' title='bbox 221 2168 274 2193; x_wconf 86' lang='grc' dir='ltr'>σόν.</span> <span class='ocrx_word' id='word_1_559' title='bbox 297 2165 429 2195; x_wconf 73' lang='grc' dir='ltr'>Φοϐήθητι</span> <span class='ocrx_word' id='word_1_560' title='bbox 453 2171 501 2199; x_wconf 82' lang='grc' dir='ltr'>τῆς</span> <span class='ocrx_word' id='word_1_561' title='bbox 516 2171 562 2194; x_wconf 82' lang='grc' dir='ltr'>τοῦ</span> <span class='ocrx_word' id='word_1_562' title='bbox 590 2166 713 2195; x_wconf 75' lang='grc' dir='ltr'>διαϐόλου</span> <span class='ocrx_word' id='word_1_563' title='bbox 735 2171 859 2201; x_wconf 83' lang='grc' dir='ltr'>πτώσεως</span> <span class='ocrx_word' id='word_1_564' title='bbox 881 2173 927 2200; x_wconf 79' lang='grc' dir='ltr'>τὴν</span> 
     </span>
    </p>
   </div>
   <div class='ocr_carea' id='block_1_78' title="bbox 989 1585 1817 1624">
    <p class='ocr_par' dir='ltr' id='par_1_78' title="bbox 989 1585 1817 1624">
     <span class='ocr_line' id='line_1_78' title="bbox 989 1585 1817 1624; baseline -0.008 -8"><span class='ocrx_word' id='word_1_565' title='bbox 989 1588 1285 1624; x_wconf 76' lang='lat' dir='ltr'>multismagnisque</span> <span class='ocrx_word' id='word_1_566' title='bbox 1292 1586 1424 1623; x_wconf 83' lang='lat' dir='ltr'>peccatis</span> <span class='ocrx_word' id='word_1_567' title='bbox 1434 1585 1586 1613; x_wconf 81' lang='lat' dir='ltr'>obnoxius</span> <span class='ocrx_word' id='word_1_568' title='bbox 1597 1585 1653 1614; x_wconf 88' lang='lat' dir='ltr'>est.</span> <span class='ocrx_word' id='word_1_569' title='bbox 1661 1589 1817 1617; x_wconf 68' lang='lat' dir='ltr'>cumsepe</span> 
     </span>
    </p>
   </div>
   <div class='ocr_carea' id='block_1_79' title="bbox 989 1625 1818 1667">
    <p class='ocr_par' dir='ltr' id='par_1_79' title="bbox 989 1625 1818 1667">
     <span class='ocr_line' id='line_1_79' title="bbox 989 1625 1818 1667; baseline -0.008 -7"><span class='ocrx_word' id='word_1_570' title='bbox 989 1632 1099 1661; x_wconf 82' lang='lat' dir='ltr'>liberat</span> <span class='ocrx_word' id='word_1_571' title='bbox 1106 1632 1377 1667; x_wconf 83' lang='lat' dir='ltr'>humilitas.ltaque</span> <span class='ocrx_word' id='word_1_572' title='bbox 1386 1638 1423 1658; x_wconf 91' lang='lat' dir='ltr'>ne</span> <span class='ocrx_word' id='word_1_573' title='bbox 1435 1629 1532 1667; x_wconf 86' lang='lat' dir='ltr'>teipse</span> <span class='ocrx_word' id='word_1_574' title='bbox 1540 1637 1602 1665; x_wconf 66' lang='lat' dir='ltr'>prie</span> <span class='ocrx_word' id='word_1_575' title='bbox 1610 1628 1703 1656; x_wconf 84' lang='lat' dir='ltr'>altero</span> <span class='ocrx_word' id='word_1_576' title='bbox 1709 1625 1818 1662; x_wconf 86' lang='lat' dir='ltr'>justiﬁ-</span> 
     </span>
    </p>
   </div>
   <div class='ocr_carea' id='block_1_80' title="bbox 988 1672 1815 1713">
    <p class='ocr_par' dir='ltr' id='par_1_80' title="bbox 988 1672 1815 1713">
     <span class='ocr_line' id='line_1_80' title="bbox 988 1672 1815 1713; baseline -0.008 -8"><span class='ocrx_word' id='word_1_577' title='bbox 988 1677 1114 1712; x_wconf 82' lang='lat' dir='ltr'>caveris;</span> <span class='ocrx_word' id='word_1_578' title='bbox 1122 1676 1285 1713; x_wconf 88' lang='lat' dir='ltr'>nequando</span> <span class='ocrx_word' id='word_1_579' title='bbox 1293 1674 1562 1707; x_wconf 83' lang='lat' dir='ltr'>Deisententia,etsi</span> <span class='ocrx_word' id='word_1_580' title='bbox 1569 1676 1620 1701; x_wconf 86' lang='lat' dir='ltr'>tua</span> <span class='ocrx_word' id='word_1_581' title='bbox 1623 1672 1815 1708; x_wconf 80' lang='lat' dir='ltr'>justiﬁcatus,</span> 
     </span>
    </p>
   </div>
   <div class='ocr_carea' id='block_1_81' title="bbox 994 1716 1813 1756">
    <p class='ocr_par' dir='ltr' id='par_1_81' title="bbox 994 1716 1813 1756">
     <span class='ocr_line' id='line_1_81' title="bbox 994 1716 1813 1756; baseline -0.009 -6"><span class='ocrx_word' id='word_1_582' title='bbox 994 1721 1206 1750; x_wconf 86' lang='lat' dir='ltr'>condemnere.</span> <span class='ocrx_word' id='word_1_583' title='bbox 1223 1721 1291 1749; x_wconf 85' lang='lat' dir='ltr'>Non</span> <span class='ocrx_word' id='word_1_584' title='bbox 1306 1720 1412 1756; x_wconf 85' lang='lat' dir='ltr'>judico</span> <span class='ocrx_word' id='word_1_585' title='bbox 1421 1717 1681 1754; x_wconf 50' lang='lat' dir='ltr'>mcipsumjnquit</span> <span class='ocrx_word' id='word_1_586' title='bbox 1691 1716 1813 1744; x_wconf 80' lang='lat' dir='ltr'>Paulus.</span> 
     </span>
    </p>
   </div>
   <div class='ocr_carea' id='block_1_82' title="bbox 985 1761 1813 1796">
    <p class='ocr_par' dir='ltr' id='par_1_82' title="bbox 985 1761 1813 1796">
     <span class='ocr_line' id='line_1_82' title="bbox 985 1761 1813 1796; baseline -0.01 0"><span class='ocrx_word' id='word_1_587' title='bbox 985 1767 1074 1795; x_wconf 77' lang='lat' dir='ltr'>Nihil</span> <span class='ocrx_word' id='word_1_588' title='bbox 1086 1767 1163 1795; x_wconf 80' lang='lat' dir='ltr'>enim</span> <span class='ocrx_word' id='word_1_589' title='bbox 1178 1766 1255 1794; x_wconf 82' lang='lat' dir='ltr'>mihi</span> <span class='ocrx_word' id='word_1_590' title='bbox 1267 1766 1400 1794; x_wconf 80' lang='lat' dir='ltr'>conscius</span> <span class='ocrx_word' id='word_1_591' title='bbox 1415 1772 1479 1792; x_wconf 84' lang='lat' dir='ltr'>sum</span> <span class='ocrx_word' id='word_1_592' title='bbox 1492 1763 1564 1792; x_wconf 83' lang='lat' dir='ltr'>:sed</span> <span class='ocrx_word' id='word_1_593' title='bbox 1577 1770 1638 1790; x_wconf 83' lang='lat' dir='ltr'>non</span> <span class='ocrx_word' id='word_1_594' title='bbox 1647 1762 1679 1790; x_wconf 85' lang='lat' dir='ltr'>in</span> <span class='ocrx_word' id='word_1_595' title='bbox 1689 1761 1813 1796; x_wconf 77' lang='lat' dir='ltr'>hocius-</span> 
     </span>
    </p>
   </div>
   <div class='ocr_carea' id='block_1_83' title="bbox 987 1805 1811 1848">
    <p class='ocr_par' dir='ltr' id='par_1_83' title="bbox 987 1805 1811 1848">
     <span class='ocr_line' id='line_1_83' title="bbox 987 1805 1811 1848; baseline -0.008 -8"><span class='ocrx_word' id='word_1_596' title='bbox 987 1813 1118 1848; x_wconf 79' lang='lat' dir='ltr'>tiﬁcatus</span> <span class='ocrx_word' id='word_1_597' title='bbox 1129 1819 1204 1839; x_wconf 83' lang='lat' dir='ltr'>sum.</span> <span class='ocrx_word' id='word_1_598' title='bbox 1214 1811 1270 1845; x_wconf 84' lang='lat' dir='ltr'>Qui</span> <span class='ocrx_word' id='word_1_599' title='bbox 1281 1813 1379 1839; x_wconf 83' lang='lat' dir='ltr'>autem</span> <span class='ocrx_word' id='word_1_600' title='bbox 1385 1809 1506 1845; x_wconf 85' lang='lat' dir='ltr'>judicat</span> <span class='ocrx_word' id='word_1_601' title='bbox 1517 1815 1563 1836; x_wconf 90' lang='lat' dir='ltr'>me</span> <span class='ocrx_word' id='word_1_602' title='bbox 1571 1808 1717 1835; x_wconf 71' lang='lat' dir='ltr'>Dominus</span> <span class='ocrx_word' id='word_1_603' title='bbox 1725 1807 1768 1834; x_wconf 76' lang='lat' dir='ltr'>est</span> <span class='ocrx_word' id='word_1_604' title='bbox 1775 1805 1811 1833; x_wconf 70' lang='grc'>⁸⁸.</span> 
     </span>
    </p>
   </div>
   <div class='ocr_carea' id='block_1_84' title="bbox 1023 1850 1811 1893">
    <p class='ocr_par' dir='ltr' id='par_1_84' title="bbox 1023 1850 1811 1893">
     <span class='ocr_line' id='line_1_84' title="bbox 1023 1850 1811 1893; baseline -0.01 -8"><span class='ocrx_word' id='word_1_605' title='bbox 1023 1859 1048 1885; x_wconf 85' lang='lat'>5.</span> <span class='ocrx_word' id='word_1_606' title='bbox 1070 1858 1260 1893; x_wconf 81' lang='lat' dir='ltr'>Perpetrasse</span> <span class='ocrx_word' id='word_1_607' title='bbox 1283 1857 1312 1883; x_wconf 86' lang='lat' dir='ltr'>te</span> <span class='ocrx_word' id='word_1_608' title='bbox 1327 1854 1400 1882; x_wconf 90' lang='lat' dir='ltr'>boni</span> <span class='ocrx_word' id='word_1_609' title='bbox 1417 1853 1530 1890; x_wconf 82' lang='lat' dir='ltr'>aliquid</span> <span class='ocrx_word' id='word_1_610' title='bbox 1550 1851 1705 1880; x_wconf 81' lang='lat' dir='ltr'>arbitraris</span> <span class='ocrx_word' id='word_1_611' title='bbox 1718 1850 1732 1878; x_wconf 68' lang='grc' dir='ltr'>*Ι</span> <span class='ocrx_word' id='word_1_612' title='bbox 1748 1851 1811 1884; x_wconf 81' lang='lat' dir='ltr'>Age</span> 
     </span>
    </p>
   </div>
   <div class='ocr_carea' id='block_1_85' title="bbox 986 1895 1810 1937">
    <p class='ocr_par' dir='ltr' id='par_1_85' title="bbox 986 1895 1810 1937">
     <span class='ocr_line' id='line_1_85' title="bbox 986 1895 1810 1937; baseline -0.011 -7"><span class='ocrx_word' id='word_1_613' title='bbox 986 1902 1100 1937; x_wconf 81' lang='lat' dir='ltr'>gratias</span> <span class='ocrx_word' id='word_1_614' title='bbox 1113 1902 1183 1935; x_wconf 90' lang='lat' dir='ltr'>Deo,</span> <span class='ocrx_word' id='word_1_615' title='bbox 1199 1908 1236 1928; x_wconf 93' lang='lat' dir='ltr'>ne</span> <span class='ocrx_word' id='word_1_616' title='bbox 1253 1899 1359 1928; x_wconf 83' lang='lat' dir='ltr'>extolle</span> <span class='ocrx_word' id='word_1_617' title='bbox 1370 1901 1397 1928; x_wconf 88' lang='lat' dir='ltr'>te</span> <span class='ocrx_word' id='word_1_618' title='bbox 1412 1901 1516 1926; x_wconf 81' lang='lat' dir='ltr'>contra</span> <span class='ocrx_word' id='word_1_619' title='bbox 1529 1896 1713 1934; x_wconf 85' lang='lat' dir='ltr'>proximum.</span> <span class='ocrx_word' id='word_1_620' title='bbox 1729 1895 1810 1930; x_wconf 79' lang='lat' dir='ltr'>Opus</span> 
     </span>
    </p>
   </div>
   <div class='ocr_carea' id='block_1_86' title="bbox 985 1941 1810 1982">
    <p class='ocr_par' dir='ltr' id='par_1_86' title="bbox 985 1941 1810 1982">
     <span class='ocr_line' id='line_1_86' title="bbox 985 1941 1810 1982; baseline -0.008 -7"><span class='ocrx_word' id='word_1_621' title='bbox 985 1955 1082 1981; x_wconf 82' lang='lat' dir='ltr'>suam,</span> <span class='ocrx_word' id='word_1_622' title='bbox 1096 1945 1202 1982; x_wconf 85' lang='lat' dir='ltr'>inquit,</span> <span class='ocrx_word' id='word_1_623' title='bbox 1211 1945 1316 1981; x_wconf 82' lang='lat' dir='ltr'>probet</span> <span class='ocrx_word' id='word_1_624' title='bbox 1327 1944 1538 1980; x_wconf 85' lang='lat' dir='ltr'>unusquisque,</span> <span class='ocrx_word' id='word_1_625' title='bbox 1547 1945 1574 1971; x_wconf 85' lang='lat' dir='ltr'>et</span> <span class='ocrx_word' id='word_1_626' title='bbox 1585 1945 1648 1970; x_wconf 87' lang='lat' dir='ltr'>tum</span> <span class='ocrx_word' id='word_1_627' title='bbox 1659 1941 1690 1969; x_wconf 83' lang='lat' dir='ltr'>in</span> <span class='ocrx_word' id='word_1_628' title='bbox 1700 1943 1810 1969; x_wconf 85' lang='lat' dir='ltr'>&#39;semet-</span> 
     </span>
    </p>
   </div>
   <div class='ocr_carea' id='block_1_87' title="bbox 985 1984 1809 2027">
    <p class='ocr_par' dir='ltr' id='par_1_87' title="bbox 985 1984 1809 2027">
     <span class='ocr_line' id='line_1_87' title="bbox 985 1984 1809 2027; baseline -0.008 -7"><span class='ocrx_word' id='word_1_629' title='bbox 985 1993 1048 2027; x_wconf 78' lang='lat' dir='ltr'>ipso</span> <span class='ocrx_word' id='word_1_630' title='bbox 1058 1995 1175 2020; x_wconf 76' lang='lat' dir='ltr'>tantum</span> <span class='ocrx_word' id='word_1_631' title='bbox 1182 1991 1311 2026; x_wconf 79' lang='lat' dir='ltr'>gloriam</span> <span class='ocrx_word' id='word_1_632' title='bbox 1324 1989 1452 2022; x_wconf 81' lang='lat' dir='ltr'>habebit,</span> <span class='ocrx_word' id='word_1_633' title='bbox 1466 1991 1492 2017; x_wconf 81' lang='lat' dir='ltr'>et</span> <span class='ocrx_word' id='word_1_634' title='bbox 1503 1995 1563 2016; x_wconf 83' lang='lat' dir='ltr'>non</span> <span class='ocrx_word' id='word_1_635' title='bbox 1573 1987 1606 2015; x_wconf 83' lang='lat' dir='ltr'>in</span> <span class='ocrx_word' id='word_1_636' title='bbox 1614 1987 1675 2015; x_wconf 83' lang='lat' dir='ltr'>alio</span> <span class='ocrx_word' id='word_1_637' title='bbox 1684 1986 1719 2013; x_wconf 69' lang='grc' dir='ltr'>Μ.</span> <span class='ocrx_word' id='word_1_638' title='bbox 1731 1984 1809 2018; x_wconf 87' lang='lat' dir='ltr'>Quid</span> 
     </span>
    </p>
   </div>
   <div class='ocr_carea' id='block_1_88' title="bbox 984 2030 1806 2074">
    <p class='ocr_par' dir='ltr' id='par_1_88' title="bbox 984 2030 1806 2074">
     <span class='ocr_line' id='line_1_88' title="bbox 984 2030 1806 2074; baseline -0.01 -9"><span class='ocrx_word' id='word_1_639' title='bbox 984 2037 1064 2065; x_wconf 86' lang='lat' dir='ltr'>enim</span> <span class='ocrx_word' id='word_1_640' title='bbox 1079 2036 1251 2074; x_wconf 77' lang='lat' dir='ltr'>proximum</span> <span class='ocrx_word' id='word_1_641' title='bbox 1261 2033 1465 2071; x_wconf 86' lang='lat' dir='ltr'>juvisti,quod</span> <span class='ocrx_word' id='word_1_642' title='bbox 1479 2032 1571 2061; x_wconf 81' lang='lat' dir='ltr'>ﬁdem</span> <span class='ocrx_word' id='word_1_643' title='bbox 1590 2040 1622 2060; x_wconf 86' lang='lat' dir='ltr'>es</span> <span class='ocrx_word' id='word_1_644' title='bbox 1638 2030 1806 2064; x_wconf 76' lang='lat' dir='ltr'>confessus,</span> 
     </span>
    </p>
   </div>
   <div class='ocr_carea' id='block_1_89' title="bbox 984 2076 1806 2117">
    <p class='ocr_par' dir='ltr' id='par_1_89' title="bbox 984 2076 1806 2117">
     <span class='ocr_line' id='line_1_89' title="bbox 984 2076 1806 2117; baseline -0.009 -7"><span class='ocrx_word' id='word_1_645' title='bbox 984 2084 1036 2111; x_wconf 75' lang='lat' dir='ltr'>aut</span> <span class='ocrx_word' id='word_1_646' title='bbox 1050 2081 1189 2109; x_wconf 84' lang='lat' dir='ltr'>exsilium</span> <span class='ocrx_word' id='word_1_647' title='bbox 1201 2087 1367 2117; x_wconf 85' lang='lat' dir='ltr'>perpessus</span> <span class='ocrx_word' id='word_1_648' title='bbox 1382 2078 1421 2106; x_wconf 92' lang='lat' dir='ltr'>ob</span> <span class='ocrx_word' id='word_1_649' title='bbox 1437 2077 1544 2106; x_wconf 87' lang='lat' dir='ltr'>Christi</span> <span class='ocrx_word' id='word_1_650' title='bbox 1558 2084 1681 2110; x_wconf 88' lang='lat' dir='ltr'>nomen,</span> <span class='ocrx_word' id='word_1_651' title='bbox 1698 2078 1750 2104; x_wconf 81' lang='lat' dir='ltr'>aut</span> <span class='ocrx_word' id='word_1_652' title='bbox 1761 2076 1806 2111; x_wconf 87' lang='lat' dir='ltr'>je-</span> 
     </span>
    </p>
   </div>
   <div class='ocr_carea' id='block_1_90' title="bbox 980 2121 1806 2162">
    <p class='ocr_par' dir='ltr' id='par_1_90' title="bbox 980 2121 1806 2162">
     <span class='ocr_line' id='line_1_90' title="bbox 980 2121 1806 2162; baseline -0.008 -8"><span class='ocrx_word' id='word_1_653' title='bbox 980 2126 1058 2162; x_wconf 86' lang='lat' dir='ltr'>junii</span> <span class='ocrx_word' id='word_1_654' title='bbox 1072 2125 1190 2154; x_wconf 86' lang='lat' dir='ltr'>labores</span> <span class='ocrx_word' id='word_1_655' title='bbox 1206 2125 1378 2152; x_wconf 82' lang='lat' dir='ltr'>constanter</span> <span class='ocrx_word' id='word_1_656' title='bbox 1390 2121 1535 2159; x_wconf 84' lang='lat' dir='ltr'>pertulisti</span> <span class='ocrx_word' id='word_1_657' title='bbox 1547 2121 1561 2149; x_wconf 86' lang='lat'><strong>?</strong></span> <span class='ocrx_word' id='word_1_658' title='bbox 1581 2122 1709 2149; x_wconf 89' lang='lat' dir='ltr'>Lucrum</span> <span class='ocrx_word' id='word_1_659' title='bbox 1719 2122 1806 2148; x_wconf 89' lang='lat' dir='ltr'>tuum</span> 
     </span>
    </p>
   </div>
   <div class='ocr_carea' id='block_1_91' title="bbox 982 2163 1805 2205">
    <p class='ocr_par' dir='ltr' id='par_1_91' title="bbox 982 2163 1805 2205">
     <span class='ocr_line' id='line_1_91' title="bbox 982 2163 1805 2205; baseline -0.007 -6"><span class='ocrx_word' id='word_1_660' title='bbox 982 2172 1036 2205; x_wconf 86' lang='lat' dir='ltr'>est,</span> <span class='ocrx_word' id='word_1_661' title='bbox 1045 2178 1107 2198; x_wconf 92' lang='lat' dir='ltr'>non</span> <span class='ocrx_word' id='word_1_662' title='bbox 1118 2168 1248 2197; x_wconf 81' lang='lat' dir='ltr'>alterius.</span> <span class='ocrx_word' id='word_1_663' title='bbox 1257 2168 1339 2196; x_wconf 90' lang='lat' dir='ltr'>Time</span> <span class='ocrx_word' id='word_1_664' title='bbox 1347 2175 1383 2195; x_wconf 90' lang='lat' dir='ltr'>ne</span> <span class='ocrx_word' id='word_1_665' title='bbox 1395 2166 1529 2194; x_wconf 87' lang='lat' dir='ltr'>similiter</span> <span class='ocrx_word' id='word_1_666' title='bbox 1538 2164 1629 2193; x_wconf 79' lang='lat' dir='ltr'>cadas</span> <span class='ocrx_word' id='word_1_667' title='bbox 1639 2167 1730 2200; x_wconf 80' lang='lat' dir='ltr'>atque</span> <span class='ocrx_word' id='word_1_668' title='bbox 1740 2163 1805 2193; x_wconf 78' lang='lat' dir='ltr'>dia.-</span> 
     </span>
    </p>
   </div>
   <div class='ocr_carea' id='block_1_92' title="bbox 132 2209 934 2252">
    <p class='ocr_par' dir='ltr' id='par_1_92' title="bbox 132 2209 926 2250">
     <span class='ocr_line' id='line_1_92' title="bbox 132 2209 926 2250; baseline 0.009 -15"><span class='ocrx_word' id='word_1_669' title='bbox 132 2209 266 2246; x_wconf 87' lang='grc' dir='ltr'>ὀμοίωσιν·</span> <span class='ocrx_word' id='word_1_670' title='bbox 293 2210 331 2244; x_wconf 82' lang='grc' dir='ltr'>ὃς,</span> <span class='ocrx_word' id='word_1_671' title='bbox 352 2210 471 2248; x_wconf 79' lang='grc' dir='ltr'>ἐπαρθεὶς</span> <span class='ocrx_word' id='word_1_672' title='bbox 495 2213 563 2238; x_wconf 79' lang='grc' dir='ltr'>κατὰ</span> <span class='ocrx_word' id='word_1_673' title='bbox 585 2215 631 2238; x_wconf 80' lang='grc' dir='ltr'>τοῦ</span> <span class='ocrx_word' id='word_1_674' title='bbox 657 2212 804 2250; x_wconf 75' lang='grc' dir='ltr'>ἀνθρώπου,</span> <span class='ocrx_word' id='word_1_675' title='bbox 827 2216 926 2242; x_wconf 83' lang='grc' dir='ltr'>πέπτω-</span> 
     </span>
    </p>
   </div>
   <div class='ocr_carea' id='block_1_93' title="bbox 991 2209 1806 2252">
    <p class='ocr_par' dir='ltr' id='par_1_93' title="bbox 991 2209 1806 2250">
     <span class='ocr_line' id='line_1_93' title="bbox 991 2209 1806 2250; baseline -0.007 -7"><span class='ocrx_word' id='word_1_676' title='bbox 991 2215 1081 2250; x_wconf 76' lang='grc' dir='ltr'>&gt;οΙιιε,</span> <span class='ocrx_word' id='word_1_677' title='bbox 1094 2214 1146 2250; x_wconf 88' lang='lat' dir='ltr'>qui</span> <span class='ocrx_word' id='word_1_678' title='bbox 1157 2213 1251 2242; x_wconf 86' lang='lat' dir='ltr'>elatus</span> <span class='ocrx_word' id='word_1_679' title='bbox 1263 2215 1367 2241; x_wconf 82' lang='lat' dir='ltr'>contra</span> <span class='ocrx_word' id='word_1_680' title='bbox 1376 2211 1541 2246; x_wconf 88' lang='lat' dir='ltr'>hominem,</span> <span class='ocrx_word' id='word_1_681' title='bbox 1553 2210 1592 2238; x_wconf 83' lang='lat' dir='ltr'><strong><em>ab</em></strong></span> <span class='ocrx_word' id='word_1_682' title='bbox 1602 2209 1725 2238; x_wconf 87' lang='lat' dir='ltr'>homine</span> <span class='ocrx_word' id='word_1_683' title='bbox 1735 2217 1806 2246; x_wconf 84' lang='lat' dir='ltr'>pro-</span> 
     </span>
    </p>
   </div>
   <div class='ocr_carea' id='block_1_94' title="bbox 130 2253 926 2296">
    <p class='ocr_par' dir='ltr' id='par_1_94' title="bbox 130 2253 926 2296">
     <span class='ocr_line' id='line_1_94' title="bbox 130 2253 926 2296; baseline 0.008 -16"><span class='ocrx_word' id='word_1_684' title='bbox 130 2263 172 2281; x_wconf 77' lang='lat' dir='ltr'>m</span> <span class='ocrx_word' id='word_1_685' title='bbox 187 2253 229 2280; x_wconf 67' lang='grc' dir='ltr'>ὑπ’</span> <span class='ocrx_word' id='word_1_686' title='bbox 250 2254 382 2293; x_wconf 69' lang='grc' dir='ltr'>ἀνθρώπου</span> <span class='ocrx_word' id='word_1_687' title='bbox 399 2256 467 2291; x_wconf 78' lang='grc' dir='ltr'>(τι),</span> <span class='ocrx_word' id='word_1_688' title='bbox 487 2259 532 2282; x_wconf 87' lang='grc' dir='ltr'>καὶ</span> <span class='ocrx_word' id='word_1_689' title='bbox 552 2255 734 2293; x_wconf 74' lang='grc' dir='ltr'>παραδέδοται</span> <span class='ocrx_word' id='word_1_690' title='bbox 758 2258 867 2296; x_wconf 80' lang='grc' dir='ltr'>πάτημα</span> <span class='ocrx_word' id='word_1_691' title='bbox 891 2265 926 2296; x_wconf 83' lang='grc' dir='ltr'>τῷ</span> 
     </span>
    </p>
   </div>
   <div class='ocr_carea' id='block_1_95' title="bbox 128 2300 926 2337">
    <p class='ocr_par' dir='ltr' id='par_1_95' title="bbox 128 2300 926 2337">
     <span class='ocr_line' id='line_1_95' title="bbox 128 2300 926 2337; baseline 0.005 -12"><span class='ocrx_word' id='word_1_692' title='bbox 128 2301 310 2336; x_wconf 70' lang='grc' dir='ltr'>πεπατημένῷ.</span> <span class='ocrx_word' id='word_1_693' title='bbox 334 2300 448 2330; x_wconf 89' lang='grc' dir='ltr'>Τοιαύτη</span> <span class='ocrx_word' id='word_1_694' title='bbox 477 2302 521 2326; x_wconf 85' lang='grc' dir='ltr'>καὶ</span> <span class='ocrx_word' id='word_1_695' title='bbox 547 2305 597 2326; x_wconf 80' lang='grc' dir='ltr'>τῶν</span> <span class='ocrx_word' id='word_1_696' title='bbox 628 2301 796 2337; x_wconf 82' lang='grc' dir='ltr'>Ἰσραηλιτῶν</span> <span class='ocrx_word' id='word_1_697' title='bbox 820 2305 835 2333; x_wconf 76' lang='grc' dir='ltr'>ἤ</span> <span class='ocrx_word' id='word_1_698' title='bbox 859 2308 926 2331; x_wconf 76' lang='grc' dir='ltr'>πτῶ-</span> 
     </span>
    </p>
   </div>
   <div class='ocr_carea' id='block_1_96' title="bbox 129 2343 925 2383">
    <p class='ocr_par' dir='ltr' id='par_1_96' title="bbox 129 2343 925 2383">
     <span class='ocr_line' id='line_1_96' title="bbox 129 2343 925 2383; baseline 0.009 -14"><span class='ocrx_word' id='word_1_699' title='bbox 129 2352 180 2374; x_wconf 86' lang='grc' dir='ltr'>σις.</span> <span class='ocrx_word' id='word_1_700' title='bbox 210 2343 390 2380; x_wconf 78' lang='grc' dir='ltr'>Ἐπαιρόμινοι</span> <span class='ocrx_word' id='word_1_701' title='bbox 414 2345 464 2382; x_wconf 74' lang='grc' dir='ltr'>γὰρ</span> <span class='ocrx_word' id='word_1_702' title='bbox 507 2345 576 2371; x_wconf 84' lang='grc' dir='ltr'>κατὰ</span> <span class='ocrx_word' id='word_1_703' title='bbox 600 2349 650 2371; x_wconf 79' lang='grc' dir='ltr'>τῶν</span> <span class='ocrx_word' id='word_1_704' title='bbox 677 2345 764 2383; x_wconf 79' lang='grc' dir='ltr'>ἐθνῶν,</span> <span class='ocrx_word' id='word_1_705' title='bbox 795 2348 830 2378; x_wconf 82' lang='grc' dir='ltr'>ὡς</span> <span class='ocrx_word' id='word_1_706' title='bbox 862 2347 925 2376; x_wconf 76' lang='grc' dir='ltr'>ἀκα-</span> 
     </span>
    </p>
   </div>
   <div class='ocr_carea' id='block_1_97' title="bbox 127 2388 922 2426">
    <p class='ocr_par' dir='ltr' id='par_1_97' title="bbox 127 2388 922 2426">
     <span class='ocr_line' id='line_1_97' title="bbox 127 2388 922 2426; baseline 0.008 -12"><span class='ocrx_word' id='word_1_707' title='bbox 127 2388 237 2425; x_wconf 77' lang='grc' dir='ltr'>θάρτων,</span> <span class='ocrx_word' id='word_1_708' title='bbox 263 2388 405 2426; x_wconf 78' lang='grc' dir='ltr'>ἀκάθαρτοι</span> <span class='ocrx_word' id='word_1_709' title='bbox 440 2391 577 2426; x_wconf 75' lang='grc' dir='ltr'>γεγόνασιν</span> <span class='ocrx_word' id='word_1_710' title='bbox 607 2389 716 2421; x_wconf 81' lang='grc' dir='ltr'>ἀληθῶς·</span> <span class='ocrx_word' id='word_1_711' title='bbox 741 2392 775 2417; x_wconf 83' lang='grc' dir='ltr'>τὰ</span> <span class='ocrx_word' id='word_1_712' title='bbox 808 2390 837 2419; x_wconf 73' lang='grc' dir='ltr'>δὲ</span> <span class='ocrx_word' id='word_1_713' title='bbox 864 2394 922 2424; x_wconf 77' lang='grc' dir='ltr'>ἔθνη</span> 
     </span>
    </p>
   </div>
   <div class='ocr_carea' id='block_1_98' title="bbox 161 2459 854 2498">
    <p class='ocr_par' dir='ltr' id='par_1_98' title="bbox 161 2459 854 2498">
     <span class='ocr_line' id='line_1_98' title="bbox 161 2459 854 2498; baseline 0.009 -11"><span class='ocrx_word' id='word_1_714' title='bbox 161 2459 184 2477; x_wconf 76' lang='grc'>⁵⁸</span> <span class='ocrx_word' id='word_1_715' title='bbox 206 2460 274 2488; x_wconf 88' lang='lat' dir='ltr'>Luc.</span> <span class='ocrx_word' id='word_1_716' title='bbox 291 2468 360 2496; x_wconf 64' lang='grc' dir='ltr'>χχιι,</span> <span class='ocrx_word' id='word_1_717' title='bbox 388 2460 431 2496; x_wconf 83' lang='grc'>31,</span> <span class='ocrx_word' id='word_1_718' title='bbox 450 2462 494 2489; x_wconf 81' lang='lat'>32.</span> <span class='ocrx_word' id='word_1_719' title='bbox 533 2461 558 2479; x_wconf 68' lang='lat'>5°</span> <span class='ocrx_word' id='word_1_720' title='bbox 579 2462 647 2490; x_wconf 87' lang='lat' dir='ltr'>Luc.</span> <span class='ocrx_word' id='word_1_721' title='bbox 664 2470 743 2498; x_wconf 82' lang='lat' dir='ltr'>xvm,</span> <span class='ocrx_word' id='word_1_722' title='bbox 759 2463 854 2493; x_wconf 77' lang='grc'>11-14.</span> 
     </span>
    </p>
   </div>
   <div class='ocr_carea' id='block_1_99' title="bbox 159 2531 924 2568">
    <p class='ocr_par' dir='ltr' id='par_1_99' title="bbox 159 2531 924 2568">
     <span class='ocr_line' id='line_1_99' title="bbox 159 2531 924 2568; baseline 0.005 -10"><span class='ocrx_word' id='word_1_723' title='bbox 239 2531 362 2568; x_wconf 85' lang='lat' dir='ltr'>Codices</span> <span class='ocrx_word' id='word_1_724' title='bbox 381 2531 497 2568; x_wconf 81' lang='lat' dir='ltr'>aliquot</span> <span class='ocrx_word' id='word_1_725' title='bbox 522 2531 636 2568; x_wconf 78' lang='grc' dir='ltr'>ἐκλείπῃ.</span> <span class='ocrx_word' id='word_1_726' title='bbox 653 2533 727 2561; x_wconf 86' lang='lat' dir='ltr'>Edili</span> <span class='ocrx_word' id='word_1_727' title='bbox 743 2534 844 2568; x_wconf 77' lang='grc' dir='ltr'>ἐκλίπῃ.</span> <span class='ocrx_word' id='word_1_728' title='bbox 858 2537 924 2565; x_wconf 80' lang='lat' dir='ltr'>Mox</span> 
     </span>
    </p>
   </div>
   <div class='ocr_carea' id='block_1_100' title="bbox 124 2563 924 2609">
    <p class='ocr_par' dir='ltr' id='par_1_100' title="bbox 124 2563 924 2609">
     <span class='ocr_line' id='line_1_100' title="bbox 124 2563 924 2609; baseline 0.011 -18"><span class='ocrx_word' id='word_1_729' title='bbox 124 2563 194 2609; x_wconf 65' lang='lat' dir='ltr'>editi</span> <span class='ocrx_word' id='word_1_730' title='bbox 207 2563 272 2609; x_wconf 66' lang='grc' dir='ltr'>ποτε</span> <span class='ocrx_word' id='word_1_731' title='bbox 292 2563 442 2609; x_wconf 41' lang='lat' dir='ltr'>nubium;</span> <span class='ocrx_word' id='word_1_732' title='bbox 454 2569 501 2609; x_wconf 39' lang='lat' dir='ltr'>‘A‘t</span> <span class='ocrx_word' id='word_1_733' title='bbox 527 2563 680 2609; x_wconf 39' lang='lat' dir='ltr'>mss..&#39;1ro_r‘s</span> <span class='ocrx_word' id='word_1_734' title='bbox 695 2563 924 2608; x_wconf 38' lang='lat' dir='ltr'>incorpéwb&#39;ugfln</span> 
     </span>
    </p>
   </div>
   <div class='ocr_carea' id='block_1_101' title="bbox 125 2601 925 2642">
    <p class='ocr_par' dir='ltr' id='par_1_101' title="bbox 125 2601 925 2642">
     <span class='ocr_line' id='line_1_101' title="bbox 125 2601 925 2642; baseline 0.01 -14"><span class='ocrx_word' id='word_1_735' title='bbox 125 2601 251 2642; x_wconf 73' lang='lat' dir='ltr'>Vulgata.</span> <span class='ocrx_word' id='word_1_736' title='bbox 261 2603 402 2642; x_wconf 50' lang='grc' dir='ltr'>νοιρμᾲς</span> <span class='ocrx_word' id='word_1_737' title='bbox 414 2602 531 2631; x_wconf 87' lang='lat' dir='ltr'>videtur</span> <span class='ocrx_word' id='word_1_738' title='bbox 541 2605 639 2640; x_wconf 82' lang='lat' dir='ltr'>posita</span> <span class='ocrx_word' id='word_1_739' title='bbox 649 2601 790 2642; x_wconf 34' lang='lat' dir='ltr'>locoAno&#39;n</span> <span class='ocrx_word' id='word_1_740' title='bbox 801 2601 866 2635; x_wconf 78' lang='lat' dir='ltr'>suo.</span> <span class='ocrx_word' id='word_1_741' title='bbox 881 2609 925 2636; x_wconf 84' lang='lat' dir='ltr'>lta</span> 
     </span>
    </p>
   </div>
   <div class='ocr_carea' id='block_1_102' title="bbox 124 2637 924 2679">
    <p class='ocr_par' dir='ltr' id='par_1_102' title="bbox 124 2637 924 2679">
     <span class='ocr_line' id='line_1_102' title="bbox 124 2637 924 2679; baseline 0.006 -15"><span class='ocrx_word' id='word_1_742' title='bbox 124 2637 204 2679; x_wconf 65' lang='lat' dir='ltr'>enim</span> <span class='ocrx_word' id='word_1_743' title='bbox 220 2637 250 2664; x_wconf 90' lang='lat' dir='ltr'>in</span> <span class='ocrx_word' id='word_1_744' title='bbox 269 2645 304 2679; x_wconf 61' lang='lat' dir='ltr'>ea:</span> <span class='ocrx_word' id='word_1_745' title='bbox 323 2637 454 2679; x_wconf 73' lang='lat' dir='ltr'>legitur:</span> <span class='ocrx_word' id='word_1_746' title='bbox 479 2637 571 2679; x_wconf 69' lang='grc' dir='ltr'>Σίμοῖν,</span> <span class='ocrx_word' id='word_1_747' title='bbox 589 2642 682 2679; x_wconf 57' lang='grc' dir='ltr'>Σίμων,</span> <span class='ocrx_word' id='word_1_748' title='bbox 704 2639 761 2667; x_wconf 83' lang='grc' dir='ltr'>ἰδοὺ</span> <span class='ocrx_word' id='word_1_749' title='bbox 777 2642 789 2667; x_wconf 86' lang='grc' dir='ltr'><strong>ὁ</strong></span> <span class='ocrx_word' id='word_1_750' title='bbox 810 2646 924 2675; x_wconf 76' lang='grc' dir='ltr'>Σατανᾶς</span> 
     </span>
    </p>
   </div>
   <div class='ocr_carea' id='block_1_103' title="bbox 125 2672 923 2714">
    <p class='ocr_par' dir='ltr' id='par_1_103' title="bbox 125 2672 923 2714">
     <span class='ocr_line' id='line_1_103' title="bbox 125 2672 923 2714; baseline 0.009 -17"><span class='ocrx_word' id='word_1_751' title='bbox 125 2672 267 2714; x_wconf 42' lang='lat' dir='ltr'>{Eanfridum</span> <span class='ocrx_word' id='word_1_752' title='bbox 292 2674 369 2714; x_wconf 61' lang='grc' dir='ltr'>ύμάἑ,</span> <span class='ocrx_word' id='word_1_753' title='bbox 391 2678 436 2699; x_wconf 85' lang='grc' dir='ltr'>τοῦ</span> <span class='ocrx_word' id='word_1_754' title='bbox 451 2672 569 2700; x_wconf 77' lang='grc' dir='ltr'>σινιᾶσαι</span> <span class='ocrx_word' id='word_1_755' title='bbox 582 2672 623 2707; x_wconf 75' lang='grc' dir='ltr'>ὡς’</span> <span class='ocrx_word' id='word_1_756' title='bbox 640 2677 683 2702; x_wconf 84' lang='grc' dir='ltr'>τόν</span> <span class='ocrx_word' id='word_1_757' title='bbox 711 2681 793 2710; x_wconf 79' lang='grc' dir='ltr'>σῖτον,</span> <span class='ocrx_word' id='word_1_758' title='bbox 809 2672 923 2714; x_wconf 61' lang='lat' dir='ltr'>Simon;</span> 
     </span>
    </p>
   </div>
   <div class='ocr_carea' id='block_1_104' title="bbox 124 2708 924 2745">
    <p class='ocr_par' dir='ltr' id='par_1_104' title="bbox 124 2708 924 2745">
     <span class='ocr_line' id='line_1_104' title="bbox 124 2708 924 2745; baseline 0.01 -10"><span class='ocrx_word' id='word_1_759' title='bbox 124 2708 237 2745; x_wconf 75' lang='lat' dir='ltr'>Simon,</span> <span class='ocrx_word' id='word_1_760' title='bbox 254 2708 319 2737; x_wconf 75' lang='lat' dir='ltr'>ecce</span> <span class='ocrx_word' id='word_1_761' title='bbox 334 2709 464 2737; x_wconf 81' lang='lat' dir='ltr'><strong><em>Satanas</em></strong></span> <span class='ocrx_word' id='word_1_762' title='bbox 479 2712 621 2745; x_wconf 72' lang='lat' dir='ltr'>expetivit</span> <span class='ocrx_word' id='word_1_763' title='bbox 645 2719 704 2745; x_wconf 78' lang='lat' dir='ltr'>vos,</span> <span class='ocrx_word' id='word_1_764' title='bbox 719 2716 752 2740; x_wconf 81' lang='lat' dir='ltr'>ut</span> <span class='ocrx_word' id='word_1_765' title='bbox 775 2708 924 2744; x_wconf 74' lang='lat' dir='ltr'>cribraret</span> 
     </span>
    </p>
   </div>
   <div class='ocr_carea' id='block_1_105' title="bbox 126 2744 923 2786">
    <p class='ocr_par' dir='ltr' id='par_1_105' title="bbox 126 2744 923 2786">
     <span class='ocr_line' id='line_1_105' title="bbox 126 2744 923 2786; baseline 0.01 -15"><span class='ocrx_word' id='word_1_766' title='bbox 126 2744 202 2786; x_wconf 64' lang='lat' dir='ltr'>sicut</span> <span class='ocrx_word' id='word_1_767' title='bbox 219 2744 363 2786; x_wconf 69' lang='lat' dir='ltr'>triticum.</span> <span class='ocrx_word' id='word_1_768' title='bbox 378 2745 566 2786; x_wconf 44' lang='lat' dir='ltr'>Sed‘melius,</span> <span class='ocrx_word' id='word_1_769' title='bbox 584 2748 755 2786; x_wconf 82' lang='lat' dir='ltr'>ut_videtur.</span> <span class='ocrx_word' id='word_1_770' title='bbox 771 2750 854 2786; x_wconf 84' lang='lat' dir='ltr'>apud</span> <span class='ocrx_word' id='word_1_771' title='bbox 871 2752 923 2779; x_wconf 83' lang='lat' dir='ltr'>Ba-</span> 
     </span>
    </p>
   </div>
   <div class='ocr_carea' id='block_1_106' title="bbox 125 2778 925 2822">
    <p class='ocr_par' dir='ltr' id='par_1_106' title="bbox 125 2778 925 2822">
     <span class='ocr_line' id='line_1_106' title="bbox 125 2778 925 2822; baseline 0.009 -13"><span class='ocrx_word' id='word_1_772' title='bbox 125 2778 235 2815; x_wconf 69' lang='lat' dir='ltr'>siliam,</span> <span class='ocrx_word' id='word_1_773' title='bbox 247 2780 278 2808; x_wconf 89' lang='lat' dir='ltr'>in</span> <span class='ocrx_word' id='word_1_774' title='bbox 290 2788 352 2818; x_wconf 89' lang='lat' dir='ltr'>quo</span> <span class='ocrx_word' id='word_1_775' title='bbox 361 2787 423 2809; x_wconf 83' lang='lat' dir='ltr'>vox</span> <span class='ocrx_word' id='word_1_776' title='bbox 433 2780 501 2817; x_wconf 84' lang='grc' dir='ltr'>ὑμᾶς</span> <span class='ocrx_word' id='word_1_777' title='bbox 513 2778 611 2812; x_wconf 68' lang='lat' dir='ltr'>locata</span> <span class='ocrx_word' id='word_1_778' title='bbox 620 2778 771 2813; x_wconf 80' lang='lat' dir='ltr'>invenitur</span> <span class='ocrx_word' id='word_1_779' title='bbox 779 2778 849 2822; x_wconf 70' lang='lat' dir='ltr'>post</span> <span class='ocrx_word' id='word_1_780' title='bbox 859 2778 925 2816; x_wconf 81' lang='lat' dir='ltr'>ver-</span> 
     </span>
    </p>
   </div>
   <div class='ocr_carea' id='block_1_107' title="bbox 894 2466 1169 2501">
    <p class='ocr_par' dir='ltr' id='par_1_107' title="bbox 894 2466 1169 2501">
     <span class='ocr_line' id='line_1_107' title="bbox 894 2466 1169 2501; baseline -0.011 -5"><span class='ocrx_word' id='word_1_781' title='bbox 894 2466 918 2484; x_wconf 77' lang='grc' dir='ltr'><strong>θο</strong></span> <span class='ocrx_word' id='word_1_782' title='bbox 938 2468 948 2495; x_wconf 93' lang='lat' dir='ltr'>l</span> <span class='ocrx_word' id='word_1_783' title='bbox 964 2467 1029 2496; x_wconf 87' lang='lat' dir='ltr'>Cor.</span> <span class='ocrx_word' id='word_1_784' title='bbox 1046 2474 1084 2501; x_wconf 82' lang='lat' dir='ltr'>iv,</span> <span class='ocrx_word' id='word_1_785' title='bbox 1100 2467 1126 2494; x_wconf 87' lang='lat'><strong>3.</strong></span> <span class='ocrx_word' id='word_1_786' title='bbox 1141 2467 1169 2494; x_wconf 79' lang='grc'>4.</span> 
     </span>
    </p>
   </div>
   <div class='ocr_carea' id='block_1_108' title="bbox 982 2253 1803 2293">
    <p class='ocr_par' dir='ltr' id='par_1_108' title="bbox 982 2253 1803 2293">
     <span class='ocr_line' id='line_1_108' title="bbox 982 2253 1803 2293; baseline -0.007 -5"><span class='ocrx_word' id='word_1_787' title='bbox 982 2261 1095 2288; x_wconf 86' lang='lat' dir='ltr'>stratus</span> <span class='ocrx_word' id='word_1_788' title='bbox 1108 2260 1162 2293; x_wconf 88' lang='lat' dir='ltr'>est,</span> <span class='ocrx_word' id='word_1_789' title='bbox 1176 2261 1203 2286; x_wconf 88' lang='lat' dir='ltr'>et</span> <span class='ocrx_word' id='word_1_790' title='bbox 1213 2257 1277 2286; x_wconf 85' lang='lat' dir='ltr'>vice</span> <span class='ocrx_word' id='word_1_791' title='bbox 1289 2256 1414 2285; x_wconf 84' lang='lat' dir='ltr'>scabelli</span> <span class='ocrx_word' id='word_1_792' title='bbox 1424 2256 1549 2284; x_wconf 83' lang='lat' dir='ltr'>traditus</span> <span class='ocrx_word' id='word_1_793' title='bbox 1562 2256 1606 2283; x_wconf 87' lang='lat' dir='ltr'>est</span> <span class='ocrx_word' id='word_1_794' title='bbox 1617 2253 1803 2283; x_wconf 83' lang='lat' dir='ltr'>conculcato.</span> 
     </span>
    </p>
   </div>
   <div class='ocr_carea' id='block_1_109' title="bbox 980 2299 1804 2333">
    <p class='ocr_par' dir='ltr' id='par_1_109' title="bbox 980 2299 1804 2333">
     <span class='ocr_line' id='line_1_109' title="bbox 980 2299 1804 2333; baseline -0.007 0"><span class='ocrx_word' id='word_1_795' title='bbox 980 2305 1056 2333; x_wconf 78' lang='lat' dir='ltr'>Talis</span> <span class='ocrx_word' id='word_1_796' title='bbox 1071 2306 1117 2332; x_wconf 77' lang='lat' dir='ltr'>est</span> <span class='ocrx_word' id='word_1_797' title='bbox 1132 2305 1160 2332; x_wconf 90' lang='lat' dir='ltr'>et</span> <span class='ocrx_word' id='word_1_798' title='bbox 1171 2302 1370 2331; x_wconf 81' lang='lat' dir='ltr'>lsraelitarum</span> <span class='ocrx_word' id='word_1_799' title='bbox 1387 2309 1486 2330; x_wconf 85' lang='lat' dir='ltr'>casus.</span> <span class='ocrx_word' id='word_1_800' title='bbox 1503 2302 1576 2329; x_wconf 89' lang='lat' dir='ltr'>Cum</span> <span class='ocrx_word' id='word_1_801' title='bbox 1595 2299 1676 2328; x_wconf 87' lang='lat' dir='ltr'>enim</span> <span class='ocrx_word' id='word_1_802' title='bbox 1696 2299 1804 2328; x_wconf 70' lang='lat' dir='ltr'>adver~</span> 
     </span>
    </p>
   </div>
   <div class='ocr_carea' id='block_1_110' title="bbox 980 2345 1804 2384">
    <p class='ocr_par' dir='ltr' id='par_1_110' title="bbox 980 2345 1804 2384">
     <span class='ocr_line' id='line_1_110' title="bbox 980 2345 1804 2384; baseline -0.006 -6"><span class='ocrx_word' id='word_1_803' title='bbox 980 2357 1032 2378; x_wconf 89' lang='lat' dir='ltr'>sus</span> <span class='ocrx_word' id='word_1_804' title='bbox 1047 2351 1149 2384; x_wconf 84' lang='lat' dir='ltr'>gentes</span> <span class='ocrx_word' id='word_1_805' title='bbox 1163 2348 1244 2376; x_wconf 89' lang='lat' dir='ltr'>velut</span> <span class='ocrx_word' id='word_1_806' title='bbox 1267 2347 1441 2376; x_wconf 72' lang='lat' dir='ltr'>immundus</span> <span class='ocrx_word' id='word_1_807' title='bbox 1456 2345 1642 2380; x_wconf 77' lang='lat' dir='ltr'>eﬁ‘errentur,</span> <span class='ocrx_word' id='word_1_808' title='bbox 1659 2353 1727 2374; x_wconf 88' lang='lat' dir='ltr'>vere</span> <span class='ocrx_word' id='word_1_809' title='bbox 1749 2345 1804 2373; x_wconf 91' lang='lat' dir='ltr'>im-</span> 
     </span>
    </p>
   </div>
   <div class='ocr_carea' id='block_1_111' title="bbox 979 2391 1800 2428">
    <p class='ocr_par' dir='ltr' id='par_1_111' title="bbox 979 2391 1800 2428">
     <span class='ocr_line' id='line_1_111' title="bbox 979 2391 1800 2428; baseline -0.005 -5"><span class='ocrx_word' id='word_1_810' title='bbox 979 2394 1086 2424; x_wconf 85' lang='lat' dir='ltr'>mundi</span> <span class='ocrx_word' id='word_1_811' title='bbox 1095 2393 1165 2422; x_wconf 78' lang='lat' dir='ltr'>tacti</span> <span class='ocrx_word' id='word_1_812' title='bbox 1176 2395 1260 2422; x_wconf 88' lang='lat' dir='ltr'>sunt:</span> <span class='ocrx_word' id='word_1_813' title='bbox 1274 2395 1376 2428; x_wconf 86' lang='lat' dir='ltr'>gentes</span> <span class='ocrx_word' id='word_1_814' title='bbox 1386 2399 1457 2420; x_wconf 88' lang='lat' dir='ltr'>vero</span> <span class='ocrx_word' id='word_1_815' title='bbox 1468 2391 1579 2420; x_wconf 73' lang='lat' dir='ltr'>effectae</span> <span class='ocrx_word' id='word_1_816' title='bbox 1589 2392 1659 2419; x_wconf 88' lang='lat' dir='ltr'>sunt</span> <span class='ocrx_word' id='word_1_817' title='bbox 1669 2391 1800 2420; x_wconf 65' lang='lat' dir='ltr'>munde.</span> 
     </span>
    </p>
   </div>
   <div class='ocr_carea' id='block_1_112' title="bbox 1207 2464 1441 2500">
    <p class='ocr_par' dir='ltr' id='par_1_112' title="bbox 1207 2464 1441 2500">
     <span class='ocr_line' id='line_1_112' title="bbox 1207 2464 1441 2500; baseline -0.004 -7"><span class='ocrx_word' id='word_1_818' title='bbox 1207 2465 1229 2483; x_wconf 84' lang='grc'>⁶¹</span> <span class='ocrx_word' id='word_1_819' title='bbox 1252 2464 1344 2493; x_wconf 82' lang='lat' dir='ltr'>Galat.</span> <span class='ocrx_word' id='word_1_820' title='bbox 1360 2472 1401 2500; x_wconf 82' lang='lat' dir='ltr'>vi,</span> <span class='ocrx_word' id='word_1_821' title='bbox 1414 2464 1441 2493; x_wconf 76' lang='grc'>4.</span> 
     </span>
    </p>
   </div>
   <div class='ocr_carea' id='block_1_113' title="bbox 977 2534 1800 2572">
    <p class='ocr_par' dir='ltr' id='par_1_113' title="bbox 977 2534 1800 2572">
     <span class='ocr_line' id='line_1_113' title="bbox 977 2534 1800 2572; baseline 0 -7"><span class='ocrx_word' id='word_1_822' title='bbox 977 2537 1051 2565; x_wconf 88' lang='lat' dir='ltr'>bum</span> <span class='ocrx_word' id='word_1_823' title='bbox 1063 2538 1192 2572; x_wconf 76' lang='grc' dir='ltr'>σινιάσαι,</span> <span class='ocrx_word' id='word_1_824' title='bbox 1206 2537 1283 2565; x_wconf 83' lang='lat' dir='ltr'>Ecce</span> <span class='ocrx_word' id='word_1_825' title='bbox 1293 2536 1592 2572; x_wconf 22' lang='lat' dir='ltr'>Satanasﬂexpetivit,</span> <span class='ocrx_word' id='word_1_826' title='bbox 1604 2538 1636 2563; x_wconf 82' lang='lat' dir='ltr'>ut</span> <span class='ocrx_word' id='word_1_827' title='bbox 1651 2534 1800 2565; x_wconf 78' lang='lat' dir='ltr'>cribraret</span> 
     </span>
    </p>
   </div>
   <div class='ocr_carea' id='block_1_114' title="bbox 978 2573 1273 2602">
    <p class='ocr_par' dir='ltr' id='par_1_114' title="bbox 978 2573 1273 2602">
     <span class='ocr_line' id='line_1_114' title="bbox 978 2573 1273 2602; baseline -0.003 0"><span class='ocrx_word' id='word_1_828' title='bbox 978 2581 1028 2602; x_wconf 81' lang='lat' dir='ltr'>vos</span> <span class='ocrx_word' id='word_1_829' title='bbox 1040 2574 1118 2601; x_wconf 83' lang='lat' dir='ltr'>sicut</span> <span class='ocrx_word' id='word_1_830' title='bbox 1129 2573 1273 2601; x_wconf 78' lang='lat' dir='ltr'>triticum.</span> 
     </span>
    </p>
   </div>
   <div class='ocr_carea' id='block_1_115' title="bbox 1022 2607 1679 2645">
    <p class='ocr_par' dir='ltr' id='par_1_115' title="bbox 1022 2607 1679 2645">
     <span class='ocr_line' id='line_1_115' title="bbox 1022 2607 1679 2645; baseline 0 -9"><span class='ocrx_word' id='word_1_831' title='bbox 1022 2611 1068 2642; x_wconf 86' lang='lat'>70)</span> <span class='ocrx_word' id='word_1_832' title='bbox 1089 2609 1210 2645; x_wconf 77' lang='lat' dir='ltr'>Antiqui</span> <span class='ocrx_word' id='word_1_833' title='bbox 1226 2611 1284 2636; x_wconf 88' lang='lat' dir='ltr'>tres</span> <span class='ocrx_word' id='word_1_834' title='bbox 1300 2608 1367 2637; x_wconf 89' lang='lat' dir='ltr'>libri</span> <span class='ocrx_word' id='word_1_835' title='bbox 1384 2609 1486 2642; x_wconf 76' lang='grc' dir='ltr'>ἑαυτοῦ,</span> <span class='ocrx_word' id='word_1_836' title='bbox 1501 2607 1574 2645; x_wconf 70' lang='lat' dir='ltr'>Editi</span> <span class='ocrx_word' id='word_1_837' title='bbox 1589 2607 1679 2645; x_wconf 71' lang='grc' dir='ltr'>αὐτοῦ.</span> 
     </span>
    </p>
   </div>
   <div class='ocr_carea' id='block_1_116' title="bbox 1024 2643 1798 2681">
    <p class='ocr_par' dir='ltr' id='par_1_116' title="bbox 1024 2643 1798 2681">
     <span class='ocr_line' id='line_1_116' title="bbox 1024 2643 1798 2681; baseline 0.001 -9"><span class='ocrx_word' id='word_1_838' title='bbox 1024 2647 1068 2672; x_wconf 84' lang='lat' dir='ltr'>7t)</span> <span class='ocrx_word' id='word_1_839' title='bbox 1088 2643 1183 2681; x_wconf 81' lang='lat' dir='ltr'>Editio</span> <span class='ocrx_word' id='word_1_840' title='bbox 1197 2646 1324 2681; x_wconf 83' lang='lat' dir='ltr'>utraque</span> <span class='ocrx_word' id='word_1_841' title='bbox 1344 2647 1372 2673; x_wconf 87' lang='lat' dir='ltr'>et</span> <span class='ocrx_word' id='word_1_842' title='bbox 1396 2643 1610 2681; x_wconf 78' lang='lat' dir='ltr'>Combetisiani</span> <span class='ocrx_word' id='word_1_843' title='bbox 1636 2643 1698 2672; x_wconf 89' lang='lat' dir='ltr'>duo</span> <span class='ocrx_word' id='word_1_844' title='bbox 1722 2651 1798 2681; x_wconf 85' lang='lat' dir='ltr'>mss.</span> 
     </span>
    </p>
   </div>
   <div class='ocr_carea' id='block_1_117' title="bbox 978 2678 1798 2716">
    <p class='ocr_par' dir='ltr' id='par_1_117' title="bbox 978 2678 1798 2716">
     <span class='ocr_line' id='line_1_117' title="bbox 978 2678 1798 2716; baseline -0.001 -9"><span class='ocrx_word' id='word_1_845' title='bbox 978 2678 1046 2716; x_wconf 80' lang='lat' dir='ltr'>cum</span> <span class='ocrx_word' id='word_1_846' title='bbox 1067 2680 1131 2707; x_wconf 84' lang='lat' dir='ltr'>aliis</span> <span class='ocrx_word' id='word_1_847' title='bbox 1141 2680 1262 2716; x_wconf 87' lang='lat' dir='ltr'>duobus</span> <span class='ocrx_word' id='word_1_848' title='bbox 1275 2678 1371 2716; x_wconf 70' lang='lat' dir='ltr'>Regiis</span> <span class='ocrx_word' id='word_1_849' title='bbox 1387 2683 1440 2708; x_wconf 83' lang='lat' dir='ltr'>aut</span> <span class='ocrx_word' id='word_1_850' title='bbox 1464 2680 1506 2716; x_wconf 78' lang='grc' dir='ltr'>ὑπ’</span> <span class='ocrx_word' id='word_1_851' title='bbox 1519 2678 1671 2716; x_wconf 64' lang='grc' dir='ltr'>ανθρώπου,</span> <span class='ocrx_word' id='word_1_852' title='bbox 1683 2682 1735 2708; x_wconf 81' lang='lat' dir='ltr'>aut</span> <span class='ocrx_word' id='word_1_853' title='bbox 1748 2680 1798 2706; x_wconf 78' lang='grc' dir='ltr'>ὑπό</span> 
     </span>
    </p>
   </div>
   <div class='ocr_carea' id='block_1_118' title="bbox 978 2715 1796 2754">
    <p class='ocr_par' dir='ltr' id='par_1_118' title="bbox 978 2715 1796 2754">
     <span class='ocr_line' id='line_1_118' title="bbox 978 2715 1796 2754; baseline 0.001 -13"><span class='ocrx_word' id='word_1_854' title='bbox 978 2715 1125 2754; x_wconf 79' lang='grc' dir='ltr'>ἀνθρώπου,</span> <span class='ocrx_word' id='word_1_855' title='bbox 1139 2716 1178 2744; x_wconf 78' lang='lat' dir='ltr'>ad</span> <span class='ocrx_word' id='word_1_856' title='bbox 1193 2715 1330 2754; x_wconf 53' lang='lat' dir='ltr'>verbum:</span> <span class='ocrx_word' id='word_1_857' title='bbox 1347 2716 1451 2754; x_wconf 79' lang='lat' dir='ltr'>cecidit</span> <span class='ocrx_word' id='word_1_858' title='bbox 1467 2715 1504 2754; x_wconf 70' lang='lat' dir='ltr'><strong><em>ab</em></strong></span> <span class='ocrx_word' id='word_1_859' title='bbox 1526 2715 1652 2754; x_wconf 73' lang='lat' dir='ltr'>homine,</span> <span class='ocrx_word' id='word_1_860' title='bbox 1664 2715 1796 2754; x_wconf 69' lang='lat' dir='ltr'>hocest.</span> 
     </span>
    </p>
   </div>
   <div class='ocr_carea' id='block_1_119' title="bbox 976 2750 1797 2787">
    <p class='ocr_par' dir='ltr' id='par_1_119' title="bbox 976 2750 1797 2787">
     <span class='ocr_line' id='line_1_119' title="bbox 976 2750 1797 2787; baseline -0.001 -8"><span class='ocrx_word' id='word_1_861' title='bbox 976 2750 1148 2787; x_wconf 81' lang='lat' dir='ltr'>prostratus</span> <span class='ocrx_word' id='word_1_862' title='bbox 1164 2755 1205 2780; x_wconf 85' lang='lat' dir='ltr'>est</span> <span class='ocrx_word' id='word_1_863' title='bbox 1220 2751 1258 2780; x_wconf 87' lang='lat' dir='ltr'><strong><em>ab</em></strong></span> <span class='ocrx_word' id='word_1_864' title='bbox 1274 2752 1401 2781; x_wconf 81' lang='lat' dir='ltr'>homine.</span> <span class='ocrx_word' id='word_1_865' title='bbox 1418 2754 1452 2779; x_wconf 83' lang='lat' dir='ltr'>At</span> <span class='ocrx_word' id='word_1_866' title='bbox 1466 2751 1538 2787; x_wconf 78' lang='lat' dir='ltr'>Reg.</span> <span class='ocrx_word' id='word_1_867' title='bbox 1559 2750 1675 2787; x_wconf 90' lang='lat' dir='ltr'>primus</span> <span class='ocrx_word' id='word_1_868' title='bbox 1690 2752 1739 2778; x_wconf 84' lang='grc' dir='ltr'>ὑπὸ</span> <span class='ocrx_word' id='word_1_869' title='bbox 1754 2753 1797 2778; x_wconf 82' lang='grc' dir='ltr'>τὸν</span> 
     </span>
    </p>
   </div>
   <div class='ocr_carea' id='block_1_120' title="bbox 977 2787 1531 2825">
    <p class='ocr_par' dir='ltr' id='par_1_120' title="bbox 977 2787 1531 2825">
     <span class='ocr_line' id='line_1_120' title="bbox 977 2787 1531 2825; baseline 0.004 -11"><span class='ocrx_word' id='word_1_870' title='bbox 977 2788 1122 2825; x_wconf 81' lang='grc' dir='ltr'>ἄνθρωπον,</span> <span class='ocrx_word' id='word_1_871' title='bbox 1138 2787 1244 2816; x_wconf 79' lang='lat' dir='ltr'>cecidit</span> <span class='ocrx_word' id='word_1_872' title='bbox 1260 2788 1360 2817; x_wconf 76' lang='lat' dir='ltr'>subter</span> <span class='ocrx_word' id='word_1_873' title='bbox 1373 2788 1531 2816; x_wconf 75' lang='lat' dir='ltr'>hominem.</span> 
     </span>
    </p>
   </div>
  </div>
