2049 3131
233 111 284 138 535

231 172 274 200 Ac
284 172 404 200 illorum
411 172 657 208 quidemjustitia
668 172 869 208 sicutpannus
881 174 1049 200 menstrua-

231 219 269 246 ιω
282 218 362 246 facta
376 220 420 245 est
435 227 441 245 :
456 219 479 235 σι
495 218 630 252 gentium
652 225 725 245 vero
744 217 887 254 iniquitas
902 217 1054 253 impietas-

232 271 292 299 que
306 263 403 291 deleta
425 265 469 290 est
494 269 546 298 per
565 262 670 291 ﬁdem.
692 265 722 290 In
736 270 867 297 summa,
883 261 1057 290 memineris

231 308 309 336 illius
319 307 477 344 proverbii.
491 307 636 341 Super-bis
657 308 737 335 Deus
756 308 877 340 resistit,
890 306 1054 335 humilibus

233 360 301 381 vero
312 352 364 380 dat
379 352 511 387 gratiam
522 352 556 380 ⁸³.
578 352 661 380 Habe
674 352 705 379 in
721 354 864 388 promptu
878 351 1057 379 sententiam

233 396 350 425 Domini
366 405 373 424 :
390 397 491 425 Omnis
505 397 559 432 qui
580 404 610 424 se
631 396 784 430 humiliat,
800 397 1004 429 exaltabitur;
1031 399 1057 424 et

233 443 286 479 qui
294 450 324 470 se
336 443 462 476 exultat,
478 442 692 470 humiliabitur
701 443 736 470 ⁸⁸.
753 443 793 469 Ne
818 442 861 469 tui
884 441 980 477 ipsius
1000 440 1057 468 fias

230 487 325 523 judex
339 487 473 523 iniquus,
494 495 593 523 neque
609 487 647 514 ad
664 486 792 521 gratiam
807 486 962 522 expende:
979 486 1004 513 si
1020 485 1059 513 vi-

232 531 324 560 deare
334 531 385 560 tibi
395 531 566 568 quidquam
576 531 648 559 boni
660 531 783 566 habere,
790 533 949 559 numerata
958 530 1009 558 illa
1015 538 1057 565 re,

233 577 412 613 deliciisque
425 575 572 605 oblivioni
583 576 659 604 ultro
671 576 906 611 traditis,neque
924 575 963 603 ob
980 578 1060 603 recte

233 622 313 651 facta
339 621 487 650 hodierna
515 621 692 652 insolescas,
714 629 814 657 neque
826 620 993 648 recentium
1009 622 1060 648 aut

233 669 369 695 veterum
389 665 618 694 malefactorum
637 666 720 701 161
740 665 793 693 tibi
815 665 937 693 veniam
952 671 1060 692 conce-

233 711 307 740 das:
325 711 377 740 sed
391 719 461 739 cum
473 718 607 746 prmsens
635 709 798 738 reddiderit
826 713 854 738 te
879 710 1000 744 elatum,
1017 716 1062 736 re-

233 764 309 784 voca
319 755 348 784 in
360 755 541 783 memoriam
551 755 709 791 antiquam
720 754 830 790 agendi
841 754 999 787 rationem,
1008 754 1062 781 sic-

233 809 293 838 que
306 800 432 828 stolidus
449 802 519 828 tuus
530 802 631 827 tumor
641 799 780 828 cessabit.
793 801 836 833 Et,
847 800 872 827 si
886 800 1061 836 proximum

910 109 938 137 S.
959 108 1084 137 BASILII
1111 109 1232 138 MAGNL

1859 113 1919 140 536

1110 173 1277 210 κεκάθαρται.
1308 176 1359 200 Καὶ
1385 177 1434 200 τῶν
1463 175 1508 210 μὲν
1529 175 1544 204 ἡ
1567 173 1723 204 δικαιοσύνη
1749 177 1851 210 γέγονεν
1875 176 1918 208 ὡς

1109 218 1189 254 ῥάκος
1217 217 1424 255 ἀποκαθημένης,
1450 224 1499 244 τῶν
1530 217 1558 246 δὲ
1585 219 1660 245 ἐθνῶν
1695 221 1708 248 ἦ
1737 219 1832 255 ἁνομια
1865 223 1916 247 καὶ

1111 263 1125 291 ἡ
1150 262 1255 289 ἀσέϐεια
1269 262 1316 289 διὰ
1338 266 1451 294 πίστεως
1476 263 1632 295 ὲξήλειπται.
1662 264 1779 290 Καθόλου
1806 266 1914 301 μέμνη-

1112 317 1143 334 σο
1170 311 1217 338 τῆς
1242 307 1353 338 ἀληθοῦς
1377 310 1528 345 παροιμίας.
1562 308 1747 344 ’ὶ“π;ρηφάνοι;
1773 311 1839 340 Θεὸς
1862 309 1914 335 ἀν-

1110 354 1274 386 τιτάσσεται,
1299 356 1430 384 ταπεινοῖς
1466 351 1495 379 δὲ
1524 351 1623 379 δίδωσι
1648 354 1739 391 χάρίν.
1770 353 1838 389 Ἔχε
1862 358 1913 381 τοῦ

1113 400 1210 434 Κυρίου
1236 399 1264 423 τό
1285 397 1358 434 ῥῆμα
1382 399 1532 434 πρόχειρον·
1559 401 1614 429 Πᾶς
1642 398 1654 423 ό
1692 402 1817 424 ταπεινῶν
1851 399 1914 425 ἑαυ-

1111 444 1165 475 τὸν,
1195 441 1375 477 ὑψωθήσεται·
1403 445 1448 468 καὶ
1479 444 1492 468 ὁ
1516 442 1573 477 (7‘2)
1600 442 1672 478 ὑψῶν
1699 442 1798 475 ἑαυτὸν,
1824 453 1917 470 ταπει-

1112 488 1266 515 νωθήσεται.
1290 489 1332 516 Μὴ
1359 489 1432 523 γίνου
1452 489 1544 523 κριτὴς
1570 487 1660 518 οἷνισος
1685 491 1808 520 σεαυτοῦ,
1840 487 1915 524 μηδέ

1112 533 1175 568 πρὸς
1198 533 1279 568 χάριν
1309 531 1419 563 ἐξέταζε·
1444 531 1465 558 εἰ
1489 533 1534 567 μέν
1562 541 1588 558 τι
1617 530 1702 562 δοκεῖς
1731 533 1801 568 ἔχειν
1821 532 1914 569 καλὸν,

1113 580 1189 602 τοῦτο
1222 576 1247 602 ἐν
1277 576 1356 612 ψήφῳ
1383 576 1472 611 τιθεὶς,
1502 580 1551 602 τῶν
1585 574 1614 603 δὲ
1645 577 1818 612 πταισμάτων
1850 578 1916 604 ἑκὼν

1113 619 1348 657 ἐπιλανθανόμενος,
1382 619 1452 657 μηδέ
1477 620 1514 657 ἐφ’
1541 619 1580 651 οἷς
1610 622 1655 656 μὲν
1686 623 1795 658 σὴμιρον
1819 631 1917 659 κατορ-

1115 666 1170 696 θοῖς
1197 665 1409 702 μεγαλυνόμενος,
1437 664 1474 701 ἐφ’
1503 665 1542 695 οἶς
1579 663 1608 691 δὲ
1635 667 1725 702 πρώην
1756 668 1801 692 καὶ
1832 666 1916 694 πάλαι

1114 713 1199 739 κακῶς
1226 709 1350 746 εἰργάσω,
1381 712 1556 746 συγχώρησιν
1589 713 1691 745 σεαυτῷ
1722 708 1826 742 διδούς·
1858 710 1916 738 ἀλλ’

1115 755 1175 781 ὃταν
1203 764 1231 781 σε
1249 756 1278 780 τό
1304 755 1387 792 παρὸν
1410 754 1548 791 ἑπάρῃ,τὸ
1571 754 1681 781 παλαιόν
1705 755 1742 786 εἰς
1763 754 1913 792 ἀνάμνησιν

1116 798 1209 835 ἀγέτω,
1228 801 1273 825 καὶ
1298 800 1388 836 παύσῃ
1416 803 1463 830 τῆς
1492 798 1652 828 ἁναισθὴτου
1685 799 1836 836 φλεγμονῆς.
1863 803 1915 827 Καὶ

233 848 412 882 peccantem
418 844 615 879 videris,cave
621 845 794 872 consideres
801 844 896 880 ipsius
902 846 1061 880 peccatum

1120 844 1136 870 ιὶ
1157 845 1200 870 τὸν
1219 843 1295 874 πέλας
1314 843 1493 880 ἁμαρτάνοντα
1518 845 1654 881 θεωρήσεις
1682 846 1750 881 (73),
1773 847 1808 881 μὴ
1835 849 1914 871 τοῦτο

235 890 334 919 solum
346 899 353 918 :
367 890 421 918 sed
434 890 524 918 etiam
534 898 602 926 quin
617 889 686 918 fecit
699 891 752 918 aut
766 889 838 918 facit
851 889 1060 924 recte,cogita;

234 937 263 964 et
276 943 356 971 saepe
367 943 436 962 cum
447 934 656 971 deprehendes
670 934 764 971 teipso
776 934 942 968 meliorem,
954 941 1063 971 expen-

234 980 275 1008 sis
290 980 380 1008 rebus
396 979 549 1014 omnibus,
566 987 628 1007 non
643 987 706 1007 una
732 979 881 1008 duntaxat
895 982 980 1014 parte
994 987 1063 1008 exa-

233 1024 362 1053 minata.
381 1026 483 1060 Neque
498 1024 579 1051 enim
592 1025 670 1052 Deus
686 1024 843 1052 hominem
858 1024 889 1052 in
909 1027 993 1060 parte
1009 1032 1062 1052 ex-

233 1069 357 1106 pendit:
386 1069 451 1104 Ego
471 1068 563 1102 enim,
579 1068 686 1104 inquit,
703 1076 796 1104 opera
816 1072 844 1097 et
867 1070 1062 1104 cogitationes

233 1123 336 1144 eorum
347 1114 432 1142 venio
443 1117 683 1149 congregatur-us
697 1115 731 1142 ⁵⁵.
746 1115 822 1146 Quin
836 1114 926 1142 etiam
936 1122 1007 1142 cum
1016 1115 1062 1142 Jo-

235 1159 345 1196 saphat
360 1158 527 1195 aliquando
544 1158 583 1186 ob
596 1166 731 1194 praesens
746 1161 906 1195 peccatum
927 1159 1063 1196 increpa-

233 1203 436 1239 ret,1meminit
446 1211 571 1240 quoque
584 1205 662 1231 recte
668 1202 818 1231 factorum
828 1203 936 1240 ipsius,
943 1203 989 1232 his
999 1212 1063 1232 ver-

233 1249 281 1279 bis
294 1257 301 1277 :
322 1249 530 1277 Verumtamen
543 1248 633 1277 verba
643 1248 720 1276 bona
730 1249 852 1277 inventa
862 1249 974 1277 suntin
989 1251 1016 1278 te
1026 1250 1061 1277 ⁵⁸.

271 1340 298 1367 6.
309 1339 376 1365 Haec
389 1339 417 1365 et
430 1336 540 1364 similia
550 1336 697 1365 adversus
712 1337 888 1373 superbiam
899 1337 1063 1366 nobismet-

234 1382 308 1418 ipsis
322 1389 443 1418 semper
457 1382 644 1415 accinamus,
660 1381 850 1410 demittentes
862 1389 919 1410 nos
930 1390 1014 1418 ipsos
1031 1384 1062 1410 ut

236 1426 414 1459 exaltemur,
439 1426 590 1454 imitantes
614 1426 788 1461 Dominum,
812 1427 865 1462 qui
886 1426 925 1454 de
941 1426 1016 1454 caelo
1031 1426 1063 1454 in

236 1473 401 1500 extremam
411 1471 611 1499 humilitatem
625 1471 793 1506 descendit,
804 1474 833 1499 et
846 1471 908 1499 vice
918 1479 1004 1499 versa
1015 1479 1063 1499 ex-

1114 891 1191 926 μόνον
1218 889 1297 916 αὐτοῦ
1320 892 1468 926 σκοπὴσης·
1496 888 1658 926 ἐνθυμήθητι
1686 888 1716 916 6";
1740 892 1783 916 καὶ
1805 891 1856 917 ὅσα
1869 893 1915 917 πέ-

1115 945 1217 972 πραχεν
1247 934 1261 964 ᾖ
1291 935 1400 972 πράττει
1427 934 1519 968 καλῶς,
1548 937 1592 960 καὶ
1627 933 1752 966 πολλάκις
1793 936 1915 971 εὑρήσεις

1116 980 1193 1006 αὐτὸν
1216 979 1336 1016 ἀμείνονα
1358 982 1479 1013 σεαυτοῦ,
1504 976 1552 1006 διὰ
1574 979 1676 1005 πάντων
1706 979 1843 1014 ἐξετάζων,
1868 983 1915 1007 καὶ

1116 1026 1151 1061 μὴ
1169 1025 1263 1061 μερικὰ
1276 1024 1452 1060 ψηφιζόμενος
1471 1024 1534 1060 (74).
1552 1022 1622 1050 Οὐδὲ
1639 1024 1691 1062 γὰρ
1714 1025 1778 1055 Θεὸς
1801 1029 1915 1061 μερικῶς

1117 1068 1228 1100 ἐξετάζει
1254 1071 1298 1095 τὸν
1324 1069 1468 1105 ἄνθρωπον·
1498 1069 1563 1105 Ἐγὼ
1595 1069 1658 1106 γὰρ,
1684 1078 1760 1105 φησι,
1789 1071 1823 1096 τὰ
1850 1071 1915 1106 ἔργα

1116 1117 1161 1140 καὶ
1194 1115 1252 1144 τοὺς
1291 1113 1434 1150 λογισμοὺς
1467 1113 1550 1139 αὐτῶν
1596 1115 1711 1150 ἔρχομαι
1745 1118 1912 1150 συναγαγεῖν.

1118 1161 1168 1186 Καὶ
1194 1163 1229 1194 τῷ
1256 1158 1385 1194 Ἰωσαφὰτ
1411 1158 1569 1194 ἐπιτιμήσας
1595 1159 1658 1185 ποτὶ
1685 1157 1732 1185 διὰ
1755 1160 1802 1188 τὴν
1825 1169 1912 1195 παρα-

1116 1202 1200 1234 πόδας
1229 1203 1369 1241 ἁμαρτίαν,
1394 1202 1510 1239 ἐμνήσθη
1545 1205 1590 1230 καὶ
1623 1207 1673 1229 τῶν
1704 1205 1913 1240 κατωρθωμένων

1117 1248 1198 1283 αὖτῷ,
1227 1247 1316 1284 λέγων·
1344 1247 1413 1277 Πλὴν
1442 1246 1507 1274 ἀλλὰ
1533 1247 1606 1284 λόγοι
1641 1246 1737 1284 ἀγαθοὶ
1771 1249 1915 1285 εὑρέθησαν

1118 1292 1142 1318 ἐν
1154 1295 1207 1320 σοί.

1154 1340 1179 1366 6.
1200 1341 1290 1364 Ταῦτα
1313 1339 1359 1364 καὶ
1383 1338 1416 1364 τὰ
1439 1340 1549 1364 τοιαῦτα
1575 1338 1641 1374 πρὸς
1666 1339 1712 1366 τὴν
1737 1337 1914 1374 ὑπερηφανίαν

1118 1381 1254 1418 ἐπᾴδωμεν
1291 1382 1392 1413 ἑαυτοῖς
1424 1383 1557 1416 ἱκάστοτε,
1590 1383 1775 1419 καθαιροῦντες
1810 1382 1915 1412 ἑαυτοὺς

1119 1427 1150 1452 ἶν’
1179 1427 1332 1464 ὑψωθῶμεν,
1361 1428 1516 1464 μιμούμενοι
1539 1427 1582 1453 τὸν
1604 1426 1631 1458 ἐξ
1650 1427 1760 1464 οὐρανοῦ
1784 1426 1914 1453 καταϐάν-

1117 1481 1150 1497 τοι
1175 1472 1269 1508 Κύριον
1295 1473 1358 1509 πρὸς
1380 1474 1428 1501 τὴν
1452 1471 1569 1508 ἐσχάτην
1588 1474 1770 1506 ταπεινότητα,
1790 1473 1835 1497 καὶ
1856 1471 1915 1498 τοῦ-

235 1516 403 1544 humilitate
418 1515 458 1544 ad
473 1516 631 1544 decentem
647 1515 840 1544 altitudinem
862 1519 984 1544 evectus
1007 1518 1061 1544 est.

1120 1518 1217 1543 ναντίον
1242 1515 1269 1542 ἐκ
1292 1518 1478 1547 ταπεινότητος
1509 1516 1543 1547 εἰς
1563 1516 1627 1552 ὕψος
1650 1517 1736 1542 αἶσιον
1760 1515 1917 1552 ἐξογκούμε-

238 1561 446 1597 Comperimus
475 1561 557 1588 enim
583 1560 700 1588 Domini
725 1562 809 1596 gesta
826 1560 931 1589 omnia
955 1568 1011 1589 nos
1025 1561 1090 1595 ad_

237 1605 438 1634 humilitatem
449 1604 607 1633 instruere.
623 1605 725 1633 Infans
740 1613 810 1633 cum
825 1608 911 1639 esset,
923 1605 1024 1634 statim
1035 1605 1065 1634 in

239 1649 397 1686 spelunca,
413 1651 442 1677 et
464 1657 502 1677 ne
521 1649 552 1677 in
567 1649 643 1678 lecto
659 1649 793 1686 quidem,
812 1650 864 1678 sed
884 1650 915 1678 in
937 1650 1067 1687 prcesepi

237 1695 342 1730 jacuit.
358 1695 389 1722 in
401 1693 494 1722 domo
508 1693 650 1722 fuitfabri
664 1694 784 1729 lignarii
800 1697 828 1722 et
838 1695 943 1723 matris
956 1686 1069 1731 paupe-

240 1739 290 1775 ris,
300 1739 540 1767 matrisubditus
552 1740 581 1767 et
590 1739 670 1767 illius
683 1747 799 1775 sponso
811 1748 817 1767 :
830 1739 1006 1775 docebatur,
1014 1748 1068 1768 au-

1118 1561 1239 1596 νοι(75).
1264 1561 1353 1587 Πάντα
1371 1562 1421 1597 γὰρ
1452 1559 1485 1590 δὴ
1512 1563 1576 1599 πρὸς
1595 1562 1833 1598 ταπεινοφροσύνην
1856 1570 1918 1587 παι-

1121 1604 1231 1632 δεύοντα
1262 1607 1295 1631 τὰ
1329 1609 1373 1632 τοῦ
1410 1607 1506 1642 Κυρίου
1549 1606 1709 1642 εὑρίσκομεν.
1738 1607 1830 1642 Βρέφος
1872 1605 1918 1640 ὦν,

1121 1651 1197 1681 εὐθὺς
1225 1649 1249 1676 ἐν
1274 1649 1405 1686 σπηλαίῳ,
1439 1653 1484 1677 καὶ
1521 1649 1583 1677 οὐδὲ
1611 1650 1653 1676 ἐπὶ
1679 1649 1778 1685 κλίνης,
1795 1649 1849 1675 ἀλλ’
1877 1649 1920 1676 ἐπὶ

1123 1696 1225 1731 φάτνης·
1252 1694 1276 1720 ἓν
1300 1696 1362 1730 οἴκῳ
1383 1704 1500 1725 Terra-ao;
1524 1698 1569 1721 καὶ
1583 1696 1683 1732 μητρός
1701 1697 1840 1731 πενιχρᾶς,
1856 1695 1920 1721 {nro-

1122 1741 1282 1776 τασσόμενος
1309 1744 1340 1776 τῇ
1371 1742 1453 1776 μητρὶ
1490 1742 1535 1766 καὶ
1569 1744 1605 1775 τῷ
1636 1740 1743 1770 ⁴ταύτης
1775 1743 1919 1776 μνηστῆρι·

240 1784 461 1821 diebatquibus
473 1784 530 1812 sibi
542 1792 619 1820 opus
629 1792 691 1813 non
701 1786 778 1813 erat:
790 1784 1006 1820 interrogabat,
1016 1786 1069 1814 sed

240 1830 282 1858 ita
297 1832 408 1863 tamen,
419 1832 452 1857 ut
465 1829 655 1864 interrogans
672 1831 750 1858 esset
762 1829 957 1858 admirationi
972 1830 1011 1858 ob
1024 1839 1070 1859 sa—
1090 1844 1094 1873 χ

242 1875 396 1911 pientiam.
413 1874 605 1902 Subdebatur
618 1874 739 1908 Joanni,
751 1876 779 1902 et
796 1875 940 1903 Dominus
952 1883 970 1903 a
982 1883 1070 1904 servo
1093 1887 1098 1896 ι

241 1919 397 1955 baptisma
407 1918 588 1954 accipiebat:
599 1918 822 1953 insurgentium
832 1919 862 1947 in
874 1927 905 1947 se
913 1919 1072 1948 resistebat

243 1963 431 1998 nulli,neque
442 1964 621 1998 potestatem
642 1962 838 1996 ineffabilem,
855 1971 917 1999 qua
928 1963 1071 1999 praeditus

244 2010 318 2042 erat,
334 2007 511 2035 exercebat:
525 2007 578 2035 sed
600 2007 787 2036 concedebat
800 2008 889 2044 quasi
899 2009 1072 2044 potentiori.

243 2053 313 2087 bus,
329 2054 357 2080 et
372 2052 562 2088 temporarias
579 2053 722 2088 potestati
737 2053 904 2088 potentiam
920 2053 947 2082 ei
962 2062 1071 2082 conve-

244 2097 377 2127 nientem
389 2097 590 2133 permittebat.
608 2097 774 2125 Sistebatur
785 2098 979 2133 pontiﬁcibus
989 2098 1020 2126 in
1030 2099 1073 2127 rei

245 2142 353 2171 habitu
365 2150 371 2170 :
383 2141 551 2170 ducebatur
558 2141 598 2169 ad
610 2142 782 2178 praesidem,
792 2145 820 2171 et
829 2142 978 2178 judicium
993 2143 1072 2171 subi-

1125 1783 1328 1821 διδασκόμινος,
1360 1784 1458 1811 ἁκούων
1487 1784 1521 1810 ὧν
1549 1784 1596 1811 οὐκ
1623 1782 1715 1818 ἐδεῖτο,
1737 1783 1869 1821 ἐπερωτῶν
1891 1781 1921 1810 δὲ

1124 1831 1202 1866 ὅμως,
1217 1831 1261 1856 καὶ
1287 1828 1335 1855 διὰ
1357 1833 1402 1860 τῆς
1427 1829 1576 1866 ἐρωτήσεως
1600 1828 1641 1855 ἐπὶ
1660 1832 1691 1865 τῇ
1719 1830 1797 1865 σοφίᾳ
1819 1829 1921 1865 θαυμα-

1125 1875 1240 1911 ζόμενος·
1282 1875 1489 1910 ὑποτασσόμενος
1536 1874 1652 1907 Ἰωάννη,
1695 1876 1740 1900 καὶ
1781 1873 1922 1910 βάπτισμα

1124 1929 1197 1956 παρα
1221 1923 1266 1946 τοῦ
1292 1918 1386 1945 δούλου
1409 1918 1548 1955 δεχόμενος
1575 1919 1748 1950 όΛεσπὸτης·
1769 1916 1855 1944 οὐδενὶ
1870 1923 1921 1944 τῶν

1282 1875 1489 1910 ὑποτασσόμενος

1126 1964 1332 2000 ἐπανισταμένων
1357 1963 1553 2000 ἀνθιστάμενος,
1578 1961 1640 1990 οὐδὲ
1669 1965 1715 1992 τὴν
1733 1963 1829 1999 ἄφατον
1851 1961 1922 1993 ἐξου-

1127 2011 1198 2045 σίαν,
1223 2010 1253 2046 ᾖν
1279 2008 1360 2045 εἶχεν,
1375 2008 1607 2045 ἐπανατεινόμενος·
1634 2008 1688 2034 ἀλλ’
1715 2009 1750 2039 ὡς
1775 2005 1922 2034 δυνατωτέ-

1125 2065 1178 2092 ροις
1207 2055 1362 2092 ὑποχωρῶν,
1385 2057 1429 2080 καὶ
1443 2058 1474 2090 τῇ
1496 2055 1648 2092 προσκαίρῳ
1676 2052 1782 2089 ἐξουσία
1809 2053 1837 2078 τό
1864 2051 1923 2078 κατ’

1127 2100 1206 2129 αὐτὴν
1221 2100 1332 2137 ἰσχυρὸν
1355 2099 1507 2136 ἐπιτρέπων·
1536 2098 1578 2125 ἐπὶ
1602 2102 1652 2124 τῶν
1676 2097 1820 2134 ἀρχιερέων
1846 2096 1923 2123 ἱστά-

1126 2155 1200 2182 μενος
1220 2144 1243 2171 ἐν
1268 2147 1391 2180 σχήματι
1415 2143 1598 2180 δικαζομένου,
1628 2144 1737 2178 ἡγεμόνι
1762 2143 1923 2179 προσαγόμε-

245 2187 341 2221 bat,et
354 2194 424 2214 cum
438 2186 585 2222 potuisset
596 2186 829 2216 calumniatores
840 2187 1061 2223 redarguere,si

1127 2200 1169 2221 νος
1196 2191 1241 2215 καὶ
1266 2191 1354 2226 κρίσιν
1382 2189 1524 2226 ὑποφέρων,
1553 2189 1598 2214 καὶ
1623 2189 1705 2224 παρὸν
1734 2186 1849 2223 ἐλέγχειν
1864 2188 1924 2217 τοὺς

246 2231 338 2260 lentio
351 2231 464 2259 ferebat
477 2231 892 2268 calumnias.Conspuebatur
902 2241 920 2261 a
929 2233 1021 2261 servis
1032 2233 1074 2261 vi-

247 2275 430 2312 lissimisque
437 2276 701 2312 mancipiis,morti
709 2277 983 2314 tradebatur,eique
992 2278 1074 2314 apud

249 2321 387 2350 homines
402 2321 594 2357 turpissimae.
611 2321 658 2350 Sic
672 2321 777 2350 omnia
792 2321 831 2350 ab
846 2325 914 2350 ortu
927 2322 968 2351 ad
981 2322 1073 2352 ﬁdem

1130 2237 1362 2270 συκοφαντοῦντας,
1403 2237 1487 2269 σιωπῇ
1530 2234 1610 2269 φέρων
1651 2232 1699 2262 τὰς
1740 2240 1922 2267 συκοφαντιας·

1129 2278 1303 2316 ἐμπτυόμενος
1328 2279 1377 2305 ὑπὸ
1403 2275 1502 2303 δούλων
1525 2279 1570 2303 καὶ
1594 2273 1742 2313 παιδαρίων
1773 2274 1923 2301 εὐτελεστά-

1129 2334 1190 2359 των,
1219 2324 1320 2360 θανάτῳ
1343 2321 1565 2360 παραὸιὸὁμινος,
1597 2323 1642 2347 καὶ
1668 2320 1768 2357 θανάτῳ
1797 2323 1833 2356 τῷ
1852 2320 1924 2357 παρὰ

286 2426 310 2462 9³
330 2425 386 2454 Isa.
402 2433 480 2460 thv,
500 2427 527 2454 6.
556 2425 580 2444 ⁸⁸
600 2425 688 2455 Prov.
701 2433 743 2460 ιιι,
757 2426 882 2461 34ςςῐᾶο.
899 2433 940 2456 ιν.
956 2427 990 2462 6;
1005 2435 1013 2454 ι
1026 2428 1063 2455 Pe

1120 2435 1145 2461 ν,
1161 2429 1188 2456 5.
1220 2426 1245 2445 ⁸⁵
1265 2426 1335 2456 Luc.
1351 2433 1407 2461 xxv,
1420 2425 1463 2454 tt.
1496 2425 1520 2443 ⁸⁵
1541 2425 1598 2453 lsa.
1612 2431 1688 2458 LXVI,
1711 2423 1755 2451 18.
1789 2423 1814 2441 ⁶⁶
1830 2422 1854 2450 It
1867 2422 1924 2451 Pa-

249 2461 338 2498 ralip.
358 2469 416 2497 XIX,
439 2464 465 2490 3.

286 2551 342 2585 (72)
362 2551 443 2578 Unus
455 2549 538 2578 Colb.
556 2550 568 2576 6
585 2548 624 2585 δὲ,
641 2549 750 2578 vocula
763 2553 808 2577 καὶ
819 2550 944 2580 omissa.

286 2587 342 2621 (73)
364 2586 410 2614 Sic
425 2585 658 2623 rescribendum
678 2586 821 2623 duximus
837 2595 892 2623 pro
919 2586 999 2623 edito
1018 2587 1078 2613 θιω-

248 2624 345 2659 ρήσης,
361 2621 445 2659 quod
460 2621 499 2649 ad
510 2624 667 2659 poetarum
681 2621 845 2659 dialectuni
854 2622 990 2659 pertinet.
1001 2623 1078 2650 Emr.

286 2658 341 2691 (74)
363 2658 444 2684 linus
457 2659 527 2692 Reg.
543 2659 625 2694 μιαρὰ
640 2657 848 2694 ψηλαφιζόμενος

286 2694 342 2728 (75)
354 2694 472 2721 Veteres
484 2696 541 2721 tres
552 2693 621 2730 libri
631 2702 698 2722 cum
712 2693 837 2730 utraque
847 2693 978 2730 editione
989 2695 1075 2720 αἶσιον

249 2729 439 2766 ἐξογκούμενοι.
468 2730 507 2766 At
535 2729 618 2758 Colb.
648 2730 764 2766 primus
788 2729 876 2766 αἴσιον
903 2729 1072 2766 ἐξελκόμενοι.

249 2764 362 2794 Sensus
377 2764 508 2801 postulat
523 2767 556 2794 ut
574 2773 630 2802 pro
645 2764 824 2803 ἐξογκούμενοι
844 2764 1073 2802 Ιθεᾶωιιεαξογ-

1131 2553 1402 2588 χοὺμενονβυεςειιπι
1412 2550 1585 2588 Dominum.
1600 2550 1778 2588 Erratumne
1792 2547 1829 2576 sit
1840 2546 1926 2588 libra-

1132 2584 1263 2621 rio'rum,
1271 2595 1310 2615 an
1326 2587 1383 2615 hoc
1402 2586 1516 2614 dictum
1536 2585 1573 2613 sit
1588 2593 1641 2620 per
1652 2584 1872 2621 attractioaem,
1885 2584 1926 2621 vi.

1133 2618 1254 2651 debunt'
1262 2623 1321 2651 alii.
1338 2624 1447 2650 Vocem
1459 2624 1561 2649 autem
1581 2618 1667 2647 αἶσιον
1682 2620 1723 2648 ita
1738 2619 1839 2647 Latine
1861 2618 1926 2646 red-

1132 2659 1207 2686 didit
1223 2658 1434 2692 Combetisius,
1449 2658 1489 2686 ad
1513 2657 1653 2685 eximiam
1680 2663 1716 2692 ae
1738 2655 1924 2692 singularem

1131 2695 1337 2723 celsitudinem
1349 2689 1503 2729 provexit.
1520 2692 1576 2721 Sed
1586 2692 1610 2729 si
1621 2689 1924 2729 semelrecedendum

1132 2730 1170 2770 sit
1183 2729 1222 2758 ab
1233 2738 1269 2757 ea
1279 2725 1372 2770 quam
1384 2737 1440 2770 vox
1456 2730 1542 2770 αἴσιος
1553 2728 1662 2756 usitate
1672 2726 1763 2770 habet
1773 2725 1924 2770 signiﬁca-

1130 2766 1218 2801 tione,
1233 2761 1336 2794 malim
1350 2767 1474 2800 vertere,
1490 2764 1531 2793 ad
1545 2771 1691 2793 summam
1705 2761 1924 2792 celsitudinem.
