2049 3131
134 104 186 130 537

752 97 899 127 HOMILIA
918 98 966 126 DE
987 98 1208 127 HUMILITATE.

1768 101 1820 128 538

132 163 276 201 ἀνθρώποις
304 162 450 198 αἰσχίστω.
475 162 552 188 οὕτω
577 163 620 188 τὸν
646 162 780 199 ἄνθρωπον
813 159 933 192 διεξῆλθε

991 169 1088 196 usque
1103 163 1220 189 aetatem
1235 161 1367 189 hominis
1378 161 1579 198 absumpsere
1591 171 1598 190 τ
1609 161 1663 190 sed
1678 163 1747 198 post
1756 164 1820 190 tan-

131 210 217 235 πάντα
249 209 283 233 τὰ
311 206 361 233 ἀπὸ
387 209 445 242 (ῒϐ)
468 210 587 243 γενέσεως
617 207 649 237 εἰς
674 206 744 237 τέλος
760 216 766 223 ·
796 208 842 232 καὶ
869 207 934 242 μετά

130 254 260 281 τοσαύτην
282 253 518 289 ταπεινοφροσύνην
546 252 653 289 ὕστερον
681 253 728 280 τὴν
753 249 832 282 δόξαν
847 249 936 286 ἐκφαί-

129 307 176 330 νει,
201 295 370 328 συνδοξάζων
395 296 476 332 ἑαυτῷ
493 297 550 326 τοὺς
576 294 819 327 συναδοξήσοωτας.
836 295 884 321 Ὧν
911 295 935 320 οἰ

129 343 259 379 μακάριοι
287 342 415 378 μαθηταὶ,
440 345 549 378 πρῶτοι,
575 342 678 370 πένητες
704 343 748 366 καὶ
772 342 865 376 γυμνοὶ
887 342 934 368 τήν

129 387 284 423 οἰκουμένην
305 385 504 424 διαδραμόντες,
519 386 566 412 οὐκ
590 384 614 412 ἐν
635 387 714 422 σοφίᾳ
739 385 827 421 λόγου,
845 384 891 411 οὐκ
911 384 935 410 ἐν

130 431 278 458 ἀκολούθων
307 430 407 463 πλήθει,
436 432 520 467 μόνοι,
552 432 597 456 καὶ
626 429 730 462 ἀλῆται,
760 432 805 456 καὶ
831 431 933 466 ἔρημοι,

129 480 180 512 γῆν
211 485 238 502 τε
270 478 316 502 καὶ
350 475 476 501 θάλατταν
510 473 702 511 ἑξαμεὶϐοντες,
735 474 933 510 μαστιξόμενοι,

129 521 357 557 λιθοϐολούμενοι,
406 519 582 556 διωκόμενοι,
629 519 700 551 τέλος
743 519 933 557 ἀναιρούμενοι.

130 569 221 592 Ταῦτα
240 566 302 601 ἡμῖν
325 568 433 601 πατρῷα
459 567 504 590 καὶ
529 565 585 590 θεῖα
611 562 784 600 παιδεέματα.
802 565 870 600 Πρός
889 565 934 593 τὴν

406 518 560 556 διωκόμενοι
571 538 582 555 ,

133 612 232 637 τούτων
258 610 365 645 ἱλθωμεν
393 611 516 646 μίμησιν,
543 609 575 634 ἶν’
607 608 670 645 ἡμῖν
689 609 717 635 ὶκ
742 613 789 641 τῆς
813 610 936 635 ταπεινό-

133 664 214 686 τητος
236 653 352 690 ἀνατείλῃ
383 652 449 686 δόξα
471 654 580 688 αἰώνιος,
611 654 627 683 ἠ
656 653 740 681 τελεία
763 655 808 680 καὶ
835 653 936 685 ἀληθὴς

134 703 252 737 Χριστοῦ
270 697 365 737 δωρεά.

168 748 196 773 7.
212 749 267 775 Πῶς
281 743 325 771 οὖν
351 744 386 776 εἰς
405 746 450 774 τὴν
466 746 594 782 σωτήριον
620 745 857 781 ταπεινοφροσύνην
883 754 934 771 κα-

131 789 310 826 ταϐησόμεθα,
345 791 388 815 τὸν
426 789 539 827 ὀλέθριον
574 791 650 825 ὄγκον
679 793 726 820 τῆς
759 789 934 827 ὑπερηφανίας

990 207 1052 234 tam
1068 206 1278 240 humilitatem,
1295 205 1420 241 gloriam
1438 207 1559 235 tandem
1573 207 1714 240 ostendit,
1735 206 1820 242 igno-

990 250 1090 278 miniae
1106 251 1202 278 socios
1218 250 1248 279 in
1261 250 1434 279 societatem
1450 251 1551 286 glorias
1566 260 1629 279 suae
1645 251 1817 280 admittens.

991 297 1124 328 Quorum
1134 295 1223 331 primi
1237 297 1306 323 sunt
1317 295 1395 323 beati
1407 295 1554 332 discipuli,
1562 296 1614 332 qui
1627 304 1777 333 pauperes
1791 297 1820 324 et

989 339 1063 368 nudi
1079 339 1183 368 orbem
1194 342 1341 367 terrarum
1352 343 1574 375 percurrerunt,
1584 348 1646 368 non
1657 341 1687 368 in
1700 340 1819 376 sapien-

990 384 1031 412 tia
1047 384 1271 418 sermonis,non
1282 392 1351 412 cum
1363 386 1547 412 sectatorum
1558 385 1736 421 frequentia,
1749 385 1817 420 soli,

989 428 1059 464 vagi
1074 437 1110 456 ac
1124 428 1258 463 desolati,
1277 431 1386 457 terram
1402 437 1437 456 ac
1448 437 1530 456 mare
1545 432 1750 465 peragrantes,
1764 429 1816 458 ﬂa-

990 473 1051 508 gris
1062 473 1142 508 cassi,
1157 473 1310 509 lapidibus
1321 473 1413 508 petiti,
1425 473 1666 505 divexati,occisi
1675 474 1818 510 denique.

990 519 1057 547 Huic
1067 518 1156 547 nobis
1171 520 1241 546 sunt
1251 520 1378 555 paterna
1392 519 1576 547 documenta
1589 521 1618 547 et
1631 519 1742 547 divina.
1752 521 1818 548 Hiec

989 563 1191 596 imitemur,ut
1202 563 1291 591 nobis
1306 571 1359 599 per
1373 563 1574 591 humilitatem
1589 563 1714 591 accedat
1722 563 1817 598 gloria

990 611 1111 642 interna,
1127 607 1293 644 perfectum
1308 607 1381 636 illud
1397 616 1432 636 ac
1448 616 1552 637 verum
1568 608 1675 638 Christi
1689 607 1816 637 donum.

1025 746 1053 771 7.
1070 741 1226 775 Quomodo
1239 749 1311 776 ergo
1321 741 1361 770 ad
1372 741 1536 770 salutarem
1549 741 1749 770 humilitatem
1764 741 1820 770 de-

990 788 1157 821 veniamus,
1178 787 1304 815 exitioso
1315 786 1465 823 superbiae
1476 788 1593 814 tumore
1606 786 1746 815 derelicto
1756 787 1769 814 ?
1790 787 1819 815 Si

130 834 334 867 καταλιπόντες;
350 834 409 861 Ἐὰν
439 832 486 860 διὰ
508 835 610 860 πάντων
631 833 751 870 ἀσκῶμεν
769 836 799 861 τό
820 838 934 873 τοιοῦτο,

991 832 1064 869 quid
1073 831 1222 868 ejusmodi
1233 831 1456 859 exercuerimus
1466 831 1496 859 in
1512 830 1723 865 omnibus,nec
1732 831 1819 867 quid-

129 882 175 906 καὶ
201 877 285 915 μηδὲν
308 883 460 915 παρορῶμεν
489 880 521 910 ὡς
547 879 576 905 οὖ
601 880 673 915 παρὰ
696 882 773 905 τοῦτο
801 878 935 915 βλαϐησό-

131 933 214 961 μενοι.
233 927 295 954 Τοῖς
312 924 362 960 γὰρ
389 922 596 960 ἐπιτηδεύμασιν
620 924 756 960 ὁμοιοῦται
778 923 868 960 ψυχὴ,
889 926 933 951 καὶ

131 970 198 1005 πρὸς
212 968 229 994 ἆ
243 968 360 1005 πράττει,
376 971 514 1002 τυποῦται,
541 970 586 995 καὶ
609 969 673 1006 πρὸς
687 972 771 995 ταῦτα
795 971 934 1005 σχηματί-

131 1013 215 1044 ζεται.
232 1012 318 1040 Ἐστω
344 1022 386 1039 σοι
404 1015 448 1039 καὶ
473 1017 579 1049 σχῆμα,
603 1014 649 1039 καὶ
673 1013 784 1049 ἱμάτιον,
809 1015 854 1039 καὶ
881 1012 935 1049 βοί-

131 1055 228 1094 δισμα,
258 1059 303 1083 καὶ
332 1055 460 1094 καθέδρα,
489 1059 534 1083 καὶ
562 1062 660 1094 τροφῆς
687 1058 860 1091 κατάστασις,
889 1060 935 1084 καὶ

133 1106 271 1139 στρωμνῆς
297 1104 464 1138 παρασκευὴ,
495 1103 540 1128 καὶ
573 1100 650 1135 οἶκος,
681 1103 724 1128 καὶ
752 1103 785 1128 τὰ
817 1101 842 1128 iu
872 1102 935 1129 οἰκω

132 1148 214 1176 σκεύη
243 1147 329 1173 πάντα
347 1147 414 1183 πρὸς
439 1146 565 1173 εὐτέλειαν
592 1147 729 1183 ἠσκημένα
744 1156 751 1164 ·
779 1148 824 1172 καὶ
847 1147 934 1183 λόγος,

130 1193 176 1218 καὶ
191 1189 259 1227 ᾠδὴ,
274 1193 320 1218 καὶ
339 1192 354 1220 ἡ
378 1194 424 1217 τοῦ
439 1191 551 1220 πλησίον
571 1191 689 1225 ἔντευξις,
710 1193 755 1218 καὶ
773 1194 856 1218 ταῦτα
870 1193 934 1228 πρὸς

129 1238 290 1273 μετριότητα
319 1235 414 1272 μᾶλλον
447 1236 462 1265 ἣ
489 1237 556 1274 πρὸς
584 1238 661 1272 ὄγκον
694 1237 789 1274 ὁράτω.
822 1238 865 1266 Μὴ
891 1246 936 1273 μοι

130 1283 249 1317 κόμπους
271 1280 296 1307 ἰν
318 1280 388 1317 λόγῳ
408 1282 586 1317 σοφιστικοὺς,
613 1279 683 1317 μηδὶ
709 1280 734 1308 ἐν
757 1279 840 1312 ὠδαῖς
863 1279 934 1310 ἠδυ-

132 1328 229 1362 φωνίας
257 1324 482 1363 ὑπερϐαγλούσας,
507 1323 577 1362 μηδι
604 1324 732 1358 διαλέξεις
755 1327 935 1363 ὑπερηφάνους

132 1372 177 1396 καὶ
192 1369 322 1407 βαρείας·
351 1369 403 1396 ἀλλ’
417 1369 442 1396 ἰν
468 1370 567 1397 ἅπασιν
596 1370 700 1408 ὑφαίρει
723 1375 769 1398 τοῦ
787 1372 933 1407 μεγέθους·

131 1416 254 1451 χρηστὸς
281 1416 344 1451 πρὸς
371 1414 416 1441 τόν
445 1414 527 1450 φίλον,
553 1417 630 1447 ἤπιος
657 1416 721 1452 πρὸς
746 1416 790 1442 τὸν
821 1415 932 1450 οἰκέτην,

132 1459 283 1491 ἀνεξίκακος
314 1460 379 1496 πρὸς
410 1461 471 1490 τοὺς
503 1460 622 1496 θρασεῖς,
655 1459 833 1497 φιλάνθρωπος
870 1462 936 1497 πρὸς

131 1506 192 1536 τοὺς
217 1505 364 1537 ταπεινοὺς,
386 1508 542 1541 παρηγορῶν
571 1506 756 1541 κακουμένους,
777 1504 935 1532 ἂπισκεπτό-

131 1559 206 1587 μενος
236 1551 294 1580 τοὺς
323 1549 348 1575 ἔν
374 1547 488 1583 ὀδύναις,
515 1547 617 1585 μηδένα
641 1550 764 1581 καθάπαξ
792 1551 923 1588 ὑπερορῶν
929 1576 936 1590 ,

131 1594 229 1631 γλυκὺς
247 1594 271 1621 ἔν
285 1596 464 1633 προσηγορόᾳ,
482 1592 593 1631 φαιδρός
616 1594 642 1621 ἄν
668 1593 820 1632 ἀποκρίσει,
836 1593 936 1630 δεξιὸς,

132 1639 285 1676 εὐπρόσιτος
313 1638 408 1672 ἅπασι,
442 1641 507 1675 μήτε
537 1642 647 1666 σεαυτοῦ
675 1637 776 1671 διεξιὼν
807 1639 936 1677 ὶγκώμια,

132 1682 202 1721 μηδὲ
234 1683 334 1720 ἑτέρους
371 1683 453 1719 λέγειν
489 1683 717 1721 παρασκευάζων,
753 1683 823 1721 μηδὶ
861 1685 936 1721 λόγον

133 1728 244 1764 ἄσεμνον
280 1726 492 1764 ἀποδεχόμενος,
531 1728 710 1755 ἐπίκαλύπτων
742 1729 793 1756 ὃσα
824 1727 936 1756 δυνατὸν

134 1775 185 1798 τῶν
213 1776 321 1798 σεαυτοῦ
344 1773 571 1809 πλεονεκτημάτων
588 1783 595 1790 ι
620 1772 662 1800 in).
688 1772 717 1800 δί
741 1777 796 1805 τοῖς
820 1774 936 1811 ἁμαρτή-

134 1826 202 1853 μασι
241 1821 391 1855 κατηγορῶν
429 1821 550 1850 σεαυτοῦ,
589 1819 634 1844 καί
671 1820 707 1854 μὴ
746 1820 808 1849 τοὺς
845 1819 934 1856 ἐτέρων

133 1860 255 1897 ἐλέγχους
279 1860 417 1898 ἀναμένων,
440 1862 482 1888 ἶνα
506 1863 567 1898 γένη
597 1863 665 1889 κατὰ
690 1864 734 1889 τὸν
762 1861 865 1890 δίκαιον
891 1866 934 1890 τόν

134 1905 225 1933 ἑαυτοῦ
248 1908 394 1943 κατήγορον
422 1906 447 1932 ἓν
471 1906 644 1944 πρωτολογίᾳ,
671 1908 712 1934 ἵνα
738 1906 770 1944 ᾖς
795 1909 862 1934 κατὰ
890 1909 934 1935 τὸν

134 1950 202 1984 Ἰὼϐ,
223 1950 249 1982 ὃς
271 1951 302 1977 οὐ
331 1949 459 1988 διετράπη
484 1951 644 1988 πολυοχλίαν
663 1952 770 1986 πόλεως,
791 1952 831 1979 ἔπ’
850 1952 934 1979 αὐτῶν

135 1994 304 2033 ἆξαγορεῦσαι
318 1997 348 2022 τὸ
373 1994 440 2022 ἴδιον
459 2000 589 2032 πταῖσμα.
607 1999 649 2026 Μὴ
667 1995 752 2033 βαρὺς
770 1996 794 2023 ἓν
810 1996 934 2034 ὶπιτιμή-

134 2050 193 2067 σεσι
215 2042 301 2076 γίνου,
326 2038 396 2077 μηδὲ
419 2042 530 2076 ταχέως,
554 2039 623 2077 μηδὶ
645 2040 764 2078 ἐμπαθῶς
792 2041 934 2078 ἓξελέγχων

133 2083 256 2120 (αὔθαδες
280 2085 330 2122 γὰρ
355 2086 384 2112 τὸ
408 2086 547 2121 τοιοῦτον),
563 2084 633 2122 μηδὲ
657 2085 698 2112 ἐπὶ
722 2090 827 2123 μικροῖς
850 2096 933 2113 κατα-

135 2127 261 2164 δικάζων,
291 2131 326 2161 ὡς
353 2128 551 2168 ἁκριϐοδίκαιος
579 2131 637 2166 (77)
670 2131 750 2162 αὐτὸς
782 2132 931 2168 ὑπάρχων·

990 885 1084 914 quani
1091 876 1311 912 neglexerimus
1319 875 1586 912 tanquamnullum
1593 876 1662 904 inde
1670 876 1763 904 damn
1769 883 1819 904 um

989 921 1172 958 perpessuri.
1193 921 1298 949 Anima
1315 921 1394 949 enim
1410 920 1517 948 studiis
1541 920 1648 949 similis
1670 920 1704 949 ﬁt
1726 923 1817 956 atque

989 965 1262 1000 exercitationibus,
1271 968 1300 994 et
1310 965 1348 994 ad
1364 973 1400 994 ea
1414 973 1482 1002 quas
1494 964 1592 998 efﬁcit,
1602 965 1750 993 formatur
1761 965 1816 993 ﬁn-

989 1011 1138 1048 giturque.
1162 1011 1224 1039 Tibi
1239 1013 1267 1039 et
1281 1011 1414 1044 habitus,
1430 1013 1459 1038 ct
1472 1010 1610 1044 vestitus,
1625 1013 1654 1038 et
1669 1010 1817 1050 incessus,

989 1059 1018 1085 et
1032 1056 1139 1091 sessio,
1154 1058 1182 1084 et
1197 1056 1291 1084 victus
1305 1056 1381 1084 ratio
1396 1057 1425 1083 et
1438 1055 1506 1084 lecti
1521 1057 1696 1092 apparatus,
1713 1057 1742 1083 et
1760 1055 1818 1084 do-

990 1109 1067 1137 mus,
1082 1103 1111 1129 et
1123 1100 1224 1130 omnis
1240 1101 1325 1136 162
1342 1100 1454 1128 aedium
1469 1100 1603 1136 supellex
1622 1099 1769 1128 instructa
1781 1103 1818 1128 sit

990 1145 1028 1175 ad
1040 1145 1304 1178 tenuitatem.Quin
1314 1148 1342 1173 et
1352 1147 1494 1176 sermo,et
1506 1146 1623 1179 cantus,
1637 1146 1666 1172 et
1677 1152 1818 1179 congres-

990 1199 1041 1218 sus
1054 1198 1124 1218 cum
1139 1190 1288 1226 proximo,
1304 1191 1332 1218 et
1349 1189 1415 1217 haec
1424 1197 1547 1226 quoque
1571 1189 1611 1217 ad
1635 1188 1817 1218 modestiam

990 1235 1087 1270 magis
1100 1243 1194 1271 quam
1210 1234 1250 1262 ad
1264 1234 1375 1262 fastum
1389 1233 1557 1269 composita
1567 1241 1634 1261 esse
1648 1233 1817 1263 videantur.

990 1281 1031 1308 Ne
1045 1279 1120 1308 mihi
1133 1279 1163 1307 in
1179 1287 1317 1307 sermone
1342 1278 1536 1315 sophisticam
1558 1278 1746 1313 jactantiam,
1766 1280 1818 1306 aut

989 1324 1021 1353 in
1034 1323 1191 1352 cantilenis
1204 1323 1331 1351 nimiam
1343 1323 1424 1351 vocis
1440 1322 1628 1354 suavitatem,
1640 1325 1691 1350 aut
1712 1330 1818 1359 super-

989 1369 1062 1398 bam
1070 1377 1105 1398 ac
1116 1376 1240 1405 gravem
1249 1368 1435 1404 disceptandi
1445 1368 1592 1396 rationem
1601 1367 1754 1396 ostendas:
1765 1367 1818 1395 sed

989 1414 1037 1442 fac
1046 1422 1163 1442 reseces
1172 1413 1203 1441 in
1214 1413 1356 1441 omnibus
1363 1412 1592 1448 amplitudinem
1602 1414 1692 1448 atque
1702 1411 1818 1447 magni-

990 1459 1152 1490 ﬁcentiam,
1168 1458 1323 1486 ofﬁciosus
1338 1457 1368 1485 in
1380 1450 1524 1492 amicum,
1537 1456 1618 1484 mitis
1640 1464 1712 1491 erga
1722 1456 1818 1484 {amu-

952 1509 972 1536 c
991 1503 1063 1540 lum,
1076 1503 1193 1539 patiens
1207 1510 1279 1537 erga
1291 1501 1626 1539 petulantes,humanus
1640 1509 1712 1536 erga
1721 1501 1818 1529 humi-

991 1548 1045 1582 les,
1059 1548 1221 1577 consolans
1248 1547 1384 1579 aﬂlictos.
1399 1547 1532 1575 invisens
1556 1546 1659 1574 dolore
1684 1546 1817 1580 affectos,

992 1593 1144 1621 neminem
1156 1592 1281 1621 omnino
1297 1593 1506 1625 contemnens,
1520 1591 1621 1619 suavis
1634 1591 1666 1619 in
1687 1589 1818 1626 compel-

990 1637 1094 1672 lando,
1118 1637 1221 1666 hilaris
1239 1637 1270 1665 in
1298 1636 1523 1673 respondendo,
1552 1635 1658 1669 comis,
1678 1635 1817 1672 praebens

991 1683 1134 1712 omnibus
1143 1683 1261 1711 facilem
1277 1690 1443 1716 accessum,
1457 1689 1555 1718 neque
1567 1688 1698 1709 narrans
1712 1680 1818 1709 laudes

990 1730 1175 1764 tuas,neque
1185 1727 1258 1755 alios
1272 1727 1311 1754 ad
1322 1726 1509 1754 narrandum
1520 1725 1704 1761 subornans,
1719 1733 1818 1761 neque

990 1772 1151 1802 admittens
1160 1771 1355 1800 inhonestum
1368 1771 1681 1801 sermonem,eximias
1689 1773 1756 1798 tuas
1766 1770 1818 1798 do-

989 1819 1045 1851 tes,
1059 1817 1163 1853 quoad
1187 1816 1251 1852 ejus
1264 1815 1327 1844 ﬁeri
1342 1816 1459 1852 poterit,
1476 1815 1632 1850 obtegens.
1649 1816 1758 1843 Contra
1777 1814 1817 1842 ob

988 1865 1115 1899 peccata
1131 1864 1157 1890 te
1170 1861 1233 1898 ipse
1248 1869 1359 1890 accusa
1369 1861 1391 1878 ⁵⁷
1402 1870 1409 1895 ;
1421 1863 1450 1889 et
1464 1868 1501 1888 ne
1516 1862 1672 1897 exspectes
1689 1859 1817 1887 aliorum

987 1907 1299 1944 reprehensionem,ut
1305 1907 1420 1942 justum
1430 1906 1514 1934 initio
1525 1905 1672 1933 sermonis
1683 1905 1816 1940 seipsum

988 1954 1183 1982 accusantem
1199 1951 1324 1986 imitere,
1338 1953 1370 1980 ut
1392 1951 1468 1979 Jobo
1491 1950 1595 1978 similis
1620 1950 1704 1984 sis",
1724 1957 1816 1986 quem

987 2005 1050 2025 non
1061 1996 1169 2033 puduit
1183 1996 1248 2032 ejus
1260 2004 1327 2032 qua:
1343 1995 1373 2023 in
1383 1995 1501 2023 civitate
1516 1996 1580 2023 erat
1596 1994 1814 2022 multitudinis:

989 2042 1043 2070 sed
1059 2044 1189 2070 erratum
1206 2049 1295 2069 suum
1304 2048 1406 2068 coram
1417 2040 1492 2076 ipsis
1502 2039 1663 2075 evulgavit.
1680 2041 1721 2067 Ne
1732 2039 1772 2066 sis
1785 2038 1815 2066 in

988 2086 1181 2122 objurgando
1192 2085 1303 2121 gravis,
1314 2092 1413 2121 neque
1428 2084 1496 2119 cito,
1508 2092 1605 2120 neque
1616 2084 1718 2112 animo
1734 2091 1815 2112 com-

989 2132 1071 2159 moto
1094 2130 1261 2165 redarguas
1284 2129 1353 2165 (hoc
1381 2129 1461 2156 enim
1486 2128 1588 2164 resipit
1610 2128 1816 2163 arrogantiam

136 2177 194 2204 τοῦς
221 2173 246 2200 ἒν
273 2175 467 2212 παραπτώματι
494 2174 766 2212 προσλαμϐανόμενος,
787 2177 830 2202 καὶ
859 2186 934 2202 πνευι

991 2174 1179 2212 quamdam),
1194 2181 1292 2210 neque
1307 2173 1347 2201 ob
1360 2181 1406 2201 res
1422 2173 1505 2209 parvi
1532 2172 1677 2200 momenti
1702 2172 1815 2200 conde-

136 2222 254 2254 ματικῶς
280 2219 442 2256 καταρτίξων
471 2219 574 2253 αὐτοὺς,
602 2221 637 2251 ὡς
666 2220 678 2246 ὁ
702 2220 859 2252 ’Λπόστολος
887 2231 935 2248 πα-

135 2266 242 2299 ραινεῖ·
274 2267 375 2290 Σκοπῶν
404 2265 522 2297 σεαυτὸν,
555 2266 592 2300 μὴ
627 2266 673 2291 καὶ
704 2266 737 2292 σὺ
766 2266 933 2303 πειρασθῇς·

135 2308 267 2337 τοσαύτην
285 2309 437 2345 ποιούμενος
466 2307 586 2338 σπουδὴν
611 2311 647 2345 μὴ
678 2307 838 2341 δοξάζεσθαι
865 2311 936 2347 παρὰ

136 2351 290 2390 ἀνθρώποις,
316 2353 382 2383 ὂσην
405 2354 485 2390 ἕτεροι
508 2355 567 2390 περὶ
590 2357 635 2380 τοῦ
664 2352 836 2390 δοξάζεσθαι,
859 2356 881 2381 εἴ
906 2365 936 2392 γε

172 2429 195 2447 ⁸⁷
211 2430 300 2457 Prov.
316 2437 397 2464 xvui,
410 2431 454 2459 Π.
491 2430 516 2448 ⁸³
531 2429 586 2458 Job
601 2437 679 2464 xxxx,
694 2431 742 2459 34.

171 2504 226 2541 (⁸16)
241 2505 370 2541 Utraque
389 2505 479 2533 editio
493 2505 580 2541 πᾷντα
592 2509 642 2532 τῶν
660 2505 722 2533 ἀπό.
739 2507 775 2534 At
790 2505 938 2534 Combeﬁ-

135 2540 345 2578 sianipcodicegs
359 2541 444 2578 πάντα
457 2542 500 2578 ῖόν
515 2540 588 2578 διττὸς
605 2541 687 2578 quod
704 2541 746 2570 ita
760 2541 935 2578 interpreta-

135 2579 183 2604 tur
192 2576 242 2604 via
249 2575 440 2603 doctissimus
452 2575 797 2612 Combeﬁsius,Sic,quae
806 2575 875 2605 su‘nt
887 2577 936 2605 ho-

135 2612 225 2639 minis
240 2612 386 2645 transegit
397 2613 497 2640 omnia
508 2613 545 2640 ab
556 2616 625 2640 ortu
635 2613 779 2641 natiuatis
794 2614 825 2641 in
835 2613 934 2646 ﬁnem.

136 2649 172 2675 At
186 2647 270 2675 Colb.
280 2647 396 2683 primus
406 2649 491 2673 πάντα
505 2649 537 2674 τὰ
552 2647 613 2676 ἀπό.
627 2648 673 2676 Ad
683 2648 937 2683 verbum,0mnia

136 2691 202 2718 quae
214 2686 377 2711 evenerunt
389 2683 427 2711 ab
442 2686 511 2720 ortu
525 2683 566 2711 ad
573 2685 662 2718 ﬁnem
674 2692 776 2720 usque,
788 2683 936 2712 hominem

136 2720 180 2754 sic
197 2719 450 2754 pertransierunt,
466 2718 528 2746 Hoc
548 2721 603 2753 est,
629 2718 763 2748 Christus
785 2719 878 2748 homo
894 2719 936 2748 sic

136 2753 168 2782 in
183 2754 326 2791 operibus
334 2753 501 2783 humilibus
515 2756 610 2784 totam
624 2755 718 2784 vitam
728 2755 882 2791 transegit.

990 2222 1237 2255 mnes,tanquam
1244 2219 1267 2246 si
1274 2218 1337 2254 ipse
1345 2218 1472 2254 perfecte
1481 2218 1580 2253 justus
1592 2217 1817 2246 exsistas.Com-

990 2265 1118 2301 plectere
1145 2263 1365 2300 delinquentes,
1392 2271 1428 2290 ac
1455 2261 1646 2299 spiritualiter
1665 2262 1746 2298 ipsos
1771 2262 1816 2290 in-

991 2311 1104 2344 staura,
1114 2308 1157 2336 uti
1168 2309 1269 2336 monet
1278 2306 1451 2343 Apostolus:
1465 2307 1666 2336 Cansiderans
1677 2307 1814 2342 teipsum,

990 2362 1027 2383 ne
1040 2356 1067 2383 et
1088 2357 1122 2382 tu
1141 2353 1262 2382 tenteri‘s
1275 2353 1311 2380 ⁸³.
1324 2353 1452 2381 Tantum
1466 2351 1556 2380 studii
1571 2351 1601 2380 in
1612 2359 1648 2379 eo
1659 2351 1764 2389 ponito
1784 2353 1817 2380 ut

784 2430 807 2449 ⁶⁹
825 2430 918 2460 Galat.
932 2438 973 2466 v1,
986 2433 1011 2459 t.

1025 2506 1082 2542 (77)
1096 2504 1232 2542 ΙΙΙιιᾶηῴς
1256 2502 1461 2542 ἁκριϐοδίκαιος,
1486 2503 1512 2532 si
1529 2503 1638 2538 mavis,
1660 2503 1701 2542 ita
1715 2504 1816 2542 inter-

990 2540 1157 2577 pretabere,
1167 2540 1448 2577 Velutszimmojurje
1456 2547 1548 2577 agens
1560 2543 1650 2577 atque
1659 2540 1818 2577 inclemen-

991 2575 1064 2605 tius.
1081 2578 1141 2604 Vox
1155 2576 1233 2606 αὐτὸς
1248 2575 1278 2603 in
1301 2583 1396 2604 causa
1421 2575 1484 2607 fuit,
1501 2583 1554 2603 cur
1576 2575 1617 2602 ita
1631 2575 1817 2610 interpretati

992 2613 1099 2645 simus,
1116 2613 1270 2646 Tanquam
1290 2613 1316 2638 si
1330 2612 1392 2645 ipse
1405 2612 1537 2646 perfecte
1554 2612 1658 2645 justus
1678 2611 1814 2638 exsistas.

991 2650 1066 2676 Nam
1081 2656 1139 2675 vox
1160 2648 1236 2678 αὑτός
1262 2647 1311 2674 vix
1334 2646 1413 2681 sinit,
1438 2646 1528 2673 utliic
1543 2646 1626 2674 locus
1646 2646 1730 2674 aliter
1744 2646 1818 2674 verti

1013 2685 1094 2711 ossit.
1112 2683 1199 2716 Quod
1214 2691 1285 2710 mox
1308 2682 1452 2718 sequitur,
1473 2681 1636 2717 καταρτίζων
1657 2682 1760 2712 αὐτούς,
1775 2681 1816 2710 ita

1012 2719 1092 2748 atine
1102 2718 1188 2747 reddi
1202 2720 1299 2755 potest
1313 2717 1496 2752 ex'Vulgata,
1513 2718 1666 2746 instruens
1680 2718 1768 2752 ipsos.
