2049 3131
247 100 298 127 639

920 100 949 128 S.
974 99 1098 128 BASlLll
1121 99 1240 128 MAGNI.

1866 103 1922 132 540

246 169 284 189 ne
295 161 374 197 apud
387 161 523 189 homines
531 160 627 195 gloria
635 160 929 197 atﬁoiare,quantum
938 161 1066 189 ceteriu‘

1128 163 1260 197 μέμνησαι
1283 167 1329 190 τοῦ
1357 166 1485 201 Χριστοῦ,
1517 163 1614 200 ζημίαν
1638 162 1756 198 λὲγοντος
1789 163 1854 190 εἶναι
1882 168 1930 191 τοῦ

247 206 374 241 gloriam
383 205 630 242 adipiscantur,si
639 206 764 242 quidem
774 207 946 235 memineris
956 205 1072 239 Christi,

247 251 300 288 qui
313 250 384 279 dicit
404 250 576 278 mercedem
589 250 671 286 apud
689 252 783 279 Deum
800 251 905 284 amitti,
923 258 992 279 cum
1005 250 1073 286 quis

247 297 354 331 sponte
365 294 530 323 claritatem
539 295 622 331 apud
631 295 769 323 homines
780 298 869 332 atque
880 295 1073 332 splendorem

248 339 304 368 sibi
319 342 486 375 comparat,
502 339 678 376 bonumque
693 340 804 369 idcirco
819 340 890 369 facit
906 343 938 368 ut
953 340 1073 376 conspi-

247 384 340 413 ciatur
353 384 392 413 ab
405 384 590 413 hominibus.
605 385 763 420 Recipiunt
774 386 864 419 enim,
876 385 984 422 inquit,
998 393 1073 414 mer-

247 433 346 461 cedem
358 434 484 461 suam”.
493 434 596 469 Itaque
607 441 644 461 ne
655 433 706 462 tibi
717 434 781 470 ipse
790 435 939 462 damnum
952 434 1072 468 afferas,

246 477 410 506 claritatem
425 477 529 505 volens
540 478 621 514 apud
633 478 770 507 homines
781 478 925 508 obtinere.
934 478 1073 511 Quando-

246 522 371 559 quidem
380 524 458 551 Deus
466 525 664 558 estspeetator
672 524 934 558 magnus,ambias
946 523 1071 558 gloriam

246 567 390 604 consequi
402 567 483 604 apud
495 569 588 596 Deum
606 575 612 595 :
632 567 825 604 splendidam
835 568 949 604 quippe
962 575 1060 596 merce

245 612 314 640 dem
326 612 506 640 retribuit.At
517 612 644 648 adeptus
655 620 687 640 es
697 613 871 649 praeclaram
883 613 1072 647 dignitatem,

245 657 444 693 hominesque
460 657 560 685 colunt
575 659 602 684 te
613 659 702 693 atque
715 657 887 690 observant,
904 659 932 685 et
946 657 1072 692 gloriam

246 700 340 729 dant?
358 702 424 729 Esto
440 701 567 729 subditis
584 701 700 735 similis,
717 702 783 729 Non
799 702 880 730 velut
895 702 1072 737 dominium,

245 745 352 782 inquit,
367 747 399 774 in
414 747 502 775 cleris
517 754 652 775 exercens
663 748 698 775 τι.
719 754 817 783 neque
839 749 866 775 te
881 754 967 782 geras
988 755 1072 775 more

245 791 470 820 mundanorum
477 791 736 828 principum.Nam
743 791 863 827 quivult
871 792 985 827 primus
994 799 1070 824 esse,

1127 208 1198 243 παρὰ
1232 211 1289 243 Θεῷ
1321 209 1429 244 μισθοῦ,
1454 210 1502 237 τὴν
1532 208 1655 234 ἑκούσιον
1680 209 1751 244 παρὰ
1783 207 1932 245 ἀνθρώποις

1127 249 1283 288 imprium-1,
1313 255 1358 281 καὶ
1386 255 1414 279 τό
1440 256 1522 280 ποιιῖν
1547 252 1645 288 ἀγαθὸν
1664 255 1730 290 πρὸς
1747 254 1778 280 τὸ
1806 254 1931 283 θεαθῆναι

1127 300 1181 328 τοῖς
1206 295 1350 333 ἀνθρώποις
1366 308 1372 314 ·
1390 297 1537 333 Ἀπέχουσι
1561 298 1623 334 γὰρ,
1651 300 1740 333 φησὶν,
1763 299 1806 325 τὸν
1832 299 1930 334 μισθόν

1126 342 1221 369 αὐτῶν.
1248 344 1290 372 Μὴ
1323 345 1408 369 τοίνυν
1438 342 1534 378 ἐζημίου
1565 344 1683 375 σεαυτὸν,
1717 341 1758 369 ἐπὶ
1787 342 1929 379 ἀνθρώπων

1127 387 1263 422 φαίνισθαι
1292 386 1458 424 βουλόμενος.
1481 385 1585 416 Ἐπειδὴ
1619 389 1684 418 Θεὸς
1712 389 1793 423 μέγας
1822 388 1927 418 θεατὴς,

1127 429 1300 466 φιλοδόξησον
1327 431 1370 458 ἐπὶ
1395 435 1480 458 Θεοῦ·
1501 431 1618 468 λαμπρὸν
1641 433 1691 468 γὰρ
1716 430 1869 459 ἀποδίδωσι
1883 434 1928 459 τὸν

1127 476 1231 511 μισθόν.
1249 475 1325 502 Ἀλλά
1340 475 1481 514 προεδρίας
1508 476 1631 509 eaeam,
1656 477 1701 502 καὶ
1725 477 1879 514 περιέπουσί
1899 487 1928 504 σι

1127 521 1257 558 ἄνθρωποι
1272 523 1316 547 καὶ
1330 519 1474 553 δοξάζουσι
1486 529 1492 554 ;
1510 523 1585 548 Γίνου
1599 524 1654 552 τοῖς
1669 522 1794 552 ὑπηκόοις
1804 523 1871 556 ἴσος,
1882 524 1925 552 Μὴ

1126 566 1161 596 ὡς
1188 566 1396 596 κατεξουσιάζων
1424 570 1473 592 τῶν
1502 565 1612 602 κλήρων,
1645 567 1720 602 φησὶ,
1759 565 1828 602 μηδε
1859 567 1928 595 κατὰ

1126 611 1187 640 τοὺς
1204 612 1345 646 κου-μικοὺς
1358 611 1500 646 ἄρχοντας.
1513 612 1562 637 Τὸν
1581 611 1632 648 γὰρ
1657 610 1762 637 θέλοντα
1775 615 1877 648 πρῶτον
1893 610 1928 638 εῖ-

1125 665 1177 688 ναι,
1196 653 1287 682 δούλου
1301 654 1365 682 εἶναι
1379 657 1480 682 πάντων
1495 655 1550 691 (78)
1571 656 1584 682 ὁ
1601 657 1694 693 Κύριος
1709 655 1832 683 ἐκέλευσα.
1855 657 1928 684 Καθ-

1126 700 1184 727 όλου
1211 699 1240 726 δὲ
1265 700 1351 734 εἰπεῖν,
1376 701 1442 726 οὕτω
1458 699 1551 731 δίωξον
1566 702 1613 729 τὴν
1632 701 1878 738 ταπεινοφροσύνην,
1893 703 1929 733 ὡς

1125 745 1237 782 ἔροιο-τὴς
1252 745 1343 775 αὐτῆς.
1360 745 1501 781 Ἐράσθητι
1514 744 1605 778 αὐτῆς,
1620 747 1665 771 καὶ
1677 743 1786 776 δοξάσει
1800 754 1838 774 σε.
1851 746 1928 772 Οὕτω

1125 790 1210 821 καλῶς
1235 789 1277 817 ἐπὶ
1293 788 1372 821 δόξαν
1395 787 1513 820 ὁὸεύσεις
1539 791 1585 819 τὴν
1606 789 1701 823 ἀληθῆ,
1728 792 1774 820 τὴν
1799 790 1822 816 ἐν
1850 789 1928 826 ἀγνί-

246 843 315 864 eum
326 836 462 864 omnium
475 844 595 864 servum
606 844 673 864 esse
685 836 830 864 Dominus
846 837 934 872 jussit
944 837 981 864 τ’.
1002 835 1066 869 Sed,

1125 834 1189 869 λοις⁷
1209 837 1256 864 τὴν
1279 835 1351 869 παρὰ
1367 838 1433 870 Θεῷ.
1449 834 1621 870 Ὀμολογήσει
1645 832 1675 861 δέ
1700 844 1728 861 σε
1752 837 1866 871 Χριστὸς
1889 836 1926 867 ὡς

246 882 281 909 ut
307 880 397 908 verbo
421 881 532 914 dicam,
554 889 734 918 persequere
754 881 954 909 humilitatem
973 881 1023 915 ita,
1040 883 1072 909 ut

245 925 311 960 ejus
327 928 492 954 amatorem
505 925 602 954 decet.
617 929 692 954 Ama
706 926 799 959 illam,
821 928 850 954 et
864 925 958 961 gloria
977 928 1005 954 te
1024 925 1070 954 af-

245 969 333 998 ﬁciet.
350 969 397 998 Sic
413 970 468 998 iter
486 978 519 998 es
534 970 587 998 rite
602 970 736 999 facturus
749 971 788 999 ad
809 978 912 999 veram
933 970 1069 1006 gloriam,

244 1022 314 1050 quae
329 1014 413 1043 estin
427 1015 554 1051 angelis,
565 1017 594 1043 et
603 1015 686 1051 apud
697 1017 802 1044 Deum.
814 1015 1010 1044 Conﬁtebitur
1020 1024 1070 1044 au-

245 1061 305 1087 tem
315 1061 343 1087 te
355 1059 488 1088 Christus
500 1062 646 1096 tanquam
657 1060 839 1097 discipulum
854 1068 955 1096 suum,
968 1068 1070 1088 coram

245 1103 410 1138 angelis";
427 1104 540 1140 tibique
554 1104 639 1132 dabit
662 1104 801 1140 gloriam,
827 1105 852 1132 si
871 1104 1069 1132 humilitatem

1126 878 1194 907 Zd‘tov
1217 880 1337 915 μαθητὴν
1365 877 1407 905 ἐπὶ
1429 883 1478 906 τῶν
1499 878 1622 914 sensim,
1639 881 1684 906 καὶ
1707 877 1815 911 δοξάσαι
1840 889 1878 913 σε,
1895 879 1926 909 ἂν

1124 927 1183 960 γένῃ
1215 925 1451 961 ταπεινοφροσύνης
1478 923 1558 950 αὑτοῦ
1591 926 1731 960 μιμητὴς,
1764 928 1809 950 τοῦ
1836 923 1925 960 λέγον.

1124 979 1167 1000 τος
1184 979 1190 985 ~
1216 969 1317 995 Μάθετι
1340 967 1384 995 ἀπ’
1409 967 1482 1004 ἐμοῦ,
1508 969 1548 995 ὅτι
1572 970 1653 1005 πρᾶός
1677 969 1739 1005 εἰμι,
1765 970 1809 996 καὶ
1833 978 1926 996 ταπει-

1124 1015 1166 1045 νός
1190 1017 1220 1050 τῇ
1247 1011 1355 1050 καρδίᾳ,
1380 1015 1424 1039 καὶ
1440 1013 1562 1050 εὑρήσετε
1582 1012 1728 1040 ἀνάπαυσιν
1743 1016 1802 1045 ταῖς
1821 1013 1926 1049 ψυχαῖς

1124 1059 1195 1095 ὑμῶν
1213 1068 1220 1075 ·
1245 1058 1265 1093 ᾧ
1280 1058 1295 1087 ἠ
1316 1055 1382 1088 δόξα
1401 1058 1489 1084 καὶτὸ
1504 1058 1599 1094 κράτος
1623 1058 1659 1089 εἰς
1681 1059 1742 1089 τοὺς
1763 1057 1859 1089 αἰῶνας
1874 1062 1924 1085 τῶν

1124 1103 1231 1130 αἰώνων.
1249 1102 1340 1138 Ἀμὴν.

244 1147 367 1176 imiteris
376 1148 481 1185 ipsius,
496 1149 548 1185 qui
563 1148 637 1176 dixit
651 1157 658 1177 :
674 1150 786 1178 Discite
800 1157 818 1178 a
828 1157 883 1180 me,
900 1149 971 1184 quia
982 1149 1060 1176 milia
1069 1155 1146 1183 sum,
1160 1151 1186 1176 et
1199 1147 1322 1175 humilis
1333 1146 1432 1182 corde,
1448 1149 1476 1175 et
1491 1147 1647 1177 invenietis
1661 1147 1793 1183 requiem
1804 1147 1922 1176 anima-

244 1193 297 1221 bus
307 1194 443 1222 vestris“
455 1203 462 1222 :
474 1194 522 1222 cui
533 1193 629 1229 gloria
641 1196 670 1222 et
683 1194 843 1231 imperium
853 1195 884 1222 in
898 1194 1009 1223 saecula
1020 1193 1210 1221 saeculorum.
1225 1194 1330 1220 Amen.

489 1325 573 1361 163
595 1325 740 1353 uorum
760 1325 830 1354 xxn.

246 1380 330 1415 Quod
341 1381 428 1410 rebus
441 1382 603 1410 mundanis
618 1382 834 1410 adhzerendum
849 1390 910 1411 non
925 1383 973 1418 ait,
994 1385 1022 1411 et
1035 1383 1072 1412 de

390 1427 527 1455 incendio
543 1430 631 1456 extra
644 1428 810 1456 Ecclesiam
824 1428 917 1463 facto.

281 1537 307 1563 1.
323 1535 382 1569 Ego
400 1535 535 1571 quidem,
552 1535 749 1568 dilectissimi,
766 1535 912 1572 putabam
934 1535 1006 1570 fore,
1026 1537 1067 1570 ut,

243 1578 317 1607 dum
343 1579 512 1616 frequenter
535 1580 684 1608 sermonis
706 1579 843 1608 stimulos
865 1580 1070 1608 vehementius

242 1622 401 1659 admoveo,
413 1624 500 1652 vobis
513 1624 629 1654 viderer
640 1624 784 1652 molestus
795 1633 862 1653 esse
878 1628 906 1653 et
916 1633 1068 1661 morosus,

242 1669 388 1703 tanquam
398 1669 450 1706 qui
458 1669 582 1698 nimiam
593 1669 760 1706 quamdam
770 1669 890 1698 dicendi
900 1670 1068 1698 libertatem

241 1713 415 1749 ostendam,
428 1722 496 1751 qum
510 1722 607 1751 neque
620 1715 770 1751 hospitem
783 1714 897 1750 deceat,
914 1723 1012 1752 neque
1028 1715 1057 1743 vi

241 1764 309 1787 rum
324 1758 474 1786 similibus
494 1759 570 1787 vitiis
585 1759 750 1788 obnoxium
763 1768 770 1787 :
783 1768 835 1788 vos
849 1762 950 1788 tamen
971 1759 1067 1788 fuistis

241 1803 522 1839 reprehensionibus
545 1803 584 1832 ad
599 1804 839 1833 benevolentiam
854 1804 1020 1841 provocati,
1041 1806 1069 1833 et

241 1847 347 1884 plagas
364 1856 382 1876 a
395 1847 499 1884 lingua
511 1851 616 1877 nostra
634 1849 763 1877 inﬂictas
786 1849 921 1877 fomitem
944 1849 1068 1885 majoris

241 1892 331 1919 studii
339 1892 519 1921 fecistis.Nec
530 1893 640 1920 mirum
651 1893 819 1930 quidquam
831 1896 875 1922 est
885 1896 913 1922 et
923 1894 1066 1922 insolens.

241 1935 316 1963 Estis
327 1936 407 1964 enim
422 1937 452 1964 in
463 1937 553 1966 rebus
568 1937 688 1973 spiritus
710 1938 870 1974 sapientes.
890 1938 994 1973 Argue
1016 1947 1067 1968 au.

241 1980 300 2007 tem
309 1979 482 2013 sapientem,
495 1983 521 2008 et
532 1981 636 2016 diliget
648 1982 713 2015 te”,
725 1982 822 2017 inquit
841 1981 950 2010 alicubi
962 1982 992 2010 in
1004 1983 1065 2011 suis

240 2022 357 2059 scriptis
373 2023 524 2052 Salomon.
540 2025 738 2061 Quapropter,
750 2026 865 2060 fratres,
882 2027 971 2054 etiam
985 2035 1066 2056 nunc

239 2067 447 2096 exhortatione
463 2069 568 2097 eadem
585 2072 662 2103 utor,
678 2070 779 2098 volens
796 2078 856 2105 vos,
882 2071 985 2107 quoad
1000 2072 1064 2108 ejus

238 2112 336 2141 facere
360 2115 476 2150 potero,
497 2122 514 2142 a
533 2114 645 2142 diaboli
669 2115 783 2143 retibus
808 2115 968 2144 abducere.
990 2119 1063 2146 Nam

1425 1325 1547 1350 OMIAIA
1569 1321 1628 1351 ΚΧ.

1126 1385 1189 1419 Περὶ
1225 1385 1272 1409 τοῦ
1313 1384 1349 1418 μὴ
1381 1381 1569 1419 προσηλῶσθαι
1606 1383 1662 1413 τόῖς
1697 1381 1842 1418 βιωτικοῖς,
1880 1391 1925 1408 και

1159 1430 1219 1465 περὶ
1249 1431 1295 1454 τοῦ
1329 1428 1464 1464 ’γενομένου
1493 1426 1651 1467 ἄμπρησμοῦ
1674 1427 1729 1463 (79)
1758 1426 1849 1459 ἔξωθεν
1877 1431 1926 1458 τῆς

1160 1472 1327 1503 Ἐκκλησιας.

1161 1536 1186 1562 1.
1201 1535 1266 1571 Ἐγώ
1292 1535 1336 1571 μὲν
1356 1535 1439 1570 ᾤμην,
1456 1533 1598 1570 ἀγαπητοὶ,
1623 1532 1795 1572 σφοδρότιρον
1816 1533 1925 1560 ἑκάστο-

1124 1589 1150 1606 τε
1165 1579 1300 1614 τοῦλόγου
1325 1581 1354 1605 τὸ
1382 1580 1485 1615 κέντρον
1506 1579 1657 1615 προσάγων,
1670 1578 1785 1617 λυπηρός
1807 1588 1847 1610 τις
1861 1578 1925 1605 εἰναι

1124 1623 1208 1657 δόξειν
1227 1625 1298 1662 ὑμῖν,
1315 1625 1348 1655 ὡς
1372 1626 1495 1660 περιττήν
1519 1634 1576 1650 τινα
1602 1624 1749 1661 παρρησίαν
1774 1622 1925 1650 ἐπιδεικνύ-

1122 1679 1206 1709 μενος,
1227 1671 1272 1695 καὶ
1285 1670 1343 1695 οὔτε
1358 1668 1419 1705 ξένῳ
1432 1670 1592 1706 πρέπουσαν,
1613 1669 1669 1694 οὔτε
1689 1665 1766 1705 ἀνδρὶ
1785 1667 1926 1705 κατειλημ-

1122 1717 1188 1754 μένῳ
1214 1713 1410 1750 παραπλησίοις
1437 1712 1597 1750 ἐγκλήμασιν
1615 1723 1621 1729 ·
1650 1712 1721 1749 ὑμεῖς
1749 1710 1779 1739 δὲ
1812 1712 1840 1739 ἐκ
1874 1716 1924 1739 τῶν

1123 1761 1235 1798 ἐλέγχων
1262 1760 1298 1792 εἰς
1321 1761 1421 1786 εὔνοιαν
1452 1760 1608 1798 ἡρεθὶσθητε
1637 1759 1702 1796 (80),
1730 1760 1776 1786 καὶ
1799 1760 1846 1791 τὰς
1871 1759 1923 1786 ὰπό

1122 1810 1169 1837 τῆς
1196 1805 1314 1842 γλώττης
1346 1804 1445 1840 πληγὰς
1479 1805 1634 1841 ὑπέκκαυμα
1663 1805 1745 1831 πόθου
1778 1805 1922 1834 πεποίησθε

1121 1850 1242 1880 πλείονος.
1272 1852 1321 1877 Καὶ
1349 1847 1424 1877 οὐδὲν
1453 1849 1531 1880 ξένον.
1544 1849 1616 1876 Ἐστὲ
1642 1850 1692 1886 γὰρ
1721 1859 1795 1885 σοφοι
1817 1850 1849 1875 τὰ
1873 1853 1920 1876 τοῦ

1121 1896 1273 1932 πνεύματος.
1307 1893 1417 1931 Ἔλεγχε
1451 1892 1480 1920 δὲ
1514 1896 1600 1931 σορὸν,
1634 1897 1679 1920 καὶ
1710 1893 1839 1930 ἀγαπήσει
1876 1902 1916 1928 σε,

1121 1941 1186 1977 φησί
1210 1949 1259 1966 που
1280 1943 1328 1965 τῶν
1353 1940 1432 1965 αὑτοῦ
1461 1939 1541 1975 λογων
1568 1939 1581 1965 ὸ
1606 1938 1731 1975 Σολομὼν.
1758 1938 1804 1965 Διὰ
1827 1941 1916 1973 τοῦτο,

1120 1982 1238 2020 ἀδελφοὶ,
1267 1986 1312 2009 καὶ
1341 1987 1384 2009 νῦν
1417 1983 1458 2010 ἐπὶ
1485 1985 1531 2013 τὴν
1562 1984 1642 2013 αὐτὴν
1672 1985 1726 2013 ἥκω
1754 1984 1916 2021 παραίνεσιν,

1119 2030 1217 2066 ὃπηπερ
1244 2027 1274 2054 ἂν
1288 2029 1341 2059 οἶός
1355 2038 1382 2055 τε
1397 2028 1426 2062 ὦ,
1443 2033 1491 2055 τῶν
1507 2032 1553 2055 τοῦ
1572 2027 1697 2055 διαϐόλου
1713 2027 1825 2055 δικτύων
1849 2028 1918 2065 ὑμᾶς

1118 2072 1227 2110 ἁπάγειν
1269 2072 1435 2110 βουλόμενος.
1474 2073 1556 2100 nam
1593 2074 1655 2111 γὰρ,
1693 2073 1836 2109 ἀγαπητοὶ,
1873 2075 1918 2100 καὶ

1117 2118 1233 2144 ποικίλον
1264 2118 1303 2154 ἐφ’
1327 2119 1424 2155 ἡμέραν
1455 2119 1516 2154 ἡμῖν
1546 2119 1558 2144 ό
1589 2123 1636 2150 τῆς
1666 2117 1789 2149 ἀληθείας
1821 2118 1917 2156 ἐχθρὸς

238 2165 386 2193 magnum
394 2166 429 2186 ac
440 2158 557 2187 varium
565 2158 677 2188 bellum
686 2159 982 2196 nobis,dilectissimi,
990 2169 1064 2198 quo-

1122 2165 1244 2201 προσάγει
1271 2164 1314 2189 τὸν
1343 2162 1462 2200 πόλεμον.
1488 2164 1619 2202 Προσάγει
1646 2161 1686 2197 δὲ,
1715 2165 1751 2194 ὡς
1775 2165 1842 2199 ἴστε,
1871 2164 1918 2196 τὰς

239 2201 308 2230 tidie
321 2203 408 2231 infert
430 2202 524 2231 hostis
539 2204 682 2233 veritatis.
705 2204 919 2240 lnfertautem,
939 2206 982 2234 uti
1010 2206 1063 2235 sci-

239 2244 285 2278 tis,
297 2245 371 2274 dum
386 2246 565 2283 cupiditates
585 2250 704 2275 nostras
715 2249 818 2283 jacula
833 2250 992 2278 adversum
1007 2258 1063 2278 nos

240 2289 339 2323 efﬁcit,
352 2299 531 2328 semperque
549 2292 628 2320 vires
645 2300 662 2320 a
675 2292 763 2320 nobis
778 2293 817 2321 ad
838 2302 893 2322 nos
907 2294 1063 2323 laedendos

238 2336 402 2363 mutuatur.
418 2336 564 2369 Quoniam
579 2337 658 2365 enim
674 2345 818 2372 magnam
833 2340 971 2374 potentias
985 2340 1062 2369 illius

238 2381 354 2415 partem
364 2379 626 2408 indissolubilibus
641 2381 757 2417 legibus
776 2383 920 2411 Dominus
935 2385 1060 2420 colliga-

237 2424 288 2455 vit,
299 2432 356 2452 nec
368 2424 436 2452 sivit
449 2424 549 2461 ipsum
561 2425 678 2461 impetu
692 2434 748 2454 suo
762 2427 930 2456 humanum
942 2437 1036 2464 genus
1046 2439 1062 2459 e

237 2471 316 2498 terra
331 2469 420 2498 simul
435 2469 543 2503 delere,
561 2470 626 2505 jam
642 2470 763 2499 invidus
784 2471 832 2500 ille
852 2481 905 2509 per
925 2477 1061 2503 nostram

236 2514 440 2551 insipientiam
454 2522 472 2542 a
482 2514 570 2543 nobis
585 2514 685 2543 furtim
701 2519 834 2553 reportat
845 2519 1013 2548 victoriam.
1031 2521 1062 2549 Et

270 2590 296 2608 ⁷ο
310 2590 399 2618 Matth
420 2598 460 2626 vr,
474 2593 500 2618 2.
539 2591 562 2608 '”
580 2591 589 2619 Ι
608 2592 682 2620 Petr.
697 2601 726 2628 v,
743 2595 772 2622 3.
813 2594 838 2611 ⁷³
853 2595 940 2622 Marc.
954 2603 983 2629 x,
996 2596 1041 2625 44.

271 2654 327 2693 (7-8)
339 2652 413 2694 βάἱῑξ
423 2654 524 2680 πάντων
536 2654 685 2692 ἀνθρώπων.
697 2657 758 2685 Vox
772 2657 877 2686 ultima
886 2658 916 2685 in
930 2658 1061 2694 antiquis

236 2687 318 2716 libris
329 2688 424 2716 deest.

273 2726 327 2765 (79)
350 2723 444 2765 Edim?
467 2726 559 2754 Paris.
586 2726 760 2765 ἐμπορισμοῦ.
778 2731 812 2757 At
834 2729 917 2757 Colb.
946 2730 1062 2765 primus

236 2761 265 2789 et
283 2759 398 2796 Anglic.
428 2759 601 2799 ἐμπρησμοῦ(
623 2759 710 2799 Illud,
733 2767 777 2791 καὶ
805 2766 863 2801 περὶ
882 2768 928 2791 τοῦ
946 2759 1061 2802 ’γενομέ-

1080 2596 1105 2614 “¹³
1123 2597 1191 2624 Luc.
1203 2605 1252 2633 xu,
1272 2600 1297 2626 Β.

1117 2208 1243 2245 ἡμετέρας
1270 2207 1407 2244 ἐπιθυμίας
1432 2207 1490 2234 καθ’
1516 2209 1588 2244 ἡμῶν
1613 2207 1674 2245 βέλη
1691 2209 1852 2245 ποιούμενος,
1872 2211 1918 2236 καὶ

1117 2253 1177 2288 παρ’
1197 2253 1270 2290 ἡμῶν
1284 2253 1317 2283 εἰς
1331 2254 1361 2280 τὸ
1384 2252 1508 2290 βλάπτειν
1523 2254 1591 2290 ἡμᾶς
1613 2252 1652 2281 ἀεὶ
1667 2253 1803 2290 λαμϐάνων
1825 2253 1916 2290 ἰσχύν,

1118 2295 1223 2328 Ἐπειδὴ
1249 2299 1298 2336 γὰρ
1331 2299 1360 2324 τὸ
1386 2297 1450 2324 πολύ
1477 2302 1523 2329 τῆς
1549 2297 1645 2325 ἐκείνου
1671 2296 1806 2336 δυνάμεως
1832 2299 1845 2325 ὁ
1870 2302 1917 2326 Δε-

1119 2344 1216 2374 σπότης
1230 2345 1318 2380 νόμοις
1342 2341 1444 2374 ἀλύτοις
1471 2341 1611 2378 καφέόησε,
1634 2345 1680 2370 καὶ
1703 2343 1750 2370 οὐκ
1777 2345 1860 2370 εἴασεν
1881 2343 1917 2376 εἰς

1116 2387 1186 2418 ἅπαξ
1208 2387 1361 2424 ὁρμήσαντα
1382 2388 1411 2414 τὸ
1434 2389 1504 2424 γένος
1529 2386 1651 2425 ἐκτρῖψαι
1670 2391 1717 2419 τῆς
1735 2393 1792 2424 γῆς,
1813 2388 1916 2415 κλέπτει

1115 2434 1163 2461 τὴν
1178 2431 1235 2459 καθ’
1255 2432 1328 2469 ἡμῶν
1347 2434 1421 2462 νίκην
1440 2433 1529 2460 λοιπὸν
1552 2432 1580 2459 ἐκ
1603 2436 1651 2464 τῆς
1676 2434 1803 2470 ἡμετέρας
1827 2432 1915 2465 ἀνοίας

1116 2477 1129 2502 ὀ
1158 2475 1299 2513 βάσκανος.
1330 2480 1380 2504 Καὶ
1409 2478 1524 2516 καθάπερ
1556 2478 1580 2504 οἱ
1604 2480 1713 2516 πονηροὶ
1739 2480 1783 2504 καὶ
1811 2477 1916 2504 πλεονε-

1115 2523 1201 2547 κτικοὶ
1215 2525 1263 2548 τῶν
1284 2521 1435 2559 ἀνθρώπων,
1452 2523 1488 2554 οἷς
1514 2523 1586 2560 ἔργον
1606 2525 1651 2560 μέν
1667 2522 1724 2549 ἐστι
1746 2525 1792 2549 καὶ
1818 2532 1915 2560 προαι-

1336 2598 1361 2616 τι
1377 2598 1476 2627 Matth.
1490 2606 1531 2634 xr,
1546 2600 1591 2627 29.
1628 2599 1653 2616 ⁷⁸
1669 2600 1754 2628 Prov.
1768 2607 1807 2633 ix,
1825 2600 1850 2626 8.

1114 2669 1170 2693 νου,
1182 2661 1250 2697 etc..
1267 2660 1296 2688 in
1312 2661 1443 2697 antiquis
1457 2661 1580 2689 duobus
1593 2661 1677 2689 libris
1687 2661 1883 2689 desideratur.

1152 2696 1206 2731 (80)
1223 2696 1403 2731 Ἠρεθίσθητῐ.
1421 2697 1559 2725 Ediderat
1581 2697 1750 2731 Garnerius,
1771 2697 1835 2725 sine
1857 2705 1915 2725 au-

1116 2722 1915 2772 gessissemusesse};r5£igua35gaaasas

1115 2767 1321 2804 indicativum,
1331 2767 1502 2805 postulante
1515 2777 1616 2805 sensu,
1629 2767 1824 2799 restituimus.
1834 2770 1914 2802 Eutr.
