2049 3131
152 98 204 128 541

530 97 648 127 HOMIL.
674 96 769 130 QUOD
799 93 980 124 MUNDANIS
1007 95 1260 126 ADHEBENDUM
1287 96 1358 125 NON
1389 94 1456 124 SIT.

1779 92 1831 123 542

152 170 222 199 ρισις
242 160 269 188 ἐκ
288 163 338 188 τῶν
359 159 498 198 ἀλλοτρίων
520 160 648 193 πλουτεῖν,
666 158 778 195 δύναμις
798 156 827 186 δὲ
843 158 871 185 οὖ
887 159 947 195 πάρ-

1008 157 1404 195 quemadmodumimprobi
1413 157 1552 186 homines
1558 159 1648 194 atque
1656 156 1749 190 avari,
1757 163 1833 192 quo-

152 215 222 234 αττ-ιν
256 206 323 233 ὦστι
347 206 412 241 μετὰ
443 204 592 243 παρρησίας
622 203 774 241 βιάζεσθαι,
790 207 847 236 ταῖς
881 201 953 234 ὁδοῖς

151 248 296 289 ἓφιδρεύειν
321 249 438 278 εἰώθασι·
461 252 510 277 παὶ
531 250 552 277 εί
572 248 652 278 ἴδωσί
672 259 698 277 τι
713 252 811 287 χωρίον
826 250 885 285 περὶ
907 247 953 278 αὖ·

150 296 207 328 τὰς,
234 295 248 324 ἣ
279 294 393 333 φάραγξι
418 293 539 331 βαθείαις
563 293 714 332 διερρωγὸς,
740 294 754 325 ἢ
791 297 874 330 φυτῶν
899 303 951 320 πυ-

149 342 257 369 κνότητι
274 341 393 373 σύσκιον,
424 339 459 371 εἰς
483 344 560 367 τοῦτο
580 338 781 377 καταδυόμενοι,
796 341 840 367 καὶ
856 340 903 368 τὴν
923 337 951 367 ix

150 385 246 413 πολλοῦ
268 383 381 423 πρόοψιν
406 388 456 411 τῶν
481 383 686 422 ὁδοιπορούντων
711 385 841 415 τοιούτοις
862 384 951 412 ὑποτε-

150 431 272 466 μνόμενοι
291 428 520 466 προκαλύμμασιν,
549 428 642 466 ἁθρόον
667 427 832 458 ἐπιπηδῶσίν
853 428 949 463 αὐτοῖς,

150 475 212 504 ὦςτε
227 475 263 510 μὴ
284 475 405 511 πρότερον
432 471 577 505 δυνηθῆναί
603 483 660 500 τινα
683 475 743 507 τοὺς
767 476 813 499 τοῦ
828 471 950 501 κινδύνου

151 517 272 556 βρόχους
297 516 362 545 ἰδεῖν
383 521 444 556 πρὶν
464 518 499 552 εἰς
516 520 620 548 τούτους
641 522 738 547 πεσεῖν’
756 517 837 549 οὕτως
852 519 864 544 ό
881 516 950 544 δυσ-

152 566 232 601 μενής
257 563 350 590 ἄνωθεν
379 564 442 600 ἡμῖν
475 565 519 590 καὶ
546 563 668 600 πολέμιος
700 564 746 594 τὰς
770 566 820 590 τῶν
854 572 951 598 κοσμι-

154 612 206 635 κῶν
220 607 330 645 τέρψεων
350 608 502 644 ὑποτρέχων
520 609 605 642 σκιάς,
624 607 650 634 αἱ
677 609 735 645 περὶ
755 609 801 638 τὴν
825 605 886 637 ὀδόν
905 610 951 635 ⁴τοῦ

155 651 217 689 βιον
233 653 323 679 τούτου
338 653 469 689 πεφύκασι
496 650 579 679 δειναὶ
595 652 694 690 κρῦψαι
711 652 822 689 λῃστὴν,
848 654 892 679 καὶ
908 653 951 678 τὸν

156 696 350 724 ἐπιϐουλεύοντα
380 701 491 727 ποιῆσαι
520 697 623 731 λαθεῖν,
653 697 765 725 ἐντεῦθεν
798 696 952 734 ἀπροὸπτως

153 742 197 773 τὰς
224 745 270 773 τῆς
305 741 434 773 ἀπωλείας
468 742 620 779 ύποσπείρει
652 740 775 778 παγίὸασ
807 743 879 778 ἡμῖν.
910 745 952 769 Δεῖ

150 788 236 815 τοίνυν
252 787 332 823 ἡμᾶς,
357 788 428 825 ιῖπερ
447 786 574 823 ἐθῦκοιμιν
597 787 654 822 (81)
681 786 802 823 ἀσφαλῶς
825 789 872 816 τὴν
888 787 950 812 ὑπο-

1008 211 1076 233 rum
1086 211 1178 240 opera.
1193 211 1227 231 ac
1242 203 1432 240 propositum
1451 206 1495 231 est
1509 210 1546 231 ex
1560 202 1664 230 alienis
1679 201 1833 236 ditescere,

1008 247 1061 276 sed
1088 248 1200 287 quibus
1221 256 1283 277 non
1307 248 1439 286 suppetit
1463 247 1597 286 potentia
1612 249 1645 275 ut
1659 246 1833 277 violentiam

1007 295 1142 329 apertam
1151 292 1388 326 exerceant,vias
1401 292 1543 321 insidiose
1554 299 1703 328 occupare
1724 290 1833 325 solent,

1007 337 1035 363 et
1047 335 1072 364 si
1082 335 1210 364 viderint
1220 335 1250 363 in
1264 335 1306 363 eis
1320 335 1420 364 locum
1438 335 1625 371 quempiam,
1638 336 1689 362 aut
1703 333 1833 370 vallibus

1006 381 1165 417 profundis
1181 381 1362 416 diffractum,
1384 383 1435 409 aut
1451 380 1595 408 arborum
1607 380 1753 408 densitate
1769 387 1833 408 um-

1006 427 1142 462 brosum,
1158 435 1192 455 eo
1204 426 1381 463 recipientes
1398 434 1438 458 se,
1453 428 1481 454 et
1491 426 1578 460 longe
1594 427 1663 454 ante
1682 423 1833 461 ejusmodi

1007 472 1194 507 tegumentis,
1212 472 1376 508 quominus
1390 472 1518 500 viatores
1534 470 1728 508 prmvideant,
1740 470 1833 507 impe-

1006 517 1132 550 dientes,
1144 517 1300 545 confertim
1312 519 1340 544 et
1348 525 1385 545 ex
1394 516 1554 553 improviso
1565 515 1594 544 in
1604 515 1670 543 illos
1686 515 1833 549 insiliunt,

1006 569 1043 593 ne
1054 562 1215 598 quisquam
1231 562 1354 599 periculi
1368 561 1494 598 laqueos
1519 561 1695 600 priusquam
1715 561 1746 588 in
1766 560 1833 588 illos

1005 606 1151 640 inciderit,
1165 607 1262 644 possit
1272 606 1391 637 videre;
1407 606 1449 633 sic
1463 605 1511 636 ille
1525 605 1577 642 qui
1592 605 1681 634 nobis
1696 605 1735 633 ab
1749 604 1832 634 initio

1005 651 1139 681 infensus
1154 655 1200 680 est
1223 654 1251 680 et
1271 651 1380 686 hostis,
1400 651 1590 687 voluptatum
1606 650 1833 679 mundanarum

1006 696 1130 725 umbras
1145 697 1278 732 subiens,
1291 704 1360 734 quin
1374 696 1404 723 in
1420 697 1511 732 hujus
1527 696 1594 726 vita:
1609 696 1658 725 via
1672 695 1712 724 ad
1735 694 1834 724 occul-

1006 741 1132 771 tandam
1147 741 1321 777 praedonem
1347 744 1375 771 et
1396 741 1435 769 ad
1449 741 1566 770 dandas
1585 740 1752 770 insidiatori
1762 739 1834 768 late-

1005 785 1075 814 bras
1098 786 1215 814 idoneae
1231 794 1297 814 esse
1312 786 1418 820 solent,
1434 786 1504 815 inde
1518 785 1675 822 inopinato
1695 784 1833 814 interitus

150 833 270 867 κειμένην
287 829 349 859 ὁδὸν
372 835 418 859 τοῦ
446 831 508 868 βίου
529 830 697 869 ὃιαδραμιίν,
714 833 758 858 καὶ
777 835 947 868 παραστῆσαι

1004 830 1129 867 laqueos
1141 831 1229 859 nobis
1240 831 1368 866 subjicit.
1378 831 1481 868 Itaque
1492 830 1516 858 si
1526 830 1617 859 modo
1628 829 1755 859 velimus
1765 828 1834 857 sub-

149 879 260 914 Χριστῷ
288 877 336 905 τὴν
360 875 453 913 ψυχην
478 886 504 904 τε
520 877 584 912 ὁμοῦ
600 886 645 902 και
660 877 689 904 τὸ
704 880 779 912 σῶμα
793 880 838 907 τῆς
858 876 884 902 ἐκ
899 880 949 902 τῶν

150 921 308 957 τραυμάτων
338 920 471 957 αἰσχύνης
487 919 616 958 ἐλεύθερα,
633 922 678 948 καὶ
699 923 758 953 τοὺς
775 919 816 947 ἐπὶ
834 924 866 957 τῇ
889 930 947 958 νικῃ

150 965 293 1001 στεφάνους
321 964 417 999 λαϐεῖν,
439 964 611 1003 ἐγρηγορότας
625 966 756 1003 περιάγειν
782 964 821 992 ἀεὶ
848 975 949 992 παντα-

148 1011 217 1046 χόσε
244 1010 304 1041 τούς
332 1014 379 1041 τῆς
402 1009 495 1046 ψυχῆς
526 1010 673 1047 ὀφθαλμοὺς
701 1013 745 1037 καὶ
769 1011 853 1037 πάντα
882 1011 949 1038 ὐπο-

149 1055 252 1083 πτεύειν
280 1055 331 1083 ὅσα
359 1055 464 1092 τερπνά,
497 1058 541 1081 καὶ
574 1057 750 1092 παρατρέχειν
784 1055 869 1089 εὐθὺς,
904 1057 949 1083 καὶ

150 1097 245 1137 μηδενὶ
277 1097 455 1137 προσερείὸειν
484 1101 531 1130 τὴν
563 1100 668 1133 ἔννοιαν,
699 1098 768 1136 μηδὲ
797 1100 818 1126 εἰ
846 1101 949 1137 χρυσὸς

151 1145 268 1180 φαίνοιτο
300 1141 390 1179 χύδην
423 1146 598 1182 προκείμενος,
628 1145 730 1180 ἕτοιμος
763 1144 799 1176 ιὶς
827 1145 874 1176 τὰς
898 1148 948 1171 τῶν

151 1187 315 1225 βουλομένων
339 1191 431 1225 χεῖρας
459 1187 537 1214 ἐλθεῖν
562 1184 685 1223 (Πλοῦτος
709 1190 773 1226 γὰρ,
799 1191 888 1225 φησὶν,
906 1188 948 1215 ἐὰν

149 1233 207 1271 ῥέῃ,
236 1234 273 1272 μὴ
303 1233 477 1271 προστίθεσθε
507 1231 607 1270 καρδίᾳ
639 1233 724 1269 [82])-
759 1231 829 1270 μηδὲ
860 1233 882 1259 εἰ
913 1237 947 1269 γῆ

151 1277 341 1314 βλαστάνουσαι
376 1280 463 1305 πᾶσαν
503 1280 612 1316 τρυφὴν,
637 1281 682 1305 καὶ
714 1278 859 1310 πολυτελεῖς
892 1277 949 1306 δει-

150 1324 267 1350 κνύουσα
294 1323 392 1353 σκηνὰς
420 1322 514 1359 (Ἠμῶν
542 1324 593 1361 γὰρ
621 1325 649 1350 τὸ
677 1323 821 1360 πολίτευμα
849 1323 873 1350 ἐν
902 1322 949 1350 οὐ-

150 1371 232 1406 ρανῷ,
260 1366 287 1398 ἕξ
318 1366 348 1394 οὗ
371 1368 416 1394 καὶ
451 1370 559 1404 Σωτῆρα
584 1366 786 1404 ἀπεκδεχόμεθα
813 1367 948 1404 Χριστόν)·

149 1409 220 1451 μηδὲ
240 1411 262 1439 si
274 1415 390 1449 χορεῖαι,
408 1414 453 1438 καὶ
469 1416 563 1449 κῶμοι,
580 1415 624 1439 καὶ
639 1413 726 1449 μέθαι,
744 1414 787 1440 καὶ
807 1411 950 1439 καταυλού-

149 1466 225 1494 μιναι
249 1456 379 1494 τράπεζαι
405 1456 569 1492 (Ματαιότής
596 1457 658 1495 γὰρ,
683 1459 773 1494 φησὶν,
801 1459 948 1494 ματαιοτή-

1004 878 1128 904 stratam
1144 876 1210 904 vitae
1220 876 1303 904 viam
1318 878 1381 904 tuto
1392 883 1576 912 percurrere,
1592 877 1682 911 atque
1696 874 1832 903 animam

1005 920 1094 950 simul
1104 923 1131 949 et
1141 928 1252 957 corpus
1269 921 1425 951 vulnerum
1437 920 1620 957 turpitudine
1631 918 1777 947 immunis.
1790 918 1832 947 of—

1003 964 1079 994 ferre
1104 965 1228 1000 Christo,
1253 972 1444 1002 coronasque
1457 964 1497 993 ob
1511 964 1667 992 victoriam
1683 963 1830 999 accipere,

1003 1011 1120 1045 oportet
1135 1017 1190 1037 nos
1211 1009 1302 1038 animi
1316 1009 1420 1038 oculos
1437 1016 1557 1045 semper
1572 1008 1776 1043 undecunque
1790 1007 1831 1036 vi-

1004 1053 1130 1093 gilantes
1145 1054 1359 1090 circumagere,
1381 1056 1409 1083 et
1421 1062 1469 1083 res
1484 1061 1590 1081 omnes
1612 1052 1766 1089 jucundas
1781 1051 1833 1080 ha.-

1004 1099 1074 1127 bere
1089 1101 1254 1135 suspectas,
1270 1107 1305 1127 ac
1326 1098 1428 1127 statim
1443 1098 1606 1135 praeterire,
1618 1100 1646 1126 et
1660 1097 1700 1126 ad
1715 1096 1830 1126 nullam

1004 1143 1141 1172 animum
1158 1143 1317 1179 appellere,
1334 1151 1372 1172 ne
1397 1144 1421 1170 si
1436 1151 1544 1171 aurum
1557 1142 1680 1179 quidem
1695 1141 1831 1171 videatur

1003 1189 1067 1218 fuse
1087 1196 1239 1224 sparsum,
1255 1189 1338 1225 quod
1354 1189 1384 1217 in
1405 1188 1590 1224 cupientium
1606 1195 1715 1216 manus
1730 1186 1830 1215 venire

1004 1235 1144 1270 paratum
1157 1233 1196 1262 sit
1210 1234 1338 1270 (Divitias
1353 1233 1444 1268 enim,
1461 1233 1566 1270 inquit,
1582 1233 1609 1260 si
1625 1233 1768 1268 afﬂuant.
1779 1239 1832 1260 no-

1005 1279 1057 1307 lite
1066 1279 1340 1314 corapponere”);
1361 1285 1460 1315 neque
1475 1278 1500 1306 si
1514 1277 1645 1315 proferat
1659 1279 1738 1305 terra
1759 1276 1831 1305 deli-

1003 1323 1066 1354 cias
1080 1331 1186 1353 omnes
1199 1332 1234 1352 ac
1250 1325 1428 1360 sumptuosa
1447 1323 1643 1352 tabernacula
1654 1323 1738 1358 (nam
1752 1323 1830 1351 Νοεπ

1003 1372 1053 1399 tra
1066 1369 1251 1398 conversatio
1261 1369 1290 1396 in
1303 1369 1376 1398 mlo
1386 1372 1439 1404 est,
1450 1369 1530 1397 unde
1544 1370 1633 1396 etiam
1643 1367 1830 1396 Salvatorem

1007 1415 1028 1449 ι
1035 1413 1094 1451 64
1102 1417 1307 1449 exspectamus
1317 1413 1471 1442 Clu-istum
1481 1413 1531 1448 71);
1547 1420 1646 1449 neque
1661 1412 1687 1440 si
1701 1410 1829 1448 choreae,

1003 1460 1032 1486 et
1044 1458 1291 1493 comessationes,
1308 1460 1336 1486 et
1345 1457 1551 1489 ebrietatemet
1563 1465 1676 1486 mensas
1687 1457 1829 1485 tibiarum

149 1511 210 1535 των,
234 1502 266 1530 τὰ
289 1502 376 1528 πάντα
397 1503 562 1539 ματαιότης)·
586 1500 656 1539 μηδὲ
679 1502 700 1529 εἰ
725 1503 852 1539 σωμάτων
867 1501 947 1532 κάλλη

1003 1503 1133 1531 modulis
1151 1505 1326 1532 resonantes
1348 1504 1557 1539 proponantur
1580 1503 1588 1535 (
1598 1503 1720 1531 Vam'ta:
1735 1501 1827 1536 enim,

149 1548 309 1584 προτείνοιτο
326 1567 333 1579 ,
377 1546 449 1583 παρὰ
489 1550 607 1583 πονηρῶν
647 1546 743 1584 ψυχῶν
786 1546 949 1583 ἐνοικούμενα

149 1589 234 1624 (Ἂπὸ
262 1592 401 1627 προσώπον
425 1589 475 1628 γὰρ
502 1592 626 1627 γυναικός
661 1592 694 1623 ὡς
730 1590 780 1618 ἀπό
809 1594 947 1629 προσώπον

150 1634 228 1672 ὄφεως
249 1639 324 1672 φεῦγε
348 1636 412 1670 (83),
438 1637 517 1672 φησὶν
544 1636 557 1661 ό
585 1637 685 1672 207nm-
706 1634 776 1672 μηδὲ
796 1636 817 1662 εἰ
845 1634 947 1662 δυνασ-

149 1682 217 1706 τεῖαι
231 1681 275 1705 καὶ
293 1677 453 1717 τυραννιδες,
477 1681 523 1706 καὶ
543 1677 676 1717 ὃορυφόων
692 1681 707 1709 ἡ
730 1679 844 1706 κολάκων
860 1679 945 1717 ἑσμοί·

152 1721 221 1760 μηδὲ
254 1733 276 1751 ιι
311 1725 397 1761 θρόνος
431 1723 531 1760 ὑψηλὸς
563 1727 607 1750 καὶ
637 1724 764 1761 λαμπρὸς,
803 1724 948 1757 ὑποζεύξας

151 1769 210 1797 ἔθνη
235 1770 280 1795 καὶ
304 1768 388 1799 πόλεις
417 1768 451 1799 εἰς
479 1766 598 1795 δουλείαν
631 1768 746 1796 ἑκούσιον
780 1772 868 1803 (Πᾶσα
895 1770 945 1806 γὰρ

153 1812 219 1851 σὰρξ
242 1814 274 1844 ὠς
286 1815 393 1851 χόρτος,
417 1815 462 1840 καὶ
491 1816 565 1840 πᾶσα
588 1811 654 1845 δόξα
677 1812 813 1850 ἀνθρώπου
828 1815 860 1844 ὡς
874 1815 946 1845 ανθος

147 1860 255 1896 χόρτον·
280 1857 406 1895 ἐξηράνθη
430 1859 442 1885 ό
467 1860 575 1896 χόρτος,
598 1860 643 1885 καὶ
670 1860 698 1885 τὸ
722 1858 799 1890 οἴνθος
822 1859 944 1895 ἐξέπεσε).

147 1904 254 1934 Τούτοις
278 1904 329 1941 γὰρ
355 1901 387 1932 δὴ
414 1906 482 1930 πᾶσι
505 1907 561 1935 τοῖς
587 1902 654 1930 οὑτω
679 1907 797 1940 τερπνοῖς
823 1904 836 1930 ὁ
862 1905 948 1935 κοινὸς

147 1947 312 1977 ὑποκάθηται
335 1945 478 1984 δυσμενὴς,
507 1946 637 1984 ἀναμένων
668 1950 689 1975 εἴ
717 1957 777 1975 ποτε
803 1949 871 1984 (84),
894 1952 946 1980 τοῖς

147 1993 282 2029 ὁρωμένοις
322 1990 517 2026 δελιασθέντες,
558 1996 604 2024 τῆς
636 1994 681 2029 μὲν
719 1993 817 2024 εὐθείας
851 1992 946 2031 impat-

146 2042 232 2074 πῶμεν
261 2035 336 2071 ὁδοῦ,
366 2038 431 2075 πρὸς
458 2035 487 2064 δὲ
518 2039 562 2064 τὸν
595 2037 692 2064 ἐκείνου
726 2037 805 2074 λόχςν
839 2038 947 2071 ἑαυτοὺς

148 2081 332 2119 ἀποκλίνωμεν·
350 2084 401 2109 Καὶ
426 2080 482 2113 die;
505 2082 570 2109 πολὺ
591 2084 626 2119 μή
644 2092 715 2116 ποτε,
731 2081 946 2120 προσδραμόντες

148 2126 298 2163 ἀφυλάκτως
338 2127 434 2161 αὐτοῖς,
471 2129 516 2154 καὶ
550 2129 596 2158 τὴς
635 2127 664 2154 ἔκ
700 2131 748 2158 τῆς
782 2127 946 2161 ἀπολαύσεως

148 2171 238 2208 τέρψιν
268 2170 342 2199 οὐδὲν
374 2172 537 2208 ἡγησάμενοι
569 2171 706 2210 βλαϐερὸν,
743 2172 946 2210 ἐγκεκρυμμένον

148 2220 180 2252 τῇ
209 2219 297 2253 πρώτη
320 2218 408 2253 γεύσει
432 2218 462 2243 τὸ
483 2220 529 2244 τοῦ
555 2215 632 2243 δόλου
657 2219 824 2253 καταπίωμεν
850 2218 945 2253 ἄγκισ-

147 2270 217 2298 τρον·
235 2259 290 2287 εἶτα
304 2262 458 2288 ὑπὸτούτου
481 2262 514 2288 τὰ
527 2262 572 2298 μὲν
595 2261 703 2297 ἐκόννες,
723 2262 756 2288 τὰ
778 2260 807 2289 δὲ
829 2263 944 2297 οἰκοντες,

146 2303 331 2343 προσδεθῶμεν
368 2306 467 2337 αὐτοῖς.
505 2308 550 2332 καὶ
586 2307 661 2344 πρὸς,
697 2307 726 2333 τὸ
760 2306 866 2344 φοϐερὸν
898 2311 944 2334 τοῦ

145 2350 242 2388 λῃστοῦ
265 2353 428 2387 καταγώγιον
445 2352 489 2379 τὸν
516 2352 622 2379 θάνατον
645 2351 762 2388 λάθωμεν
782 2352 944 2386 ῦικυσθέντες

145 2395 195 2422 ὑπὸ
214 2399 265 2422 τῶν
279 2393 390 2425 ἡδονῶν.

1002 1547 1109 1584 inquit,
1126 1549 1306 1582 vam'tatum,
1322 1549 1423 1577 omnia
1438 1547 1615 1582 vanitas");
1632 1555 1731 1583 neque
1747 1547 1771 1574 si
1786 1546 1829 1574 of.

1002 1593 1136 1622 ferantur
1149 1601 1277 1629 corpora
1287 1593 1431 1628 formosa,
1441 1593 1471 1621 in
1482 1593 1593 1628 quibus
1609 1593 1718 1620 animm
1728 1599 1829 1628 pravas

1001 1637 1170 1666 inhabitant
1190 1638 1227 1674 (A
1243 1638 1323 1673 facie
1348 1638 1429 1666 enim
1454 1638 1591 1666 mulieris
1613 1638 1694 1666 velut
1710 1645 1728 1665 a
1749 1637 1831 1671 facie

1001 1684 1145 1718 serpentis
1158 1683 1242 1718 fuge.
1254 1683 1352 1719 inquit
1367 1683 1493 1719 Sapiens
1503 1683 1559 1716 7°);
1573 1691 1671 1718 neque
1687 1682 1710 1710 si
1726 1684 1829 1718 poten-

1001 1728 1081 1755 tatus
1096 1727 1342 1763 dominatusque,
1353 1735 1389 1755 ac
1403 1727 1563 1755 satellitum
1575 1729 1628 1755 aut
1637 1726 1828 1755 adulatorum

1002 1773 1118 1800 turmas
1147 1773 1321 1807 exspectare
1345 1771 1444 1805 liceat,
1473 1779 1573 1807 neque
1599 1771 1623 1799 si
1640 1771 1830 1806 promittatur

1001 1815 1079 1844 altus
1093 1816 1220 1845 thronus
1230 1818 1320 1852 atque
1331 1815 1520 1852 splendidus,
1535 1818 1638 1851 gentes
1649 1823 1685 1843 ac
1695 1815 1830 1844 civitates

1000 1861 1176 1890 voluntariis
1191 1861 1326 1890 servituti
1341 1861 1504 1897 subjiciens
1528 1861 1642 1897 (Omnis
1659 1860 1739 1889 enim
1758 1868 1829 1889 caro

999 1907 1115 1942 fenum,
1135 1909 1162 1936 et
1185 1907 1279 1935 omnis
1292 1906 1389 1942 gloria
1414 1906 1541 1935 hominis
1567 1906 1655 1941 quasi
1675 1906 1730 1940 ﬂos
1743 1906 1827 1940 feni;

1001 1953 1084 1981 aruit
1109 1952 1225 1987 fenum,
1241 1954 1268 1979 et
1293 1951 1349 1986 ﬂos
1376 1951 1539 1986 cecidit“).
1562 1950 1676 1979 Etenim
1700 1949 1757 1978 sub
1781 1949 1829 1979 his

1001 1997 1143 2025 omnibus
1157 1996 1234 2025 adeo
1246 1995 1389 2032 jucundis
1405 1996 1576 2025 communis
1590 1995 1638 2025 ille
1655 1995 1749 2024 hostis
1764 1994 1829 2024 lati-

1000 2043 1055 2076 tat,
1071 2044 1249 2077 exspectans
1270 2049 1344 2069 num
1365 2040 1490 2077 quando
1503 2041 1595 2069 rebus
1609 2039 1781 2076 conspectis
1795 2039 1828 2068 il-

1000 2085 1079 2119 lecti,
1104 2086 1153 2113 via
1167 2088 1250 2113 recta
1268 2084 1422 2120 derelicta,
1438 2092 1494 2113 nos
1514 2085 1597 2121 ipsos
1613 2085 1643 2113 in
1657 2084 1737 2112 illius
1757 2084 1829 2112 insi-

1001 2131 1066 2159 dias
1090 2130 1299 2166 conjiciamus.
1316 2130 1393 2162 Quin
1407 2130 1498 2159 etiam
1518 2129 1716 2158 metuendum
1738 2128 1828 2157 valde

961 2188 983 2216 ι)
1001 2177 1055 2210 est,
1075 2174 1239 2211 nequando
1254 2175 1294 2202 ad
1309 2175 1374 2203 haec
1389 2175 1508 2202 incaute
1524 2176 1725 2206 accurrentes,
1740 2173 1828 2201 nihil-

1000 2227 1059 2256 que
1074 2219 1156 2248 noxii
1175 2219 1206 2247 in
1220 2218 1349 2247 fruenda.
1367 2218 1419 2248 illa
1429 2218 1617 2254 jucunditate
1640 2218 1738 2247 inesse
1759 2218 1827 2253 rati,

1000 2265 1062 2296 doli
1075 2265 1201 2294 hamum
1214 2264 1418 2299 deglutiamus
1432 2264 1462 2292 in
1479 2264 1576 2300 primo
1592 2265 1682 2299 gustu
1697 2263 1828 2292 occulta-

1000 2313 1064 2340 tum
1079 2319 1085 2338 :
1099 2309 1219 2343 deinde,
1240 2317 1277 2338 ne
1301 2309 1341 2338 ab
1364 2309 1422 2337 hoc
1436 2308 1531 2344 tracti,
1557 2308 1666 2345 partim
1687 2307 1827 2341 libentes,

999 2356 1081 2386 inviti
1094 2355 1140 2384 his
1153 2355 1244 2384 rebus
1259 2354 1426 2390 alligemur,
1449 2354 1671 2391 inscientesque
1688 2362 1707 2382 a
1723 2353 1828 2389 volup-

1000 2401 1110 2431 tatibus
1129 2400 1168 2429 ad
1183 2400 1371 2429 horrendum
1388 2399 1514 2428 latronis
1536 2399 1702 2436 hospitium
1724 2398 1826 2427 traha-

1000 2455 1078 2481 mur,
1092 2445 1131 2474 ad
1144 2447 1272 2474 mortem
1287 2445 1413 2474 scilicet.

179 2494 203 2512 τε
222 2493 302 2523 Psal.
317 2495 430 2529 “1,”.
467 2495 492 2512 7"
512 2494 617 2531 Philip.
631 2502 672 2529 ιιι,
689 2494 735 2522 20.
772 2495 796 2514 ⁷⁸
818 2495 913 2526 Eccle.
927 2504 946 2531 ι,

1028 2496 1052 2514 ⁷³
1073 2494 1168 2523 Eccle.
1183 2502 1239 2530 ni,
1256 2496 1284 2523 2.
1322 2495 1346 2513 '°
1365 2495 1424 2522 Isa.
1440 2501 1483 2530 XL,
1500 2496 1526 2528 6,
1542 2496 1570 2522 ’1.

179 2543 234 2582 (81)
255 2544 372 2582 Veteres
394 2543 455 2582 duo
468 2543 537 2582 libri
559 2544 684 2582 ἑθέλομξν.
700 2544 783 2572 Alius
808 2545 940 2582 ἐθέλωμεν,

141 2578 224 2616 Alius
239 2587 309 2607 cum
323 2579 452 2616 vulgatis
463 2579 599 2616 ἐθέλοιμεν.
611 2578 773 2616 Aliquanto
784 2583 853 2616 post
864 2578 942 2608 unus

143 2614 239 2659 codex
251 2617 280 2643 et
300 2614 371 2643 editi
394 2614 436 2641 ini
451 2619 481 2651 τῇ
505 2614 574 2652 νίκη.
591 2615 635 2644 Ali
657 2614 716 2645 tres
731 2614 822 2644 mass.
841 2616 883 2643 im’
896 2621 942 2647 τῆς

142 2659 200 2678 νικη
207 2660 227 2680 ς.

178 2686 235 2721 (82)
247 2685 335 2725 iEditi_
345 2687 374 2713 et
388 2686 455 2725 duo_
465 2694 537 2714 mss.
551 2685 659 2724 καρδίᾳ.
677 2687 783 2725 Codex»
790 2695 868 2715 unus
879 2697 942 2725 καρ-

144 2719 215 2762 δίαν,
229 2724 295 2765 It:qu
319 2722 388 2762 Reg.
411 2719 644 2765 primusque-ini
657 2725 702 2750 καὶ
726 2722 880 2760 ἀπόλαυσιν,
895 2719 939 2751 καὶ

144 2756 333 2788 πολυτελεῖς...
349 2756 374 2784 ἑν
393 2756 511 2794 οὐρανοῖς
524 2756 648 2797 ὑπάρχει.

1032 2547 1086 2580 (83)
1105 2544 1193 2580 Apud
1210 2545 1272 2572 LXX
1295 2543 1386 2580 paulo
1415 2544 1500 2572 aliter
1523 2543 1633 2580 legitur
1653 2542 1747 2572 Eccle.
1764 2550 1824 2576 xxx,

997 2583 1013 2608 2
1028 2578 1084 2612 :‘a;
1111 2578 1161 2606 ὰπο
1181 2578 1321 2617 προσώπου
1338 2582 1424 2617 ὄφεως,
1442 2583 1517 2615 φεῦγε
1531 2578 1824 2617 ἀπὸνὴμαρτίαςηίίιη-

997 2625 1087 2652 quam
1103 2624 1121 2644 a
1135 2614 1216 2650 facie
1231 2614 1360 2652 colubri;
1372 2614 1474 2652 [μελέα
1488 2616 1607 2650 peccato
1620 2624 1626 2642 :
1638 2614 1657 2642 δέ
1666 2622 1728 2650 qua
1738 2614 1825 2643 inter-

996 2651 1164 2688 pretatione
1176 2659 1236 2678 non
1249 2651 1362 2688 recedit
1375 2651 1514 2688 Vulgata.

1032 2689 1086 2722 (8i)
1108 2687 1200 2715 Editio
1224 2688 1317 2714 Paris.
1335 2685 1464 2722 ἀναμένων
1480 2686 1501 2712 εἰ
1513 2687 1583 2722 πότε.
1609 2685 1723 2714 Vocula
1739 2685 1761 2712 εἰ
1774 2693 1822 2713 ne-

994 2731 1053 2764 que
1062 2721 1093 2763 in
1099 2723 1229 2787 teditione
1238 2722 1325 2755 Basil.
1333 2721 1431 2761 neque
1440 2721 1469 2750 in
1479 2721 1589 2750 nostris
1604 2724 1734 2758 quatuor
1749 2729 1824 2751 mss.

994 2766 1096 2787 iuvem
1112 2767 1156 2787 ur.

993 2766 1156 2791 Invenitur.
