2049 3131
267 136 318 164 547

969 133 996 168 8,
1019 131 1130 161 BASILI
1149 133 1260 162 MAGM

1893 141 1945 168 548

267 197 430 234 possideat,
442 197 469 224 et
482 195 659 230 magniﬁcas
674 195 765 227 aedes,
779 196 806 224 et
819 195 1018 224 animantium
1030 203 1080 232 gre

1147 193 1183 222 δι’
1204 197 1295 228 αἰῶνος
1310 197 1393 224 αὐτῶν
1406 209 1412 215 ι
1438 198 1476 225 ἐπ’
1492 198 1577 236 ὀλίγον
1601 198 1630 226 δὲ
1654 199 1704 226 ἀπὸ
1724 202 1821 227 τούτων
1848 201 1944 238 ὀνομα-

268 251 319 278 ges
335 241 433 270 omnis
444 240 727 276 generis,fueritque
743 241 877 268 humano
891 241 972 268 omni
988 244 1092 277 poten-

266 290 329 315 tatu
341 287 453 322 sepius,
474 285 520 312 his
536 287 680 321 perpetuo
699 284 816 320 fruitur,
834 285 885 313 sed
901 285 939 313 ab
960 285 1033 321 ipsis
1053 284 1092 312 ad

264 330 356 358 breve
375 332 496 365 tempus
513 332 637 364 accepto
652 330 784 364 nomine,
805 329 869 358 aliis
892 330 999 358 iterum
1018 337 1092 366 opes

264 375 456 411 cedit,ipsum
468 382 540 402 vero
551 374 659 410 exigua
670 374 753 402 tellus
764 375 907 403 recondit.
922 375 986 403 lmo
1001 374 1091 402 etiam

264 427 343 456 Stepe
355 421 424 447 ante
440 419 636 455 sepulturam,
653 422 680 447 et
691 421 854 455 antequam
865 420 934 447 hinc
944 419 1089 454 discedat,

262 463 378 493 videbit
397 471 454 491 sua
472 463 555 491 bona
571 463 611 491 ad
628 463 713 498 alios,
729 471 840 500 eosque
854 464 978 492 fortasse
991 463 1091 492 inimi-

262 517 326 543 cos,
354 508 489 537 transire.
515 508 558 535 An
588 509 765 543 ignoramus
789 516 883 544 quam
907 508 992 536 multi
1016 508 1090 543 agri,

262 562 356 591 quam
379 553 480 581 multa;
496 553 587 584 aedes,
603 561 697 589 quam
711 553 812 580 multm
832 555 934 588 gentes
948 561 982 581 ac
992 552 1091 580 civita-

262 601 315 631 tes,
336 598 426 626 etiam
451 597 550 625 adhuc
571 596 741 625 viventibus
755 597 808 634 qui
830 605 865 625 ea
879 597 1088 634 possederant,

262 644 389 672 aliorum
396 643 588 671 dominorum
595 642 878 678 nominaprioribus
885 641 1090 670 exutisindue-

260 689 342 718 rint?
353 691 381 717 et
399 687 659 724 quemadmodum
671 686 690 714 ii
705 688 757 723 qui
772 686 844 715 olim
855 687 990 715 servituti
1005 686 1092 715 addi-

260 733 416 769 cebantur,
430 732 660 761 conscenderint
673 731 859 768 principatus
870 732 1022 766 thronum,
1038 740 1090 768 qui

258 788 328 808 vero
339 779 453 808 domini
464 778 588 814 herique
603 778 803 811 vocabantur,
822 778 844 806 si
869 786 938 806 cum
962 777 1089 806 subditis

1148 241 1228 273 σθεὶς,
1256 242 1342 272 ἄλλοις
1366 243 1442 269 πάλιν
1470 249 1517 274 τῆς
1542 245 1664 282 εὐπορίας
1687 244 1851 277 ἑκστήσεται,
1875 246 1944 284 βρα-

1146 289 1222 320 χεῖαν
1241 290 1290 321 γῆν
1310 287 1388 318 αὐτὸς
1402 286 1512 320 ὑποδὺς,
1533 288 1656 319 πολλάκις
1671 287 1701 316 ὃς
1713 292 1757 316 καὶ
1776 292 1826 327 πρὸ
1841 295 1887 317 τοῦ
1900 293 1945 317 τιέ-

1147 340 1204 366 φου,
1230 333 1274 356 καὶ
1304 333 1353 367 πρὸ
1379 336 1427 363 τῆς
1450 332 1561 360 ἐντεῦθεν
1586 333 1799 366 ἀπαναστάσεως,
1825 335 1861 366 εἰς
1887 335 1943 362 ἐτέ-

1145 384 1215 412 ρους,
1248 378 1292 401 καὶ
1320 376 1458 413 πολεμίους
1485 378 1577 413 τυχὸν,
1607 381 1653 407 τὴν
1683 379 1825 416 εὐπραγίαν
1852 379 1944 415 ὀψεται

1146 419 1362 456 μεταϐαίνουσαν.
1380 421 1412 448 Ἦ
1437 421 1483 448 οὐκ
1502 423 1577 458 ἴσμεν
1597 424 1689 450 ὁπόσοι
1716 425 1760 460 μὲν
1788 423 1872 462 ἀγροὶ,
1892 427 1943 451 πό-

1148 474 1193 490 σαι
1216 463 1245 490 δὲ
1271 465 1362 501 οἰκίαι,
1379 468 1450 493 πόσα
1466 465 1495 493 δέ
1519 467 1577 496 ἔθνη
1600 471 1644 494 καὶ
1669 471 1764 501 πόλεις,
1782 472 1826 495 καὶ
1842 470 1942 500 ζώντων

1146 509 1183 534 ἔτι
1208 513 1257 535 τῶν
1281 513 1458 547 κτησαμένων,
1476 511 1565 549 ἐτέρων
1588 511 1701 549 ὀνόματα
1728 514 1942 550 μετημφιάσαντο

1147 552 1301 589 δεσποτῶνς
1326 558 1370 582 καὶ
1383 557 1417 587 ὡς
1441 557 1464 582 οἱ
1487 558 1532 593 μὲν
1544 556 1626 584 παλαι
1651 555 1814 590 δουλεύοντες
1834 558 1875 586 ἐπὶ
1899 560 1942 586 τὸν

1145 602 1193 629 τῆς
1208 597 1297 636 ἀρχῆς
1317 601 1405 638 θρόνον
1420 600 1558 635 ἀνέϐησαν,
1579 603 1603 628 οἱ
1627 600 1657 629 δὲ
1682 604 1768 640 κύριοι
1783 605 1828 630 καὶ
1843 601 1943 631 δεσπό-

1145 653 1188 669 ται
1202 644 1354 681 καλούμενοι
1383 648 1553 683 στῆναιμετὰ
1582 651 1631 673 τῶν
1658 647 1808 685 ἀρχομένων
1835 649 1943 685 ἠγάπη-

1146 697 1203 725 σαν,
1225 692 1268 716 καὶ
1295 694 1348 721 τοῖς
1375 691 1472 718 ἑαυτῶν
1499 690 1603 723 δούλοις
1631 693 1776 729 ὑπέκυψαν,
1807 695 1893 731 ὥσπερ
1918 693 1942 720 ἄν

1144 733 1229 760 κύϐων
1248 740 1425 772 περιτροπαῖς,
1439 738 1619 774 μεταχθέντων
1635 739 1690 774 (91)
1702 739 1771 774 ἄρνω
1786 743 1834 765 τῶν
1854 749 1942 776 πραγ-

1144 784 1232 816 ματων
1248 784 1335 812 αυτοῖς
1347 789 1353 814 ς

258 825 397 856 sederint,
413 824 491 851 bene
507 831 609 851 secum
623 825 724 851 actum
740 822 873 851 arbitrati
889 823 957 856 sint,
969 830 1004 850 ac
1020 822 1235 852 succubuerint
1247 825 1310 853 suis
1326 825 1462 862 ipsorum
1478 827 1583 863 servis,
1598 827 1700 863 rebus,
1710 827 1790 856 velut
1805 829 1836 857 in
1853 830 1941 858 tesse-

256 877 360 897 rarum
374 869 568 901 circumactu,
585 867 746 903 derepente
759 867 985 896 transmutatis?

293 916 319 942 4.
331 914 399 942 Jam
414 921 486 941 vero
509 921 544 940 ea
556 920 624 949 quae.
638 912 727 940 nobis
744 913 783 941 ad
803 913 904 940 cibum
928 921 963 941 ac
979 914 1086 948 potum

257 958 425 994 excogitata
441 960 518 993 sunt,
531 960 559 985 et
569 957 718 994 quidquid
729 957 897 994 petulantes
911 957 1020 985 divitiae
1041 957 1086 985 ul-

256 1005 301 1032 tra
325 1002 534 1031 nece55itatem
559 1002 598 1030 ad
617 1002 727 1037 ingrati
750 1002 883 1038 nihilque
908 1002 1086 1030 continentis

257 1048 367 1077 ventris
380 1048 552 1084 obsequum
564 1046 884 1084 adinvenere,quando
893 1049 995 1075 nostra
1005 1049 1084 1082 sunt,

257 1093 374 1122 etiamsi
384 1093 529 1129 perpetuo
541 1091 743 1120 infunduntur
751 1092 764 1119 7
775 1093 846 1125 Quae
857 1091 908 1120 ubi
921 1094 1044 1127 gustum
1055 1092 1086 1120 in

254 1137 382 1166 transitu
397 1137 544 1164 duntaxat
557 1136 679 1164 modica
695 1136 830 1173 quadam
845 1136 998 1172 voluptate
1014 1135 1083 1164 atie-

253 1183 358 1218 cerint,
382 1190 453 1210 mox
473 1184 620 1218 tanquam
641 1181 767 1210 molesta
791 1189 826 1209 ac
841 1181 994 1218 superﬂua
1006 1190 1084 1217 aegre
1118 1180 1120 1216 ἱ

253 1227 388 1261 ferimus,
399 1226 633 1262 festinanterque
649 1225 731 1254 foras
749 1226 895 1262 ejicimus,
912 1229 943 1254 ut
963 1226 992 1254 in
1004 1234 1085 1254 sum-
1119 1241 1121 1252 θ

253 1280 339 1301 mum
362 1271 429 1299 vitae
451 1270 614 1299 discrimen
637 1271 800 1306 venientes,
817 1271 841 1298 si
865 1271 895 1298 in
920 1271 1084 1299 visceribus

253 1316 306 1345 diu
320 1318 542 1352 permanerent.
554 1317 675 1344 Mortem
692 1316 771 1344 enim
788 1324 849 1343 non
865 1317 970 1351 paucis
987 1316 1085 1344 intulit

254 1361 386 1394 satietas,
405 1360 519 1396 fuitque
547 1360 577 1388 in
594 1368 699 1395 causa,
721 1368 774 1387 cur
797 1360 870 1388 nihil
883 1360 1015 1396 amplius
1031 1361 1083 1388 de-

254 1404 548 1441 gustarent.l.asciva
558 1404 688 1440 denique
699 1403 994 1441 cubilia,impurique
1002 1413 1082 1433 com-

251 1451 369 1487 plexus,
383 1452 412 1478 et
425 1450 529 1477 omnia
544 1449 669 1477 rabiOSae
686 1451 776 1485 atque
787 1449 962 1477 insanientis
973 1449 1082 1478 animus

252 1503 355 1531 opera,
367 1502 468 1522 nonne
479 1495 589 1522 natura
609 1495 677 1521 sunt
692 1493 905 1521 detrimentum
922 1494 1011 1530 plane
1026 1494 1082 1522 evi-

250 1539 338 1572 dens,
350 1541 378 1567 et
393 1538 542 1575 pernicies
559 1537 649 1573 clara,
658 1540 685 1566 et
696 1538 801 1566 dolum
812 1547 880 1574 quae
895 1539 1003 1574 cuique
1014 1547 1081 1567 vere

250 1584 380 1621 propriae
401 1585 469 1611 sunt
480 1582 662 1611 abalienatio
678 1591 713 1611 ac
725 1583 908 1616 imminutio,
928 1592 997 1612 cum
1017 1591 1080 1612 cor-

250 1614 491 1666 pus-tenueturin
503 1627 905 1664 complexibus,etalimento
915 1636 1080 1664 eongruen-
1095 1614 1114 1642 c

250 1674 365 1702 tissimo
381 1675 472 1709 atque
485 1673 524 1700 ad
539 1673 746 1701 conservanda
756 1673 895 1701 membra
908 1681 1080 1702 accommo-

248 1717 406 1746 datissimo
417 1717 581 1753 spolietur?
590 1719 692 1754 Itaque
703 1725 952 1754 unumquemque
961 1717 1080 1746 illorum

247 1762 300 1800 qui
313 1761 463 1790 cubilibus
478 1761 640 1798 impudicis
654 1762 837 1797 volutantur,
850 1763 950 1791 statim
961 1762 1080 1800 postia-

252 1807 349 1841 cinus,
366 1814 434 1834 cum
451 1809 575 1835 (astrum
592 1806 843 1842 elanguitcarnis,
857 1815 1014 1843 mensque,
1030 1807 1080 1835 de-

247 1851 379 1881 testabili
392 1851 452 1879 ﬁne
472 1850 594 1879 obtento
611 1858 716 1879 eorum
731 1859 798 1887 qua:
812 1852 943 1886 tentavit,
959 1852 1079 1880 recolle-

248 1896 290 1932 git
300 1904 364 1924 sese
376 1899 522 1932 tanquam
534 1903 570 1923 ex
584 1894 726 1923 ebrietate
746 1898 797 1924 aut
810 1898 985 1932 tempestate
1004 1904 1077 1933 qua-

247 1940 329 1975 dam,
339 1942 377 1974 et,
387 1940 513 1968 ubinam
529 1939 576 1974 sit,
589 1939 803 1968 considerandi
814 1940 908 1968 otium
924 1943 1014 1969 nacta
1025 1944 1075 1969 est

244 1984 470 2012 incontinentiae
487 1992 549 2011 suae
560 1983 648 2011 valde
662 1984 829 2012 admodum
852 1985 983 2020 poenitet.
1002 1987 1075 2014 Sen-

244 2028 278 2057 tit
293 2028 373 2056 enim
388 2036 499 2064 corpus
511 2030 540 2056 et
560 2027 739 2056 imbecillius
763 2028 876 2057 factum
902 2037 976 2064 esse,
994 2032 1021 2058 et
1036 2031 1075 2058 ad

243 2081 371 2102 munera
383 2073 554 2101 necessaria
565 2073 707 2101 obeunda
719 2073 838 2109 pigrum
849 2082 884 2102 ac
894 2081 1017 2110 prorsus
1026 2075 1075 2104 de.

243 2116 311 2146 bile.
329 2118 389 2146 Hoc
398 2118 488 2153 igitur
499 2126 567 2146 cum
583 2117 640 2154 ipsi
651 2126 774 2154 quoque
783 2118 959 2155 pasdotribze
971 2119 1075 2148 intelli—

243 2165 356 2198 gerent,
373 2162 563 2191 continentur.
578 2162 676 2197 legem
688 2164 718 2191 in
735 2163 882 2200 palaestris
899 2167 1072 2199 sanxerunt,

243 2207 481 2236 adolescentium
494 2215 623 2243 corpora
633 2215 651 2235 a
663 2207 871 2244 voluptalibus
881 2210 944 2237 tuta
956 2217 1073 2237 servan-

241 2251 419 2288 tem,eisque
428 2251 610 2279 certantibus
626 2259 663 2279 ne
678 2252 811 2288 aspicere
822 2253 946 2289 quidem
955 2253 1074 2288 elegan-

241 2298 285 2324 tes
300 2295 413 2324 formas
424 2296 657 2332 permittentem,
670 2297 694 2324 si
705 2297 812 2325 vellent
835 2299 935 2334 capita
950 2306 1004 2326 sua
1025 2307 1074 2327 co-
1090 2289 1112 2317 ί)

241 2340 324 2369 ronis
340 2348 497 2375 exornare,
513 2340 597 2377 quod
614 2341 830 2371 incontinentia
854 2342 948 2372 risum
963 2343 994 2371 in
1009 2343 1073 2372 luc-

242 2385 354 2414 talione
368 2384 482 2420 afferat,
493 2392 554 2413 non
569 2393 724 2414 coronam.

277 2477 303 2504 5.
319 2475 386 2504 Haec
401 2474 523 2513 quidem
540 2478 686 2513 tanquam
709 2476 806 2506 aliena
831 2478 955 2507 omnino
979 2481 1071 2516 atque

238 2519 351 2556 inania,
364 2522 471 2557 etquae
487 2520 598 2549 nullius
614 2522 737 2558 propria
749 2530 816 2550 esse
833 2523 1070 2560 possint,operee

238 2566 369 2602 pretium
385 2567 430 2593 est
445 2565 555 2593 clausis
569 2566 664 2593 oculis
679 2567 831 2602 praeterire
847 2575 853 2595 :
870 2576 977 2597 eorum
999 2577 1069 2598 vero

237 2618 306 2647 quae
319 2618 389 2638 vere
400 2612 503 2638 nostra
518 2613 600 2646 sunt,
612 2611 752 2639 convenit
768 2612 852 2647 167
867 2621 973 2642 curam
991 2614 1067 2642 mul-

271 2733 328 2770 (91)
344 2733 416 2771 Reg,
435 2733 553 2771 primus
563 2737 744 2771 περιτροπαῖς
758 2736 952 2771 μετατεθέντων.

345 2768 538 2810 Antiquitres
562 2768 912 2810 ῙΞὺὲμκινδυνεῆξοντεςτᾼξ
934 2775 1004 2810 Reg,
1022 2783 1066 2804 se.

236 2803 355 2834 cundus
380 2806 409 2832 et
425 2803 503 2832 aditi
527 2803 744 2837 κινδυνεύσοντες.
762 2808 837 2836 Mox.
852 2809 935 2838 Colb.
950 2803 1065 2847 primus

1175 912 1201 940 4.
1223 913 1261 939 Τά
1283 923 1314 950 γε
1338 917 1390 950 μὴν
1419 915 1454 946 εἰς
1483 915 1583 954 βρῶσιν
1612 917 1674 953 ἡμῖν
1694 916 1874 955 ἐπινενοημένα
1898 905 1942 944 καὶ

1140 958 1226 989 πόσιν,
1251 960 1296 984 καὶ
1322 960 1416 994 πάντα,
1443 961 1494 987 ὅσα
1520 963 1587 998 πέρα
1605 965 1653 993 τῆς
1679 965 1770 1000 χρείας
1796 963 1809 989 ὁ
1833 962 1940 994 πλοῦτος

1118 1001 1260 1046 ιυϐρίζωνν
1282 1002 1470 1041 ἐμηχανήσατο
1506 1008 1568 1044 πρὸς
1601 1008 1735 1044 θεραπείαν
1764 1011 1812 1040 τῆς
1840 1007 1939 1046 ἀχαρί-

1119 1046 1124 1078 ζ
1141 1057 1203 1090 στου
1224 1050 1268 1074 καὶ
1294 1048 1377 1085 μηδὲν
1404 1053 1549 1087 στεγούσης
1565 1054 1690 1089 γαστρός,
1703 1051 1771 1080 νπόἓν
1781 1053 1940 1091 ἅνῆἧμ-ἐτερα

1139 1094 1248 1128 γένοιτο,
1272 1093 1319 1119 κᾶν
1339 1094 1496 1126 ἐπαντλῆται
1518 1095 1657 1131 diuquam;
1673 1097 1704 1125 ⁸Α
1720 1108 1749 1134 γε
1767 1100 1862 1135 μικράν
1881 1108 1939 1125 τινα

1190 1139 1276 1173 γεύσει
1295 1141 1371 1175 μόνον
1387 1139 1558 1178 ὲναποθέμενα
1572 1143 1639 1168 κατὰ
1662 1145 1708 1172 τὴν
1733 1141 1849 1181 πάροδον
1869 1142 1937 1173 ἠδο-

1138 1183 1193 1215 νὴν,
1222 1183 1296 1214 εὐθὺς
1322 1186 1356 1215 ὡς
1385 1184 1489 1222 ὀχληρά
1512 1189 1557 1212 καὶ
1581 1188 1690 1225 περιττὰ
1718 1186 1934 1226 δυσχεραίνομεν,

1138 1228 1181 1252 καὶ
1210 1229 1277 1263 μετα
1305 1228 1423 1260 σπουδῆς
1457 1230 1503 1262 ἔξω
1534 1241 1579 1258 ποι
1610 1231 1747 1269 βάλλομεν,
1778 1234 1810 1263 ὡς
1836 1235 1856 1259 εὶ
1883 1238 1936 1259 τοῖς

1140 1271 1304 1308 σπλάγχνοις
1319 1272 1481 1311 ἐγχρονίσοι,
1505 1277 1538 1302 τὰ
1561 1278 1673 1312 μέγιστα
1688 1278 1746 1314 περὶ
1760 1282 1804 1304 τοῦ
1822 1278 1868 1314 ζῇν
1884 1288 1936 1304 κιν-

1117 1319 1120 1329 ²
1138 1313 1301 1347 δννεύσοντες
1314 1318 1382 1353 (9‘2).
1407 1319 1513 1352 Πολλοῖς
1530 1321 1592 1357 γοῦν
1618 1322 1630 1347 ὸ
1652 1313 1727 1360 κόρος
1747 1323 1829 1358 ἤγαγε
1855 1323 1935 1349 θοίνα-

1137 1369 1189 1393 τον,
1214 1364 1259 1387 καὶ
1286 1366 1332 1388 τοῦ
1358 1361 1470 1399 μηδῖαός
1493 1364 1630 1392 ἀπολαύειν
1649 1367 1686 1393 ἔτι
1715 1366 1848 1403 γελένηται
1873 1369 1936 1405 πρό-

1137 1404 1213 1436 ξενος.
1244 1410 1335 1433 Κοῐται
1365 1406 1394 1434 δὲ
1421 1408 1545 1446 ἀσελγεῖς,
1569 1412 1613 1436 καὶ
1642 1410 1749 1448 βέϐηλοι
1773 1412 1934 1449 συμπλοκαὶ,

1136 1453 1180 1476 καὶ
1204 1451 1288 1478 πάντα
1310 1453 1359 1478 ὅσα
1377 1452 1512 1485 λυττὼσης
1527 1456 1591 1492 ipa/cz
1605 1459 1650 1482 καὶ
1662 1459 1814 1493 παραφόρου
1829 1457 1932 1492 ψυχῆς,

1135 1494 1199 1530 οὖχὶ
1229 1495 1362 1532 πρόδηλος
1380 1499 1463 1528 πάντη
1501 1500 1557 1536 (93)
1591 1500 1675 1537 ζημία
1706 1505 1737 1538 τῇ
1773 1502 1857 1537 φύσει,
1890 1504 1952 1529 καὶ.

1136 1538 1221 1575 βλάϐη
1237 1544 1362 1578 περιφανῆ
1369 1553 1389 1578 ς,
1403 1545 1447 1570 καὶ
1462 1548 1511 1570 τῶν
1537 1542 1610 1571 ἰδίων
1626 1547 1703 1576 ὅντως
1727 1545 1838 1572 ἑκάστου
1866 1545 1933 1582 μᾶλ-

1135 1583 1176 1609 λον
1210 1583 1377 1622 ὰλλοτρίωσίς
1408 1597 1434 1614 τε
1462 1591 1507 1615 καὶ
1539 1592 1657 1626 μείωσις⁷
1678 1590 1862 1628 ἐλαττουμένου
1887 1595 1933 1617 τοῦ

1136 1631 1256 1665 σώματος
1282 1629 1307 1656 ἐν
1336 1635 1391 1662 ταῖς
1420 1632 1515 1669 μίξεσι,
1543 1636 1588 1661 καὶ
1613 1639 1659 1665 τῆς
1685 1637 1867 1671 γνησιωτοίτης
1889 1638 1934 1662 καὶ

1135 1676 1359 1708 σννεκτικωτάτης
1390 1682 1439 1703 τῶν
1471 1678 1552 1715 μελῶν
1587 1679 1787 1716 ἀποσυλωμένου
1816 1684 1932 1717 τροφῆς

1132 1718 1275 1754 Τοιγαροῦν
1304 1718 1413 1746 ἑκάστου
1447 1725 1497 1747 τῶν
1525 1725 1580 1753 ταῖς
1609 1721 1743 1758 ἀσελγέσιν
1774 1721 1934 1758 ἔγκαλινδη-

1133 1761 1224 1787 θέντων
1251 1762 1345 1797 εὐναῖς,
1368 1765 1433 1800 μετά
1458 1768 1506 1795 τὴν
1534 1767 1628 1803 πρᾶξιν
1648 1767 1732 1801 εὐθὺς,
1758 1768 1819 1793 ὅταν
1845 1768 1857 1793 ὁ
1887 1769 1932 1803 μὲν

1132 1809 1179 1837 τῆς
1197 1809 1291 1845 σαρκὸς
1310 1807 1412 1847 οἶστρος
1440 1810 1616 1849 ἀπολαρανθῇ,
1632 1814 1696 1850 πρὸς
1707 1814 1737 1839 τὸ
1754 1811 1881 1850 βδελυρὸν
1902 1810 1932 1838 δί

1133 1850 1166 1876 ὧν
1191 1851 1341 1890 ἐνεχείρησε
1359 1856 1437 1892 πέρας
1463 1855 1540 1883 ἐλθὼν
1565 1858 1577 1882 ὁ
1605 1861 1675 1890 νοῦς,
1691 1858 1777 1895 ὥσπερ
1798 1856 1824 1882 ἐκ
1847 1857 1932 1893 μέθης

1132 1894 1147 1924 ἦ
1174 1900 1304 1934 χειμῶνός
1331 1908 1405 1936 τινος,
1436 1904 1481 1927 τοῦ
1510 1901 1678 1938 λογίσασθαι,
1699 1906 1745 1929 ποῖ
1770 1903 1831 1928 ποτέ
1860 1899 1929 1929 ἐστι.

1131 1940 1205 1968 λάϐοι
1228 1943 1338 1979 σχολὴν,
1361 1943 1476 1982 σφοδρός
1501 1956 1539 1977 τις
1560 1946 1709 1984 εἰσέρχεται
1733 1951 1779 1978 τῆς
1801 1946 1932 1985 ἀκρασίας

1131 1987 1281 2024 μετάμελος.
1299 1987 1504 2029 Ἀδρανεστέρου
1528 2001 1555 2018 τε
1578 1993 1628 2030 γὰρ
1655 1993 1806 2019 αἰσθάνεταί
1824 2002 1930 2029 γεγενη-

1130 2034 1206 2068 μένου
1233 2037 1278 2059 τοῦ
1309 2037 1440 2071 σώματος,
1468 2037 1513 2062 καὶ
1541 2038 1604 2074 πρὸς
1632 2039 1678 2066 τὴν
1706 2041 1755 2064 τῶν
1783 2037 1931 2074 ἀναγκαίων

1131 2077 1255 2115 ἐργασίαν
1283 2081 1392 2117 νωθροῦ,
1423 2084 1467 2108 καὶ
1496 2083 1662 2110 παντάπασιν
1689 2083 1822 2115 ἀσθενοῦς.
1847 2087 1930 2111 Τοῦτο

1131 2121 1164 2152 δὴ
1193 2124 1245 2161 οἶρα
1273 2126 1318 2152 καὶ
1345 2129 1397 2156 τοῖς
1422 2124 1608 2164 παιδοτρίϐαις
1636 2131 1830 2158 κατανοήσασιν
1849 2129 1862 2155 ὁ
1881 2133 1930 2160 τῆς

1131 2170 1300 2206 σωφροσύνης
1341 2169 1365 2196 ἓν
1407 2175 1463 2201 ταῖς
1502 2172 1675 2210 παλαίστραις
1709 2175 1856 2211 γέγραπται
1888 2176 1931 2200 νό-

1129 2223 1175 2249 μος
1200 2214 1268 2250 (94),
1292 2214 1379 2241 ἄσυλα
1401 2215 1473 2252 παρὰ
1499 2221 1550 2242 τῶν
1574 2215 1674 2247 ἡδονῶν
1702 2222 1756 2250 τοῖς
1783 2220 1931 2250 νεανίσκοις

1130 2257 1264 2294 φυλάττων
1286 2260 1319 2286 τὰ
1348 2263 1468 2297 σώματα,
1493 2263 1537 2288 καὶ
1563 2261 1610 2288 οὐκ
1634 2262 1775 2301 ἐπιτρέπων
1803 2263 1931 2300 ἀγωνιζο-

1129 2303 1212 2339 μένοις
1238 2303 1336 2340 αὗτοῖς,
1361 2303 1423 2332 οὐδὲ
1453 2307 1513 2333 ὅσον
1537 2306 1701 2345 προσϐλέψαι
1729 2312 1787 2340 ταῖς
1812 2308 1930 2346 λαμπού-

1129 2357 1187 2379 σαις
1209 2353 1331 2387 μορφαῖς,
1356 2351 1408 2387 εἴγε
1429 2350 1535 2379 ἐθέλοιεν
1561 2354 1756 2389 στεφανωθῆναι
1779 2355 1826 2383 τὴν
1853 2364 1929 2391 κιφα-

1128 2391 1183 2427 λὴν,
1198 2394 1233 2424 ὡς
1246 2398 1291 2425 τῆς
1307 2393 1434 2433 ἀκρασίας
1445 2396 1546 2433 γέλωτα
1560 2396 1678 2434 ἀγούσης
1689 2397 1714 2424 ἐν
1738 2403 1774 2435 τῷ
1798 2399 1928 2434 παλαίειν,

1127 2438 1157 2464 οὐ
1174 2441 1307 2476 σνέφανον.

1164 2486 1189 2528 ti.
1203 2487 1292 2528 Ταῦτα
1312 2487 1357 2522 μὶν
1377 2486 1409 2517 ὡς
1425 2486 1546 2526 ἀλλότρια
1563 2486 1647 2518 πάντη
1674 2490 1718 2516 καὶ
1737 2489 1856 2528 περιττὰ,
1882 2492 1928 2518 καὶ

1126 2526 1231 2559 οὐδενὸς
1258 2527 1316 2556 ἴδια
1330 2531 1450 2567 γενέσθαι
1475 2530 1617 2569 δυνάμενα,
1641 2526 1817 2572 παρατρέχειν
1837 2534 1928 2568 καλὸν,

1124 2575 1184 2604 τοὺς
1203 2573 1350 2612 ὀφθαλμοὺς
1369 2576 1565 2614 ἐπιμύσαντας·
1585 2582 1636 2605 τῶν
1652 2577 1682 2605 δέ
1697 2581 1775 2610 ὅντως
1796 2581 1927 2617 ἡμετέρων

1124 2621 1245 2656 πρόνοιαν
1280 2623 1409 2657 προσήκει
1436 2623 1570 2650 ποιεῖσθαι
1597 2623 1703 2654 πολλὴν.
1728 2626 1760 2651 Τί
1791 2622 1821 2651 di
1849 2626 1929 2656 ὅντως

1124 2741 1214 2766 Κοῖται
1230 2736 1260 2768 δὲ
1274 2742 1330 2770 καί.

1157 2776 1213 2846 ξοδ)
1229 2777 1306 2806 Editi
1317 2788 1405 2805 παντί.
1417 2780 1453 2807 At
1462 2787 1537 2808 mss.
1549 2779 1645 2810 πάντη.

1170 2811 1215 2846 94)
1229 2812 1304 2846 Lege
1321 2814 1464 2844 Ducasum
1474 2815 1506 2844 in
1517 2814 1603 2846 illud.
1619 2817 1765 2846 γέγραπται
1777 2817 1804 2842 νό

1170 2811 1215 2848 94)
1229 2812 1304 2849 Lege
1321 2814 1464 2844 Ducasum
1474 2815 1506 2844 in
1517 2814 1603 2851 illud,
1619 2817 1765 2853 γέγραπται
1777 2817 1864 2853 νόμος.
