2049 3131
101 143 154 171 349

500 139 620 168 HOMIL.
640 139 736 172 QUOD
757 134 938 166 MUNDANIS
957 138 1211 168 ADHIERENDUM
1230 140 1300 168 NON
1321 140 1385 168 SlT.

1731 142 1783 169 550

101 206 244 242 ἠμίτιρονς
271 203 350 238 Ψυχή
375 209 412 234 τε,
480 201 573 237 ζῶμεν,
593 201 670 230 λεπτή
699 209 739 231 τις
763 198 830 226 οὖσα
856 201 900 226 καὶ

972 208 1020 228 am
1034 200 1155 230 habere.
1168 201 1243 234 Quid
1255 204 1355 230 autem
1366 209 1433 230 vere
1448 203 1585 230 nostrum
1598 202 1663 230 est?
1675 202 1784 230 Anima

100 251 184 286 νοερὰ,
201 249 246 274 κα).
261 245 336 273 οὐδὲν
354 245 460 282 δεομένη
485 250 535 271 τῶν
551 245 715 283 βαρυνόντων
730 255 736 262 ·
753 247 798 270 καί
815 249 900 280 σῶμα,

101 295 129 320 τὸ
151 294 234 329 ταύτῃ
258 290 333 318 δοθὲν
356 293 449 326 ὄχημα
469 291 532 326 πρὸς
547 291 590 316 τὸν
611 289 669 326 βίον
688 290 760 327 παρὰ
782 293 827 315 τοῦ
849 298 903 314 κτι-

103 347 205 368 σαντος.
221 340 305 364 Τοῦτο
319 336 370 372 γὰρ
392 336 527 372 ἄνθρωπος
540 345 546 352 ο
559 338 619 365 νοῦς
638 332 802 370 ἐνδεδεμένος
822 342 904 370 προσ-

101 386 171 420 φόρῳ
194 384 240 408 καὶ
268 381 403 418 πρεπούσῃ
435 382 522 415 σαρκί.
550 383 627 405 τοῦτο
653 379 703 405 ὑπὸ
734 383 779 405 τοῦ
807 379 904 404 πανσό-

101 437 149 464 φου
172 428 294 463 τεχνίτου
310 429 360 452 τῶν
376 424 438 450 ὅλων
459 423 483 450 ἄν
507 427 561 454 τοῖς
581 427 713 460 μητρῴοις
737 424 810 460 ἡμῶν
825 422 905 449 πλάτ-

100 481 174 499 τεται
197 471 311 501 κόλποις.
334 473 417 496 Τοῦτο
441 469 476 499 εἰς
499 473 551 505 φῶς
575 468 602 495 ἐκ
617 473 667 494 τῶν
692 476 827 494 σκοτεινῶν
843 467 905 493 ἐκει-

101 527 150 544 νων
176 517 296 552 θαλάμων
318 514 331 541 ὁ
355 518 405 541 τῶν
430 512 529 540 ὠδίνων
554 514 613 549 ἄγει
637 515 737 550 καιρός.
753 516 834 539 Τοῦτο
860 513 905 549 οἱρ-

103 571 162 599 χειν
186 560 287 596 ἐτάχθη
315 563 365 585 τῶν
389 558 432 585 ἐπι
449 562 509 594 γῆς.
529 559 619 594 Τούτῳ
642 557 786 594 γυμνάσιον
814 556 905 593 ἀρετῆς

103 607 119 635 ἡ
146 608 233 637 κτίσις
252 603 416 642 ὖφήπλωται.
442 605 531 638 Τούτῳ
554 606 639 629 κεῖται
660 604 747 639 νόμος,
768 601 906 638 μιμεῖσθαι

105 652 150 677 τὸν
170 650 286 678 πλάστην
305 648 340 679 εἰς
364 646 485 684 δύναμιν,
500 649 544 673 καὶ
564 649 611 676 τὴν
636 646 660 672 ἐν
685 646 804 684 οὐρανοῖς
828 645 906 672 εὐτα-

106 696 165 728 ξίαν
183 697 350 731 σκιαγραφεῖν
369 692 412 719 ἐπὶ
440 695 501 728 γῆς.
524 695 617 725 Τοῦτο,
645 691 759 718 ἐντεῦθεν
782 690 907 726 καλούμε-

106 749 160 774 νον,
179 739 363 766 ἀπανίσταται.
379 740 462 764 Τοῦτο
483 740 520 772 τῷ
534 740 580 762 τοῦ
599 736 747 772 πέμψαντος
760 739 827 762 Θεοῦ
841 743 908 771 παρα

108 786 213 812 ίσταται
229 783 341 820 βήματι.
358 785 441 809 Τοῦτο
456 781 590 807 εὐθύνεται
602 791 608 798 ·
629 784 706 807 τοῦτο
730 779 838 816 δέχεται
860 782 906 808 τὴν

105 833 155 856 τῶν
195 827 306 855 ενταῦθα
341 826 560 862 πεπολιτευμένων
591 823 737 853 ἀντίδοσιν.
776 827 826 852 Καὶ
863 825 907 854 τὰς

105 872 198 910 ἀρετὰς
225 871 255 900 δε
278 873 391 909 ἡμέτερα
416 873 539 907 κτήματα
562 873 685 907 γινόμενα
708 870 779 907 εὕροι
799 879 840 901 τις
866 869 906 903 ἂν,

105 919 167 945 ὅταν
191 918 219 950 ἐξ
244 917 387 954 ἄπιμελείας
411 916 595 952 συνυφανθῶσι
616 919 647 951 τῇ
674 916 768 951 φύσει·
783 917 829 940 καὶ
849 913 909 940 οὒτε

107 963 150 989 ἐπὶ
178 968 226 999 γῆς
254 963 422 999 μοχθοῦντας
450 961 520 997 ἡμᾶς
547 959 734 996 ἀπολιμπάνειν
767 958 907 993 ἇθίλονσιν,

107 1008 139 1038 ἣν
163 1010 198 1044 μὴ
225 1009 291 1044 πρὸς
317 1006 379 1043 βίαν
404 1005 484 1036 αὑτάς
513 1005 610 1035 ἑκόντες
638 1002 823 1040 ἁποδιώξωμεν
852 1008 910 1034 ταῖς

105 1054 165 1079 nini
181 1055 308 1089 χειρόνων
332 1050 483 1086 ἐπαγωγαῖς
497 1060 503 1067 ’
520 1049 604 1076 ἐκεῑσί
622 1059 648 1076 τε
664 1048 832 1085 ἐπειγομένων
847 1058 910 1085 προ-

106 1099 256 1135 τρέχουσι,
290 1098 335 1123 καὶ
367 1099 423 1126 τοῖς
456 1093 575 1130 ἀγγέλοις
602 1095 646 1120 τὸν
675 1095 836 1130 κτησάμενον
856 1095 909 1130 (95)

108 1144 298 1177 συντάττουσι,
322 1143 366 1168 καὶ
394 1140 528 1176 λάμπουσι
553 1137 589 1165 δι’
608 1139 699 1170 αἰῶνος
722 1139 771 1165 ὑπὸ
790 1142 845 1170 τοῖς
864 1142 910 1165 τοῦ

107 1189 249 1217 κτίσαντος
277 1185 429 1223 ὀφθαλμοῖς.
458 1184 570 1214 Πλοῦτος
599 1181 646 1218 δι,
672 1186 717 1210 καὶ
747 1181 910 1218 δυναστεία,

107 1235 154 1259 καὶ
186 1232 353 1270 περιφάνεια,
381 1232 426 1256 καὶ
457 1231 562 1266 τρυφὴ,
589 1230 635 1254 καί
665 1231 716 1259 πᾶς
747 1228 760 1254 ὁ
794 1232 912 1259 τοιοῦτος

109 1277 226 1314 ὃχλος,ὁ
251 1275 310 1302 καθ’
337 1275 434 1311 ἡμέραν
464 1273 493 1300 ἐκ
516 1277 565 1304 τῆς
584 1274 708 1310 ἡμετέρας
728 1272 816 1304 ἀνοίας
835 1272 914 1304 αὔξαις

108 1325 225 1358 νόμενος,
250 1322 308 1346 οὔτε
331 1317 498 1357 συμπροῆλθε
524 1319 587 1355 πρὸς
607 1319 651 1343 τὸν
676 1314 735 1354 βίον
756 1318 833 1354 ἡμῖν,
855 1319 913 1343 οὔτε

111 1365 262 1395 συναπῆλθί
282 1374 362 1398 τισιν,
380 1363 443 1390 ἀλλὰ
465 1364 495 1390 τὸ
517 1366 554 1398 τῷ
568 1360 664 1398 δικαίῳ
677 1362 757 1388 πάλαι
771 1363 848 1399 ῥηθὲν
871 1361 912 1388 ἐπὶ

111 1412 205 1440 παντὸς
244 1409 382 1447 ἀνθρώπου
424 1409 524 1443 πέπηγε
563 1408 608 1433 καὶ
651 1410 741 1444 κρατεῖ
766 1416 772 1423 ·
817 1407 914 1443 Γυμνός

111 1454 219 1487 ἕξῆλθον
249 1453 276 1481 ἐκ
302 1453 402 1484 κοιλίας
434 1453 533 1490 μητρός
561 1461 631 1488 μου,
658 1453 755 1488 γυμνὸς
788 1453 833 1477 καὶ
861 1449 914 1477 ὰπ-

113 1500 263 1536 ιλεὺσομαι.

149 1591 176 1618 ϐ.
196 1587 225 1615 Ὀ
244 1589 289 1625 μὲν
311 1586 355 1614 οὖν
376 1587 474 1625 ἄριστα
489 1584 682 1622 βουλευόμενος,
700 1588 747 1615 τῆς
762 1582 856 1620 ψυχῆς
875 1584 915 1610 ὅτι

113 1633 230 1671 μαλιστα
253 1635 394 1671 φροντίσει,
419 1633 464 1657 καί
491 1633 568 1657 τοῦτο
593 1627 639 1656 διὰ
664 1629 766 1656 πάντων
790 1629 915 1666 πειράσε-

114 1689 159 1706 ται
186 1678 279 1709 σώζειν
304 1677 437 1714 εἰλικρινές
460 1685 487 1702 τε
515 1677 560 1701 καὶ
583 1677 692 1710 γνήσιον
709 1683 716 1691 ·
743 1677 791 1705 τῆς
819 1675 917 1710 σαρκὸς

117 1722 146 1750 δι
171 1724 185 1753 ἦ
214 1723 281 1759 λιμῷ
304 1722 468 1758 τηκομένης,
496 1720 511 1750 ἦ
537 1723 629 1756 κρυμῷ
652 1721 697 1745 καὶ
720 1718 810 1745 θάλπει
836 1727 917 1756 προσ-

118 1767 290 1799 παλαιούσης,
310 1767 325 1796 ἣ
352 1768 441 1797 νόσοις
463 1764 647 1800 ἅλγυνομένης,
675 1764 690 1792 ἦ
713 1764 874 1799 πασχούσης
891 1772 918 1790 τι

119 1813 192 1850 παρά
210 1820 284 1837 τινων
306 1811 392 1847 βίαιον
409 1811 474 1846 (96),
491 1809 577 1845 ὀλίγον
600 1809 740 1837 ποιήσεται
761 1809 805 1834 τὸν
831 1808 917 1844 λόγον,

121 1858 149 1883 τὸ
177 1859 224 1883 τοῦ
248 1855 349 1882 Παύλου
373 1859 462 1892 φωνῶν
484 1853 520 1890 ἐφ’
548 1853 659 1880 ἑκάστου
690 1856 739 1879 τῶν
766 1851 916 1890 δυσχερῶν,

121 1904 164 1928 καί
187 1902 378 1938 φθεγγόμενοςι
406 1899 435 1926 Εἰ
462 1901 506 1925 καὶ
532 1898 545 1924 ὁ
569 1897 659 1929 ἔξωθεν
688 1897 761 1934 ἡμῶν
787 1897 920 1935 ἅνθρωπος

123 1947 258 1984 φθείρεται,
283 1944 337 1971 ἀλλ’
360 1945 373 1971 ὁ
400 1944 493 1970 ἔσωθεν
522 1942 708 1969 ἀνακαινοῦται
735 1941 833 1978 ἡμέραν
863 1940 920 1968 καθ’

122 1991 227 2028 ἡμέραν.
260 1991 311 2016 Καὶ
343 1991 401 2015 οὔτε
432 1989 494 2019 τοὺς
526 1988 590 2024 ὑπερ
622 1990 669 2012 τοῦ
703 1986 751 2022 ζῇν
783 1984 921 2017 κινδύνους

123 2038 258 2073 προίόντας
281 2035 356 2071 ὀρῶν,
381 2035 523 2069 φανήσεται
544 2030 649 2061 δεδιὼς,
670 2029 724 2057 ἀλλ’
747 2030 831 2066 ἑαυτῷ
856 2030 922 2062 λέξει

124 2080 241 2118 θαρρῶν
269 2077 396 2115 Οἰδαμεν,
421 2079 471 2111 ὅτι,
499 2077 540 2103 εὰν
567 2077 583 2106 ἠ
613 2075 727 2112 ἓπίγειος
753 2076 825 2111 ἡμῶν
852 2075 923 2102 οἰκία

122 2128 167 2152 τοῦ
201 2127 312 2154 σκήνους
344 2122 498 2158 καταλυθῇ,
529 2119 671 2157 οἰκοδομὴν
706 2119 734 2146 ἐκ
764 2124 831 2147 Θεοῦ
864 2121 923 2156 ἕχο-

125 2179 186 2204 ιιεν,
216 2169 300 2196 οἰκίαν
330 2167 550 2205 ἀχειροποίητον,
581 2166 682 2192 αἰώνιον
712 2165 737 2192 ἓν
767 2168 822 2197 τοῖς
848 2164 924 2202 οὐρα-

122 2218 187 2245 νοῖς.
210 2214 240 2240 Ei
264 2211 293 2240 δε
316 2223 356 2244 τις
385 2211 466 2239 ἐθέλοι
490 2208 626 2248 φείδεσθαι
648 2213 694 2236 καὶ
716 2213 764 2237 τοῦ
791 2212 922 2247 σώματος,

124 2260 160 2290 ὡς
184 2259 263 2295 μόνον
278 2260 411 2294 κτήματος
434 2255 576 2292 ἀναγκαίου
596 2254 686 2291 ψυχῇ,
701 2257 747 2281 καὶ
767 2258 923 2292 συνεργοῦν-

122 2313 169 2335 τος
193 2302 259 2339 αὐτῇ
279 2304 344 2340 πρὸς
366 2303 395 2329 τὸ
415 2301 464 2338 ζῇν
485 2300 527 2327 ἐπὶ
546 2304 607 2336 γῆς,
627 2300 710 2336 μικρὰ
727 2300 793 2336 πρὸς
804 2300 852 2332 τὰς
865 2300 926 2326 τούά

122 2356 171 2375 του
193 2349 287 2384 χρείας
308 2346 544 2383 ἐπιστραφήσιται,
559 2346 605 2371 καὶ
630 2344 697 2370 ὥστε
713 2344 834 2380 ωνίχιιν
848 2346 926 2381 μόνον

123 2392 200 2426 αὐτὸ,
216 2394 260 2418 καὶ
283 2395 315 2428 τῇ
338 2395 386 2422 τῆς
411 2390 503 2427 ψυχῆς
525 2390 658 2427 ὑπηρεσίᾳ
678 2386 726 2415 διὰ
748 2390 853 2426 μετρίας
872 2388 927 2415 ἄπι-

122 2438 228 2475 μελείας
261 2437 402 2475 ἐρρωμένον
434 2439 538 2473 τηρεῖν,
564 2437 601 2471 μὴ
637 2436 756 2471 μέντοιγε
783 2433 927 2471 ἐπιτρέπειν

122 2484 176 2510 ὑπὸ
195 2485 275 2520 κόρου
291 2484 409 2519 σκιρτᾷν.
427 2481 458 2507 Εἰ
477 2478 507 2507 δὴ
524 2478 580 2506 ἴδοι
592 2480 654 2506 ποτε
675 2482 733 2510 ταῖς
751 2482 798 2505 τοῦ
811 2478 928 2511 πλείονος

122 2530 172 2555 καὶ
197 2528 264 2564 πέρα
289 2530 335 2553 τοῦ
362 2525 556 2556 λυσιτελοῦντος
585 2523 735 2560 ἐπιθυμίαις
764 2523 925 2560 φλεγόμενον,

124 2572 224 2610 βοήσει
243 2573 308 2609 πρὸς
327 2571 391 2597 αὐτὸ
410 2572 439 2597 τὸ
458 2580 504 2596 του
536 2569 639 2596 Παύλου
660 2569 803 2605 νομοθετῶν
815 2578 821 2585 ·
844 2567 927 2596 Οὐδὲν

165 2629 189 2647 ⁸⁵
204 2629 260 2658 Job
275 2637 284 2657 ι
301 2631 343 2657 ii.
383 2629 406 2646 ⁸⁵
423 2630 445 2656 ll
461 2628 527 2656 Cor.
543 2635 581 2663 iV,
599 2628 642 2655 16.
677 2627 699 2644 ⁸⁷
717 2628 738 2654 ll
755 2627 821 2655 Cor.
837 2634 865 2661 v,
881 2629 904 2654 1.

166 2684 223 2718 (95)
242 2682 336 2710 Editio
357 2682 443 2710 Basil.
460 2682 489 2718 et
504 2679 596 2718 7001b.
611 2680 728 2717 primus
743 2678 862 2716 ἁγγίλοις
883 2683 929 2718 τοῦ

124 2717 298 2755 κτισαμένου,
310 2725 415 2755 eosque
431 2717 484 2752 qui
492 2717 725 2755 festinaverunt,
736 2723 804 2744 cum
815 2717 930 2755 angelis

125 2752 293 2783 conditoris
303 2752 464 2782 colfocant.
477 2752 531 2780 Alii
542 2754 601 2780 tres
611 2760 684 2780 mss.
695 2755 742 2778 τοῦ
752 2754 928 2787 κτησαμένου.

128 2790 228 2818 Editio
245 2789 339 2818 Paris.
353 2791 396 2815 τὸν
411 2789 583 2824 κτησάμενον.

959 253 1019 281 qua
1035 245 1169 281 vivimus,
1181 251 1249 282 qum
1266 246 1362 274 tenuis
1376 249 1420 274 est
1434 254 1469 275 ac
1483 247 1663 282 intelligens,
1675 247 1783 283 cuique

958 289 1033 316 nihil
1045 297 1151 317 eorum
1163 297 1232 326 qua:
1244 292 1371 325 gravant
1383 298 1461 326 opus
1475 293 1530 324 est,
1543 293 1571 319 et
1581 298 1691 327 corpus
1701 290 1784 326 quod

959 333 985 361 ei
1010 341 1065 369 pro
1079 334 1218 362 vehiculo
1233 334 1272 363 ad
1295 335 1522 369 transigendam
1537 336 1629 364 vitam
1645 343 1662 363 a
1678 334 1784 363 condi-

959 380 1023 406 tore
1036 379 1141 407 datum
1157 381 1211 407 est.
1229 381 1288 408 Hoc
1301 380 1382 408 enim
1393 380 1484 408 homo
1500 383 1552 415 est,
1566 388 1652 408 mens
1662 388 1784 408 accom-

961 423 1060 451 modas
1075 431 1111 451 ac
1126 425 1304 459 congruenti
1317 424 1401 452 carni
1416 423 1539 460 illigata.
1556 427 1614 453 Hoc
1630 433 1648 453 a
1663 425 1784 461 sapien-

961 467 1080 496 tissimo
1094 468 1300 496 universorum
1316 469 1423 505 opiﬁce
1433 469 1462 497 in
1474 471 1558 497 utero
1572 471 1709 498 materno
1723 469 1785 498 for-

961 514 1071 540 matur.
1098 514 1156 541 Hoo
1171 513 1202 541 in
1225 513 1324 541 lucem
1339 521 1375 541 ex
1390 513 1558 542 tenebrosis
1573 514 1629 542 illis
1645 513 1785 542 thalamis

962 557 1062 585 educit
1075 557 1212 593 pariendi
1227 559 1356 595 tempus.
1371 559 1440 593 Hoc,
1451 558 1542 586 rebus
1554 558 1679 586 terrenis
1690 559 1787 586 utim-

962 604 1091 638 peraret,
1108 603 1303 631 constitutum
1324 605 1377 631 est.
1394 603 1466 631 Huic
1481 603 1636 631 substrata
1650 605 1787 631 creatura

963 649 1006 674 est
1025 646 1064 674 ad
1080 647 1194 675 virtutis
1209 647 1393 675 exercitium.
1410 648 1481 676 Huic
1497 647 1595 684 posita
1619 647 1667 676 lex
1687 649 1742 680 est,
1754 649 1788 676 ut

961 699 1016 727 pro
1033 691 1149 719 viribus
1174 691 1304 720 imitetur
1327 692 1524 726 conditorem,
1541 694 1631 728 atque
1655 691 1788 727 discipli-

963 743 1035 764 nam
1057 735 1209 763 cmlestem
1223 736 1254 763 in
1270 736 1355 764 terris
1378 736 1548 765 adumbret.
1566 738 1625 764 Hoc
1641 735 1787 771 abscedit,

963 780 1032 808 hinc
1048 782 1218 808 evocatum.
1242 782 1302 808 Hoc
1317 781 1355 809 ad
1371 781 1421 809 Dei
1435 781 1488 816 qui
1506 781 1610 816 ipsum
1633 780 1724 814 misit,
1739 779 1790 809 tri-

962 825 1057 852 bunal
1068 825 1193 853 sistitur:
1205 825 1263 853 hoc
1273 825 1302 852 in
1311 824 1459 860 judicium
1471 827 1608 854 vocatur:
1618 825 1675 853 hoc
1684 832 1788 853 eorum

928 878 948 905 Β
964 877 1032 905 quae
1051 877 1105 905 per
1125 870 1216 898 vitam
1230 870 1361 906 patravit
1381 869 1516 898 debitam
1532 869 1702 898 mercedem
1716 869 1790 897 reci-

964 913 1016 949 pit.
1037 916 1132 949 Atque
1151 914 1276 942 virtutes
1299 921 1422 950 quoque
1442 914 1652 950 possessiones
1669 915 1787 941 nostras

964 958 1027 985 ﬁeri
1042 957 1276 994 deprehenderit
1289 959 1367 995 quis,
1383 958 1436 986 ubi
1460 958 1570 986 fuerint
1588 966 1658 986 cum
1682 960 1790 986 natura

965 1002 1122 1037 diligenter
1142 1005 1306 1037 contextae;
1321 1005 1349 1031 et
1372 1010 1469 1040 neque
1493 1003 1667 1032 laborantes
1683 1010 1740 1030 nos
1759 1002 1790 1031 in

965 1049 1043 1075 terra
1064 1047 1168 1076 volunt
1191 1048 1338 1082 deserere,
1362 1048 1420 1076 nisi
1440 1048 1518 1076 vitiis
1541 1047 1718 1076 introductis
1741 1054 1792 1075 eas

965 1099 1019 1128 per
1030 1091 1092 1119 vim
1105 1094 1211 1128 sponte
1226 1092 1444 1128 fugaverimus,
1458 1095 1486 1121 et
1501 1092 1540 1121 ad
1553 1093 1686 1120 futuram
1701 1092 1791 1120 vitam

965 1135 1142 1164 festinantes
1153 1139 1353 1173 praecurrunt,
1369 1139 1396 1165 et
1411 1137 1559 1165 collocant
1573 1137 1650 1165 inter
1669 1136 1793 1171 angelos

967 1188 1057 1208 suum
1068 1188 1286 1217 possessorem,
1301 1183 1330 1209 et
1344 1181 1401 1216 sub
1417 1181 1581 1210 conditoris
1599 1181 1695 1210 oculis
1709 1183 1794 1209 aster-

967 1233 1041 1254 num
1059 1225 1183 1260 fulgent.
1198 1225 1310 1253 Divitim
1326 1234 1406 1259 vero,
1421 1228 1449 1254 et
1467 1228 1651 1262 potentatus,
1667 1227 1697 1254 et
1710 1225 1794 1253 clari-

968 1271 1051 1301 tudo.
1066 1272 1094 1298 et
1105 1269 1230 1302 deliciis,
1242 1272 1271 1298 et
1283 1270 1382 1298 omnis
1394 1270 1545 1306 ejusmodi
1560 1270 1650 1299 turba
1659 1269 1794 1307 quotidie

968 1322 1021 1352 per
1036 1317 1169 1342 nostram
1185 1315 1390 1351 insipientiam
1403 1323 1569 1350 augescens
1582 1322 1682 1351 neque
1691 1314 1795 1342 introi-

968 1359 1009 1387 vit
1029 1359 1188 1386 nobiscum
1213 1359 1242 1386 in
1257 1359 1361 1392 vitam,
1377 1367 1478 1395 neque
1499 1367 1569 1387 cum
1585 1359 1642 1387 illis
1658 1365 1794 1395 unquam

969 1404 1044 1432 abiit
1059 1412 1066 1431 :
1083 1403 1134 1431 sed
1151 1404 1181 1431 in
1206 1411 1392 1440 unoquoque
1406 1404 1530 1432 homine
1543 1404 1638 1432 ﬁxum
1654 1406 1682 1432 et
1695 1405 1795 1432 ratum

969 1449 1082 1481 manet,
1105 1448 1188 1484 quod
1213 1448 1285 1476 olim
1309 1456 1328 1476 a
1345 1448 1427 1483 justo
1451 1448 1566 1476 dictum
1589 1451 1634 1477 est
1656 1455 1663 1476 :
1688 1448 1795 1476 Nudus

970 1499 1102 1528 egressus
1119 1499 1185 1521 sum
1200 1499 1238 1521 ea:
1261 1495 1346 1521 utero
1361 1493 1469 1521 matris
1488 1500 1572 1528 mete,
1592 1493 1691 1521 nudus
1707 1492 1796 1520 etiam

970 1540 1107 1566 revertar
1118 1537 1153 1566 ⁸⁵.
1243 1542 1247 1544 ⁷

1007 1585 1032 1611 6.
1054 1585 1157 1619 itaque
1172 1582 1224 1618 qui
1238 1582 1294 1610 sibi
1316 1581 1429 1618 optime
1443 1582 1584 1617 consulit,
1600 1582 1718 1611 curabit
1735 1581 1799 1610 ani-

971 1635 1053 1655 mam
1063 1635 1157 1663 quam
1165 1627 1307 1662 maxime,
1316 1628 1434 1664 hocque
1442 1628 1542 1656 modis
1551 1627 1695 1656 omnibus
1705 1629 1734 1656 et
1741 1626 1800 1654 sin-

951 1681 956 1686 ‘
971 1680 1074 1701 cerum
1085 1675 1114 1700 et
1123 1672 1290 1707 genuinum
1302 1679 1421 1700 ervare
1432 1673 1605 1701 conabitur:
1617 1672 1716 1701 carnis
1729 1679 1800 1700 vero

972 1718 1033 1746 sive
1053 1717 1133 1745 fame
1155 1718 1342 1751 conﬁciatur,
1354 1718 1414 1745 sive
1427 1725 1496 1746 cum
1512 1718 1621 1753 frigore
1634 1720 1686 1746 aut
1701 1717 1800 1745 calore

971 1762 1109 1796 luctetur,
1120 1761 1180 1790 sive
1195 1769 1214 1789 a
1228 1761 1343 1790 morbis
1357 1763 1624 1796 excrucietur,sive
1635 1762 1801 1791 violentum

973 1807 1046 1843 quid
1062 1807 1102 1835 ab
1124 1806 1278 1843 aliquibus
1293 1807 1488 1843 perpetietur,
1505 1807 1653 1836 rationem
1676 1812 1801 1843 parvam

973 1851 1108 1884 habebit,
1119 1851 1193 1879 illud
1205 1851 1286 1879 Pauli
1301 1851 1330 1879 in
1346 1851 1473 1886 singulis
1486 1851 1721 1880 adversitatibus
1732 1858 1801 1887 pro-

974 1897 1083 1930 ferens,
1098 1904 1135 1925 ac
1147 1895 1272 1924 dicens:
1288 1897 1368 1925 Licet
1383 1897 1517 1925 exterior
1532 1897 1619 1925 homo
1629 1898 1731 1925 noster
1740 1903 1801 1924 cor-

974 1944 1148 1976 rumpatur,
1173 1941 1302 1969 interior
1331 1944 1430 1970 tamen
1452 1944 1619 1970 renovatur
1641 1941 1678 1970 de
1699 1940 1748 1969 die
1769 1941 1801 1968 in

976 1988 1053 2016 diem
1060 1988 1094 2014 ³⁸.
1108 1988 1141 2016 Et
1154 1987 1206 2015 ubi
1219 1986 1320 2015 venire
1331 1995 1363 2015 se
1378 1987 1409 2015 in
1419 1987 1487 2015 vitm
1503 1986 1670 2024 periculum
1684 1986 1802 2020 viderit,

976 2032 1220 2069 haudquaquam
1244 2031 1405 2068 apparebit
1423 2032 1567 2061 timidus:
1585 2032 1639 2060 sed
1661 2031 1719 2060 sibi
1739 2031 1804 2068 ipse

977 2076 1164 2106 conﬁdenter
1174 2077 1309 2105 dicturus
1323 2079 1382 2105 est:
1394 2077 1511 2105 Scimus
1525 2077 1605 2113 quod
1616 2078 1644 2105 εἰ
1652 2076 1804 2105 terrestris

978 2124 1082 2150 nostra
1094 2122 1200 2150 domus
1213 2122 1304 2157 hujus
1316 2122 1508 2150 tabernaculi
1521 2121 1717 2156 dissolvatur,
1731 2121 1804 2150 aldi-

978 2166 1148 2202 ﬁcationem
1167 2174 1206 2194 ea:
1227 2167 1287 2194 Deo
1311 2166 1605 2195 habemusniomum
1620 2174 1680 2194 non
1699 2173 1804 2193 manu-

939 2231 962 2261 Β
978 2212 1104 2247 factam,
1116 2214 1259 2239 azternam
1271 2212 1304 2239 in
1314 2211 1438 2239 cretis".
1448 2211 1476 2239 Si
1486 2211 1554 2247 quis
1565 2213 1668 2239 tamen
1677 2210 1807 2238 voluerit

979 2263 1090 2292 corpus
1109 2255 1199 2284 etiam
1224 2255 1442 2289 commiserari,
1463 2257 1612 2292 tauquam
1635 2254 1719 2292 quod
1743 2261 1806 2282 una

941 2329 948 2334 ,
980 2300 1131 2338 possessio
1144 2300 1193 2334 sit,
1203 2307 1272 2337 qua
1286 2300 1396 2328 animas
1409 2300 1581 2328 necessaria
1595 2301 1652 2335 est,
1664 2299 1750 2336 eique
1766 2299 1804 2328 ad

979 2346 1073 2374 vitam
1088 2345 1119 2374 in
1132 2347 1210 2373 terra
1224 2345 1397 2380 degendam
1413 2345 1568 2382 suppetias
1582 2345 1647 2381 fert,
1665 2344 1806 2380 exiguam

980 2390 1196 2418 necessitatum
1211 2389 1277 2426 ejus
1287 2397 1393 2418 curam
1405 2390 1561 2426 suscipiet,
1574 2392 1606 2417 ut
1615 2389 1689 2418 illud
1698 2391 1727 2418 et
1738 2396 1809 2417 con-

980 2434 1075 2462 tineat
1093 2436 1222 2468 tantum,
1241 2436 1269 2461 et
1290 2441 1345 2470 per
1365 2433 1549 2462 mediocrem
1567 2441 1672 2462 curam
1697 2441 1807 2462 sanum

981 2480 1141 2507 conservet
1151 2478 1191 2506 ad
1201 2477 1310 2506 animus
1320 2478 1532 2512 ministerium,
1540 2485 1601 2506 non
1611 2477 1652 2506 ita.
1663 2479 1763 2506 autem
1776 2478 1810 2505 ut

981 2523 1082 2560 ipsum
1093 2523 1227 2551 satietate
1236 2522 1372 2551 lascivire
1382 2522 1471 2551 sinat.
1483 2523 1568 2556 Quod
1581 2522 1606 2551 si
1620 2522 1727 2550 viderit
1736 2520 1810 2550 illud

981 2567 1115 2605 plurium
1121 2567 1405 2603 desiderioincendi,
1412 2568 1504 2604 idque
1510 2567 1809 2602 citranecessitatem,

1019 2679 1077 2714 (96)
1098 2678 1181 2708 Colb.
1207 2678 1326 2715 primus
1350 2687 1425 2705 τινων
1448 2678 1558 2715 βιαίων,
1584 2685 1614 2715 αν
1631 2678 1810 2715 quibusdam

985 2708 1133 2744 violentis.
1150 2708 1264 2743 Nec-ita
1279 2715 1373 2743 multo
1389 2708 1456 2751 posi
1472 2717 1541 2749 Reg.
1552 2708 1656 2742 tertiu's
1672 2714 1810 2744 κινδύνους
1851 2708 1858 2714 ”

985 2753 1152 2788 προσιόντας.

982 2865 995 2873 μ
