2049 3131
243 118 292 144 ξίὸι
928 113 958 141 S.
978 111 1102 140 BASILII
1122 111 1230 139 MAGNI

243 179 269 206 ei
279 177 464 210 reclamabit,
476 174 674 212 prmscribens
685 174 756 203 illud
774 174 872 203 Pauli:
887 175 975 203 Nihil
990 175 1066 202 inlu-

1126 173 1308 210 εἰσηνέγκαμεν
1341 172 1375 203 εἰς
1407 173 1450 198 τὸν
1480 173 1577 208 κόσμον
1611 175 1700 198 τοῦτον
1717 182 1724 189 ο

246 224 333 252 limus
345 224 376 251 in
393 223 473 250 hunc
483 221 648 256 mundum;
659 221 852 255 conspicuum
867 223 920 254 est,
932 220 1011 256 quod
1021 227 1069 247 ne—

243 276 300 304 que
316 268 439 303 auferre
453 266 616 302 quidquam
626 273 791 300 possumus.
808 265 960 293 Habentes
970 267 1069 293 autem

244 313 400 343 alimenta,
417 314 443 338 et
463 310 571 346 quibus
592 313 739 345 legamur,
760 309 846 345 168
870 309 915 336 his
939 307 1072 336 contenti

244 358 353 385 erimus
364 356 398 384 ⁸⁸.
411 355 526 383 Etenim
538 355 561 381 si
573 355 636 382 hinc
648 356 793 390 perpetuo
808 353 927 390 corpori
941 353 1069 386 occinat,

244 401 458 437 inclametque,
481 399 556 427 illud
579 401 607 426 et
631 399 816 433 morigerum
841 401 869 426 et
889 406 1007 434 semper
1031 397 1071 425 ad

244 445 462 482 profectionem
475 443 627 471 caelestem
642 443 817 479 expeditum
830 443 945 475 reddet,
957 442 1070 478 eritque

244 490 355 518 auxilio
367 489 472 524 majori
489 488 528 516 ad
542 496 577 516 ea
587 496 655 524 quae
674 488 831 524 proposita
845 489 914 515 sunt
927 487 1070 516 obeunda

243 535 348 562 munia
361 542 367 561 :
381 534 426 561 sin
438 536 538 561 autem
549 532 682 560 insolens
693 540 729 560 ac
739 534 914 568 protervum
928 540 992 570 esse
1005 539 1069 568 per-

243 580 367 613 miserit,
380 581 408 606 et
419 578 576 614 quibusvis
591 577 724 614 quotidie
740 580 886 613 tanquam
902 577 1069 605 immanem

242 624 410 660 quamdam
420 623 545 650 bestiam
554 622 680 658 oppleri,
689 624 752 650 tum
761 621 884 649 demum
895 621 988 657 ipsius
996 629 1070 657 pon-

242 668 312 696 dere
323 668 361 695 ad
374 670 484 695 terram
494 666 638 694 violenter
646 669 786 701 vergente
797 665 1070 701 attractusJacebit

241 712 370 740 inaniter
385 711 595 746 ingemiscens.
611 710 686 742 Quin
702 712 730 738 et
744 710 784 737 ad
800 710 960 738 Dominum
975 709 1069 738 addu-

242 759 316 789 ctus,
325 758 354 784 et
364 755 471 783 terreni
486 755 565 782 illius
576 754 691 782 itineris
702 754 759 782 sibi
769 754 927 782 commissi
937 754 1068 782 fructum

241 803 376 836 rogatus,
387 808 442 828 nec
455 799 581 827 reddere
591 799 705 833 valens,
716 798 882 835 plurimum
893 799 1070 827 lamentabi-

242 847 299 878 tur,
315 845 425 873 etenim
441 844 592 880 perpetuis
612 843 744 871 tenebris
760 843 918 878 habitabit,
933 843 1066 877 delicias,

241 898 406 926 eorumque
422 889 573 917 fallaciam
587 897 649 917 non
663 897 773 925 parum
788 889 943 924 incusans,
954 888 1067 925 quibus

241 935 345 963 salutis
359 937 478 971 tempus
494 933 551 962 sibi
567 934 746 970 ademptum
759 936 813 961 est.
829 933 886 961 Sed
899 933 974 961 nihil
997 936 1068 962 tunc

241 979 376 1007 utilitatis
390 987 427 1007 ex
442 978 586 1015 lacrymis
601 978 707 1014 capiet.
725 978 761 1006 In
775 978 895 1013 infemo
909 978 990 1006 enim
1001 979 1067 1014 quis

241 1024 295 1052 tibi
309 1024 500 1058 conﬁtebitur
511 1026 524 1050 .7
536 1023 632 1059 inquit
648 1023 742 1051 David
753 1024 788 1051 ⁸³.

275 1071 301 1096 7.
323 1070 490 1096 Caveamus
503 1067 593 1102 igitur
603 1075 696 1103 quam
707 1067 860 1095 celerrime
874 1067 938 1095 ﬁeri
948 1067 1066 1104 poterit,

240 1121 278 1140 ne
292 1120 348 1140 nos
365 1113 422 1148 ipsi
437 1115 544 1148 sponte
557 1112 751 1140 sutiocemus.
769 1112 855 1145 Quod
871 1112 898 1140 si
914 1112 1067 1149 quispiam

237 1157 302 1193 jam
319 1156 391 1185 olim
404 1157 565 1192 inescatus,
584 1159 635 1185 aut
649 1157 821 1185 divitiarum
837 1157 992 1193 pulverem
1013 1157 1068 1185 ini-

240 1210 299 1238 que
314 1201 398 1238 apud
412 1209 444 1229 se
459 1201 658 1235 coacervavit,
674 1209 841 1238 earumque
852 1201 930 1230 curis
943 1201 1068 1236 illigavit

239 1246 388 1281 animum,
403 1249 455 1275 aut
470 1246 602 1274 lasciviae
615 1246 713 1274 scelus
727 1247 810 1282 quod
823 1247 870 1275 vix
884 1246 942 1274 elui
957 1248 1066 1283 potest,

239 1293 355 1320 natura:
370 1291 418 1327 adj
425 1291 521 1327 unxit,
533 1294 584 1319 aut
599 1291 775 1319 criminibus
790 1291 855 1319 aliis
875 1294 970 1320 semet
984 1300 1067 1320 exsa-

240 1336 340 1364 tiavit:
358 1336 394 1372 is,
412 1336 485 1363 dum
506 1335 607 1363 adhuc
625 1338 744 1372 tempus
763 1338 817 1369 est,
839 1338 1004 1372 antequam
1026 1335 1066 1364 ad

239 1380 389 1415 integrum
419 1380 543 1408 exitium
569 1380 740 1416 perveniat,
762 1380 893 1416 deponat
918 1381 1066 1417 majorem

240 1424 427 1453 sarcinarum
446 1428 574 1461 partem,
591 1427 621 1453 et
635 1425 814 1461 priusquam
828 1425 914 1453 navis
930 1425 1067 1453 submer-

240 1472 337 1505 gatur,
346 1469 491 1497 mercium
501 1469 642 1497 indecore
653 1472 866 1504 congestarum
875 1470 966 1498 iaciat
972 1469 1067 1506 jactu-

239 1522 316 1548 ram,
333 1517 423 1550 atque
439 1514 594 1550 operarios
609 1514 742 1542 marinos
757 1514 898 1542 imitetur.
914 1514 959 1542 Illi
974 1515 1064 1551 enim,
1085 1525 1106 1552 ρ

239 1559 358 1587 etiamsi
373 1559 614 1587 necessariorum
629 1558 745 1595 aliquid
758 1559 790 1587 in
804 1559 875 1587 navi
886 1560 1008 1595 vehant,
1023 1563 1066 1588 ta-

240 1611 309 1632 men
325 1603 350 1631 si
365 1611 400 1630 ex
416 1603 525 1639 pelago
539 1604 676 1638 insurgat
686 1604 716 1632 in
733 1612 763 1632 se
774 1604 974 1633 effervescens
987 1613 1066 1641 quaa-

240 1648 311 1676 dam
327 1650 500 1684 tempestas,
511 1650 539 1676 et
553 1656 661 1676 navem
672 1649 806 1684 pondere
822 1657 958 1686 pressam
973 1650 1067 1678 mine-

240 1694 287 1721 tur
315 1692 454 1728 obruere,
483 1700 577 1729 quam
607 1693 795 1722 velocissime
821 1697 959 1730 possunt,
988 1703 1066 1724 onus

239 1745 354 1773 magna
368 1745 404 1766 ex
417 1740 502 1774 parte
518 1737 657 1772 allevant,
670 1746 704 1766 ac
715 1747 830 1767 merces
845 1739 1066 1769 indiscrimina-

239 1782 292 1811 tim
309 1782 427 1818 jaciunt
441 1783 472 1811 in
494 1791 588 1819 mare,
605 1785 638 1811 ut
652 1783 755 1811 navim
772 1783 901 1812 reddant
924 1784 1066 1813 ﬂuctibus

240 1828 438 1863 superiorem,
454 1830 483 1856 et
504 1828 667 1856 animabus
681 1828 752 1856 solis
769 1831 860 1864 atque
876 1829 1064 1865 corporibus,

238 1871 262 1900 si
282 1871 374 1900 modo
395 1872 458 1900 ﬁeri
473 1872 579 1908 possit,
594 1872 710 1900 vitandi
731 1873 856 1908 periculi
874 1873 975 1901 locum
989 1881 1066 1910 pree-

238 1915 340 1943 beant.
352 1917 415 1944 lmo
426 1916 515 1944 etiam
525 1916 590 1944 luee
601 1916 684 1952 apud
696 1925 752 1944 nos
767 1920 795 1945 et
805 1920 935 1946 statuere
946 1920 975 1946 et
985 1926 1066 1946 exse-

238 1959 291 1995 qui
301 1959 390 1995 longe
400 1961 498 1995 magis
508 1960 597 1988 nobis
605 1969 697 1996 quam
707 1961 764 1989 illis
775 1962 922 1990 convenit.
932 1962 974 1990 illi
985 1962 1065 1991 enim

238 2003 387 2040 quidquid
404 2004 526 2032 tandem
550 2005 702 2041 ejecerint,
718 2006 796 2034 illico
819 2007 969 2041 amittunt,
985 2009 1013 2036 et
1027 2007 1065 2035 de

237 2051 343 2076 caetero
366 2048 502 2077 incidunt
525 2049 608 2077 inviti
628 2050 658 2078 in
682 2054 901 2087 paupertatem,
918 2053 1065 2088 nosivero

237 2101 299 2130 quo
313 2094 398 2121 citius
416 2102 544 2130 parvum
557 2095 615 2123 hoc
627 2103 704 2123 onus
718 2096 942 2132 projecerimus,
954 2105 990 2125 eo
1002 2105 1065 2126 am-
1099 2132 1102 2133 ν

238 2137 348 2174 pliores
358 2139 643 2176 praestantioresque
651 2141 770 2168 divitias
782 2142 944 2170 animabus
952 2143 1065 2171 nostris

237 2183 511 2213 accumulabimus.
524 2186 669 2214 Scortatio
678 2194 823 2223 namque,
835 2189 863 2215 et
874 2195 1064 2224 quaecunque

237 2228 309 2256 talia
331 2231 411 2260 sunt.
426 2230 521 2264 ejecta
541 2233 679 2266 pereunt,
700 2233 728 2259 et
749 2239 786 2259 eo
800 2231 962 2261 deveniunt
980 2236 1012 2261 ut
1026 2241 1064 2261 ne

237 2273 298 2301 sint
318 2274 443 2310 quidem
466 2275 607 2311 amplius,
631 2283 699 2304 cum
722 2276 865 2313 lacrymis
886 2277 1062 2306 deleantur:

237 2315 440 2344 sanctimonia
454 2325 524 2345 vero
538 2320 566 2345 et
579 2318 693 2353 justitia
709 2319 740 2346 in
753 2319 875 2347 illorum
893 2323 999 2356 postea
1019 2321 1063 2349 lo-

236 2367 305 2387 cum
321 2362 491 2395 transeunt,
507 2370 554 2390 res
575 2362 665 2396 leves,
685 2366 713 2391 et
727 2372 794 2399 quae
815 2364 957 2393 ﬂuctibus
972 2365 1063 2394 nullis

236 2406 350 2440 queant
360 2405 494 2434 obvolvi.
512 2408 613 2443 Neque
625 2415 694 2435 vero
705 2409 841 2444 pecuniae
853 2409 947 2445 probe
962 2410 1063 2445 eiectas

235 2451 361 2484 pereunt
371 2449 598 2479 eiiundentibus
608 2460 644 2480 ac
655 2452 898 2488 projicientibus:
911 2454 964 2482 sed
974 2455 1062 2491 quasi

234 2491 266 2521 in
275 2492 351 2521 alias
362 2494 516 2531 quasdam
526 2497 680 2526 onerarias
694 2505 786 2526 naves
801 2499 936 2535 tutiores,
948 2507 1062 2536 paupe-

270 2573 294 2592 "
316 2575 326 2602 l
347 2573 425 2603 Tim.
445 2584 483 2613 vr,
503 2578 531 2611 7,
552 2578 578 2605 8.
617 2576 641 2596 '9
660 2577 738 2607 Psal.
758 2586 796 2614 vr,
817 2580 843 2607 6.

235 2680 252 2686 __
269 2645 328 2686 (Q7)
350 2646 425 2686 Editi
451 2646 572 2676 ἀνόνητα.
597 2649 719 2685 Antiqui
743 2651 802 2678 tres
819 2649 887 2678 libri
910 2649 1015 2686 ἀνόητοι,
1033 2654 1061 2681 et

233 2681 276 2710 ita
290 2681 405 2717 legerat
417 2683 574 2717 interpres.

232 2718 328 2780 d'(93‘3)
345 2718 431 2780 lli-nus
447 2718 530 2747 Colb.
547 2719 584 2755 ἐφ’
597 2719 686 2745 ἑαυτὸν
704 2722 857 2757 συνήγαγεν,
870 2730 962 2751 sensu
976 2724 1058 2752 haud

255 2760 350 2780 lSSlml
365 2762 384 2781 Ι-

1873 113 1925 140 552

1760 171 1849 207 δῆλον,
1885 175 1926 200 ὃτι

1125 216 1187 244 οὐδὲ
1207 217 1343 253 ἐξενεγκεῖν
1363 227 1388 243 τι
1405 215 1566 254 δυνφάμεθα.
1581 217 1704 252 Ἔχοντες
1728 216 1758 244 δὲ
1782 216 1927 255 διατροφὰς

1125 265 1170 288 καὶ
1203 263 1396 298 σκεπάσματα,
1429 263 1530 292 τούτοις
1564 261 1799 299 ἀρκεσθησόμεθα.
1836 266 1928 290 Ταῦτα

1125 309 1170 343 μὲν
1194 308 1244 345 γὰρ
1270 305 1374 343 ἐπᾴδων
1404 306 1473 342 αὐτῷ
1499 310 1616 342 συνεχῶς
1641 309 1686 332 καὶ
1717 306 1799 343 βοῶν,
1825 310 1926 337 ευήνιὸν

1125 362 1152 378 τε
1173 352 1236 377 αὐτό
1261 353 1305 377 καὶ
1329 355 1422 388 κοῦφον
1447 351 1486 377 ἀεὶ
1514 353 1578 388 πρὸς
1599 353 1646 380 τὴν
1673 351 1790 389 οὐράνιον
1813 350 1924 379 ὁδοιπο-

1124 399 1183 434 ρίαν
1217 395 1379 433 ἐργάσεται,
1408 398 1453 422 καὶ
1490 396 1584 432 μᾶλλον
1626 395 1662 426 εἰς
1700 397 1733 422 τὰ
1769 399 1925 434 προκείμενα

1125 443 1251 470 κτήσεται
1293 442 1437 478 συνεργόν·
1473 440 1494 466 εἰ
1532 439 1561 467 δὲ
1598 440 1713 478 ὑϐρίζειν
1753 441 1816 467 αὐτὸ
1856 451 1924 477 συγ-

1124 488 1257 524 χωρήσοι,
1278 488 1324 511 καὶ
1345 486 1446 511 πάντων
1467 484 1503 521 ἐφ’
1527 486 1623 522 ἡμέραν
1646 484 1835 521 ἐμπίπλασθαι,
1854 487 1924 512 καθ-

1125 531 1188 566 άπερ
1205 540 1231 556 τι
1248 531 1336 567 θηρίον
1359 529 1495 566 ἀνήμερον,
1510 529 1617 566 ὕστερον
1637 534 1695 561 ταῖς
1720 529 1818 566 βιαίοις
1842 530 1923 556 αὐτοῦ

1124 576 1188 611 πρὸς
1216 579 1264 610 γῆν
1293 574 1429 605 ἀνθολκαίς
1459 575 1696 608 συνιπισπασθεὶς,
1726 577 1841 601 κείσεται
1867 577 1925 601 στέ-

1123 629 1172 644 νων
1197 618 1309 648 ἀνόνητα
1331 619 1395 655 (97).
1427 620 1477 645 Καὶ
1501 620 1563 656 πρὸς
1589 621 1632 645 τὸν
1661 621 1791 648 Δεσπότην
1821 619 1922 655 ἀχθεὶς,

1123 666 1168 690 καὶ
1195 668 1244 695 τῆς
1272 664 1314 691 ἐπὶ
1339 668 1390 700 γῆς
1411 666 1518 702 πορείας
1541 668 1588 694 τῆς
1615 662 1765 695 ἐνδοθίίσης
1791 665 1861 700 αὐτῷ
1880 666 1924 691 τὸν

1123 710 1222 746 καρπὸν
1245 707 1441 744 ἀπαιτούμενος,
1465 707 1521 734 εἶτα
1539 708 1586 734 ούκ
1609 709 1676 744 ἔχων
1701 707 1802 742 δοῦναι,
1829 710 1925 745 θρηνὴ-

1124 762 1164 779 σει
1187 754 1286 790 μακρὰ,
1313 755 1358 779 καὶ
1379 755 1473 784 σκότος
1496 752 1598 781 οἰκήσει
1627 751 1752 786 διηνεκὲς,
1781 753 1862 780 πολλὰ
1889 757 1921 789 τῇ

1122 801 1206 834 τρυφῇ
1232 800 1277 823 καὶ
1295 801 1326 834 τῇ
1352 798 1448 827 ταύτης
1471 797 1553 833 πλάνῃ
1576 799 1747 833 μεμφόμενος,
1770 797 1812 833 ὑφ’
1828 798 1859 828 ἧς
1878 799 1922 824 τὸν

1122 845 1171 873 τῆς
1192 844 1324 880 σωτηρίας
1349 841 1463 871 ἐσυλήθη
1487 843 1578 879 καιρόν
1590 852 1597 858 ο
1613 840 1688 868 οὐδὲν
1707 840 1737 868 de
1760 841 1787 868 ἐκ
1806 847 1855 868 τῶν
1869 840 1922 869 δα-

1121 888 1206 924 κρύων
1230 888 1269 913 ἔτι
1292 884 1444 924 κερδαίνων.
1468 886 1508 913 Ἐν
1531 887 1581 923 γὰρ
1605 890 1641 922 τῷ
1666 885 1717 923 ᾅδῃ
1743 888 1785 917 τίς
1805 886 1924 924 ἐξομολο-

1121 933 1232 967 γήσεταί
1248 939 1307 966 σοι;
1324 933 1403 968 φησὶν
1415 932 1429 958 ὁ
1444 930 1537 959 Δαϐίδ.

1156 1068 1184 1094 7.
1209 1067 1330 1103 Φύγωμεν
1358 1064 1402 1093 οὖν
1433 1067 1502 1098 ὅπως
1534 1067 1570 1093 ἔνι
1598 1067 1718 1103 τάχους,
1747 1068 1783 1103 μὴ
1815 1066 1921 1098 ἑαυτοὺς

1122 1110 1220 1142 ἑκόντες
1245 1111 1438 1148 συμπνίξωμεν.
1461 1111 1491 1138 Εἰ
1513 1110 1538 1138 δ’
1563 1113 1615 1149 ἄρα
1637 1121 1677 1142 τις
1702 1114 1746 1138 καὶ
1768 1112 1849 1138 πάλαι
1874 1110 1920 1138 δε-

1122 1154 1255 1189 λεασθεὶς,
1286 1156 1301 1186 ἣ
1331 1155 1443 1183 πλούτου
1471 1158 1541 1183 κόνιν
1574 1156 1600 1188 ἐξ
1627 1155 1733 1187 ἀδικίας
1761 1156 1799 1192 ἐφ’
1829 1157 1918 1183 ἑαυτὸν

1123 1202 1282 1237 συνεφόρησε
1296 1201 1365 1236 (98),
1385 1203 1429 1227 καὶ
1452 1202 1495 1228 τὸν
1521 1205 1580 1228 νοῦν
1595 1205 1650 1232 ταῖς
1669 1202 1762 1228 τούτου
1786 1203 1920 1238 μερίμναις

1121 1243 1276 1279 κατέδησεν,
1303 1245 1317 1274 ἣ
1348 1246 1430 1282 μύσος
1462 1244 1595 1281 ἀσελγείας
1625 1245 1747 1283 προσῆψε
1778 1249 1809 1281 τῇ
1845 1247 1920 1281 φύσει

1122 1288 1312 1324 δυσέκνιπτον,
1343 1290 1357 1320 ἣ
1387 1294 1437 1316 τῶν
1465 1290 1546 1316 ille»:
1575 1290 1742 1326 ἐγκλημάτων
1773 1290 1920 1327 ἔπλὴρωσςδ

1121 1334 1229 1361 έαυτὸνι
1257 1335 1342 1368 οὗτος,
1371 1336 1405 1365 ὡς
1433 1336 1470 1361 ἔτι
1498 1336 1596 1372 καιρὸς,
1619 1337 1679 1372 πρὶν
1708 1334 1786 1361 ἐλθεῖν
1818 1335 1854 1365 εἰς
1882 1344 1921 1361 τε-

1120 1378 1189 1405 λείαν
1213 1378 1350 1413 ἀπώλειαν,
1372 1378 1508 1406 ἀποθέσθω
1532 1384 1581 1406 τῶν
1606 1382 1715 1416 φορτίων
1744 1381 1778 1406 τὰ
1805 1379 1920 1414 πλείονα,

1120 1426 1165 1450 καὶ
1192 1426 1253 1461 πρὶν
1283 1423 1446 1461 ὑποϐρύχιον
1471 1425 1592 1459 ’γενέσθαι
1618 1426 1648 1450 τὸ
1678 1425 1786 1461 σκάφος,
1813 1423 1921 1453 ἐκϐολὴν

1120 1469 1278 1498 ποιησάσθω
1301 1473 1351 1495 τῶν
1379 1468 1529 1506 ἀγωγίμων,
1546 1469 1563 1495 οἶ
1588 1471 1624 1506 μὴ
1655 1467 1765 1500 δεόντως
1795 1469 1920 1501 avulsis,

1120 1515 1165 1539 καί
1188 1514 1350 1550 μιμησάσθω
1376 1515 1437 1545 τοὺς
1463 1518 1509 1544 τῆς
1537 1513 1667 1545 θαλάττης
1695 1513 1814 1551 ἐργάτας.
1839 1513 1922 1540 Ἐκεῖ-

1120 1567 1157 1584 νοι
1173 1559 1234 1596 γὰρ,
1251 1558 1273 1584 εὶ
1295 1560 1340 1584 καί
1359 1568 1385 1584 τι
1408 1563 1457 1585 τῶν
1474 1558 1620 1594 ἀναγκαίων
1642 1557 1684 1585 ἐπί
1705 1563 1750 1589 τῆς
1768 1560 1828 1589 νηὸς
1847 1559 1924 1594 οἴγον-

1120 1612 1161 1633 τις
1175 1604 1291 1639 τύχοιεν,
1312 1601 1415 1629 κλύδων
1438 1601 1468 1630 δὲ
1488 1603 1619 1640 ἐπαναστῇ
1635 1603 1697 1634 ζέων
1722 1603 1749 1629 ἐκ
1773 1613 1818 1630 τον
1843 1603 1923 1629 πελά-

1119 1657 1182 1684 γους
1205 1648 1303 1682 αὐτοῖς,
1327 1650 1374 1675 καὶ
1401 1648 1538 1676 καλύπτειν
1561 1648 1757 1684 ἀπειλήσῃ(99)
1783 1649 1924 1684 πεπιεσμέ-

1119 1703 1165 1723 νην
1189 1698 1225 1730 τῷ
1252 1695 1337 1731 φόρτῳ
1363 1695 1409 1723 τὴν
1435 1697 1508 1727 ναῦν,
1534 1695 1602 1725 ὅπως
1630 1695 1725 1730 ἔχουσι
1749 1694 1860 1729 τάχους,
1891 1694 1922 1720 τὸ

1119 1737 1185 1765 πολὺ
1208 1741 1255 1764 τοῦ
1280 1737 1377 1775 βάρους
1402 1737 1624 1772 ἁποσκευάζούσι,
1649 1737 1695 1764 καί
1719 1740 1766 1768 τὴν
1795 1737 1921 1774 ἐμπορίαν

1120 1781 1231 1819 ἀφειδῶς
1260 1782 1395 1809 ὰντλοῦσιν
1422 1783 1458 1814 εἰς
1486 1783 1631 1816 θάλασσαν,
1661 1784 1728 1810 ὥστε
1759 1783 1921 1821 ὑψηλοτέραν

1119 1832 1231 1857 ποιῆσαι
1251 1829 1297 1857 τὴν
1319 1831 1380 1855 ναῦν
1402 1831 1449 1854 τοῦ
1472 1829 1598 1865 κύματος,
1614 1830 1660 1854 καί
1678 1829 1767 1864 μόναις
1791 1831 1847 1858 ταῖς
1870 1827 1923 1863 ψυ-

1119 1876 1192 1908 χαῖς,
1218 1874 1287 1909 εἴπερ
1316 1873 1369 1899 οἶόν
1391 1881 1426 1906 τε,
1448 1874 1492 1899 καὶ
1515 1877 1569 1904 τοῖς
1596 1875 1715 1909 σώμασιν
1743 1871 1766 1898 ἓν
1792 1875 1837 1898 τοῦ
1864 1880 1920 1898 κιν-

1120 1915 1199 1943 δύνου
1230 1915 1322 1943 δοῦναι
1349 1919 1432 1954 φυγήν
1456 1917 1495 1953 (1)
1524 1917 1612 1953 Πολλῷ
1640 1916 1670 1944 δὲ
1700 1917 1799 1944 ἐκείνων
1829 1914 1919 1945 δήπου

1119 1961 1213 1998 μᾶλλον
1239 1966 1323 1988 ταῦτα
1353 1961 1424 1998 ἡμᾶς
1457 1961 1630 1998 βουλεύεσθαί
1656 1971 1684 1989 τε
1715 1964 1841 1999 πρρσὴκιι
1873 1963 1920 1988 καὶ

1118 2007 1251 2044 πράττειν.
1278 2006 1384 2033 Ἐκεῖνοι
1414 2007 1459 2043 μὶν
1485 2008 1536 2044 γὰρ
1568 2008 1629 2044 ὅπερ
1662 2006 1692 2032 ἂν
1726 2005 1918 2043 ἀπορῥίψωσιν,

1119 2050 1209 2082 εὐθέως
1229 2050 1374 2084 ἀπώλεσαν,
1388 2054 1433 2078 καὶ
1454 2054 1622 2088 περιίσταται
1643 2051 1733 2077 λοιπὸν
1758 2050 1807 2087 βία
1830 2052 1920 2082 πενίας

1119 2095 1216 2126 αὐτοῖς·
1244 2097 1320 2132 ἡμεῖς
1343 2094 1372 2122 δὲ
1392 2095 1429 2131 ἐφ’
1453 2097 1514 2122 ὅσον
1539 2095 1569 2122 ἂν
1592 2098 1636 2122 τὸν
1658 2097 1771 2133 πονηρὸν
1795 2094 1920 2127 ἐξαντλῆ-

1120 2149 1204 2177 σωμιν
1239 2143 1341 2177 φόρτον,
1366 2141 1470 2168 πλείονα
1500 2143 1545 2167 καὶ
1577 2140 1696 2177 βελτίονα
1726 2144 1784 2171 ταῖς
1815 2139 1920 2176 ψυχαῖς

1119 2185 1228 2212 πλοῦτον
1258 2185 1477 2223 ἑπισωρεύσομεν.
1506 2188 1616 2222 Πορνεία
1640 2187 1685 2221 μὲν
1711 2186 1772 2222 γὰρ,
1800 2186 1844 2210 καί
1869 2185 1922 2210 ὃσα

1117 2233 1236 2264 τοιαῦτα,
1261 2230 1367 2268 ῥιφέντα
1389 2228 1534 2264 διόλλυται,
1555 2232 1600 2257 καὶ
1624 2232 1688 2268 πρὸς
1712 2231 1740 2256 τὸ
1765 2227 1835 2266 μηδὲ
1854 2228 1920 2256 εἶναι

1117 2278 1210 2312 χωρεῖ,
1234 2275 1344 2301 λυθέντα
1365 2279 1420 2306 τοῖς
1446 2274 1593 2312 δάκρυσιν·
1615 2274 1723 2311 aqum;
1748 2273 1778 2301 δὲ
1804 2276 1849 2300 καὶ
1879 2272 1921 2300 δι-

1116 2321 1243 2349 καιοσύνη
1269 2319 1358 2346 λοιπὸν
1387 2320 1423 2350 εὶς
1448 2321 1491 2346 τὸν
1513 2319 1613 2346 ἐκείνων
1637 2320 1793 2356 μεθίσταται
1816 2323 1918 2356 χῶρον,

1116 2366 1261 2402 πράγματα
1281 2369 1375 2402 κοῦφα,
1401 2367 1446 2392 καὶ
1469 2365 1516 2391 οὐκ
1539 2363 1628 2392 εἰδότα
1651 2366 1752 2401 κύμασι
1780 2363 1919 2400 καλυφθῆ-

1116 2413 1158 2437 ναι
1184 2420 1250 2438 τισι.
1276 2412 1315 2437 Τὰ
1341 2411 1470 2448 χρήματά
1497 2420 1527 2446 γε
1553 2413 1614 2447 μὴν,
1641 2409 1797 2439 ἐκϐληθέντα
1821 2409 1917 2443 καλῶς,

1116 2457 1174 2482 οὔτε
1205 2455 1347 2482 ἀπόλλυται
1375 2459 1427 2486 τοῖς
1458 2454 1598 2481 ἐκϐαλοῦσι
1626 2457 1671 2481 καὶ
1698 2454 1829 2492 ῥίψασιν·
1863 2453 1918 2479 ἁλλ’

1116 2501 1202 2538 ὥσπερ
1232 2503 1269 2532 εὶς
1295 2499 1409 2533 ὁλκάδας
1432 2500 1511 2532 ἄλλας
1539 2499 1732 2537 ἀσφαλεστέρας
1759 2499 1846 2532 τινὰς,
1872 2499 1919 2529 τὰς

1151 2651 1207 2688 (99)
1229 2652 1305 2681 Εᾶίἷὶ
1319 2650 1462 2681 ἀπειλήσει.
1474 2652 1509 2679 At
1521 2658 1613 2688 mass.
1631 2649 1720 2688 ὀξπειλή
1727 2659 1771 2686 σῃ.

1151 2684 1288 2724 (ιγΕᾱὶιί
1311 2690 1340 2716 et
1361 2689 1431 2722 Reg.
1453 2686 1608 2715 secundus
1632 2685 1724 2714 δοῦναι
1746 2684 1835 2722 ἑρυγήνο
1860 2684 1917 2714 Alii

1116 2725 1174 2753 tres
1187 2732 1262 2752 mss.
1278 2727 1379 2759 φυγεῖν.
