2049 3131
238 103 289 130 567

924 101 953 130 S.
974 99 1097 128 BASILH
1117 101 1226 130 MAGNI

1657 20 1866 53 ἕνα..

1863 108 1922 135 568

235 164 309 193 dam
324 166 352 193 et
361 164 491 201 speculis
505 164 536 192 in
551 166 742 192 antecessum
752 163 845 192 animi
855 163 964 192 intuitu
978 170 1060 190 exer-

1117 164 1142 189 οῑ
1160 164 1269 201 γεζ26),
1284 174 1308 191 ιν
1323 175 1503 204 χειρονομιαις
1528 169 1573 194 καὶ
1597 167 1730 205 ὀρχήσεσι
1754 169 1801 197 τὴν
1825 168 1923 205 ὶμπιι-

236 218 349 244 cemur,
365 218 430 244 e03,
451 209 502 246 qui
515 209 546 237 in
560 208 680 237 militari
695 208 853 246 disciplina
872 208 924 244 17
932 208 957 244 5
978 215 1060 235 exer-

235 257 348 290 centur,
364 254 470 282 imitati
488 263 494 282 :
515 254 568 290 qui
591 254 643 282 ubi
664 254 695 282 in
709 261 857 282 manuum
872 255 956 281 motu
970 255 1061 288 atque

233 299 443 329 saltationibus
456 300 671 336 experientiam
682 299 783 335 adepti
797 298 953 333 t‘uerint,in
969 300 1061 326 certa-

233 345 366 374 minibus
380 353 417 373 ex
441 345 499 373 hac
523 344 590 381 ipsa
611 344 727 373 ludicra
747 343 906 380 disciplina
928 343 1059 372 fructum

232 390 412 427 percipiunt.
423 391 456 418 Et
470 392 548 418 certe
558 389 730 426 putandum
743 391 789 417 est
805 391 955 417 certamen
967 390 1060 417 certa-

232 435 350 464 minum
359 435 497 463 omnium
505 435 673 463 maximum
686 434 775 462 nobis
783 434 973 470 propositum
982 441 1057 464 esse.

231 488 287 516 pro
299 488 361 517 quo
370 480 490 515 agenda
504 479 592 507 nobis
611 481 681 507 sunt
695 478 800 507 omnia.
814 481 842 507 et
855 478 1058 507 laborandum

231 533 287 560 pro
299 524 412 552 viribus
428 526 460 553 ut
474 524 513 552 ad
528 524 558 552 id
572 531 787 560 praeparentur,
805 526 894 560 atque
910 523 1016 560 poetis,
1031 525 1058 551 et

230 570 390 603 historicis,
417 572 446 598 et
467 569 647 604 rhetoribus,
662 570 691 596 et
715 568 891 597 hominibus
914 568 1057 596 omnibus

230 615 389 648 utendum,
411 614 491 643 unde
506 614 616 642 utilitas
635 614 738 650 aliqua
747 613 786 641 ad
801 613 936 642 animam
949 621 1057 641 curan-

230 659 303 688 dam
313 667 472 688 accessura
480 658 796 692 sit.0uemadmodum
806 658 887 686 enim
899 658 1058 686 infectores

230 704 379 741 quidquid
402 704 569 739 iugandum
596 706 640 732 est
664 704 748 740 prius
771 703 850 732 curis
872 703 1057 740 quibusdam

229 751 413 786 praeparant,
424 751 452 777 et
461 749 502 777 ita
513 749 638 777 demum
654 749 786 777 colorem
799 750 861 776 sive
870 755 1057 785 purpureum

231 794 294 823 sive
307 794 484 830 quempiam
496 793 589 822 alium
611 793 760 822 inducunt
776 803 783 822 :
802 794 910 822 eodem
923 793 1016 821 modo
1030 794 1059 821 et

1116 211 1175 244 ρίαν
1198 210 1365 246 κτησάμενοι,
1383 210 1424 238 ἐπὶ
1444 216 1494 237 τῶν
1519 211 1621 248 ἀγώνων
1635 217 1680 239 τοῦ
1696 213 1724 239 ix
1742 217 1790 244 τῆς
1808 212 1923 245 παιδιᾶς

1117 252 1278 281 ἀπολαύουσι
1302 254 1422 292 κέρδους.
1451 259 1501 284 Καὶ
1528 258 1590 293 ἡμῖν
1615 256 1648 287 δὴ
1671 256 1716 284 οὖν
1740 257 1827 294 ἀγῶνα
1849 269 1922 296 προ-

1115 299 1218 325 κεῖσθαι
1249 300 1350 326 πάντων
1379 300 1482 336 ἀγώνων
1515 304 1639 338 μέγιστον
1670 303 1786 340 νομίζειν
1819 307 1921 340 χρεὼν,

1115 343 1178 380 ὑπὲρ
1195 344 1224 370 οὗ
1236 344 1322 371 πάντα
1333 348 1453 375 ποιητέον
1473 347 1535 383 ἡμῖν
1555 350 1600 373 καὶ
1625 350 1748 377 πονητέον
1777 348 1814 379 εἰς
1833 347 1921 375 δύνα-

1114 397 1158 423 μιν
1184 387 1226 414 ἐπὶ
1247 391 1293 418 τὴν
1318 391 1410 416 τούτου
1435 393 1614 427 παρασκευήν,
1643 395 1687 418 καὶ
1718 396 1851 426 ποιηταῖς,
1872 394 1921 419 καὶ

1113 431 1267 467 λογοποιοῖς,
1293 436 1338 460 καὶ
1359 435 1481 472 ῥήτορσι,
1498 437 1543 461 καὶ
1563 439 1644 462 πᾶσιν
1660 435 1806 474 ἀνθρώποις
1821 436 1922 473 ὁμιλῇ⁹

1113 478 1177 510 τίον,
1195 478 1251 504 ὅθεν
1275 477 1305 504 ἂν
1325 479 1401 515 μέλλῃ
1423 481 1487 517 πρὸς
1512 482 1557 510 τὴς
1585 484 1632 512 τῆς
1657 480 1749 517 ψυχῆς
1773 480 1921 518 ἐπιμῦιιιαν

1113 520 1219 557 ὠφέλειά
1232 532 1272 554 τις
1291 524 1406 551 ἔσεσθαι.
1421 523 1521 562 ΑΩκιητιρ
1538 523 1582 551 οὖν
1606 526 1630 551 οἱ
1652 524 1816 563 ὃτυσοπλιρξυ
1832 536 1919 563 παρα-

1114 567 1286 598 σκευάσαντες
1309 570 1433 605 πρότιρον
1460 570 1607 605 θεραπείαις
1632 572 1701 596 τισὶν
1722 571 1735 596 ὃ
1760 572 1786 596 τί
1808 571 1867 596 ποτ’
1887 571 1920 596 ἃν

1112 608 1127 646 ᾗ
1144 613 1172 636 τό
1192 609 1326 648 δεξόμενον
1342 614 1388 642 τὴν
1405 612 1504 649 βαφὴν,
1520 614 1587 640 οὕτω
1608 617 1638 640 τό
1663 615 1740 644 ἄνθος
1760 613 1919 650 ἐπάγουσινι

1112 656 1143 681 οἶν
1158 665 1185 682 τε
1207 656 1344 694 ἁλουργὸν,
1369 658 1400 684 οἶν
1427 660 1454 684 τέ
1481 668 1508 684 τι
1531 659 1615 696 ἕτερον
1707 660 1751 685 τόν
1775 659 1852 686 αὑτὸν
1879 658 1916 689 δὴ

1112 702 1158 726 καὶ
1185 701 1259 737 ἡμεῖς
1285 704 1391 739 τρόπον,
1421 703 1443 729 εὶ
1475 702 1562 739 με’λλοι
1592 702 1747 735 ἀνέκπλντος
1775 705 1837 740 ἡμῖν
1858 704 1920 739 (27)

1113 744 1215 772 ἅπαντα
1245 747 1288 772 τὸν
1317 749 1414 784 χρόνον
1439 748 1454 776 ἠ
1480 751 1527 774 τοῦ
1553 747 1632 774 καλοῦ
1661 750 1816 785 παραμένειν
1839 746 1918 781 δόξα,

1113 793 1168 821 τοῖς
1194 790 1242 821 ἔξω
1266 789 1300 821 δη
1331 793 1433 822 τούτοις
1457 792 1676 829 προτιλεσοέντες,
1702 796 1848 821 τηνικαῦτα
1866 797 1918 819 τῶν

229 847 285 867 nos
303 847 437 875 quoque,
448 839 473 866 si
487 838 655 866 indelebilis
670 838 700 866 in
720 838 809 866 nobis
825 838 943 866 honesti
962 837 1059 873 gloria

1115 835 1187 871 ἱερῶν
1217 837 1262 861 καὶ
1295 834 1449 873 ἀπορρήτων
1482 836 1682 874 ἐπακουσόμεθα
1707 835 1893 873 παιδευμάτων
1909 847 1917 854 σ

229 883 313 912 omni
326 885 461 919 tempore
479 891 679 919 permansura
700 886 753 915 est,
774 883 822 910 his
841 883 970 911 externis
989 885 1059 910 ante

228 927 346 962 initiati,
357 927 466 956 deinde
488 935 593 956 sacras
607 930 637 955 et
646 935 774 956 arcanas
785 927 938 955 doctrinas
949 927 1060 955 edisce-

230 980 318 1000 mus:
339 973 368 999 et
382 971 478 999 solem
500 971 581 999 velut
602 971 633 999 in
648 979 729 1008 aqua
753 971 853 999 videre
868 971 989 1006 assueti,
1018 970 1060 998 sic

228 1016 288 1044 luci
295 1015 354 1051 ipsi
364 1015 468 1044 oculos
476 1015 721 1044 admovebimus.
734 1015 820 1049 Quod
828 1015 854 1043 si
863 1018 968 1043 mutua
977 1023 1060 1051 quae-

230 1061 302 1089 dam
313 1061 524 1089 convenientia
542 1061 661 1089 intersit
686 1061 762 1089 inter
776 1061 940 1094 doctrinas,
955 1068 1060 1089 earum

230 1106 319 1134 nobis
333 1106 464 1141 cognitio
474 1105 563 1134 valde
575 1106 655 1134 utilis
666 1105 755 1134 fuerit
770 1115 777 1134 :
793 1106 839 1134 sin
854 1106 966 1140 minus,
981 1108 1060 1134 certe

231 1158 335 1179 earum
350 1150 426 1179 inter
449 1159 481 1179 se
504 1150 684 1179 collatarum
698 1151 862 1179 discrimen
881 1151 1059 1181 internosse,

231 1195 272 1224 ad
286 1196 434 1232 potiorem
443 1196 627 1224 ﬁrmandam
639 1204 700 1224 non
711 1203 820 1232 parum
832 1195 1061 1224 contulerit.Sed

231 1241 352 1269 cuinam
374 1241 418 1269 rei
441 1243 618 1276 comparata
642 1241 779 1269 doctrina
800 1243 938 1277 utraque,
962 1240 1061 1277 possis

230 1286 396 1321 imaginem
419 1286 563 1322 assequi?
574 1287 657 1314 Certe
671 1286 934 1322 quemadmodum
944 1285 1061 1314 arboris

231 1331 356 1367 propria
377 1331 471 1358 virtus
495 1332 548 1366 est,
574 1330 753 1367 tempestivo
772 1330 871 1359 fructu
895 1333 1017 1364 scatere,
1033 1332 1061 1359 et

232 1377 334 1403 tamen
346 1374 418 1403 folia
430 1374 520 1403 etiam
540 1375 653 1403 circum
667 1382 769 1403 ramos
782 1375 933 1410 exagitata
946 1374 1061 1411 aliquid

234 1420 278 1448 eis
292 1420 461 1448 ornamenti
475 1420 650 1451 conciliant:
662 1420 702 1448 ita
714 1422 743 1448 et
752 1420 861 1449 anima:
871 1428 994 1457 quoque
1005 1419 1063 1456 pri-

233 1465 349 1493 marius
372 1465 487 1493 fructus
510 1467 555 1492 est
569 1465 679 1493 veritas
693 1465 769 1501 ipsa,
784 1465 837 1493 sed
859 1467 960 1493 tamen
979 1464 1062 1493 haud

1114 882 1158 906 καὶ
1187 881 1239 906 οἷον
1263 880 1289 906 ἐν
1313 878 1392 907 ὕδατι
1412 882 1455 907 τὸν
1480 881 1551 911 ἣλιον
1571 882 1633 919 ὀρᾷν
1657 881 1811 914 ὶθισθέντες,
1834 882 1918 913 οὕτως

1115 925 1185 961 αὐτῷ
1199 925 1397 963 προσϐαλοῡμεν
1424 931 1460 962 τῷ
1485 929 1550 963 φωτὶ
1577 928 1624 958 τὰς
1648 927 1730 963 ᾱψιις.
1752 928 1782 954 Εἰ
1807 928 1853 964 μὲν
1873 925 1918 953 οὖν

1115 969 1171 997 ἔστί
1186 981 1224 1002 τις
1252 971 1379 1003 οἰκειότης
1393 974 1456 1008 πρὸς
1484 971 1609 1003 ἀλλήλους
1633 976 1685 1003 τοῖς
1705 972 1800 1009 λόγοις,
1822 973 1919 1016 1:932:-

1114 1024 1163 1051 γου
1187 1016 1245 1051 (28)
1270 1017 1332 1052 ἡμῖν
1352 1016 1436 1042 αὐτῶν
1462 1017 1476 1046 ἠ
1493 1021 1592 1052 γνῶσις
1618 1019 1736 1053 γίνοιτο·
1762 1017 1784 1043 εἰ
1813 1014 1843 1043 δὲ
1862 1014 1916 1053 ᾖ,

1116 1059 1180 1086 ἀλλὰ
1193 1063 1223 1086 τὸ
1237 1070 1275 1097 7r,
1292 1061 1445 1098 παράλληλα
1467 1062 1563 1094 θέντας,
1579 1063 1739 1098 καταμαθεῖν
1764 1063 1793 1087 τό
1821 1059 1916 1097 διάφο-

1115 1114 1169 1142 ρον,
1197 1105 1226 1132 οὐ
1255 1108 1348 1144 μικρὸν
1376 1106 1411 1137 εἰς
1442 1105 1585 1143 βεϐαίωσιν
1615 1111 1661 1133 τοῦ
1690 1106 1830 1143 βελτίονος.
1859 1108 1915 1133 Τίνι

1116 1151 1203 1186 μέντοι
1234 1152 1279 1176 καὶ
1311 1152 1472 1188 παρεικάσας
1508 1155 1556 1177 τῶν
1587 1149 1750 1178 παιὸιύσεων
1782 1151 1911 1187 ἑκατέραν,

1115 1198 1161 1224 τῆς
1176 1194 1270 1225 εἰκόνος
1289 1194 1319 1220 ἂν
1343 1196 1457 1231 Txilus;
1481 1195 1567 1222 Ἦπου
1591 1196 1707 1233 καθάπερ
1728 1199 1809 1232 φυτοῦ
1832 1195 1913 1222 οἰκεία

1115 1240 1161 1275 μὲν
1189 1238 1265 1276 ἀρετὴ
1291 1244 1327 1276 τῷ
1353 1244 1445 1278 καρπῷ
1474 1240 1564 1278 βρύειν
1587 1242 1685 1278 ὡραίῳ,
1705 1241 1774 1276 φέρει
1803 1238 1834 1266 δέ
1858 1249 1915 1266 τινα

1115 1286 1214 1320 κόσμον
1233 1286 1279 1311 καὶ
1307 1284 1389 1321 φύλλα
1411 1289 1467 1316 τοῖς
1489 1284 1597 1317 κλάδοις
1620 1287 1801 1323 περισειὸμενα
1817 1295 1824 1302 ν
1848 1284 1915 1311 οὕτω

1116 1327 1150 1358 δὴ
1176 1331 1222 1355 καὶ
1248 1329 1325 1366 ψυχῇ
1353 1332 1555 1368 προηγουμένως
1574 1331 1618 1366 μὲν
1638 1331 1737 1367 καρπός
1757 1331 1772 1358 ἡ
1798 1329 1916 1364 ἀλήθιια,

1116 1373 1162 1400 οὐκ
1186 1374 1271 1414 ἆχαρί
1292 1384 1322 1410 γε
1340 1376 1388 1411 μὴν
1414 1373 1477 1401 οὐδε
1502 1377 1548 1404 τήν
1573 1376 1682 1412 θύραθιν
1704 1376 1797 1411 σοφίαν
1818 1373 1917 1412 περιϐε-

1116 1416 1240 1452 ϐλῆσθαι,
1256 1419 1308 1445 οἷόν
1332 1429 1391 1445 τινα
1418 1419 1500 1456 φύλλα
1516 1421 1614 1448 σκέπην
1638 1429 1665 1445 τε
1689 1423 1724 1454 τῷ
1752 1422 1844 1455 καρπῷ
1874 1421 1918 1445 καὶ

1117 1463 1176 1499 ὄψιν
1191 1464 1239 1490 οὐκ
1251 1465 1335 1501 ἄωρον
1349 1467 1526 1502 παρεχόμενα.
1548 1467 1657 1501 Λέγεται
1678 1466 1763 1491 τοίνυν
1778 1466 1823 1490 καὶ
1843 1467 1919 1490 Μωῡ-

233 1510 369 1545 ingratus
383 1512 427 1538 est
439 1512 569 1538 extet-nte
584 1510 737 1546 sapientiae
761 1510 898 1546 amictus,
916 1512 1060 1546 tanquam

1118 1513 1165 1539 σῆς
1184 1510 1277 1539 ἕκείνος
1292 1510 1304 1535 ὁ
1323 1510 1401 1543 πάνυ,
1417 1509 1448 1535 οὗ
1467 1511 1591 1545 μέγιστόν
1604 1509 1673 1536 ἐστιν
1689 1509 1731 1536 ἐπὶ
1755 1511 1835 1545 σοφίᾳ
1847 1510 1919 1545 παρὰ

235 1555 259 1582 si
283 1554 354 1583 folia
367 1554 509 1591 quaedam
529 1554 637 1582 fructui
660 1557 689 1582 et
703 1554 915 1583 umbraculum
930 1557 959 1583 et
972 1563 1062 1591 aspe-

235 1602 317 1628 ctum
332 1607 394 1627 non
406 1599 595 1628 inamoenum
610 1599 775 1635 praebeant.
802 1599 912 1627 Dicitur
926 1599 1017 1634 igitur
1035 1601 1064 1628 et

235 1646 353 1680 Moyses
364 1643 413 1671 ille
427 1651 574 1680 perquam
599 1644 738 1679 eximius,
753 1644 840 1680 cujus
854 1652 965 1673 nomen
979 1644 1064 1680 apud

236 1697 343 1718 omnes
350 1689 489 1717 homines
496 1688 535 1717 ob
547 1689 729 1725 sapientiam
736 1689 905 1718 maximum
916 1691 969 1723 est,
981 1697 1063 1717 exer-

236 1734 326 1763 citato
336 1734 367 1762 in
377 1734 584 1771 Egyptiorum
594 1733 759 1771 disciplinis
770 1734 945 1768 animo‘,ita
952 1734 991 1763 ad
999 1735 1064 1770 ejus

236 1780 290 1816 qui
297 1783 340 1808 est
350 1779 634 1816 contemplationem
643 1779 952 1809 devenisse.Similiter
962 1783 1064 1808 autem

236 1824 454 1862 posterioribus
460 1833 583 1861 quoque
590 1825 950 1861 temporibussapientem
962 1825 1065 1853 Danie-

235 1869 296 1898 lem
303 1869 483 1906 sapientiam
488 1869 697 1898 Chaldaeorum
703 1870 733 1897 in
740 1869 1062 1906 Babyloneedoctum‘,

236 1915 279 1943 ita
288 1915 413 1942 demum
423 1914 576 1942 doctrinas
590 1921 692 1946 sacras
707 1914 840 1948 attigisse
858 1914 991 1942 tradunt.
1007 1914 1064 1942 Sed

238 1959 322 1995 quod
328 1961 458 1987 externae
466 1959 512 1986 hae
520 1958 686 1994 disciplinae
694 1966 756 1987 non
765 1959 823 1986 sint
831 1959 1065 1987 animabusinu-

237 2003 484 2038 tiles,satdictum
493 2006 547 2031 est:
556 2011 744 2039 consequens
750 2005 835 2031 estut
841 2003 904 2039 jam
913 2003 1063 2039 dicamus,

238 2049 395 2086 quomodo
405 2048 542 2085 ipsarum
553 2048 714 2084 participes
721 2048 785 2076 ﬁeri
793 2057 845 2077 vos
856 2051 1002 2085 oporteat.
1008 2049 1064 2077 Pri-

238 2102 324 2122 mum
332 2093 456 2130 quidem
462 2092 553 2121 rebus
559 2092 703 2121 omnibus
710 2101 778 2129 quae
789 2101 808 2121 a
817 2093 914 2129 poetis
924 2093 1065 2122 dicuntur

238 2142 282 2173 (ut
296 2140 367 2167 hinc
387 2138 505 2167 initium
528 2139 673 2174 sumam),
689 2138 774 2166 varia
795 2147 866 2167 cum
880 2138 992 2173 dicant,
1014 2147 1064 2167 ne-

1116 1557 1197 1580 πάσιν
1221 1553 1366 1590 ἀνθρώποις
1392 1556 1482 1590 ὄνομα,
1505 1558 1558 1584 τοῖς
1586 1554 1736 1590 Αἰγυπτίων
1765 1554 1918 1590 μαθήμασιν

1117 1597 1347 1635 ἐγγυμνασάμενος
1379 1600 1426 1628 τὴν
1458 1597 1588 1634 διάνοιαν,
1614 1599 1682 1625 οὕτω
1708 1597 1858 1635 προσιλθιίν
1885 1602 1916 1634 τῇ

1119 1644 1214 1680 θεωρίᾳ
1235 1646 1280 1669 τοῦ
1307 1645 1389 1674 ὄντος.
1415 1643 1606 1680 Παραπλησίως
1632 1641 1661 1670 δε
1687 1644 1769 1678 τούτῳ
1791 1641 1840 1672 αᾶν
1864 1646 1919 1673 τοῖς

1117 1689 1188 1714 κάτω
1198 1690 1306 1725 χρόνοις
1319 1689 1363 1714 τὸν
1378 1689 1455 1724 σοφὸν
1467 1687 1562 1717 Δανιὴλ
1577 1687 1619 1715 ἰπὶ
1630 1687 1779 1718 Βαϐυλῶνος
1789 1696 1853 1724 φασι
1863 1687 1919 1722 (29)

1118 1735 1165 1762 τὴν
1188 1735 1279 1769 σοφίαν
1309 1731 1448 1760 Χαλδαίων
1474 1734 1670 1770 καταμαθόντα,
1689 1734 1746 1759 τότε
1774 1736 1824 1758 τῶν
1844 1732 1917 1759 θείων

1118 1778 1240 1814 ἅψασθαι
1265 1776 1461 1814 παιδευμάτων.
1478 1778 1544 1805 Ἀλλ’
1565 1779 1606 1805 ὅτι
1631 1780 1676 1815 μὲν
1702 1777 1749 1804 οὐκ
1777 1778 1916 1814 ἄχρηστον

1118 1823 1219 1859 ψυχαῖς
1233 1824 1378 1860 μαθήματα
1391 1824 1425 1849 τὰ
1449 1823 1539 1854 ῖξωθεν
1559 1821 1593 1852 δὴ
1614 1827 1706 1856 ταῦτα,
1732 1823 1822 1852 ἱκανῶς
1849 1823 1918 1858 εἴρη-

1118 1877 1163 1894 ται
1179 1889 1185 1896 .
1211 1869 1280 1899 ὅπως
1302 1877 1331 1904 γε
1356 1870 1407 1904 μὴν
1436 1867 1520 1894 αὐτῶν
1549 1869 1683 1904 μεθεκτέον
1706 1868 1777 1904 ὑμῖν,
1800 1866 1859 1898 ἑξῆς
1887 1865 1916 1892 ἆν

1119 1915 1157 1942 εἴη
1178 1913 1269 1949 λέγειν.
1299 1917 1404 1948 Πρῶτον
1425 1914 1470 1950 μὶν
1493 1913 1536 1939 οὖν
1560 1917 1615 1945 τοῖς
1633 1914 1705 1950 παρὰ
1728 1917 1777 1938 τῶν
1803 1914 1917 1940 ποιητῶν

1118 1958 1162 1993 (ἶν’
1177 1957 1289 1984 ὶντιῦοεν
1305 1958 1446 1995 ἄρξωμαι),
1459 1957 1513 1984 ἐπεὶ
1530 1956 1692 1984 παντοδαποί
1706 1959 1772 1987 τινες
1785 1956 1837 1983 εἱσι
1851 1965 1919 1982 κατα

1118 2005 1178 2034 τοὺς
1209 2003 1312 2039 λόγους,
1332 2005 1368 2039 μὴ
1397 2002 1454 2038 (30)
1480 2006 1560 2030 πᾶσιν
1587 2002 1675 2039 ἐφεξῆς
1707 2003 1847 2040 προσέχειν
1875 2001 1917 2027 τὸν

1118 2052 1195 2074 νοῦν·
1218 2047 1272 2074 ἀλλ’
1287 2048 1347 2075 ὅταν
1362 2049 1407 2085 μὲν
1431 2049 1478 2079 τὰς
1501 2053 1550 2074 τῶν
1571 2048 1674 2084 ἀγαθῶν
1697 2045 1797 2084 ἀνδρῶν
1813 2046 1918 2084 πράξαις

1119 2093 1133 2123 ἡ
1150 2092 1243 2128 λόγους
1263 2093 1322 2129 ὑμῖν
1347 2091 1489 2126 διεξίωσιν,
1511 2092 1614 2128 ἀγαπᾷν
1637 2101 1664 2118 τι
1688 2094 1733 2118 καὶ
1749 2091 1854 2124 ζηλοῦν,
1874 2093 1918 2116 καὶ

1120 2139 1160 2164 ὅτι
1183 2137 1298 2174 μάλιστα
1321 2138 1462 2174 πειρᾶσθαι
1487 2139 1618 2168 τοιούτους
1642 2135 1706 2163 εἶναι
1722 2147 1729 2154 ·
1746 2137 1806 2162 ὃταν
1829 2133 1858 2162 δὲ
1877 2134 1918 2161 ἐπὶ

238 2192 396 2221 quaquam
406 2184 512 2212 ordine
523 2183 712 2219 adjiciendus
726 2184 847 2212 animus
860 2185 904 2212 est
919 2191 926 2211 :
943 2184 996 2212 sed
1011 2183 1060 2211 ubi

1121 2184 1272 2220 μοχθηροὺς
1287 2181 1384 2218 ἄνδρας
1396 2182 1501 2217 ἔλθωσι,
1511 2185 1558 2212 τὴν
1571 2185 1683 2219 μίμησιν
1699 2182 1793 2210 ταύτην
1805 2179 1847 2207 δεῖ
1861 2181 1917 2212 (31)

237 2229 317 2257 facta
331 2231 384 2257 aut
396 2228 478 2257 dicta
489 2228 623 2256 virorum
646 2228 799 2257 bonorum
825 2228 911 2256 vobis
924 2236 1064 2256 narrave-

238 2274 308 2309 rint,
323 2281 376 2301 eos
389 2275 418 2301 et
438 2272 560 2308 diligere
576 2275 604 2301 et
617 2272 728 2301 imitari
742 2280 843 2309 operae
864 2272 993 2308 pretium
1009 2275 1064 2308 est,

239 2321 268 2348 et
281 2326 376 2355 quam
385 2318 517 2364 maxime
531 2317 690 2347 nitendum
699 2317 811 2354 utvtales
819 2317 998 2353 efﬁciamur;
1011 2318 1065 2347 sed

274 2387 286 2405 ‘
301 2388 364 2416 Act.
376 2394 438 2420 vni,
454 2388 498 2414 22.
537 2387 548 2405 ⁵
565 2388 671 2422 Dan.1,
691 2387 720 2414 4.

272 2452 330 2486 (26)
348 2449 473 2479 Basilius
482 2449 541 2478 hoc
561 2448 641 2484 dicit,
653 2448 858 2486 Christianum
871 2448 914 2477 ita
924 2448 1063 2486 adjuvari

235 2484 365 2523 prefena
379 2487 538 2523 poetarum
550 2487 584 2523 e_t_
591 2486 747 2523 oratorum
761 2484 944 2523 doctrina,ut
954 2485 1062 2523 milites

237 2520 435 2557 gesticulandi
454 2520 647 2557 saltandique
656 2522 718 2548 arte
731 2520 761 2548 in
773 2520 835 2548 suis
848 2521 1063 2550 exercitationi-

235 2556 296 2586 bus
307 2558 501 2593 adjuvantur.
517 2556 588 2593 Vide
599 2556 757 2593 ’Ducaaum.

270 2596 328 2629 (27)
345 2592 391 2622 Sic
415 2592 577 2629 Colbertini
599 2592 748 2629 secundus
767 2594 795 2620 et
809 2592 920 2620 tertius.
937 2592 1012 2629 Editi
1032 2595 1060 2622 et

235 2627 285 2658 alii
295 2627 443 2665 maxime;
459 2630 484 2664 ἡ,
497 2628 581 2665 quod
595 2627 785 2656 decurtatum
793 2630 894 2665 eratet
906 2628 1056 2665 mutilum.

272 2666 326 2700 (28)
341 2663 436 2692 Editio
449 2663 576 2700 utraque
591 2666 720 2701 προῦργον
744 2665 785 2692 ἄν.
802 2663 924 2700 Antiqui
947 2665 1006 2692 tres
1024 2664 1058 2692 li-

233 2701 281 2730 bri
299 2702 443 2738 προῦργου.

279 2737 323 2769 29)
337 2737 418 2772 Unus
429 2737 500 2771 Reg.
513 2738 588 2772 φησί.

280 2773 324 2808 30)
347 2771 442 2801 Editio
470 2771 599 2808 utraque
625 2771 676 2798 εἰσί
704 2773 759 2800 Μή.
777 2772 894 2800 Veteres
919 2771 1054 2808 quinque

1121 2229 1230 2264 φεύγειν,
1261 2227 1498 2264 ἑπιφρασσομένους
1520 2228 1554 2253 τὰ
1574 2227 1637 2259 ὦτα,
1660 2225 1713 2262 οὖχ
1739 2226 1815 2254 ἧττον
1839 2225 1854 2254 ἡ
1876 2226 1917 2250 τὸν

1121 2270 1255 2299 Ὀδυσσέα
1286 2274 1364 2308 φασιν
1392 2272 1482 2298 ἐκεῖνοι
1505 2273 1538 2298 τὰ
1567 2276 1617 2298 τῶν
1649 2273 1770 2309 Σειρήνων
1794 2269 1868 2307 μέλη.
1889 2269 1917 2295 Ἠ

1120 2318 1170 2356 γὰρ
1190 2319 1254 2356 πρὸς
1277 2319 1336 2348 τούς
1357 2317 1469 2354 φαύλους
1489 2321 1539 2344 τῶν
1554 2317 1636 2353 λόγων
1658 2317 1780 2346 συνήθεια
1794 2313 1854 2346 όδος
1878 2317 1917 2346 τίς

1118 2449 1186 2478 libri
1199 2449 1240 2478 ita
1255 2450 1287 2477 ut
1300 2448 1454 2477 edendum
1468 2448 1652 2477 curavimus.

1153 2488 1211 2522 (31)
1225 2484 1385 2513 Colbertini
1397 2484 1461 2522 duo
1472 2484 1540 2512 libri
1550 2487 1578 2522 et
1591 2485 1662 2518 Reg.
1679 2482 1795 2518 primus
1805 2520 1810 2522 _
1823 2481 1917 2508 ἔλθωσι

1116 2519 1376 2558 ¹τῇ’μιμνίισει,ϊοιῡτοι
1390 2519 1520 2558 ὂεῖ,ᾷῖο.,
1547 2520 1590 2548 sic
1613 2522 1717 2558 utro;
1745 2520 1857 2558 μιμήσει
1875 2526 1918 2558 νοτ

1115 2554 1227 2586 feratur
1239 2557 1278 2585 ad
1288 2557 1416 2594 verbum
1427 2555 1693 2594 éWmmrquasiejus
1702 2554 1918 2594 locihaeeesset

1115 2594 1280 2621 sententia:
1297 2593 1373 2621 Cum
1388 2596 1488 2621 autem
1504 2590 1678 2620 άεῐιρηενίηε
1701 2590 1742 2619 ad
1753 2590 1916 2625 ﬂagitiosae

1115 2629 1248 2657 homines
1261 2637 1318 2664 per
1331 2629 1491 2664 imaginem
1507 2635 1628 2664 eorum,
1643 2626 1701 2664 l_ioc
1720 2628 1780 2664 est,
1802 2632 1853 2664 eqs
1872 2625 1918 2653 de-

1110 2660 1268 2700 pz‘ngendo‘
1279 2665 1359 2692 Unus
1366 2660 1460 2692 codex
1469 2672 1487 2691 a
1498 2661 1677 2701 Combeﬁsio
1683 2661 1808 2690 collatus
1814 2660 1915 2701 30:36:,

1113 2697 1159 2730 τὴν
1167 2697 1287 2737 ’μίμησιν
1306 2701 1414 2737 ταύτην,
1431 2702 1500 2737 οια,
1512 2706 1607 2737 quam
1619 2698 1798 2737 scripturam
1811 2697 1916 2725 melio-

1111 2732 1180 2764 rem'
1199 2732 1266 2764 esse
1291 2735 1332 2763 ait
1356 2736 1401 2763 vir
1422 2732 1625 2764 doctissimus.
1650 2732 1726 2762 Editi
1749 2732 1855 2765 ἂθωσι,
1884 2736 1913 2770 τῇ

1110 2774 1222 2808 μιμήσει
1237 2772 1332 2800 ταύτην
1348 2770 1399 2800 δεῖ.
