2049 3131
63 158 66 159 ν
103 140 156 167 569

579 137 693 166 SERMO
714 137 759 165 DE
779 135 950 164 LEGENDIS
970 136 1083 164 LlBRlS
1102 136 1304 164 GENTILIUM.

1777 16 2006 83 \

1731 137 1783 164 570

103 200 174 227 ἔστιν
203 199 243 226 ἐπὶ
271 200 305 226 τὰ
332 200 484 236 πράγματα.
516 202 559 226 Διό
576 197 609 229 δὴ
637 200 709 236 πάσῃ
727 198 827 235 φυλακῇ
853 199 902 226 τὴν

959 205 1027 226 cum
1037 198 1077 226 ad
1089 197 1254 233 ﬂagitiosos
1267 197 1406 226 homines
1417 198 1600 233 devenerint,
1617 199 1687 226 tunc
1697 198 1783 226 obtu-

102 245 195 280 ψυχὴν
209 246 345 281 τηρητέον,
362 247 398 281 μὴ
417 243 464 271 διὰ
483 249 530 276 τῆς
544 249 593 271 τῶν
606 245 688 281 λόγων
702 242 799 275 ἡδονῆς
814 252 902 280 παρα-

102 289 239 326 δεξάμενοί
267 299 293 316 τι
317 289 433 326 λάθωμεν
462 294 511 316 τῶν
545 292 679 327 χειρόνων,
706 290 792 326 ὥσπερ
820 289 845 314 οἱ
870 289 904 314 τὰ

101 333 252 372 δηλητήρια
273 335 338 371 μετὰ
361 338 406 360 τοῦ
426 334 530 371 μέλιτος
552 336 728 372 προσιέμενοι.
756 333 793 359 οὐ
817 334 902 359 τοίνυν

101 378 289 415 ὶπαινεσόμεθα
314 380 374 410 τοὺς
408 380 530 412 ποιητὰς,
561 379 590 405 οὐ
618 377 845 416 λοιδοροςνμὲνους,
873 376 902 403 οὐ

101 427 278 460 πώξτονταςτ
304 424 350 450 οὐκ
378 423 488 460 ἐρῶντας
512 424 527 453 ἣ
550 425 694 460 μεθύοντας
714 423 903 460 μιμουμένους,

100 468 155 504 οὐχ
181 460 244 494 δῶ
267 470 383 506 τραπέζῃ
415 468 552 505 πληθούσῃ
580 471 625 495 καὶ
650 466 733 503 ᾠδαῖς
759 466 903 504 ἀνειμέναις

100 516 148 542 τὴν
167 512 336 549 εὐδαιμονίαν
360 514 501 550 ὀρίζωνται
527 513 593 549 (32).
620 513 727 539 Πάντων
751 510 781 538 δε
805 512 903 540 ἣκιστα

100 560 162 594 περὶ
189 559 251 585 θεῶν
274 567 301 584 τι
323 557 517 594 διαλιγομίνοις
541 558 710 595 προσέξομεν,
727 559 771 583 καὶ
797 552 903 593 μάλισθ’

102 604 164 630 ὅταν
192 605 226 634 ὡς
248 606 307 640 περὶ
329 603 428 630 πολλῶν
452 613 480 630 τε
501 603 585 629 αὐτῶν
607 602 725 634 διεξιωσι
749 602 902 628 καὶτούτων

102 646 166 674 οὔδε
181 649 363 684 ὁμονοούντων.
379 646 504 684 Ἀδελερὸς
516 649 567 685 γὰρ
583 646 616 677 δὴ
636 647 697 685 παρ’
711 647 816 678 ὶκείνοις
839 644 902 672 δια-

104 692 244 729 σταε-εοέςει
258 694 322 730 πρὸς
332 691 453 729 ἀδελφὸν,
468 695 514 719 καὶ
533 694 623 729 γονεὺς
643 693 709 730 πρὸς
727 690 837 724 παῖδας,
857 692 902 716 καὶ

101 738 208 768 τούτοις
219 736 294 768 αὖθις
312 739 377 775 πρὸς
394 739 455 769 τοὺς
469 739 589 768 τεκόντας
604 737 713 773 πόλεμος
738 735 808 763 ἐστιν
833 735 902 764 ἀκή-

99 791 206 818 ρυκτος,
223 784 353 817 Μοιχείας
370 780 400 809 δί
417 783 479 809 θεῶν
493 785 538 808 καὶ
557 784 654 819 ἔρωτας
678 783 723 808 καὶ
744 781 828 818 μίξεις
843 779 902 806 ἁνα-

100 824 208 863 φανότᾴν,
224 828 268 853 καὶ
290 828 387 858 ταύτας
411 837 441 863 γε
469 827 585 863 praua-ra:
607 830 654 853 τοῦ
677 827 820 863 κορυφαίου
840 826 902 851 πάν-

132 862 199 869 4....-

956 242 1028 270 ratis
1043 242 1168 270 auribus
1182 242 1356 270 cavendum
1371 250 1409 270 ne
1429 242 1589 276 imitemur,
1605 250 1667 270 non
1683 242 1783 270 minus

957 295 1052 323 quam
1069 287 1204 323 Ulyssem
1215 287 1301 314 aiunt
1317 286 1359 314 illi
1381 286 1519 315 Sirenum
1535 289 1642 315 cantus
1656 287 1782 315 cavisse.

957 332 1032 360 Nam
1045 331 1238 360 sermonibus
1253 331 1355 368 pravis
1372 339 1561 365 assuescere,
1577 331 1720 368 quaedam
1734 331 1785 359 via

957 378 1002 404 est
1017 376 1056 404 ad
1066 376 1134 412 ipsa
1153 375 1242 405 facta.
1259 377 1450 412 Quapropter
1465 376 1604 405 custodia
1616 376 1701 405 omni
1725 384 1785 404 ser-

958 421 1060 449 vanda
1081 421 1185 449 anima
1199 423 1254 456 est,
1269 429 1307 449 ne
1327 429 1381 457 per
1406 429 1580 449 sermonum
1600 421 1783 458 voluptatem

957 465 1128 502 quidquam
1163 465 1305 494 vitiosum
1334 465 1543 502 imprudentes
1567 466 1783 503 suscipiamus,

957 510 1082 547 perinde
1092 512 1123 538 ut
1138 510 1190 547 qui
1204 511 1291 539 melle
1301 511 1432 539 admisto
1443 513 1568 539 sumunt
1579 519 1704 540 venena.
1720 513 1784 540 Non

956 556 1047 591 igitur
1067 559 1174 592 poetas
1202 557 1288 592 176
1308 556 1515 588 laudabimus,
1532 564 1601 584 cum
1616 556 1785 584 convician-

957 602 1015 635 tur,
1031 601 1273 637 cavillanturque
1289 609 1296 629 :
1313 609 1375 629 non
1386 609 1454 629 cum
1474 601 1607 629 amasios
1623 603 1675 629 aut
1685 601 1784 629 ebrios

957 645 1125 682 depingunt
1143 654 1150 673 :
1167 653 1230 673 non
1241 653 1311 674 cum
1327 645 1498 674 felicitatem
1521 645 1656 674 afﬂuenti
1679 653 1785 674 mensa

957 691 1048 726 atque
1061 689 1219 718 cantilenis
1229 689 1384 718 dissolutis
1397 690 1574 720 metiuntur.
1590 690 1647 719 Sed
1660 690 1785 719 minime

957 735 1211 771 omnium,poetis
1239 735 1277 763 de
1293 735 1350 762 diis
1372 734 1591 763 disserentibus
1611 735 1717 763 intenti
1732 735 1786 763 eri-

956 787 1026 807 mus
1040 788 1046 813 ;
1063 781 1091 807 et
1104 779 1238 807 maxime
1249 787 1318 808 cum
1334 779 1371 807 de
1384 779 1441 807 illis
1455 782 1603 816 tanquam
1619 779 1657 808 de
1672 779 1785 814 multis,

956 824 1053 860 iisque
1068 831 1105 851 ne
1120 824 1195 852 inter
1212 832 1244 852 se
1259 824 1383 860 quidem
1397 823 1658 852 consentientibus
1671 825 1786 853 habue-

99 867 149 896 των
164 873 210 897 καὶ
236 872 337 898 ὑπάτου
357 873 425 905 Διὸς,
446 872 479 903 ὡς
503 871 578 898 αὐτοὶ
596 871 726 908 ᾙγουσιν,
742 869 759 896 ἆ
781 869 829 896 κᾶν
845 869 902 904 (33)

959 868 1016 896 rint
1044 876 1228 896 sermonem.
1252 870 1351 896 Frater
1380 868 1462 896 enim
1490 867 1637 897 adversus
1662 869 1783 898 fratrem

98 917 159 952 περὶ
189 915 367 952 βοσκημάτων
393 926 432 947 τις
460 916 540 952 λέγων
575 916 746 953 ὶρυθριάσιιε,
773 918 827 946 τοῖς
861 913 902 940 ἐπὶ

101 964 201 991 σκηνῆς
221 960 421 997 καταλείψομεν.

957 912 1041 948 apud
1055 912 1122 940 illos
1137 913 1315 941 seditionem
1331 913 1462 941 concitat
1482 915 1573 950 atque
1588 913 1783 949 discordiam,

957 959 1080 994 etpater
1098 957 1244 986 adversus
1256 958 1379 992 liberos,
1395 958 1503 994 hisque
1518 966 1624 986 rursus
1639 958 1785 987 adversus

98 1007 241 1041 parentes
255 1005 446 1042 implacabile
459 1005 574 1034 bellum
585 1007 638 1034 est.
651 1004 804 1034 Adulter-ia
818 1005 919 1032 autem
936 1002 1064 1030 deorum
1075 1010 1256 1039 amoresque
1271 1005 1300 1030 et
1314 1004 1435 1038 apertos
1447 1002 1634 1039 complexus,
1645 1005 1674 1031 et
1688 1003 1786 1032 maxi-

99 1056 149 1077 me
163 1057 348 1085 congressus
361 1050 454 1084 lovis,
470 1051 533 1087 qui,
546 1052 577 1078 ut
591 1050 651 1086 ipsi
665 1049 780 1083 dicunt,
796 1048 939 1085 princeps
954 1049 999 1075 est
1012 1047 1150 1075 omnium
1166 1050 1194 1076 et
1205 1056 1366 1084 supremus
1381 1048 1461 1084 (qua:
1472 1048 1496 1075 si
1509 1047 1577 1084 quis
1592 1047 1673 1076 dicat
1688 1048 1734 1076 vel
1747 1048 1785 1076 de

97 1093 196 1122 brutis
210 1094 406 1128 animalibus,
422 1094 601 1130 erubuerit),
617 1093 771 1123 actoribus
787 1091 912 1121 scenicis
927 1091 1147 1128 relinquamus.

136 1140 164 1167 3.
184 1139 272 1165 Ταυτὰ
301 1137 335 1169 δὴ
359 1143 442 1166 ταῦτα
466 1139 546 1175 λέγειν
572 1141 617 1166 καὶ
648 1141 708 1176 περὶ
735 1139 904 1175 συγγραφέων

100 1183 165 1218 ἔχω·
179 1185 225 1209 καὶ
240 1183 348 1219 μάλισθ’
373 1185 433 1210 ὅταν
446 1184 625 1220 ψυχαγωγίας
642 1184 715 1211 ἕνεκα
727 1188 777 1209 τῶν
793 1183 903 1209 ἀκουόν-

99 1237 151 1254 των
171 1227 340 1264 λογοποιῶσι.
371 1231 420 1256 Καὶ
447 1230 563 1266 ῥητόρων
593 1227 623 1255 δε
648 1230 696 1258 τὴν
721 1230 780 1265 περὶ
801 1229 829 1253 τὸ
842 1227 904 1263 ψεύ-

102 1270 198 1298 δεσθαι
228 1275 325 1309 τέχνην
347 1273 377 1300 οὐ
400 1274 580 1311 μιμησόμεθα.
605 1274 672 1300 Οὔτε
702 1274 752 1310 γὰρ
777 1272 802 1298 ἕν
823 1270 903 1298 δικα-

102 1318 230 1353 στηρίοις,
257 1318 312 1344 οὔτ’
336 1319 362 1344 ἄν
390 1322 448 1350 ταῖς
486 1318 575 1350 ἄλλαις
606 1318 731 1355 πράξεσιν
754 1315 903 1346 imi-150‘st

101 1362 164 1398 ἡμῖν
188 1363 245 1398 (34)
264 1363 293 1388 τὸ
320 1361 428 1398 ψεῦδος,
443 1367 498 1394 τοῖς
516 1366 564 1392 τὴν
580 1362 659 1400 ὀρθήν
684 1360 747 1388 ὁδὸν
757 1364 802 1388 καὶ
817 1361 900 1391 ἀληθῆ

100 1405 281 1443 προελομένοις
303 1411 350 1433 τοῦ
366 1406 438 1444 βίον,
463 1408 503 1439 οἷς
523 1409 553 1434 τὸ
577 1410 613 1444 μὴ
642 1405 801 1437 δικάζεσθαι
833 1407 903 1442 νόμῳ

99 1453 326 1488 προστεταγμένον
361 1451 442 1480 ἔστιν.
477 1451 546 1479 Ἀλλ’
575 1451 658 1478 ἐκεῖνα
688 1450 772 1477 αὐτῶν
807 1450 903 1487 μᾶλλον

100 1493 291 1532 ἀποδεξόμεθα,
317 1496 342 1522 ἄν
371 1495 410 1528 οἷς
441 1496 534 1534 ἀρετὴν
566 1496 703 1533 ὶπῄνεσαν,
733 1496 748 1526 ἣ
777 1497 903 1532 πονηρίαν

101 1537 222 1567 διέϐαλον
243 1542 308 1577 (35).
335 1541 379 1573 Ὠς
393 1543 444 1579 γὰρ
471 1546 520 1568 τῶν
546 1540 640 1568 ἀνθέων
655 1544 711 1572 τοῖς
737 1542 782 1577 μεν
802 1539 903 1570 λοιποῖς

100 1585 170 1621 ἄχρι
196 1589 245 1618 τῆς
274 1584 386 1617 εὐωδίας
413 1587 428 1616 ἦ
454 1591 503 1617 τῆς
521 1588 606 1623 χρόας
621 1585 692 1612 ἔστὶν
714 1586 729 1615 ἠ
746 1584 901 1618 ἀπόλαυσις,

100 1632 159 1660 ταῖς
180 1630 314 1666 μελίτταις
328 1628 355 1657 δ’
373 1631 426 1667 ἄρα
444 1633 489 1657 καὶ
509 1630 567 1668 μὴι
585 1630 724 1667 λαμϐάνειν
749 1629 792 1656 ἀπ’
819 1629 902 1655 αὐτῶν

101 1674 228 1710 ὑπάρχει·
245 1675 312 1701 οὕτω
336 1673 371 1704 δὴ
394 1675 528 1702 κάνταῦθα
548 1679 600 1706 τοῖς
617 1677 652 1712 μὴ
667 1675 696 1701 τὸ
709 1673 763 1703 ἡδὺ
778 1675 823 1700 καὶ
844 1673 902 1700 ἕπί-

100 1727 170 1756 χαρι
184 1720 260 1755 μόνον
283 1724 334 1746 τῶν
354 1721 477 1746 τοιούτων
499 1720 582 1756 λόγων
603 1718 746 1746 διώκουσιν
769 1720 825 1745 Ξστι
845 1719 904 1745 τινὰ

102 1766 149 1789 καὶ
179 1763 299 1799 ὠφέλειαν
328 1764 364 1791 ἀπ
394 1765 477 1791 αὐτῶν
505 1765 540 1796 εἰς
563 1766 610 1794 τὴν
633 1763 726 1800 ψυχὴν
747 1763 902 1791 ἀποθέσθαι.

104 1808 181 1834 Κατὰ
206 1811 293 1834 πᾶσαν
321 1807 353 1839 δὴ
377 1808 421 1836 οὖν
445 1813 495 1836 τῶν
516 1809 642 1846 μελιττῶν
659 1811 707 1838 τὴν
733 1808 828 1841 εἰκόνα,
853 1812 903 1834 τῶν

101 1851 187 1888 λόγων
211 1853 273 1889 ὑμῖν
295 1854 438 1890 μεθεκτέον.
461 1855 572 1881 Ἐκιῑναί
601 1863 628 1880 τε
653 1854 704 1890 γὰρ
737 1854 796 1879 οὔτε
819 1852 904 1879 ἅπασι

101 1900 158 1928 τοῖς
184 1897 274 1924 ἄνθεσι
298 1899 488 1936 παραπλησίως
518 1898 684 1936 ἔπέρχονται,
705 1899 764 1924 οὔτε
787 1899 839 1934 μὴν
865 1898 904 1928 οἷς

101 1941 132 1968 ἃν
148 1941 291 1969 ἕπιπτῶσιν
306 1943 353 1970 ὅλα
378 1946 461 1980 φέρειν
485 1943 676 1981 ἐπιχειροῦσιν,
693 1941 748 1968 ἀλλ’
772 1943 833 1968 ὅσον
854 1942 904 1968 αὗ-

101 1991 152 2013 τῶν
182 1986 329 2017 ὶπιτήὸειον
366 1990 430 2025 πρὸς
467 1990 514 2017 τὴν
547 1987 672 2026 ὶργασιαν
704 1986 843 2020 λαϐοῦσαι,
874 1987 904 2012 τὸ

100 2031 190 2058 λοιπὸν
220 2034 325 2069 χαίρειν
363 2032 474 2069 ἀφῆκαν.
508 2033 596 2069 Ἡμεῖς
628 2042 664 2064 τι,
697 2032 728 2061 ἣν
756 2032 903 2068 σωφρονῶ-

100 2086 146 2113 μεν
158 2078 226 2111 (36),
243 2079 304 2104 ὅσον
331 2078 423 2104 οἰκεῖον
452 2079 514 2114 ἡμῖν
529 2079 574 2103 καὶ
597 2078 718 2113 (ru-nivi;
743 2080 773 2112 τῇ
796 2075 904 2112 ἀληθείᾳ

100 2122 164 2158 παρ’
192 2122 276 2148 αὐτῶν
313 2123 495 2159 κομισάμενοι,
520 2121 723 2159 ὑπερθησόμεθα
750 2121 780 2147 τὸ
814 2119 903 2147 λειπό-

100 2175 187 2202 μενον.
218 2169 268 2193 Καὶ
296 2168 412 2204 καθάπερ
437 2171 485 2198 τῆς
510 2165 638 2204 ροδωνιᾱς
665 2168 712 2192 τοῦ
735 2165 828 2195 ἄνθους
846 2163 903 2201 dp:-

100 2209 214 2247 φάμενοι
235 2213 280 2243 τὰς
305 2211 418 2243 ἀκάνθας
438 2211 593 2247 ἑκχλίνομεν,
618 2210 685 2237 οὕτω
712 2212 757 2236 καὶ
785 2209 828 2236 ἐπὶ
852 2213 902 2235 τῶν

100 2256 225 2282 τοιούτων
251 2255 332 2292 λόγων
356 2250 416 2283 ὅσον
442 2259 577 2294 χρήσιμον
619 2255 830 2292 καρπωσάμενοι,
872 2255 902 2280 τὸ

102 2299 230 2337 βλαϐερόν
254 2301 425 2338 φυλαξώμεθα
449 2302 514 2337 (37L
541 2300 624 2331 Εὐθὺς
644 2297 687 2326 οὖν
703 2298 730 2331 ἐξ
745 2298 831 2335 ἀρχῆς
844 2298 902 2325 ἔπι-

103 2349 209 2372 σκοπείν
238 2347 345 2373 ἕκαστον
377 2350 426 2372 τῶν
452 2346 625 2382 μαθημάτων,
651 2346 696 2370 καὶ
730 2343 903 2381 συναρμόζειν

101 2396 138 2427 τῷ
162 2391 228 2418 τελιι
253 2395 380 2429 προσῆκε,
396 2392 464 2418 κατὰ
487 2392 535 2421 τὴν
554 2391 672 2427 Δωρικήν
692 2390 844 2426 παροιμίαν,
860 2389 903 2414 τὸν

100 2435 172 2462 λίθον
209 2437 270 2462 ποτὶ
303 2437 350 2462 τὰν
383 2436 500 2473 σπάρτον
533 2435 653 2471 ἄγοντας.
680 2436 731 2460 Καὶ
762 2431 904 2470 ἐπειδήπερ

102 2480 141 2508 δι’
167 2480 260 2519 ἀρετῆς
291 2481 361 2517 ἡμᾶς
385 2480 426 2507 ἐπὶ
451 2480 505 2516 (38)
527 2481 571 2506 τὸν
595 2478 655 2516 βίον
673 2479 790 2505 καθεῖναι
805 2476 848 2505 δεῖ
861 2479 905 2504 τὸν

136 2571 193 2608 (32)
207 2569 283 2608 Editi
299 2569 495 2608 o'piCowat._At
506 2576 580 2608 ms_s_2
595 2567 848 2608 mulfi_epi§oiv‘r_at.

137 2602 196 2641 (33')
210 2606 257 2641 Sic
272 2602 387 2641 vetgres
401 2604 538 2641 quinque
551 2603 629 2632 libri.
641 2602 716 2631 Editi
729 2602 760 2634 ἃς
775 2603 834 2630 κᾶν.

138 2637 193 2674 (34)
210 2640 306 2669 Editio
320 2637 576 2669 Ρᾶΐὶείὶπιτῆδειον
596 2640 667 2676 ὑμῖν.
684 2641 718 2667 At
733 2646 806 2666 mss.
826 2645 902 2674 qua-

100 2680 170 2705 tuor
184 2678 257 2713 ἡμῖν.

136 2709 293 2747 (33)”Πηι18
318 2720 390 2739 mss.
412 2712 426 2741 ἦ
457 2713 551 2737 κακίαν
580 2709 708 2738 διέϐαλον.
725 2711 789 2738 Mox
814 2709 898 2738 Colb.

101 2749 206 2777 tertius
217 2751 261 2774 καὶ
279 2752 309 2777 τῆ
316 2759 336 2779 ς,

138 2786 193 2820 (36)
210 2785 281 2819 Reg.
293 2783 410 2820 primus
426 2786 468 2809 ἵνα
483 2786 662 2821 σωφρονῶμεν.
677 2783 735 2810 Nec
749 2781 791 2811 ita
804 2780 899 2811 multo

994 1138 1021 1164 3.
1034 1136 1147 1164 Eadem
1158 1139 1236 1165 certe
1248 1137 1319 1165 etde
1326 1136 1476 1165 historicis
1486 1136 1585 1165 dicere
1595 1137 1786 1174 habeo,pra3-

959 1180 1061 1209 sertim
1076 1189 1146 1209 eum
1163 1181 1202 1209 ad
1217 1181 1404 1210 audientium
1420 1181 1557 1209 animum
1573 1181 1786 1211 oblectandum

957 1225 1100 1253 historias
1122 1226 1329 1254 conscribunt.
1356 1228 1413 1254 Nec
1428 1226 1519 1254 etiam
1535 1227 1690 1254 rhetorum
1704 1235 1787 1255 men-

957 1269 1051 1298 tiendi
1061 1272 1157 1298 artem
1168 1270 1365 1299 imitabimur.
1378 1271 1492 1298 Etenim
1504 1279 1603 1308 neque
1613 1271 1643 1299 in
1652 1271 1784 1306 iudiciis,

957 1322 1056 1351 neque
1077 1315 1108 1342 in
1124 1314 1189 1343 aliis
1203 1315 1374 1343 actionibus
1396 1315 1580 1344 conveniens
1594 1316 1684 1343 nobis
1699 1316 1787 1345 fuerit

957 1359 1164 1391 mendacium,
1181 1361 1232 1396 qui
1248 1362 1360 1388 rectam
1373 1367 1408 1388 ac
1428 1368 1531 1388 veram
1543 1360 1610 1388 vitm
1626 1361 1707 1389 viam
1720 1369 1785 1389 am-

957 1403 1037 1440 plexi
1045 1404 1183 1434 simus.et
1193 1404 1306 1441 quibus
1316 1412 1378 1432 non
1388 1404 1507 1440 litigare
1519 1405 1584 1440 lege
1602 1408 1785 1442 praaceptum

957 1448 1004 1477 sit.
1020 1448 1078 1477 Sed
1091 1448 1142 1477 illa
1153 1448 1251 1484 magis
1264 1448 1474 1485 probabimus,
1484 1449 1514 1477 in
1525 1449 1636 1486 quibus
1645 1449 1786 1479 virtutem

956 1493 1214 1527 laudaverint,aut
1221 1493 1416 1530 vituperarint
1426 1493 1581 1522 vitium.Ut
1592 1494 1786 1531 enimreliqui

958 1538 1021 1566 solo
1044 1537 1154 1566 ﬂorum
1170 1538 1253 1566 bono
1268 1538 1361 1566 odore
1376 1540 1427 1567 aut
1453 1538 1553 1567 colore
1578 1539 1785 1576 perfruuntur,

957 1590 1030 1619 apes
1043 1591 1112 1611 vero
1125 1583 1186 1611 mel
1201 1583 1292 1611 etiam
1307 1591 1343 1611 ex
1360 1583 1403 1611 eis
1417 1591 1576 1620 excerpere
1586 1586 1699 1612 norunt
1714 1593 1721 1612 :
1744 1584 1786 1612 ita

956 1627 1005 1655 hic
1020 1635 1154 1664 quoque,
1170 1628 1222 1664 qui
1236 1635 1298 1656 non
1310 1627 1406 1656 solam
1420 1628 1568 1664 ejusmodi
1582 1628 1729 1657 librorum
1739 1629 1788 1663 ju-

956 1672 1141 1700 cunditatem
1155 1681 1189 1700 ac
1199 1673 1378 1700 suavitatem
1386 1673 1645 1709 consectantur,iis
1658 1673 1726 1702 licet
1735 1673 1786 1702 ali-

957 1717 1032 1753 quid
1048 1717 1136 1745 etiam
1151 1717 1283 1745 utilitatis
1298 1725 1334 1745 ex
1362 1717 1421 1745 illis
1445 1718 1476 1745 in
1500 1718 1604 1746 anima.
1627 1726 1785 1754 reponere.

959 1761 1088 1790 Omnino
1101 1761 1191 1797 igitur
1201 1761 1237 1790 ad
1251 1769 1343 1798 apum
1354 1761 1539 1798 exemplum,
1550 1762 1689 1791 hislibris
1699 1765 1786 1791 uten-

958 1806 1032 1834 dum
1042 1805 1132 1834 vobis
1146 1808 1198 1834 est.
1216 1805 1273 1833 llllB
1288 1805 1368 1834 enim
1389 1813 1487 1842 neque
1501 1806 1628 1834 ﬂoribus
1642 1807 1786 1836 omnibus

958 1858 995 1878 ex
1019 1857 1108 1886 aequo
1131 1849 1278 1880 insidunt,
1293 1857 1391 1886 neque
1407 1850 1497 1878 etiam
1513 1850 1552 1878 ad
1567 1859 1645 1886 quos
1660 1851 1785 1879 advola-

958 1895 1029 1929 rint,
1045 1902 1097 1922 eos
1119 1896 1198 1922 totos
1213 1893 1330 1922 auferre
1346 1897 1515 1922 conantur:
1537 1894 1588 1922 sed
1605 1903 1673 1923 cum
1690 1903 1727 1923 ex
1742 1896 1785 1924 eis

958 1941 1108 1976 quantum
1132 1938 1277 1967 idoneum
1305 1939 1400 1967 estad
1414 1947 1502 1976 opus,
1519 1939 1613 1968 semel
1628 1939 1784 1975 collegere,

958 1983 1108 2020 reliquum
1128 1983 1294 2012 dimittunt.
1315 1985 1373 2012 Nos
1388 1992 1511 2021 quoque
1531 1984 1555 2012 si
1570 1984 1717 2020 sapimus,
1734 1985 1787 2014 ubi

958 2031 1107 2066 quantum
1122 2028 1211 2057 nobis
1225 2029 1375 2064 congruit,
1388 2037 1423 2057 ac
1438 2029 1557 2057 veritati
1572 2030 1664 2057 afﬁne
1677 2032 1731 2065 est,
1749 2038 1786 2058 ex

958 2074 1006 2102 his
1030 2073 1149 2109 scriptis
1170 2073 1392 2108 collegerimus,
1408 2073 1558 2110 reliquum
1578 2074 1786 2110 praetermitte-

958 2127 1038 2147 mus.
1051 2119 1083 2146 Et
1093 2117 1357 2154 quemadmodum
1368 2118 1397 2146 in
1409 2118 1600 2154 deccrpendo
1610 2118 1703 2146 roseti
1713 2118 1786 2147 ﬂore

959 2165 1058 2192 sentes
1085 2161 1275 2190 devitamus:
1308 2162 1350 2190 sic
1373 2162 1445 2191 etin
1471 2161 1579 2190 talibus
1594 2162 1786 2191 sermonibus

957 2206 1107 2245 quidquid
1119 2206 1188 2234 utile
1199 2209 1244 2234 est
1253 2209 1424 2243 carpentes,
1436 2207 1560 2234 noxium
1569 2207 1710 2235 vitemus.
1721 2208 1786 2236 Sta-

956 2253 1009 2281 tim
1018 2252 1109 2287 igitur
1115 2251 1153 2279 ab
1163 2252 1246 2279 initio
1255 2251 1430 2288 disciplinas
1441 2251 1576 2286 singulas
1582 2251 1786 2294 considerare.

957 2300 986 2326 et
1000 2297 1039 2325 ad
1051 2296 1144 2325 ﬁnem
1155 2296 1400 2327 accommodare,
1415 2303 1515 2332 operae
1532 2296 1661 2332 pretium
1685 2298 1741 2331 est,
1753 2301 1787 2326 ut

958 2344 1004 2371 est
1013 2342 1044 2370 in
1056 2341 1162 2370 Dorico
1172 2340 1346 2378 proverbio,
1357 2341 1487 2376 lapidem
1499 2341 1539 2368 ad
1549 2341 1722 2376 funiculum
1733 2343 1788 2370 du.

959 2389 1068 2416 centes.
1083 2387 1116 2414 Et
1129 2385 1256 2422 quando
1272 2393 1326 2422 per
1337 2385 1478 2414 virtutem
1498 2385 1538 2414 ad
1549 2388 1686 2414 nostram
1697 2386 1787 2420 illam

959 2431 1052 2460 vitam
1065 2430 1222 2468 pervenire
1236 2438 1293 2459 nos
1308 2431 1437 2467 oportet,
1453 2430 1491 2458 de
1504 2430 1561 2459 hac
1574 2432 1676 2459 autem
1689 2431 1788 2460 multa

960 2476 1067 2513 poetis,
1083 2475 1178 2504 multa
1199 2475 1360 2508 historicis,
1375 2474 1472 2503 multo
1494 2474 1582 2512 plura
1594 2474 1786 2512 philosophis

979 2568 1028 2594 ost
1062 2564 1145 2594 Colb.
1176 2564 1278 2593 tertius
1306 2564 1388 2601 λόγων
1411 2565 1441 2591 τὸ
1464 2562 1518 2593 ἡδὺ
1537 2563 1655 2593 λαϐόντες
1670 2564 1699 2588 τὸ
1721 2561 1786 2598 βλα-

974 2611 1040 2628 Ξοον.

985 2628 1050 2672 λωτ)
1080 2636 1155 2664 Editi
1179 2635 1352 2672 φυλαξομεθα.
1383 2638 1418 2663 At
1450 2643 1528 2663 mss.
1562 2634 1648 2662 multi
1665 2633 1785 2670 φυλαξώ-

955 2674 1030 2710 μεθα.
1049 2673 1154 2710 statim
1169 2672 1252 2710 Qolb.
1270 2672 1562 2710 ῑοτιὶυειπεριῃοπτιῑν.

990 2709 1045 2744 (38)
1063 2708 1158 2744 Editio
1179 2707 1356 2744 Paris.ﬁyd;
1376 2705 1428 2734 ὶπί.
1444 2707 1538 2734 Editio
1564 2705 1652 2744 Basil.
1670 2707 1698 2744 et
1719 2705 1784 2744 duo

954 2740 1042 2780 mss;
1059 2745 1122 2780 ἡμῖν
1150 2743 1201 2771 ἐπί.
1235 2743 1290 2780 Alli
1305 2740 1310 2744 ⁷
1324 2745 1456 2780 quatuor
1480 2750 1552 2770 mss.
1569 2740 1662 2778 ἀρετῆς
1686 2741 1728 2766 ἐπὶ
1741 2741 1784 2765 τόν

955 2779 1013 2816 βίον
1029 2777 1091 2815 ἡμῖν
1101 2780 1228 2813 καθεῖναι,
1245 2778 1305 2807 alio
1324 2777 1438 2806 ordine.
