2049 3131
117 123 169 149 577

604 117 719 148 SERMO
740 118 784 145 DE
805 114 976 145 LEGENDIS
997 115 1107 146 LlBRlS
1127 119 1323 147 GENTILIUM.

1751 122 1803 150 578

116 187 153 218 τῷ
168 184 229 212 τοὺς
249 179 393 212 διώκοντας
421 181 564 217 ὑπομένειν,
589 183 635 207 καὶ
657 181 747 218 πράως
773 179 857 205 αὐτῶν
872 182 921 209 τῆς

981 177 1081 206 leniter
1095 179 1220 208 tolerare
1231 182 1369 216 oporteat
1380 189 1386 208 :
1397 179 1467 209 huic
1477 188 1593 215 rursus,
1610 182 1694 218 quod
1704 183 1803 212 inimi-

117 227 199 264 ὀργῆς
225 225 368 262 ἀνέχεσθαι
384 236 391 242 ·
417 227 462 252 καὶ
485 230 520 261 τῷ
545 229 598 256 τοῖς
627 224 733 262 ἐχθροῖς
749 223 924 260 ιῦχισθαιτὰ

118 271 216 307 ἀγαθά,
252 270 316 296 ἀλλὰ
344 272 380 306 μὴ
415 270 573 307 ἐπαρᾶσθαι.
598 270 641 300 Ὠς
668 270 680 296 ὃ
708 279 737 305 γε
766 268 789 294 ἐν
820 269 924 298 τούτοις

116 313 321 354 προπαιδευθεὶς
339 315 386 341 οὐκ
402 314 436 340 ἔτ’
458 313 488 340 ἂν
508 313 613 345 ἐκνιίοις
641 315 676 344 ὡς
698 313 836 343 ἀδυνάτοις
860 311 924 338 δια-

117 363 282 389 πιστήσειιν.
308 359 364 385 Οὐκ
388 358 418 385 ἂν
441 359 596 396 παρίλθοιμι
616 360 645 385 τὸ
668 362 714 385 τοῦ
740 355 922 395 Ἀλεξάνδρου,

117 405 163 437 ὃς,
199 407 246 435 τὰς
276 405 421 442 θυγατέρας
454 407 560 441 Δαρείου
600 404 787 440 αἰχμαλώτους
828 401 923 439 λαϐὼν,

119 451 270 486 θαυμαστὸν
298 458 323 474 τι
346 449 466 479 (56)οἶον
494 450 523 474 τὸ
552 448 645 478 κάλλος
673 450 798 485 παρέχειν
822 456 924 484 παρτ-υ-

117 496 256 532 ρουμένας,
291 491 353 519 οὐδὲ
389 491 526 530 προσιδεῖν
555 493 686 524 ἠξίωσεν·
714 492 828 529 αἰσχρὸν
862 490 925 517 εἶναι

118 541 228 577 κρίνων,
259 539 302 564 τὸν
335 535 434 574 ἄνδρας
463 537 571 571 ἑλόντα,
601 541 729 573 γυναικῶν
768 537 924 565 ἡττηθῆναι.

118 586 199 611 Τουτὶ
217 584 267 620 γὰρ
295 582 330 613 ιίς
358 581 453 608 ταύτόν
479 581 565 618 ἐκείνῳ
590 584 669 619 φέριι,
691 583 731 608 ὃτι
759 582 772 607 ὁ
797 580 926 617 ἐμϐλέψας

121 630 188 666 πρὸς
202 626 297 658 ἡδονήν
316 629 432 663 γυναικὶ,
449 626 496 653 κᾶν
519 629 555 663 μὴ
580 631 616 662 τῷ
645 627 712 664 ἔργῳ
734 627 781 655 τὴν
803 628 924 662 μοιχείαν

122 673 266 709 ἐπιτιᾙσῃ,
283 672 346 698 ἀλλὰ
359 675 397 706 τῷ
408 681 438 707 γε
464 674 511 701 τὴν
536 671 675 708 ἐπιθυμίαν
694 675 725 707 τῇ
742 670 819 707 ψυχῇ
836 680 924 707 παρα-

123 716 249 749 δέξασθαι
281 717 328 743 οὐκ
355 715 457 752 ἀφίεται
484 720 530 743 τοῦ
559 716 730 752 ἐγκλήματος.
760 717 795 742 Τὸ
824 713 854 741 δὲ
878 718 924 741 τοῦ

123 762 249 795 Κλεινίου,
276 766 326 788 τῶν
365 762 519 798 Πυθαγόροῦ
546 763 682 798 γνωρίμων
715 761 780 795 ἰνὸς,
809 760 923 796 χαλεπὸν

121 811 264 833 πιστεῦσαι
279 805 330 832 απὸ
349 805 514 842 ταύτομάτου
544 805 677 842 συμϐῆναι
699 808 754 836 τοῖς
778 805 921 841 ἡμετέροις,

979 223 1021 250 eis
1036 223 1188 259 bene,non
1200 225 1278 253 male
1289 225 1405 261 precari
1415 225 1606 254 debeamus’.
1615 228 1712 260 Quare
1723 228 1806 264 quis-

978 268 1045 304 quis
1068 268 1098 296 in
1114 269 1161 297 his
1180 269 1269 298 fuerit
1288 270 1372 306 prius
1393 270 1540 304 eruditus,
1565 272 1723 308 praeceptis
1737 272 1804 308 illis,

979 314 1123 348 tanquam
1138 321 1205 350 qua
1218 313 1280 341 ﬁeri
1293 322 1354 341 non
1365 314 1560 350 possint,non
1571 315 1733 351 denegabit
1743 324 1806 345 am-

979 356 1058 392 plius
1069 357 1171 386 ﬁdem.
1188 360 1291 395 Neque
1303 366 1373 387 vero
1383 359 1577 395 prieterierim
1593 361 1754 389 Alexandri
1764 362 1805 390 fa-

981 403 1204 439 ctum,quicum
1215 403 1293 431 filias
1302 403 1380 432 Darii
1392 403 1526 439 captivas
1537 404 1805 442 haberet,quarum

980 446 1163 476 incredibilis
1175 448 1367 484 pulchritudo
1377 449 1470 476 fuisse
1480 449 1710 485 praedicaturme
1722 451 1804 488 aspi-

981 499 1048 520 cere
1058 492 1182 528 quidem
1193 493 1334 528 dignatus
1345 495 1389 521 est
1406 502 1412 521 :
1430 496 1515 530 turpe
1526 502 1590 522 esse
1603 495 1754 529 judicans,
1764 496 1805 524 vi-

980 545 1084 564 rorum
1095 537 1240 565 victorem
1251 538 1358 566 vincia
1367 538 1619 567 mulieribus.Hoc
1631 543 1746 573 spectat
1758 548 1806 568 eo-

980 581 1050 609 dem
1059 584 1148 618 atque
1157 582 1329 618 illud,quod
1341 583 1394 619 qui
1409 583 1561 619 aspexerit
1570 583 1725 612 mulierem
1741 584 1806 613 libi-

980 626 1097 661 dinose,
1109 635 1285 663 quanquam
1301 627 1482 655 adulterium
1497 635 1588 663 opere
1602 636 1663 656 non
1677 629 1805 656 commi-

981 670 1028 704 sit,
1045 672 1191 707 quoniam
1207 674 1307 699 tamen
1327 672 1604 708 concupiscentiam
1617 673 1648 701 in
1668 673 1805 701 animum

980 715 1114 750 admisit,
1130 715 1254 744 crimine
1264 724 1327 744 non
1338 719 1423 753 vacet
1433 717 1454 744 ⁸.
1472 716 1549 749 Quin
1568 719 1597 744 et
1607 717 1680 745 illud
1694 717 1805 753 Cliniae,

979 760 1031 796 qui
1051 768 1130 788 unus
1145 768 1160 787 e
1176 761 1351 796 Pythagorae
1364 757 1520 797 discipulis
1543 763 1588 789 est
1601 761 1651 789 vix
1673 762 1806 791 credide-

978 804 1034 832 rim
1046 813 1115 832 cum
1128 805 1237 833 nostris
1252 805 1391 833 institutis
1406 805 1527 834 fortuito
1545 806 1723 840 consentire,
1744 814 1806 834 non

121 851 174 878 ἀλλ’
202 851 267 887 οὐχὶ
291 852 475 887 μιμησαμένου
500 848 661 886 σπουδῇ-Τί
686 848 715 876 δὴ
730 848 784 879 ἧνὸ
803 849 922 878 ἐποίησεν

981 849 1117 877 consulto
1133 857 1168 877 ea
1182 849 1303 878 imitari.
1318 850 1432 886 Ecquid
1447 853 1548 878 autem
1560 851 1724 887 erat,quod
1739 851 1808 879 fecit

119 896 232 930 iasivoc;
246 895 319 932 ⁴Εξὸν
340 893 376 921 δι’
392 896 469 931 ὅρκου
482 898 559 931 τριῶν
585 894 715 922 ταλάντων
737 894 835 930 ζημίαν
855 893 922 920 ἁπο-

120 944 219 977 φυγεῖν,
243 941 256 966 ὁ
283 938 313 966 δὲ
341 939 448 966 ἀπέτισε
480 939 575 975 μᾶλλον
603 939 618 969 ἣ
649 941 745 975 ὤμοσε,
773 941 818 965 καὶ
840 942 923 965 ταῦτα

121 985 234 1022 ιῦορκεῖν
262 984 359 1021 μέλλων
374 992 380 999 ·
412 983 537 1017 ἀκούσας,
563 983 621 1020 ἐμοὶ
650 982 745 1017 δοκεῖν,
765 987 811 1010 τοῦ
836 993 922 1021 προσ-

119 1031 253 1066 τάγματος
267 1031 310 1056 τὸν
337 1029 411 1065 ὅρκον
437 1029 499 1065 ἡμῖν
524 1027 740 1066 ἁπαγοριύοντος,
756 1027 836 1063 Ἀλλ’,
861 1029 922 1064 ὅπερ

121 1074 149 1105 ἐξ
177 1073 266 1111 ἀρχῆς
294 1074 387 1110 {AV/ou,
415 1073 492 1100 πάλιν
514 1073 550 1105 εἰς
577 1073 671 1099 ταύτὸν
699 1072 840 1109 ἔπανὶωμεν
858 1083 865 1089 ·
893 1072 923 1098 οὐ

121 1120 208 1146 πάντα
236 1118 294 1150 ἑξῆς
322 1117 497 1156 παραδεκτέον
526 1119 598 1155 ἡμῖν,
629 1117 682 1144 ἀλλ’
712 1118 761 1144 ὃσα
786 1119 922 1155 χρήσιμα.

124 1166 175 1191 Καὶ
201 1165 250 1201 γὰρ
280 1164 394 1201 αἰσχρὸν
420 1168 468 1190 τῶν
497 1165 542 1200 μὶν
563 1166 652 1190 σιτίων
680 1164 714 1190 τὰ
738 1159 853 1200 βλαϐερᾶ
879 1162 924 1189 δι-

123 1210 260 1243 ωθεῖσθαι,
274 1213 324 1234 τῶν
340 1207 370 1235 δὴ
384 1209 556 1245 μαθημάτων,
571 1207 587 1234 ἆ
600 1210 648 1238 τὴν
663 1207 756 1244 ψυχὴν
778 1209 850 1244 ἡμῶν
865 1210 924 1245 τρέ-

123 1263 174 1290 φει,
204 1252 306 1290 μηδένα
337 1253 411 1289 λόγον
445 1254 526 1289 ἔχειν,
557 1252 613 1279 ἀλλ’
644 1254 730 1290 ὧσπιρ
763 1252 925 1290 χειμάρρουν

122 1300 325 1336 παρασύροντας
348 1298 416 1324 ἅπαν
443 1300 473 1324 τὸ
488 1299 642 1334 προστυχὸν
657 1297 838 1334 ἐμϐάλλεσθαι.
863 1299 925 1323 Καί-

122 1352 163 1369 τοι
187 1345 246 1369 τίνα
271 1344 327 1379 ἔχει
350 1342 425 1378 λόγον
449 1341 607 1379 κυϐιρνήτην
636 1342 681 1378 μὶν
709 1342 757 1368 οὐκ
789 1341 842 1371 ιίκῆ
872 1345 925 1372 τοῖς

122 1389 266 1424 πνεύμασιν
297 1387 402 1424 ἐφιέναι,
437 1386 502 1413 ἀλλὰ
533 1388 599 1424 πρὸς
631 1387 728 1424 ὅρμους
756 1386 868 1413 ιύθύνιιν
896 1387 925 1413 τὸ

122 1433 234 1469 σκάφος,
252 1433 298 1458 καὶ
321 1431 429 1463 τοξότην
452 1432 521 1458 κατὰ
548 1434 646 1458 σκοποῦ
672 1430 785 1467 βάλλειν,
802 1433 853 1465 ⁸καὶ
879 1432 924 1467 μὲν

121 1475 155 1506 δὴ
172 1478 218 1503 καὶ
233 1476 407 1512 χαλκευτικὸν
421 1486 480 1502 τινα
500 1476 515 1505 ἦ
540 1477 686 1502 τικτονικόν
710 1477 772 1502 ὄντα
794 1479 841 1502 τοῦ
855 1477 924 1502 κατά

977 892 1258 930 ille?.lurejurando
1274 902 1344 922 cum
1363 894 1389 922 ei
1400 894 1501 923 liceret
1519 894 1700 923 talentorum
1716 895 1806 923 trium

977 938 1109 973 effugere
1118 938 1373 972 multam,solverc
1385 939 1491 967 maluit
1500 939 1807 976 quamjurare,idque

977 991 1047 1011 cum
1058 991 1119 1012 non
1129 985 1208 1011 esset
1216 983 1294 1011 falso
1301 984 1472 1019 juraturus;
1485 986 1670 1020 praeceptum
1683 992 1745 1020 quo
1756 992 1810 1012 no-

977 1027 1024 1056 bis
1031 1027 1041 1063 j
1048 1027 1247 1063 usjurandum
1255 1027 1470 1061 interdicitur”,
1482 1030 1514 1055 ut
1523 1028 1598 1056 mihi
1608 1028 1809 1064 videtur,edo-

979 1075 1055 1101 ctus.
1070 1072 1128 1100 Sed
1141 1072 1180 1100 ad
1193 1071 1251 1100 hoc
1265 1072 1344 1100 idem
1359 1072 1444 1109 quod
1468 1072 1551 1101 initio
1573 1072 1724 1107 dicebam,
1744 1081 1808 1101 rur-

979 1125 1030 1144 sus
1051 1118 1256 1144 revertamur:
1272 1125 1334 1144 non
1347 1116 1450 1145 omnia
1461 1125 1496 1145 ex
1507 1117 1623 1150 ordine,
1639 1117 1693 1145 sed
1709 1116 1808 1145 solum

979 1169 1047 1198 qure
1074 1161 1157 1190 utilia
1181 1162 1261 1196 sunt,
1285 1161 1477 1197 suscipienda
1499 1161 1587 1189 nobis
1611 1169 1686 1190 esse.
1712 1163 1808 1198 Turpe

979 1215 1112 1243 namque
1131 1207 1218 1235 fuerit
1231 1206 1353 1242 rejicere
1373 1213 1430 1233 nos
1445 1206 1528 1233 cibos
1551 1206 1703 1241 exitiosos,
1722 1205 1809 1234 disci-

979 1252 1129 1289 plinarum
1145 1260 1214 1281 vero
1225 1260 1292 1288 quae
1308 1251 1442 1279 animam
1456 1253 1592 1279 nostram
1606 1251 1752 1287 nutriunt,
1763 1259 1809 1279 ra-

979 1297 1090 1325 tionem
1100 1297 1214 1325 nullam
1223 1295 1403 1328 habere,seil
1414 1295 1586 1324 torrentisin
1595 1303 1712 1323 morem
1721 1295 1809 1332 quid-

979 1341 1053 1378 quid
1059 1341 1183 1370 obvium
1189 1343 1233 1369 est
1243 1340 1438 1375 trahentes,id
1448 1340 1478 1368 in
1487 1340 1623 1368 animum
1633 1343 1807 1369 recondere.

980 1388 1013 1414 Et
1027 1386 1151 1423 quidem
1166 1385 1321 1422 quomodo
1332 1384 1441 1413 rationi
1456 1387 1695 1413 consentaneum
1706 1387 1762 1420 est,
1776 1386 1810 1413 ut

979 1431 1140 1459 nauclerus
1155 1439 1216 1459 non
1239 1433 1350 1459 temere
1363 1438 1394 1457 se
1406 1430 1503 1459 ventis
1514 1430 1678 1466 permittat,
1694 1429 1750 1458 sed
1768 1429 1809 1458 ad

979 1477 1100 1512 portum
1120 1475 1230 1510 dirigat
1257 1475 1413 1510 scapham,
1439 1474 1672 1510 sagittariusque
1695 1474 1726 1501 in
1742 1481 1806 1502 sco-

119 1524 167 1551 τὴν
186 1523 283 1557 τέχνην
307 1520 424 1558 ἐφίεσθαι
447 1521 533 1551 τέλους
545 1531 551 1538 ·
570 1521 638 1557 ἡμᾶς
658 1518 688 1547 δὶ
708 1522 754 1546 καὶ
769 1524 820 1547 τῶν
834 1522 923 1547 τοιού-

981 1528 1052 1557 pum
1062 1520 1239 1553 intendat,et
1247 1519 1333 1548 faber
1342 1519 1484 1548 ferrarius
1500 1520 1553 1547 aut
1561 1518 1705 1555 lignarius
1715 1518 1809 1547 ﬁnem

118 1576 169 1593 των
200 1564 368 1603 δημιουργῶν
397 1565 592 1599 ἀπολείπεσθαι,
621 1567 686 1602 πρὸς
711 1575 741 1601 γι
760 1567 789 1592 τὸ
813 1568 923 1603 συνορᾷν

119 1609 252 1637 δύνασθαι
275 1612 308 1637 τὰ
336 1611 467 1648 ἠμέτερας
485 1610 522 1637 οὐ
546 1611 596 1647 γὰρ
623 1609 657 1640 δὴ
682 1614 731 1636 τῶν
754 1611 798 1646 μὲν
824 1620 924 1648 χειρω-

119 1661 219 1683 νακτῶν
248 1657 305 1682 ἔστι
333 1665 359 1682 τι
385 1656 443 1691 (57)
471 1658 549 1692 πέρας
575 1658 621 1686 τῆς
648 1655 784 1692 ἐργασίας,
819 1659 865 1682 τοῦ
895 1654 924 1682 δὲ

121 1700 284 1737 ἀνθρωπίνου
305 1699 366 1737 βίου
389 1701 485 1730 σκοπὸς
506 1700 552 1726 οὐκ
577 1701 642 1733 ἔστι,
656 1701 733 1737 πρὸςΔ
748 1700 775 1727 ὃν
790 1699 925 1737 ἀφορῶντα

122 1746 209 1772 πάντα
230 1749 310 1772 ποιεῖν
334 1747 379 1771 καὶ
398 1745 480 1780 λέγειν
503 1747 558 1781 χρὴ
579 1746 622 1771 τόν
638 1754 668 1780 γε
682 1747 717 1781 μὴ
743 1748 795 1775 τοῖς
823 1745 924 1781 ἀλόγοις

123 1789 278 1816 παντάπασι
313 1791 491 1827 προσεοικέναι
527 1789 663 1826 μελλοντα.
705 1789 739 1816 Ἦ
777 1790 858 1821 οὕτως
895 1789 925 1815 ἃν

124 1836 213 1870 εἴημεν
241 1833 453 1870 ἀτιχνῶς·κατᾶ
481 1837 531 1860 τῶν
562 1834 657 1861 πλοίων
679 1834 713 1860 τὰ
738 1833 924 1870 ὰνερμάτιστα,

123 1877 226 1909 οὐδενός
250 1880 311 1915 ἡμῖν
330 1883 374 1906 νοῦ
400 1879 443 1906 ἰπὶ
471 1883 521 1905 τῶν
548 1883 596 1910 τῆς
623 1878 717 1915 ψυχῆς
745 1879 838 1905 οἰάκων
857 1880 924 1905 καθ-

121 1923 255 1960 εζομένου,
278 1924 332 1953 εἰκῆ
361 1924 429 1950 κατὰ
454 1925 498 1950 τὸν
527 1923 586 1960 βίον
601 1924 653 1950 ἄνω
671 1925 716 1950 καὶ
742 1925 812 1951 κάτω
826 1933 927 1961 πιριφιι

116 1971 220 2006 ρόμενοι
240 1977 248 1984 ο
279 1967 332 1994 ἀλλ’
351 1969 438 2005 ὦσπιρ
464 1968 489 1995 ἑν
517 1972 572 1999 τοῖς
601 1972 739 2005 γυμνικοῖς
767 1968 876 2005 ἀγῶσιν,
906 1969 928 1995 ιί

116 2012 146 2040 δί
173 2013 274 2050 βούλει,
299 2018 348 2044 τῆς
378 2017 519 2050 μουσικῆς,
545 2012 646 2040 ἑκιίνων
673 2014 724 2040 εἰσὶ
743 2018 793 2040 τῶν
822 2013 925 2050 ἀγώνων

118 2059 148 2087 αἱ
179 2057 293 2094 μελέται,
322 2057 403 2096 ὧνπερ
432 2058 457 2084 οἱ
487 2059 606 2094 στέφανοι
629 2060 789 2096 πρόκεινται,
813 2059 858 2084 καὶ
885 2058 928 2085 οὗ-

119 2101 176 2134 ὃείς
205 2105 262 2136 (58)
288 2111 319 2138 γε
341 2102 426 2131 πάλην
450 2101 537 2129 ἀσκῶν
557 2103 571 2132 ἣ
592 2103 765 2141 παγκράτιον,
781 2101 836 2130 ιῖτα
849 2103 927 2129 κιθα-

114 2147 196 2184 ρίζειν
239 2147 254 2177 ἣ
285 2147 370 2173 αὐλεῖν
398 2146 501 2184 μελετᾷ.
530 2149 632 2174 Οὔκουν
660 2148 673 2174 ὁ
702 2145 859 2184 Πολυδάμας
886 2157 926 2184 γε,

979 1566 1052 1594 artis
1069 1567 1204 1602 appetat:
1217 1573 1273 1593 nos
1283 1572 1354 1592 vero
1369 1564 1524 1592 inferiores
1539 1563 1636 1592 simus
1647 1563 1733 1599 180
1746 1563 1810 1599 opi-

978 1611 1086 1639 ﬁcibus
1101 1610 1262 1646 ejusmodi,
1274 1617 1343 1637 cum
1353 1611 1431 1637 certe
1451 1616 1499 1637 res
1513 1611 1634 1637 nostras
1645 1607 1809 1643 intelligere

979 1656 1166 1692 possumus?
1182 1657 1263 1683 itane
1277 1654 1428 1683 artiﬁcum
1446 1653 1530 1690 operi
1542 1654 1630 1682 inerit
1640 1653 1710 1681 ﬁnis
1729 1653 1810 1689 quis-

979 1701 1073 1737 piam,
1085 1701 1227 1729 bumanua
1241 1707 1312 1728 vero
1322 1699 1389 1727 vitm
1409 1707 1520 1735 scopus
1539 1698 1639 1727 nullus
1654 1701 1708 1729 est,
1723 1698 1809 1734 cujus

979 1745 1090 1774 intuitu
1102 1745 1205 1773 omnia
1228 1745 1327 1773 facere
1340 1752 1375 1772 ac
1388 1743 1489 1772 dicere
1508 1745 1646 1779 oporteat
1667 1751 1737 1771 eum
1756 1742 1809 1779 qui

980 1789 1075 1818 brutis
1089 1788 1272 1817 animalibus
1285 1788 1411 1817 omnino
1425 1788 1530 1816 similis
1544 1796 1612 1816 esse
1638 1788 1734 1816 nolit?
1753 1789 1810 1815 Aut

982 1835 1023 1863 sic
1036 1837 1148 1863 temere
1170 1834 1265 1862 instar
1275 1833 1466 1868 navigiorum
1483 1840 1545 1861 non
1568 1832 1806 1866 saburratorum,

982 1881 1081 1908 mente
1096 1881 1200 1907 nostra
1209 1878 1249 1906 ad
1263 1877 1373 1907 anima:
1387 1876 1592 1913 gubernacula
1602 1885 1664 1905 non
1675 1877 1808 1912 sedente,

982 1933 1102 1953 sursum
1113 1932 1148 1953 ac
1161 1925 1303 1952 deorsum
1313 1931 1365 1960 per
1373 1923 1464 1951 vitam
1473 1922 1748 1957 circumferi'ttmur'r
1756 1921 1810 1950 sed

982 1969 1242 2006 quemadmodum
1257 1969 1287 1996 in
1303 1967 1451 2005 gymnicis
1465 1967 1693 2001 certaminibus,
1717 1966 1809 2003 inque

983 2015 1119 2048 musicis,
1131 2014 1154 2042 si
1169 2015 1210 2042 ita
1224 2013 1332 2051 placet,
1347 2022 1452 2042 eorum
1472 2013 1669 2041 certaminum
1679 2019 1809 2048 quorum

983 2068 1102 2089 coronae
1112 2057 1563 2096 proponnntur,exercitationes
1574 2057 1719 2092 tiunt,nec
1726 2056 1811 2093 quis-

982 2113 1077 2142 quam
1096 2104 1137 2133 ad
1148 2104 1260 2132 luctam
1272 2111 1414 2132 exercens
1424 2111 1467 2137 se,
1480 2105 1531 2131 aut
1551 2102 1591 2130 ad
1606 2101 1809 2138 pancratium,

984 2149 1113 2178 subinde
1132 2149 1249 2177 cithara
1267 2151 1319 2177 aut
1340 2148 1414 2176 tibia
1433 2154 1540 2175 canere
1554 2146 1727 2174 meditatur.
1744 2147 1809 2174 Non

118 2191 172 2218 ἀλλ’
206 2191 298 2223 ἐκεῖνος
328 2194 379 2230 πρὸ
411 2196 458 2219 τοῦ
492 2192 592 2229 ἀγῶνος
624 2196 671 2219 τοῦ
703 2193 865 2229 Ὀλυμπιάσι
893 2194 924 2219 τὰ

984 2194 1165 2231 Polydamas
1174 2193 1317 2227 certe,sed
1326 2193 1374 2221 ille
1385 2194 1453 2221 ante
1464 2193 1617 2219 certamen
1625 2190 1655 2218 in
1665 2189 1810 2226 Olympiis

120 2237 228 2274 ἅρματα
251 2238 310 2267 ἵστη
340 2239 478 2274 τρέχοντα,
509 2239 555 2264 καὶ
584 2236 631 2264 διὰ
655 2239 752 2264 τούτων
776 2240 823 2267 τήν
848 2238 927 2275 ἰτχὺν

121 2281 254 2319 ἐκράτυνε.
289 2284 339 2309 Καὶ
364 2283 378 2309 ὅ
408 2292 437 2318 γε
467 2283 554 2310 Μίλων
588 2282 639 2309 ἀπὸ
669 2287 717 2315 τῆς
748 2282 927 2320 ἀληλιμμένης

120 2325 239 2357 ἀσπίδος
261 2327 308 2353 όῦκ
333 2325 462 2361 ἂξωθεῖτο,
490 2327 544 2354 ἀλλ’
560 2326 679 2364 ἀντιῖχιν
707 2328 850 2364 ὠθούμενος
874 2328 927 2364 οὐχ

119 2372 198 2400 ἧττον
224 2372 239 2401 ἦ
256 2371 280 2398 οἰ
297 2369 447 2409 ἀνδριάντες
471 2373 496 2398 οἱ
521 2376 558 2408 τῷ
581 2371 704 2409 μολύϐδῳ
732 2371 925 2409 συνδεδεμένοι.

120 2418 171 2443 Καὶ
196 2415 354 2447 ἁπαξαπλῶς
382 2417 409 2443 αἱ
433 2416 536 2453 μελέται
566 2417 656 2448 αὐτοῖς
681 2419 847 2455 παρασκιυαὶ
875 2421 926 2443 τῶν

119 2461 204 2487 ἄθλων
226 2459 305 2490 ἦσαν.
327 2461 358 2487 Εἰ
382 2459 412 2488 δὴ
433 2462 466 2488 τὰ
480 2462 608 2499 Μαρσύου
628 2462 686 2498 (59)
710 2462 773 2492 ἢτὰ
793 2462 925 2498 Ὀλύμπου

153 2560 164 2578 ⁷
182 2560 283 2590 Matth.
295 2568 324 2596 ν,
339 2561 385 2589 Hi.
424 2560 434 2578 ⁸
449 2560 492 2590 ib.
508 2563 552 2589 28.
591 2561 602 2580 ⁹
615 2560 688 2590 ibid.
701 2563 746 2590 33.

155 2655 212 2690 (56)
229 2656 271 2684 Ita
285 2654 353 2683 libri
367 2654 493 2691 antiqui.
504 2654 616 2684 Vocula
625 2665 650 2683 τι
664 2655 695 2684 in
706 2655 791 2684 editis
806 2655 924 2684 deside-

119 2694 300 2761 raisilifniud
318 2736 343 2752 τι
359 2734 374 2755 e
398 2727 504 2763 priscis
524 2727 609 2755 libris
630 2727 767 2756 additum
783 2729 838 2756 est.
862 2727 921 2756 Ali-

118 2764 236 2798 quanto
251 2764 464 2800 post_quatuor
473 2764 526 2800 aut
537 2763 672 2800 quinque
684 2772 757 2800 mss.
768 2765 922 2791 παντάπασι

120 2800 310 2835 προσεοικέναι.
323 2798 388 2827 Vox
398 2799 482 2835 prior
490 2798 521 2827 in
535 2798 665 2834 vulgatis
679 2799 791 2828 deerat.

983 2248 1090 2269 currus
1104 2239 1233 2276 agitems
1253 2237 1410 2272 retinebat,
1433 2239 1460 2265 et
1479 2236 1550 2264 inde
1571 2237 1649 2264 vires
1664 2243 1699 2264 ac
1718 2235 1811 2263 robur

983 2284 1168 2314 intendebat.
1179 2283 1245 2312 Milo
1255 2290 1378 2319 quoque
1386 2290 1404 2310 θ.
1415 2283 1499 2310 scuto
1509 2281 1583 2309 illito
1597 2288 1659 2308 non
1673 2279 1810 2308 dimove-

982 2329 1081 2364 batur,
1100 2328 1154 2357 sed
1167 2327 1316 2364 impulsus
1325 2325 1492 2359 resistebat,
1516 2333 1579 2353 non
1602 2324 1704 2353 minus
1719 2332 1811 2360 quam

982 2376 1087 2403 statuas
1097 2382 1140 2402 ea:
1151 2380 1219 2409 quas
1231 2371 1357 2409 plumbo
1372 2371 1563 2406 colligantur.
1585 2371 1616 2398 Et
1628 2377 1690 2398 uno
1705 2369 1809 2403 verbo,

981 2418 1192 2447 exercitatione
1204 2416 1455 2454 praeparabantur
1465 2415 1505 2444 ad
1524 2414 1700 2443 certamina.
1724 2413 1811 2447 Quod

982 2463 1016 2498 si,
1028 2463 1150 2499 pulvere
1161 2470 1196 2492 ac
1210 2461 1378 2499 gymnasiis
1394 2460 1513 2494 relictis,
1529 2460 1569 2488 ad
1579 2467 1671 2488 sonos
1686 2458 1810 2487 modos-

1014 2647 1069 2683 (58)
1085 2646 1159 2675 Editi
1185 2647 1384 2684 c75quuoz,_a_mi
1399 2644 1496 2684 οξδςίς.
1519 2645 1556 2684 At
1574 2650 1647 2672 mss.
1669 2645 1735 2684 tres.
1754 2644 1810 2684 στέ-

980 2679 1287 2724 φανοίπρόκεινταιξκαὶ
1303 2679 1397 2711 οὐδείςς
1414 2680 1546 2708 Subinde
1558 2687 1636 2707 unus
1656 2687 1713 2706 ms.
1728 2679 1809 2714 ἰσχὺν

981 2721 1144 2747 ἐκρατύνετο.

1009 2746 1069 2790 ’(59)
1083 2746 1166 2785 Unus
1189 2763 1247 2785 ms.
1267 2756 1299 2782 τὰ
1321 2755 1454 2792 Μαρσίου.
1471 2751 1547 2780 Editi
1567 2753 1596 2780 et
1617 2750 1667 2780 alii
1682 2757 1757 2779 mss.
1779 2751 1811 2775 τὰ

980 2793 1040 2829 Μαρ
1046 2793 1120 2818 σύου.
