2049 3131
110 89 163 117 589

637 86 781 115 HOMlLlA
799 86 834 113 IN
851 86 1044 114 ΜΑΜΑΝΤΕΜ
1059 85 1258 114 MARTYREM.

1737 87 1790 114 590

113 160 183 184 νους,
208 149 318 186 ὕστερόν
350 147 409 176 ποτ’
436 148 622 175 ἀνακαλεῖσθαι
654 149 682 175 τὸ
711 148 846 185 παρελθὸν,
872 148 912 174 ὅτε

979 155 1047 175 nam
1064 147 1103 175 ab
1119 155 1304 184 unoquoque
1323 147 1509 183 seligendam
1525 156 1603 182 esse,
1619 155 1654 177 ac
1670 156 1791 184 sperare

114 194 189 222 οὐδεν
212 196 288 221 ἔσται
312 194 387 220 πλέον
412 193 559 230 ἀνιωμένοις
583 195 650 226 (85).
676 192 742 228 Ἐγὼ
766 195 810 229 μὲν
833 192 876 218 οὖν
896 191 913 218 ἂ

112 241 241 277 κράτιστα
256 238 320 265 εἶναι
344 241 432 275 κρίνω,
455 239 488 264 τά
509 240 554 274 μὲν
569 242 612 264 νῦν
628 242 728 274 εῖρηκα,
745 239 777 263 τὰ
793 236 823 264 δὲ
841 238 913 274 παρὰ

112 285 197 311 πάντα
224 284 280 319 (86)
301 285 344 309 τὸν
366 282 425 318 βίον
454 283 515 319 ὑμῖν
545 281 739 318 apsente-sm.»
767 282 838 318 ὑμεῖς
871 279 910 314 δὲ,

111 331 190 364 τριῶν
222 326 435 363 αρρωστημοίτων
463 327 551 356 ὄντων,
584 327 620 361 μὴ
650 328 686 360 τῷ
711 323 806 359 ἀνιάτῳ
832 333 914 360 προσ-

114 373 224 398 εοικέναι
247 369 351 403 δόξητε,
378 368 447 406 μηδὲ
471 371 518 398 τὴν
537 373 583 399 τῆς
604 372 708 406 γνώμης
732 371 806 395 νόσον
825 377 913 406 παρα-

113 416 228 446 πλησίαν
261 419 292 452 τῇ
328 418 378 441 τῶν
411 415 444 445 εἰς
476 415 510 440 τά
544 417 652 450 σώματα
685 412 913 449 δυστυχησάντων

115 459 229 492 δείξητε.
254 460 288 486 Οἱ
307 461 351 496 μὲν
375 460 426 496 γὰρ
446 459 478 485 τὰ
497 459 580 496 μιχρά
598 462 648 484 τῶν
663 459 752 484 παθῶν
766 459 912 494 κάμνοντες,

115 505 190 532 αὐτοὶ
210 506 284 541 παρά
301 506 358 534 τοὺς
381 504 483 540 ἰατροὺς
503 504 636 541 ἔρχονταυ
659 504 684 529 οἱ
704 501 734 529 δὲ
755 503 804 529 ὑπὸ
828 503 915 539 μειζό-

114 561 163 576 νων
193 550 395 585 καταληφθέντες
428 548 641 586 ἀρρωστημάτων
673 547 710 584 ἔφ’
742 547 847 577 ἑαυτοὺς
870 557 916 573 αα-

115 595 194 621 λοῡσι
217 596 273 624 τοὺς
291 595 496 631 θεραπεύσοντας
518 595 585 627 (87)·
611 594 634 618 οἱ
659 591 689 618 δὲ
717 592 750 622 εἰς
774 591 914 621 ἀνήκεστον

118 639 246 669 παντελῶς
268 638 442 676 μελαγχολίας
467 639 666 674 παρενεχθέντες
695 635 756 663 οὐδε
788 639 915 674 προσιόν-

118 694 164 715 τας
179 686 336 721 προσίενται.
360 683 392 710 Ὃ
412 685 448 720 μὴ
469 683 570 711 πάθητε
591 682 634 708 νύν
656 682 737 718 ὑμεῖς,
753 683 812 713 τοὺς
835 683 916 720 ὀρθῶς

119 730 226 765 ἰχοντας
239 734 289 755 τῶν
307 728 441 765 λογισμῶν
457 727 651 764 ἀποφεύγοντες.

965 200 1033 220 eam
1048 193 1264 220 consuetudine
1275 193 1441 228 jucundam
1451 193 1602 221 redditum
1615 194 1660 224 iri.
1675 193 1793 229 optima

967 237 1090 272 aggredi
1105 244 1160 273 par
1176 240 1229 265 est.
1251 239 1347 274 Turpe
1367 241 1411 266 est
1424 245 1502 266 enim
1519 241 1638 274 tempus
1658 247 1792 274 praesens

966 283 1111 314 amittere,
1124 284 1152 310 et
1161 282 1299 318 elapsum
1310 285 1415 318 postea
1431 291 1579 318 revocare,
1592 291 1661 311 cum
1672 283 1792 312 nullum

966 325 1097 362 amplius
1107 326 1227 354 dabitur
1239 327 1424 355 dolentibus.
1442 328 1502 358 Ego
1515 327 1637 361 quidem
1655 336 1722 364 quae
1740 336 1793 364 op-

967 371 1039 398 tima
1053 379 1118 398 esse
1131 379 1250 407 censeo,
1269 371 1380 407 partim
1401 372 1486 408 185
1506 380 1585 400 nunc
1600 373 1671 407 dixi,
1683 373 1792 409 partim

967 414 1053 442 vobis
1069 423 1122 452 per
1135 424 1258 444 omnem
1274 416 1366 444 vitam
1381 417 1535 444 suadebo:
1552 425 1606 445 vos
1625 426 1707 451 vero,
1722 426 1792 445 cum

967 459 1023 486 tria
1042 460 1100 487 sint
1115 460 1329 495 aegritudinum
1350 469 1471 496 genera,
1488 462 1513 489 ei
1526 462 1609 497 quod
1622 462 1793 490 insanabile

967 506 1012 530 est
1026 503 1138 531 similes
1157 512 1195 532 ne
1210 504 1385 538 videamini,
1403 513 1501 542 neque
1517 506 1684 534 ostendatis
1700 506 1794 534 animi

967 548 1121 577 morbum.
1150 549 1259 577 morbo
1286 558 1391 578 eorum
1414 550 1467 586 qui
1498 558 1624 586 corpore
1650 553 1795 586 aegrotant

968 592 1169 621 consimilem.
1186 594 1299 621 Etenim
1314 594 1518 623 invaletudine
1534 603 1629 631 parva
1644 595 1697 631 qui
1710 595 1795 623 labo-

968 639 1046 671 rant,
1063 637 1120 675 ipsi
1140 639 1290 666 accedunt
1304 639 1343 666 ad
1356 639 1507 668 medicos:
1528 640 1580 676 qui
1597 648 1667 668 vero
1681 640 1795 668 morbis

971 682 1133 718 majoribus
1157 684 1288 719 correpti
1313 683 1406 718 fuere,
1428 685 1562 713 medicos
1582 689 1740 714 accersunt
1756 685 1797 713 ad

971 734 1025 760 se;
1051 727 1104 763 qui
1128 731 1228 756 autem
1254 729 1286 756 in
1310 729 1442 765 aliquem
1468 732 1540 757 atra:
1566 730 1634 758 bilis
1653 731 1797 759 morbum

115 782 243 811 prorsus
265 773 522 802 immedicabilem
541 772 616 808 lapsi
634 774 714 803 sunt.
730 779 768 799 ne
788 771 964 800 accedentes
982 772 1107 808 quidem
1132 772 1295 801 admittunt
1312 783 1319 802 :
1335 774 1418 810 quod
1435 777 1537 803 cavete
1555 783 1594 804 ne
1609 775 1696 804 vobis
1715 783 1797 804 nunc

116 819 245 852 accidat,
263 819 289 847 si
304 827 355 847 eos
369 818 422 855 qui
433 820 533 846 mente
548 825 584 846 ac
596 817 711 845 ratione
726 816 843 853 praediti
856 819 938 852 sunt,
953 816 1084 852 fugiatis.

414 977 538 1002 OMIAIA
559 971 617 1001 ΚΓ.
931 971 955 1000 Β

282 1037 325 1068 Ei;
337 1038 380 1064 τὸν
395 1037 469 1073 ἅγιον
484 1037 606 1074 μάρτυρα
617 1036 757 1072 Μάμαντα.

158 1104 183 1130 1.
209 1100 265 1128 Οὔκ
288 1099 373 1136 ἀγνοῶ
395 1101 425 1126 τὸ
454 1099 559 1135 μέγεθος
582 1102 632 1124 τῶν
659 1098 709 1124 ὑπὸ
731 1101 776 1128 τῆς
797 1097 918 1133 πανηγύ-

118 1157 182 1185 ρεως
206 1147 349 1183 ὶγκωμίων-
380 1145 434 1171 ἀλλ’
463 1146 548 1181 ὥσπερ
577 1148 653 1170 τοῦτο
674 1143 829 1180 ἐπίσταμαι,
851 1143 918 1170 οὕτω

119 1195 164 1219 καὶ
197 1196 242 1222 τῆς
271 1190 402 1220 ἀσθενείας
434 1194 480 1219 τῆς
509 1188 622 1226 ἐμαυτοῦ
654 1187 855 1225 ἐπαισθάνομαι.
889 1187 917 1214 Ἠ

119 1239 164 1274 μὲν
179 1238 230 1274 γὰρ
246 1236 367 1266 ὑπόθεσις
389 1234 494 1260 ἀπαιτεῖ
515 1234 587 1265 ἄξιὸν
610 1243 636 1259 τι
654 1233 767 1270 ῥηθῆναι
788 1237 837 1259 τῶν
859 1242 918 1259 συν-

119 1282 243 1309 ελθόντων
269 1283 313 1306 καὶ
337 1283 382 1311 τῆς
408 1277 514 1310 ἐλπίδος
537 1279 566 1308 ἧς
590 1280 700 1314 ἔχουσιν
719 1277 756 1314 ἐφ’
776 1279 848 1314 ἡμῖν,
874 1278 919 1303 καὶ

119 1331 166 1357 τῆς
193 1326 346 1355 ὑποθέσεως.
373 1322 478 1352 Ἐπειδὴ
510 1324 560 1360 γὰρ
590 1322 631 1349 ἐπὶ
661 1327 692 1359 τῇ
724 1325 836 1359 μεγίστῃ
870 1326 918 1347 τῶν

120 1372 260 1409 μαρτύρων
279 1370 375 1406 ἄγομεν
399 1370 446 1397 τήν
471 1371 574 1404 μνήμην
605 1370 728 1405 σήμερον,
754 1367 817 1404 ὀρθὴ
845 1369 919 1392 πᾶσα

122 1415 227 1443 διάνοια
248 1417 293 1441 καὶ
317 1413 511 1450 ἒμπαράσκευος
533 1415 609 1446 αχοὴ,
632 1413 708 1439 εἰπεῖν
732 1422 758 1438 τι
782 1412 853 1443 ἄξιον
873 1413 919 1436 τοῦ

120 1462 251 1498 μάρτυρος
274 1457 463 1496 προσδοκῶσα,
485 1459 528 1484 χαὶ
550 1458 622 1493 πόθῳ
645 1457 681 1492 τῷ
701 1459 759 1494 περὶ
775 1456 852 1482 αὐτὸν
871 1457 918 1484 τὴν

121 1506 262 1534 ἐκκλησίαν
284 1503 385 1539 ἐπάγει.
414 1505 465 1529 Καὶ
490 1504 540 1540 γὰρ
570 1502 724 1539 εὐγνώμονες
751 1499 842 1531 παῖδες
871 1510 919 1537 με-

120 1551 191 1587 γάλα
218 1549 361 1575 ἀπαιτοῦσι
384 1548 418 1574 τά
441 1551 490 1574 τῶν
518 1549 634 1584 πατέρων
656 1547 783 1582 ἐγκώμια,
809 1548 853 1572 καὶ
873 1545 920 1571 οὐκ

121 1595 153 1622 ἂν
177 1592 363 1625 καταδέξαιντο
392 1592 415 1618 ἐν
444 1594 583 1630 μικρότητι
609 1595 655 1618 τοῦ
686 1591 802 1627 λέγοντος
826 1589 921 1617 κινδυ-

1257 974 1408 1003 HOMILIA
1418 976 1513 1004 XXIII.

1096 1037 1133 1065 In
1147 1039 1285 1065 sanctum
1299 1040 1464 1073 martyrem
1480 1039 1672 1068 Mamanlem.

1010 1099 1035 1126 t.
1047 1098 1132 1126 Haud
1143 1098 1248 1133 ignoro
1259 1100 1514 1135 panegyricorum
1525 1108 1629 1129 eorum
1643 1102 1693 1138 qui
1704 1102 1734 1130 in
1745 1110 1800 1138 pu-

972 1141 1051 1170 blico
1066 1146 1217 1171 conventu
1229 1144 1314 1178 fiunt,
1329 1144 1539 1174 difficultatem
1550 1153 1586 1174 ac
1596 1147 1727 1182 pondus:
1742 1147 1798 1175 sed

973 1189 1004 1214 ut
1015 1186 1072 1215 hoc
1085 1186 1158 1222 scio,
1168 1187 1209 1215 ita.
1219 1190 1248 1214 et
1257 1187 1441 1217 debilitatem
1452 1197 1552 1217 meam
1562 1190 1627 1226 ipse
1637 1191 1798 1226 persentio.

973 1232 1072 1259 Causa
1082 1239 1215 1268 namque
1225 1232 1292 1268 ipsa
1300 1233 1443 1268 postulat,
1456 1236 1487 1261 ut
1497 1234 1611 1270 aliquid
1622 1235 1738 1263 dicatur
1755 1235 1800 1263 di-

973 1283 1067 1310 gnum
1089 1276 1124 1303 iis
1143 1276 1194 1312 qui
1210 1284 1388 1313 convenere,
1412 1281 1440 1306 et
1460 1286 1514 1314 spe
1534 1287 1628 1315 quam
1650 1279 1688 1307 de
1710 1279 1799 1308 nobis

973 1320 1158 1356 concipiunt,
1178 1323 1206 1348 et
1224 1322 1267 1348 rei
1287 1324 1477 1355 argumento.
1496 1323 1646 1356 Quoniam
1667 1324 1748 1352 enim
1767 1325 1799 1352 in

972 1365 1107 1393 maxima
1134 1365 1304 1394 celebritate
1331 1366 1422 1394 hodie
1447 1367 1606 1396 referimus
1629 1372 1799 1405 martyrum

974 1410 1162 1443 memoriam,
1170 1418 1255 1438 mens
1269 1411 1367 1439 omnis
1378 1415 1476 1440 erecta
1486 1415 1542 1447 est,
1550 1416 1578 1441 et
1588 1414 1669 1442 auris
1681 1416 1798 1449 parata,

972 1458 1149 1491 exspectans
1163 1457 1194 1483 ut
1204 1455 1331 1490 dignum
1341 1456 1454 1493 aliquid
1466 1460 1597 1494 martyre
1611 1459 1662 1487 illo
1670 1459 1797 1493 dicatur,

973 1508 1008 1528 ac
1018 1501 1084 1536 ipso
1092 1499 1171 1528 illius
1182 1500 1331 1529 desiderio
1342 1502 1521 1531 concionem
1532 1504 1620 1538 cogit.
1631 1506 1705 1532 Nam
1713 1503 1800 1532 liberi

974 1545 1050 1581 grati
1064 1545 1227 1580 magniﬁca
1238 1548 1358 1581 patrum
1374 1547 1526 1582 praeconia
1539 1548 1671 1583 exigunt,
1684 1557 1739 1577 nec
1747 1556 1801 1585 pa-

974 1592 1107 1618 terentur
1122 1598 1226 1618 eorum
1246 1598 1315 1626 qum
1334 1591 1490 1620 laudanda
1502 1596 1602 1621 essent
1616 1593 1800 1628 magnitudi-

121 1641 191 1668 νεύεν
215 1643 265 1665 τῶν
291 1637 523 1674 ἐγκωμιαζομένων
549 1638 577 1663 τὸ
604 1637 720 1672 μέγεθος.
754 1635 834 1662 Ὥστε
867 1636 921 1671 ὅσῳ

979 1643 1045 1663 nem
1065 1643 1102 1663 ex
1117 1635 1244 1663 dicentis
1259 1636 1401 1664 tenuitate
1415 1637 1587 1672 periclitari.
1612 1639 1802 1675 Quapropter

121 1685 218 1723 μείζων
245 1685 260 1713 ἠ
290 1684 433 1719 προθυμία,
461 1683 578 1718 τοσούτῳ
599 1684 679 1718 μέγας
704 1682 717 1708 ὀ
739 1679 865 1711 κίνδυνος.
889 1683 922 1707 Τί

124 1727 170 1755 οὖν
190 1730 331 1764 ποιήσομεν
348 1736 355 1761 ;
380 1730 436 1758 Πῶς
458 1725 488 1754 δὲ
509 1729 554 1753 καὶ
574 1728 618 1757 τὰς
639 1727 764 1763 ὑμετέρας
784 1725 923 1762 ἐπιθυμίας

126 1772 359 1808 ἀποπληρώσομεν,
386 1774 431 1798 καὶ
465 1772 539 1798 αὐτοὶ
567 1773 603 1807 μὴ
634 1770 781 1806 ἀπέλθωμεν
814 1769 923 1796 ἀσυντε-

124 1816 178 1846 λεῖς
198 1819 248 1842 τῶν
273 1818 401 1852 παρόντων
419 1824 426 1849 ;
455 1815 672 1853 Παρακαλέσομεν
691 1814 804 1843 ἑκάστην
818 1814 922 1850 ψυχὴν,

126 1860 144 1888 ἂ
165 1862 267 1897 ἔχουσα
281 1860 355 1890 ἦλθεν
378 1860 402 1886 ἐν
426 1864 457 1897 τῇ
483 1860 584 1897 μνὴμῃ,
606 1863 689 1886 ταῦτα
711 1858 924 1888 ἀνηαινὴσασαν

125 1910 158 1943 τῇ
191 1904 307 1942 διανοίᾳ,
346 1906 445 1932 οἴκοθεν
478 1904 703 1940 ὶπισιτισαμένην,
736 1908 788 1934 τοῖς
821 1904 926 1934 οἰκείοις

127 1949 245 1988 ἐφοδίοις
266 1951 359 1979 ἑαυτὴν
383 1950 546 1987 εὖφράνασαν
570 1950 696 1977 ἀπελθεῖν.
723 1947 863 1979 Μνήσθὴτέ
881 1958 926 1985 μοι

127 2000 174 2022 τοῦ
201 1996 341 2033 μάρτυρος,
372 1995 430 2021 ὅσοι
454 1993 491 2021 δι’
515 1994 617 2032 ὀνείρων
645 1994 725 2020 αὐτοῦ
747 1993 924 2022 ἀπηλαὺσατε·

128 2042 197 2075 ὅσοι,
222 2041 407 2077 περιτυχόντες
426 2043 462 2075 τῷ
482 2041 552 2075 τόπῳ
571 2041 665 2075 τούτῳ,
681 2039 831 2075 ἐσχήκεσαν
851 2038 928 2065 αὐτόν

129 2086 252 2122 συνεργόν
290 2084 324 2115 εἰς
360 2086 525 2122 προσευχήν·
560 2085 640 2114 ὅσοις.
675 2083 781 2120 ὀνόματι
814 2083 927 2117 κληθεὶς,

129 2130 173 2157 ἐπί
211 2133 262 2155 τῶν
302 2130 382 2166 ἔργων
411 2131 539 2166 παρέστη·
571 2130 646 2158 ὅσους
672 2127 826 2166 ὁδοιπόρους
855 2128 930 2154 ἐπαν-

130 2176 239 2210 ήγαγεν·
259 2174 334 2204 ὅσους
354 2173 381 2205 ἐξ
401 2173 547 2211 ἀρρωστίας
567 2172 718 2202 ἀνέστησεν·
741 2174 811 2203 ὅσοις
834 2170 931 2202 παῖδας

131 2216 266 2245 ἀπέδωκεν
298 2217 351 2247 ἤδη
393 2218 626 2250 τετελευτηκότας·
664 2218 734 2248 ὅσοις
771 2218 933 2255 προθεσμίας

132 2262 196 2300 βίον
220 2265 378 2300 μακροτέρας
398 2263 529 2297 ἐποίησεν,
550 2264 639 2289 Πάντα
663 2273 708 2299 μοι
734 2265 932 2298 συναγαγόντες,

976 1688 1038 1717 quo
1046 1680 1144 1716 major
1150 1683 1192 1707 est
1199 1682 1309 1714 vestra,
1318 1681 1468 1715 alacritas,
1476 1690 1512 1710 eo
1518 1683 1683 1718 periculum
1690 1684 1799 1719 majus.

978 1725 1052 1759 Quid
1063 1725 1152 1760 igitur
1160 1733 1266 1752 sumus
1280 1725 1405 1753 facturi?
1423 1727 1582 1759 Quomodo
1590 1736 1696 1756 rursus
1705 1728 1803 1764 exple-

977 1771 1079 1798 bimus
1092 1769 1242 1797 desideria
1251 1772 1349 1798 vestra
1357 1772 1385 1798 et
1394 1771 1452 1807 ipsi
1462 1779 1524 1799 non
1537 1771 1700 1806 abibimus,
1710 1780 1752 1807 re,
1764 1772 1803 1801 de

978 1823 1040 1851 qua
1050 1822 1132 1842 nunc
1145 1815 1252 1850 agitur,
1269 1814 1376 1842 infecta
1388 1814 1394 1842 ί
1406 1815 1643 1845 Adhortabimur
1666 1817 1804 1845 animum

980 1861 1353 1895 unumquemquemtqum
1361 1859 1544 1889 inmemoria
1552 1861 1657 1889 habuit
1665 1870 1734 1889 cum
1744 1862 1804 1890 huc

979 1904 1117 1938 accessit,
1133 1912 1168 1932 ea
1182 1912 1287 1932 secum
1299 1904 1329 1932 in
1345 1907 1445 1933 mente
1456 1905 1583 1940 refricet,
1598 1906 1805 1943 abscedatque

980 1949 1153 1978 domesticis
1168 1949 1318 1977 alimentis
1335 1950 1491 1984 enutritus,
1509 1953 1536 1979 et
1560 1959 1615 1979 suo
1635 1951 1730 1988 ipsius
1746 1952 1806 1980 via-

982 1994 1040 2023 tico
1054 1994 1247 2022 exhilaratus.
1258 1994 1446 2022 Mcmineritis
1454 1995 1545 2024 velim
1556 1997 1707 2032 martyris,
1718 1999 1806 2032 quot-

982 2041 1056 2075 quot
1067 2047 1101 2066 eo
1114 2039 1144 2067 in
1156 2039 1274 2067 somnis
1288 2039 1369 2067 fruiti
1381 2040 1463 2067 estis.
1482 2041 1669 2069 Meminerint
1689 2050 1807 2077 omnes,

983 2084 1035 2121 qui
1046 2084 1103 2112 hoc
1114 2084 1142 2111 in
1153 2083 1220 2112 loco
1230 2084 1390 2117 constituti,
1398 2085 1499 2119 ipsum
1511 2085 1682 2120 adjutorem
1692 2086 1733 2114 ad
1744 2094 1810 2122 pre-

984 2128 1117 2156 candum
1127 2127 1261 2155 habuere
1273 2136 1279 2155 :
1291 2127 1402 2164 quibus
1412 2136 1482 2156 cum
1493 2131 1690 2165 operarentur
1699 2132 1811 2166 praesto

985 2173 1050 2207 fuit,
1066 2173 1155 2200 simul
1171 2175 1202 2200 ut
1217 2173 1339 2201 nomine
1355 2176 1478 2202 vocatus
1493 2176 1536 2202 est
1552 2182 1560 2202 :
1577 2182 1653 2210 quos
1676 2183 1712 2203 ex
1725 2183 1812 2212 pere-

987 2217 1154 2253 grinatione
1163 2217 1291 2251 reduxit,
1302 2225 1380 2253 quos
1393 2225 1429 2245 ex
1440 2217 1613 2247 inﬁrmitate
1626 2220 1730 2254 erexit,
1745 2220 1814 2256 qui-

988 2262 1046 2290 bus
1060 2262 1171 2290 liberos
1179 2262 1244 2298 jam
1260 2262 1321 2290 vita
1330 2262 1450 2291 functos
1461 2263 1597 2294 restituit,
1621 2264 1733 2300 quibus
1746 2272 1816 2300 pro-

132 2308 262 2344 ἐγκώμιον
299 2307 326 2334 ἐκ
364 2312 450 2334 κοινοῦ
494 2307 584 2344 ἐράνου
625 2311 767 2336 marmura.
807 2307 1815 2350 ‘Al‘nﬁoignrogavitpraaﬁnitumvitzetempus.Collectisomnibus,

134 2351 253 2386 διάδοτε,
274 2352 290 2378 ἃ
314 2351 382 2379 οἶδεν
402 2353 520 2385 ἕκαστος,
544 2357 580 2388 τῷ
599 2355 635 2389 μὴ
661 2351 753 2379 εἰδότι·
779 2351 797 2378 ἁ
815 2354 850 2388 μὴ
868 2349 933 2385 οἶδε,

132 2397 286 2434 λαμϐανέτω
310 2398 381 2434 παρά
404 2401 450 2424 τοῦ
474 2396 585 2431 εἰδότος,
612 2400 657 2424 καὶ
681 2398 762 2428 οὕτως
781 2397 809 2423 ἐκ
835 2405 937 2423 συνεισ-

134 2446 216 2479 φορᾶς
242 2442 366 2474 ἀλλήλους
401 2444 629 2476 συνεστιάσαντες,
657 2443 731 2479 ἡμῶν
759 2446 790 2478 τῇ
820 2441 939 2478 ἀσθενείᾳ

138 2489 282 2523 σὺγγνωτε.

173 2578 200 2604 2.
226 2579 317 2603 Ταῦτα
339 2577 390 2614 γὰρ
416 2575 532 2613 ἰγκὼμια
550 2577 691 2614 μάρτυρος,
720 2576 733 2602 ὁ
761 2575 870 2606 πλοῦτος
892 2579 943 2602 τῶν

189 2666 237 2694 85)
251 2665 347 2697 Verte,
364 2673 431 2694 cum
443 2665 524 2694 nihil
535 2666 610 2701 angi
620 2665 766 2700 proderit.
785 2666 892 2693 Mnus.

190 2703 236 2735 86)
248 2701 360 2729 Vocem
369 2703 454 2727 πάντα
462 2709 496 2728 ex
505 2701 588 2729 libris
600 2701 750 2729 veteribus
760 2701 947 2728 addidimus.

143 2738 210 2765 NOX
234 2737 327 2764 editio
353 2737 451 2774 Paris.
465 2736 691 2774 ’ἀρρωστημάτων
707 2739 798 2774 όντων.
818 2737 874 2764 Sed
891 2744 949 2774 vox

144 2774 224 2798 ννῖτων
239 2780 340 2809 neque
354 2773 386 2800 in
401 2772 532 2800 editione
548 2772 650 2807 Basil.,
674 2780 774 2808 neque
792 2773 823 2800 in
838 2772 950 2801 nostris

991 2360 1027 2380 ex
1035 2352 1189 2380 communi
1198 2351 1339 2388 symbolo
1348 2352 1534 2388 praeconium
1542 2353 1724 2389 componite.
1731 2355 1818 2382 Com-

992 2396 1144 2425 municate
1164 2396 1240 2424 inter
1255 2404 1318 2429 vos,
1338 2404 1406 2432 quae
1421 2397 1551 2434 quisque
1573 2398 1821 2434 novitimpertiat

992 2441 1143 2477 ignoranti
1160 2450 1166 2467 :
1179 2449 1246 2476 quia
1257 2441 1386 2476 ignorat,
1402 2442 1441 2470 ab
1454 2441 1561 2470 edocto
1574 2442 1711 2478 accipiat.
1724 2444 1821 2478 Atque

994 2486 1048 2514 ubi
1068 2485 1109 2513 sic
1129 2493 1165 2513 ex
1182 2488 1288 2513 mutuo
1308 2486 1449 2522 symbolo
1468 2486 1547 2514 alius
1562 2486 1655 2515 alium
1670 2486 1821 2523 paveritis,

995 2530 1192 2559 imbecillitati
1208 2532 1320 2558 nostrae
1334 2530 1489 2565 ignoscite.

1032 2578 1060 2604 2.
1085 2577 1152 2604 Haec
1172 2576 1252 2604 enim
1273 2576 1414 2612 martyris
1436 2578 1506 2605 sunt
1531 2576 1695 2613 praeconia,
1714 2576 1825 2605 divitias

1000 2673 1080 2694 mss.
1099 2665 1258 2693 invenitur.

1039 2702 1095 2737 (87)
1111 2701 1236 2728 Codices
1251 2700 1312 2737 duo
1327 2701 1523 2737 θεραπεύοντας.
1543 2701 1629 2737 Haud
1644 2700 1735 2735 longe
1750 2708 1830 2737 unus

1005 2736 1101 2764 codex
1117 2738 1233 2763 πάθοιτε.
1253 2736 1387 2764 Subinde
1400 2737 1462 2763 duo
1475 2745 1550 2764 mss.
1566 2739 1609 2763 τὸν
1622 2736 1759 2772 λογισμόν.
1776 2736 1833 2764 Alii

1005 2772 1068 2800 duo
1085 2781 1158 2800 mss.
1174 2775 1201 2800 et
1212 2772 1283 2800 editi
1293 2776 1342 2798 τῶν
1357 2772 1499 2807 λογισμῶν.
