2049 3131
123 151 175 179 601

447 151 566 180 HOMIL.
586 151 726 179 CONTRA
746 146 994 184 SABELLIANOS,
1015 150 1058 178 ET
1074 150 1197 185 ARIUM,
1217 152 1260 179 ΕΤ
1278 150 1479 179 ANOMCEOS.

1754 150 1806 178 602

122 222 166 244 τις
180 212 231 248 (8),
248 211 273 238 ἓν
296 215 342 238 τοῦ
363 211 494 250 λατρεύειν
517 217 549 249 τῇ
569 215 662 247 κτίσει,
685 215 730 239 καὶ
751 214 786 249 μὴ
808 216 845 247 τῷ
869 214 919 238 κτί-

981 220 1096 240 errores
1110 212 1324 241 introducunt:
1341 212 1392 249 qui
1413 220 1484 240 vero
1504 212 1598 240 Deum
1617 216 1654 240 ex
1674 211 1734 239 Deo
1755 219 1807 240 ne-

123 267 209 291 σαντι,
236 258 269 283 τὰ
294 261 345 283 τῶν
371 256 496 286 Ἐλλήνων
522 259 644 296 ἄντικρυς
673 257 874 293 ἐπεισάγουσιν1
900 257 924 283 οἱ

121 301 152 329 δὲ
178 304 223 328 τὸν
253 301 281 328 ἐκ
308 305 375 328 Θεοῦ
400 304 461 329 Θεον
482 305 520 337 (9)
551 302 719 340 ἀρνούμενοι,
747 304 792 328 καὶ
817 302 924 338 ὀνόματι

120 349 167 384 μὶν
192 346 381 383 ὁμολογοῦντες
407 348 485 379 Υἰόν,
514 348 581 384 ἥογῳ
610 345 640 374 6“:
669 349 713 373 καὶ
742 346 850 383 ἀληθείᾳ
876 348 924 375 τὴν

119 391 234 429 ὕπαρξιν
270 391 440 424 ἁθετοῦντις,
472 392 516 418 τὸν
551 390 718 428 Ίουδαίσμόν
750 391 826 418 πάλιν
860 391 923 417 ἁνα-

119 440 248 464 νεοῠνται.
274 438 324 462 Καὶ
347 437 398 472 γὰρ
420 437 482 462 ὅταν
506 436 652 473 ὁμολογῶσι
675 439 769 472 Λόγον,
783 441 819 472 τῷ
834 434 924 462 ἐνδια-

121 482 188 517 θέτῳ
222 481 300 507 αὐτὸν
342 481 534 518 παρεικάζουσι
551 491 558 498 ι
591 484 635 507 καὶ
674 483 766 517 σοφίαν
797 481 922 517 λέγοντες,

121 526 214 562 ὁμοίαν
238 525 303 551 εἶναι
326 525 432 561 λέγουσι
452 529 482 562 τῇ
499 526 549 557 ἕξει
563 530 593 563 τῇ
612 526 637 552 ἐν
651 525 728 563 ψυχῇ
753 529 803 552 τῶν
826 535 922 552 πεπαι-

121 568 253 606 δευμένων
275 572 451 607 συνισταμένῃ
465 580 472 588 ο
495 573 541 596 καὶ
569 569 616 597 διὰ
638 574 715 596 τοῦτο
741 572 880 607 πρόσωπον
899 570 923 596 ἓν

121 616 226 652 Πατρός
248 617 292 641 καὶ
315 614 388 649 Υἰοῡ,
413 613 504 644 ἄπειδή
530 618 574 642 καὶ
598 616 734 652 ἄνθρωπος
755 616 792 646 εἷς
810 615 921 652 λέγεται,

121 659 153 686 οὗ
180 657 358 696 διαιρούμενος
383 659 433 686 ἀπὸ
458 664 504 686 τοῦ
532 660 726 698 ἕνυπάρχοντος
750 660 820 695 αὐτῷ
843 660 922 696 λόγου

120 706 169 730 καί
191 708 236 735 τῆς
260 707 363 740 σοφίας.
388 707 481 731 Καίτοι
506 705 519 731 ὀ
546 705 606 740 (it!)
635 704 821 740 ίῦαγγελιστης
847 705 922 736 εὐθὺς

121 747 149 775 ἔκ
177 751 318 786 προοιμίων
346 749 417 785 βοᾴο
449 751 499 776 Καὶ
528 751 593 780 Θεὸς
621 744 652 778 ἦν
678 750 691 775 ὁ
716 751 821 785 Λόγος,
850 748 921 775 ἰδίαν

118 793 229 831 ὕπαρξιν
256 791 351 824 διδοὺς
383 792 419 829 τῷ
442 796 504 829 Υίῷ.
533 793 563 820 Εἰ
589 795 638 831 γὰρ
666 793 690 819 ἒν
720 792 819 831 καρδιᾳ
850 792 881 823 ἦν
908 794 921 820 ό

117 840 214 874 Λόγος,
245 842 301 869 πῶς
328 838 358 864 ἃν
385 838 478 868 ἐνοήθη
508 840 591 872 Θιός;
614 848 669 869 πως
695 836 721 864 δ’
747 838 777 864 ἂν
804 837 834 868 ἧν
858 840 921 876 πρὸς

116 885 160 909 τὸν
176 884 241 910 Θεόν
254 892 261 915 ;
279 881 384 912 Ἐπειδὴ
400 885 457 910 οὔτε
472 883 484 909 ὁ
498 882 523 910 ἔν
538 883 664 921 ἀνθρώπῳ
679 882 756 919 λόγος
777 883 919 921 ἄνθρωπος,

117 929 178 954 οὔτε
204 928 269 965 πρὸς
294 927 369 954 οὔτ-όν
393 927 459 955 εἶναι
483 928 593 964 λέγεται,
620 927 676 953 ἀλλ’
701 927 726 954 ἐν
750 928 829 963 αὐτῷ.
855 930 921 955 οὗτε

117 973 169 1010 γὰρ
193 972 244 1003 ζῶν
269 972 351 1006 ἔστιν,
377 974 435 999 οὔτε
450 973 565 1009 ὑφεστὼς
577 983 584 989 ·
601 973 614 998 ὁ
633 970 664 999 δὶ
681 976 728 998 τοῦ
747 976 814 999 Θεοῦ
836 975 920 1008 Λόγος

118 1017 173 1048 ζωή
202 1015 259 1043 εστι
282 1019 327 1043 καὶ
353 1016 471 1046 ἀλήθεια.
489 1019 539 1044 Καὶ
563 1017 577 1043 6
598 1019 643 1053 μὶν
666 1016 743 1052 λόγος
762 1017 775 1042 6
799 1018 921 1054 ἡμέτερος

116 1062 183 1099 ὁμοῦ
197 1071 225 1088 τε
239 1060 334 1098 Delon
350 1062 395 1088 καὶ
407 1062 455 1088 οὐκ
469 1063 526 1089 ἔστι
539 1072 546 1079 ·
563 1063 621 1098 πιρὶ
637 1060 667 1088 δὶ
680 1065 727 1088 τοῦ
748 1065 815 1089 Θεοῦ
834 1065 919 1098 Λόγον

117 1108 144 1133 τί
166 1114 244 1142 φησιν
268 1107 281 1133 ὁ
304 1106 426 1144 ψαλμόςῖ
443 1107 487 1138 Εἰς
510 1109 554 1133 τὸν
574 1106 665 1141 αἰῶνα,
689 1109 780 1145 Λύριε,
796 1107 809 1133 ό
833 1110 920 1144 Λόγος

119 1156 168 1177 σου
185 1148 300 1188 διαμένει
316 1151 339 1177 ἐν
355 1154 391 1187 τῷ
406 1151 516 1188 οὐρανῷ.

152 1197 179 1224 2.
202 1198 252 1222 Καὶ
277 1196 388 1223 ἐντεῦθεν
412 1197 457 1233 μὲν
479 1195 552 1227 οὗτος
567 1196 580 1222 ὁ
593 1195 723 1233 πόλεμος·
749 1196 868 1233 ἕτίρωθιν
889 1195 919 1223 δι

114 1242 156 1270 τίς
177 1243 222 1266 καὶ
246 1241 321 1271 ποῖός
344 1239 413 1267 ἐστιν
435 1241 448 1266 ό
469 1242 538 1267 κατὰ
559 1244 604 1271 τῆς
619 1240 738 1271 ἀληθείας
758 1240 846 1277 ὰγών;
866 1242 919 1270 Τὴν

115 1286 161 1322 μὲν
184 1284 295 1323 ὓπαρξιν
323 1289 506 1322 συγχωροῦσι.
532 1287 576 1312 καὶ
599 1284 669 1312 ἴδιον
693 1284 758 1312 εἶναι
780 1288 919 1323 πρόσωπον

115 1329 188 1363 Υἱοῡ,
212 1333 257 1356 καὶ
277 1328 348 1357 ἴδιον
375 1333 475 1367 Ηατρὸς
498 1331 678 1357 ιιηιντίθιτνται⁸
695 1329 866 1367 ἁνομοιότηνα
890 1329 920 1358 δὲ

115 1378 163 1405 τῆς
187 1375 289 1411 φύσιως
312 1375 515 1412 παρεισάγουσι.
545 1377 596 1402 Καὶ
619 1376 650 1402 τὸ
675 1379 721 1402 τοῦ
748 1375 810 1402 Tim;
839 1378 920 1411 ὄνομα

115 1421 199 1456 μέχρι
227 1423 311 1455 φωνῆς
338 1423 521 1457 συγχωροῦσι,
537 1423 567 1456 τῇ
593 1418 623 1446 δί
650 1419 757 1456 ἀληθείᾳ
782 1422 845 1457 πρὸς
871 1421 919 1449 τὴν

116 1466 205 1490 κτίσιν
228 1464 290 1490 αὐτὸ
320 1465 478 1500 κατάγουσιν
492 1475 500 1482 ο
525 1465 555 1491 οὐ
578 1463 776 1501 δυσωπούμενοι
800 1468 846 1494 τήν
868 1475 920 1501 φω-

115 1511 162 1538 νὴν
182 1513 227 1535 τοῦ
249 1511 358 1547 Κυρίου,
384 1509 474 1535 ἑαυτὸν
495 1507 696 1546 προδεικνύντος
719 1514 755 1545 τῷ
781 1511 847 1547 πρὸς
872 1511 918 1539 τὴν

115 1557 163 1580 τοῦ
197 1555 299 1591 Πατρός
329 1554 437 1591 θεωρίαν
470 1553 635 1590 ὶπειγομὲνῳ.
664 1553 693 1580 Ὀ
722 1554 839 1591 ἑωρακὼς
867 1555 917 1592 γὰρ

117 1598 170 1634 ius.
198 1601 287 1634 φησὶν.
317 1598 414 1634 ἑώρακε
439 1600 482 1624 τὸν
512 1601 624 1635 Πατέρα,
650 1598 719 1628 Αὕτη
748 1597 777 1625 δὲ
804 1600 819 1628 ἡ
848 1601 916 1635 φωνὴ

116 1643 198 1681 ὀρθῶς
222 1643 398 1680 λογιζομένοις
428 1642 576 1680 ἀμφοτέρων
601 1644 724 1680 ἐμφάττει
752 1645 798 1674 τὰς
831 1643 918 1680 βλασ-

116 1689 226 1724 φημίας.
252 1690 318 1714 Οἷτε
336 1689 387 1725 γὰρ
415 1687 504 1714 ἑαυτὸν
531 1687 595 1714 εἶναι
621 1690 666 1715 τόν
691 1690 794 1725 Πατέρα
813 1689 916 1724 φάο-χιι,

117 1733 145 1763 ὃς
169 1742 199 1768 γι
223 1729 320 1769 διαιρεῖ
339 1734 372 1759 τὰ
394 1734 524 1770 πρόσωπα
547 1737 660 1770 φανερῶς
676 1732 700 1758 ἐν
724 1737 761 1768 τῷ
775 1733 873 1769 λέγειν·
889 1733 918 1760 '0

119 1776 241 1813 ἰωρακὼς
263 1775 315 1813 ἐμέ.
332 1779 451 1804 Δείκνυσι
471 1778 522 1814 γὰρ
539 1776 566 1803 ἐκ
584 1778 676 1804 τούτου
695 1779 725 1803 τὸ
747 1776 817 1804 ἴδιον
837 1777 918 1804 αὐτοῦ

117 1823 258 1858 πρόσωπον
289 1823 368 1857 (11)·
401 1825 514 1859 Ἑώρακε
547 1823 590 1848 τὸν
631 1824 752 1860 Πατέρα,
787 1821 918 1859 ἀναφέρων

117 1865 160 1892 ἰπὶ
180 1867 209 1892 τὸ
234 1867 359 1903 πατρικὸν
380 1869 533 1904 πρόσωπον,
560 1869 605 1893 καὶ
630 1865 738 1903 διαιρῶν
762 1865 805 1902 ἀφ’
825 1867 917 1893 ἑαυτοῦ

115 1908 262 1948 προδήλως,
287 1914 332 1938 καὶ
354 1910 379 1937 ἐν
398 1916 434 1947 τῷ
453 1911 535 1948 λέγειν
555 1922 561 1929 ·
588 1911 618 1938 Εἰ
641 1911 774 1948 ἐγνώκειτέ
801 1922 843 1948 με,
871 1914 916 1939 καὶ

114 1958 158 1982 τόν
187 1957 292 1993 Πατέρα
314 1965 365 1992 μου
389 1956 419 1982 ἂν
444 1955 543 1993 ῇδιιτι.
574 1956 612 1982 Οὒ
636 1957 687 1993 γὰρ
713 1957 849 1992 σύγχυσιν
867 1961 916 1983 τῶν

117 2003 263 2037 προσώπων
289 2000 406 2037 ἐμφαίνει
438 2005 540 2035 ταῦτα,
568 2000 632 2027 ἀλλά
659 2003 690 2028 τό
722 2000 916 2038 ἀπαράλλακτον

115 2049 160 2076 τῆς
183 2047 306 2077 θεότητος
325 2048 499 2083 παρίστησιν.
522 2046 701 2073 Ἀχουέτωσαν
726 2044 756 2072 δὲ
779 2048 822 2072 τὸν
838 2046 916 2073 αὐτὸν

113 2089 190 2126 λόγον
205 2091 260 2126 (12)
276 2093 321 2117 καὶ
343 2091 367 2117 οἱ
392 2090 519 2117 ἐναντίου
536 2092 575 2117 ὅτι
597 2091 609 2116 ό
635 2095 682 2122 τῆς
706 2094 752 2117 τοῦ
775 2091 836 2117 Tim)
851 2099 915 2117 κατ-

115 2134 254 2172 ηξιωμένος
282 2138 417 2167 κοινωνίας
443 2135 489 2162 οὐκ
524 2134 698 2173 ἀπεστέρηται
729 2138 775 2161 τοῦ
804 2137 914 2172 Πατρός.

114 2179 153 2206 Οὐ
180 2181 231 2217 γὰρ
256 2179 355 2206 ἀλλοῖον
381 2181 394 2207 ό
420 2183 550 2218 γηνήτωρ
577 2180 681 2216 ἐγέννα,
712 2179 776 2207 ἄλλοί
800 2184 915 2206 τοιοῦτον

116 2222 171 2255 οἶος
197 2224 272 2256 αὐτός
300 2224 380 2253 ιστιν.
405 2225 511 2258 Ἄκουε,
534 2226 547 2251 ὁ
571 2225 705 2262 Ἀνόμοιος
719 2235 725 2242 ·
752 2224 817 2260 Ἐγώ
840 2227 884 2251 καὶ
903 2225 916 2251 ό
934 2245 956 2272 D

115 2271 207 2306 Πατὴρ
223 2270 248 2296 ἓν
264 2268 348 2306 ἔσμεν.
362 2269 458 2298 Ἄκουε
481 2271 527 2297 καὶ
551 2272 594 2304 σὺ,
620 2271 633 2297 ὁ
651 2269 807 2302 Ταϐἰλλιος·
832 2269 916 2306 Ἐγὼ-

151 2349 175 2367 ³²
194 2350 279 2378 Joan.
299 2358 320 2384 ι,
343 2351 369 2378 t.
406 2350 431 2368 ⁸³
450 2350 538 2378 Joan.
557 2357 617 2385 11v,
637 2351 664 2378 6.

151 2413 192 2445 (8)
211 2414 253 2441 Ita.
268 2413 401 2441 Anomosi
416 2413 522 2441 Filium
533 2413 677 2441 dicebant
689 2413 794 2448 Deum,
804 2415 916 2441 uteum

115 2448 201 2476 Patre
218 2449 366 2477 minorem
382 2456 447 2476 esse
463 2449 581 2476 vellent.

150 2484 189 2518 (9)
209 2484 286 2512 Editi
297 2486 361 2511 Θεὸν
372 2486 466 2520 Λόγον,
478 2485 572 2513 Deum
589 2484 726 2513 Verbum.
738 2485 801 2513 Vox
811 2484 917 2513 ultima

113 2519 145 2548 in
163 2528 239 2548 mss.
256 2527 316 2548 non
334 2519 453 2552 legitur.

150 2555 207 2590 (10)
228 2555 302 2584 Editi
322 2558 445 2593 Καίτοιγε
463 2556 487 2583 ὁ.
513 2556 629 2584 Veteres
654 2558 712 2593 tres
736 2555 804 2584 libri
826 2556 858 2593 ut
884 2556 915 2584 in

116 2593 271 2629 contextu.
297 2590 458 2629 Aliquanto
482 2594 552 2628 post
577 2599 651 2620 mss.
676 2592 738 2620 duo
752 2596 806 2622 πῶς
827 2590 852 2618 δ’
868 2593 911 2621 ἄν,

115 2626 203 2654 Editi.
220 2631 275 2658 πῶς
290 2628 331 2655 ἄν.

151 2664 175 2696 (i
186 2664 208 2694 i)
229 2663 311 2691 Unus
334 2662 429 2691 codex
443 2662 515 2698 Reg.
532 2663 559 2689 ἐκ
573 2666 665 2690 τοῦτον
678 2665 707 2690 τό
722 2662 814 2691 ἑαυτοῦ
829 2665 915 2701 πρόσ-

115 2708 195 2726 ωπον.

152 2734 208 2771 (12)
228 2734 348 2770 Antiqui
364 2736 423 2771 tres
437 2733 504 2762 libri
519 2738 568 2760 τῶν
585 2735 667 2761 αὐτῶν
682 2735 774 2771 λόγων.
792 2734 916 2763 Combe-

115 2769 212 2801 ﬁsius,
224 2777 294 2797 cum
308 2769 414 2808 verba,
429 2777 498 2806 quin
513 2772 650 2808 proxime
665 2769 842 2808 sequuntur,
854 2778 916 2808 cor-

114 2809 205 2841 rupta
211 2813 275 2833 esse
282 2805 488 2838 arbitraretur,
495 2805 657 2834 eaduobus
665 2805 764 2835 modis
770 2806 915 2835 resarcire

702 2351 727 2368 ³⁸
747 2349 826 2380 Psal.
846 2358 938 2384 cxvut,
960 2351 1003 2379 89.
1041 2351 1066 2369 ³⁵
1084 2351 1170 2379 Joan.
1191 2352 1218 2378 9.

981 260 1064 291 gant,
1075 262 1104 285 et
1114 258 1236 286 nomine
1251 257 1374 294 quidem
1394 257 1480 293 190
1494 256 1598 284 Filium
1615 255 1805 289 conﬁtentur,

980 301 1034 329 sed
1055 302 1155 338 rcipsa
1167 305 1197 330 et
1220 310 1288 330 vere
1311 301 1535 329 subsistentiam
1558 301 1623 336 ejus
1638 300 1771 336 abolent,
1786 300 1805 329 ii

979 352 1086 373 rursus
1108 346 1301 374 Judaismum
1317 349 1475 374 renovant.
1492 346 1565 373 Cum
1580 345 1660 373 enim
1676 344 1806 373 Verbum

980 391 1170 423 conﬁtentur.
1187 391 1288 428 ipsum
1316 392 1495 427 comparant
1519 398 1588 417 cum
1613 397 1649 417 eo
1672 389 1756 425 quod
1774 389 1806 417 in

979 439 1079 464 mente
1094 436 1261 472 concipitur
1283 435 1392 468 verbo;
1408 441 1539 470 cumque
1561 433 1739 470 sapientiam
1758 434 1806 462 di-

979 483 1059 516 cunt,
1072 481 1258 509 consimilem
1275 488 1342 508 esse
1354 479 1583 508 dicuntbabitui
1594 478 1646 514 qui
1657 478 1687 506 in
1703 478 1807 507 anima

979 528 1081 553 manet
1092 526 1289 554 eruditorum.
1302 526 1335 553 Et
1349 524 1460 552 idcirco
1471 532 1564 551 unam
1578 531 1740 560 personam
1753 523 1807 551 Pa-

979 570 1030 598 tris
1046 573 1074 598 et
1097 570 1158 598 Filii
1174 570 1363 606 proﬁtentur,
1379 569 1462 605 quod
1478 569 1570 596 homo
1585 575 1708 604 quoque
1727 575 1807 596 unus

977 615 1086 642 dicitur
1107 622 1169 642 non
1184 614 1309 648 divisus,
1325 614 1365 642 ob
1380 613 1508 641 verbum
1525 612 1609 649 quod
1626 612 1656 640 in
1680 612 1748 648 ipso
1762 614 1808 640 est

977 663 1005 687 et
1020 659 1060 687 ob
1074 659 1264 696 sapientiam.
1279 659 1366 696 Atqui
1383 658 1570 693 evangelista
1583 657 1682 686 statim
1697 656 1737 685 ab
1749 656 1805 684 ini-

976 705 1019 732 tio
1031 703 1158 732 clamat:
1171 704 1209 732 Et
1223 704 1302 732 Deus
1317 706 1382 732 erat
1401 703 1523 732 Verbum
1531 703 1566 736 ³³,
1579 701 1805 730 subsistentiam

977 750 1131 785 propriam
1147 749 1225 777 dans
1241 749 1322 777 Filio.
1340 749 1453 776 Etenim
1469 748 1493 775 si
1509 747 1540 775 in
1552 747 1643 775 corde
1664 749 1729 776 erat
1741 747 1806 774 Ver-

975 794 1060 826 bum,
1076 794 1232 830 quomodo
1245 793 1323 821 Deus
1338 793 1462 828 intelligi
1477 792 1595 829 potuit?
1609 799 1713 819 rursus
1728 798 1804 826 quo-

977 839 1070 866 modo
1082 841 1146 866 erat
1160 839 1243 874 apud
1257 840 1349 866 Deum
1359 839 1373 866 ?
1384 840 1456 866 Nam
1473 845 1572 874 neque
1583 836 1709 864 verbum
1721 835 1805 872 quod

943 891 961 918 Β
976 883 1005 911 in
1023 883 1144 911 homine
1158 885 1211 915 est,
1227 883 1319 911 homo
1341 886 1396 918 est,
1412 890 1512 918 neque
1526 881 1609 917 apud
1623 881 1722 917 ipsum
1739 887 1804 909 esse

976 928 1095 961 dicitur,
1112 927 1166 956 sed
1181 928 1210 956 in
1227 928 1306 964 ipso.
1320 929 1422 964 Neque
1432 928 1511 955 enim
1525 926 1626 954 vivens
1640 928 1696 956 est,
1704 932 1804 961 neque

976 972 1163 1001 subsistens:
1179 972 1232 1000 sed
1250 973 1299 1001 Dei
1315 972 1443 1000 Verbum
1465 971 1527 1000 vita
1541 974 1587 999 est
1607 973 1636 998 et
1646 970 1758 998 veritas
1768 970 1803 997 ³³.

975 1018 1010 1045 Et
1020 1021 1159 1046 nostrum
1170 1017 1293 1054 quidem
1307 1018 1432 1045 verbum
1444 1016 1536 1044 simul
1546 1018 1636 1052 atque
1652 1014 1803 1051 prolatum

975 1065 1029 1097 est,
1046 1062 1178 1099 amplius
1194 1070 1255 1090 non
1269 1065 1332 1090 est:
1346 1062 1398 1090 sed
1416 1061 1452 1089 de
1469 1061 1518 1090 Dei
1533 1060 1630 1089 Verbo
1644 1059 1718 1097 quid
1732 1059 1805 1088 dicit

974 1107 1137 1144 psalmus?
1156 1109 1192 1136 In
1216 1111 1374 1141 (uernum,
1394 1107 1531 1142 Domine,
1563 1105 1688 1135 Verbum
1716 1108 1803 1134 tuum

970 1155 1131 1187 permanet
1144 1153 1176 1180 in
1191 1153 1266 1180 caelo
1277 1152 1312 1180 ³⁸.

1009 1199 1038 1226 2.
1056 1199 1153 1233 Atque
1168 1197 1240 1225 hinc
1254 1197 1378 1233 quidem
1401 1195 1459 1224 hoc
1478 1195 1590 1224 bellum
1605 1194 1749 1223 infertur:
1771 1193 1804 1223 il-

973 1241 1033 1270 linc
1048 1249 1118 1270 vero
1139 1241 1222 1278 quod
1238 1245 1265 1270 et
1279 1241 1370 1277 quale
1384 1244 1536 1269 certamen
1550 1243 1596 1268 est
1610 1243 1713 1268 contra
1726 1238 1802 1267 veri-

974 1287 1085 1314 tatem?
1095 1286 1302 1314 Substantiam
1314 1285 1436 1322 quidem
1448 1285 1627 1316 concedunt,
1635 1283 1802 1320 propriam-

974 1338 1034 1368 que
1056 1331 1118 1359 Filii
1134 1338 1294 1367 personam
1309 1338 1385 1363 esse,
1401 1333 1431 1358 et
1446 1329 1539 1358 Patris
1554 1328 1707 1365 propriam
1733 1335 1803 1356 con-

974 1375 1113 1404 ﬁtentur:
1128 1375 1182 1403 sed
1207 1378 1315 1403 natura
1337 1374 1484 1403 inducunt
1507 1373 1751 1410 inrequalitatem.
1769 1373 1802 1400 Et

975 1420 1035 1448 Filii
1061 1428 1173 1448 nomen
1201 1427 1273 1448 voce
1299 1423 1385 1448 tenus
1415 1419 1596 1451 concedunt,
1621 1417 1673 1446 sed
1702 1417 1802 1454 reipsa

974 1465 1075 1501 ipsum
1100 1465 1262 1493 demittunt
1283 1464 1323 1492 ad
1349 1467 1529 1493 creaturam.
1553 1463 1637 1491 haud
1665 1465 1801 1490 verentes

972 1518 1078 1537 vocem
1096 1510 1224 1543 Domini,
1241 1517 1272 1537 se
1295 1510 1322 1537 ei
1336 1509 1389 1545 qui
1405 1511 1520 1536 Patrem
1539 1508 1636 1536 videre
1653 1506 1802 1542 gestiebat
1847 1544 1855 1547 ἢ

938 1567 958 1596 C
974 1554 1245 1590 prtemonstrantis.
1263 1554 1320 1587 Qui
1332 1554 1420 1586 enim,
1438 1553 1547 1589 inquit,
1563 1552 1637 1580 vidit
1653 1559 1708 1581 me.
1725 1551 1800 1580 vidit

975 1600 1096 1628 Patrem
1108 1599 1143 1628 ³³.
1159 1601 1224 1627 Haec
1237 1602 1338 1627 autem
1354 1606 1423 1630 vox,
1441 1598 1464 1625 si
1485 1598 1553 1634 quis
1575 1600 1654 1625 recte
1673 1596 1800 1632 judicat,

974 1647 1171 1680 utrorumque
1197 1644 1320 1672 obturat
1347 1643 1565 1679 blasphemiae.
1592 1643 1693 1678 Neque
1718 1641 1800 1669 enim

972 1688 1106 1724 seipsum
1124 1690 1238 1716 Patrem
1264 1696 1330 1716 esse
1350 1687 1432 1722 dicit,
1447 1687 1499 1724 qui
1514 1686 1626 1714 scilicet
1654 1691 1800 1721 personas

973 1736 1075 1768 aperte
1098 1732 1275 1766 distinguat,
1292 1732 1337 1760 bis
1359 1732 1460 1759 verbis
1477 1740 1484 1759 :
1498 1732 1557 1765 Qui
1570 1731 1644 1759 vidit
1656 1738 1711 1758 me.
1728 1729 1801 1758 Hinc

972 1784 1105 1813 namque
1119 1777 1251 1805 ostendit
1268 1777 1422 1813 propriam
1435 1784 1521 1804 suam
1538 1783 1711 1812 personam.
1725 1775 1800 1803 Cum

972 1829 1044 1850 vero
1057 1821 1214 1856 subjungit
1230 1829 1236 1849 :
1260 1821 1338 1849 Vidit
1354 1822 1489 1855 Patrem,
1506 1821 1628 1856 rescipit
1644 1819 1685 1848 ad
1702 1821 1800 1856 pater-

971 1875 1042 1895 nam
1067 1874 1240 1903 personam.
1257 1874 1293 1895 ae
1311 1866 1467 1902 distinguit
1485 1874 1504 1894 α
1526 1865 1689 1902 semetipso
1704 1863 1801 1892 mani-

970 1912 1055 1940 feste.
1067 1911 1152 1945 Quod
1168 1911 1249 1939 idem
1264 1911 1332 1939 facit
1346 1919 1479 1948 quoque,
1497 1911 1546 1938 ubi
1561 1911 1620 1939 ait:
1641 1910 1677 1938 Si
1690 1915 1799 1944 cogno-

971 1957 1086 1986 vissetis
1095 1964 1150 1991 me,
1158 1960 1185 1985 et
1196 1957 1319 1985 Putrem
1330 1964 1426 1985 meum
1438 1957 1541 1992 utique
1548 1957 1757 1991 cognovisselts
1763 1954 1798 1982 ³⁸.

972 2001 1036 2030 Non
1047 2002 1127 2030 enim
1143 2009 1342 2038 personarum
1355 2001 1565 2039 confusionem
1576 2000 1712 2028 indicant
1723 1999 1800 2033 haec,

972 2046 1024 2074 sed
1054 2046 1171 2074 deitatis
1200 2045 1429 2074 similitudinem
1452 2045 1596 2074 exhibent
1618 2042 1800 2072 discriminis

972 2090 1106 2126 cujusvis
1117 2094 1283 2126 expertem.
1299 2090 1431 2118 Audiant
1442 2094 1543 2117 autem
1553 2089 1618 2116 haec
1626 2089 1694 2124 ipsa.
1707 2087 1800 2117 verba

971 2138 1001 2163 et
1010 2134 1185 2169 adversarii,
1195 2134 1278 2171 quod
1289 2135 1342 2170 qui
1356 2134 1416 2162 Filii
1429 2133 1580 2162 consortio
1590 2133 1733 2168 dignatus
1743 2135 1798 2167 est,

971 2180 997 2208 is
1013 2181 1096 2208 Patre
1107 2179 1241 2216 privatus
1251 2187 1313 2207 non
1324 2179 1372 2207 sit.
1386 2180 1444 2207 Nec
1455 2179 1534 2207 enim
1544 2178 1697 2206 diversum
1713 2177 1798 2205 Geni-

972 2227 1019 2253 tor
1034 2224 1147 2260 genuit,
1167 2224 1221 2252 sed
1236 2223 1326 2252 talem
1341 2223 1441 2260 qualis
1455 2224 1520 2260 ipse
1543 2226 1598 2251 est.
1619 2222 1707 2258 Audi,
1721 2225 1799 2251 Ano-

972 2277 1061 2304 mme,
1076 2270 1140 2305 Ego
1159 2271 1186 2298 et
1212 2270 1306 2297 Pater
1319 2276 1414 2297 unum
1437 2275 1539 2297 sumus
1547 2268 1584 2297 ³⁷.
1601 2267 1679 2295 Audi
1701 2269 1731 2296 et
1753 2270 1798 2303 tu,

1257 2349 1282 2368 ⁸⁸
1300 2349 1374 2378 ibid.
1394 2352 1422 2378 7.
1459 2350 1481 2367 ⁸⁷
1502 2350 1588 2377 Joan.
1608 2357 1638 2384 κ,
1658 2350 1702 2377 30.

971 2416 1099 2441 conatus
1115 2415 1168 2440 est.
1185 2412 1232 2440 Ait
1246 2412 1336 2447 igitur
1348 2411 1511 2446 legendum
1525 2419 1590 2440 esse
1605 2414 1657 2440 aut
1669 2412 1709 2438 ὅτι
1723 2412 1737 2438 ό
1750 2416 1797 2442 τῆς

969 2453 1016 2475 τοῦ
1029 2452 1090 2476 Υίοῡ
1105 2448 1295 2484 κατηξιωμένος
1308 2450 1486 2485 προσηγορίας
1500 2448 1548 2474 οὐκ
1561 2447 1737 2485 ἀπεστέρηται
1751 2457 1797 2478 της

970 2489 1016 2511 τοῦ
1032 2486 1130 2521 Πατρός
1142 2483 1286 2517 κοινωνίας,
1304 2483 1357 2521 atii
1374 2485 1415 2510 ὅτι
1429 2483 1442 2510 6
1457 2487 1505 2515 τῆς
1523 2487 1570 2510 τοῦ
1585 2486 1647 2521 ὶίίοιξ
1658 2483 1796 2514 κατηξιω-

969 2523 1044 2558 μένος
1059 2519 1202 2558 κοινωνίαις,
1220 2522 1288 2554 etc.,
1305 2523 1337 2547 ut
1350 2519 1548 2558 incontextu,
1560 2519 1611 2547 sed
1625 2519 1668 2546 sic
1681 2521 1797 2558 tamen,

970 2555 1003 2584 ut
1022 2559 1089 2592 past
1111 2555 1194 2590 illud,
1212 2557 1325 2592 Πατρός,
1347 2555 1548 2583 subaudiatur
1569 2562 1637 2592 voxﬁ
1651 2557 1795 2592 κοινωνίας,

971 2590 1029 2625 Qui
1041 2592 1138 2620 Filius
1153 2590 1298 2626 dignatus
1312 2595 1354 2619 est
1367 2592 1527 2624 consortio,
1544 2597 1597 2618 nec
1616 2591 1719 2626 Patris
1734 2590 1796 2624 pri-

970 2630 1057 2656 vatus
1088 2631 1144 2658 est,
1175 2625 1297 2662 supple,
1328 2628 1486 2655 consortio.
1519 2627 1604 2662 Puto,
1623 2625 1796 2662 simpliciter

968 2663 1130 2700 legendum
1155 2661 1333 2700 προσήγορίας
1356 2670 1411 2698 pro
1435 2663 1579 2700 κοινωνίαις,
1599 2661 1658 2689 hoc
1679 2669 1793 2689 sensu:

970 2699 1027 2733 Qui
1042 2700 1083 2727 ita
1101 2698 1280 2734 conjunctus‘
1295 2702 1337 2726 est
1354 2699 1452 2732 Patri,
1468 2701 1501 2725 ut
1515 2698 1588 2734 Filii
1606 2705 1713 2725 nomen
1728 2705 1795 2734 con-

967 2737 1084 2762 secutus
1098 2736 1147 2765 sit.
1156 2733 1299 2769 'privatus
1313 2742 1373 2762 non
1387 2736 1428 2763 est
1438 2735 1542 2767 Patre,
1556 2733 1613 2762 hoc
1626 2735 1680 2768 est,
1692 2733 1795 2761 Patris

969 2773 1112 2799 naturam
1126 2770 1225 2799 habet.
