2049 3131
88 157 143 184 605

413 151 534 181 HOMlL.
555 152 696 180 CONTRA
716 149 966 181 SABELLIANOS,
987 149 1031 176 ET
1050 149 1171 184 ARIUM,
1192 151 1235 178 ET
1253 150 1447 178 ANOMCEOS.

1717 151 1769 180 606

88 220 154 255 ἡμῖν
196 219 247 243 τῶν
288 217 434 253 προσώπων
471 216 518 244 τὴν
554 215 708 252 ἑτερότητα,
743 213 802 240 Ἐὰν
838 213 887 248 γὰρ

946 210 1002 238 alia
1016 210 1185 245 distinguit.
1200 213 1235 240 Si
1243 213 1321 241 enim
1332 213 1443 246 abiero,
1460 212 1566 248 inquit,
1578 213 1691 248 rogabo
1707 214 1770 242 Pa-

88 261 202 294 ἀπέλθω,
232 260 308 297 φησὶ,
340 259 514 296 παρακαλέσω
547 261 590 285 τόν
628 261 740 295 Πατέρα,
767 260 812 284 καὶ
840 259 889 283 οὒ-

87 307 132 333 λον
163 305 261 342 πέμψει
299 305 467 342 Ηαράκλητον
493 305 564 341 ὑμῖν,
591 304 691 330 Οὐκοῦν
719 305 777 334 Υἱὸς
805 304 850 339 μὶν
877 302 889 327 6

87 351 257 389 παρακαλῶν,
282 352 372 387 Πατὴρ
398 348 428 376 δὲ
456 350 469 375 6
492 349 727 387 παρακαλούμενος,
749 347 890 385 Παράκλη-

87 405 131 427 τος
155 395 186 422 δί
201 397 215 422 6
230 395 457 431 ἁποστελλόμινος.
480 394 538 430 Ἆρ’
560 394 606 420 οὗτ
625 394 655 420 οὐ
681 397 795 431 φανερῶς
815 392 890 418 ἀναι-

89 444 217 478 σχυντιῐς
239 439 350 467 ἁκούων.
373 439 440 475 Ἐγώ
467 441 527 475 περὶ
554 442 601 465 τοῦ
631 439 704 471 rio-3,
730 438 837 468 Ἐκιῖνος
861 435 891 463 δί

88 488 150 522 περὶ
178 489 225 512 τοῦ
255 486 365 521 Πατρός,
390 483 482 515 Ἀλλος
511 485 570 520 πιρὶ
598 487 644 510 τοῦ
672 483 818 519 Πνεύματος
845 485 891 508 τοῦ

91 530 177 566 ἁγίου,
204 532 250 556 καὶ
279 531 364 556 πάντα
387 530 483 565 φύρων,
513 531 558 554 κοιὶ
580 529 663 555 πάντα
685 529 817 564 συγχέων,
847 528 891 552 καὶ

89 576 127 602 iui.
162 575 299 611 πράγματι
327 575 374 604 τὰς
401 574 489 604 πάσας
520 574 701 610 προσηγορίας
728 572 891 609 περιτιθείς;

91 621 137 649 Μὴ
163 621 250 655 μέντοι
272 616 341 656 μηδί
357 619 390 645 σὺ
414 618 542 656 ἅρπαγμα
556 620 619 655 πρὸς
645 619 691 646 τὴν
706 615 825 643 ἀσέϐειαν
848 615 892 642 λά-

94 663 146 700 ϐῃς
167 666 215 693 τὴν
238 668 285 690 τῶν
310 666 458 701 προσώπων
484 661 624 699 διαίρεσιν.
655 661 684 689 Εἰ
707 671 758 698 γαρ
781 663 827 687 καὶ
843 659 891 686 δύο

94 711 133 744 τῷ
153 707 262 745 ἀριθμῶ,
278 707 342 734 ἀλλὰ
364 711 396 744 τῇ
411 709 487 744 φύσει
501 707 531 734 οὗ
548 706 698 737 διέζευκται
711 717 717 723 -
738 704 801 732 οὑδὶ
823 706 836 731 6
859 704 892 731 τὰ

95 751 146 779 δύο
159 753 236 788 λέγων
250 752 310 787 (I9)
333 751 503 790 ἀλλοτρίωσιν
526 751 669 787 ἕπεισάγιι.
695 751 740 781 Ε’ίς
762 751 837 783 Θεὸς,
851 751 892 776 ὅτι

93 800 139 824 καὶ
154 800 240 834 Πατὴρ
255 807 262 814 ·
291 797 327 827 ιῖς
347 799 410 828 Θεὸς
426 795 456 823 δέ
472 798 518 823 καὶ
533 797 546 823 6
560 798 631 829 Υἱὸς,
647 797 692 822 καὶ
712 795 742 822 οὔ
765 793 813 821 δύο
827 795 889 826 θεοὶ,

91 839 183 871 ἐπειδὴ
208 843 358 870 ταυτότητα
381 843 438 877 ἔχει
463 841 477 867 6
499 842 560 872 Υἱὸς
584 842 649 877 πρὸς
662 842 706 866 τόν
723 841 835 875 Πατέρα.
852 838 890 864 Οὐ

89 887 142 923 γὰρ
167 885 247 915 ἄλλην
274 885 298 912 ἂν
323 888 404 924 Πατρὶ
429 886 536 922 καθαρῶ
570 886 689 917 ϐιότητα,
708 886 754 910 καὶ
773 883 851 912 ἄλλην
866 882 890 909 ἐν

89 932 143 966 Υἱῷ
157 941 164 948 ι
192 928 251 957 οὐδ’
270 930 357 967 ἑτέραν
381 932 459 966 φύσιν
479 929 588 963 ἐκείνην,
604 929 759 966 καὶηέτίραν
782 929 888 957 ταύτην.

87 975 145 1002 ἰνα
163 976 208 1012 μὲν
232 979 276 1001 οῦν
291 976 408 1012 τρανωθῇ
435 984 477 1001 σοι
497 979 547 1001 τῶν
568 976 715 1012 προσώπων
730 973 745 1002 ἠ
776 971 888 1005 ἰδιότης,

88 1021 195 1058 αρίθμει
219 1018 275 1056 ἰδίᾳ
298 1022 409 1056 Πατέρα,
434 1021 479 1046 καὶ
500 1017 557 1056 ἰδίᾳ
581 1022 639 1045 Υἰόν
654 1029 660 1035 ·
690 1020 730 1044 ἶνα
752 1016 782 1044 δὲ
803 1017 839 1054 μὴ
856 1017 890 1047 εἰς

87 1065 226 1092 πολυθιῖαν
253 1064 433 1101 ἁποσχισθῇς,
458 1066 519 1100 μίαν
534 1063 654 1100 ὁμολόγει
673 1063 712 1089 ἐπ’
728 1062 821 1099 ἀμφοῖν
843 1064 889 1091 τὴν

89 1110 193 1136 οὐσίαν.
209 1109 286 1136 Οὕτω
310 1111 354 1136 καὶ
381 1108 517 1139 Σαϐιλλιος
539 1110 637 1142 πίπτει,
662 1109 708 1134 καὶ
731 1108 744 1134 ὁ
759 1107 889 1143 ’Λνὸμοιος

89 1154 214 1192 συντριΕή
220 1163 303 1182 σιται.

126 1202 153 1228 4.
175 1203 244 1226 Οταν
270 1197 300 1226 δὲ
323 1200 386 1225 εἴπω
405 1201 467 1235 μίαν
486 1198 589 1231 οὐσίαν,
617 1199 652 1234 μὴ
670 1195 719 1224 δύο
734 1197 761 1228 ὶξ
776 1196 827 1228 ἑνός
847 1205 890 1232 με·

90 1245 215 1282 ρισθέντα
237 1246 300 1276 mm,
324 1243 377 1270 ἀλλ’
405 1243 433 1270 ἑκ
462 1247 508 1273 τῆς
532 1242 620 1279 ἀρχῆς
643 1246 689 1269 τοῦ
716 1243 818 1279 Πατρὸς
845 1243 889 1267 τὸν

90 1291 151 1317 Υἰὸν
177 1290 338 1323 ὑποστάντα,
369 1288 398 1315 οὐ
423 1289 526 1324 Πατέρα
555 1290 598 1314 καὶ
624 1288 682 1314 Υὶὸν
706 1287 734 1314 ἐκ
757 1290 819 1323 μιᾶς
842 1286 889 1313 οὖ-

92 1336 152 1365 σίας
173 1334 366 1370 ὑπερκειμένης.
397 1333 434 1358 Οὐ
467 1334 518 1370 γὰρ
543 1331 643 1368 ἀδελφὰ
678 1331 794 1368 λέγομεν,
826 1331 890 1358 ἀλλὰ

91 1380 195 1415 Πατέρα
221 1380 267 1404 καὶ
293 1379 352 1404 Υίόν
388 1377 571 1414 ὁμολογοῦμεν.
603 1378 638 1404 T6
663 1374 692 1403 δὲ
724 1380 769 1406 τῆς
797 1376 889 1407 οὐσίας

89 1425 194 1457 ταυτὸν,
212 1421 301 1452 ἐπειδὴ
327 1422 355 1449 ἐκ
370 1426 415 1449 τοῦ
441 1424 544 1459 Πατρός
567 1422 580 1448 6
604 1422 673 1454 Υἱὸς,
700 1421 729 1447 οὐ
757 1422 890 1458 προστάγ-

89 1478 155 1505 ματι
187 1469 318 1501 ποιηθεὶς,
347 1466 400 1493 ἀλλ’
429 1466 456 1493 ἐκ
478 1471 524 1497 τῆς
551 1468 648 1503 φύσεως
667 1467 814 1502 γεννηθείς·
843 1465 889 1492 οὐκ

90 1512 276 1550 ἁπομερισθεὶς
308 1515 355 1538 τοῦ
389 1513 501 1549 Πατρός.
540 1510 604 1537 ἀλλὰ
644 1513 761 1547 μένοντος
793 1510 889 1537 τελείου

89 1558 183 1588 τελειος
217 1556 386 1593 ἁπολάμῲας,
427 1558 476 1582 Καὶ
511 1556 546 1592 μὴ
585 1565 630 1592 μοι
669 1553 889 1592 περιδραμόντες,

89 1604 148 1629 ὅσοι
179 1603 193 1632 ἡ
221 1605 258 1639 μὴ
286 1601 385 1632 τιλείως
409 1604 464 1632 τοῖς
493 1601 636 1637 λεγομένοις
675 1601 890 1634 ἠκολουθήσατε,

90 1648 106 1678 ἣ
136 1649 202 1685 πρὸς
231 1647 352 1685 ίπήριιαν
375 1647 446 1682 ἡμᾶς
469 1648 666 1684 περιεστήκατε,
694 1645 723 1672 οὔ
750 1645 835 1672 λαϐεῖν
865 1655 891 1671 τι

90 1692 152 1729 παρ’
185 1693 258 1729 ἡμῶν
293 1691 418 1728 ὠφέλιμον
454 1691 646 1722 ἐπιζητοῦντες.
675 1690 739 1717 ἁλλά
766 1690 892 1717 λαϐέσθαι

89 1739 160 1767 τινὸς
198 1741 248 1764 τῶν
280 1736 420 1773 λεγομένων
459 1736 658 1772 ἐπιτηροῦντες,
695 1735 802 1764 ιίπητε·
842 1736 891 1761 Δύο

93 1783 170 1812 ϐιούς
203 1782 346 1818 κηρύσσει,
381 1780 520 1807 πολυθείαν
554 1779 731 1816 καταγγέλλει.
768 1779 806 1806 Οὐ
842 1778 891 1806 δύο

93 1828 166 1854 θεοί·
189 1823 251 1852 οὐδὶ
269 1827 318 1862 γὰρ
343 1824 392 1852 δύο
420 1827 540 1863 πατέρες.
559 1825 588 1851 ’0
611 1825 656 1861 μὶν
672 1824 759 1862 ἀρχὰς
779 1824 890 1860 εἰσάγων

93 1870 144 1898 δύο
171 1869 220 1897 δύο
251 1872 370 1907 κηρύττει
409 1871 491 1901 θεούς.
521 1873 642 1900 Τοιοῦτος
671 1867 701 1895 δὲ
729 1869 784 1896 ἐστι
819 1873 891 1907 Μαρ-

89 1919 164 1950 κίων,
189 1918 234 1942 καὶ
260 1917 282 1942 εἲ
300 1925 341 1947 τις
365 1915 451 1951 ἑκιὶνῳ
475 1917 522 1944 τὴν
546 1914 665 1941 ἀσέϐειαν
694 1914 888 1952 παραπλήσιος.

91 1964 142 1989 Καὶ
180 1961 258 1988 πάλιν
286 1962 299 1986 6
335 1960 480 1997 ἰτιρούσιον
514 1959 592 1996 λέγων
625 1961 669 1986 τόν
709 1961 890 1996 γεγεννημένον

89 2009 154 2043 πρὸς
181 2008 224 2032 τὸν
251 2008 424 2042 γεννήσαντα,
454 2003 503 2031 δύο
529 2007 574 2031 καὶ
605 2003 681 2036 οὗτος
712 2004 779 2040 λέγει
806 2006 888 2038 θεοὺς,

90 2049 139 2077 διὰ
165 2053 213 2080 τὴν
237 2054 283 2081 τῆς
304 2050 395 2080 οὐσίας
422 2048 596 2086 ἀνομοιότητα
620 2052 649 2076 τὸ
674 2049 796 2077 πολόθεον
820 2059 890 2087 παρ-

90 2097 212 2131 εισάγων.
229 2095 260 2122 Εἰ
284 2096 336 2131 γὰρ
362 2097 412 2131 μία
439 2096 483 2131 μὲν
511 2095 600 2125 θεότης
624 2094 772 2130 ἀγέννητος,
788 2097 837 2130 μία
861 2093 890 2121 δὲ

89 2142 210 2176 γεννητὴ,
234 2141 268 2166 σὺ
295 2138 319 2166 εἶ
342 2140 356 2166 6
380 2142 426 2169 τὴν
452 2140 590 2166 πολυθείαν
611 2140 764 2177 κηρύσσων.
781 2139 891 2166 ἐναντίον

90 2186 136 2221 μὲν
161 2185 242 2220 λέγων
262 2183 326 2211 ιῖναι
355 2186 383 2211 τό
411 2184 548 2220 ἀγέννητον
577 2188 611 2220 τῷ
637 2189 758 2219 γεννητῷ,
775 2183 890 2215 ἐναντίας

943 257 1030 289 (rem,
1045 259 1072 284 et
1087 257 1182 284 alium
1197 257 1392 286 Paraclelum
1412 260 1507 286 mutet
1525 257 1605 285 vobis
1619 258 1652 284 ‘7.
1668 260 1771 294 itaque

947 300 1033 328 Filius
1047 303 1091 328 est
1114 301 1166 337 qui
1181 304 1277 336 rogat,
1295 304 1378 330 Pater
1396 305 1440 330 est
1452 302 1503 338 qui
1519 305 1654 337 rogatur,
1684 304 1771 331 Para-

944 345 1039 373 cletus
1059 354 1130 374 vero
1155 347 1207 383 qui
1229 347 1365 376 mittitur.
1385 349 1488 375 Nonne
1512 355 1584 382 ergo
1598 350 1702 383 aperte
1716 348 1771 376 im-

945 389 1064 426 pudens
1078 399 1122 424 es,
1133 391 1185 427 qui
1198 399 1268 419 cum
1291 391 1408 425 audias,
1422 393 1494 427 Ego,
1512 392 1549 419 de
1565 391 1645 423 Filio,
1656 393 1721 426 lite,
1733 392 1771 420 de

946 436 1041 469 Patre,
1067 436 1167 466 Alius.
1195 436 1232 464 de
1260 436 1371 472 Spiritu
1400 439 1516 470 sancto,
1542 437 1650 464 misces
1670 439 1771 465 tamen

945 479 1061 514 omnia,
1073 480 1236 516 omniaque
1251 481 1423 513 confundis,
1434 483 1462 509 et
1477 481 1519 508 rei
1530 481 1581 509 uni
1594 481 1698 509 tribuis
1717 489 1769 517 ap-

947 524 1122 561 pellationes
1137 524 1265 553 omnes?
1290 525 1425 553 Vicissim
1451 533 1550 562 neque
1570 528 1601 553 tu
1625 525 1663 554 ad
1680 525 1770 554 stabi-

944 569 1080 598 liendum
1094 570 1278 606 impietatem
1293 571 1404 598 sumito
1420 571 1618 598 secretionem
1629 577 1771 606 persona-

946 623 1024 643 rum.
1051 615 1110 643 Etsi
1133 615 1213 644 enim
1234 616 1296 644 duo
1311 618 1381 644 sunt
1395 623 1533 649 numero,
1551 619 1650 644 tamen
1663 617 1772 643 natura

946 667 1007 688 non
1029 662 1098 688 sunt
1119 660 1262 695 disjuncti
1285 669 1292 688 :
1317 669 1416 697 neque
1431 660 1482 697 qui
1498 660 1560 688 duo
1575 660 1646 688 dicit
1660 659 1771 688 aliena-

947 706 1060 734 tionem
1083 705 1212 733 inducit.
1233 707 1314 734 Unus
1336 707 1413 733 Deus
1436 708 1465 733 et
1487 707 1582 740 Pater,
1594 713 1674 732 unus
1694 706 1771 732 Deus

947 754 975 779 et
987 750 1087 783 Filius,
1101 758 1162 778 non
1177 750 1219 778 dii
1241 750 1314 783 duo,
1326 758 1395 778 cum
1414 750 1503 778 Filius
1519 750 1706 778 identitatem
1721 749 1773 777 hu-

945 795 1016 824 beat
1030 804 1098 823 cum
1115 796 1211 823 Patre.
1229 797 1292 823 Non
1306 796 1387 823 enim
1403 794 1494 823 aliam
1505 794 1535 822 in
1556 796 1637 821 Patre
1653 794 1773 823 intueor

945 839 1142 873 divtnitatem,
1159 840 1250 868 aliam
1263 840 1294 868 in
1309 840 1397 873 Filio;
1413 847 1512 875 neque
1527 838 1618 867 aliam
1631 842 1772 867 naturam

945 884 1038 919 illam,
1051 889 1079 913 et
1089 885 1180 913 aliam
1188 885 1277 913 hanc.
1290 884 1496 917 Quamobrem
1512 883 1672 920 perspicua
1687 886 1719 910 ut
1734 883 1772 911 sit

945 930 1000 958 tibi
1024 937 1225 966 personarum
1246 930 1424 966 proprietas,
1451 936 1580 956 numera
1608 928 1772 964 separatim

945 975 1076 1007 Patrem,
1093 977 1122 1003 et
1137 974 1298 1011 separatim
1316 974 1420 1003 Filium
1439 983 1445 1001 :
1461 973 1514 1001 sed
1527 981 1564 1002 ne
1580 972 1727 1000 scindaris
1741 972 1772 1000 in

945 1019 1170 1048 multitudinem
1199 1019 1338 1054 deorum,
1358 1027 1453 1047 unam
1474 1019 1503 1046 in
1527 1022 1654 1054 utroque
1669 1024 1771 1045 essen-

944 1065 1018 1093 tiam
1034 1063 1207 1093 conﬁteare.
1224 1065 1266 1093 ita
1274 1066 1302 1093 et
1316 1063 1422 1093 Sabelli
1428 1072 1462 1092 us
1471 1063 1559 1097 cadit,
1569 1065 1598 1092 et
1607 1066 1771 1090 Anomaeus

944 1111 1127 1138 conteretur.

979 1200 1007 1227 4.
1017 1199 1075 1227 Sed
1087 1207 1156 1227 cum
1173 1198 1335 1227 essentiam
1344 1206 1436 1227 unam
1448 1198 1517 1226 dico
1530 1205 1612 1232 ,cave
1623 1196 1771 1233 intelligas

945 1243 1006 1272 duo
1022 1251 1058 1271 ex
1074 1251 1135 1272 uno
1149 1244 1255 1277 divisa,
1277 1243 1329 1271 sed
1351 1251 1386 1271 ex
1408 1242 1557 1279 principio
1578 1242 1664 1270 Patre
1684 1242 1769 1277 192

946 1288 1051 1316 Filium
1067 1288 1292 1322 subsistentem,
1304 1295 1364 1316 non
1379 1289 1495 1316 Patrem
1506 1291 1534 1314 et
1547 1286 1651 1314 Filium
1662 1294 1698 1314 ex
1711 1293 1772 1314 una

945 1333 1099 1369 superiore
1118 1333 1250 1361 essentia.
1274 1335 1472 1367 emergentes.
1491 1333 1553 1360 Non
1570 1332 1651 1359 enim
1666 1331 1772 1359 fratres

944 1378 1085 1406 dicimus.
1101 1378 1154 1406 sed
1170 1380 1286 1406 Patrem
1297 1382 1323 1405 et
1336 1377 1443 1405 Filium
1460 1377 1651 1405 conﬁtemur.
1667 1378 1703 1404 At
1723 1383 1772 1403 es—

944 1423 1047 1451 sentiie
1070 1423 1214 1451 identitas
1241 1425 1296 1457 est,
1325 1423 1398 1459 quia
1427 1430 1461 1450 ex
1480 1423 1563 1450 Patre
1589 1420 1690 1455 Filius,
1711 1428 1771 1448 non

944 1471 1097 1504 praecepto
1112 1467 1219 1502 factus,
1230 1467 1283 1495 sed
1294 1475 1331 1495 ex
1343 1470 1450 1495 natura
1461 1467 1589 1501 genitus,
1600 1473 1662 1493 non
1677 1465 1771 1492 disse-

946 1517 1011 1541 clus
1040 1521 1058 1541 θ.
1077 1515 1170 1546 Patre,
1188 1512 1242 1540 sed
1256 1520 1292 1540 eo
1312 1514 1453 1540 manente
1478 1511 1608 1547 perfecto
1624 1509 1772 1546 perfectus

911 1554 932 1583 C
947 1557 1133 1585 illucescens.
1147 1559 1181 1585 Et
1193 1557 1277 1589 mihi,
1289 1559 1440 1593 quotquot
1452 1559 1504 1584 aut
1517 1563 1578 1583 non
1592 1555 1719 1591 perfecte
1730 1553 1773 1581 di-

946 1604 995 1631 cta
1016 1604 1146 1630 assecuti
1158 1603 1239 1635 estis,
1252 1605 1304 1630 aut
1319 1600 1528 1630 calumniandi
1546 1603 1639 1628 ca’usa
1648 1607 1704 1627 nus
1717 1598 1774 1626 cir-

946 1648 1113 1682 cumstatis,
1128 1655 1189 1676 non
1204 1649 1374 1683 quaerentes
1390 1649 1421 1674 ut
1435 1654 1471 1674 ex
1493 1645 1581 1673 nobis
1595 1644 1707 1680 aliquid
1725 1651 1773 1672 ca-

945 1692 1036 1728 piatis
1050 1692 1318 1722 emolnmenti.sed
1334 1691 1533 1719 observantes
1549 1692 1580 1717 ut
1595 1689 1707 1725 aliquid
1724 1695 1773 1716 eo-

945 1745 1014 1766 rum
1029 1745 1098 1773 qute
1113 1737 1242 1764 dicimus
1267 1736 1407 1772 carpetis,
1435 1743 1474 1763 ne
1501 1735 1773 1762 circumcursantes

945 1782 1080 1811 dixeritis
1093 1791 1100 1809 :
1117 1782 1262 1810 Prmdicat
1274 1781 1348 1809 deos
1363 1781 1452 1814 duos,
1467 1779 1594 1808 deorum
1611 1776 1774 1806 multitudi~

945 1835 1017 1856 nem
1028 1828 1266 1854 annuntiat.Non
1285 1825 1406 1854 suntdii
1418 1825 1594 1859 duo,neque
1609 1823 1690 1851 enim
1703 1823 1773 1849 sunt

945 1873 1007 1901 duo
1022 1875 1130 1908 patres.
1150 1871 1296 1907 Principia
1319 1871 1381 1898 duo
1401 1869 1454 1906 qui
1469 1868 1596 1902 inducit,
1609 1868 1682 1895 deos
1695 1866 1772 1894 duos

947 1917 1102 1954 praedicat.
1121 1915 1199 1944 Talis
1216 1919 1315 1944 autem
1330 1918 1377 1943 est
1390 1915 1528 1947 Marcion,
1547 1916 1575 1941 et
1599 1912 1625 1941 si
1648 1911 1717 1948 quis
1732 1909 1773 1938 illi

945 1962 1051 1990 similis
1065 1961 1103 1989 sit
1117 1961 1279 1996 impietate.
1296 1962 1336 1988 Ac
1351 1967 1467 1993 rursus,
1482 1958 1533 1995 qui
1547 1957 1684 1986 Genitum
1699 1955 1773 1983 alte-

945 2007 1007 2035 rius
1023 2010 1162 2034 essentne
1178 2014 1196 2033 ιι
1211 2005 1348 2033 Genitore
1365 2013 1432 2032 esse
1451 2004 1533 2038 dlt‘lt,
1548 2003 1573 2031 is
1588 2010 1710 2039 quoque
1725 2000 1773 2029 di—

946 2051 982 2079 cit
999 2051 1073 2079 deos
1089 2051 1178 2083 duos,
1194 2050 1235 2078 ob
1250 2050 1386 2078 essentia;
1402 2048 1678 2076 dissimilitudinem
1695 2045 1773 2074 mul-

946 2096 1105 2124 titudinem
1118 2096 1246 2123 deorum
1262 2095 1420 2123 inducens.
1436 2094 1550 2122 Etenim
1565 2093 1589 2121 si
1605 2100 1666 2120 una
1676 2093 1721 2120 est
1730 2091 1773 2119 di~

945 2141 1055 2169 vinitas
1071 2140 1216 2175 ingenita,
1238 2147 1299 2167 una
1312 2147 1382 2167 vero
1402 2139 1512 2174 genita,
1529 2141 1558 2165 lu
1572 2145 1603 2165 es
1627 2137 1678 2173 qui
1701 2136 1774 2163 deo-

946 2194 1014 2214 rum
1031 2185 1179 2222 praanicas
1200 2184 1433 2218 multitudinem,
1452 2191 1521 2210 cum
1537 2182 1706 2217 lngenitum
1722 2181 1774 2209 Ge-

92 2227 122 2255 δὲ
143 2227 265 2257 ὃηλονὸτι
285 2231 330 2255 καὶ
358 2229 404 2259 τὰς
436 2229 526 2259 οὐσίας
541 2229 689 2264 τιθεμενος·
719 2230 788 2264 εἴπερ
814 2228 890 2254 οὖα-ια

947 2232 1010 2259 nito
1021 2230 1205 2257 contrarium
1222 2229 1316 2261 dicas,
1329 2231 1506 2263 statuasque
1523 2227 1669 2254 essentias
1683 2226 1772 2253 etiam

90 2275 138 2310 μὲν
164 2277 210 2299 τοὺ
239 2276 336 2310 Πατρὸς
357 2275 371 2303 ἡ
395 2273 546 2309 ἁγενντσια,
567 2273 646 2299 οὐσία
669 2272 699 2299 δὲ
722 2274 766 2299 τοῦ
788 2274 848 2299 Υὶοῡ
874 2274 888 2302 ἠ

89 2321 224 2354 γέννησις.
245 2320 324 2345 Ὠστι
350 2318 379 2344 οὗ
405 2317 454 2345 δὺο
476 2319 553 2355 μόνον
573 2319 631 2353 (20/
657 2319 740 2351 θεοὺς,
756 2317 820 2344 ἀλλὰ
847 2320 892 2344 καὶ

89 2365 260 2400 μαχομένους
287 2362 407 2394 ἀλλήλοις
427 2363 530 2399 λέγεις.
555 2362 600 2388 καὶ
628 2364 656 2389 τό
679 2361 838 2397 δεινότατον,
861 2365 891 2389 οὑ

88 2409 259 2446 προαιερέσιι
283 2406 378 2439 διδοὺς
413 2410 460 2437 τὴν
482 2409 586 2444 μάχην,
616 2407 680 2434 ἀλλὰ
704 2409 801 2444 φνσὶκῇ
833 2406 892 2434 δια-

91 2454 194 2484 στάσει,
230 2451 364 2489 μηδέποτε
399 2452 479 2479 ῦιθιῖν
520 2453 556 2483 εἰς
585 2452 716 2489 εἰρηνικὴν
760 2451 891 2488 σύμϐασιν

90 2495 234 2533 δυναμένῃ.
263 2496 332 2524 Ἀλλ’
359 2498 371 2523 6
400 2501 449 2528 τῆς
485 2496 606 2527 ἀληθείας
637 2496 712 2532 λόγος
739 2496 892 2534 ἑκατέρωθεν

87 2543 122 2569 τὰ
153 2542 334 2578 ἱναντιωματα
365 2541 545 2578 ὃιαπέφευγιν.
574 2541 657 2568 Ὅπου
686 2543 736 2578 γὰρ
771 2544 820 2578 μία
847 2543 892 2578 μὶν

89 2588 104 2616 ἠ
132 2585 217 2624 ἀρχὴ,
244 2587 268 2613 ἓν
289 2585 319 2613 δι
338 2588 367 2613 τό
391 2587 418 2618 ἐξ
444 2587 535 2619 αὐτῆς,
558 2589 603 2613 καὶ
623 2587 647 2613 ἓν
666 2588 711 2623 μιν
733 2589 764 2613 τὸ
782 2586 892 2623 ἀρχέτυ-

127 2659 148 2676 ³⁷
170 2659 246 2686 Joan
261 2665 318 2691 xiv.
334 2659 374 2686 ιϐ.

126 2736 186 2769 (19)
208 2734 281 2762 Editi
303 2733 382 2771 λέγῳν
397 2736 545 2771 πρόσωπα.
562 2735 627 2771 VQXV
646 2734 752 2762 ultima
765 2734 794 2762 in
812 2742 886 2771 mss.

90 2778 152 2811 non
168 2771 328 2806 invenitur,
335 2769 380 2798 'ob
395 2769 486 2806 idque
500 2777 568 2797 eam
581 2770 679 2798 delere
695 2778 756 2798 non
775 2770 892 2798 dubita-

91 2813 202 2834 vxmus.

948 2276 1037 2313 plane
1053 2275 1220 2303 contrarias
1237 2283 1244 2302 :
1261 2274 1411 2310 siquidem
1435 2273 1564 2300 essentia
1586 2271 1679 2300 Patris
1694 2272 1775 2298 esset

946 2320 1142 2356 ingeneratio,
1165 2319 1297 2348 essentia
1316 2327 1386 2347 vero
1401 2318 1474 2351 Filii,
1489 2317 1655 2353 generatio.
1676 2317 1774 2349 Quare

946 2373 1008 2394 non
1023 2365 1101 2393 duos
1116 2364 1208 2393 modo
1223 2364 1309 2395 deos,
1326 2363 1379 2391 sed
1401 2371 1453 2390 eos
1473 2362 1564 2390 etiam
1579 2362 1656 2390 inter
1675 2368 1706 2388 se
1721 2368 1776 2396 pu-

947 2413 1075 2446 gnantes
1094 2409 1187 2437 dicis:
1204 2408 1324 2444 etquod
1343 2407 1559 2444 gravissimum
1574 2409 1629 2440 est,
1648 2413 1711 2433 non
1726 2404 1774 2432 tri-

946 2454 1015 2482 buis
1031 2462 1166 2490 pugnam
1182 2454 1338 2490 proposito
1349 2452 1453 2486 animi,
1471 2452 1525 2479 sed
1541 2450 1671 2479 naturali
1685 2449 1773 2478 dissi-

948 2498 1009 2533 dio,
1026 2498 1110 2534 quod
1126 2506 1186 2526 non
1199 2498 1295 2534 pOSsit
1308 2505 1444 2534 unquam
1460 2496 1498 2524 ad
1520 2496 1677 2532 paciﬁcam
1702 2501 1773 2522 con-

947 2543 1083 2571 cordiam
1099 2543 1211 2571 venire.
1222 2545 1256 2571 At
1267 2543 1396 2570 veritatis
1407 2542 1545 2570 doctrina
1555 2549 1590 2568 ea
1599 2548 1668 2577 quae
1682 2539 1773 2567 utriu-

947 2596 1007 2625 que
1021 2589 1098 2616 inter
1112 2596 1144 2616 se
1159 2589 1307 2625 pugnant,
1320 2587 1490 2616 declinavit.
1510 2586 1563 2615 Ubi
1576 2585 1658 2614 enim
1678 2591 1773 2613 unum

983 2732 1038 2765 (20)
1067 2731 1144 2759 Editi
1167 2734 1272 2768 μόνους.
1297 2730 1504 2768 Δηίίψιὶλίτεε.
1522 2729 1590 2757 libri
1615 2733 1701 2767 μόνον.
1718 2729 1774 2757 Ali-

947 2771 1062 2805 quan_to
1074 2770 1142 2804 p0st
1156 2764 1229 2795 editi
1241 2770 1270 2795 et
1284 2768 1354 2802 Reg.
1372 2764 1474 2795 tertius
1489 2764 1644 2803 δυναμένην.
1656 2769 1772 2794 Atmss.

948 2802 1007 2832 (res
1019 2802 1148 2840 δυναμένῃ
1155 2823 1162 2830 .
