2049 3131
281 150 332 178 60⁸1

956 146 986 175 S.
1015 144 1140 174 BASILII
1168 145 1288 174 MAGNL

1912 148 1966 175 608

281 213 326 241 est
337 211 529 249 principium,
542 213 570 239 et
590 218 685 238 unum
700 210 783 247 quod
797 218 833 238 ex
843 209 910 246 ipso
922 211 966 236 est
983 207 1032 236 ubi
1044 215 1107 236 rur-

1163 217 1210 234 πον
1239 210 1288 244 μία
1311 205 1341 235 δι
1368 209 1384 237 ἡ
1410 207 1494 240 εἰκὼν,
1511 208 1524 234 ὁ
1542 212 1591 239 τῆς
1616 207 1735 238 ἑνότητος
1753 207 1828 244 λόγος
1851 210 1880 234 οὐ
1907 207 1967 235 δια-

279 264 332 285 sus
348 264 440 284 unum
452 259 497 283 est
507 255 672 290 exemplar,
684 259 712 282 et
728 255 910 289 imagouna.
926 252 1049 281 unitatis
1061 260 1107 280 ra-

281 301 321 329 tio
337 301 575 337 haudquaquam
592 299 802 328 labefactatur.
819 300 1009 335 Quapropter
1022 296 1109 325 Filius

280 353 317 374 ex
332 347 413 374 Patre
429 353 482 382 per
496 345 622 373 modum
639 344 842 379 generationis
858 343 1000 375 existens,
1013 344 1041 370 et
1055 349 1109 369 na-

278 390 412 418 turaliter
425 391 455 418 iu
471 390 633 426 semetipso
643 391 759 418 Patrem
772 389 995 424 exprimens,ut
1008 387 1109 422 imago

279 434 414 472 quidem,
436 434 661 469 integerrimam
675 433 995 469 absolutissimamque
1018 432 1110 460 habet

280 478 509 508 similitudinem
522 489 528 513 ;
541 482 572 508 ut
585 479 723 516 genitura
734 476 1110 509 vero.consubstantialita-

280 526 339 552 tem
358 527 467 553 servat.
484 526 584 561 Neque
600 524 681 552 enim
697 532 750 560 qui
765 524 795 552 in
812 523 877 552 foro
892 522 1053 555 imaginem
1065 529 1109 549 re-

281 569 362 604 giam
392 566 532 601 intuetur,
553 571 581 597 et
601 577 703 604 regem
719 569 791 596 dicit
806 576 874 596 eum
892 567 945 604 qui
960 567 989 594 in
1007 565 1110 594 tabula

283 617 339 648 est,
361 613 520 642 conﬁtetur
538 622 624 649 reges
639 614 726 647 duos,
742 613 917 650 imaginem,
938 614 967 640 et
975 619 1045 640 eum
1059 619 1110 639 cu-

278 658 327 694 jus
340 658 441 695 imago
453 661 497 686 est
513 667 520 686 :
538 666 636 695 neque
659 658 683 686 si
707 658 814 686 dixerit
829 666 835 686 ε
852 657 902 685 Hic
917 659 961 685 est
985 664 1047 690 rex,
1063 663 1109 684 os-

280 702 407 731 tendens
429 702 565 731 videlicet
591 710 662 731 eum
690 703 742 739 qui
765 703 795 730 in
811 702 916 730 tabula
939 701 1038 738 pictus
1053 703 1108 733 est,

280 747 424 775 continuo
444 747 601 784 exemplar
614 747 714 784 ipsum
730 746 934 783 appellatione
948 746 1028 780 regis
1047 745 1109 782 pri-

279 794 341 820 vat.
366 793 429 819 lmo
443 800 525 823 vero,
546 792 620 820 dum
637 792 694 820 hoc
709 793 880 823 conﬁtetur,
891 791 917 819 ei
933 790 1109 826 dignitatem

279 836 422 865 ﬁrmavit.
437 838 511 864 Nam
523 837 547 865 si
563 837 666 873 imago
677 844 728 864 rex
743 839 799 870 est,
817 836 950 872 profecto
962 835 1030 870 jure
1054 842 1109 871 po-

1163 253 1294 290 φθιίρεται
1315 253 1382 286 (21).
1403 255 1475 280 Διὸτι
1493 256 1620 288 γεννητὼς
1639 252 1767 290 ὑπάρχων
1790 252 1818 279 ἐκ
1840 257 1886 279 τοῦ
1912 257 1966 280 Πα-

1163 299 1224 334 τρός
1252 298 1264 324 ὁ
1289 299 1358 329 Υἱὸς,
1386 300 1432 324 καὶ
1461 301 1577 334 φυσικῶς
1603 296 1720 323 ἐκτυπῶν
1753 296 1776 323 ἐν
1806 297 1888 333 ἑαυτῷ
1920 299 1965 325 τὸν

1164 344 1276 379 Πατέρα,
1294 344 1328 374 ὡς
1354 344 1399 379 μὲν
1428 342 1511 375 εἰκὼν,
1542 344 1572 368 τό
1602 341 1796 379 ἀπαράλλακτον
1830 343 1896 378 ἔχει.
1929 344 1966 375 ὡς

1164 385 1194 413 δι
1206 389 1320 423 γέννημα
1333 389 1399 423 (22),
1415 389 1445 413 τό
1468 388 1607 423 ὄμοούσιον
1634 385 1772 417 διασώζει.
1800 385 1871 414 οῡδι
1884 389 1938 425 γὰρ
1951 389 1964 414 ό

1163 433 1231 458 κατὰ
1260 434 1308 461 τὴν
1341 431 1438 470 ἀγορὰν
1465 436 1496 468 τῇ
1537 431 1663 469 βασιλικῇ
1694 432 1772 459 εἰκόνι
1802 431 1962 467 ἔνατενίξων,

1163 479 1208 503 καὶ
1233 476 1345 513 βασιλέα
1369 477 1446 504 λελων
1468 479 1511 504 τὸν
1537 477 1563 504 ἐν
1588 481 1625 513 τῷ
1650 479 1750 510 πίνακι,
1763 476 1811 504 δύο
1836 477 1964 514 βασιλὸας

1164 522 1290 558 ὁμολογεῖ,
1307 525 1354 551 τήν
1380 532 1407 549 τε
1431 522 1526 555 εἰκόνα,
1547 525 1592 549 καὶ
1616 524 1659 548 τὸν
1684 522 1714 548 οὗ
1738 521 1809 548 ἐστιν
1835 523 1849 552 ἡ
1877 523 1962 551 εἰκών.

1163 566 1230 602 οὕτε,
1259 566 1311 600 ἐὰν,
1338 565 1428 599 δείξας
1448 569 1491 593 τὸν
1516 567 1540 593 ὶν
1580 571 1616 603 τῷ
1652 569 1742 593 πίνακι
1772 570 1962 605 γεγραμμένον,

1164 613 1222 649 εἴπῃ
1236 622 1242 629 ·
1266 612 1350 642 Οὗτός
1372 612 1443 639 ἔστιν
1465 613 1477 638 ό
1502 611 1636 649 βασιλεὺς,
1657 611 1820 648 ἀπεστέρησε
1843 615 1874 639 τό
1889 623 1963 649 πρω-

1162 659 1273 683 τότυπον
1309 661 1355 688 τῆς
1386 661 1432 684 τοῦ
1469 657 1598 693 βασιλέως
1631 666 1822 694 προσηγοριας.
1860 657 1963 684 Μᾶλλον

1163 703 1207 738 μὲν
1235 700 1278 728 οὗν
1306 701 1392 738 ἐκείνῳ
1417 704 1465 731 τὴν
1485 704 1564 738 τιμὴν
1590 701 1729 728 ἰϐεϐαἱωσε
1757 700 1804 728 διὰ
1822 705 1871 733 τῆς
1900 704 1963 729 τού-

1163 755 1209 772 του
1240 746 1387 783 ὁμολογίας.
1417 746 1448 773 Εἰ
1479 747 1530 784 γάρ
1560 746 1576 776 ἡ
1606 746 1680 773 εἰκὼν
1714 745 1850 783 βασιλεὺς,
1877 747 1963 783 πολλᾲ

1165 789 1252 821 δήπου
1277 791 1346 823 ιίχὸς
1369 791 1481 828 βασιλέα
1505 789 1570 818 εἶναι
1594 793 1639 818 τὸν
1660 795 1691 828 τῇ
1717 792 1795 818 εἰκόνι
1823 795 1964 828 παρασχό-

1164 844 1237 873 μενον
1271 839 1318 866 τὴν
1344 837 1440 863 αἰτίαν.
1479 835 1546 862 ’Δὶ-λ’
1581 835 1693 862 ἐνταῦθα
1724 837 1769 872 μὲν
1810 835 1883 869 ξύλα,
1917 839 1963 863 καὶ

279 881 354 909 tiore
379 889 435 917 par
460 884 504 910 est
516 889 617 916 regem
640 889 707 910 esse
721 889 803 912 eum,
819 881 871 917 qui
891 880 1015 917 imagini
1028 882 1060 908 ut
1073 880 1107 907 sil

1163 883 1254 918 κηρὸς,
1270 883 1315 908 καὶ
1333 881 1473 919 ζωγράφου
1502 883 1582 917 τέχνη
1611 883 1659 910 τὴν
1684 880 1770 907 εἰκόνα
1793 884 1862 908 ποιεῖ
1877 881 1962 918 φθαρ-

279 932 375 954 causa
389 929 443 954 est.
463 929 550 963 Atqui
565 927 613 955 hic
627 927 720 963 ligna,
736 929 766 954 et
777 933 855 959 cera,
872 928 901 953 et
924 925 1045 961 pictoris
1060 932 1110 952 ars

279 971 505 1007 corruptibilem
520 971 686 1006 imaginem
699 970 934 1007 efﬁcit,efﬁgiem
947 970 1058 998 scilicet
1067 970 1110 998 rei

281 1015 494 1051 corruptibilis,
507 1019 536 1044 et
550 1016 616 1051 ejus
638 1016 691 1052 qui
712 1016 830 1044 efﬁctus
854 1018 898 1044 est
913 1014 1109 1043 artiﬁciosum

282 1059 479 1088 simulacrum
505 1069 511 1088 :
537 1060 596 1088 illic
621 1068 694 1089 vero
709 1060 762 1088 ubi
788 1060 919 1088 audieris
934 1059 1108 1096 imaginem,

280 1104 473 1139 splendorem
487 1105 588 1142 glorim
600 1105 739 1142 intellige.
750 1105 895 1138 Quisnam
903 1108 1003 1132 autem
1015 1104 1110 1140 splen-

279 1148 346 1182 dor,
360 1152 388 1176 et
402 1157 469 1186 qum
484 1149 603 1186 gloria?
628 1150 791 1186 Apestolus
816 1150 880 1184 ipse
896 1149 995 1177 statim
1020 1149 1108 1176 inter-

279 1196 414 1230 pretatus
423 1197 549 1222 est.cum
561 1194 781 1230 subjunxitzEl
794 1194 879 1230 193
892 1193 1110 1229 character/ty-

277 1241 429 1273 pastaseos
439 1239 500 1267 ".33
510 1239 590 1267 Idem
602 1239 693 1274 igitur
707 1242 750 1267 est
766 1238 938 1275 hypOstasis
950 1238 1033 1275 quod
1048 1237 1110 1274 glo-

279 1284 368 1319 ria,et
378 1284 534 1312 character
543 1284 626 1320 quod
637 1283 892 1320 splendor.Quare
903 1283 1036 1319 perfecta
1048 1291 1110 1310 ma-

280 1333 371 1359 nente
386 1333 413 1357 et
426 1329 500 1357 nihil
520 1329 681 1357 imminuta
692 1328 799 1364 gloria,
811 1328 960 1364 perlectus
973 1326 1110 1364 procedit

281 1374 434 1412 splendor.
451 1377 547 1410 Atque
563 1373 606 1401 sic
618 1373 759 1409 imaginis
773 1373 850 1400 ratio
866 1375 899 1400 ut
915 1374 1006 1400 Deum
1022 1372 1110 1400 decet

282 1425 417 1456 accepta,
443 1421 472 1446 et
494 1417 657 1446 divinitatis
671 1417 759 1445 nobis
772 1417 916 1445 unitatem
931 1416 1040 1445 exibet.
1058 1416 1109 1445 Hic

259 1468 265 1474 ‘
280 1465 360 1493 enim
371 1464 401 1492 in
416 1463 509 1498 illo,et
520 1462 569 1490 ille
577 1463 606 1490 in
619 1463 676 1490 hoc
686 1470 758 1490 nam
770 1465 798 1490 et
809 1462 858 1490 hic
874 1462 942 1490 talis
954 1461 1109 1498 est.qualis

277 1509 338 1544 ille,
354 1513 383 1537 et
393 1509 442 1537 ille
456 1507 554 1544 qualis
569 1508 626 1536 hic.
645 1509 686 1535 Ita
702 1508 847 1535 uniuntur
860 1507 933 1540 duo,
948 1509 1110 1543 propterea

1163 929 1220 960 τήν,
1242 927 1356 964 φθαρτοῦ
1382 928 1499 963 μίμημα,
1524 928 1570 952 καὶ
1588 927 1718 962 τιχνητήν
1732 929 1779 952 τοῦ
1798 927 1855 960 (23)
1882 935 1962 955 ποιη-

1165 972 1269 1002 θέντος·
1294 970 1348 998 ἐκεῖ
1376 969 1415 1004 δὲ,
1443 971 1504 997 ὃταν
1530 969 1648 1007 ἀκούσῃς
1674 970 1768 1003 εἰκόνα,
1797 970 1963 1007 ἀπαύγασμα

1163 1019 1214 1043 νόει
1227 1020 1274 1047 τῆς
1288 1014 1377 1048 δόξης.
1393 1018 1426 1042 Τί
1441 1013 1472 1042 δὲ
1489 1017 1518 1042 τὸ
1534 1015 1708 1052 ἀπαύγασμα,
1724 1017 1770 1042 καὶ
1787 1017 1826 1046 τις
1845 1017 1861 1045 ἡ
1876 1014 1960 1049 δόξας

1165 1061 1247 1092 Αὐτὸς
1265 1061 1342 1092 εὐθὺς
1367 1062 1528 1098 ἡρμήνενσσν
1552 1060 1565 1086 ὁ
1594 1060 1750 1092 Ἀπόο-τολος
1772 1060 1874 1096 ὶπάγων
1893 1062 1960 1096 (Η)-

1165 1109 1215 1134 Kal
1243 1109 1384 1144 χαρακτὴρ
1413 1110 1457 1136 τῆς
1487 1106 1667 1135 ὑποστάσεως.
1696 1107 1796 1132 Ταυτὸν
1828 1104 1872 1132 οὖν
1906 1105 1961 1132 ἔστι

1163 1155 1193 1188 τῇ
1212 1149 1276 1187 δόξῃ
1293 1153 1338 1188 μεν
1351 1151 1365 1180 ἠ
1378 1151 1536 1184 ὑπόστασις,
1549 1154 1586 1186 τῷ
1601 1150 1792 1186 ἀπαυγάσματι
1807 1148 1837 1177 δὲ
1847 1151 1860 1176 ὁ
1872 1160 1961 1187 χαρα-

1162 1199 1238 1234 κτήρ.
1260 1196 1351 1228 Ὥστε,
1381 1196 1477 1226 τελείας
1507 1197 1636 1232 μενούσης
1659 1198 1704 1222 καὶ
1731 1193 1815 1232 μηδὲν
1837 1198 1959 1232 μειουμέ-

1162 1251 1207 1272 νης
1234 1246 1280 1272 τῆς
1309 1239 1399 1273 δόξης,
1415 1240 1508 1267 τίλιιον
1523 1242 1628 1277 πρόεισι
1651 1242 1681 1267 τὸ
1714 1239 1888 1277 ἀπαύγασμα.
1908 1243 1959 1268 Καὶ

1163 1287 1245 1318 οὕτως
1263 1287 1276 1313 ὁ
1301 1290 1348 1316 τῆς
1372 1285 1468 1316 εἰκόνος
1493 1285 1578 1321 λόγος,
1601 1285 1746 1321 θεοπριπῶς
1771 1284 1959 1321 παραδεχθιὶς,

1162 1334 1210 1361 τήν
1239 1331 1346 1360 ἑνότητα
1368 1332 1431 1368 ἡμῖν
1457 1333 1605 1367 παρίστησι
1644 1334 1693 1361 τῆς
1721 1331 1851 1360 θεότητος.
1881 1330 1962 1361 Οὗτος

1161 1377 1213 1414 γὰρ
1237 1375 1262 1402 ἄν
1286 1375 1381 1411 iui-m3,
1408 1374 1524 1405 κᾶκεῖνος
1555 1374 1580 1400 ἐν
1607 1375 1700 1410 τούτῳ.
1729 1373 1788 1400 Ὀτι
1818 1377 1863 1400 καὶ
1889 1373 1960 1406 οὗτος

1162 1423 1280 1451 τοιοῦτὸς
1310 1420 1389 1454 ἔστιν,
1421 1421 1475 1451 οἷος
1503 1419 1598 1450 ἰκεῖνος
1611 1430 1617 1436 -
1647 1419 1774 1452 κάκεῖνος,
1802 1419 1856 1450 οἷος
1875 1420 1958 1451 όῦτος.

1163 1466 1251 1496 Οὕτως
1278 1465 1379 1492 ἑνοῦται
1409 1465 1442 1491 τὰ
1473 1462 1532 1498 δύο,
1555 1468 1592 1500 τῷ
1626 1467 1662 1500 μὴ
1693 1462 1866 1497 διαλλάττειν,
1893 1463 1960 1500 μηδι

1163 1509 1222 1536 καθ’
1250 1511 1334 1548 ἕτερον
1360 1508 1429 1540 ιίδος
1452 1511 1498 1535 καὶ
1521 1509 1589 1541 ξένον
1603 1513 1762 1546 χαρακτῆρα
1775 1510 1893 1535 νοεῖσθαι
1917 1511 1960 1536 τὸν

277 1554 363 1591 quod
376 1561 437 1581 non
447 1553 656 1586 differantmec
667 1552 755 1580 Filius
766 1552 934 1580 secundum
942 1551 1032 1579 aliam
1040 1559 1106 1587 spe-

1163 1557 1231 1582 Υἱόν.
1262 1555 1343 1582 Πάλιν
1373 1555 1418 1581 οὖν
1443 1555 1528 1591 λέγω·
1557 1555 1601 1585 Εἷς
1626 1557 1670 1581 καὶ
1693 1554 1740 1586 εἷς,
1768 1552 1852 1583 ἀλλ’ἠ
1883 1555 1961 1590 φύσις

279 1599 355 1626 ciem
371 1600 400 1625 et
414 1600 592 1624 extraneum
603 1597 808 1624 characterem
822 1596 1013 1630 intelligatur.
1029 1595 1106 1623 Rur-

280 1651 332 1671 sus
352 1641 442 1678 igitur
456 1641 548 1669 dico:
566 1642 648 1669 Unus
670 1643 698 1669 et
718 1649 809 1674 unus,
826 1640 879 1668 sed
903 1643 1012 1668 natura
1033 1640 1108 1668 indi-

278 1687 342 1716 visa
355 1690 410 1720 est,
425 1689 455 1714 et
468 1685 611 1722 pertectio
627 1686 887 1723 imperfectionem
911 1693 1035 1713 omnem
1059 1693 1108 1713 ex-

276 1731 415 1761 cludens.
442 1731 525 1759 Unus
552 1731 641 1768 igitur
668 1732 757 1763 Deus,
782 1730 1035 1767 quandoquidem
1055 1738 1109 1767 per

282 1779 447 1812 utrumque
463 1776 580 1812 species
594 1783 655 1804 una
674 1775 894 1807 consideratur,
909 1783 978 1811 quae
993 1775 1108 1809 integre

279 1821 310 1849 in
322 1823 450 1857 utroque
465 1820 645 1848 ostenditur.
665 1819 723 1848 Sed
734 1819 853 1855 jamdiu
867 1827 1041 1848 sermonem
1057 1827 1108 1847 no-

279 1869 376 1894 strum
390 1865 516 1893 moleste
531 1864 607 1892 ferre
619 1872 672 1892 ves
688 1865 787 1896 video,
804 1867 834 1892 et
847 1868 964 1892 tantum
979 1872 1040 1892 non
1056 1871 1108 1891 au-

276 1910 341 1938 dire
356 1917 404 1938 me
419 1913 502 1946 puto,
518 1909 600 1945 quod
621 1909 768 1937 confessis
782 1909 952 1937 immoraris
967 1908 1108 1945 quaestio-

275 1961 331 1982 nes
343 1954 430 1982 valde
444 1953 622 1981 decantatas
635 1961 695 1982 non
712 1954 1015 1990 attingam.0mnium
1026 1953 1107 1981 enim

276 2006 366 2028 aures
380 2001 503 2026 arrectae
513 2006 593 2026 nunc
604 2002 684 2030 sunt.
700 2002 732 2027 ut
745 1998 784 2026 de
801 1998 913 2035 Spiritu
926 2001 1032 2026 sancto
1056 1997 1107 2026 ali-

275 2042 351 2080 quid
366 2042 502 2071 audiant.
517 2043 577 2077 Ego
588 2051 658 2071 vero
671 2043 761 2071 velim
777 2042 921 2076 maxime,
931 2042 1008 2070 sicut
1019 2041 1106 2070 tradi-

277 2090 343 2116 tum
358 2087 536 2124 simpliciter
554 2088 669 2124 accepi,
686 2088 764 2116 sicut
775 2088 906 2122 ingenue
928 2090 958 2116 et
978 2087 1107 2115 candide

275 2140 420 2162 assensus
435 2141 512 2169 sum,
530 2133 572 2161 sic
585 2136 613 2161 et
628 2133 818 2161 auditoribus
838 2132 965 2168 tradere,
990 2134 1022 2161 ut
1043 2139 1106 2160 non

1163 1600 1312 1638 ἀμέριστος,
1349 1602 1392 1626 καὶ
1429 1601 1444 1629 ἡ
1483 1599 1610 1630 τελειότης
1649 1598 1797 1630 ἀνελλιπὴς.
1836 1597 1879 1629 Εἷς
1916 1597 1960 1625 οὖν

1162 1647 1236 1680 Θεὸς,
1252 1644 1343 1674 ἆπειδὴ
1365 1643 1401 1671 δι’
1417 1644 1566 1682 ἀμφοτέρων
1592 1645 1617 1671 ἓν
1641 1642 1712 1676 εἶδος
1740 1645 1872 1680 θεωρεῖται
1900 1643 1961 1670 ὁλο-

1160 1690 1262 1728 κλήρως
1291 1689 1316 1716 ἐν
1342 1689 1497 1727 ἀμφοτέροις
1527 1687 1702 1725 δεικνύμενον.
1733 1687 1808 1715 Ἀλλά
1827 1689 1879 1725 γὰρ
1904 1689 1961 1714 πά-

1161 1734 1204 1761 λαι
1238 1735 1290 1772 ὁρῶ
1318 1732 1582 1770 δυσανασχετοῦντας
1609 1733 1679 1770 ὑμᾶς
1705 1734 1770 1770 πρὸς
1799 1734 1842 1759 τὸν
1869 1731 1958 1769 λόγον,

1161 1781 1206 1806 καὶ
1229 1781 1372 1816 μονονουχὶ
1393 1777 1494 1805 ἀκούειν
1509 1779 1564 1814 (25)
1591 1776 1672 1812 δοκῶ,
1688 1778 1728 1804 ὃτι
1741 1780 1797 1808 τοῖς
1817 1776 1960 1813 ὁμολογου-

1161 1826 1248 1861 μένοις
1274 1822 1453 1861 ἐνδιατρὶϐων,
1480 1827 1530 1850 τῶν
1557 1822 1771 1860 πολυθρυλλήτων
1800 1822 1959 1858 ζητημάτων

1161 1869 1213 1905 οὐχ
1233 1869 1362 1905 ἅπτομαι.
1393 1871 1470 1895 Πᾶσα
1494 1877 1544 1905 γαρ
1559 1867 1622 1897 ἀκοὴ
1651 1872 1696 1894 νῦν
1719 1869 1782 1905 πρὸς
1797 1869 1845 1896 τὴν
1861 1866 1959 1903 ἀκρόα-

1163 1922 1204 1940 σιν
1235 1918 1286 1940 τῶν
1318 1914 1400 1950 λόγων
1437 1917 1488 1939 τῶν
1524 1915 1584 1950 περὶ
1617 1916 1663 1939 τοὺ
1699 1912 1776 1948 ἁγίου
1813 1913 1961 1948 Πνεύματος

1161 1957 1341 1995 ἂνηρέθισται.
1363 1958 1428 1994 Ἐγὼ
1455 1955 1485 1984 δί
1510 1957 1626 1994 μάλιστα
1649 1957 1807 1993 ἠϐουλόμην,
1837 1957 1873 1987 ὡς
1895 1966 1962 1993 παρ-

1162 2002 1250 2030 έλαϐον
1288 2002 1436 2036 ἁπλοϊκῶς,
1475 2003 1510 2034 ὡς
1547 2003 1689 2039 συνεθέμην
1731 1999 1960 2034 ἀνεπιτηδεύτως,

1161 2048 1229 2075 οὕτω
1256 2046 1437 2085 παραδιδόναι
1459 2051 1512 2078 τοῖς
1531 2046 1676 2073 ἁκούουσι-
1704 2048 1740 2083 μὴ
1762 2045 1802 2072 ἀεὶ
1824 2048 1885 2083 πιρὶ
1911 2049 1961 2072 τῶν

1162 2093 1246 2120 αὐτῶν
1284 2092 1470 2129 ἀπαιτούμενος
1509 2093 1556 2123 τὰς
1589 2091 1715 2125 εὐθύνας,
1754 2090 1809 2117 ἀλλ’
1837 2090 1865 2117 ἐκ
1901 2093 1962 2127 μιᾶς

1162 2137 1302 2174 ὁμολογίας
1338 2138 1525 2173 πεπεισμένους
1565 2137 1634 2172 Ξχων
1668 2137 1728 2166 τοὺς
1767 2133 1960 2171 διδαχθητας.

275 2178 455 2207 eorumdem
467 2178 542 2207 mihi
555 2178 593 2207 sit
608 2186 730 2215 semper
739 2177 896 2206 reddenda
908 2178 996 2212 ratio,
1008 2177 1062 2207 sed
1074 2179 1106 2206 ut

1163 2181 1268 2212 Ἐπειδὴ
1302 2180 1332 2209 δὴ
1359 2190 1547 2219 «spumam-ir
1584 2182 1674 2218 ἡμᾶς,
1711 2178 1838 2208 δικασταὶ
1865 2179 1961 2216 μᾶλλον

312 2232 375 2251 ⁵⁸·³³
395 2232 483 2260 Hebr.
501 2240 519 2268 ι,
537 2234 563 2260 3.

311 2295 368 2332 (2i)
389 2296 470 2332 Unus
490 2295 585 2332 codex
604 2296 674 2330 Reg.
692 2295 721 2321 οὐ
736 2293 900 2332 διαφέρεται,
910 2303 969 2324 non
991 2295 1102 2330 differt.

277 2329 375 2367 Lectio
386 2330 511 2367 optima.
527 2330 583 2358 Alii
600 2329 672 2359 mss.
684 2333 724 2367 ret
747 2329 818 2358 editi
841 2334 874 2358 ut
893 2331 923 2358 in
943 2329 1104 2367 contextu.

276 2366 393 2394 Ibidem
408 2366 469 2394 duo
485 2374 559 2394 mss.
577 2369 605 2394 et
620 2366 690 2394 editi
705 2368 834 2402 γεννητὸς.
852 2368 885 2394 At
900 2366 972 2393 Colb
988 2366 1105 2402 primus

276 2408 346 2430 cum
357 2402 416 2430 alio
430 2402 535 2430 codice
548 2401 620 2437 Reg.
630 2406 766 2437 γεννητῶς,
777 2409 832 2436 per
845 2402 924 2432 vium
939 2401 1105 2436 generatio-

276 2438 341 2474 nis;
359 2441 388 2466 et
406 2438 446 2466 ita
459 2437 616 2474 scripsisse
631 2437 770 2474 Basiliuui
783 2440 860 2474 putor
883 2437 926 2474 ita
940 2438 1022 2466 enim
1047 2445 1105 2466 vox

275 2483 348 2511 γεννη
354 2478 410 2511 τῶς
419 2473 484 2511 voci
496 2477 613 2511 pag-ixi);
628 2473 718 2508 plane
730 2473 926 2511 re_spondebit
933 2495 939 2502 .

313 2511 371 2542 (22)
393 2508 503 2536 Basilio
514 2508 607 2536 libroa
624 2511 730 2537 contra
746 2508 928 2538 Eunomium
952 2509 1104 2543 scribenti,

275 2545 318 2573 ita
329 2544 509 2579 displicebat
523 2552 581 2581 V03
595 2546 718 2581 γέννημα¹
729 2548 760 2572 ut
772 2545 949 2573 Eunomium
966 2553 1002 2573 ea
1013 2551 1105 2573 usum

274 2580 459 2617 pergraviter
480 2579 724 2617 reprehenderit;
742 2587 798 2608 nec
813 2582 885 2609 satis
898 2581 999 2609 mirari
1014 2588 1103 2617 queo,

275 2615 360 2652 quod
377 2615 486 2652 eadem
506 2615 571 2651 ipse
582 2616 624 2643 uti
639 2616 776 2644 voluerit.
792 2618 968 2645 Putoautem
981 2615 1105 2644 ita'scri-

275 2651 378 2715 Esisse
391 2651 544 2682 Basilium.
557 2654 608 2679 aut
618 2652 834 2689 imprudentia,
845 2655 898 2680 aut
907 2652 989 2688 quod
1001 2652 1030 2679 id
1043 2660 1103 2680 ver-

300 2695 350 2714 um
376 2686 439 2715 iam
454 2695 471 2715 a
497 2686 598 2715 multis
625 2688 765 2715 usurpari
781 2688 904 2715 videret.
928 2696 1058 2715 quorum
1073 2696 1103 2715 se

300 2695 350 2714 um
373 2686 439 2724 jam
454 2695 471 2715 a
497 2686 598 2724 multis
625 2686 765 2724 usurpari
781 2688 904 2724 videret.
917 2686 1058 2724 quorum
1073 2696 1104 2715 se

273 2722 448 2759 exemplum
463 2722 556 2751 semel
570 2723 656 2759 sequi
672 2722 762 2759 posse
772 2722 961 2751 existimavit.

311 2757 371 2794 (23}
391 2757 484 2786 Editio
504 2759 595 2786 Paris.
614 2757 660 2785 'm
673 2757 779 2794 Ϊτέχνην
798 2761 845 2788 τὴν
862 2763 918 2787 τοῦ.
935 2759 1028 2787 Editio
1051 2760 1104 2787 Ba-

278 2794 325 2823 sil.
352 2797 397 2821 καὶ
412 2797 503 2832 τέχνη,
520 2798 551 2831 τῇ
568 2798 623 2822 τοῦ.
641 2795 724 2830 Regii
747 2795 809 2823 duo
830 2795 952 2823 codices
972 2797 1000 2824 et
1011 2795 1103 2824 Coisl.

1159 2294 1282 2323 duabus
1291 2293 1418 2322 vocibus
1431 2296 1510 2329 τέχνη
1527 2291 1792 2329 rﬁv.Colb.primus
1800 2294 1829 2320 et
1841 2291 1962 2328 Reg.se~

1160 2329 1279 2358 cundus
1286 2329 1382 2366 prima
1389 2327 1513 2366 quidem
1521 2330 1648 2366 mannet
1655 2327 1716 2366 uno
1722 2327 1814 2366 verbo
1822 2327 1904 2363 τεχνὴ
1913 2329 1959 2356 τὴν

1160 2366 1213 2394 sed
1225 2363 1306 2393 nunc
1317 2363 1453 2393 secunda
1465 2371 1558 2392 manu
1570 2365 1598 2392 in
1613 2364 1660 2400 his
1674 2363 1817 2400 librispro
1827 2366 1960 2400 τεχνῃτήν

1159 2402 1406 2437 legitur-rtzvlrnv.
1419 2400 1476 2429 Sed
1490 2400 1602 2428 librarii
1615 2399 1665 2437 illi.
1677 2399 1728 2435 qui
1742 2399 1782 2427 ita
1796 2399 1960 2437 emendare

1159 2434 1330 2476 voluerunt,
1343 2437 1444 2476 potius
1457 2444 1567 2476 Averam
1586 2434 1767 2476 scripturam
1786 2434 1960 2476 corrupisse

1160 2473 1232 2501 mihi
1245 2471 1394 2500 videntur.
1412 2473 1483 2499 Puto
1503 2471 1584 2499 enim
1598 2471 1655 2506 legi
1665 2473 1803 2506 oportere
1816 2472 1961 2506 τιχνητήν-

1159 2509 1201 2536 sic
1217 2511 1330 2542 tamen,
1345 2510 1377 2535 ut
1390 2507 1567 2543 suppleatur
1582 2507 1754 2543 νοῐγεὶχόνα,
1774 2506 1872 2543 efﬁcit
1887 2506 1961 2534 arti-

1158 2545 1293 2580 ﬁciosum
1303 2542 1512 2575 simulacrum,
1523 2543 1589 2578 ejus
1603 2542 1715 2580 scilicet
1728 2542 1782 2578 qui
1796 2549 1830 2569 ex
1836 2548 1960 2580 pressus

1158 2577 1221 2608 est.
1233 2581 1264 2608 Et
1274 2588 1311 2608 ne
1327 2579 1409 2607 vocis
1423 2581 1550 2615 τιχνητός
1564 2577 1748 2606 architectus
1763 2585 1834 2615 esse”
1843 2577 1958 2615 videar.

1159 2617 1225 2679 equ
1247 2616 1276 2643 in
1295 2615 1437 2651 Stephani
1451 2613 1609 2643 "Thesauro
1620 2615 1804 2642 mentionem
1818 2613 1883 2641 ﬁeri
1897 2620 1960 2640 mo-

1159 2659 1196 2679 ne
1221 2660 1249 2679 ο.

1159 2659 1249 2680 neno.

1195 2688 1249 2723 (24)
1270 2687 1317 2723 Sic
1332 2688 1447 2714 veteres
1462 2688 1593 2722 quatuor
1606 2684 1684 2713 libri.
1697 2685 1771 2713 Editi
1784 2692 1840 2721 pro
1854 2684 1957 2720 ἐπάγων

1158 2723 1272 2752 habent
1284 2722 1374 2758 λέγων.

1194 2759 1250 2794 (25)
1271 2757 1352 2787 Unus
1365 2757 1461 2786 codex
1474 2758 1545 2793 Reg.
1560 2759 1636 2794 μόνον
1651 2757 1698 2783 οὐκ
1713 2757 1837 2784 ἀκούειν..
