2049 3131
287 138 337 165 6H

970 132 998 159 S.
1020 131 1143 160 BASILH
1162 132 1282 162 MAGNI.

1909 137 1964 164 612

286 200 357 228 ﬁdei
372 197 586 234 imperfectam.
611 197 711 231 Neque
734 195 814 223 enim
839 195 978 228 Trinitas,
1002 193 1104 230 Spiritt

1164 195 1244 232 Τριὰς
1276 198 1344 232 μένει
1376 197 1464 234 Τριὰς,
1498 197 1687 233 ὑφαιρουμένου
1723 200 1768 224 τοῦ
1806 198 1965 234 Πνιύματος.

287 244 451 276 subtracto,
473 241 598 269 Trinitas
621 243 733 269 manet.
750 241 782 268 Et
803 247 916 272 rursus,
937 239 961 266 si
977 247 1038 266 una
1057 238 1113 266 ali-

286 297 347 326 qua
362 290 497 315 creatura
520 285 664 321 adjuncta
688 284 785 319 fuerit,
802 284 884 312 nulla
900 291 960 311 non
975 285 1113 311 creatura

286 342 354 362 cum
373 334 455 360 Patre
470 334 498 358 et
520 330 590 358 Filio
604 329 866 358 annumerabitur.
896 328 1008 364 Ecquid
1031 327 1112 354 enim

286 377 426 413 prohibet
440 376 549 406 dicere,
566 374 722 401 Credimus
738 373 767 400 in
792 375 906 401 Patrem
920 375 948 400 et
963 372 1068 399 Filium
1084 373 1113 399 et

285 423 314 450 in
331 424 499 449 creaturam
516 427 636 447 omnem
648 418 661 445 7
685 418 711 446 Si
728 418 808 446 enim
824 418 907 454 pium
924 420 968 445 est
992 417 1113 444 credere

284 467 314 495 in
329 470 444 502 partem
460 468 614 496 creaturee,
628 463 761 499 profecto
770 463 859 497 longe
871 462 1041 496 religiosius
1053 461 1114 488 fue-

260 526 267 530 λ
283 512 320 539 rit
331 514 501 539 creaturam
513 517 634 536 omnem
652 508 689 536 ad
702 508 781 535 hanc
796 507 1018 535 confessionem
1030 506 1113 534 adhi-

283 557 365 585 bere.
379 555 463 588 Quod
477 554 501 581 si
517 553 623 581 credas
635 553 664 580 in
676 560 799 580 omnem
813 555 994 585 creaturam,
1006 559 1067 579 non
1083 551 1113 579 in

285 600 408 636 angelos
423 602 452 627 et
466 598 661 626 administros
681 597 804 633 spiritus
817 597 921 625 credes
934 596 1042 629 solum,
1059 595 1112 623 sed

283 646 374 674 etiam
392 645 416 673 si
432 652 500 680 quae
516 645 587 670 sunt
602 642 783 670 adversarius
801 645 973 677 potestates,
999 649 1067 668 cum
1084 643 1113 668 et

282 692 356 727 ipsa:
373 698 441 726 pars
462 689 520 716 sint
539 690 692 719 creaturae,
716 691 805 723 atque
829 687 859 714 in
875 686 1060 722 professione
1074 685 1110 713 ﬁ-

284 736 331 763 dei
345 743 414 763 cum
430 734 472 761 eis
489 734 650 769 paciscere.
666 732 712 759 Sic
728 740 764 758 ea
779 740 846 767 quae
862 731 891 759 in
909 731 1050 767 Spiritum
1066 733 1111 759 est

282 778 482 816 blasphemia,
502 778 532 805 in
552 777 662 812 impios
684 784 719 804 ac
744 776 893 804 nefandos
911 783 1066 803 sermones
1083 778 1110 804 te

282 825 434 854 conducit.
459 825 532 852 Nam
555 822 606 850 ubi
629 821 761 858 primum
784 821 822 849 de
839 821 946 857 Spiritu
962 829 1030 857 quae
1046 828 1108 848 non

1167 242 1216 265 Καὶ
1243 240 1264 266 εἰ
1292 241 1316 266 ἓν
1346 251 1371 267 τι
1398 241 1474 267 πάλιν
1505 240 1554 267 ἀπὸ
1583 245 1630 272 τῆς
1651 243 1758 272 κτίσεως
1787 243 1963 278 προσαφθείη,

1165 287 1239 310 πᾶσα
1261 286 1277 313 ὴ
1301 288 1389 316 κτίσις
1411 285 1632 312 συνεισελεύσιται
1657 287 1692 316 εἰς
1714 288 1761 315 τὴν
1785 290 1831 312 τοῦ
1861 289 1965 324 Πατρός

1165 331 1210 354 καὶ
1249 330 1310 356 Υὶοῡ
1344 331 1555 368 συναρίθμησιν.
1589 330 1620 356 Τί
1659 332 1708 366 γὰρ
1742 330 1834 357 κωλύει
1861 331 1964 367 λέγιινο

1167 374 1324 410 Πιστεύομιν
1349 375 1383 405 εἰς
1411 377 1513 411 Πατέρα
1536 377 1580 400 καὶ
1609 376 1668 401 Υίόν
1693 377 1738 401 καὶ
1764 375 1798 406 εἰς
1812 379 1900 402 πᾶσαν
1919 378 1964 405 τὴν

1166 419 1273 452 κτίσινς
1301 419 1331 445 Εἰ
1351 420 1401 456 γὰρ
1424 419 1526 450 εὐσεϐὲς
1546 421 1574 445 τὸ
1599 421 1730 446 πιστεύειν
1757 420 1790 450 εἰς
1815 422 1893 457 μέρος
1917 425 1965 452 τῆς

1166 465 1284 496 κτίσεως,
1308 463 1391 499 tralia”;
1411 462 1498 492 δήπου
1524 474 1671 501 σεμνοτεριν
1686 466 1716 490 τὸ
1730 468 1816 490 πᾶσαν
1831 467 1878 494 τὴν
1904 467 1964 491 κτί-

1167 515 1209 532 σιν
1233 507 1266 537 εὶς
1294 510 1341 537 τὴν
1365 508 1504 544 ὁμολογίαν
1527 508 1747 545 παραλαμϐάνειν.
1772 511 1905 536 Πιστεύων
1935 507 1964 536 δί

1166 551 1199 581 εἰς
1212 555 1298 578 πᾶσαν
1313 554 1357 582 τὴν
1373 555 1469 586 κτίσιν,
1493 553 1539 579 οὐκ
1562 554 1594 584 εἰς
1623 553 1745 589 ἀγγέλους
1760 555 1891 584 πιστεύεις
1918 556 1965 590 μὰς

1165 605 1205 622 νον
1220 598 1311 623 καὶτὰ
1339 597 1502 634 λειτουργικὰ
1526 600 1670 634 πνεύματα,
1697 597 1760 624 ἀλλά
1783 600 1828 624 καὶ
1855 600 1878 625 εἴ
1898 608 1965 630 τινες

1166 639 1338 678 ἀντικείμεναι
1371 640 1493 679 δυνάμεις
1527 643 1602 670 εἰσιν.
1636 641 1726 672 ἐπειδὴ
1750 646 1795 669 καὶ
1819 643 1898 669 αὖταὶ
1922 645 1966 679 μὲ·

1164 695 1208 722 ρος
1237 686 1288 712 εὶσί
1318 691 1366 717 τῆς
1394 690 1513 720 κτίσεως,
1541 690 1586 713 καὶ
1613 689 1720 718 ταύταις
1751 689 1870 724 σωθήσῃ
1897 689 1965 714 κατὰ

1163 732 1210 758 τὴν
1232 733 1332 759 πίστιν,
1358 731 1448 762 Οὗτως
1472 733 1486 760 ἡ
1512 731 1578 758 κατα
1599 736 1644 758 τοῦ
1673 732 1820 768 Πνεῦματος
1845 731 1967 768 βλασφη-

1161 776 1211 815 μία
1224 774 1257 805 εἰς
1272 773 1410 806 δυσσεϐεῖς
1434 779 1480 802 καὶ
1504 775 1644 812 ἀθεμίτους
1665 778 1782 814 πιριοίγει
1807 786 1836 803 σε
1861 777 1964 812 λόγους.

1170 823 1243 855 Ομοῠ
1259 829 1285 846 τε
1304 821 1354 857 γὰρ
1371 819 1444 851 εἶπας
1464 820 1480 846 ἆ
1494 822 1530 857 μὴ
1547 819 1589 847 δεῖ
1603 821 1660 855 (‘29)
1687 824 1746 857 περὶ
1771 825 1817 848 τοῦ
1841 823 1965 858 Πνιύμα-

281 872 398 906 oportet
416 868 537 901 dixeris,
570 867 627 894 hoc
644 867 694 894 tibi
709 866 899 902 exploratum
914 865 947 894 ﬁt
961 869 990 894 et
1004 866 1104 900 cogni-

1163 873 1216 895 τος,
1243 866 1288 890 καὶ
1309 864 1455 901 ἐπεσήμηνέ
1486 875 1529 891 σοι
1556 866 1571 894 ἡ
1599 869 1644 892 τοῦ
1675 867 1820 902 Πνιύματος
1848 865 1965 902 ἐγκατά-

280 917 345 943 tum
355 922 392 942 ex
404 913 529 949 Spiritus
540 911 742 939 derelictione.
755 911 834 938 Sicut
845 911 925 938 enim
936 910 987 947 qui
1003 910 1110 938 clausit

281 959 398 993 oculos,
412 957 595 985 domesticas
608 956 638 983 in
661 963 692 983 se
712 955 803 983 habet
817 955 976 983 tenebras:
993 955 1034 983 ita
1057 954 1110 991 qui

282 1004 405 1031 secessit
418 1011 436 1030 a
449 1001 571 1038 Spiritu,
585 1001 609 1028 is
625 1000 664 1028 ab
681 1000 870 1028 illuieinante
884 1002 1030 1034 semotus,
1047 1000 1110 1028 ani-

281 1049 324 1076 mi
337 1047 468 1075 cmcitate
483 1045 690 1074 confunditur.

317 1095 343 1120 6.
359 1095 394 1120 At
406 1099 444 1120 ne
466 1098 588 1126 separes
608 1098 626 1118 a
646 1091 730 1118 Patre
745 1091 774 1118 et
798 1089 868 1117 Filio
884 1089 1026 1126 Spiritum
1041 1097 1109 1118 san-

280 1139 372 1171 ctum,
388 1136 555 1164 absterreat
571 1137 598 1162 te
614 1134 746 1162 traditio.
771 1133 818 1161 Sic
833 1135 979 1162 Dominus
994 1134 1106 1167 docuit,

279 1182 482 1218 praedmavere
493 1179 631 1216 apostoli,
644 1180 742 1206 Patres
754 1187 983 1212 conservavere,
997 1178 1107 1207 confir-

279 1234 400 1255 mavere
417 1228 575 1260 martyres.
593 1223 670 1252 Satis
690 1223 807 1251 habeas
822 1223 902 1260 loqui
917 1223 969 1257 ita,
987 1226 1018 1252 ut
1032 1224 1107 1252 edo-

279 1275 344 1299 ctus
358 1279 400 1298 es.
423 1271 455 1298 Et
477 1277 550 1297 cave
574 1271 681 1304 arguta
706 1268 757 1296 illa
776 1271 803 1296 et
818 1269 956 1304 captiosa
982 1269 1106 1304 objicias

279 1316 371 1345 mihi:
389 1315 542 1350 lngenitus
559 1316 612 1348 est,
633 1317 686 1341 aut
701 1314 832 1348 genitus.
849 1314 933 1347 Quod
949 1313 974 1341 si
987 1314 1106 1349 ingeni-

279 1364 326 1390 tus
341 1363 396 1394 est,
417 1361 502 1387 Pater
521 1361 582 1392 est;
600 1359 647 1386 sin
668 1361 769 1386 autem
789 1358 916 1393 genitus,
938 1358 1027 1386 Filius
1042 1361 1103 1387 est:

278 1405 302 1434 si
315 1405 447 1441 denique
462 1406 602 1432 neutrum
619 1403 739 1437 borum,
755 1405 892 1430 creatura
907 1405 960 1431 est.
978 1405 1038 1438 Ego
1054 1411 1106 1431 au-

278 1453 338 1478 tem
351 1457 420 1477 cum
437 1450 520 1477 Patre
535 1447 658 1484 quidem
672 1447 811 1483 Spiritum
825 1449 906 1481 novi,
917 1451 947 1475 at
957 1447 1027 1475 novi
1043 1455 1104 1477 non

278 1503 344 1524 esse
359 1495 492 1522 Patrem:
519 1493 601 1526 item,
627 1492 709 1520 illum
735 1500 805 1520 cum
828 1493 900 1520 Filio
915 1493 1027 1529 accepi,
1051 1494 1104 1522 sed

1163 908 1255 944 λιιψις.
1279 909 1320 940 Ὠς
1348 911 1398 946 γὰρ
1425 911 1438 936 ὁ
1464 910 1591 946 ἐπιμύσας
1617 911 1675 940 τοὺς
1698 910 1844 946 ὀφθαλμοὺς
1869 911 1964 938 οἰκεῖον

1163 954 1219 989 ἔχει
1231 955 1261 980 τὸ
1277 956 1379 989 σκότος⁵
1395 955 1474 985 οὕτως
1498 956 1511 980 ὀ
1533 954 1711 992 ἀναχωρήσας
1735 959 1781 981 τοῦ
1801 957 1961 992 Πνεύματος,

1163 999 1210 1030 ἔξω
1224 1002 1356 1036 γενόμενος
1379 1003 1426 1026 τοῦ
1449 1000 1613 1035 φωτίζοντος,
1638 1000 1688 1026 ὑπὸ
1712 1004 1758 1030 τῆς
1779 1001 1848 1026 κατὰ
1870 1001 1962 1037 ψυχὴν

1163 1042 1288 1079 ἀορασίας
1304 1046 1479 1080 συγκέχυται.

1199 1088 1276 1115 Ἀλλὰ
1293 1091 1329 1125 μὴ
1358 1091 1479 1126 χωρίσῇς
1509 1090 1611 1127 Πατρὸς
1636 1090 1682 1115 καὶ
1707 1090 1769 1116 rica
1796 1091 1826 1116 τὸ
1856 1093 1962 1127 Πνεῦμα

1161 1134 1190 1159 τὸ
1219 1133 1303 1169 ἅγιον,
1329 1132 1483 1160 δυσωπείτω
1510 1143 1539 1160 σε
1563 1135 1576 1163 ἡ
1613 1132 1775 1170 παράδοσις.
1806 1134 1835 1160 ’0
1866 1137 1960 1172 Κύριος

1161 1178 1241 1208 οὕτως
1269 1176 1398 1211 ἐδίδαξεν,
1434 1178 1575 1205 ἀπόστολοι
1604 1177 1742 1216 ὶκήρυξαν,
1774 1181 1885 1216 Πατίρες
1918 1178 1960 1206 δι-

1161 1225 1302 1260 ετήρησαν,
1328 1224 1458 1261 μάρτυρες
1487 1223 1665 1250 ἐϐεϐαίωσαν.
1696 1223 1853 1260 Ἀρκὲσθητι
1875 1223 1958 1259 λέγειν

1160 1268 1194 1298 ὡς
1207 1266 1365 1303 ἐδιδάχθης,
1382 1270 1426 1294 καὶ
1446 1270 1480 1304 μὴ
1497 1278 1542 1304 μοι
1563 1269 1596 1294 τὰ
1625 1269 1693 1304 σοφὰ
1714 1272 1806 1295 ταῦτα·
1835 1268 1959 1304 Ἀγίννη-

1159 1315 1202 1339 τόν
1226 1312 1305 1346 ἐστιν,
1335 1313 1350 1342 ἡ
1380 1315 1510 1348 γῖιινητόν.
1537 1313 1567 1339 Ei
1591 1314 1635 1349 μὲν
1658 1314 1709 1351 γὰρ
1735 1313 1880 1349 ἀγέννητον,
1906 1317 1958 1340 Πα-

1159 1359 1218 1395 τήρ·
1240 1357 1261 1384 εἰ
1281 1355 1310 1383 δὴ
1324 1359 1455 1393 γεννητὸν,
1473 1359 1541 1389 Υἱός·
1563 1357 1584 1384 εἰ
1603 1356 1632 1384 δὲ
1655 1356 1721 1394 μηδ’
1745 1359 1829 1395 ἕτερον
1849 1360 1955 1392 τούτων,

1158 1404 1267 1438 κτίσμα.
1298 1401 1363 1438 Ἐγὼ
1389 1400 1418 1429 δὴ
1441 1403 1507 1438 μετὰ
1536 1404 1637 1440 Πατρός
1664 1403 1709 1438 μὶν
1738 1401 1810 1436 οἶδα,
1833 1403 1899 1438 οὐχὶ
1928 1401 1957 1430 0":

1159 1448 1263 1484 Πατέρα
1294 1448 1323 1472 τὸ
1356 1449 1469 1483 Πνεῦμα·
1506 1449 1551 1473 καὶ
1593 1447 1659 1483 μετά
1697 1449 1759 1474 Tim}
1801 1447 1954 1484 παρέλαϐον,

1158 1491 1223 1527 οὐχί
1255 1489 1285 1517 δὲ
1319 1493 1378 1518 Υἰὸν
1420 1492 1610 1528 ὠνομασμένον.
1645 1491 1723 1518 Ἀλλὰ
1747 1494 1795 1521 τὴν
1822 1494 1868 1529 μὲν
1892 1495 1958 1529 πρὸς

277 1547 339 1568 non
363 1538 463 1575 accepi
489 1537 592 1565 Filium
609 1536 702 1564 fuisse
718 1537 913 1573 appellatum.
932 1537 1020 1573 Atqui
1033 1546 1104 1566 con-

1159 1538 1263 1572 Πατὲρα
1293 1536 1442 1565 οἰκειότητα
1467 1541 1525 1567 νοῶ,
1554 1534 1643 1566 ὲπιιδὴ
1678 1536 1707 1562 ἐκ
1740 1538 1842 1573 Πατρός
1878 1536 1957 1563 ἐκπο-

274 1583 462 1620 junctionem
470 1582 593 1619 quidem
600 1589 693 1617 quam
701 1589 770 1608 cum
781 1582 866 1609 Patre
874 1582 964 1610 habet
972 1582 1104 1617 intelligo

276 1636 313 1656 ex
325 1627 460 1663 eo,quod
472 1635 509 1654 ex
525 1627 608 1654 Patre
620 1626 774 1662 procedit:
789 1633 857 1654 eam
868 1634 940 1654 vero
950 1635 1043 1662 quam
1054 1627 1104 1655 ha-

275 1673 326 1700 bet
350 1680 419 1699 cum
436 1670 519 1704 Filio,
534 1670 680 1706 quoniam
696 1670 806 1698 audio:
829 1671 941 1706 Siquis
956 1672 1103 1705 Spiritum

277 1717 394 1745 Christi
404 1724 465 1744 non
485 1715 585 1750 habet,
608 1715 657 1743 hic
672 1723 732 1743 non
755 1718 797 1743 est
818 1716 884 1750 eius
898 1716 930 1743 ιδ.
949 1716 1064 1744 Etenim
1079 1717 1104 1745 si

275 1761 390 1789 Christo
405 1761 584 1796 conjunctus
597 1767 658 1788 non
670 1762 725 1793 est,
736 1760 892 1796 quomodo
906 1769 974 1788 cum
987 1761 1103 1789 Christo

274 1805 449 1842 conjungit?
463 1805 520 1834 Sed
535 1808 563 1833 et
580 1805 723 1841 Spiritum
736 1805 868 1833 veritatis
890 1806 948 1839 dici
964 1806 1055 1835 audio
1065 1806 1101 1834 “.

276 1851 386 1879 Veritas
405 1853 507 1879 autem
521 1851 667 1878 Dominus
686 1854 730 1878 est
742 1851 776 1878 ⁸⁵.
803 1851 877 1878 Cum
892 1854 994 1879 autem
1010 1851 1102 1880 audio

275 1895 414 1932 Spiritum
426 1894 598 1930 adoptionis
610 1895 643 1925 ⁵⁸,
657 1890 800 1922 recordor
812 1896 878 1930 ejus
889 1903 980 1931 quam
996 1899 1102 1924 natura.

272 1941 365 1968 habet
377 1948 448 1968 cum
465 1939 534 1967 Filio
550 1941 578 1966 et
591 1940 674 1966 Patre
690 1939 826 1967 unitatis.
847 1940 1005 1972 Quomodo
1020 1941 1101 1969 enim

272 1985 432 2019 adoptaret
445 1984 529 2020 quod
544 1985 721 2011 extraneum
738 1984 806 2011 est?
827 1985 983 2020 quomodo
998 1994 1101 2015 rursus

273 2027 706 2063 conciliaretconjungeretque
714 2028 797 2064 quod
804 2028 936 2056 alienum
945 2030 1004 2058 est?
1013 2031 1098 2068 195

273 2073 319 2101 Sic
333 2073 435 2108 itaque
458 2079 557 2108 neque
579 2079 645 2099 sum
663 2072 826 2100 verborum
842 2073 1035 2110 architectus,
1051 2084 1101 2104 ue-

271 2124 331 2154 que
351 2117 542 2152 majestatem
569 2116 702 2151 Spiritus
725 2117 879 2153 reprobo:
904 2119 957 2147 sed
982 2128 1034 2148 eos
1048 2121 1100 2157 qui

271 2165 440 2190 creaturam
476 2161 629 2198 appellare
658 2161 793 2195 audent,
830 2162 955 2199 deploro
987 2165 1098 2194 deﬂeo-

1157 1582 1268 1618 ρεύεται·
1294 1582 1340 1610 τὴν
1370 1583 1432 1617 πρὸς
1457 1582 1516 1607 Υἰὸν
1543 1579 1581 1614 δὲ,
1612 1579 1702 1610 ἐπειδή
1729 1580 1824 1607 ἁκούω-
1854 1584 1885 1608 Ei
1917 1591 1957 1613 τις

1159 1629 1263 1662 Πνεῦμα
1290 1630 1408 1662 Χριστοῦ
1437 1626 1485 1652 οὐχ
1525 1627 1592 1662 ἔχει,
1629 1625 1704 1657 οὗτος
1730 1625 1777 1652 οὐκ
1804 1627 1876 1653 ἔστιν
1906 1626 1957 1652 αὐ-

1157 1674 1213 1698 τοῦ.
1230 1670 1260 1696 Εἰ
1274 1672 1325 1707 γὰρ
1349 1674 1384 1707 μὴ
1401 1671 1494 1697 οἰκεῖον
1510 1674 1636 1708 Χριστοῦ,
1658 1675 1713 1701 πῶς
1727 1670 1816 1697 οἰκειοῖ
1829 1674 1865 1705 τῷ
1887 1675 1958 1708 Χρι-

1158 1719 1211 1749 στῷ
1226 1717 1307 1750 (30);
1336 1715 1412 1742 Ἀλλὰ
1432 1717 1478 1742 καὶ
1503 1719 1608 1752 Πνεῦμα
1633 1715 1720 1742 ἀκούω
1746 1719 1793 1746 τῆς
1820 1714 1958 1746 ἀληθείας,

1157 1759 1278 1789 Ἀλήθεια
1291 1758 1321 1786 δὲ
1343 1761 1356 1785 ὁ
1376 1761 1479 1797 Κύριος.
1493 1759 1575 1786 Ὀταν
1590 1758 1620 1787 6“:
1635 1759 1720 1786 ἀκούω
1746 1763 1848 1796 Πνεῦμα
1866 1761 1958 1787 uices-

1157 1807 1226 1838 σίας,
1241 1805 1276 1836 εἰς
1292 1806 1387 1832 ἔννοιαν
1408 1806 1522 1842 ἔρχομαι
1537 1809 1582 1835 τῆς
1606 1807 1669 1842 πρὸς
1694 1806 1753 1832 Υὶὸν
1782 1807 1827 1831 καὶ
1853 1807 1958 1842 Πατέρα

1156 1851 1224 1876 κατὰ
1246 1851 1293 1879 τὴν
1328 1851 1404 1886 φύσιν
1436 1850 1562 1880 ἐνότητος.
1602 1853 1658 1880 Πῶς
1692 1850 1742 1886 γὰρ
1778 1850 1888 1876 υἱοθετεί
1925 1852 1956 1876 τὸ

1156 1894 1241 1928 ξένον;
1269 1898 1322 1925 πῶς
1347 1893 1376 1921 6":
1401 1894 1493 1921 οἰκειοί
1516 1895 1546 1921 τὸ
1571 1893 1722 1932 ἀλλοτριον;
1754 1894 1829 1920 Οὕτω
1853 1895 1898 1931 μὲν
1911 1892 1955 1920 οὖν

1155 1940 1214 1965 οὔτε
1248 1943 1392 1976 καινοτομῶ
1426 1939 1543 1976 ῥήματα,
1577 1941 1636 1965 οὔτε
1672 1938 1755 1965 ἀθετῶ
1791 1940 1838 1968 τὴν
1869 1937 1954 1970 ἀξίαν·

1154 1985 1218 2015 τοὺς
1242 1982 1271 2010 δὲ
1295 1984 1443 2019 τολμῶντας
1476 1986 1574 2020 κτίσμα
1605 1984 1809 2021 προσαγορεπιν
1839 1984 1955 2014 στι-δείξω

1155 2031 1200 2055 καὶ
1222 2027 1361 2067 ὀδύρομαι,
1387 2030 1428 2055 ὃτι
1455 2026 1503 2055 διὰ
1535 2032 1630 2066 μιν.ρού
1660 2031 1822 2065 σοφίσματος
1843 2030 1888 2054 καὶ
1916 2038 1958 2055 κι-

1155 2072 1253 2104 ϐδήλου
1278 2073 1476 2111 παραλογισμοῦ
1506 2073 1614 2105 ἑαυτοὺς
1635 2073 1747 2100 ὠθοῦσιν
1774 2072 1817 2099 επὶ
1840 2075 1869 2099 τό
1901 2072 1957 2109 βοὶ-

1153 2121 1259 2157 ραθρον.
1287 2117 1391 2148 Ἐπειδὴ
1429 2120 1492 2155 γὰρ,
1532 2121 1605 2155 φησὶ,
1639 2121 1700 2154 τρία
1729 2122 1813 2145 ταῦτα
1849 2119 1863 2144 ὀ
1896 2123 1957 2149 νοῦς

1153 2165 1227 2201 ἡμῶν
1250 2164 1396 2200 κατείληφε,
1413 2166 1458 2190 καὶ
1473 2162 1548 2190 οὐδέν
1568 2163 1637 2190 ἐστιν
1653 2165 1710 2199 (31)
1735 2163 1759 2189 ἐν
1782 2167 1838 2194 τοῖς
1852 2161 1928 2189 οὖσιν
1943 2164 1956 2189 ὀ

271 2214 341 2244 que,
365 2206 447 2243 quod
471 2206 658 2242 sophismate
679 2206 747 2234 exili
772 2208 800 2234 et
827 2208 1031 2244 paralogismo
1048 2211 1096 2238 {u-

1159 2213 1188 2239 ιιὴ
1211 2211 1262 2236 ὑπό
1289 2212 1337 2238 τὴν
1360 2208 1491 2247 διαίρεσιν
1519 2210 1616 2238 ταύτην
1645 2209 1751 2246 ἔρχεται
1786 2213 1836 2234 τῶν
1865 2210 1956 2238 ὄντων,

271 2255 338 2279 cato
348 2251 378 2279 in
389 2250 568 2278 barathrum
579 2250 741 2278 detrudunt
752 2252 942 2288 semetipsos.
953 2255 1038 2288 Nam,
1051 2256 1096 2283 in-

270 2296 388 2331 quiunt,
405 2295 463 2323 tria
475 2295 539 2323 haec
555 2303 640 2322 mens
660 2298 764 2324 nostra
779 2291 923 2332 percipit;
945 2306 1001 2326 nec
1011 2300 1097 2336 quid-

270 2348 363 2376 quam
379 2342 422 2368 est
435 2339 466 2367 in
480 2347 581 2368 rerum
597 2342 715 2373 natura,
730 2340 813 2376 quod
828 2350 891 2370 non
906 2342 937 2370 in
951 2343 1031 2372 hanc
1048 2353 1096 2373 re-

306 2425 330 2443 ⁴³
345 2425 431 2453 Rom.
445 2433 505 2461 vm,
523 2427 550 2454 9.
590 2425 614 2443 ιι
628 2426 714 2454 Joan.
730 2434 792 2462 xw,
808 2429 850 2455 t7.
888 2427 912 2446 ⁴⁵
926 2427 1000 2457 ibid.
1017 2431 1045 2458 6.

304 2502 362 2537 (29)
377 2501 422 2529 Sic
439 2501 557 2541 codices
571 2501 643 2530 duo.
661 2502 736 2541 Editi
752 2500 816 2530 δεῖν.
832 2503 931 2541 Verba
943 2513 1011 2541 quae
1027 2514 1099 2535 mox

269 2540 504 2577 sequuntur,_xai
519 2537 731 2577 Enseﬁpms’eot,
746 2541 813 2573 et-:.,
830 2539 871 2567 ita
884 2537 1098 2577 interpretatus

269 2565 535 2611 estombeiisius,
549 2565 955 2611 iudicationemragcessibiiis

269 2609 324 2646 tibi
332 2609 485 2646 derelictio
492 2609 584 2644 feeit:
594 2617 663 2646 quia
671 2609 923 2646 interpretatio,ut
931 2609 1003 2646 dixi,
1011 2613 1098 2641 Com-

267 2645 367 2673 betisii
377 2648 432 2676 est,
447 2644 506 2672 hoc
518 2647 572 2679 est,
590 2644 778 2672 subobscura
806 2648 847 2674 Ita
857 2649 958 2675 autem
972 2644 1099 2677 verterat

267 2681 513 2716 interpresrvetus
531 2688 542 2716 :7
564 2680 636 2716 Μοςι·
650 2687 726 2707 enim
742 2681 795 2708 ubi
809 2682 845 2709 de
859 2683 977 2716 Spiritu
992 2689 1098 2712 sancto

269 2724 334 2752 qua:
342 2715 401 2754 non
408 2715 512 2754 tierent
523 2715 752 2754 dixerismolgm
760 2724 876 2752 quoque
883 2719 972 2746 habes
980 2723 1005 2748 el
1013 2728 1098 2754 aper-

268 2751 328 2780 tam
340 2751 683 2786 signiﬁcationemquod
689 2751 807 2786 Spiritu
816 2751 868 2781 Dei
878 2751 1037 2783 destitutus
1046 2757 1095 2783 sis.

268 2789 315 2816 Sic
330 2787 421 2814 velim
442 2786 574 2822 accipias
594 2786 686 2815 verba
704 2787 820 2816 liasilii:
843 2789 896 2817 Ubi
913 2791 1045 2826 primum
1060 2792 1097 2820 de

1153 2255 1188 2282 Ἦ
1215 2256 1265 2292 γὰρ
1300 2254 1455 2290 ἀγέννητον,
1486 2255 1585 2290 φησιν,
1616 2253 1703 2287 ἔστιν,
1731 2253 1745 2282 ἡ
1776 2255 1910 2288 γεννητὸν,
1939 2253 1954 2283 ἦ

1153 2303 1268 2326 κτιστύν·
1295 2299 1360 2325 ἀλλὰ
1383 2301 1434 2336 μὴν
1470 2299 1528 2325 οὔτε
1552 2300 1581 2325 τὸ
1605 2302 1727 2335 πρῶτον,
1755 2299 1814 2324 οὔτε
1841 2300 1871 2324 τὸ
1898 2296 1957 2324 δεύ-

1152 2354 1234 2382 τιρον,
1261 2347 1291 2372 τὸ
1312 2346 1400 2381 τρίτον
1421 2344 1482 2381 ἄρα.
1505 2347 1587 2370 Τοῦτο
1613 2343 1684 2379 ὑμῶν
1713 2344 1742 2368 τὸ
1756 2343 1808 2380 ἄρα
1831 2346 1864 2378 τῇ
1895 2343 1957 2369 αἰω-

1082 2430 1106 2449 “
1122 2431 1207 2459 Rom.
1221 2438 1283 2464 vui,
1300 2432 1344 2458 15.

1153 2506 1264 2543 Spiritu
1280 2508 1393 2543 sanctor
1404 2504 1516 2534 dixeris
1540 2512 1609 2541 quae
1624 2511 1686 2532 non
1702 2505 1839 2543 oportet,_
1854 2503 1955 2543 statim

1152 2539 1261 2570 deserit
1277 2546 1304 2570 te
1319 2542 1445 2578 Spiritus
1461 2539 1600 2578 ,sanct‘us,
1616 2539 1861 2578 qum__derelicii9
1874 2539 1956 2578 facit,

1152 2581 1185 2621 iit
1196 2575 1348 2619 conscius'
1356 2578 1396 2605 sis
1415 2576 1477 2610 tibi,
1501 2579 1529 2604 te
1544 2575 1798 2604 contumeliosum
1817 2575 1913 2603 fuisse
1925 2575 1956 2603 in

1153 2615 1306 2650 Spiritum.

1187 2651 1245 2682 (30)
1262 2651 1343 2677 Unus
1358 2648 1441 2677 Colb.
1450 2652 1505 2680 πῶς
1517 2647 1643 2674 οἶκειοῦτο
1654 2650 1774 2684 Χριστῷ,
1787 2646 1871 2684 Alius
1883 2647 1954 2681 Reg.

1152 2690 1274 2720 ῳκειοὺτο
1289 2689 1407 2722 Χριστῷ.
1424 2684 1483 2714 Alii
1498 2684 1560 2712 duo
1580 2683 1661 2718 Regii
1680 2682 1709 2711 et
1725 2683 1796 2710 editi
1812 2682 1905 2708 οἱκειοῖ
1920 2685 1955 2717 τῷ

1155 2724 1260 2791 λῆῗῖἷ
1263 2741 1309 2784 Sic
1335 2755 1452 2791 antiqui
1467 2754 1528 2783 duo
1557 2754 1638 2783 libri.
1661 2753 1735 2782 nam
1750 2755 1795 2780 καὶ
1810 2754 1857 2779 οὐκ
1873 2755 1954 2782 ἱστιν.
