2049 3131
92 108 146 136 617

544 106 677 134 ιηιτΕνιΑ
701 105 892 133 ΙΝΞΊΊΤΙἾῚΟ
913 105 1092 133 ASCETICA.
1113 120 1148 126 —
1171 106 1339 134 MONlTUM.

1726 110 1778 136 618

95 169 109 196 ὁ
128 171 163 206 μὴ
189 172 270 205 τιμῶν
294 169 323 194 τὸ
345 171 450 204 Πνεῦμα
473 166 501 193 οὗ
523 170 587 203 τιμᾷ
606 169 648 193 τὸν
664 169 722 194 Υὶάν
737 178 743 184 -
762 167 791 193 Ὀ
807 166 837 193 δὲ
856 169 890 204 μὴ
911 170 927 195 Α

948 174 1052 195 verum
1068 167 1127 195 dici
1138 167 1176 195 ab
1187 168 1440 202 adversariis.0ui
1449 176 1500 197 vos
1511 170 1689 204 spernit,me
1697 177 1778 205 sper-

93 217 176 250 τιμῶν
203 215 246 240 τὸν
273 214 332 239 Υὶὸν
359 212 388 238 οὐ
413 215 477 248 τιμᾷ
500 213 542 237 τὸν
569 214 678 249 Πατέρα.
702 206 790 242 όῦτως
811 212 861 249 ἄρα
876 212 890 240 ἡ

92 261 152 296 περὶ
177 259 202 284 ἕν
226 267 252 284 τι
274 261 324 283 τῶν
346 258 537 293 morsuque-mw
562 255 732 292 ἀγνωμητύνη
759 257 818 287 ὅλης
839 256 894 282 ἐστὶ

92 307 139 333 τῆς
162 303 284 332 θεότπτθς
300 302 418 339 ἄρνησις.
433 301 462 327 Εἰ
477 302 582 326 κτιττόν
598 300 654 327 ἐστι
682 303 711 327 τὸ
736 305 848 337 Πνεῦμα,
864 301 893 327 οὗ

93 347 170 374 θεῖον.
192 346 270 374 Ἀλλὰ
297 348 347 382 μὴν
378 348 489 381 Πνεῦμα,
518 348 593 381 φησὶ,
625 347 690 371 θεῖην
718 347 746 372 τὸ
779 347 893 374 «atrio-iv

92 401 132 427 με.
159 393 221 424 Καὶ,
247 390 394 425 Ἐνέπ).ησε,
427 392 515 425 φησὶν,
554 391 566 416 ὁ
604 392 669 420 Θεὸς
701 392 744 416 τὸν
776 389 894 419 “mali-b7.

93 439 198 472 Πνεῦμα
226 435 292 461 θεῖον
327 437 419 470 σοφίας
460 437 504 460 καὶ
544 437 678 465 συνέσεως.
718 439 772 461 Ποῦ
809 437 893 461 τοίνυν

92 481 220 517 εὑρίσκεις
247 479 422 516 προσεγγίζον
444 481 473 504 τὸ
510 480 595 512 οεῖον;
628 483 659 515 τῇ
698 480 817 512 κτίσει,ἣ
861 483 891 515 τῇ

94 526 218 557 Θεότητι;
245 524 276 550 Εἰ
299 525 344 560 μὲν
368 525 418 560 γὰρ
438 528 469 560 τῇ
498 526 594 556 κτίσει,
617 526 662 550 καὶ
677 525 720 550 τὸν
735 525 836 562 Πατέρα
848 527 894 550 τοῦ

94 572 193 607 Κυρίου
214 570 285 605 ἡμῶν
312 568 401 597 Ἰησοῦ
425 572 543 604 Χριστοῦ
568 571 667 604 κτίσμα
693 568 773 605 ἐρεῖς·
801 571 895 605 γέγρα-

948 212 993 239 nit
1004 212 1038 238 ⁵⁵.
1060 213 1157 245 Quare
1169 213 1183 240 ?
1202 214 1323 249 Propter
1345 213 1487 249 Spiritum
1502 213 1640 242 videlicet
1655 214 1685 242 in
1705 215 1778 251 ipsis

947 255 1176 285 iuhabitantem.
1192 259 1295 294 Itaque
1310 258 1362 294 qui
1384 265 1445 286 non
1469 258 1599 286 honorat
1624 258 1775 295 Spiritum,

947 300 1054 329 Filium
1070 309 1130 329 non
1141 302 1289 330 honorat:
1316 303 1432 330 Filium
1444 311 1515 330 vero
1531 303 1583 338 qui
1604 311 1664 332 non
1683 304 1776 332 Ιιοηο-

948 348 1008 378 rat,
1021 346 1143 374 Patrem
1154 354 1214 374 non
1230 347 1358 374 honorat
1367 347 1456 375 5‘.Sie
1469 347 1557 382 igitur
1569 347 1695 383 perﬁdia
1707 356 1776 384 quae

949 389 1114 418 admittitur
1128 390 1159 418 in
1175 399 1270 419 unum
1285 391 1409 428 aliquod
1423 399 1525 419 eorum
1543 393 1625 428 197
1636 401 1703 429 qua:
1717 401 1778 421 cre-

948 433 1048 463 denda
1063 437 1143 470 sunt,
1159 435 1303 464 inﬁciatio
1318 439 1362 464 est
1382 436 1471 464 totius
1495 436 1625 466 deitatis.
1649 437 1777 474 Spiritus

949 478 974 506 si
987 482 1104 507 creatus
1119 482 1172 513 est,
1185 488 1245 508 non
1258 483 1303 508 est
1317 480 1448 508 divinus.
1468 481 1558 516 Atqui
1577 482 1718 516 Spiritus,
1734 482 1778 510 in<

948 524 1024 560 quit,
1045 524 1166 552 divinus
1185 525 1239 561 qui
1254 525 1326 560 fecit
1353 526 1442 553 me“.
1460 526 1493 553 Et
1509 526 1654 560 [teplevit,
1669 526 1777 563 inquit,

949 569 1027 596 Deus
1040 569 1171 597 Beseleel
1186 570 1305 604 Spiritu
1318 570 1420 598 divino
1435 570 1590 606 sapientia
1602 573 1629 598 et
1643 571 1778 605 pruden-

94 622 161 640 πται
192 614 242 650 γὰρ
265 615 324 650 περὶ
349 612 439 638 αὑτοῦ·
463 611 495 638 Ἦ
524 622 550 638 τε
572 611 657 643 ἀίδιος
678 613 758 638 αὗτῡῦ
785 610 895 649 δύναμις

950 614 999 642 tia:
1006 614 1039 640 ⁵⁸.
1056 615 1159 650 Itaque
1175 615 1214 642 ad
1229 617 1330 643 utrum
1346 615 1458 651 reperis
1467 615 1604 643 divinum
1619 616 1777 644 accedere?

96 660 142 684 καὶ
170 658 286 688 θειότης·
322 657 343 683 εἰ
371 655 400 683 δὲ
433 661 464 693 τῇ

950 658 989 686 ad
1003 660 1181 691 creaturam,
1194 667 1232 686 an
1249 659 1288 687 ad
1303 659 1444 687 deitatem
1454 662 1468 687 ?
1483 660 1568 692 Quod
1582 660 1605 687 si
1617 661 1655 688 ad
1667 663 1781 689 creatus

949 711 1028 737 ram,
1054 703 1144 730 etiam
1161 704 1275 731 Patrem
1303 704 1422 731 Domini
1451 704 1546 731 nostri
1574 706 1643 732 Jesu
1673 705 1781 733 Christi

951 750 1120 775 creaturam
1133 747 1225 775 dices.
1242 749 1315 776 Nam
1331 748 1369 776 de
1381 756 1417 776 eo
1431 748 1577 784 scriptum
1592 751 1649 777 est:
1667 750 1780 784 Sempi-

98 795 145 821 τῆς
168 794 253 826 φωνῆς
283 790 319 821 εἰς
363 791 409 821 τὰς
455 790 528 822 ἀξίαις
566 790 663 821 ἐννοίας
699 794 745 816 ’τρῦ
782 792 897 826 Πνεύμα-
919 824 927 827 _

953 795 1039 820 terna
1049 799 1165 827 quoque
1183 793 1247 827 ejus
1258 793 1365 826 virtus,
1381 795 1409 820 et
1424 793 1567 821 divinitas
1575 794 1610 819 ‘9.
1624 794 1651 822 Si
1660 802 1729 822 vero
1741 794 1781 822 ad

97 844 139 866 τος
155 823 224 871 (it).
849 823 853 826 ’
918 823 938 850 Β
953 823 1313 873 deitatem-blasphemiae
1324 823 1467 873 imposito
1475 837 1677 874 ﬁne,Spiritus
1689 847 1781 873 agno-

98 888 147 908 sce
169 880 372 916 majestatem.
390 880 471 908 Adeo
481 880 626 917 insipiens
638 888 680 914 es,
696 883 727 908 ut
739 889 776 909 ne
788 880 827 909 ab
846 881 913 917 ipsa
928 880 1053 917 quidem
1069 888 1142 909 voce
1157 881 1197 909 ad
1207 881 1318 917 dignas
1333 881 1442 917 Spiritu
1462 882 1601 910 notiones
1615 882 1780 912 deducare.

137 943 161 960 ⁵⁵
178 942 248 970 Luc.
264 950 294 977 x,
310 944 352 970 16.
390 943 413 960 ⁵⁸
428 943 516 970 Joan.
531 949 556 976 ι’,
569 942 613 970 23.
652 942 674 960 ⁵⁷
688 942 754 970 .lob.
769 950 870 977 xxxiii,
886 942 911 970 4.

951 942 975 960 ⁵⁸
988 942 1080 971 Exod.
1097 950 1186 978 xxxv,
1211 945 1254 971 3t.
1294 944 1318 962 ‘9
1332 944 1417 972 Rom.
1433 951 1452 978 ι,
1464 943 1510 973 20.

505 657 618 689 θεότητι,
650 658 814 693 tamquam;
847 661 895 688 τῆς

97 702 278 739 βλασφημίας,
313 701 437 737 ἑπίγνωθι
463 705 508 727 τοῦ
538 703 683 737 Haeduum:
716 704 762 730 τὴν
805 701 890 732 ἀξίαν.

99 747 187 777 Οὕτως
215 745 337 776 ἀσύνετος
359 744 391 780 εἶ,
418 747 452 777 ὡς
481 744 545 782 μηδ’
566 746 608 772 ὑπ’
625 746 704 776 αὐτῆς
714 747 896 783 προσάγεσθαι

363 791 409 821 τὰς
455 789 528 822 ἀξίαις
566 790 663 821 ἐννοίας
699 794 745 816 ’τρῦ
782 792 897 826 ﬁve-iuu-

652 942 674 960 ⁵⁷
688 942 754 970 Job.
769 950 870 977 xxxm,
886 942 911 970 4.
951 942 975 960 ⁵⁸
988 942 1080 971 Exod.
1097 950 1186 979 xxxv,
1211 945 1254 971 3t.

134 1004 193 1042 t4!)
209 1005 243 1032 In
257 1003 411 1041 aliquibus
427 1013 502 1032 mss.
521 1004 643 1033 additur
655 1004 826 1040 doxologia.

771 1168 1075 1217 MONITUM
1090 1207 1099 1216 .

141 1303 229 1340 198
240 1303 330 1332 Multa
337 1303 426 1332 hodie
437 1303 560 1332 nomine
570 1304 773 1332 Asceticorum
783 1303 1000 1340 comprehendi
1011 1303 1116 1337 solent,
1130 1303 1332 1338 Prtefationes,
1346 1306 1504 1333 Sermones
1516 1305 1641 1341 quidam
1652 1306 1782 1343 peculia-

98 1356 165 1381 res:
181 1348 300 1376 libellus
309 1349 353 1376 De
362 1348 431 1383 ﬁde,
446 1348 522 1377 alius
537 1348 655 1376 libellus
671 1349 714 1377 De
719 1349 836 1384 judicio
848 1349 910 1382 Dei,
922 1349 1055 1382 lloralia,
1069 1349 1191 1383 Regula;-
1206 1350 1346 1384 mtzjores,
1362 1350 1484 1385 Regulae
1503 1351 1644 1384 minores,
1667 1351 1783 1379 Consti-

102 1393 232 1421 tutiones
243 1393 436 1428 monasticae;
450 1391 501 1420 sed
515 1393 587 1421 olim
602 1401 664 1421 non
675 1394 778 1421 omnia
791 1393 856 1421 haec
867 1393 897 1421 in
912 1393 1052 1421 Asceticis
1065 1393 1412 1430 comprehendebantur.
1424 1397 1465 1422 tta
1478 1395 1567 1430 igitur
1581 1395 1675 1423 Photii
1685 1398 1781 1429 retate,

99 1437 196 1466 Basilii
205 1445 283 1474 opus
294 1436 437 1466 ἀσκητικὸν
446 1437 729 1473 restringebatur,ut
738 1437 837 1466 solum
848 1437 926 1465 duos
937 1438 981 1465 De
986 1438 1104 1472 judicio
1116 1446 1151 1465 ac
1164 1439 1205 1466 De
1211 1438 1271 1472 ﬁde
1280 1438 1409 1472 libellos,
1421 1439 1565 1473 Moralia,
1578 1440 1708 1474 Regulos
1717 1442 1782 1468 tum

100 1483 232 1517 majores
243 1484 307 1510 tum
317 1482 447 1510 minores
461 1482 582 1519 proprie
593 1482 849 1518 complecteretur.
866 1483 902 1510 Ut
916 1484 1017 1510 autem
1028 1482 1144 1516 reliqua
1155 1482 1216 1510 fere
1227 1483 1330 1511 omnia
1346 1483 1445 1511 Basilii
1456 1492 1549 1519 opera
1561 1484 1592 1511 in
1602 1484 1730 1512 dubium
1739 1493 1782 1512 re-

100 1529 257 1561 vocantur,
272 1526 314 1555 ita
327 1534 449 1563 quoque
465 1526 599 1554 maxima
609 1534 680 1563 pars
693 1526 895 1555 Asceticorum
907 1526 1090 1563 quibusdam
1103 1528 1200 1557 νοθείας
1212 1530 1353 1563 suspecta
1368 1530 1421 1556 est.
1435 1529 1584 1561 Quoniam
1596 1531 1697 1556 tamen
1709 1529 1783 1557 auti-

100 1572 154 1608 qui
164 1572 324 1608 scriptores
335 1571 476 1599 Basilium
488 1573 641 1600 auctorem
650 1571 1036 1605 faciuntAsceticorum,.vel
1045 1571 1227 1599 morosiores
1235 1572 1327 1599 critici
1337 1572 1442 1600 saltem
1455 1573 1589 1608 aliquam
1601 1580 1706 1600 eorum
1713 1581 1782 1609 par-

98 1618 160 1644 tem
173 1616 259 1644 facile
270 1616 296 1644 ei
308 1615 456 1644 tribuunt:
469 1615 522 1644 sed
533 1616 573 1644 ita
586 1615 887 1652 tamen,utquidquid
898 1615 1082 1652 przecipuum
1090 1616 1275 1650 est,omneid
1282 1617 1347 1651 ejus
1355 1625 1421 1645 esse
1428 1619 1547 1652 negent.
1558 1619 1614 1645 Nec
1623 1617 1782 1654 hiquidcm

100 1661 178 1689 inter
189 1668 221 1689 se
236 1660 436 1689 consentiunt.
455 1660 511 1688 Alii
523 1661 604 1688 enim
618 1661 688 1688 satis
701 1660 953 1695 habentRegulas
964 1660 1112 1688 breviores
1119 1660 1228 1688 Basilio
1240 1662 1346 1695 Magno
1360 1661 1608 1696 abjudicare.Alii
1619 1662 1784 1697 iniquiores

101 1705 128 1734 ei
141 1705 457 1740 abjudicantRegulas
466 1705 594 1734 minores
605 1705 696 1733 simul
706 1707 734 1734 et
744 1705 1066 1740 majores,etMoratia,
1084 1704 1237 1732 etlibellos
1246 1705 1290 1732 De
1309 1706 1364 1733 Dei
1370 1706 1488 1740 judicio
1507 1713 1542 1734 ac
1561 1706 1605 1734 De
1624 1713 1693 1734 ocra
1712 1707 1781 1740 ﬁde.

103 1750 180 1778 Cum
195 1751 296 1777 autem
308 1749 496 1786 singulorum
507 1749 664 1786 opiniones
675 1749 834 1786 explicare,
849 1757 961 1785 easque
974 1751 1027 1777 aut
1038 1748 1193 1776 confutare
1213 1751 1267 1777 aut
1285 1749 1456 1785 approbare
1476 1749 1567 1777 nimis
1587 1750 1714 1785 longum
1734 1751 1779 1786 sit,

103 1801 190 1822 more
204 1795 306 1821 nostro
321 1793 357 1822 de
370 1793 416 1822 his
427 1794 518 1822 rebus
530 1795 561 1822 in
577 1794 751 1822 Prtet'atione
762 1793 999 1829 disputabimus.

141 1839 239 1867 Pauca
257 1846 377 1875 quoque
392 1839 429 1867 de
444 1838 527 1866 libris
543 1839 675 1875 antiquis
689 1838 787 1867 dicere
799 1838 881 1866 libet.
898 1838 1011 1870 Multos,
1024 1845 1136 1874 eosque
1158 1840 1186 1866 et
1199 1838 1330 1874 optimos
1343 1838 1602 1866 etvetustissimos
1617 1838 1646 1866 in
1658 1838 1694 1866 iis
1706 1847 1782 1875 quas

103 1883 233 1912 invisere
248 1882 331 1911 licuit
340 1883 529 1911 bibliothecis
539 1883 760 1916 invenimus,in
771 1883 909 1918 Regia,in
920 1882 1088 1911 Colbertina
1099 1881 1167 1910 etin
1179 1882 1370 1911 Coisliniana.
1384 1884 1484 1919 Neque
1495 1891 1566 1911 vero
1578 1891 1613 1911 ex
1623 1883 1670 1911 his
1683 1883 1783 1911 solum

102 1927 292 1956 bibliothecis
306 1935 394 1956 novae
408 1930 518 1956 nostrae
529 1927 652 1956 editioni
662 1931 841 1956 ornamenta
851 1927 1056 1964 quaesivimus,
1068 1926 1120 1955 sed
1132 1929 1248 1955 exteras
1258 1927 1349 1955 etiam
1359 1935 1421 1955 non
1432 1927 1576 1955 duximus
1587 1928 1784 1963 negligendas

103 1981 178 2001 esse.
191 1972 302 2009 Scripsi
316 1972 406 2008 igitur
416 1974 593 2005 Messanam,
609 1981 671 2009 quo
682 1972 771 2000 simul
786 1974 818 2000 ut
832 1971 1144 2008 perveneruntlitterze
1156 1971 1446 2006 meze,eruditissimi
1458 1975 1486 2000 et
1501 1972 1784 2007 humanissimi,viri

103 2017 138 2045 D.
155 2017 311 2053 Gregorius
321 2019 420 2045 Arena
435 2018 527 2053 prior,
544 2019 572 2045 et
588 2019 620 2045 Ι).
638 2017 797 2053 Dionysius
809 2016 950 2053 Spagnoli
963 2016 1074 2051 linguae
1090 2017 1198 2044 Graecae
1213 2016 1317 2048 lector,
1337 2016 1479 2044 monachi
1492 2017 1606 2045 ordinis
1631 2018 1658 2046 S.
1687 2017 1784 2045 Basilii

103 2061 210 2097 Magni,
218 2061 311 2090 ambo
321 2069 382 2089 non
394 2061 494 2089 minus
504 2061 655 2089 bonarum
675 2061 842 2089 litterarum
851 2060 1065 2096 iuvandarum,
1081 2068 1173 2096 quam
1181 2060 1283 2095 glorite
1295 2061 1476 2088 sanctissimi
1491 2061 1539 2088 sui
1549 2062 1642 2089 Patris
1653 2062 1784 2097 ampliﬁ-

104 2106 210 2135 candae
225 2106 362 2139 studiosi,
374 2105 594 2142 amplissimam
603 2114 638 2134 ac
654 2105 882 2134 celeberrimam
895 2113 982 2133 suam
992 2104 1208 2132 bibliothecam
1222 2105 1448 2140 diligentissime
1470 2106 1596 2133 scrutari
1615 2108 1783 2141 coeperunt:

104 2151 136 2179 in
151 2159 223 2188 qua,
239 2150 323 2187 quod
336 2150 375 2179 ad
386 2159 450 2178 rem
460 2150 744 2187 pertinet,invenere
752 2150 875 2178 brevem
885 2148 1180 2177 lucubratiunculam
1194 2149 1406 2183 ineditam,cui
1416 2149 1519 2177 titulus
1532 2152 1589 2177 est:
1604 2153 1662 2180 Πῶς
1671 2148 1712 2176 δεῖ
1721 2149 1785 2175 εἶναι

105 2197 150 2222 τὸν
163 2197 291 2232 μηναχόν,
302 2198 331 2223 et
346 2194 555 2223 additamenta
566 2193 707 2231 quaedam
718 2195 749 2222 in
759 2195 902 2223 Moralia.
914 2195 1021 2222 Praeter
1035 2194 1109 2226 haec,
1122 2193 1213 2221 aliam
1225 2193 1392 2221 orationem
1404 2193 1443 2221 ad
1455 2201 1504 2221 me
1523 2193 1786 2222 transmittendam

106 2242 253 2268 curarunt
267 2240 298 2274 ii,
312 2248 390 2276 quos
401 2239 494 2268 modo
509 2239 583 2274 dixi,
597 2239 763 2268 doctissimi
775 2239 830 2267 viri
846 2249 853 2267 :
871 2239 907 2267 de
917 2246 979 2275 qua
989 2238 1180 2266 commodius
1191 2237 1287 2266 multo
1299 2237 1370 2266 alibi
1384 2238 1532 2267 dicemus.

145 2283 253 2313 Omnia
267 2287 368 2313 autem
384 2284 444 2312 fere
459 2284 533 2313 utin
548 2283 703 2320 impressis
717 2284 815 2312 libris:
831 2287 861 2312 at
871 2284 993 2319 [tegulas
1007 2284 1038 2311 in
1050 2283 1114 2312 aliis
1130 2283 1286 2311 codicibus
1297 2283 1355 2311 alio
1367 2283 1471 2312 ordine
1490 2283 1705 2320 disponuntur.
1730 2286 1788 2313 Nec

107 2329 350 2366 pretereundum
362 2328 692 2365 silentio,quasdam,ex
703 2328 825 2364 Regalis
834 2328 1017 2356 brevioribus
1025 2328 1055 2356 in
1064 2327 1217 2365 aliquibus
1229 2327 1385 2356 codicibus
1392 2328 1510 2362 deessej:
1523 2329 1575 2357 sed
1586 2332 1789 2366 praeterquam

107 2374 192 2410 quod
202 2374 248 2402 hae
257 2382 364 2410 paucae
375 2376 455 2408 sunt,
466 2374 497 2401 in
510 2373 583 2410 ipsis
597 2373 671 2401 nihil
684 2375 728 2401 est
737 2373 852 2408 magni,
863 2375 915 2402 aut
924 2373 1008 2410 quod
1018 2373 1145 2408 alicujus
1159 2373 1196 2401 sit
1209 2373 1365 2401 momenti.
1378 2373 1422 2401 Ad
1437 2374 1567 2408 Regula:
1576 2374 1699 2410 quidem
1706 2374 1790 2411 quod

109 2418 278 2454 attinet,eas
286 2418 394 2447 eodem
404 2419 507 2447 ordine
518 2425 580 2454 quo
588 2418 654 2453 jam
664 2417 794 2452 vulgatae
808 2419 878 2446 sunt
888 2417 918 2446 in
933 2417 1064 2445 editione
1072 2417 1216 2451 Pariensi,
1228 2417 1363 2445 edendas
1377 2417 1554 2446 curabimus
1568 2427 1575 2446 :
1604 2419 1657 2446 sed
1672 2419 1789 2447 libellos

110 2464 153 2492 De
162 2464 218 2492 Dei
220 2463 338 2498 judicio
349 2471 384 2492 ac
393 2463 437 2492 De
447 2462 673 2497 veraﬁdealiter
681 2462 892 2499 disponemus.
905 2462 946 2490 ita
960 2462 1040 2490 enim
1051 2462 1115 2490 hinc
1126 2462 1187 2490 duo
1200 2462 1347 2498 opuscula
1357 2462 1496 2490 locantur
1505 2463 1535 2491 in
1547 2471 1581 2491 ea
1592 2471 1686 2499 quam
1698 2463 1790 2491 modo

109 2507 172 2536 dixi
187 2508 327 2542 editione,
340 2511 372 2536 ut
385 2507 518 2544 primum
529 2506 631 2536 locum
642 2507 776 2535 obtineat
786 2506 904 2535 libellus
913 2508 955 2535 De
969 2514 1040 2534 veru
1050 2506 1120 2542 ﬁde,
1131 2506 1298 2534 secundum
1311 2506 1430 2535 libellus
1440 2507 1482 2535 Dc
1488 2508 1605 2542 Judicz‘o
1616 2508 1686 2536 Dei:
1707 2508 1791 2544 quod

110 2561 172 2581 non
187 2553 288 2581 minus
303 2553 478 2581 adversatur
488 2552 585 2589 ipsius
597 2552 728 2581 auctoris
741 2552 876 2586 consilio,
888 2559 981 2587 quam
990 2553 1124 2580 veterum
1134 2551 1282 2580 librorum
1293 2552 1474 2585 auctoritati,
1485 2553 1515 2580 in
1525 2552 1698 2588 quibushos
1711 2553 1789 2581 duos

111 2605 268 2626 sermones
284 2597 403 2625 inverso
413 2597 630 2632 ordine,eoque
640 2604 710 2625 vero
723 2598 751 2624 et
759 2596 893 2632 proprio,
906 2596 1046 2624 collocari
1061 2598 1187 2624 constat.
1208 2597 1343 2624 Arbitror
1355 2599 1457 2625 autem
1477 2605 1638 2633 operarum
1650 2598 1739 2634 culpa
1749 2598 1792 2626 fa-

111 2645 194 2670 ctum
210 2650 286 2677 esse,
297 2644 330 2670 ut
341 2642 370 2676 ii,
383 2650 460 2678 quos
475 2641 642 2683 nominavi,
653 2640 747 2669 libelli
763 2640 795 2669 in
809 2639 936 2669 editione
950 2641 1109 2669 Parisiensi
1124 2641 1192 2669 loco
1208 2641 1297 2678 positi
1313 2641 1373 2670 sint
1389 2649 1450 2669 non
1466 2650 1520 2670 suo
1533 2649 1661 2678 :‘eoque
1684 2643 1791 2678 magis,

113 2687 198 2724 quod
217 2687 299 2722 ipsos
316 2687 347 2715 in
363 2686 492 2714 editione
507 2684 620 2714 Veneta
637 2687 743 2714 eodem
753 2694 814 2722 quo
829 2686 859 2714 in
873 2685 1024 2714 veteribus
1040 2685 1123 2714 libris
1139 2686 1243 2714 ordine
1256 2685 1375 2721 disponi
1391 2686 1559 2714 videamus.

241 2759 362 2787 Pnnon.
384 2759 434 2786 Gn.
456 2757 542 2786 XXXI.

1634 2760 1669 2786 20
