2049 3131
288 124 339 151 623

979 120 1009 148 S.
1029 118 1154 147 BASlLlI
1171 120 1281 148 MAGNI

1914 127 1967 154 62!:

287 184 359 219 cari,
371 186 470 213 astare
483 184 551 211 ante
567 181 770 216 magistratus,
781 181 966 218 populorum
979 183 1102 209 assultu:

1169 183 1241 215 σθαι,
1266 184 1311 209 καὶ
1336 184 1401 220 πρὸς
1433 184 1563 219 ἄρχοντας
1591 188 1768 222 παραστῆναι,
1798 188 1844 212 καὶ
1870 185 1963 223 ὃὴμων

286 229 417 266 perferre
438 226 623 256 horrendum
643 227 792 255 carniﬁcis
819 226 926 254 intueri
943 228 1112 262 aspectum,

286 275 390 303 audire
405 281 510 301 vocem
538 279 690 308 asperam,
704 271 974 299 instrumentorum
999 270 1039 298 ad
1059 278 1114 306 pu-

284 318 431 347 niendum
450 316 669 345 destinatorum
687 324 812 352 gravem
831 317 1025 351 conspectum
1040 315 1114 343 tole-

285 371 364 395 rare,
379 364 530 390 tormenta
546 361 683 397 experiri,
697 363 725 389 et
739 368 836 396 usque
860 360 900 388 ad
919 362 1047 388 mortem
1063 355 1114 388 de;

285 411 410 442 certare,
426 409 551 443 propter
564 406 629 434 haec
640 406 743 434 omnia
753 413 790 433 ne
805 405 939 439 diﬂidas,
951 405 991 433 ob
1006 405 1111 433 oculos

283 453 401 481 habens
412 452 571 485 Christum,
582 451 636 487 qui
647 450 693 478 his
705 453 756 478 tua
769 458 864 478 causa
879 450 933 478 fuit
947 449 1110 485 obnoxius,

283 498 381 534 sitque
391 499 581 534 compertum
591 495 654 530 tibi,
666 498 693 523 te
705 496 736 523 in
752 495 817 523 istis
832 495 871 523 ob
886 495 1037 524 Christum
1048 503 1111 523 ver-

283 543 344 571 sari
355 544 504 578 oportere.
514 543 603 578 teque
613 541 643 568 in
658 540 731 577 ipsis
746 548 812 568 esse
825 540 986 568 victurum.
999 541 1110 576 Regem

282 588 363 617 enim
378 587 523 615 victorem
543 586 688 622 sequeris,
703 586 756 622 qui
771 588 799 614 te
820 593 882 613 suae
904 585 1033 613 victoriae
1048 585 1111 613 vult

282 640 349 661 esse
368 631 557 668 participem.
574 632 675 666 Neque
690 630 771 658 enim
790 630 884 658 victus
899 637 943 662 es,
960 629 1016 657 etsi
1031 637 1110 657 mor-

281 679 362 709 tuus;
374 677 435 704 imo
446 683 517 704 vero
526 678 598 703 tunc
609 675 835 710 integerrimam
849 674 1009 711 reportasti
1019 674 1110 702 victo-

281 721 376 749 riam:
393 721 506 757 quippe
532 719 584 756 qui
607 719 764 747 veritatem
780 718 1002 746 immutabilem
1021 718 1060 746 ad
1073 718 1109 746 ﬁ-

280 774 352 795 nem
368 773 467 802 usque
492 764 544 792 tibi
568 764 626 800 ipsi
649 764 826 797 servaveris,
843 772 878 792 ac
892 763 1109 792 inconcussam

279 810 440 840 retinueris
455 808 599 846 loquendi
610 816 666 844 pro
680 808 805 837 veritate
820 808 974 836 ﬁduciam.

315 857 344 883 3.
364 855 397 882 Et
411 853 535 890 quidem
549 852 588 881 ab
607 852 727 880 interitu
737 851 777 879 ad
790 854 933 880 aeternam
952 852 1057 884 vitam,
1069 851 1108 880 ab

281 900 366 935 201
398 898 558 926 hominum
588 896 755 932 ignominia
783 897 822 924 ad
855 897 904 925 Dei
932 896 1069 932 gloriam,
1089 904 1108 925 a

278 943 387 972 mundi
399 941 628 970 adversitatibus
641 943 733 976 atque
745 941 898 977 suppliciis
909 941 949 969 ad
963 944 1107 969 aeternam

277 987 424 1024 requiem,
441 993 510 1023 quae
526 985 579 1014 tibi
594 993 664 1013 cum
679 985 797 1020 angelis
810 985 983 1013 communis
1004 985 1106 1014 futura

279 1034 333 1065 est,
348 1030 567 1068 proﬁsciscere.
586 1031 674 1058 Terra
691 1032 716 1057 te
732 1029 828 1057 civem
842 1037 904 1058 non
917 1030 1060 1066 suscepit,
1075 1032 1106 1058 at

278 1076 390 1105 coelum
405 1074 559 1111 suscipiet.
573 1074 705 1102 Mundus
721 1076 895 1110 persecutus
909 1076 971 1102 est:
987 1074 1040 1102 sed
1050 1073 1105 1102 tol-

277 1121 340 1149 lent
354 1123 381 1148 te
393 1120 504 1155 angeli,
518 1122 551 1146 ut
566 1118 674 1147 sistant
684 1121 712 1146 te
728 1126 831 1146 coram
844 1119 970 1146 Christo.
983 1118 1061 1151 Quin
1076 1120 1106 1147 et

278 1166 395 1195 amicus
410 1163 614 1201 appellabere,
631 1171 723 1199 esque
744 1163 903 1191 auditurus
920 1163 1106 1201 jucundissi-

277 1217 361 1240 mam
372 1210 454 1237 illam
467 1208 590 1237 laudem
600 1216 607 1236 :
620 1209 713 1236 Macte
723 1207 836 1242 animo,
846 1215 930 1235 serve
940 1208 1021 1236 bone
1033 1210 1062 1236 et
1071 1208 1104 1236 ﬁ-

277 1255 363 1289 delis,
375 1254 461 1282 miles
470 1261 628 1288 generose,
637 1252 815 1288 Dominique
827 1252 968 1288 imitator,
980 1260 1015 1280 ac
1025 1252 1104 1287 regis

277 1301 417 1332 sectator,
429 1305 486 1332 ego
498 1300 524 1325 te
534 1297 610 1324 meis
621 1296 710 1324 donis
724 1296 958 1331 remunerabor;
971 1305 1027 1332 ego
1037 1299 1105 1325 tuos

277 1343 395 1372 audiam
402 1341 718 1377 sermones,quoniam
724 1343 756 1368 tu
762 1341 854 1369 etiam
860 1341 1104 1369 audivistimeos.

277 1389 360 1416 Petes
376 1387 502 1415 fratrum
518 1386 570 1422 qui
585 1387 734 1414 vexantur
749 1385 877 1413 salutem
890 1393 896 1417 ;
911 1388 1001 1422 atque
1015 1386 1104 1414 sociis

275 1431 348 1460 ﬁdei
360 1439 395 1460 ac
406 1439 500 1459 sacrae
512 1429 665 1458 charitatis
677 1429 832 1466 discipulis
842 1429 994 1458 bonorum
1006 1428 1104 1466 a’rege

275 1476 584 1506 communicationem
594 1474 781 1511 impetrabis,
793 1477 1001 1511 praetereaque
1011 1476 1104 1511 tripu-

275 1521 374 1550 diabis
382 1520 514 1556 tripudia
521 1520 803 1555 sempiterna,geres
812 1527 957 1548 coronam
964 1520 1042 1548 inter
1052 1528 1103 1548 an-

276 1565 369 1601 gelos,
380 1568 470 1601 atque
481 1564 624 1592 creaturis
635 1564 692 1592 sub
703 1571 773 1599 rege
783 1564 950 1600 imperans,
961 1572 1020 1593 una
1032 1572 1102 1593 cum

275 1610 436 1639 beatorum
446 1610 538 1638 choro
549 1609 579 1637 in
589 1611 736 1637 aeternum
751 1608 859 1636 beatus
869 1609 960 1637 vives.
974 1609 1062 1642 Quod
1076 1609 1103 1638 si

276 1657 304 1684 te
326 1655 425 1684 adhuc
451 1654 483 1682 in
510 1653 627 1682 mundo
641 1656 710 1689 post
728 1653 896 1682 certamina
908 1654 999 1682 etiam
1015 1654 1103 1683 relin-

275 1707 369 1736 quere
378 1698 466 1731 volet,
474 1701 506 1727 ut
515 1699 606 1734 plura
614 1700 642 1726 et
653 1698 735 1726 varia
745 1698 829 1726 ineas
839 1698 1014 1732 certamina,
1025 1699 1102 1728 mul-

275 1747 385 1780 tosque
397 1751 494 1771 cuma
509 1742 646 1770 visibilus
662 1744 726 1770 tum
741 1741 780 1770 ab
795 1742 1002 1771 invisibilibus
1014 1743 1101 1771 bellis

275 1790 375 1818 salvos
385 1791 415 1817 et
423 1787 590 1816 incolumes
601 1787 813 1822 serves,gloria
820 1790 874 1816 tua
884 1787 1014 1816 etiamin
1023 1790 1102 1817 terra

275 1841 389 1870 magna
404 1834 467 1868 erit,
482 1835 511 1860 et
530 1833 561 1860 in
585 1831 680 1868 pretio
694 1832 752 1860 eris
767 1832 850 1868 apud
864 1832 989 1867 amicos,
1005 1833 1059 1869 qui
1074 1836 1100 1860 te

274 1881 406 1907 tutorem
429 1877 660 1913 adjutoremque
683 1884 718 1904 ac
737 1876 854 1904 bonum
876 1876 1009 1912 legatum
1024 1877 1100 1906 inve-

272 1922 420 1953 nerint.Hi
434 1922 566 1950 nutrient
578 1923 605 1949 te
620 1923 768 1957 tanquam
783 1923 939 1949 strenuum
955 1922 1099 1952 militem:

273 1968 306 1997 hi
324 1967 424 1996 colent
438 1969 465 1995 te
479 1965 571 1994 veluti
584 1965 684 1994 virum
706 1965 905 1994 fortissimum
926 1974 962 1995 ac
976 1975 1100 2002 genero-

273 2012 429 2041 sissimum
444 2020 450 2038 :
467 2011 496 2039 hi
512 2009 688 2038 salutabunt
700 2011 727 2038 te
742 2011 838 2038 amice
853 2013 881 2038 et
907 2011 1042 2045 comiter,
1056 2013 1099 2040 te-

272 2064 332 2094 que
347 2056 390 2084 uti
405 2055 456 2083 Dei
470 2054 613 2090 angelum
626 2062 696 2082 cum
712 2054 825 2089 gaudio
836 2055 1013 2091 suscipient,
1024 2063 1098 2092 que-

273 2100 475 2130 madmodum
490 2099 601 2127 Paulus
612 2099 664 2132 ait,
675 2098 756 2127 velut
776 2099 927 2128 Christum
945 2101 1046 2128 Jesum
1062 2101 1096 2128 ⁸⁵.

272 2147 340 2175 Haec
356 2148 385 2174 et
397 2144 534 2181 ejusdem
545 2143 663 2179 generis
674 2143 734 2172 alia
749 2143 860 2172 divinae
875 2144 987 2172 militiae
998 2153 1096 2173 exem-

270 2191 322 2227 pla
333 2192 413 2220 sunt.
422 2191 523 2226 Neque
532 2196 604 2216 vero
619 2188 659 2217 ad
672 2188 754 2217 solos
764 2188 844 2216 viros
857 2190 973 2224 spectat
987 2191 1093 2219 oratio.

270 2235 372 2264 Militat
382 2234 462 2263 enim
477 2233 560 2270 apud
571 2233 721 2262 Christum
731 2235 759 2261 et
774 2233 920 2262 muliebre
935 2241 1042 2269 genus.
1055 2234 1096 2264 ob

305 2315 329 2334 εδ
350 2313 444 2343 Galat.
462 2321 502 2349 iv,
516 2313 560 2342 l4.

303 2388 360 2422 (50)
385 2387 455 2422 Reg.
486 2384 639 2422 secundus
669 2382 837 2422 meum}.
860 2388 971 2422 σεαυτῷ.
989 2386 1094 2416 Statim

268 2419 358 2452 editio
387 2419 478 2450 Paris.
494 2423 538 2447 καὶ
565 2420 615 2447 ἀπὸ
644 2424 700 2448 τοῦ.
716 2419 827 2448 Vocula
851 2423 896 2446 καὶ
920 2419 1006 2450 deest
1019 2425 1049 2451 et
1063 2423 1094 2451 in

267 2459 400 2488 editione
413 2459 484 2485 Ven.
505 2459 534 2484 et
548 2456 578 2483 in
598 2455 730 2492 antiquis
747 2455 843 2492 tribus
857 2455 953 2485 libris.

302 2496 359 2531 (51)
376 2493 463 2526 Quod
478 2492 519 2531 ait
533 2491 743 2531 Combeﬁsius,
755 2491 833 2520 duos
845 2500 919 2521 suos
935 2495 1047 2522 veteres
1062 2493 1093 2522 li-

265 2526 338 2559 bros
352 2526 422 2558 'Maz.
438 2530 466 2556 et
473 2528 517 2566 l1.
531 2527 575 2554 ita
587 2526 710 2566 habere,
722 2531 768 2553 τοῦ
783 2531 957 2566 παραστῆσαὶ
972 2533 1091 2566 Χριστῷ,

265 2567 296 2594 id
307 2573 369 2594 non
379 2572 449 2601 vere
463 2563 580 2601 dictum
592 2565 645 2601 est,
654 2570 724 2601 cum
734 2563 844 2601 vocula
858 2568 904 2590 τοῦ
915 2564 947 2592 in
963 2563 1092 2601 utroque

263 2601 342 2630 libro
371 2599 456 2637 desit.
471 2598 584 2637 _Editi0
608 2598 703 2637 Paris.
730 2599 836 2637 ἄγγελοι
861 2598 1051 2637 παραστῆσαι-
1063 2611 1092 2628 σε

264 2640 383 2673 Χριστῷ.
406 2634 481 2673 iilud
507 2643 540 2673 σε.
550 2641 648 2673 neque
676 2634 836 2673 in_poStri§
853 2634 926 2673 mss.
948 2644 1045 2673 neque
1059 2637 1091 2665 in

263 2670 515 2709 editione__\’ene_ta
534 2670 776 2709 invenitur._ltlox
791 2671 880 2709 editio
903 2670 1089 2709 ΡοζὶεξΕῡγι,

264 2707 349 2735 δοῦλε.
362 2706 456 2734 Editio
467 2707 538 2734 Ven.
551 2707 580 2733 et
594 2705 709 2742 antiqui
725 2708 784 2734 tres
798 2706 867 2734 libri
879 2707 924 2740 Εὖ,
938 2706 1024 2736 δοῦλε.

300 2745 355 2780 (5‘2)
372 2743 414 2771 Ita
424 2742 496 2777 Reg.
510 2741 623 2770 tertius.
635 2741 686 2769 illa
699 2744 801 2770 autem
813 2742 993 2780 verbaque
1004 2743 1089 2772 addi-

262 2777 373 2815 d‘ufnus,
388 2781 433 2806 καὶ
446 2782 497 2810 τοὶς
509 2781 641 2808 κοινωνοῖς
655 2782 703 2808 τῆς
718 2787 840 2814 πιστεως,
859 2777 1002 2814 leguntur
1013 2788 1087 2818 quo-

1168 226 1354 257 ἐπαναστάσεις
1376 229 1531 264 ὑπῦεγκεῑν,
1556 231 1600 255 καὶ
1625 227 1722 266 δημίου
1758 229 1862 267 βλέμμα
1887 231 1964 267 φοϐςο

1167 272 1211 308 ρὸν
1228 269 1302 305 ἰδεῖν,
1323 274 1368 298 καὶ
1392 272 1507 310 σκληρὰν
1531 272 1644 300 ἀκοῦσαι
1670 276 1764 310 φωνήν,
1779 275 1965 305 καὶκολαστηε-

1167 318 1229 352 ρίων
1253 316 1313 352 ὄψιν
1331 317 1467 353 ὑπομεῖναι
1491 317 1619 353 χαλεπὴν,
1643 321 1687 344 καὶ
1707 320 1863 356 πειραθῆναι
1873 319 1963 356 βασα-

1166 370 1224 394 νων,
1239 363 1378 398 καὶμέχρι
1400 363 1510 388 θανάτου
1526 360 1747 399 διαγωνίσασθαι,
1763 366 1798 400 μὴ
1817 363 1964 401 ἀπειθήσῃς

1166 407 1230 442 πρὸς
1250 406 1352 432 ἅπαντα
1379 410 1472 441 ταῦτα,
1498 409 1548 445 πρὸ
1578 407 1715 444 ὀφθαλμῶν
1741 409 1809 444 ἔχων
1833 411 1877 435 τὸν
1899 409 1962 447 ὑπερ

1167 453 1214 475 σοῦ
1239 449 1265 476 ἓν
1289 452 1389 481 τούτοις
1402 453 1534 488 γενόμενον
1560 454 1683 489 Χριστὸν,
1701 451 1784 486 εἰδὼς,
1799 453 1840 479 ὃτι
1853 452 1900 480 διὰ
1918 456 1961 480 τὸν

1166 495 1281 531 Χριστὸν
1306 494 1331 521 ἓν
1358 497 1460 527 τούτοις
1482 497 1603 532 γενέσθαι
1619 506 1648 523 σε
1675 495 1782 532 δεῐ,καὶ
1803 500 1920 530 νικήσεις
1936 498 1960 524 ἐν

1165 540 1274 570 τούτοις,
1303 543 1404 577 Nam???
1433 542 1482 578 γὰρ
1506 540 1651 571 ἀκολουθεῐς
1676 541 1790 578 βασιλεῖ,
1816 547 1864 574 τῆς
1887 546 1961 575 νίκης

1165 583 1244 610 αὐτοῦ
1271 583 1419 621 βουλομένῳ
1453 595 1482 611 σε
1507 586 1629 620 γενέσθαι
1660 588 1789 614 κοινωνόν.
1816 586 1886 614 Οὒόὶ
1911 590 1961 625 γὰρ

1165 626 1298 654 ἀποθανὼν
1314 629 1441 663 ἡττήθης,
1465 629 1531 656 ἀλλά
1555 632 1614 656 τότε
1635 628 1668 660 δὴ
1692 633 1737 657 καὶ
1750 631 1894 658 τελεώτατα
1908 632 1962 659 ἐνί-

1164 682 1258 706 κησας,
1273 673 1341 709 ἄχρι
1366 674 1451 704 τέλους
1475 675 1600 711 οῐτρεπτον
1632 674 1744 710 φυλάξας
1770 677 1817 704 τὴν
1841 675 1961 705 ἀλήθειαν

1165 721 1265 752 σεαυτῷ
1288 718 1354 753 (50),
1381 721 1426 745 καὶ
1453 720 1500 748 τήν
1524 720 1588 757 ὑπερ
1604 724 1649 750 τῆς
1673 719 1794 751 ἀληθείας
1813 720 1961 758 παρρηκιαν

1164 759 1349 797 ἀμετακίνητον
1365 765 1450 799 σχὼν,

1128 854 1148 882 Β
1199 852 1225 878 3.
1248 853 1297 877 Καὶ
1313 850 1363 877 ἀπὸ
1383 855 1428 878 τοῦ
1446 853 1556 879 θανάτου
1580 854 1625 889 μὲν
1645 855 1708 890 πρὸς
1722 854 1825 880 αἰώνιον
1841 853 1959 887 ὀδεὺσεις

1163 895 1243 928 ζωήν,
1261 894 1311 922 ἀπὸ
1339 894 1368 922 δὲ
1394 901 1441 927 τῆς
1466 898 1538 934 παρὰ
1564 896 1708 935 ἀνθρώποις
1735 898 1841 935 ἀτιμίας
1857 899 1899 926 ἐπὶ
1913 902 1959 929 τὴν

1163 937 1242 970 δόξαν
1255 942 1301 969 τήν
1316 941 1388 977 παρὰ
1402 945 1479 975 Θεοῦ,
1496 944 1541 968 καὶ
1557 941 1606 968 ἀπὸ
1626 947 1675 968 τῶν
1690 944 1715 969 εν
1734 945 1824 980 κόσμῳ
1849 944 1957 979 ολίριων

1161 987 1206 1010 καὶ
1233 984 1362 1011 κολάσεων
1388 985 1430 1011 ἐπὶ
1444 987 1488 1016 τὰς
1515 986 1634 1018 αἰωνίους
1657 987 1815 1018 ἀναπαύσεις
1840 990 1887 1020 τὰς
1909 991 1955 1014 σὺν

1162 1028 1288 1064 civ/737.01.;
1307 1032 1341 1059 Γῆ
1360 1039 1389 1056 σε
1403 1030 1511 1059 πολίτην
1531 1031 1577 1057 οὐκ
1603 1030 1755 1065 ἀπεδέξατο,
1771 1032 1824 1058 ἀλλ’
1848 1033 1955 1069 οὐρανὸς

1161 1072 1322 1105 ὑποδέξεται,
1343 1076 1441 1110 κήσμος
1468 1073 1582 1109 ἐδίωξεν,
1601 1075 1666 1101 ἀλλὰ
1680 1076 1865 1112 βαστάσουσιν
1879 1078 1956 1113 ἄγγε-

1159 1117 1199 1143 λοι
1222 1121 1394 1154 παραστῆσαί
1414 1128 1442 1145 σε
1458 1123 1564 1156 Χριστῷ
1586 1121 1654 1156 (5l)-
1678 1123 1723 1147 καὶ
1739 1121 1807 1157 φίλος
1822 1113 1953 1158 κληθήσῇ,

1159 1164 1204 1188 καὶ
1232 1164 1276 1188 τὸν
1297 1164 1475 1190 ποθεινότατον
1510 1165 1612 1191 ἔπαινον
1640 1165 1770 1196 ἀκούσης·
1807 1165 1853 1199 Εὖ,
1881 1165 1955 1193 δοῦλα

1159 1205 1240 1242 ἀγαθὲ
1264 1209 1310 1233 καὶ
1338 1209 1426 1242 rue-1's,
1457 1213 1607 1246 στρατιὼτα
1634 1214 1744 1245 γτιναίε,
1777 1213 1822 1237 καὶ
1854 1213 1954 1247 μιμητά

1158 1255 1204 1278 τοῦ
1229 1253 1370 1286 Δεσπότον,
1388 1252 1518 1288 βασιλέως
1540 1253 1674 1288 ἀκόλουθα,
1700 1254 1750 1291 ἐγώ
1766 1265 1795 1282 σε
1819 1260 1873 1287 τοῖς
1889 1256 1954 1292 ἐμοῖς

1159 1294 1302 1332 ἀμεὶψομαι
1330 1295 1434 1333 δώροις·
1462 1296 1512 1333 ἐγὼ
1538 1302 1588 1324 τῶν
1616 1303 1668 1324 σῶν
1694 1298 1842 1336 ἀκούσομαι
1863 1300 1952 1336 λόγων,

1159 1339 1214 1366 ἐπεὶ
1238 1343 1283 1367 καὶ
1309 1343 1341 1367 σὺ
1365 1346 1413 1367 τῶν
1440 1341 1518 1378 ἐμῶν.
1541 1342 1662 1374 Δὶτήσεις
1686 1342 1801 1380 ἀδελφῶν
1824 1347 1952 1381 σωτηρίαν

1157 1387 1397 1421 καταπονουμένων,
1422 1388 1467 1413 καὶ
1489 1391 1544 1418 τοῖς
1567 1386 1700 1419 κοινωνοῖς
1711 1392 1758 1420 τῆς
1772 1391 1884 1420 πίστεως
1894 1391 1950 1425 (52)

1157 1432 1202 1455 καὶ
1221 1433 1273 1460 τοῖς
1294 1431 1408 1466 μύσταις
1431 1435 1478 1461 τῆς
1505 1432 1572 1468 ἱερᾶς
1599 1431 1700 1468 ἀγάπης
1713 1433 1784 1471 λήψῃ
1812 1436 1885 1471 παρὰ
1907 1437 1951 1460 τοῦ

1158 1473 1286 1510 βασιλέως
1300 1477 1348 1504 τὴν
1373 1479 1424 1502 τῶν
1453 1475 1556 1511 ἀγαθῶν
1578 1479 1729 1513 μετουσίαν·
1760 1480 1899 1516 χορεύσεις
1923 1477 1952 1505 δε

1121 1528 1142 1554 ο
1156 1519 1203 1548 τὰς
1227 1519 1344 1550 αἰωνίους
1370 1522 1488 1558 χορείας,
1517 1522 1562 1547 καὶ
1589 1522 1687 1557 μεταξὺ
1704 1527 1753 1549 τῶν
1767 1522 1881 1558 ἀγγέλων
1897 1533 1952 1550 στε-

1156 1566 1358 1601 φανηφορήσιις,
1384 1564 1529 1600 βασιλεύων
1565 1568 1674 1596 κτίσεως
1699 1567 1749 1592 ὑπὸ
1773 1571 1810 1602 τῷ
1835 1567 1951 1603 βασιλεῖ,

1155 1610 1200 1634 καὶ
1225 1606 1432 1639 σνννῖιαιωνίζων
1467 1612 1597 1646 μακαρίως
1619 1614 1656 1646 τῷ
1683 1615 1731 1641 τῆς
1757 1614 1954 1648 μακαριότητος

1155 1657 1240 1689 χορῷ.
1257 1653 1288 1679 Εἰ
1313 1651 1342 1678 δὲ
1363 1656 1407 1679 καὶ
1427 1652 1469 1679 ἐπὶ
1492 1656 1592 1690 κόσμου
1607 1663 1636 1681 σε
1662 1655 1817 1690 καταλεῖψαι
1832 1657 1871 1682 ἔτι
1886 1659 1957 1693 μιτὰ

1155 1699 1216 1728 τοὺς
1231 1697 1333 1734 ἀγῶνας
1353 1698 1429 1733 θέλοι,
1447 1699 1488 1725 ῖνα
1511 1701 1556 1725 καὶ
1579 1699 1698 1732 πλείονας
1721 1699 1821 1736 ἀγῶνας
1833 1703 1879 1727 καὶ
1894 1711 1956 1730 ποι-

1155 1742 1242 1773 κίλους
1256 1741 1399 1780 ὃιαγωνὶσῃ
1417 1743 1486 1779 (53),
1499 1746 1544 1770 καὶ
1559 1747 1649 1781 σώσῃς
1664 1744 1691 1771 ἐκ
1705 1749 1754 1771 τῶν
1772 1744 1890 1783 ἀοράτων
1908 1750 1955 1774 καὶ

1155 1787 1254 1824 ὁρατῶν
1276 1787 1396 1824 πολέμιον
1419 1787 1538 1822 πολλοὺς,
1563 1789 1662 1825 μεγάλη
1688 1799 1734 1816 σου
1750 1792 1795 1816 καὶ
1818 1792 1886 1817 κατά
1902 1796 1955 1827 γῆν

1155 1832 1170 1859 ἡ
1189 1829 1264 1866 δόξα,
1278 1835 1323 1858 καὶ
1341 1834 1414 1870 παρὰ
1427 1836 1482 1864 τοῖς
1495 1833 1573 1869 φίλοις
1587 1834 1632 1870 ἔσῃ
1649 1836 1743 1871 τίμιος,
1759 1836 1912 1872 προστάτην
1923 1845 1954 1863 σε

1154 1878 1199 1901 καὶ
1226 1875 1324 1911 βοηθὸν
1347 1879 1391 1903 καὶ
1414 1877 1576 1915 πρεσϐευτὴν
1592 1877 1688 1914 ἀγαθὸν
1704 1880 1852 1917 εὑρηκόσιν.
1872 1880 1954 1906 Οὗτοι

1156 1919 1296 1957 Θρέψουσιν
1311 1921 1346 1951 ὡς
1362 1925 1524 1958 στρατιώτην
1548 1922 1655 1958 ἀγαθόν·
1671 1922 1743 1950 οὗτοι
1757 1926 1954 1960 τιμήσουσινὼς

1154 1963 1264 2001 ἀριστέα
1284 1969 1408 2000 γενναῖον·
1430 1965 1502 1992 οὗτοι
1524 1965 1696 1998 δεξιώσονται
1711 1970 1756 1995 καὶ
1774 1970 1839 2005 μετά
1866 1973 1953 2005 χαρᾶς

1153 2007 1324 2040 ὑποδέξονται
1339 2011 1371 2040 ὡς
1386 2009 1494 2046 ἄγγελον
1519 2015 1586 2037 Θεοῦ
1602 2010 1752 2049 δεχόμενοι,
1768 2014 1837 2040 καθὰ
1852 2013 1954 2044 Παῡλός

1153 2063 1243 2090 φησιν,
1268 2054 1301 2084 ὠς
1328 2057 1443 2092 Χριστόν
1473 2055 1587 2085 Ἰησοῦν.
1616 2060 1705 2084 Ταῦτα
1724 2059 1821 2084 καὶτὰ
1841 2062 1954 2085 τοιαῦτα

1153 2103 1199 2129 τῆς
1219 2099 1287 2130 θείας
1312 2102 1449 2136 στρατείας
1472 2102 1506 2127 τὰ
1526 2100 1738 2138 παραδείγματα.
1756 2102 1907 2139 Διαλέγεται
1923 2101 1953 2130 δὲ

1153 2143 1201 2170 οὐκ
1227 2142 1342 2181 ἀνδράσι
1369 2147 1458 2181 μόνοις
1479 2146 1493 2171 ὁ
1520 2145 1593 2182 λόγος
1618 2147 1682 2182 (54).
1698 2149 1868 2185 Στρατεύεται
1900 2149 1951 2185 γὰρ

1116 2205 1138 2232 D
1153 2191 1199 2215 καὶ
1212 2190 1241 2215 τό
1254 2189 1318 2219 θῆλυ
1339 2191 1412 2227 παρὰ
1421 2194 1541 2227 Χριστῷ,
1556 2194 1587 2227 τῇ
1607 2191 1713 2229 ψυχικῇ
1739 2191 1847 2229 ἀνδρείᾳ
1872 2202 1953 2219 κατα-

1152 2233 1285 2270 λεγόμενον
1307 2234 1341 2265 εἰς
1364 2236 1411 2264 τὴν
1439 2238 1586 2273 στρατείαν,
1601 2238 1646 2262 καὶ
1665 2236 1695 2262 οὐ
1716 2234 1763 2263 διὰ
1775 2239 1822 2266 τήν
1837 2241 1884 2264 τοῦ
1902 2240 1952 2264 σώ-

1149 2394 1208 2423 que
1235 2386 1266 2415 in
1293 2386 1430 2423 margine
1456 2387 1567 2417 codicis
1588 2387 1735 2417 Mazarini.
1764 2389 1840 2417 Editi
1854 2391 1883 2418 et
1899 2389 1951 2418 alii

1148 2430 1223 2461 [955.
1239 2425 1479 2460 καταπονουμένων,
1496 2427 1540 2450 καὶ
1568 2428 1620 2455 τοίς
1633 2426 1758 2461 μιξσταις·
1774 2426 1858 2461 quod
1884 2433 1951 2453 mu-

1148 2458 1233 2496 tilum
1248 2462 1311 2496 erat
1326 2462 1353 2487 et
1364 2458 1547 2496 truncatum.
1561 2458 1647 2488 Haud
1657 2460 1747 2496 longe
1760 2458 1829 2496 Reg.
1842 2461 1950 2489 tertius

1147 2496 1176 2522 et
1188 2494 1278 2531 editio
1284 2496 1360 2531 iVen.
1369 2494 1485 2523 habent
1493 2495 1525 2523 in
1533 2496 1669 2531 margine
1681 2494 1788 2531 ἀγάθῶυ
1801 2494 1949 2524 ἐοινωνίαι.

1252 2530 1347 2568 Editio
1360 2531 1430 2568 Yen.
1442 2533 1471 2558 et
1484 2539 1558 2559 mss.
1571 2530 1629 2559 trés
1640 2530 1775 2563 ﬁctiﬁcti;
1786 2530 1948 2568 ὃιαγωνίσῃ.

1146 2563 1243 2603 Editio
1256 2566 1348 2603 Paris.
1367 2563 1512 2603 ᾇιαγωνίσῃ
1518 2576 1538 2603 ς,

1182 2601 1301 2640 (ξω-δίο
1319 2601 1436 2640 antiqui
1451 2601 1512 2640 tres
1526 2602 1604 2631 libri.
1622 2603 1717 2632 Editio
1740 2603 1831 2640 Paris.
1843 2605 1923 2640 μόνος
1936 2604 1948 2630 ὁ

1143 2635 1227 2680 λόγρς.
1244 2638 1309 2665 Mox
1323 2635 1476 2679 Mam—rapti
1539 2639 1753 2680 Xpivrfi._l-iaud
1765 2635 1854 2680 ξουθὰ
1864 2639 1949 2680 idem

1144 2672 1241 2700 codex
1255 2675 1429 2709 καταγόμενον
1442 2672 1478 2704 ἐἰς
1488 2672 1534 2703 τήν
1545 2672 1586 2703 ad
1595 2672 1735 2703 militiam
1753 2672 1947 2703 descEndens.

1144 2709 1221 2746 Reg:
1230 2707 1550 2746 tertiusiupumrzpsvov,
1561 2713 1589 2738 et
1605 2710 1646 2738 ita
1656 2718 1778 2746 quoque
1792 2710 1904 2746 legitur
1917 2711 1948 2738 in

1142 2751 1198 2782 ora
1208 2744 1288 2779 Regii
1296 2744 1396 2780 primi,
1404 2744 1598 2782 non'quidem
1605 2744 1713 2774 eadem
1724 2744 1890 2782 manu;sed
1897 2754 1950 2774 an-

1142 2779 1226 2816 tiqua
1236 2779 1349 2809 tamen.
1359 2779 1494 2818 Utraque
1504 2781 1594 2810 editio
1603 2783 1631 2810 et
1647 2783 1679 2810 tl.
1696 2781 1774 2810 utin
1788 2783 1945 2811 contextu.
