  <div class='ocr_page' id='page_1' title='image "/cluster/home/n/w/nwhite01/storage/ocr_20150623/31/njp.32101013202609/341.png"; bbox 0 0 2049 3131; ppageno 0'>
   <div class='ocr_carea' id='block_1_1' title="bbox 255 121 306 148">
    <p class='ocr_par' dir='ltr' id='par_1_1' title="bbox 255 121 306 148">
     <span class='ocr_line' id='line_1_1' title="bbox 255 121 306 148; baseline -0.02 0"><span class='ocrx_word' id='word_1_1' title='bbox 255 121 306 148; x_wconf 76' lang='lat'>62&#39;]</span> 
     </span>
    </p>
   </div>
   <div class='ocr_carea' id='block_1_2' title="bbox 949 120 1241 150">
    <p class='ocr_par' dir='ltr' id='par_1_2' title="bbox 949 120 1241 150">
     <span class='ocr_line' id='line_1_2' title="bbox 949 120 1241 150; baseline 0.003 -1"><span class='ocrx_word' id='word_1_2' title='bbox 949 123 976 149; x_wconf 86' lang='lat' dir='ltr'>S.</span> <span class='ocrx_word' id='word_1_3' title='bbox 994 120 1117 150; x_wconf 73' lang='lat' dir='ltr'>BASILH</span> <span class='ocrx_word' id='word_1_4' title='bbox 1133 121 1241 150; x_wconf 62' lang='lat' dir='ltr'>MAG.“</span> 
     </span>
    </p>
   </div>
   <div class='ocr_carea' id='block_1_3' title="bbox 1885 124 1940 151">
    <p class='ocr_par' dir='ltr' id='par_1_3' title="bbox 1885 124 1940 151">
     <span class='ocr_line' id='line_1_3' title="bbox 1885 124 1940 151; baseline 0.018 -1"><span class='ocrx_word' id='word_1_5' title='bbox 1885 124 1940 151; x_wconf 71' lang='lat'>6‘18</span> 
     </span>
    </p>
   </div>
   <div class='ocr_carea' id='block_1_4' title="bbox 254 182 1088 221">
    <p class='ocr_par' dir='ltr' id='par_1_4' title="bbox 254 182 1080 218">
     <span class='ocr_line' id='line_1_4' title="bbox 254 182 1080 218; baseline 0.001 -8"><span class='ocrx_word' id='word_1_6' title='bbox 254 182 339 211; x_wconf 89' lang='lat' dir='ltr'>mina</span> <span class='ocrx_word' id='word_1_7' title='bbox 365 182 508 218; x_wconf 86' lang='lat' dir='ltr'>injecerit,</span> <span class='ocrx_word' id='word_1_8' title='bbox 536 190 571 210; x_wconf 89' lang='lat' dir='ltr'>ac</span> <span class='ocrx_word' id='word_1_9' title='bbox 597 182 706 211; x_wconf 88' lang='lat' dir='ltr'>deinde</span> <span class='ocrx_word' id='word_1_10' title='bbox 726 184 943 212; x_wconf 82' lang='lat' dir='ltr'>tentationibus</span> <span class='ocrx_word' id='word_1_11' title='bbox 960 183 1015 212; x_wconf 87' lang='lat' dir='ltr'>sibi</span> <span class='ocrx_word' id='word_1_12' title='bbox 1035 184 1080 211; x_wconf 90' lang='lat' dir='ltr'>in-</span> 
     </span>
    </p>
   </div>
   <div class='ocr_carea' id='block_1_5' title="bbox 1143 182 1939 221">
    <p class='ocr_par' dir='ltr' id='par_1_5' title="bbox 1143 183 1939 221">
     <span class='ocr_line' id='line_1_5' title="bbox 1143 183 1939 221; baseline 0.001 -11"><span class='ocrx_word' id='word_1_13' title='bbox 1143 186 1184 210; x_wconf 76' lang='grc' dir='ltr'>ιιαὶ</span> <span class='ocrx_word' id='word_1_14' title='bbox 1220 189 1410 220; x_wconf 74' lang='grc' dir='ltr'>πνευματικῶν,</span> <span class='ocrx_word' id='word_1_15' title='bbox 1451 186 1492 211; x_wconf 81' lang='grc' dir='ltr'>ἶνα</span> <span class='ocrx_word' id='word_1_16' title='bbox 1533 187 1580 221; x_wconf 85' lang='grc' dir='ltr'>μὴ,</span> <span class='ocrx_word' id='word_1_17' title='bbox 1603 183 1812 221; x_wconf 64' lang='grc' dir='ltr'>ἀπροσδοκήτως</span> <span class='ocrx_word' id='word_1_18' title='bbox 1847 186 1939 212; x_wconf 76' lang='grc' dir='ltr'>ἑαυτὸν</span> 
     </span>
    </p>
   </div>
   <div class='ocr_carea' id='block_1_6' title="bbox 255 227 1082 264">
    <p class='ocr_par' dir='ltr' id='par_1_6' title="bbox 255 227 1082 264">
     <span class='ocr_line' id='line_1_6' title="bbox 255 227 1082 264; baseline 0.002 -9"><span class='ocrx_word' id='word_1_19' title='bbox 255 227 434 263; x_wconf 84' lang='lat' dir='ltr'>gruentibus</span> <span class='ocrx_word' id='word_1_20' title='bbox 466 228 604 255; x_wconf 78' lang='lat' dir='ltr'>resistere</span> <span class='ocrx_word' id='word_1_21' title='bbox 634 235 695 255; x_wconf 88' lang='lat' dir='ltr'>non</span> <span class='ocrx_word' id='word_1_22' title='bbox 722 229 827 264; x_wconf 78' lang='lat' dir='ltr'>possit,</span> <span class='ocrx_word' id='word_1_23' title='bbox 856 229 895 257; x_wconf 92' lang='lat' dir='ltr'>ad</span> <span class='ocrx_word' id='word_1_24' title='bbox 932 237 968 257; x_wconf 85' lang='lat' dir='ltr'>ea</span> <span class='ocrx_word' id='word_1_25' title='bbox 1002 229 1082 257; x_wconf 87' lang='lat' dir='ltr'>unde</span> 
     </span>
    </p>
   </div>
   <div class='ocr_carea' id='block_1_7' title="bbox 254 272 1081 310">
    <p class='ocr_par' dir='ltr' id='par_1_7' title="bbox 254 272 1081 310">
     <span class='ocr_line' id='line_1_7' title="bbox 254 272 1081 310; baseline 0.002 -10"><span class='ocrx_word' id='word_1_26' title='bbox 254 274 428 304; x_wconf 78' lang='lat' dir='ltr'>recesserat,</span> <span class='ocrx_word' id='word_1_27' title='bbox 444 279 513 300; x_wconf 90' lang='lat' dir='ltr'>cum</span> <span class='ocrx_word' id='word_1_28' title='bbox 529 272 646 308; x_wconf 84' lang='lat' dir='ltr'>pudore</span> <span class='ocrx_word' id='word_1_29' title='bbox 661 275 689 301; x_wconf 88' lang='lat' dir='ltr'>et</span> <span class='ocrx_word' id='word_1_30' title='bbox 712 273 773 301; x_wconf 81' lang='lat' dir='ltr'>risu</span> <span class='ocrx_word' id='word_1_31' title='bbox 795 277 936 308; x_wconf 76' lang='lat' dir='ltr'>recurrat,</span> <span class='ocrx_word' id='word_1_32' title='bbox 967 274 1081 310; x_wconf 81' lang='lat' dir='ltr'>quippe</span> 
     </span>
    </p>
   </div>
   <div class='ocr_carea' id='block_1_8' title="bbox 254 317 1084 354">
    <p class='ocr_par' dir='ltr' id='par_1_8' title="bbox 254 317 1084 354">
     <span class='ocr_line' id='line_1_8' title="bbox 254 317 1084 354; baseline 0.004 -10"><span class='ocrx_word' id='word_1_33' title='bbox 254 317 307 354; x_wconf 87' lang='lat' dir='ltr'>qui</span> <span class='ocrx_word' id='word_1_34' title='bbox 319 317 359 345; x_wconf 88' lang='lat' dir='ltr'>ad</span> <span class='ocrx_word' id='word_1_35' title='bbox 373 317 518 345; x_wconf 76' lang='lat' dir='ltr'>saeculum</span> <span class='ocrx_word' id='word_1_36' title='bbox 532 325 593 345; x_wconf 90' lang='lat' dir='ltr'>non</span> <span class='ocrx_word' id='word_1_37' title='bbox 610 318 674 345; x_wconf 83' lang='lat' dir='ltr'>sine</span> <span class='ocrx_word' id='word_1_38' title='bbox 699 319 807 347; x_wconf 66' lang='lat' dir='ltr'>animus</span> <span class='ocrx_word' id='word_1_39' title='bbox 829 319 1084 347; x_wconf 85' lang='lat' dir='ltr'>condemnatione</span> 
     </span>
    </p>
   </div>
   <div class='ocr_carea' id='block_1_9' title="bbox 254 361 1084 398">
    <p class='ocr_par' dir='ltr' id='par_1_9' title="bbox 254 361 1084 398">
     <span class='ocr_line' id='line_1_9' title="bbox 254 361 1084 398; baseline 0.004 -9"><span class='ocrx_word' id='word_1_40' title='bbox 254 362 418 390; x_wconf 78' lang='lat' dir='ltr'>revertatur</span> <span class='ocrx_word' id='word_1_41' title='bbox 433 371 440 395; x_wconf 86' lang='lat'>-,</span> <span class='ocrx_word' id='word_1_42' title='bbox 457 361 620 398; x_wconf 77' lang='lat' dir='ltr'>multisque</span> <span class='ocrx_word' id='word_1_43' title='bbox 636 362 854 392; x_wconf 82' lang='lat' dir='ltr'>ott‘endieulum</span> <span class='ocrx_word' id='word_1_44' title='bbox 870 365 977 398; x_wconf 83' lang='lat' dir='ltr'>factus,</span> <span class='ocrx_word' id='word_1_45' title='bbox 990 365 1084 392; x_wconf 83' lang='lat' dir='ltr'>vitam</span> 
     </span>
    </p>
   </div>
   <div class='ocr_carea' id='block_1_10' title="bbox 253 406 1083 444">
    <p class='ocr_par' dir='ltr' id='par_1_10' title="bbox 253 406 1083 444">
     <span class='ocr_line' id='line_1_10' title="bbox 253 406 1083 444; baseline 0.002 -9"><span class='ocrx_word' id='word_1_46' title='bbox 253 407 285 435; x_wconf 83' lang='lat' dir='ltr'>in</span> <span class='ocrx_word' id='word_1_47' title='bbox 300 406 415 434; x_wconf 82' lang='lat' dir='ltr'>Christo</span> <span class='ocrx_word' id='word_1_48' title='bbox 430 406 598 435; x_wconf 80' lang='lat' dir='ltr'>institutam</span> <span class='ocrx_word' id='word_1_49' title='bbox 618 408 761 435; x_wconf 89' lang='lat' dir='ltr'>omnibus</span> <span class='ocrx_word' id='word_1_50' title='bbox 777 411 950 444; x_wconf 80' lang='lat' dir='ltr'>suspectam</span> <span class='ocrx_word' id='word_1_51' title='bbox 966 409 1083 442; x_wconf 83' lang='lat' dir='ltr'>reddat,</span> 
     </span>
    </p>
   </div>
   <div class='ocr_carea' id='block_1_11' title="bbox 253 451 1085 489">
    <p class='ocr_par' dir='ltr' id='par_1_11' title="bbox 253 451 1085 489">
     <span class='ocr_line' id='line_1_11' title="bbox 253 451 1085 489; baseline 0.004 -11"><span class='ocrx_word' id='word_1_52' title='bbox 253 451 340 488; x_wconf 84' lang='lat' dir='ltr'>quasi</span> <span class='ocrx_word' id='word_1_53' title='bbox 355 451 403 486; x_wconf 82' lang='lat' dir='ltr'>agi</span> <span class='ocrx_word' id='word_1_54' title='bbox 414 459 475 479; x_wconf 88' lang='lat' dir='ltr'>non</span> <span class='ocrx_word' id='word_1_55' title='bbox 494 452 608 487; x_wconf 87' lang='lat' dir='ltr'>possit:</span> <span class='ocrx_word' id='word_1_56' title='bbox 623 453 710 487; x_wconf 87' lang='lat' dir='ltr'>cujus</span> <span class='ocrx_word' id='word_1_57' title='bbox 736 453 777 481; x_wconf 86' lang='lat' dir='ltr'>rei</span> <span class='ocrx_word' id='word_1_58' title='bbox 804 453 972 489; x_wconf 84' lang='lat' dir='ltr'>periculum</span> <span class='ocrx_word' id='word_1_59' title='bbox 992 454 1085 481; x_wconf 80' lang='lat' dir='ltr'>nostis</span> 
     </span>
    </p>
   </div>
   <div class='ocr_carea' id='block_1_12' title="bbox 254 497 1086 534">
    <p class='ocr_par' dir='ltr' id='par_1_12' title="bbox 254 497 1086 534">
     <span class='ocr_line' id='line_1_12' title="bbox 254 497 1086 534; baseline 0.004 -11"><span class='ocrx_word' id='word_1_60' title='bbox 254 504 371 530; x_wconf 88' lang='lat' dir='ltr'>omnes,</span> <span class='ocrx_word' id='word_1_61' title='bbox 385 498 534 532; x_wconf 82' lang='lat' dir='ltr'>quotquot</span> <span class='ocrx_word' id='word_1_62' title='bbox 548 497 709 531; x_wconf 78' lang='lat' dir='ltr'>Evangelia</span> <span class='ocrx_word' id='word_1_63' title='bbox 718 497 842 533; x_wconf 85' lang='lat' dir='ltr'>legistis,</span> <span class='ocrx_word' id='word_1_64' title='bbox 852 499 881 526; x_wconf 91' lang='lat' dir='ltr'>in</span> <span class='ocrx_word' id='word_1_65' title='bbox 896 498 1006 534; x_wconf 83' lang='lat' dir='ltr'>quibus</span> <span class='ocrx_word' id='word_1_66' title='bbox 1019 498 1086 534; x_wconf 83' lang='lat' dir='ltr'>ipsa</span> 
     </span>
    </p>
   </div>
   <div class='ocr_carea' id='block_1_13' title="bbox 254 540 1087 577">
    <p class='ocr_par' dir='ltr' id='par_1_13' title="bbox 254 540 1087 577">
     <span class='ocr_line' id='line_1_13' title="bbox 254 540 1087 577; baseline 0.004 -10"><span class='ocrx_word' id='word_1_67' title='bbox 254 540 358 568; x_wconf 91' lang='lat' dir='ltr'>divina</span> <span class='ocrx_word' id='word_1_68' title='bbox 372 548 432 568; x_wconf 78' lang='lat' dir='ltr'>vox</span> <span class='ocrx_word' id='word_1_69' title='bbox 443 540 515 568; x_wconf 90' lang='lat' dir='ltr'>dicit</span> <span class='ocrx_word' id='word_1_70' title='bbox 529 549 535 567; x_wconf 89' lang='lat'>:</span> <span class='ocrx_word' id='word_1_71' title='bbox 548 541 683 574; x_wconf 71' lang='lat' dir='ltr'>Expedit</span> <span class='ocrx_word' id='word_1_72' title='bbox 693 543 720 569; x_wconf 82' lang='lat' dir='ltr'>ei</span> <span class='ocrx_word' id='word_1_73' title='bbox 734 545 831 577; x_wconf 79' lang='lat' dir='ltr'>magis</span> <span class='ocrx_word' id='word_1_74' title='bbox 842 546 874 570; x_wconf 81' lang='lat' dir='ltr'>ut</span> <span class='ocrx_word' id='word_1_75' title='bbox 890 544 973 571; x_wconf 82' lang='lat' dir='ltr'>mola</span> <span class='ocrx_word' id='word_1_76' title='bbox 987 543 1087 571; x_wconf 79' lang='lat' dir='ltr'>asina-</span> 
     </span>
    </p>
   </div>
   <div class='ocr_carea' id='block_1_14' title="bbox 253 585 1084 622">
    <p class='ocr_par' dir='ltr' id='par_1_14' title="bbox 253 585 1084 622">
     <span class='ocr_line' id='line_1_14' title="bbox 253 585 1084 622; baseline 0.004 -10"><span class='ocrx_word' id='word_1_77' title='bbox 253 585 303 613; x_wconf 78' lang='lat' dir='ltr'>ria</span> <span class='ocrx_word' id='word_1_78' title='bbox 313 586 487 619; x_wconf 79' lang='lat' dir='ltr'>imponatur</span> <span class='ocrx_word' id='word_1_79' title='bbox 500 585 531 612; x_wconf 76' lang='lat' dir='ltr'>in</span> <span class='ocrx_word' id='word_1_80' title='bbox 543 586 621 613; x_wconf 83' lang='lat' dir='ltr'>collo</span> <span class='ocrx_word' id='word_1_81' title='bbox 631 587 706 620; x_wconf 80' lang='lat' dir='ltr'>ejus,</span> <span class='ocrx_word' id='word_1_82' title='bbox 718 589 744 614; x_wconf 88' lang='lat' dir='ltr'>ct</span> <span class='ocrx_word' id='word_1_83' title='bbox 757 587 940 621; x_wconf 71' lang='lat' dir='ltr'>proﬁciatur</span> <span class='ocrx_word' id='word_1_84' title='bbox 950 588 981 615; x_wconf 78' lang='lat' dir='ltr'>in</span> <span class='ocrx_word' id='word_1_85' title='bbox 992 594 1084 622; x_wconf 84' lang='lat' dir='ltr'>mare,</span> 
     </span>
    </p>
   </div>
   <div class='ocr_carea' id='block_1_15' title="bbox 254 629 1087 668">
    <p class='ocr_par' dir='ltr' id='par_1_15' title="bbox 254 629 1087 668">
     <span class='ocr_line' id='line_1_15' title="bbox 254 629 1087 668; baseline 0.002 -11"><span class='ocrx_word' id='word_1_86' title='bbox 254 637 345 665; x_wconf 82' lang='lat' dir='ltr'>quam</span> <span class='ocrx_word' id='word_1_87' title='bbox 356 629 580 658; x_wconf 79' lang='lat' dir='ltr'>utscandalizet</span> <span class='ocrx_word' id='word_1_88' title='bbox 590 638 683 658; x_wconf 84' lang='lat' dir='ltr'>unum</span> <span class='ocrx_word' id='word_1_89' title='bbox 692 631 729 659; x_wconf 86' lang='lat' dir='ltr'>de</span> <span class='ocrx_word' id='word_1_90' title='bbox 739 632 859 665; x_wconf 72' lang='lat' dir='ltr'>pusillis</span> <span class='ocrx_word' id='word_1_91' title='bbox 871 633 971 659; x_wconf 67' lang='lat' dir='ltr'>istis“.</span> <span class='ocrx_word' id='word_1_92' title='bbox 984 633 1087 668; x_wconf 84' lang='lat' dir='ltr'>Neque</span> 
     </span>
    </p>
   </div>
   <div class='ocr_carea' id='block_1_16' title="bbox 255 674 1087 704">
    <p class='ocr_par' dir='ltr' id='par_1_16' title="bbox 255 674 1087 704">
     <span class='ocr_line' id='line_1_16' title="bbox 255 674 1087 704; baseline 0.004 -3"><span class='ocrx_word' id='word_1_93' title='bbox 255 674 336 702; x_wconf 89' lang='lat' dir='ltr'>enim</span> <span class='ocrx_word' id='word_1_94' title='bbox 352 674 450 702; x_wconf 91' lang='lat' dir='ltr'>solum</span> <span class='ocrx_word' id='word_1_95' title='bbox 467 675 522 702; x_wconf 87' lang='lat' dir='ltr'>erit</span> <span class='ocrx_word' id='word_1_96' title='bbox 543 674 696 702; x_wconf 84' lang='lat' dir='ltr'>obnoxius</span> <span class='ocrx_word' id='word_1_97' title='bbox 718 675 879 704; x_wconf 82' lang='lat' dir='ltr'>desertoris</span> <span class='ocrx_word' id='word_1_98' title='bbox 902 676 1087 704; x_wconf 84' lang='lat' dir='ltr'>condemna-</span> 
     </span>
    </p>
   </div>
   <div class='ocr_carea' id='block_1_17' title="bbox 255 719 1089 758">
    <p class='ocr_par' dir='ltr' id='par_1_17' title="bbox 255 719 1089 758">
     <span class='ocr_line' id='line_1_17' title="bbox 255 719 1089 758; baseline 0.002 -11"><span class='ocrx_word' id='word_1_99' title='bbox 255 719 328 747; x_wconf 86' lang='lat' dir='ltr'>tioni</span> <span class='ocrx_word' id='word_1_100' title='bbox 357 728 364 747; x_wconf 88' lang='lat'><strong>:</strong></span> <span class='ocrx_word' id='word_1_101' title='bbox 393 719 448 747; x_wconf 89' lang='lat' dir='ltr'>sed</span> <span class='ocrx_word' id='word_1_102' title='bbox 467 720 558 748; x_wconf 87' lang='lat' dir='ltr'>etiam</span> <span class='ocrx_word' id='word_1_103' title='bbox 574 720 653 748; x_wconf 84' lang='lat' dir='ltr'>exitii</span> <span class='ocrx_word' id='word_1_104' title='bbox 668 728 774 749; x_wconf 90' lang='lat' dir='ltr'>eorum</span> <span class='ocrx_word' id='word_1_105' title='bbox 793 722 845 757; x_wconf 88' lang='lat' dir='ltr'>qui</span> <span class='ocrx_word' id='word_1_106' title='bbox 873 721 912 749; x_wconf 87' lang='lat' dir='ltr'>ab</span> <span class='ocrx_word' id='word_1_107' title='bbox 937 722 1004 758; x_wconf 86' lang='lat' dir='ltr'>ipso</span> <span class='ocrx_word' id='word_1_108' title='bbox 1019 725 1089 750; x_wconf 81' lang='lat' dir='ltr'>sunt</span> 
     </span>
    </p>
   </div>
   <div class='ocr_carea' id='block_1_18' title="bbox 255 764 1088 802">
    <p class='ocr_par' dir='ltr' id='par_1_18' title="bbox 255 764 1088 802">
     <span class='ocr_line' id='line_1_18' title="bbox 255 764 1088 802; baseline 0.002 -10"><span class='ocrx_word' id='word_1_109' title='bbox 255 764 361 800; x_wconf 84' lang='lat' dir='ltr'>eversi,</span> <span class='ocrx_word' id='word_1_110' title='bbox 377 771 446 792; x_wconf 89' lang='lat' dir='ltr'>reus</span> <span class='ocrx_word' id='word_1_111' title='bbox 458 764 575 792; x_wconf 86' lang='lat' dir='ltr'>futurus</span> <span class='ocrx_word' id='word_1_112' title='bbox 590 767 646 800; x_wconf 88' lang='lat' dir='ltr'>est,</span> <span class='ocrx_word' id='word_1_113' title='bbox 658 765 713 794; x_wconf 84' lang='lat' dir='ltr'>etsi</span> <span class='ocrx_word' id='word_1_114' title='bbox 727 765 822 793; x_wconf 78' lang='lat' dir='ltr'>stultis</span> <span class='ocrx_word' id='word_1_115' title='bbox 836 766 1021 802; x_wconf 84' lang='lat' dir='ltr'>quibusdam</span> <span class='ocrx_word' id='word_1_116' title='bbox 1037 774 1088 794; x_wconf 91' lang='lat' dir='ltr'>co-</span> 
     </span>
    </p>
   </div>
   <div class='ocr_carea' id='block_1_19' title="bbox 256 808 1088 845">
    <p class='ocr_par' dir='ltr' id='par_1_19' title="bbox 256 808 1088 845">
     <span class='ocr_line' id='line_1_19' title="bbox 256 808 1088 845; baseline 0.001 -8"><span class='ocrx_word' id='word_1_117' title='bbox 256 808 452 845; x_wconf 84' lang='lat' dir='ltr'>gitationibus</span> <span class='ocrx_word' id='word_1_118' title='bbox 466 809 653 844; x_wconf 81' lang='lat' dir='ltr'>persuadere</span> <span class='ocrx_word' id='word_1_119' title='bbox 667 809 724 837; x_wconf 89' lang='lat' dir='ltr'>sibi</span> <span class='ocrx_word' id='word_1_120' title='bbox 739 810 864 843; x_wconf 84' lang='lat' dir='ltr'>videtur,</span> <span class='ocrx_word' id='word_1_121' title='bbox 884 819 915 838; x_wconf 84' lang='lat' dir='ltr'>se</span> <span class='ocrx_word' id='word_1_122' title='bbox 931 811 961 838; x_wconf 90' lang='lat' dir='ltr'>in</span> <span class='ocrx_word' id='word_1_123' title='bbox 977 810 1088 839; x_wconf 61' lang='lat' dir='ltr'>saeculo</span> 
     </span>
    </p>
   </div>
   <div class='ocr_carea' id='block_1_20' title="bbox 256 853 1123 892">
    <p class='ocr_par' dir='ltr' id='par_1_20' title="bbox 256 853 1123 892">
     <span class='ocr_line' id='line_1_20' title="bbox 256 853 1123 892; baseline 0.002 -11"><span class='ocrx_word' id='word_1_124' title='bbox 256 854 416 888; x_wconf 86' lang='lat' dir='ltr'>degentem</span> <span class='ocrx_word' id='word_1_125' title='bbox 436 853 580 888; x_wconf 76' lang='lat' dir='ltr'>perbono.</span> <span class='ocrx_word' id='word_1_126' title='bbox 589 861 681 889; x_wconf 85' lang='lat' dir='ltr'><strong>opera</strong></span> <span class='ocrx_word' id='word_1_127' title='bbox 689 856 806 883; x_wconf 83' lang='lat' dir='ltr'>Numen</span> <span class='ocrx_word' id='word_1_128' title='bbox 818 863 884 883; x_wconf 86' lang='lat' dir='ltr'>esse</span> <span class='ocrx_word' id='word_1_129' title='bbox 896 855 1088 892; x_wconf 84' lang='lat' dir='ltr'>placaturum</span> <span class='ocrx_word' id='word_1_130' title='bbox 1104 864 1123 890; x_wconf 78' lang='grc' dir='ltr'><strong>Β</strong></span> 
     </span>
    </p>
   </div>
   <div class='ocr_carea' id='block_1_21' title="bbox 256 897 1089 935">
    <p class='ocr_par' dir='ltr' id='par_1_21' title="bbox 256 897 1089 935">
     <span class='ocr_line' id='line_1_21' title="bbox 256 897 1089 935; baseline 0.002 -9"><span class='ocrx_word' id='word_1_131' title='bbox 256 899 341 935; x_wconf 91' lang='lat' dir='ltr'>quod</span> <span class='ocrx_word' id='word_1_132' title='bbox 351 897 429 926; x_wconf 84' lang='lat' dir='ltr'>efﬁci</span> <span class='ocrx_word' id='word_1_133' title='bbox 442 897 481 925; x_wconf 87' lang='lat' dir='ltr'>ab</span> <span class='ocrx_word' id='word_1_134' title='bbox 491 897 560 934; x_wconf 87' lang='lat' dir='ltr'>ipso</span> <span class='ocrx_word' id='word_1_135' title='bbox 573 906 634 926; x_wconf 90' lang='lat' dir='ltr'>non</span> <span class='ocrx_word' id='word_1_136' title='bbox 647 901 758 934; x_wconf 85' lang='lat' dir='ltr'>potest.</span> <span class='ocrx_word' id='word_1_137' title='bbox 772 899 827 932; x_wconf 84' lang='lat' dir='ltr'>Qui</span> <span class='ocrx_word' id='word_1_138' title='bbox 838 900 919 928; x_wconf 87' lang='lat' dir='ltr'>enim</span> <span class='ocrx_word' id='word_1_139' title='bbox 930 900 960 928; x_wconf 90' lang='lat' dir='ltr'>in</span> <span class='ocrx_word' id='word_1_140' title='bbox 973 908 1009 928; x_wconf 89' lang='lat' dir='ltr'>eo</span> <span class='ocrx_word' id='word_1_141' title='bbox 1019 900 1089 928; x_wconf 70' lang='lat' dir='ltr'>vitas</span> 
     </span>
    </p>
   </div>
   <div class='ocr_carea' id='block_1_22' title="bbox 257 942 1090 980">
    <p class='ocr_par' dir='ltr' id='par_1_22' title="bbox 257 942 1090 980">
     <span class='ocr_line' id='line_1_22' title="bbox 257 942 1090 980; baseline 0.002 -9"><span class='ocrx_word' id='word_1_142' title='bbox 257 950 376 978; x_wconf 81' lang='lat' dir='ltr'>genere,</span> <span class='ocrx_word' id='word_1_143' title='bbox 393 942 423 970; x_wconf 93' lang='lat' dir='ltr'>in</span> <span class='ocrx_word' id='word_1_144' title='bbox 436 950 498 978; x_wconf 91' lang='lat' dir='ltr'>quo</span> <span class='ocrx_word' id='word_1_145' title='bbox 511 950 573 970; x_wconf 89' lang='lat' dir='ltr'>non</span> <span class='ocrx_word' id='word_1_146' title='bbox 588 943 684 971; x_wconf 80' lang='lat' dir='ltr'>facilis</span> <span class='ocrx_word' id='word_1_147' title='bbox 709 944 750 971; x_wconf 90' lang='lat' dir='ltr'>ad</span> <span class='ocrx_word' id='word_1_148' title='bbox 768 947 929 980; x_wconf 86' lang='lat' dir='ltr'>peccatum</span> <span class='ocrx_word' id='word_1_149' title='bbox 949 952 1090 973; x_wconf 79' lang='lat' dir='ltr'>accessus</span> 
     </span>
    </p>
   </div>
   <div class='ocr_carea' id='block_1_23' title="bbox 257 986 1089 1024">
    <p class='ocr_par' dir='ltr' id='par_1_23' title="bbox 257 986 1089 1024">
     <span class='ocr_line' id='line_1_23' title="bbox 257 986 1089 1024; baseline 0.001 -9"><span class='ocrx_word' id='word_1_150' title='bbox 257 989 350 1024; x_wconf 86' lang='lat' dir='ltr'>patet,</span> <span class='ocrx_word' id='word_1_151' title='bbox 365 986 405 1014; x_wconf 87' lang='lat' dir='ltr'>ob</span> <span class='ocrx_word' id='word_1_152' title='bbox 426 986 584 1015; x_wconf 79' lang='lat' dir='ltr'>assiduam</span> <span class='ocrx_word' id='word_1_153' title='bbox 599 987 694 1015; x_wconf 87' lang='lat' dir='ltr'>animi</span> <span class='ocrx_word' id='word_1_154' title='bbox 714 988 910 1016; x_wconf 79' lang='lat' dir='ltr'>attentionem</span> <span class='ocrx_word' id='word_1_155' title='bbox 927 988 1089 1017; x_wconf 83' lang='lat' dir='ltr'>adversarii</span> 
     </span>
    </p>
   </div>
   <div class='ocr_carea' id='block_1_24' title="bbox 257 1031 1090 1069">
    <p class='ocr_par' dir='ltr' id='par_1_24' title="bbox 257 1031 1090 1069">
     <span class='ocr_line' id='line_1_24' title="bbox 257 1031 1090 1069; baseline 0.001 -9"><span class='ocrx_word' id='word_1_156' title='bbox 257 1031 436 1060; x_wconf 84' lang='lat' dir='ltr'>luctationes</span> <span class='ocrx_word' id='word_1_157' title='bbox 472 1031 596 1060; x_wconf 75' lang='lat' dir='ltr'>sufferre</span> <span class='ocrx_word' id='word_1_158' title='bbox 621 1039 680 1060; x_wconf 89' lang='lat' dir='ltr'>non</span> <span class='ocrx_word' id='word_1_159' title='bbox 697 1033 804 1068; x_wconf 89' lang='lat' dir='ltr'>potuit,</span> <span class='ocrx_word' id='word_1_160' title='bbox 818 1033 974 1069; x_wconf 90' lang='lat' dir='ltr'>quomodo</span> <span class='ocrx_word' id='word_1_161' title='bbox 989 1033 1020 1061; x_wconf 90' lang='lat' dir='ltr'>in</span> <span class='ocrx_word' id='word_1_162' title='bbox 1031 1034 1090 1062; x_wconf 84' lang='lat' dir='ltr'>vita</span> 
     </span>
    </p>
   </div>
   <div class='ocr_carea' id='block_1_25' title="bbox 258 1076 1088 1114">
    <p class='ocr_par' dir='ltr' id='par_1_25' title="bbox 258 1076 1088 1114">
     <span class='ocr_line' id='line_1_25' title="bbox 258 1076 1088 1114; baseline 0.001 -9"><span class='ocrx_word' id='word_1_163' title='bbox 258 1076 360 1105; x_wconf 88' lang='lat' dir='ltr'>multis</span> <span class='ocrx_word' id='word_1_164' title='bbox 370 1076 502 1113; x_wconf 80' lang='lat' dir='ltr'>peccatis</span> <span class='ocrx_word' id='word_1_165' title='bbox 518 1077 666 1113; x_wconf 85' lang='lat' dir='ltr'>exposita,</span> <span class='ocrx_word' id='word_1_166' title='bbox 681 1078 768 1113; x_wconf 83' lang='lat' dir='ltr'>cujus</span> <span class='ocrx_word' id='word_1_167' title='bbox 779 1078 844 1114; x_wconf 89' lang='lat' dir='ltr'>ipse</span> <span class='ocrx_word' id='word_1_168' title='bbox 858 1078 895 1106; x_wconf 88' lang='lat' dir='ltr'>sit</span> <span class='ocrx_word' id='word_1_169' title='bbox 905 1079 1088 1114; x_wconf 82' lang='lat' dir='ltr'>moderator,</span> 
     </span>
    </p>
   </div>
   <div class='ocr_carea' id='block_1_26' title="bbox 257 1121 1089 1160">
    <p class='ocr_par' dir='ltr' id='par_1_26' title="bbox 257 1121 1089 1160">
     <span class='ocr_line' id='line_1_26' title="bbox 257 1121 1089 1160; baseline 0.002 -11"><span class='ocrx_word' id='word_1_170' title='bbox 257 1122 398 1150; x_wconf 88' lang='lat' dir='ltr'>virtutem</span> <span class='ocrx_word' id='word_1_171' title='bbox 408 1121 503 1150; x_wconf 82' lang='lat' dir='ltr'>ullam</span> <span class='ocrx_word' id='word_1_172' title='bbox 516 1121 653 1150; x_wconf 78' lang='lat' dir='ltr'>excolere</span> <span class='ocrx_word' id='word_1_173' title='bbox 669 1124 697 1150; x_wconf 87' lang='lat' dir='ltr'>et</span> <span class='ocrx_word' id='word_1_174' title='bbox 716 1129 852 1151; x_wconf 86' lang='lat' dir='ltr'>exercere</span> <span class='ocrx_word' id='word_1_175' title='bbox 880 1123 989 1160; x_wconf 85' lang='lat' dir='ltr'>poterit</span> <span class='ocrx_word' id='word_1_176' title='bbox 1002 1123 1016 1151; x_wconf 79' lang='lat' dir='ltr'>‘I</span> <span class='ocrx_word' id='word_1_177' title='bbox 1032 1123 1089 1152; x_wconf 87' lang='lat' dir='ltr'>Sed</span> 
     </span>
    </p>
   </div>
   <div class='ocr_carea' id='block_1_27' title="bbox 257 1166 1086 1204">
    <p class='ocr_par' dir='ltr' id='par_1_27' title="bbox 257 1166 1086 1204">
     <span class='ocr_line' id='line_1_27' title="bbox 257 1166 1086 1204; baseline 0.002 -10"><span class='ocrx_word' id='word_1_178' title='bbox 257 1168 291 1194; x_wconf 91' lang='lat' dir='ltr'>ut</span> <span class='ocrx_word' id='word_1_179' title='bbox 303 1166 353 1195; x_wconf 89' lang='lat' dir='ltr'>det</span> <span class='ocrx_word' id='word_1_180' title='bbox 373 1166 492 1202; x_wconf 88' lang='lat' dir='ltr'>aliquis,</span> <span class='ocrx_word' id='word_1_181' title='bbox 509 1174 580 1194; x_wconf 88' lang='lat' dir='ltr'>eum</span> <span class='ocrx_word' id='word_1_182' title='bbox 598 1167 692 1195; x_wconf 86' lang='lat' dir='ltr'>vitam</span> <span class='ocrx_word' id='word_1_183' title='bbox 704 1169 783 1196; x_wconf 87' lang='lat' dir='ltr'>recte</span> <span class='ocrx_word' id='word_1_184' title='bbox 810 1168 962 1196; x_wconf 88' lang='lat' dir='ltr'>moderari</span> <span class='ocrx_word' id='word_1_185' title='bbox 986 1176 1086 1204; x_wconf 88' lang='lat' dir='ltr'>posse,</span> 
     </span>
    </p>
   </div>
   <div class='ocr_carea' id='block_1_28' title="bbox 257 1210 1088 1248">
    <p class='ocr_par' dir='ltr' id='par_1_28' title="bbox 257 1210 1088 1248">
     <span class='ocr_line' id='line_1_28' title="bbox 257 1210 1088 1248; baseline 0.001 -9"><span class='ocrx_word' id='word_1_186' title='bbox 257 1213 360 1239; x_wconf 85' lang='lat' dir='ltr'>tamen</span> <span class='ocrx_word' id='word_1_187' title='bbox 374 1210 480 1238; x_wconf 82' lang='lat' dir='ltr'>Christi</span> <span class='ocrx_word' id='word_1_188' title='bbox 496 1211 629 1239; x_wconf 87' lang='lat' dir='ltr'>derelicti</span> <span class='ocrx_word' id='word_1_189' title='bbox 644 1212 758 1240; x_wconf 88' lang='lat' dir='ltr'>crimen</span> <span class='ocrx_word' id='word_1_190' title='bbox 766 1220 829 1240; x_wconf 91' lang='lat' dir='ltr'>non</span> <span class='ocrx_word' id='word_1_191' title='bbox 840 1212 982 1247; x_wconf 70' lang='lat' dir='ltr'>ettfugiet,</span> <span class='ocrx_word' id='word_1_192' title='bbox 997 1219 1088 1248; x_wconf 88' lang='lat' dir='ltr'>quem</span> 
     </span>
    </p>
   </div>
   <div class='ocr_carea' id='block_1_29' title="bbox 258 1255 1089 1292">
    <p class='ocr_par' dir='ltr' id='par_1_29' title="bbox 258 1255 1089 1292">
     <span class='ocr_line' id='line_1_29' title="bbox 258 1255 1089 1292; baseline 0.001 -8"><span class='ocrx_word' id='word_1_193' title='bbox 258 1255 427 1284; x_wconf 86' lang='lat' dir='ltr'>admodum</span> <span class='ocrx_word' id='word_1_194' title='bbox 439 1258 466 1284; x_wconf 88' lang='lat' dir='ltr'>et</span> <span class='ocrx_word' id='word_1_195' title='bbox 485 1255 516 1283; x_wconf 90' lang='lat' dir='ltr'>hi</span> <span class='ocrx_word' id='word_1_196' title='bbox 531 1255 671 1292; x_wconf 88' lang='lat' dir='ltr'>discipuli</span> <span class='ocrx_word' id='word_1_197' title='bbox 685 1256 716 1284; x_wconf 88' lang='lat' dir='ltr'>in</span> <span class='ocrx_word' id='word_1_198' title='bbox 741 1257 902 1292; x_wconf 88' lang='lat' dir='ltr'>Evangelio</span> <span class='ocrx_word' id='word_1_199' title='bbox 929 1257 1089 1292; x_wconf 82' lang='lat' dir='ltr'>designati,</span> 
     </span>
    </p>
   </div>
   <div class='ocr_carea' id='block_1_30' title="bbox 257 1300 1090 1336">
    <p class='ocr_par' dir='ltr' id='par_1_30' title="bbox 257 1300 1090 1336">
     <span class='ocr_line' id='line_1_30' title="bbox 257 1300 1090 1336; baseline 0.004 -9"><span class='ocrx_word' id='word_1_200' title='bbox 257 1300 296 1328; x_wconf 80' lang='lat' dir='ltr'>do</span> <span class='ocrx_word' id='word_1_201' title='bbox 310 1300 424 1336; x_wconf 88' lang='lat' dir='ltr'>quibus</span> <span class='ocrx_word' id='word_1_202' title='bbox 439 1300 561 1328; x_wconf 89' lang='lat' dir='ltr'>divinus</span> <span class='ocrx_word' id='word_1_203' title='bbox 576 1301 761 1335; x_wconf 82' lang='lat' dir='ltr'>evangelista</span> <span class='ocrx_word' id='word_1_204' title='bbox 781 1301 822 1329; x_wconf 82' lang='lat' dir='ltr'>ait</span> <span class='ocrx_word' id='word_1_205' title='bbox 845 1310 852 1329; x_wconf 92' lang='lat'>:</span> <span class='ocrx_word' id='word_1_206' title='bbox 875 1302 967 1329; x_wconf 77' lang='lat' dir='ltr'>Multi</span> <span class='ocrx_word' id='word_1_207' title='bbox 990 1304 1090 1330; x_wconf 78' lang='lat' dir='ltr'>autem</span> 
     </span>
    </p>
   </div>
   <div class='ocr_carea' id='block_1_31' title="bbox 257 1344 1090 1380">
    <p class='ocr_par' dir='ltr' id='par_1_31' title="bbox 257 1344 1090 1380">
     <span class='ocr_line' id='line_1_31' title="bbox 257 1344 1090 1380; baseline 0.001 -7"><span class='ocrx_word' id='word_1_208' title='bbox 257 1344 622 1379; x_wconf 77' lang='lat' dir='ltr'>discipulorumabz’erunl</span> <span class='ocrx_word' id='word_1_209' title='bbox 632 1347 725 1380; x_wconf 77' lang='lat' dir='ltr'>retro,</span> <span class='ocrx_word' id='word_1_210' title='bbox 741 1348 769 1373; x_wconf 81' lang='lat' dir='ltr'>et</span> <span class='ocrx_word' id='word_1_211' title='bbox 773 1347 841 1380; x_wconf 85' lang='lat' dir='ltr'>jam</span> <span class='ocrx_word' id='word_1_212' title='bbox 869 1353 930 1374; x_wconf 86' lang='lat' dir='ltr'>non</span> <span class='ocrx_word' id='word_1_213' title='bbox 953 1347 1090 1374; x_wconf 86' lang='lat' dir='ltr'>ambula-</span> 
     </span>
    </p>
   </div>
   <div class='ocr_carea' id='block_1_32' title="bbox 259 1389 1087 1427">
    <p class='ocr_par' dir='ltr' id='par_1_32' title="bbox 259 1389 1087 1427">
     <span class='ocr_line' id='line_1_32' title="bbox 259 1389 1087 1427; baseline 0.001 -9"><span class='ocrx_word' id='word_1_214' title='bbox 259 1390 331 1418; x_wconf 84' lang='lat' dir='ltr'>bant</span> <span class='ocrx_word' id='word_1_215' title='bbox 338 1397 405 1417; x_wconf 85' lang='lat' dir='ltr'>cum</span> <span class='ocrx_word' id='word_1_216' title='bbox 411 1389 742 1424; x_wconf 78' lang='lat' dir='ltr'>Jesu,dicentes.&#39;Durus</span> <span class='ocrx_word' id='word_1_217' title='bbox 747 1393 891 1418; x_wconf 77' lang='lat' dir='ltr'>estsermo</span> <span class='ocrx_word' id='word_1_218' title='bbox 898 1391 991 1425; x_wconf 79' lang='lat' dir='ltr'>ipsius</span> <span class='ocrx_word' id='word_1_219' title='bbox 1000 1391 1087 1427; x_wconf 73' lang='lat'><strong>203</strong></span> 
     </span>
    </p>
   </div>
   <div class='ocr_carea' id='block_1_33' title="bbox 259 1434 1090 1471">
    <p class='ocr_par' dir='ltr' id='par_1_33' title="bbox 259 1434 1090 1471">
     <span class='ocr_line' id='line_1_33' title="bbox 259 1434 1090 1471; baseline 0.002 -9"><span class='ocrx_word' id='word_1_220' title='bbox 259 1436 326 1471; x_wconf 83' lang='lat' dir='ltr'>quis</span> <span class='ocrx_word' id='word_1_221' title='bbox 332 1434 433 1470; x_wconf 76' lang='lat' dir='ltr'>potest</span> <span class='ocrx_word' id='word_1_222' title='bbox 443 1442 509 1463; x_wconf 85' lang='lat' dir='ltr'>cum</span> <span class='ocrx_word' id='word_1_223' title='bbox 521 1435 629 1463; x_wconf 77' lang='lat' dir='ltr'>audire</span> <span class='ocrx_word' id='word_1_224' title='bbox 639 1435 664 1452; x_wconf 79' lang='grc' dir='ltr'>⁷ο</span> <span class='ocrx_word' id='word_1_225' title='bbox 674 1436 685 1462; x_wconf 79' lang='lat' dir='ltr'><strong>‘t</strong></span> <span class='ocrx_word' id='word_1_226' title='bbox 696 1436 736 1463; x_wconf 88' lang='lat' dir='ltr'>Ea.</span> <span class='ocrx_word' id='word_1_227' title='bbox 751 1435 832 1463; x_wconf 90' lang='lat' dir='ltr'>enim</span> <span class='ocrx_word' id='word_1_228' title='bbox 845 1435 882 1463; x_wconf 91' lang='lat' dir='ltr'>de</span> <span class='ocrx_word' id='word_1_229' title='bbox 898 1444 991 1464; x_wconf 82' lang='lat' dir='ltr'>causa.</span> <span class='ocrx_word' id='word_1_230' title='bbox 1007 1436 1090 1464; x_wconf 84' lang='lat' dir='ltr'>beni-</span> 
     </span>
    </p>
   </div>
   <div class='ocr_carea' id='block_1_34' title="bbox 259 1478 1090 1516">
    <p class='ocr_par' dir='ltr' id='par_1_34' title="bbox 259 1478 1090 1516">
     <span class='ocr_line' id='line_1_34' title="bbox 259 1478 1090 1516; baseline 0 -9"><span class='ocrx_word' id='word_1_231' title='bbox 259 1479 425 1514; x_wconf 85' lang='lat' dir='ltr'>gnissimus</span> <span class='ocrx_word' id='word_1_232' title='bbox 438 1480 514 1506; x_wconf 86' lang='lat' dir='ltr'>Deus</span> <span class='ocrx_word' id='word_1_233' title='bbox 529 1478 616 1506; x_wconf 86' lang='lat' dir='ltr'>saluti</span> <span class='ocrx_word' id='word_1_234' title='bbox 632 1481 742 1507; x_wconf 65' lang='lat' dir='ltr'>nostris</span> <span class='ocrx_word' id='word_1_235' title='bbox 754 1479 1024 1516; x_wconf 80' lang='lat' dir='ltr'>providens,vitam</span> <span class='ocrx_word' id='word_1_236' title='bbox 1037 1480 1090 1508; x_wconf 88' lang='lat' dir='ltr'>ho-</span> 
     </span>
    </p>
   </div>
   <div class='ocr_carea' id='block_1_35' title="bbox 257 1523 1089 1560">
    <p class='ocr_par' dir='ltr' id='par_1_35' title="bbox 257 1523 1089 1560">
     <span class='ocr_line' id='line_1_35' title="bbox 257 1523 1089 1560; baseline 0 -8"><span class='ocrx_word' id='word_1_237' title='bbox 257 1524 377 1552; x_wconf 89' lang='lat' dir='ltr'>minum</span> <span class='ocrx_word' id='word_1_238' title='bbox 387 1523 490 1551; x_wconf 86' lang='lat' dir='ltr'>divisit</span> <span class='ocrx_word' id='word_1_239' title='bbox 504 1523 533 1550; x_wconf 92' lang='lat' dir='ltr'>in</span> <span class='ocrx_word' id='word_1_240' title='bbox 550 1523 661 1560; x_wconf 82' lang='lat' dir='ltr'>duplex</span> <span class='ocrx_word' id='word_1_241' title='bbox 681 1523 750 1551; x_wconf 62' lang='lat' dir='ltr'>vita</span> <span class='ocrx_word' id='word_1_242' title='bbox 781 1532 888 1560; x_wconf 88' lang='lat' dir='ltr'>genus,</span> <span class='ocrx_word' id='word_1_243' title='bbox 912 1525 1089 1560; x_wconf 83' lang='lat' dir='ltr'>conjugium</span> 
     </span>
    </p>
   </div>
   <div class='ocr_carea' id='block_1_36' title="bbox 259 1568 1090 1604">
    <p class='ocr_par' dir='ltr' id='par_1_36' title="bbox 259 1568 1090 1604">
     <span class='ocr_line' id='line_1_36' title="bbox 259 1568 1090 1604; baseline 0.002 -8"><span class='ocrx_word' id='word_1_244' title='bbox 259 1569 327 1597; x_wconf 85' lang='lat' dir='ltr'>dico</span> <span class='ocrx_word' id='word_1_245' title='bbox 341 1577 377 1596; x_wconf 86' lang='lat' dir='ltr'>ac</span> <span class='ocrx_word' id='word_1_246' title='bbox 391 1568 607 1602; x_wconf 83' lang='lat' dir='ltr'>virginitatem,</span> <span class='ocrx_word' id='word_1_247' title='bbox 623 1570 656 1596; x_wconf 87' lang='lat' dir='ltr'>ut</span> <span class='ocrx_word' id='word_1_248' title='bbox 677 1568 729 1604; x_wconf 88' lang='lat' dir='ltr'>qui</span> <span class='ocrx_word' id='word_1_249' title='bbox 744 1568 925 1604; x_wconf 82' lang='lat' dir='ltr'>virginitatis</span> <span class='ocrx_word' id='word_1_250' title='bbox 938 1571 1090 1598; x_wconf 83' lang='lat' dir='ltr'>certamen</span> 
     </span>
    </p>
   </div>
   <div class='ocr_carea' id='block_1_37' title="bbox 259 1612 1088 1649">
    <p class='ocr_par' dir='ltr' id='par_1_37' title="bbox 259 1612 1088 1649">
     <span class='ocr_line' id='line_1_37' title="bbox 259 1612 1088 1649; baseline 0.002 -9"><span class='ocrx_word' id='word_1_251' title='bbox 259 1612 362 1641; x_wconf 87' lang='lat' dir='ltr'>subire</span> <span class='ocrx_word' id='word_1_252' title='bbox 374 1620 436 1640; x_wconf 88' lang='lat' dir='ltr'>non</span> <span class='ocrx_word' id='word_1_253' title='bbox 450 1612 574 1647; x_wconf 88' lang='lat' dir='ltr'>valeret,</span> <span class='ocrx_word' id='word_1_254' title='bbox 588 1612 637 1640; x_wconf 89' lang='lat' dir='ltr'>hic</span> <span class='ocrx_word' id='word_1_255' title='bbox 653 1613 710 1641; x_wconf 89' lang='lat' dir='ltr'>sibi</span> <span class='ocrx_word' id='word_1_256' title='bbox 735 1613 914 1649; x_wconf 87' lang='lat' dir='ltr'>adjungeret</span> <span class='ocrx_word' id='word_1_257' title='bbox 940 1622 1065 1642; x_wconf 79' lang='lat' dir='ltr'>uxorem</span> <span class='ocrx_word' id='word_1_258' title='bbox 1082 1622 1088 1642; x_wconf 90' lang='lat'>:</span> 
     </span>
    </p>
   </div>
   <div class='ocr_carea' id='block_1_38' title="bbox 259 1656 1091 1689">
    <p class='ocr_par' dir='ltr' id='par_1_38' title="bbox 259 1656 1091 1689">
     <span class='ocr_line' id='line_1_38' title="bbox 259 1656 1091 1689; baseline 0 -3"><span class='ocrx_word' id='word_1_259' title='bbox 259 1658 301 1686; x_wconf 90' lang='lat' dir='ltr'>sic</span> <span class='ocrx_word' id='word_1_260' title='bbox 314 1659 426 1689; x_wconf 84' lang='lat' dir='ltr'>tamen,</span> <span class='ocrx_word' id='word_1_261' title='bbox 443 1659 475 1684; x_wconf 91' lang='lat' dir='ltr'>ut</span> <span class='ocrx_word' id='word_1_262' title='bbox 490 1656 564 1685; x_wconf 90' lang='lat' dir='ltr'>illud</span> <span class='ocrx_word' id='word_1_263' title='bbox 581 1657 679 1689; x_wconf 86' lang='lat' dir='ltr'>sciret,</span> <span class='ocrx_word' id='word_1_264' title='bbox 696 1657 886 1686; x_wconf 86' lang='lat' dir='ltr'>reddendam</span> <span class='ocrx_word' id='word_1_265' title='bbox 897 1658 955 1686; x_wconf 89' lang='lat' dir='ltr'>sibi</span> <span class='ocrx_word' id='word_1_266' title='bbox 967 1666 1033 1686; x_wconf 87' lang='lat' dir='ltr'>esse</span> <span class='ocrx_word' id='word_1_267' title='bbox 1045 1666 1091 1686; x_wconf 89' lang='lat' dir='ltr'>ra-</span> 
     </span>
    </p>
   </div>
   <div class='ocr_carea' id='block_1_39' title="bbox 259 1701 1092 1739">
    <p class='ocr_par' dir='ltr' id='par_1_39' title="bbox 259 1701 1092 1739">
     <span class='ocr_line' id='line_1_39' title="bbox 259 1701 1092 1739; baseline 0.001 -9"><span class='ocrx_word' id='word_1_268' title='bbox 259 1704 373 1731; x_wconf 86' lang='lat' dir='ltr'>tionem</span> <span class='ocrx_word' id='word_1_269' title='bbox 398 1701 602 1737; x_wconf 66' lang='lat' dir='ltr'>continentiae,</span> <span class='ocrx_word' id='word_1_270' title='bbox 629 1703 870 1739; x_wconf 87' lang='lat' dir='ltr'>sanctitatisque,</span> <span class='ocrx_word' id='word_1_271' title='bbox 892 1705 920 1732; x_wconf 91' lang='lat' dir='ltr'>et</span> <span class='ocrx_word' id='word_1_272' title='bbox 935 1704 1000 1739; x_wconf 85' lang='lat' dir='ltr'>ejus</span> <span class='ocrx_word' id='word_1_273' title='bbox 1022 1711 1092 1732; x_wconf 90' lang='lat' dir='ltr'>cum</span> 
     </span>
    </p>
   </div>
   <div class='ocr_carea' id='block_1_40' title="bbox 260 1747 1092 1783">
    <p class='ocr_par' dir='ltr' id='par_1_40' title="bbox 260 1747 1092 1783">
     <span class='ocr_line' id='line_1_40' title="bbox 260 1747 1092 1783; baseline 0 -7"><span class='ocrx_word' id='word_1_274' title='bbox 260 1748 307 1776; x_wconf 90' lang='lat' dir='ltr'>his</span> <span class='ocrx_word' id='word_1_275' title='bbox 323 1747 443 1781; x_wconf 85' lang='lat' dir='ltr'>sanctis,</span> <span class='ocrx_word' id='word_1_276' title='bbox 457 1747 510 1783; x_wconf 90' lang='lat' dir='ltr'>qui</span> <span class='ocrx_word' id='word_1_277' title='bbox 524 1747 555 1775; x_wconf 90' lang='lat' dir='ltr'>in</span> <span class='ocrx_word' id='word_1_278' title='bbox 567 1747 709 1783; x_wconf 80' lang='lat' dir='ltr'>conjugio</span> <span class='ocrx_word' id='word_1_279' title='bbox 721 1750 749 1775; x_wconf 89' lang='lat' dir='ltr'>et</span> <span class='ocrx_word' id='word_1_280' title='bbox 764 1747 795 1775; x_wconf 90' lang='lat' dir='ltr'>in</span> <span class='ocrx_word' id='word_1_281' title='bbox 808 1747 972 1776; x_wconf 90' lang='lat' dir='ltr'>liberorum</span> <span class='ocrx_word' id='word_1_282' title='bbox 983 1748 1092 1776; x_wconf 63' lang='lat' dir='ltr'>educe:</span> 
     </span>
    </p>
   </div>
   <div class='ocr_carea' id='block_1_41' title="bbox 259 1792 1092 1827">
    <p class='ocr_par' dir='ltr' id='par_1_41' title="bbox 259 1792 1092 1827">
     <span class='ocr_line' id='line_1_41' title="bbox 259 1792 1092 1827; baseline -0.001 -6"><span class='ocrx_word' id='word_1_283' title='bbox 259 1792 339 1821; x_wconf 88' lang='lat' dir='ltr'>tione</span> <span class='ocrx_word' id='word_1_284' title='bbox 367 1793 461 1820; x_wconf 85' lang='lat' dir='ltr'>vitam</span> <span class='ocrx_word' id='word_1_285' title='bbox 489 1795 626 1827; x_wconf 87' lang='lat' dir='ltr'>egerunt,</span> <span class='ocrx_word' id='word_1_286' title='bbox 640 1792 857 1821; x_wconf 86' lang='lat' dir='ltr'>similitudinis.</span> <span class='ocrx_word' id='word_1_287' title='bbox 870 1793 969 1826; x_wconf 83' lang='lat' dir='ltr'>Qualis</span> <span class='ocrx_word' id='word_1_288' title='bbox 983 1795 1047 1821; x_wconf 85' lang='lat' dir='ltr'>erat</span> <span class='ocrx_word' id='word_1_289' title='bbox 1060 1793 1092 1820; x_wconf 92' lang='lat' dir='ltr'>in</span> 
     </span>
    </p>
   </div>
   <div class='ocr_carea' id='block_1_42' title="bbox 261 1836 1093 1872">
    <p class='ocr_par' dir='ltr' id='par_1_42' title="bbox 261 1836 1093 1872">
     <span class='ocr_line' id='line_1_42' title="bbox 261 1836 1093 1872; baseline 0 -8"><span class='ocrx_word' id='word_1_290' title='bbox 261 1837 356 1865; x_wconf 83' lang='lat' dir='ltr'>Veteri</span> <span class='ocrx_word' id='word_1_291' title='bbox 368 1837 557 1864; x_wconf 84' lang='lat' dir='ltr'>Testamento</span> <span class='ocrx_word' id='word_1_292' title='bbox 568 1836 733 1871; x_wconf 79' lang='lat' dir='ltr'>Abraham,</span> <span class='ocrx_word' id='word_1_293' title='bbox 748 1837 801 1872; x_wconf 90' lang='lat' dir='ltr'>qui</span> <span class='ocrx_word' id='word_1_294' title='bbox 816 1837 906 1865; x_wconf 90' lang='lat' dir='ltr'>unico</span> <span class='ocrx_word' id='word_1_295' title='bbox 931 1837 993 1865; x_wconf 77' lang='lat' dir='ltr'>ﬁlio</span> <span class='ocrx_word' id='word_1_296' title='bbox 1019 1837 1093 1865; x_wconf 87' lang='lat' dir='ltr'>citra</span> 
     </span>
    </p>
   </div>
   <div class='ocr_carea' id='block_1_43' title="bbox 261 1881 1094 1916">
    <p class='ocr_par' dir='ltr' id='par_1_43' title="bbox 261 1881 1094 1916">
     <span class='ocr_line' id='line_1_43' title="bbox 261 1881 1094 1916; baseline 0 -6"><span class='ocrx_word' id='word_1_297' title='bbox 261 1882 399 1910; x_wconf 87' lang='lat' dir='ltr'>dolorem</span> <span class='ocrx_word' id='word_1_298' title='bbox 414 1889 449 1909; x_wconf 85' lang='lat' dir='ltr'>ac</span> <span class='ocrx_word' id='word_1_299' title='bbox 463 1881 633 1909; x_wconf 89' lang='lat' dir='ltr'>molestiam</span> <span class='ocrx_word' id='word_1_300' title='bbox 645 1881 812 1916; x_wconf 84' lang='lat' dir='ltr'>immolato,</span> <span class='ocrx_word' id='word_1_301' title='bbox 825 1881 895 1909; x_wconf 90' lang='lat' dir='ltr'>inde</span> <span class='ocrx_word' id='word_1_302' title='bbox 907 1881 1094 1916; x_wconf 83' lang='lat' dir='ltr'>gloriabatur</span> 
     </span>
    </p>
   </div>
   <div class='ocr_carea' id='block_1_44' title="bbox 263 1925 1094 1962">
    <p class='ocr_par' dir='ltr' id='par_1_44' title="bbox 263 1925 1094 1962">
     <span class='ocr_line' id='line_1_44' title="bbox 263 1925 1094 1962; baseline 0 -8"><span class='ocrx_word' id='word_1_303' title='bbox 263 1926 348 1962; x_wconf 87' lang='lat' dir='ltr'>quod</span> <span class='ocrx_word' id='word_1_304' title='bbox 364 1927 459 1953; x_wconf 90' lang='lat' dir='ltr'>Deum</span> <span class='ocrx_word' id='word_1_305' title='bbox 475 1925 655 1961; x_wconf 72' lang='lat' dir='ltr'>pmtulisset</span> <span class='ocrx_word' id='word_1_306' title='bbox 670 1934 677 1953; x_wconf 91' lang='lat'><strong>:</strong></span> <span class='ocrx_word' id='word_1_307' title='bbox 697 1925 750 1961; x_wconf 88' lang='lat' dir='ltr'>qui</span> <span class='ocrx_word' id='word_1_308' title='bbox 765 1926 867 1959; x_wconf 85' lang='lat' dir='ltr'>etiam,</span> <span class='ocrx_word' id='word_1_309' title='bbox 884 1933 953 1953; x_wconf 88' lang='lat' dir='ltr'>cum</span> <span class='ocrx_word' id='word_1_310' title='bbox 967 1925 1007 1953; x_wconf 88' lang='lat' dir='ltr'>ad</span> <span class='ocrx_word' id='word_1_311' title='bbox 1018 1926 1094 1954; x_wconf 80' lang='lat' dir='ltr'>exci-</span> 
     </span>
    </p>
   </div>
   <div class='ocr_carea' id='block_1_45' title="bbox 262 1969 1095 2006">
    <p class='ocr_par' dir='ltr' id='par_1_45' title="bbox 262 1969 1095 2006">
     <span class='ocr_line' id='line_1_45' title="bbox 262 1969 1095 2006; baseline 0 -8"><span class='ocrx_word' id='word_1_312' title='bbox 262 1969 390 2006; x_wconf 82' lang='lat' dir='ltr'>piend05</span> <span class='ocrx_word' id='word_1_313' title='bbox 402 1970 578 2005; x_wconf 88' lang='lat' dir='ltr'>peregrinos</span> <span class='ocrx_word' id='word_1_314' title='bbox 587 1971 712 2005; x_wconf 84' lang='lat' dir='ltr'>paratus</span> <span class='ocrx_word' id='word_1_315' title='bbox 727 1972 815 2006; x_wconf 88' lang='lat' dir='ltr'>esset,</span> <span class='ocrx_word' id='word_1_316' title='bbox 828 1970 907 1998; x_wconf 83' lang='lat' dir='ltr'>fores</span> <span class='ocrx_word' id='word_1_317' title='bbox 917 1970 1095 1998; x_wconf 84' lang='lat' dir='ltr'>tabernacu-</span> 
     </span>
    </p>
   </div>
   <div class='ocr_carea' id='block_1_46' title="bbox 263 2014 1095 2050">
    <p class='ocr_par' dir='ltr' id='par_1_46' title="bbox 263 2014 1095 2050">
     <span class='ocr_line' id='line_1_46' title="bbox 263 2014 1095 2050; baseline 0.001 -7"><span class='ocrx_word' id='word_1_318' title='bbox 263 2015 284 2043; x_wconf 88' lang='lat' dir='ltr'>li</span> <span class='ocrx_word' id='word_1_319' title='bbox 296 2014 343 2043; x_wconf 87' lang='lat' dir='ltr'>sui</span> <span class='ocrx_word' id='word_1_320' title='bbox 358 2016 478 2050; x_wconf 85' lang='lat' dir='ltr'>apertas</span> <span class='ocrx_word' id='word_1_321' title='bbox 494 2014 624 2042; x_wconf 85' lang='lat' dir='ltr'>tenebat.</span> <span class='ocrx_word' id='word_1_322' title='bbox 643 2015 707 2042; x_wconf 88' lang='lat' dir='ltr'>Non</span> <span class='ocrx_word' id='word_1_323' title='bbox 739 2014 819 2042; x_wconf 88' lang='lat' dir='ltr'>enim</span> <span class='ocrx_word' id='word_1_324' title='bbox 841 2014 973 2043; x_wconf 86' lang='lat' dir='ltr'>audivit:</span> <span class='ocrx_word' id='word_1_325' title='bbox 998 2015 1095 2044; x_wconf 80' lang='lat' dir='ltr'>Vende</span> 
     </span>
    </p>
   </div>
   <div class='ocr_carea' id='block_1_47' title="bbox 264 2059 1095 2097">
    <p class='ocr_par' dir='ltr' id='par_1_47' title="bbox 264 2059 1095 2097">
     <span class='ocr_line' id='line_1_47' title="bbox 264 2059 1095 2097; baseline 0.001 -10"><span class='ocrx_word' id='word_1_326' title='bbox 264 2067 331 2096; x_wconf 66' lang='lat' dir='ltr'>quae</span> <span class='ocrx_word' id='word_1_327' title='bbox 342 2059 441 2093; x_wconf 80' lang='lat' dir='ltr'>habes,</span> <span class='ocrx_word' id='word_1_328' title='bbox 451 2062 479 2088; x_wconf 81' lang='lat' dir='ltr'>et</span> <span class='ocrx_word' id='word_1_329' title='bbox 490 2059 530 2087; x_wconf 85' lang='lat' dir='ltr'>da</span> <span class='ocrx_word' id='word_1_330' title='bbox 537 2059 762 2094; x_wconf 79' lang='lat' dir='ltr'>pauperibus&quot;.</span> <span class='ocrx_word' id='word_1_331' title='bbox 778 2061 840 2087; x_wconf 91' lang='lat' dir='ltr'>lmo</span> <span class='ocrx_word' id='word_1_332' title='bbox 855 2060 909 2088; x_wconf 86' lang='lat' dir='ltr'>Job</span> <span class='ocrx_word' id='word_1_333' title='bbox 923 2062 951 2088; x_wconf 89' lang='lat' dir='ltr'>et</span> <span class='ocrx_word' id='word_1_334' title='bbox 965 2060 1015 2088; x_wconf 87' lang='lat' dir='ltr'>alii</span> <span class='ocrx_word' id='word_1_335' title='bbox 1028 2060 1095 2097; x_wconf 88' lang='lat' dir='ltr'>plu-</span> 
     </span>
    </p>
   </div>
   <div class='ocr_carea' id='block_1_48' title="bbox 264 2104 1093 2142">
    <p class='ocr_par' dir='ltr' id='par_1_48' title="bbox 264 2104 1093 2142">
     <span class='ocr_line' id='line_1_48' title="bbox 264 2104 1093 2142; baseline 0.002 -9"><span class='ocrx_word' id='word_1_336' title='bbox 264 2104 343 2140; x_wconf 90' lang='lat' dir='ltr'>rimi,</span> <span class='ocrx_word' id='word_1_337' title='bbox 361 2104 516 2141; x_wconf 86' lang='lat' dir='ltr'>Davidque</span> <span class='ocrx_word' id='word_1_338' title='bbox 528 2106 557 2132; x_wconf 90' lang='lat' dir='ltr'>et</span> <span class='ocrx_word' id='word_1_339' title='bbox 573 2104 691 2133; x_wconf 86' lang='lat' dir='ltr'>Samuel</span> <span class='ocrx_word' id='word_1_340' title='bbox 710 2104 757 2132; x_wconf 85' lang='lat' dir='ltr'>his</span> <span class='ocrx_word' id='word_1_341' title='bbox 776 2105 894 2140; x_wconf 82' lang='lat' dir='ltr'>majora</span> <span class='ocrx_word' id='word_1_342' title='bbox 917 2106 1093 2142; x_wconf 72' lang='lat' dir='ltr'>praestitere.</span> 
     </span>
    </p>
   </div>
   <div class='ocr_carea' id='block_1_49' title="bbox 265 2149 1092 2186">
    <p class='ocr_par' dir='ltr' id='par_1_49' title="bbox 265 2149 1092 2186">
     <span class='ocr_line' id='line_1_49' title="bbox 265 2149 1092 2186; baseline 0 -8"><span class='ocrx_word' id='word_1_343' title='bbox 265 2150 337 2179; x_wconf 83' lang='lat' dir='ltr'>Erat</span> <span class='ocrx_word' id='word_1_344' title='bbox 347 2157 470 2186; x_wconf 91' lang='lat' dir='ltr'>quoque</span> <span class='ocrx_word' id='word_1_345' title='bbox 479 2149 630 2185; x_wconf 86' lang='lat' dir='ltr'>ejusmodi</span> <span class='ocrx_word' id='word_1_346' title='bbox 640 2149 745 2177; x_wconf 88' lang='lat' dir='ltr'>Petrus</span> <span class='ocrx_word' id='word_1_347' title='bbox 758 2149 790 2177; x_wconf 89' lang='lat' dir='ltr'>in</span> <span class='ocrx_word' id='word_1_348' title='bbox 800 2151 882 2178; x_wconf 90' lang='lat' dir='ltr'>Novo</span> <span class='ocrx_word' id='word_1_349' title='bbox 894 2151 1092 2184; x_wconf 84' lang='lat' dir='ltr'>Testamento,</span> 
     </span>
    </p>
   </div>
   <div class='ocr_carea' id='block_1_50' title="bbox 267 2194 1094 2230">
    <p class='ocr_par' dir='ltr' id='par_1_50' title="bbox 267 2194 1094 2230">
     <span class='ocr_line' id='line_1_50' title="bbox 267 2194 1094 2230; baseline 0 -7"><span class='ocrx_word' id='word_1_350' title='bbox 267 2203 304 2223; x_wconf 79' lang='lat' dir='ltr'>ac</span> <span class='ocrx_word' id='word_1_351' title='bbox 325 2194 423 2223; x_wconf 59' lang='lat' dir='ltr'>caeteri</span> <span class='ocrx_word' id='word_1_352' title='bbox 448 2194 585 2230; x_wconf 89' lang='lat' dir='ltr'>apostoli.</span> <span class='ocrx_word' id='word_1_353' title='bbox 603 2194 719 2222; x_wconf 89' lang='lat' dir='ltr'>Etenim</span> <span class='ocrx_word' id='word_1_354' title='bbox 748 2194 862 2222; x_wconf 87' lang='lat' dir='ltr'>fructus</span> <span class='ocrx_word' id='word_1_355' title='bbox 883 2194 1050 2223; x_wconf 86' lang='lat' dir='ltr'>dilectionis</span> <span class='ocrx_word' id='word_1_356' title='bbox 1062 2195 1094 2224; x_wconf 89' lang='lat' dir='ltr'>in</span> 
     </span>
    </p>
   </div>
   <div class='ocr_carea' id='block_1_51' title="bbox 268 2238 1094 2276">
    <p class='ocr_par' dir='ltr' id='par_1_51' title="bbox 268 2238 1094 2276">
     <span class='ocr_line' id='line_1_51' title="bbox 268 2238 1094 2276; baseline 0 -9"><span class='ocrx_word' id='word_1_357' title='bbox 268 2239 364 2268; x_wconf 88' lang='lat' dir='ltr'>Deum</span> <span class='ocrx_word' id='word_1_358' title='bbox 378 2247 414 2267; x_wconf 87' lang='lat' dir='ltr'>ac</span> <span class='ocrx_word' id='word_1_359' title='bbox 428 2239 599 2275; x_wconf 87' lang='lat' dir='ltr'>proximum</span> <span class='ocrx_word' id='word_1_360' title='bbox 612 2238 652 2267; x_wconf 86' lang='lat' dir='ltr'>ab</span> <span class='ocrx_word' id='word_1_361' title='bbox 667 2246 853 2275; x_wconf 86' lang='lat' dir='ltr'>unoquoque</span> <span class='ocrx_word' id='word_1_362' title='bbox 873 2238 996 2267; x_wconf 87' lang='lat' dir='ltr'>homine</span> <span class='ocrx_word' id='word_1_363' title='bbox 1010 2247 1094 2276; x_wconf 90' lang='lat' dir='ltr'>repe-</span> 
     </span>
    </p>
   </div>
   <div class='ocr_carea' id='block_1_52' title="bbox 268 2283 1093 2320">
    <p class='ocr_par' dir='ltr' id='par_1_52' title="bbox 268 2283 1093 2320">
     <span class='ocr_line' id='line_1_52' title="bbox 268 2283 1093 2320; baseline 0 -8"><span class='ocrx_word' id='word_1_364' title='bbox 268 2284 352 2312; x_wconf 90' lang='lat' dir='ltr'>tendi</span> <span class='ocrx_word' id='word_1_365' title='bbox 371 2286 441 2312; x_wconf 90' lang='lat' dir='ltr'>sunt</span> <span class='ocrx_word' id='word_1_366' title='bbox 457 2291 463 2317; x_wconf 86' lang='lat'>;</span> <span class='ocrx_word' id='word_1_367' title='bbox 477 2283 647 2320; x_wconf 88' lang='lat' dir='ltr'>horumque</span> <span class='ocrx_word' id='word_1_368' title='bbox 671 2283 898 2317; x_wconf 86' lang='lat' dir='ltr'>mandatorum,</span> <span class='ocrx_word' id='word_1_369' title='bbox 921 2292 974 2311; x_wconf 89' lang='lat' dir='ltr'>seu</span> <span class='ocrx_word' id='word_1_370' title='bbox 993 2284 1093 2320; x_wconf 81' lang='lat' dir='ltr'>potius</span> 
     </span>
    </p>
   </div>
   <div class='ocr_carea' id='block_1_53' title="bbox 269 2327 1090 2364">
    <p class='ocr_par' dir='ltr' id='par_1_53' title="bbox 269 2327 1090 2364">
     <span class='ocr_line' id='line_1_53' title="bbox 269 2327 1090 2364; baseline -0.001 -7"><span class='ocrx_word' id='word_1_371' title='bbox 269 2328 418 2363; x_wconf 88' lang='lat' dir='ltr'>omnium,</span> <span class='ocrx_word' id='word_1_372' title='bbox 429 2336 594 2364; x_wconf 71' lang='lat' dir='ltr'>qumcnque</span> <span class='ocrx_word' id='word_1_373' title='bbox 610 2328 718 2356; x_wconf 81' lang='lat' dir='ltr'>violata</span> <span class='ocrx_word' id='word_1_374' title='bbox 730 2327 848 2361; x_wconf 79' lang='lat' dir='ltr'>fuerint,</span> <span class='ocrx_word' id='word_1_375' title='bbox 864 2335 971 2363; x_wconf 87' lang='lat' dir='ltr'>poenas</span> <span class='ocrx_word' id='word_1_376' title='bbox 997 2328 1090 2356; x_wconf 83' lang='lat' dir='ltr'>dabit.</span> 
     </span>
    </p>
   </div>
   <div class='ocr_carea' id='block_1_54' title="bbox 272 2371 1091 2408">
    <p class='ocr_par' dir='ltr' id='par_1_54' title="bbox 272 2371 1091 2408">
     <span class='ocr_line' id='line_1_54' title="bbox 272 2371 1091 2408; baseline -0.002 -6"><span class='ocrx_word' id='word_1_377' title='bbox 272 2373 352 2402; x_wconf 85' lang='lat' dir='ltr'>Sicut</span> <span class='ocrx_word' id='word_1_378' title='bbox 378 2375 408 2401; x_wconf 87' lang='lat' dir='ltr'>et</span> <span class='ocrx_word' id='word_1_379' title='bbox 430 2373 575 2401; x_wconf 90' lang='lat' dir='ltr'>Dominus</span> <span class='ocrx_word' id='word_1_380' title='bbox 598 2373 630 2400; x_wconf 88' lang='lat' dir='ltr'>in</span> <span class='ocrx_word' id='word_1_381' title='bbox 650 2372 819 2408; x_wconf 82' lang='lat' dir='ltr'>Evangeliis</span> <span class='ocrx_word' id='word_1_382' title='bbox 847 2371 989 2406; x_wconf 84' lang='lat' dir='ltr'>declarat,</span> <span class='ocrx_word' id='word_1_383' title='bbox 1022 2381 1091 2401; x_wconf 90' lang='lat' dir='ltr'>cum</span> 
     </span>
    </p>
   </div>
   <div class='ocr_carea' id='block_1_55' title="bbox 308 2471 923 2506">
    <p class='ocr_par' dir='ltr' id='par_1_55' title="bbox 308 2471 923 2506">
     <span class='ocr_line' id='line_1_55' title="bbox 308 2471 923 2506; baseline -0.007 -4"><span class='ocrx_word' id='word_1_384' title='bbox 308 2472 332 2491; x_wconf 82' lang='grc'><strong>⁶⁹</strong></span> <span class='ocrx_word' id='word_1_385' title='bbox 347 2471 446 2502; x_wconf 86' lang='lat' dir='ltr'>Matth.</span> <span class='ocrx_word' id='word_1_386' title='bbox 461 2479 542 2506; x_wconf 82' lang='lat' dir='ltr'>xvui,</span> <span class='ocrx_word' id='word_1_387' title='bbox 559 2473 585 2499; x_wconf 85' lang='lat'>6.</span> <span class='ocrx_word' id='word_1_388' title='bbox 623 2471 648 2488; x_wconf 78' lang='grc' dir='ltr'>το</span> <span class='ocrx_word' id='word_1_389' title='bbox 658 2471 744 2498; x_wconf 82' lang='lat' dir='ltr'>Joan.</span> <span class='ocrx_word' id='word_1_390' title='bbox 760 2477 800 2504; x_wconf 67' lang='grc' dir='ltr'>γι,</span> <span class='ocrx_word' id='word_1_391' title='bbox 818 2473 862 2506; x_wconf 83' lang='grc'>67,</span> <span class='ocrx_word' id='word_1_392' title='bbox 880 2472 923 2499; x_wconf 85' lang='lat' dir='ltr'>6t.</span> 
     </span>
    </p>
   </div>
   <div class='ocr_carea' id='block_1_56' title="bbox 308 2567 895 2609">
    <p class='ocr_par' dir='ltr' id='par_1_56' title="bbox 308 2567 895 2609">
     <span class='ocr_line' id='line_1_56' title="bbox 308 2567 895 2609; baseline -0.007 -11"><span class='ocrx_word' id='word_1_393' title='bbox 377 2572 451 2609; x_wconf 60' lang='lat' dir='ltr'>Beg.</span> <span class='ocrx_word' id='word_1_394' title='bbox 468 2569 584 2609; x_wconf 78' lang='lat' dir='ltr'>primus</span> <span class='ocrx_word' id='word_1_395' title='bbox 596 2567 744 2609; x_wconf 61' lang='grc' dir='ltr'>ᾲὸνναμίας</span> <span class='ocrx_word' id='word_1_396' title='bbox 756 2568 895 2609; x_wconf 43' lang='lat' dir='ltr'>suain-iw.</span> 
     </span>
    </p>
   </div>
   <div class='ocr_carea' id='block_1_57' title="bbox 307 2604 1070 2641">
    <p class='ocr_par' dir='ltr' id='par_1_57' title="bbox 307 2604 1070 2641">
     <span class='ocr_line' id='line_1_57' title="bbox 307 2604 1070 2641; baseline -0.004 -8"><span class='ocrx_word' id='word_1_397' title='bbox 307 2604 365 2641; x_wconf 84' lang='lat'>(60)</span> <span class='ocrx_word' id='word_1_398' title='bbox 377 2604 566 2640; x_wconf 77' lang='lat' dir='ltr'>Reg.primus</span> <span class='ocrx_word' id='word_1_399' title='bbox 576 2607 606 2641; x_wconf 79' lang='lat' dir='ltr'>et</span> <span class='ocrx_word' id='word_1_400' title='bbox 614 2604 704 2632; x_wconf 89' lang='lat' dir='ltr'>editio</span> <span class='ocrx_word' id='word_1_401' title='bbox 716 2605 786 2632; x_wconf 89' lang='lat' dir='ltr'>Ven.</span> <span class='ocrx_word' id='word_1_402' title='bbox 798 2604 827 2632; x_wconf 88' lang='lat' dir='ltr'>in</span> <span class='ocrx_word' id='word_1_403' title='bbox 839 2605 974 2640; x_wconf 77' lang='lat' dir='ltr'>margine</span> <span class='ocrx_word' id='word_1_404' title='bbox 985 2604 1070 2635; x_wconf 79' lang='grc' dir='ltr'>ὀνικὸς</span> 
     </span>
    </p>
   </div>
   <div class='ocr_carea' id='block_1_58' title="bbox 273 2639 668 2682">
    <p class='ocr_par' dir='ltr' id='par_1_58' title="bbox 273 2639 668 2682">
     <span class='ocr_line' id='line_1_58' title="bbox 273 2639 668 2682; baseline -0.005 -15"><span class='ocrx_word' id='word_1_405' title='bbox 273 2639 409 2678; x_wconf 73' lang='grc' dir='ltr'>κρεμασθῇ</span> <span class='ocrx_word' id='word_1_406' title='bbox 426 2639 668 2682; x_wconf 36' lang='grc' dir='ltr'>περὶπηὶκαὶριφῇ.</span> 
     </span>
    </p>
   </div>
   <div class='ocr_carea' id='block_1_59' title="bbox 308 2675 1067 2714">
    <p class='ocr_par' dir='ltr' id='par_1_59' title="bbox 308 2675 1067 2714">
     <span class='ocr_line' id='line_1_59' title="bbox 308 2675 1067 2714; baseline -0.004 -9"><span class='ocrx_word' id='word_1_407' title='bbox 308 2675 365 2714; x_wconf 73' lang='grc'>(61)</span> <span class='ocrx_word' id='word_1_408' title='bbox 379 2675 499 2714; x_wconf 75' lang='lat' dir='ltr'>Antiqui</span> <span class='ocrx_word' id='word_1_409' title='bbox 514 2676 575 2714; x_wconf 83' lang='lat' dir='ltr'>duo</span> <span class='ocrx_word' id='word_1_410' title='bbox 584 2675 651 2704; x_wconf 79' lang='lat' dir='ltr'>libri</span> <span class='ocrx_word' id='word_1_411' title='bbox 663 2678 749 2714; x_wconf 60' lang='grc' dir='ltr'>μονον,</span> <span class='ocrx_word' id='word_1_412' title='bbox 764 2676 847 2714; x_wconf 80' lang='lat' dir='ltr'>Alius</span> <span class='ocrx_word' id='word_1_413' title='bbox 861 2675 967 2714; x_wconf 73' lang='lat' dir='ltr'>etediti</span> <span class='ocrx_word' id='word_1_414' title='bbox 980 2677 1067 2712; x_wconf 81' lang='grc' dir='ltr'>μόνος.</span> 
     </span>
    </p>
   </div>
   <div class='ocr_carea' id='block_1_60' title="bbox 309 2711 1068 2754">
    <p class='ocr_par' dir='ltr' id='par_1_60' title="bbox 309 2711 1068 2754">
     <span class='ocr_line' id='line_1_60' title="bbox 309 2711 1068 2754; baseline -0.003 -14"><span class='ocrx_word' id='word_1_415' title='bbox 309 2711 366 2754; x_wconf 75' lang='lat'>(62)</span> <span class='ocrx_word' id='word_1_416' title='bbox 382 2711 503 2754; x_wconf 63' lang='lat' dir='ltr'>Codices</span> <span class='ocrx_word' id='word_1_417' title='bbox 519 2713 579 2740; x_wconf 88' lang='lat' dir='ltr'>duo</span> <span class='ocrx_word' id='word_1_418' title='bbox 592 2711 791 2754; x_wconf 28' lang='lat' dir='ltr'>rivo-139535);</span> <span class='ocrx_word' id='word_1_419' title='bbox 807 2711 921 2754; x_wconf 75' lang='lat' dir='ltr'>Ibidem</span> <span class='ocrx_word' id='word_1_420' title='bbox 941 2714 1068 2754; x_wconf 68' lang='lat' dir='ltr'>utraque</span> 
     </span>
    </p>
   </div>
   <div class='ocr_carea' id='block_1_61' title="bbox 273 2747 1068 2786">
    <p class='ocr_par' dir='ltr' id='par_1_61' title="bbox 273 2747 1068 2786">
     <span class='ocr_line' id='line_1_61' title="bbox 273 2747 1068 2786; baseline -0.003 -8"><span class='ocrx_word' id='word_1_421' title='bbox 273 2747 363 2786; x_wconf 80' lang='lat' dir='ltr'>editio</span> <span class='ocrx_word' id='word_1_422' title='bbox 379 2751 407 2777; x_wconf 89' lang='lat' dir='ltr'>et</span> <span class='ocrx_word' id='word_1_423' title='bbox 417 2750 486 2786; x_wconf 78' lang='lat' dir='ltr'>Reg.</span> <span class='ocrx_word' id='word_1_424' title='bbox 503 2749 655 2786; x_wconf 79' lang='lat' dir='ltr'>secundus</span> <span class='ocrx_word' id='word_1_425' title='bbox 672 2747 795 2786; x_wconf 69' lang='grc' dir='ltr'>διορθοῦν</span> <span class='ocrx_word' id='word_1_426' title='bbox 816 2747 907 2774; x_wconf 74' lang='grc' dir='ltr'>ἑαντοῡ</span> <span class='ocrx_word' id='word_1_427' title='bbox 933 2749 986 2774; x_wconf 78' lang='grc' dir='ltr'>τὸν.</span> <span class='ocrx_word' id='word_1_428' title='bbox 1013 2747 1068 2776; x_wconf 86' lang='lat' dir='ltr'>Alii</span> 
     </span>
    </p>
   </div>
   <div class='ocr_carea' id='block_1_62' title="bbox 273 2783 718 2822">
    <p class='ocr_par' dir='ltr' id='par_1_62' title="bbox 273 2783 718 2822">
     <span class='ocr_line' id='line_1_62' title="bbox 273 2783 718 2822; baseline -0.013 -6"><span class='ocrx_word' id='word_1_429' title='bbox 273 2785 334 2817; x_wconf 84' lang='lat' dir='ltr'>duo</span> <span class='ocrx_word' id='word_1_430' title='bbox 344 2793 418 2815; x_wconf 87' lang='lat' dir='ltr'>mss.</span> <span class='ocrx_word' id='word_1_431' title='bbox 436 2783 558 2822; x_wconf 70' lang='grc' dir='ltr'>διορθοῦν</span> <span class='ocrx_word' id='word_1_432' title='bbox 573 2785 650 2812; x_wconf 74' lang='grc' dir='ltr'>αὐτὸν</span> <span class='ocrx_word' id='word_1_433' title='bbox 665 2783 718 2818; x_wconf 56' lang='grc' dir='ltr'>τὸνέ</span> 
     </span>
    </p>
   </div>
   <div class='ocr_carea' id='block_1_63' title="bbox 1140 227 1940 266">
    <p class='ocr_par' dir='ltr' id='par_1_63' title="bbox 1140 227 1940 266">
     <span class='ocr_line' id='line_1_63' title="bbox 1140 227 1940 266; baseline 0.003 -12"><span class='ocrx_word' id='word_1_434' title='bbox 1140 227 1254 264; x_wconf 70' lang='grc' dir='ltr'>ἐμϐαλὼν</span> <span class='ocrx_word' id='word_1_435' title='bbox 1269 228 1459 265; x_wconf 70' lang='grc' dir='ltr'>παλαίσμασιν,</span> <span class='ocrx_word' id='word_1_436' title='bbox 1477 228 1533 256; x_wconf 84' lang='grc' dir='ltr'>εἶτα</span> <span class='ocrx_word' id='word_1_437' title='bbox 1548 227 1683 255; x_wconf 76' lang='grc' dir='ltr'>ἀδυνατῶν</span> <span class='ocrx_word' id='word_1_438' title='bbox 1705 231 1768 266; x_wconf 84' lang='grc' dir='ltr'>πρὸς</span> <span class='ocrx_word' id='word_1_439' title='bbox 1787 231 1833 259; x_wconf 73' lang='grc' dir='ltr'>τὴν</span> <span class='ocrx_word' id='word_1_440' title='bbox 1868 229 1940 256; x_wconf 69' lang='grc' dir='ltr'>ἀντὶ·</span> 
     </span>
    </p>
   </div>
   <div class='ocr_carea' id='block_1_64' title="bbox 1140 272 1937 311">
    <p class='ocr_par' dir='ltr' id='par_1_64' title="bbox 1140 272 1937 311">
     <span class='ocr_line' id='line_1_64' title="bbox 1140 272 1937 311; baseline 0.003 -12"><span class='ocrx_word' id='word_1_441' title='bbox 1140 281 1233 299; x_wconf 85' lang='grc' dir='ltr'>στασιν</span> <span class='ocrx_word' id='word_1_442' title='bbox 1264 277 1314 299; x_wconf 83' lang='grc' dir='ltr'>τῶν</span> <span class='ocrx_word' id='word_1_443' title='bbox 1347 273 1527 311; x_wconf 50' lang='grc' dir='ltr'>ἐπερχομνων</span> <span class='ocrx_word' id='word_1_444' title='bbox 1560 274 1631 309; x_wconf 70' lang='grc' dir='ltr'>αὐτῷ</span> <span class='ocrx_word' id='word_1_445' title='bbox 1671 272 1808 311; x_wconf 77' lang='grc' dir='ltr'>δοκιμιῶν,</span> <span class='ocrx_word' id='word_1_446' title='bbox 1844 275 1937 311; x_wconf 69' lang='grc' dir='ltr'>εὑρεθῇ</span> 
     </span>
    </p>
   </div>
   <div class='ocr_carea' id='block_1_65' title="bbox 1139 316 1938 356">
    <p class='ocr_par' dir='ltr' id='par_1_65' title="bbox 1139 316 1938 356">
     <span class='ocr_line' id='line_1_65' title="bbox 1139 316 1938 356; baseline 0.003 -13"><span class='ocrx_word' id='word_1_447' title='bbox 1139 316 1321 355; x_wconf 71' lang='grc' dir='ltr'>παλινδρομῶν</span> <span class='ocrx_word' id='word_1_448' title='bbox 1350 320 1414 355; x_wconf 85' lang='grc' dir='ltr'>πρὸς</span> <span class='ocrx_word' id='word_1_449' title='bbox 1437 319 1469 344; x_wconf 81' lang='grc' dir='ltr'>τὰ</span> <span class='ocrx_word' id='word_1_450' title='bbox 1482 318 1524 355; x_wconf 74' lang='grc' dir='ltr'>ἀφ’</span> <span class='ocrx_word' id='word_1_451' title='bbox 1540 319 1572 344; x_wconf 79' lang='grc' dir='ltr'>ὧν</span> <span class='ocrx_word' id='word_1_452' title='bbox 1592 318 1734 353; x_wconf 77' lang='grc' dir='ltr'>ἐξελήλυθε,</span> <span class='ocrx_word' id='word_1_453' title='bbox 1752 320 1799 345; x_wconf 75' lang='grc' dir='ltr'>σὺν</span> <span class='ocrx_word' id='word_1_454' title='bbox 1819 319 1938 356; x_wconf 72' lang='grc' dir='ltr'>αἰσχύνῃ</span> 
     </span>
    </p>
   </div>
   <div class='ocr_carea' id='block_1_66' title="bbox 1139 363 1940 402">
    <p class='ocr_par' dir='ltr' id='par_1_66' title="bbox 1139 363 1940 402">
     <span class='ocr_line' id='line_1_66' title="bbox 1139 363 1940 402; baseline 0.001 -13"><span class='ocrx_word' id='word_1_455' title='bbox 1139 365 1183 389; x_wconf 84' lang='grc' dir='ltr'>καὶ</span> <span class='ocrx_word' id='word_1_456' title='bbox 1206 363 1307 398; x_wconf 72' lang='grc' dir='ltr'>γέλωτι,</span> <span class='ocrx_word' id='word_1_457' title='bbox 1335 364 1401 399; x_wconf 76' lang='grc' dir='ltr'>μετὰ</span> <span class='ocrx_word' id='word_1_458' title='bbox 1425 366 1605 401; x_wconf 72' lang='grc' dir='ltr'>κατακρίσεως</span> <span class='ocrx_word' id='word_1_459' title='bbox 1626 363 1719 400; x_wconf 77' lang='grc' dir='ltr'>ψυχῆς</span> <span class='ocrx_word' id='word_1_460' title='bbox 1731 363 1940 402; x_wconf 76' lang='grc' dir='ltr'>ἐπανερχόμενος</span> 
     </span>
    </p>
   </div>
   <div class='ocr_carea' id='block_1_67' title="bbox 1139 407 1941 446">
    <p class='ocr_par' dir='ltr' id='par_1_67' title="bbox 1139 407 1941 446">
     <span class='ocr_line' id='line_1_67' title="bbox 1139 407 1941 446; baseline 0.004 -13"><span class='ocrx_word' id='word_1_461' title='bbox 1139 411 1175 442; x_wconf 71' lang='grc' dir='ltr'>τῷ</span> <span class='ocrx_word' id='word_1_462' title='bbox 1196 407 1256 443; x_wconf 77' lang='grc' dir='ltr'>βίῳ,</span> <span class='ocrx_word' id='word_1_463' title='bbox 1277 410 1322 434; x_wconf 73' lang='grc' dir='ltr'>καὶ</span> <span class='ocrx_word' id='word_1_464' title='bbox 1341 407 1444 439; x_wconf 77' lang='grc' dir='ltr'>πολλοῖς</span> <span class='ocrx_word' id='word_1_465' title='bbox 1460 407 1605 435; x_wconf 73' lang='grc' dir='ltr'>σκάνδαλον</span> <span class='ocrx_word' id='word_1_466' title='bbox 1624 410 1764 444; x_wconf 76' lang='grc' dir='ltr'>γινόμενος,</span> <span class='ocrx_word' id='word_1_467' title='bbox 1789 407 1941 446; x_wconf 72' lang='grc' dir='ltr'>ἀδυναμίας</span> 
     </span>
    </p>
   </div>
   <div class='ocr_carea' id='block_1_68' title="bbox 1140 451 1941 490">
    <p class='ocr_par' dir='ltr' id='par_1_68' title="bbox 1140 451 1941 490">
     <span class='ocr_line' id='line_1_68' title="bbox 1140 451 1941 490; baseline 0.004 -13"><span class='ocrx_word' id='word_1_468' title='bbox 1140 451 1281 487; x_wconf 61' lang='grc' dir='ltr'>ὑπολήψεις</span> <span class='ocrx_word' id='word_1_469' title='bbox 1311 453 1369 488; x_wconf 79' lang='grc'>(59)</span> <span class='ocrx_word' id='word_1_470' title='bbox 1394 456 1475 479; x_wconf 77' lang='grc' dir='ltr'>πᾶσιν</span> <span class='ocrx_word' id='word_1_471' title='bbox 1502 453 1614 490; x_wconf 82' lang='grc' dir='ltr'>ἐμποιῶν</span> <span class='ocrx_word' id='word_1_472' title='bbox 1629 457 1677 484; x_wconf 82' lang='grc' dir='ltr'>τῆς</span> <span class='ocrx_word' id='word_1_473' title='bbox 1692 452 1716 479; x_wconf 79' lang='grc' dir='ltr'>ἑν</span> <span class='ocrx_word' id='word_1_474' title='bbox 1731 457 1840 490; x_wconf 76' lang='grc' dir='ltr'>Χριστῷ</span> <span class='ocrx_word' id='word_1_475' title='bbox 1862 454 1941 481; x_wconf 84' lang='grc' dir='ltr'>πολι-</span> 
     </span>
    </p>
   </div>
   <div class='ocr_carea' id='block_1_69' title="bbox 1140 496 1943 534">
    <p class='ocr_par' dir='ltr' id='par_1_69' title="bbox 1140 496 1943 534">
     <span class='ocr_line' id='line_1_69' title="bbox 1140 496 1943 534; baseline 0.005 -12"><span class='ocrx_word' id='word_1_476' title='bbox 1140 498 1220 529; x_wconf 79' lang='grc' dir='ltr'>τείας,</span> <span class='ocrx_word' id='word_1_477' title='bbox 1249 497 1279 522; x_wconf 74' lang='grc' dir='ltr'>οὗ</span> <span class='ocrx_word' id='word_1_478' title='bbox 1305 499 1347 523; x_wconf 82' lang='grc' dir='ltr'>τὸν</span> <span class='ocrx_word' id='word_1_479' title='bbox 1372 496 1493 525; x_wconf 75' lang='grc' dir='ltr'>κίνδυνον</span> <span class='ocrx_word' id='word_1_480' title='bbox 1522 499 1580 525; x_wconf 71' lang='grc' dir='ltr'>ἴστε</span> <span class='ocrx_word' id='word_1_481' title='bbox 1605 499 1695 528; x_wconf 79' lang='grc' dir='ltr'>πάντες</span> <span class='ocrx_word' id='word_1_482' title='bbox 1710 497 1735 524; x_wconf 83' lang='lat' dir='ltr'>oi</span> <span class='ocrx_word' id='word_1_483' title='bbox 1749 499 1782 524; x_wconf 84' lang='grc' dir='ltr'>τὰ</span> <span class='ocrx_word' id='word_1_484' title='bbox 1796 497 1943 534; x_wconf 77' lang='grc' dir='ltr'>Εὔαγγίλιιι</span> 
     </span>
    </p>
   </div>
   <div class='ocr_carea' id='block_1_70' title="bbox 1141 540 1942 580">
    <p class='ocr_par' dir='ltr' id='par_1_70' title="bbox 1141 540 1942 580">
     <span class='ocr_line' id='line_1_70' title="bbox 1141 540 1942 580; baseline 0.004 -13"><span class='ocrx_word' id='word_1_485' title='bbox 1141 540 1369 577; x_wconf 75' lang='grc' dir='ltr'>ἀναγινώσκοντες,</span> <span class='ocrx_word' id='word_1_486' title='bbox 1393 542 1417 568; x_wconf 73' lang='grc' dir='ltr'>ἂν</span> <span class='ocrx_word' id='word_1_487' title='bbox 1439 543 1476 573; x_wconf 83' lang='grc' dir='ltr'>οἷς</span> <span class='ocrx_word' id='word_1_488' title='bbox 1506 543 1573 579; x_wconf 67' lang='grc' dir='ltr'>λέγει</span> <span class='ocrx_word' id='word_1_489' title='bbox 1598 544 1613 572; x_wconf 82' lang='grc' dir='ltr'><strong>ἡ</strong></span> <span class='ocrx_word' id='word_1_490' title='bbox 1646 544 1703 569; x_wconf 85' lang='grc' dir='ltr'>θεία</span> <span class='ocrx_word' id='word_1_491' title='bbox 1717 545 1797 580; x_wconf 74' lang='grc' dir='ltr'>φωνήι</span> <span class='ocrx_word' id='word_1_492' title='bbox 1814 546 1942 580; x_wconf 75' lang='grc' dir='ltr'>Συμφέρει</span> 
     </span>
    </p>
   </div>
   <div class='ocr_carea' id='block_1_71' title="bbox 1141 586 1942 626">
    <p class='ocr_par' dir='ltr' id='par_1_71' title="bbox 1141 586 1942 626">
     <span class='ocr_line' id='line_1_71' title="bbox 1141 586 1942 626; baseline 0.002 -14"><span class='ocrx_word' id='word_1_493' title='bbox 1141 586 1212 621; x_wconf 68' lang='grc' dir='ltr'>αὐτῷ</span> <span class='ocrx_word' id='word_1_494' title='bbox 1246 588 1287 612; x_wconf 82' lang='grc' dir='ltr'>ἶνα</span> <span class='ocrx_word' id='word_1_495' title='bbox 1307 587 1385 623; x_wconf 81' lang='grc' dir='ltr'>μύλος</span> <span class='ocrx_word' id='word_1_496' title='bbox 1409 587 1495 618; x_wconf 80' lang='grc' dir='ltr'>ὀνικὸς</span> <span class='ocrx_word' id='word_1_497' title='bbox 1527 590 1672 624; x_wconf 82' lang='grc' dir='ltr'>περίκειται</span> <span class='ocrx_word' id='word_1_498' title='bbox 1707 590 1768 625; x_wconf 80' lang='grc' dir='ltr'>περὶ</span> <span class='ocrx_word' id='word_1_499' title='bbox 1797 590 1841 614; x_wconf 82' lang='grc' dir='ltr'>τὸν</span> <span class='ocrx_word' id='word_1_500' title='bbox 1874 590 1942 626; x_wconf 76' lang='grc' dir='ltr'>τροί-</span> 
     </span>
    </p>
   </div>
   <div class='ocr_carea' id='block_1_72' title="bbox 1142 630 1941 669">
    <p class='ocr_par' dir='ltr' id='par_1_72' title="bbox 1142 630 1941 669">
     <span class='ocr_line' id='line_1_72' title="bbox 1142 630 1941 669; baseline 0.005 -14"><span class='ocrx_word' id='word_1_501' title='bbox 1142 630 1225 665; x_wconf 79' lang='grc' dir='ltr'>χηλον</span> <span class='ocrx_word' id='word_1_502' title='bbox 1254 631 1344 664; x_wconf 72' lang='grc' dir='ltr'>αὑτοῦ,</span> <span class='ocrx_word' id='word_1_503' title='bbox 1365 634 1410 658; x_wconf 78' lang='grc' dir='ltr'>καὶ</span> <span class='ocrx_word' id='word_1_504' title='bbox 1436 631 1553 669; x_wconf 59' lang='grc' dir='ltr'>ξόριπται</span> <span class='ocrx_word' id='word_1_505' title='bbox 1577 632 1634 667; x_wconf 82' lang='grc'>(60)</span> <span class='ocrx_word' id='word_1_506' title='bbox 1665 632 1702 664; x_wconf 80' lang='grc' dir='ltr'>εἰς</span> <span class='ocrx_word' id='word_1_507' title='bbox 1729 634 1776 662; x_wconf 72' lang='grc' dir='ltr'>τὴν</span> <span class='ocrx_word' id='word_1_508' title='bbox 1793 632 1941 666; x_wconf 76' lang='grc' dir='ltr'>θάλασσαν,</span> 
     </span>
    </p>
   </div>
   <div class='ocr_carea' id='block_1_73' title="bbox 1143 674 1942 714">
    <p class='ocr_par' dir='ltr' id='par_1_73' title="bbox 1143 674 1942 714">
     <span class='ocr_line' id='line_1_73' title="bbox 1143 674 1942 714; baseline 0.005 -14"><span class='ocrx_word' id='word_1_509' title='bbox 1143 675 1157 703; x_wconf 75' lang='grc' dir='ltr'><strong><em>ἦ</em></strong></span> <span class='ocrx_word' id='word_1_510' title='bbox 1184 676 1226 701; x_wconf 92' lang='grc' dir='ltr'>ῖνα</span> <span class='ocrx_word' id='word_1_511' title='bbox 1252 674 1416 713; x_wconf 67' lang='grc' dir='ltr'>σκανδαλίσῃ</span> <span class='ocrx_word' id='word_1_512' title='bbox 1451 677 1494 703; x_wconf 75' lang='grc' dir='ltr'>ἕνα</span> <span class='ocrx_word' id='word_1_513' title='bbox 1519 681 1569 704; x_wconf 81' lang='grc' dir='ltr'>τῶν</span> <span class='ocrx_word' id='word_1_514' title='bbox 1595 681 1695 714; x_wconf 78' lang='grc' dir='ltr'>μικρῶν</span> <span class='ocrx_word' id='word_1_515' title='bbox 1710 678 1816 704; x_wconf 83' lang='grc' dir='ltr'>τούτων.</span> <span class='ocrx_word' id='word_1_516' title='bbox 1835 677 1873 703; x_wconf 73' lang='grc' dir='ltr'>Οὐ</span> <span class='ocrx_word' id='word_1_517' title='bbox 1889 687 1942 714; x_wconf 77' lang='grc' dir='ltr'>γαρ</span> 
     </span>
    </p>
   </div>
   <div class='ocr_carea' id='block_1_74' title="bbox 1143 720 1944 759">
    <p class='ocr_par' dir='ltr' id='par_1_74' title="bbox 1143 720 1944 759">
     <span class='ocr_line' id='line_1_74' title="bbox 1143 720 1944 759; baseline 0.002 -13"><span class='ocrx_word' id='word_1_518' title='bbox 1143 722 1219 755; x_wconf 83' lang='grc' dir='ltr'>μόνον</span> <span class='ocrx_word' id='word_1_519' title='bbox 1242 721 1301 756; x_wconf 83' lang='grc'>(61)</span> <span class='ocrx_word' id='word_1_520' title='bbox 1320 722 1461 753; x_wconf 78' lang='grc' dir='ltr'>ὑπεύθυνος</span> <span class='ocrx_word' id='word_1_521' title='bbox 1488 723 1559 748; x_wconf 56' lang='grc' dir='ltr'>ἔσται</span> <span class='ocrx_word' id='word_1_522' title='bbox 1590 726 1620 758; x_wconf 82' lang='grc' dir='ltr'>τῇ</span> <span class='ocrx_word' id='word_1_523' title='bbox 1661 720 1792 759; x_wconf 73' lang='grc' dir='ltr'>καταδίκῃ</span> <span class='ocrx_word' id='word_1_524' title='bbox 1821 726 1869 748; x_wconf 85' lang='grc' dir='ltr'>τοῦ</span> <span class='ocrx_word' id='word_1_525' title='bbox 1893 722 1944 749; x_wconf 79' lang='grc' dir='ltr'>λει-</span> 
     </span>
    </p>
   </div>
   <div class='ocr_carea' id='block_1_75' title="bbox 1142 764 1941 803">
    <p class='ocr_par' dir='ltr' id='par_1_75' title="bbox 1142 764 1941 803">
     <span class='ocr_line' id='line_1_75' title="bbox 1142 764 1941 803; baseline 0.004 -13"><span class='ocrx_word' id='word_1_526' title='bbox 1142 764 1278 798; x_wconf 80' lang='grc' dir='ltr'>ποταξίου,</span> <span class='ocrx_word' id='word_1_527' title='bbox 1320 765 1384 791; x_wconf 77' lang='grc' dir='ltr'>ἀλλὰ</span> <span class='ocrx_word' id='word_1_528' title='bbox 1425 769 1539 797; x_wconf 75' lang='grc' dir='ltr'>καὶτῆς</span> <span class='ocrx_word' id='word_1_529' title='bbox 1579 770 1628 792; x_wconf 84' lang='grc' dir='ltr'>τῶν</span> <span class='ocrx_word' id='word_1_530' title='bbox 1658 766 1868 803; x_wconf 69' lang='grc' dir='ltr'>ἀνατρεπομένων</span> <span class='ocrx_word' id='word_1_531' title='bbox 1897 767 1941 793; x_wconf 81' lang='grc' dir='ltr'>ὑπ’</span> 
     </span>
    </p>
   </div>
   <div class='ocr_carea' id='block_1_76' title="bbox 1143 808 1943 848">
    <p class='ocr_par' dir='ltr' id='par_1_76' title="bbox 1143 808 1943 848">
     <span class='ocr_line' id='line_1_76' title="bbox 1143 808 1943 848; baseline 0.009 -12"><span class='ocrx_word' id='word_1_532' title='bbox 1143 809 1223 836; x_wconf 73' lang='grc' dir='ltr'>αὐτοῦ</span> <span class='ocrx_word' id='word_1_533' title='bbox 1245 808 1382 844; x_wconf 76' lang='grc' dir='ltr'>ἀπωλείας,</span> <span class='ocrx_word' id='word_1_534' title='bbox 1414 811 1462 836; x_wconf 69' lang='grc' dir='ltr'>κᾶν</span> <span class='ocrx_word' id='word_1_535' title='bbox 1496 809 1559 847; x_wconf 75' lang='grc' dir='ltr'>δόξῃ</span> <span class='ocrx_word' id='word_1_536' title='bbox 1590 811 1772 848; x_wconf 75' lang='grc' dir='ltr'>φρενοϐλαϐέσι</span> <span class='ocrx_word' id='word_1_537' title='bbox 1804 811 1943 848; x_wconf 76' lang='grc' dir='ltr'>λογισμοῖς</span> 
     </span>
    </p>
   </div>
   <div class='ocr_carea' id='block_1_77' title="bbox 1143 854 1942 892">
    <p class='ocr_par' dir='ltr' id='par_1_77' title="bbox 1143 854 1942 892">
     <span class='ocr_line' id='line_1_77' title="bbox 1143 854 1942 892; baseline 0.004 -13"><span class='ocrx_word' id='word_1_538' title='bbox 1143 855 1238 880; x_wconf 79' lang='grc' dir='ltr'>πείθειν</span> <span class='ocrx_word' id='word_1_539' title='bbox 1253 854 1343 880; x_wconf 71' lang='grc' dir='ltr'>ἑαυτὸν</span> <span class='ocrx_word' id='word_1_540' title='bbox 1358 854 1382 881; x_wconf 73' lang='grc' dir='ltr'>ἐν</span> <span class='ocrx_word' id='word_1_541' title='bbox 1397 860 1432 890; x_wconf 75' lang='grc' dir='ltr'>τῷ</span> <span class='ocrx_word' id='word_1_542' title='bbox 1444 855 1494 892; x_wconf 79' lang='grc' dir='ltr'>βίῳ</span> <span class='ocrx_word' id='word_1_543' title='bbox 1508 854 1636 891; x_wconf 72' lang='grc' dir='ltr'>διάγοντα</span> <span class='ocrx_word' id='word_1_544' title='bbox 1658 855 1844 892; x_wconf 80' lang='grc' dir='ltr'>ἁγαθοεργίαις</span> <span class='ocrx_word' id='word_1_545' title='bbox 1869 855 1942 887; x_wconf 74' lang='grc' dir='ltr'>ἰξευ-</span> 
     </span>
    </p>
   </div>
   <div class='ocr_carea' id='block_1_78' title="bbox 1143 899 1941 938">
    <p class='ocr_par' dir='ltr' id='par_1_78' title="bbox 1143 899 1941 938">
     <span class='ocr_line' id='line_1_78' title="bbox 1143 899 1941 938; baseline 0.003 -14"><span class='ocrx_word' id='word_1_546' title='bbox 1143 899 1254 934; x_wconf 80' lang='grc' dir='ltr'>μενίζειν</span> <span class='ocrx_word' id='word_1_547' title='bbox 1281 901 1309 925; x_wconf 85' lang='grc' dir='ltr'><strong><em>τὸ</em></strong></span> <span class='ocrx_word' id='word_1_548' title='bbox 1338 900 1413 926; x_wconf 63' lang='grc' dir='ltr'>θεῖονι</span> <span class='ocrx_word' id='word_1_549' title='bbox 1437 901 1498 936; x_wconf 76' lang='grc' dir='ltr'>ὅπερ</span> <span class='ocrx_word' id='word_1_550' title='bbox 1526 900 1594 927; x_wconf 73' lang='grc' dir='ltr'>ἕστὶν</span> <span class='ocrx_word' id='word_1_551' title='bbox 1608 900 1678 936; x_wconf 77' lang='grc' dir='ltr'>αὐτῷ</span> <span class='ocrx_word' id='word_1_552' title='bbox 1693 899 1834 928; x_wconf 68' lang='grc' dir='ltr'>ἀδύνατον.</span> <span class='ocrx_word' id='word_1_553' title='bbox 1847 900 1876 926; x_wconf 83' lang='grc' dir='ltr'>ὀ</span> <span class='ocrx_word' id='word_1_554' title='bbox 1891 902 1941 938; x_wconf 75' lang='grc' dir='ltr'>γὰρ</span> 
     </span>
    </p>
   </div>
   <div class='ocr_carea' id='block_1_79' title="bbox 1143 943 1942 983">
    <p class='ocr_par' dir='ltr' id='par_1_79' title="bbox 1143 943 1942 983">
     <span class='ocr_line' id='line_1_79' title="bbox 1143 943 1942 983; baseline 0.003 -14"><span class='ocrx_word' id='word_1_555' title='bbox 1143 944 1179 979; x_wconf 81' lang='grc' dir='ltr'>μὴ</span> <span class='ocrx_word' id='word_1_556' title='bbox 1207 943 1322 979; x_wconf 81' lang='grc' dir='ltr'>ἰσχύσας</span> <span class='ocrx_word' id='word_1_557' title='bbox 1346 943 1370 970; x_wconf 74' lang='grc' dir='ltr'>ἐν</span> <span class='ocrx_word' id='word_1_558' title='bbox 1395 948 1430 979; x_wconf 79' lang='grc' dir='ltr'><strong><em>τῷ</em></strong></span> <span class='ocrx_word' id='word_1_559' title='bbox 1462 943 1658 982; x_wconf 77' lang='grc' dir='ltr'>δυσαμαρτήτῳ</span> <span class='ocrx_word' id='word_1_560' title='bbox 1673 944 1725 981; x_wconf 85' lang='grc' dir='ltr'>βίῳ</span> <span class='ocrx_word' id='word_1_561' title='bbox 1741 943 1826 971; x_wconf 75' lang='grc' dir='ltr'>διὰ.τό</span> <span class='ocrx_word' id='word_1_562' title='bbox 1854 944 1942 983; x_wconf 70' lang='grc' dir='ltr'>ἀπερι-</span> 
     </span>
    </p>
   </div>
   <div class='ocr_carea' id='block_1_80' title="bbox 1145 989 1943 1028">
    <p class='ocr_par' dir='ltr' id='par_1_80' title="bbox 1145 989 1943 1028">
     <span class='ocr_line' id='line_1_80' title="bbox 1145 989 1943 1028; baseline 0.004 -14"><span class='ocrx_word' id='word_1_563' title='bbox 1145 997 1262 1015; x_wconf 85' lang='grc' dir='ltr'>σπαστον</span> <span class='ocrx_word' id='word_1_564' title='bbox 1284 989 1392 1026; x_wconf 75' lang='grc' dir='ltr'>ἐνεγκεῖν</span> <span class='ocrx_word' id='word_1_565' title='bbox 1412 991 1446 1016; x_wconf 78' lang='grc' dir='ltr'>τὰ</span> <span class='ocrx_word' id='word_1_566' title='bbox 1473 990 1644 1027; x_wconf 77' lang='grc' dir='ltr'>παλαίσματα</span> <span class='ocrx_word' id='word_1_567' title='bbox 1663 994 1709 1017; x_wconf 81' lang='grc' dir='ltr'>τοῦ</span> <span class='ocrx_word' id='word_1_568' title='bbox 1725 992 1832 1028; x_wconf 80' lang='grc' dir='ltr'>ἐχθροῦ,</span> <span class='ocrx_word' id='word_1_569' title='bbox 1849 994 1904 1021; x_wconf 85' lang='grc' dir='ltr'>πῶς</span> <span class='ocrx_word' id='word_1_570' title='bbox 1918 990 1943 1017; x_wconf 75' lang='grc' dir='ltr'>ἐν</span> 
     </span>
    </p>
   </div>
   <div class='ocr_carea' id='block_1_81' title="bbox 1143 1033 1944 1072">
    <p class='ocr_par' dir='ltr' id='par_1_81' title="bbox 1143 1033 1944 1072">
     <span class='ocr_line' id='line_1_81' title="bbox 1143 1033 1944 1072; baseline 0.001 -13"><span class='ocrx_word' id='word_1_571' title='bbox 1143 1037 1180 1068; x_wconf 80' lang='grc' dir='ltr'><strong><em>τῷ</em></strong></span> <span class='ocrx_word' id='word_1_572' title='bbox 1193 1033 1402 1071; x_wconf 83' lang='grc' dir='ltr'>πολυαμαρτήτῳ</span> <span class='ocrx_word' id='word_1_573' title='bbox 1425 1037 1470 1061; x_wconf 78' lang='grc' dir='ltr'>καὶ</span> <span class='ocrx_word' id='word_1_574' title='bbox 1485 1034 1527 1060; x_wconf 79' lang='grc' dir='ltr'>ὑπ’</span> <span class='ocrx_word' id='word_1_575' title='bbox 1541 1035 1621 1060; x_wconf 78' lang='grc' dir='ltr'>αὐτοῦ</span> <span class='ocrx_word' id='word_1_576' title='bbox 1637 1033 1774 1072; x_wconf 75' lang='grc' dir='ltr'>ἀρχομένῳ</span> <span class='ocrx_word' id='word_1_577' title='bbox 1795 1034 1847 1070; x_wconf 80' lang='grc' dir='ltr'>βίῳ</span> <span class='ocrx_word' id='word_1_578' title='bbox 1862 1033 1944 1064; x_wconf 76' lang='grc' dir='ltr'>δυνήο</span> 
     </span>
    </p>
   </div>
   <div class='ocr_carea' id='block_1_82' title="bbox 1145 1078 1942 1116">
    <p class='ocr_par' dir='ltr' id='par_1_82' title="bbox 1145 1078 1942 1116">
     <span class='ocr_line' id='line_1_82' title="bbox 1145 1078 1942 1116; baseline 0.003 -12"><span class='ocrx_word' id='word_1_579' title='bbox 1145 1087 1219 1104; x_wconf 80' lang='grc' dir='ltr'>σεται</span> <span class='ocrx_word' id='word_1_580' title='bbox 1251 1079 1417 1115; x_wconf 75' lang='grc' dir='ltr'>κατορθῶσαί</span> <span class='ocrx_word' id='word_1_581' title='bbox 1440 1088 1466 1105; x_wconf 89' lang='grc' dir='ltr'>τι</span> <span class='ocrx_word' id='word_1_582' title='bbox 1485 1083 1536 1106; x_wconf 76' lang='grc' dir='ltr'>τῶν</span> <span class='ocrx_word' id='word_1_583' title='bbox 1550 1079 1671 1116; x_wconf 77' lang='grc' dir='ltr'>ἐναρέτων</span> <span class='ocrx_word' id='word_1_584' title='bbox 1686 1080 1763 1114; x_wconf 78' lang='lat'>(62);</span> <span class='ocrx_word' id='word_1_585' title='bbox 1780 1079 1836 1106; x_wconf 84' lang='grc' dir='ltr'>’Ὶνα</span> <span class='ocrx_word' id='word_1_586' title='bbox 1856 1078 1887 1106; x_wconf 62' lang='grc' dir='ltr'>δε</span> <span class='ocrx_word' id='word_1_587' title='bbox 1896 1082 1942 1106; x_wconf 74' lang='grc' dir='ltr'>καὶ</span> 
     </span>
    </p>
   </div>
   <div class='ocr_carea' id='block_1_83' title="bbox 1145 1121 1943 1160">
    <p class='ocr_par' dir='ltr' id='par_1_83' title="bbox 1145 1121 1943 1160">
     <span class='ocr_line' id='line_1_83' title="bbox 1145 1121 1943 1160; baseline 0.001 -11"><span class='ocrx_word' id='word_1_588' title='bbox 1145 1121 1205 1152; x_wconf 75' lang='grc' dir='ltr'>δοίη</span> <span class='ocrx_word' id='word_1_589' title='bbox 1219 1132 1260 1153; x_wconf 83' lang='grc' dir='ltr'>τις</span> <span class='ocrx_word' id='word_1_590' title='bbox 1270 1121 1392 1160; x_wconf 77' lang='grc' dir='ltr'>διορθοῦν</span> <span class='ocrx_word' id='word_1_591' title='bbox 1408 1123 1500 1150; x_wconf 77' lang='grc' dir='ltr'>ἑαυτοῦ</span> <span class='ocrx_word' id='word_1_592' title='bbox 1515 1125 1558 1150; x_wconf 87' lang='grc' dir='ltr'>τὸν</span> <span class='ocrx_word' id='word_1_593' title='bbox 1571 1124 1664 1150; x_wconf 80' lang='grc' dir='ltr'>οἰκειον</span> <span class='ocrx_word' id='word_1_594' title='bbox 1680 1123 1748 1160; x_wconf 82' lang='grc' dir='ltr'>βίον,</span> <span class='ocrx_word' id='word_1_595' title='bbox 1771 1126 1802 1150; x_wconf 82' lang='grc' dir='ltr'>τό</span> <span class='ocrx_word' id='word_1_596' title='bbox 1824 1124 1943 1160; x_wconf 75' lang='grc' dir='ltr'>ἔγκλημα</span> 
     </span>
    </p>
   </div>
   <div class='ocr_carea' id='block_1_84' title="bbox 1143 1167 1942 1205">
    <p class='ocr_par' dir='ltr' id='par_1_84' title="bbox 1143 1167 1942 1205">
     <span class='ocr_line' id='line_1_84' title="bbox 1143 1167 1942 1205; baseline 0.003 -12"><span class='ocrx_word' id='word_1_597' title='bbox 1143 1171 1189 1198; x_wconf 84' lang='grc' dir='ltr'>τῆς</span> <span class='ocrx_word' id='word_1_598' title='bbox 1205 1171 1251 1194; x_wconf 84' lang='grc' dir='ltr'>τοῦ</span> <span class='ocrx_word' id='word_1_599' title='bbox 1267 1171 1383 1205; x_wconf 75' lang='grc' dir='ltr'>Χριστοῦ</span> <span class='ocrx_word' id='word_1_600' title='bbox 1398 1167 1600 1204; x_wconf 72' lang='grc' dir='ltr'>ἑγκαταλείψεῳς</span> <span class='ocrx_word' id='word_1_601' title='bbox 1619 1168 1666 1194; x_wconf 70' lang='grc' dir='ltr'>οὐκ</span> <span class='ocrx_word' id='word_1_602' title='bbox 1686 1168 1844 1204; x_wconf 76' lang='grc' dir='ltr'>ἄκφεύξεται,</span> <span class='ocrx_word' id='word_1_603' title='bbox 1873 1169 1942 1196; x_wconf 76' lang='grc' dir='ltr'>καθᾶ</span> 
     </span>
    </p>
   </div>
   <div class='ocr_carea' id='block_1_85' title="bbox 1144 1211 1941 1251">
    <p class='ocr_par' dir='ltr' id='par_1_85' title="bbox 1144 1211 1941 1251">
     <span class='ocr_line' id='line_1_85' title="bbox 1144 1211 1941 1251; baseline 0.003 -14"><span class='ocrx_word' id='word_1_604' title='bbox 1144 1214 1188 1238; x_wconf 81' lang='grc' dir='ltr'>καὶ</span> <span class='ocrx_word' id='word_1_605' title='bbox 1216 1213 1240 1238; x_wconf 80' lang='grc' dir='ltr'>οἱ</span> <span class='ocrx_word' id='word_1_606' title='bbox 1268 1212 1292 1238; x_wconf 71' lang='grc' dir='ltr'>ἄν</span> <span class='ocrx_word' id='word_1_607' title='bbox 1325 1217 1360 1248; x_wconf 79' lang='grc' dir='ltr'>τῷ</span> <span class='ocrx_word' id='word_1_608' title='bbox 1381 1213 1528 1249; x_wconf 70' lang='grc' dir='ltr'>Εὖαγγελίῳ</span> <span class='ocrx_word' id='word_1_609' title='bbox 1556 1211 1710 1250; x_wconf 79' lang='grc' dir='ltr'>δηλούμενοι</span> <span class='ocrx_word' id='word_1_610' title='bbox 1736 1214 1862 1249; x_wconf 81' lang='grc' dir='ltr'>μαθηταὶ,</span> <span class='ocrx_word' id='word_1_611' title='bbox 1883 1215 1941 1251; x_wconf 69' lang='lat' dir='ltr'>mp!</span> 
     </span>
    </p>
   </div>
   <div class='ocr_carea' id='block_1_86' title="bbox 1145 1256 1942 1294">
    <p class='ocr_par' dir='ltr' id='par_1_86' title="bbox 1145 1256 1942 1294">
     <span class='ocr_line' id='line_1_86' title="bbox 1145 1256 1942 1294; baseline 0.003 -12"><span class='ocrx_word' id='word_1_612' title='bbox 1145 1256 1179 1282; x_wconf 84' lang='grc' dir='ltr'>ὧν</span> <span class='ocrx_word' id='word_1_613' title='bbox 1208 1266 1287 1293; x_wconf 74' lang='grc' dir='ltr'>φησιν</span> <span class='ocrx_word' id='word_1_614' title='bbox 1316 1258 1415 1288; x_wconf 81' lang='grc' dir='ltr'>ὁθετος</span> <span class='ocrx_word' id='word_1_615' title='bbox 1450 1257 1647 1294; x_wconf 76' lang='grc' dir='ltr'>εὐαγγελιστὴς·</span> <span class='ocrx_word' id='word_1_616' title='bbox 1687 1257 1781 1284; x_wconf 79' lang='grc' dir='ltr'>Πολλοὶ</span> <span class='ocrx_word' id='word_1_617' title='bbox 1821 1256 1851 1284; x_wconf 70' lang='grc' dir='ltr'>δι</span> <span class='ocrx_word' id='word_1_618' title='bbox 1892 1262 1942 1284; x_wconf 75' lang='grc' dir='ltr'>τῶν</span> 
     </span>
    </p>
   </div>
   <div class='ocr_carea' id='block_1_87' title="bbox 1145 1301 1942 1340">
    <p class='ocr_par' dir='ltr' id='par_1_87' title="bbox 1145 1301 1942 1340">
     <span class='ocr_line' id='line_1_87' title="bbox 1145 1301 1942 1340; baseline 0.001 -13"><span class='ocrx_word' id='word_1_619' title='bbox 1145 1302 1268 1338; x_wconf 75' lang='grc' dir='ltr'>μαθητῶν</span> <span class='ocrx_word' id='word_1_620' title='bbox 1297 1301 1411 1332; x_wconf 77' lang='grc' dir='ltr'>ἀπῆλθον</span> <span class='ocrx_word' id='word_1_621' title='bbox 1437 1302 1474 1334; x_wconf 76' lang='grc' dir='ltr'>εἰς</span> <span class='ocrx_word' id='word_1_622' title='bbox 1497 1303 1531 1329; x_wconf 80' lang='grc' dir='ltr'>τὰ</span> <span class='ocrx_word' id='word_1_623' title='bbox 1556 1302 1649 1336; x_wconf 76' lang='grc' dir='ltr'>ὀπίσω,</span> <span class='ocrx_word' id='word_1_624' title='bbox 1672 1305 1718 1328; x_wconf 87' lang='grc' dir='ltr'>καὶ</span> <span class='ocrx_word' id='word_1_625' title='bbox 1747 1303 1835 1329; x_wconf 66' lang='grc' dir='ltr'>οὐκέτι</span> <span class='ocrx_word' id='word_1_626' title='bbox 1869 1311 1942 1340; x_wconf 79' lang='grc' dir='ltr'>περι-</span> 
     </span>
    </p>
   </div>
   <div class='ocr_carea' id='block_1_88' title="bbox 1145 1346 1942 1384">
    <p class='ocr_par' dir='ltr' id='par_1_88' title="bbox 1145 1346 1942 1384">
     <span class='ocr_line' id='line_1_88' title="bbox 1145 1346 1942 1384; baseline 0 -11"><span class='ocrx_word' id='word_1_627' title='bbox 1145 1348 1254 1373; x_wconf 81' lang='grc' dir='ltr'>επάτουν</span> <span class='ocrx_word' id='word_1_628' title='bbox 1293 1349 1358 1383; x_wconf 81' lang='grc' dir='ltr'>μετὰ</span> <span class='ocrx_word' id='word_1_629' title='bbox 1393 1347 1492 1380; x_wconf 77' lang='grc' dir='ltr'>Ἰησοῦ,</span> <span class='ocrx_word' id='word_1_630' title='bbox 1539 1346 1664 1383; x_wconf 70' lang='grc' dir='ltr'>λήγοντες·</span> <span class='ocrx_word' id='word_1_631' title='bbox 1691 1347 1804 1384; x_wconf 76' lang='grc' dir='ltr'>Σκληρός</span> <span class='ocrx_word' id='word_1_632' title='bbox 1832 1347 1901 1374; x_wconf 72' lang='grc' dir='ltr'>ἔστιν</span> <span class='ocrx_word' id='word_1_633' title='bbox 1929 1348 1942 1373; x_wconf 84' lang='grc' dir='ltr'><strong><em>ὁ</em></strong></span> 
     </span>
    </p>
   </div>
   <div class='ocr_carea' id='block_1_89' title="bbox 1144 1390 1943 1429">
    <p class='ocr_par' dir='ltr' id='par_1_89' title="bbox 1144 1390 1943 1429">
     <span class='ocr_line' id='line_1_89' title="bbox 1144 1390 1943 1429; baseline 0.001 -12"><span class='ocrx_word' id='word_1_634' title='bbox 1144 1391 1218 1427; x_wconf 85' lang='grc' dir='ltr'>λόγος</span> <span class='ocrx_word' id='word_1_635' title='bbox 1243 1391 1333 1424; x_wconf 74' lang='grc' dir='ltr'>αὐτοῦ,</span> <span class='ocrx_word' id='word_1_636' title='bbox 1363 1393 1403 1422; x_wconf 86' lang='grc' dir='ltr'>τίς</span> <span class='ocrx_word' id='word_1_637' title='bbox 1429 1390 1540 1418; x_wconf 73' lang='grc' dir='ltr'>δύναται</span> <span class='ocrx_word' id='word_1_638' title='bbox 1562 1391 1642 1418; x_wconf 75' lang='grc' dir='ltr'>αὐτοῦ</span> <span class='ocrx_word' id='word_1_639' title='bbox 1670 1391 1772 1418; x_wconf 72' lang='grc' dir='ltr'>ἀκούειν</span> <span class='ocrx_word' id='word_1_640' title='bbox 1797 1399 1805 1424; x_wconf 83' lang='lat'><strong>;</strong></span> <span class='ocrx_word' id='word_1_641' title='bbox 1831 1393 1878 1418; x_wconf 84' lang='grc' dir='ltr'>Διά</span> <span class='ocrx_word' id='word_1_642' title='bbox 1892 1393 1943 1429; x_wconf 76' lang='grc' dir='ltr'>γὰρ</span> 
     </span>
    </p>
   </div>
   <div class='ocr_carea' id='block_1_90' title="bbox 1144 1433 1943 1473">
    <p class='ocr_par' dir='ltr' id='par_1_90' title="bbox 1144 1433 1943 1473">
     <span class='ocr_line' id='line_1_90' title="bbox 1144 1433 1943 1473; baseline 0 -11"><span class='ocrx_word' id='word_1_643' title='bbox 1144 1440 1221 1463; x_wconf 79' lang='grc' dir='ltr'>τοῦτο</span> <span class='ocrx_word' id='word_1_644' title='bbox 1249 1439 1294 1462; x_wconf 86' lang='grc' dir='ltr'>καὶ</span> <span class='ocrx_word' id='word_1_645' title='bbox 1319 1437 1332 1462; x_wconf 86' lang='grc' dir='ltr'><strong><em>ὁ</em></strong></span> <span class='ocrx_word' id='word_1_646' title='bbox 1359 1436 1538 1473; x_wconf 70' lang='grc' dir='ltr'>φιλάνθρωπος</span> <span class='ocrx_word' id='word_1_647' title='bbox 1562 1438 1637 1470; x_wconf 76' lang='grc' dir='ltr'>Θεὸς,</span> <span class='ocrx_word' id='word_1_648' title='bbox 1651 1433 1794 1472; x_wconf 69' lang='grc' dir='ltr'>κηδόμενος</span> <span class='ocrx_word' id='word_1_649' title='bbox 1807 1440 1857 1467; x_wconf 74' lang='grc' dir='ltr'>τῆς</span> <span class='ocrx_word' id='word_1_650' title='bbox 1871 1438 1943 1472; x_wconf 71' lang='grc' dir='ltr'>ἡμῶν</span> 
     </span>
    </p>
   </div>
   <div class='ocr_carea' id='block_1_91' title="bbox 1147 1479 1944 1518">
    <p class='ocr_par' dir='ltr' id='par_1_91' title="bbox 1147 1479 1944 1518">
     <span class='ocr_line' id='line_1_91' title="bbox 1147 1479 1944 1518; baseline 0.001 -11"><span class='ocrx_word' id='word_1_651' title='bbox 1147 1483 1285 1518; x_wconf 70' lang='grc' dir='ltr'>σωτηρίας,</span> <span class='ocrx_word' id='word_1_652' title='bbox 1300 1481 1334 1512; x_wconf 82' lang='grc' dir='ltr'>εἰς</span> <span class='ocrx_word' id='word_1_653' title='bbox 1351 1479 1400 1506; x_wconf 72' lang='grc' dir='ltr'>δύο</span> <span class='ocrx_word' id='word_1_654' title='bbox 1416 1479 1494 1506; x_wconf 73' lang='grc' dir='ltr'>διεῖλε</span> <span class='ocrx_word' id='word_1_655' title='bbox 1514 1480 1590 1517; x_wconf 80' lang='grc' dir='ltr'>βίους</span> <span class='ocrx_word' id='word_1_656' title='bbox 1603 1483 1650 1510; x_wconf 81' lang='grc' dir='ltr'>τὴν</span> <span class='ocrx_word' id='word_1_657' title='bbox 1665 1485 1715 1507; x_wconf 81' lang='grc' dir='ltr'>τῶν</span> <span class='ocrx_word' id='word_1_658' title='bbox 1729 1480 1872 1518; x_wconf 78' lang='grc' dir='ltr'>ἀνθρώπων</span> <span class='ocrx_word' id='word_1_659' title='bbox 1888 1481 1944 1516; x_wconf 79' lang='grc'>(63)</span> 
     </span>
    </p>
   </div>
   <div class='ocr_carea' id='block_1_92' title="bbox 1146 1524 1941 1563">
    <p class='ocr_par' dir='ltr' id='par_1_92' title="bbox 1146 1524 1941 1563">
     <span class='ocr_line' id='line_1_92' title="bbox 1146 1524 1941 1563; baseline 0.001 -12"><span class='ocrx_word' id='word_1_660' title='bbox 1146 1524 1291 1561; x_wconf 78' lang='grc' dir='ltr'>διαγωγὴν,</span> <span class='ocrx_word' id='word_1_661' title='bbox 1321 1525 1449 1560; x_wconf 80' lang='grc' dir='ltr'>συζυγίαν</span> <span class='ocrx_word' id='word_1_662' title='bbox 1473 1525 1539 1561; x_wconf 85' lang='grc' dir='ltr'>λέγω</span> <span class='ocrx_word' id='word_1_663' title='bbox 1569 1528 1614 1552; x_wconf 81' lang='grc' dir='ltr'>καὶ</span> <span class='ocrx_word' id='word_1_664' title='bbox 1641 1526 1788 1563; x_wconf 71' lang='grc' dir='ltr'>παρθενίαν,</span> <span class='ocrx_word' id='word_1_665' title='bbox 1811 1526 1852 1552; x_wconf 81' lang='grc' dir='ltr'>ἵνα</span> <span class='ocrx_word' id='word_1_666' title='bbox 1879 1526 1941 1562; x_wconf 78' lang='grc' dir='ltr'>ὁμὴ</span> 
     </span>
    </p>
   </div>
   <div class='ocr_carea' id='block_1_93' title="bbox 1146 1568 1943 1608">
    <p class='ocr_par' dir='ltr' id='par_1_93' title="bbox 1146 1568 1943 1608">
     <span class='ocr_line' id='line_1_93' title="bbox 1146 1568 1943 1608; baseline 0.001 -12"><span class='ocrx_word' id='word_1_667' title='bbox 1146 1569 1287 1606; x_wconf 77' lang='grc' dir='ltr'>δυνάμενος</span> <span class='ocrx_word' id='word_1_668' title='bbox 1313 1571 1458 1606; x_wconf 71' lang='grc' dir='ltr'>ὑπενεγκεῖν</span> <span class='ocrx_word' id='word_1_669' title='bbox 1473 1572 1516 1596; x_wconf 80' lang='grc' dir='ltr'>τὸν</span> <span class='ocrx_word' id='word_1_670' title='bbox 1535 1575 1581 1602; x_wconf 78' lang='grc' dir='ltr'>τῆς</span> <span class='ocrx_word' id='word_1_671' title='bbox 1604 1572 1742 1608; x_wconf 70' lang='grc' dir='ltr'>παρθενίας</span> <span class='ocrx_word' id='word_1_672' title='bbox 1772 1568 1847 1597; x_wconf 78' lang='grc' dir='ltr'>ἆθλον</span> <span class='ocrx_word' id='word_1_673' title='bbox 1873 1571 1943 1597; x_wconf 76' lang='grc' dir='ltr'>ἔλθοι</span> 
     </span>
    </p>
   </div>
   <div class='ocr_carea' id='block_1_94' title="bbox 1146 1614 1945 1651">
    <p class='ocr_par' dir='ltr' id='par_1_94' title="bbox 1146 1614 1945 1651">
     <span class='ocr_line' id='line_1_94' title="bbox 1146 1614 1945 1651; baseline 0.001 -11"><span class='ocrx_word' id='word_1_674' title='bbox 1146 1615 1187 1641; x_wconf 83' lang='grc' dir='ltr'>ἐπὶ</span> <span class='ocrx_word' id='word_1_675' title='bbox 1200 1618 1352 1644; x_wconf 81' lang='grc' dir='ltr'>συνοίκησιν</span> <span class='ocrx_word' id='word_1_676' title='bbox 1369 1617 1500 1651; x_wconf 80' lang='grc' dir='ltr'>γυναικὸς,</span> <span class='ocrx_word' id='word_1_677' title='bbox 1516 1614 1593 1641; x_wconf 74' lang='grc' dir='ltr'>ἐκεῖνο</span> <span class='ocrx_word' id='word_1_678' title='bbox 1609 1614 1696 1649; x_wconf 76' lang='grc' dir='ltr'>εἰδὼς,</span> <span class='ocrx_word' id='word_1_679' title='bbox 1713 1617 1745 1645; x_wconf 82' lang='grc' dir='ltr'>ὡς</span> <span class='ocrx_word' id='word_1_680' title='bbox 1767 1614 1945 1644; x_wconf 80' lang='grc' dir='ltr'>ἀπαιτηοήσε-</span> 
     </span>
    </p>
   </div>
   <div class='ocr_carea' id='block_1_95' title="bbox 1145 1660 1947 1696">
    <p class='ocr_par' dir='ltr' id='par_1_95' title="bbox 1145 1660 1947 1696">
     <span class='ocr_line' id='line_1_95' title="bbox 1145 1660 1947 1696; baseline 0 -11"><span class='ocrx_word' id='word_1_681' title='bbox 1145 1669 1189 1686; x_wconf 90' lang='grc' dir='ltr'>ται</span> <span class='ocrx_word' id='word_1_682' title='bbox 1204 1660 1278 1696; x_wconf 74' lang='grc' dir='ltr'>λόγον</span> <span class='ocrx_word' id='word_1_683' title='bbox 1291 1660 1459 1696; x_wconf 75' lang='grc' dir='ltr'>σωφροσύνης</span> <span class='ocrx_word' id='word_1_684' title='bbox 1471 1662 1516 1685; x_wconf 84' lang='grc' dir='ltr'>καὶ</span> <span class='ocrx_word' id='word_1_685' title='bbox 1527 1660 1671 1696; x_wconf 78' lang='grc' dir='ltr'>άγιασμοῦ,</span> <span class='ocrx_word' id='word_1_686' title='bbox 1687 1662 1731 1685; x_wconf 87' lang='grc' dir='ltr'>καὶ</span> <span class='ocrx_word' id='word_1_687' title='bbox 1746 1662 1791 1690; x_wconf 72' lang='grc' dir='ltr'>τῆς</span> <span class='ocrx_word' id='word_1_688' title='bbox 1801 1660 1865 1695; x_wconf 80' lang='grc' dir='ltr'>πρὸς</span> <span class='ocrx_word' id='word_1_689' title='bbox 1881 1662 1947 1691; x_wconf 78' lang='grc' dir='ltr'>τοὺς</span> 
     </span>
    </p>
   </div>
   <div class='ocr_carea' id='block_1_96' title="bbox 1147 1703 1944 1741">
    <p class='ocr_par' dir='ltr' id='par_1_96' title="bbox 1147 1703 1944 1741">
     <span class='ocr_line' id='line_1_96' title="bbox 1147 1703 1944 1741; baseline -0.001 -11"><span class='ocrx_word' id='word_1_690' title='bbox 1147 1704 1171 1730; x_wconf 81' lang='grc' dir='ltr'>ἐν</span> <span class='ocrx_word' id='word_1_691' title='bbox 1195 1704 1333 1740; x_wconf 80' lang='grc' dir='ltr'>συζυγίαις</span> <span class='ocrx_word' id='word_1_692' title='bbox 1360 1706 1404 1730; x_wconf 83' lang='grc' dir='ltr'>καὶ</span> <span class='ocrx_word' id='word_1_693' title='bbox 1437 1706 1630 1741; x_wconf 72' lang='grc' dir='ltr'>τεκνοτροφίαις</span> <span class='ocrx_word' id='word_1_694' title='bbox 1669 1704 1756 1739; x_wconf 77' lang='grc' dir='ltr'>ἁγίους</span> <span class='ocrx_word' id='word_1_695' title='bbox 1781 1703 1944 1740; x_wconf 82' lang='grc' dir='ltr'>ὁμοιώσεως,</span> 
     </span>
    </p>
   </div>
   <div class='ocr_carea' id='block_1_97' title="bbox 1147 1747 1943 1786">
    <p class='ocr_par' dir='ltr' id='par_1_97' title="bbox 1147 1747 1943 1786">
     <span class='ocr_line' id='line_1_97' title="bbox 1147 1747 1943 1786; baseline -0.001 -11"><span class='ocrx_word' id='word_1_696' title='bbox 1147 1749 1208 1780; x_wconf 82' lang='grc' dir='ltr'>Οἴος</span> <span class='ocrx_word' id='word_1_697' title='bbox 1232 1747 1263 1778; x_wconf 85' lang='grc' dir='ltr'>ἧν</span> <span class='ocrx_word' id='word_1_698' title='bbox 1285 1750 1308 1775; x_wconf 81' lang='grc' dir='ltr'>ἐν</span> <span class='ocrx_word' id='word_1_699' title='bbox 1331 1750 1375 1785; x_wconf 71' lang='grc' dir='ltr'>μὲν</span> <span class='ocrx_word' id='word_1_700' title='bbox 1397 1752 1428 1785; x_wconf 72' lang='grc' dir='ltr'>τῇ</span> <span class='ocrx_word' id='word_1_701' title='bbox 1445 1748 1548 1784; x_wconf 82' lang='grc' dir='ltr'>Παλαιᾷ</span> <span class='ocrx_word' id='word_1_702' title='bbox 1579 1749 1694 1786; x_wconf 79' lang='grc' dir='ltr'>Διαθήκῃ</span> <span class='ocrx_word' id='word_1_703' title='bbox 1713 1747 1839 1785; x_wconf 71' lang='grc' dir='ltr'>Ἀϐραὰμ,</span> <span class='ocrx_word' id='word_1_704' title='bbox 1857 1747 1896 1780; x_wconf 81' lang='grc' dir='ltr'>ὃς,</span> <span class='ocrx_word' id='word_1_705' title='bbox 1912 1752 1943 1785; x_wconf 77' lang='grc' dir='ltr'>τῇ</span> 
     </span>
    </p>
   </div>
   <div class='ocr_carea' id='block_1_98' title="bbox 1147 1791 1947 1830">
    <p class='ocr_par' dir='ltr' id='par_1_98' title="bbox 1147 1791 1947 1830">
     <span class='ocr_line' id='line_1_98' title="bbox 1147 1791 1947 1830; baseline -0.001 -10"><span class='ocrx_word' id='word_1_706' title='bbox 1147 1797 1193 1820; x_wconf 82' lang='grc' dir='ltr'>τοῦ</span> <span class='ocrx_word' id='word_1_707' title='bbox 1208 1797 1274 1820; x_wconf 79' lang='grc' dir='ltr'>Θεοῦ</span> <span class='ocrx_word' id='word_1_708' title='bbox 1302 1795 1461 1830; x_wconf 78' lang='grc' dir='ltr'>προτιμήσει</span> <span class='ocrx_word' id='word_1_709' title='bbox 1482 1795 1524 1819; x_wconf 84' lang='grc' dir='ltr'>τὸν</span> <span class='ocrx_word' id='word_1_710' title='bbox 1551 1797 1672 1829; x_wconf 76' lang='grc' dir='ltr'>μονογενῆ</span> <span class='ocrx_word' id='word_1_711' title='bbox 1702 1793 1835 1823; x_wconf 77' lang='grc' dir='ltr'>Θυσιάζων</span> <span class='ocrx_word' id='word_1_712' title='bbox 1861 1791 1947 1829; x_wconf 79' lang='grc' dir='ltr'>ἀσυμ-</span> 
     </span>
    </p>
   </div>
   <div class='ocr_carea' id='block_1_99' title="bbox 1147 1837 1945 1874">
    <p class='ocr_par' dir='ltr' id='par_1_99' title="bbox 1147 1837 1945 1874">
     <span class='ocr_line' id='line_1_99' title="bbox 1147 1837 1945 1874; baseline -0.001 -10"><span class='ocrx_word' id='word_1_713' title='bbox 1147 1839 1246 1872; x_wconf 75' lang='grc' dir='ltr'>παθῶς,</span> <span class='ocrx_word' id='word_1_714' title='bbox 1272 1837 1456 1874; x_wconf 73' lang='grc' dir='ltr'>ἕμεγαλαύχςι,</span> <span class='ocrx_word' id='word_1_715' title='bbox 1486 1839 1531 1864; x_wconf 79' lang='grc' dir='ltr'>καὶ</span> <span class='ocrx_word' id='word_1_716' title='bbox 1560 1838 1608 1869; x_wconf 79' lang='grc' dir='ltr'>τὰς</span> <span class='ocrx_word' id='word_1_717' title='bbox 1637 1842 1685 1868; x_wconf 88' lang='grc' dir='ltr'>τῆς</span> <span class='ocrx_word' id='word_1_718' title='bbox 1726 1841 1824 1868; x_wconf 78' lang='grc' dir='ltr'>σκηνῆς</span> <span class='ocrx_word' id='word_1_719' title='bbox 1864 1837 1945 1863; x_wconf 66' lang='grc' dir='ltr'>αὐτοῦ</span> 
     </span>
    </p>
   </div>
   <div class='ocr_carea' id='block_1_100' title="bbox 1149 1880 1947 1919">
    <p class='ocr_par' dir='ltr' id='par_1_100' title="bbox 1149 1880 1947 1919">
     <span class='ocr_line' id='line_1_100' title="bbox 1149 1880 1947 1919; baseline -0.001 -11"><span class='ocrx_word' id='word_1_720' title='bbox 1149 1883 1229 1919; x_wconf 81' lang='grc' dir='ltr'>θύρας</span> <span class='ocrx_word' id='word_1_721' title='bbox 1242 1880 1484 1919; x_wconf 74' lang='grc' dir='ltr'>διαπεπετασμένας</span> <span class='ocrx_word' id='word_1_722' title='bbox 1499 1881 1564 1918; x_wconf 75' lang='grc' dir='ltr'>εἶχε,</span> <span class='ocrx_word' id='word_1_723' title='bbox 1578 1884 1644 1919; x_wconf 87' lang='grc' dir='ltr'>πρὸς</span> <span class='ocrx_word' id='word_1_724' title='bbox 1658 1880 1798 1918; x_wconf 76' lang='grc' dir='ltr'>ὑποδοχὴν</span> <span class='ocrx_word' id='word_1_725' title='bbox 1817 1885 1867 1908; x_wconf 87' lang='grc' dir='ltr'>τῶν</span> <span class='ocrx_word' id='word_1_726' title='bbox 1892 1881 1947 1908; x_wconf 68' lang='grc' dir='ltr'>ἐπι-</span> 
     </span>
    </p>
   </div>
   <div class='ocr_carea' id='block_1_101' title="bbox 1149 1926 1946 1964">
    <p class='ocr_par' dir='ltr' id='par_1_101' title="bbox 1149 1926 1946 1964">
     <span class='ocr_line' id='line_1_101' title="bbox 1149 1926 1946 1964; baseline -0.003 -10"><span class='ocrx_word' id='word_1_727' title='bbox 1149 1927 1285 1959; x_wconf 79' lang='grc' dir='ltr'>ξενοῦσθαι</span> <span class='ocrx_word' id='word_1_728' title='bbox 1317 1927 1458 1963; x_wconf 73' lang='grc' dir='ltr'>μελλόντων</span> <span class='ocrx_word' id='word_1_729' title='bbox 1488 1926 1695 1964; x_wconf 74' lang='grc' dir='ltr'>ἑτοιμαζόμενος.</span> <span class='ocrx_word' id='word_1_730' title='bbox 1713 1926 1751 1953; x_wconf 75' lang='grc' dir='ltr'>Οὐ</span> <span class='ocrx_word' id='word_1_731' title='bbox 1770 1928 1820 1964; x_wconf 83' lang='grc' dir='ltr'>γὰρ</span> <span class='ocrx_word' id='word_1_732' title='bbox 1838 1928 1946 1956; x_wconf 76' lang='grc' dir='ltr'>ἤκουσε·</span> 
     </span>
    </p>
   </div>
   <div class='ocr_carea' id='block_1_102' title="bbox 1150 1969 1944 2009">
    <p class='ocr_par' dir='ltr' id='par_1_102' title="bbox 1150 1969 1944 2009">
     <span class='ocr_line' id='line_1_102' title="bbox 1150 1969 1944 2009; baseline 0 -11"><span class='ocrx_word' id='word_1_733' title='bbox 1150 1972 1274 2001; x_wconf 80' lang='grc' dir='ltr'>Πὼλησόν</span> <span class='ocrx_word' id='word_1_734' title='bbox 1311 1981 1359 1998; x_wconf 87' lang='grc' dir='ltr'>σου</span> <span class='ocrx_word' id='word_1_735' title='bbox 1392 1973 1426 1998; x_wconf 81' lang='grc' dir='ltr'>τὰ</span> <span class='ocrx_word' id='word_1_736' title='bbox 1462 1972 1627 2009; x_wconf 72' lang='grc' dir='ltr'>ὑπάρχοντα,</span> <span class='ocrx_word' id='word_1_737' title='bbox 1668 1973 1714 1998; x_wconf 80' lang='grc' dir='ltr'>καὶ</span> <span class='ocrx_word' id='word_1_738' title='bbox 1742 1969 1790 2002; x_wconf 75' lang='grc' dir='ltr'>δὸς</span> <span class='ocrx_word' id='word_1_739' title='bbox 1813 1980 1944 2006; x_wconf 81' lang='grc' dir='ltr'>πτωχοις.</span> 
     </span>
    </p>
   </div>
   <div class='ocr_carea' id='block_1_103' title="bbox 1150 2015 1948 2053">
    <p class='ocr_par' dir='ltr' id='par_1_103' title="bbox 1150 2015 1948 2053">
     <span class='ocr_line' id='line_1_103' title="bbox 1150 2015 1948 2053; baseline -0.003 -10"><span class='ocrx_word' id='word_1_740' title='bbox 1150 2019 1200 2043; x_wconf 84' lang='grc' dir='ltr'>Καὶ</span> <span class='ocrx_word' id='word_1_741' title='bbox 1223 2018 1257 2043; x_wconf 82' lang='grc' dir='ltr'>τὰ</span> <span class='ocrx_word' id='word_1_742' title='bbox 1278 2017 1385 2053; x_wconf 84' lang='grc' dir='ltr'>μείζονα</span> <span class='ocrx_word' id='word_1_743' title='bbox 1402 2019 1500 2043; x_wconf 81' lang='grc' dir='ltr'>τούτων</span> <span class='ocrx_word' id='word_1_744' title='bbox 1530 2015 1679 2048; x_wconf 69' lang='grc' dir='ltr'>ἐπεδείξατο</span> <span class='ocrx_word' id='word_1_745' title='bbox 1706 2015 1774 2050; x_wconf 78' lang='grc' dir='ltr'>Ἰὼϐ,</span> <span class='ocrx_word' id='word_1_746' title='bbox 1796 2018 1839 2042; x_wconf 75' lang='grc' dir='ltr'>καὶ</span> <span class='ocrx_word' id='word_1_747' title='bbox 1865 2016 1948 2051; x_wconf 77' lang='grc' dir='ltr'>ἕτεροι</span> 
     </span>
    </p>
   </div>
   <div class='ocr_carea' id='block_1_104' title="bbox 1148 2058 1948 2097">
    <p class='ocr_par' dir='ltr' id='par_1_104' title="bbox 1148 2058 1948 2097">
     <span class='ocr_line' id='line_1_104' title="bbox 1148 2058 1948 2097; baseline -0.003 -10"><span class='ocrx_word' id='word_1_748' title='bbox 1148 2060 1276 2094; x_wconf 76' lang='grc' dir='ltr'>πλεῖστοι,</span> <span class='ocrx_word' id='word_1_749' title='bbox 1295 2059 1379 2087; x_wconf 69' lang='grc' dir='ltr'>Δαϐίδ</span> <span class='ocrx_word' id='word_1_750' title='bbox 1393 2070 1420 2086; x_wconf 86' lang='grc' dir='ltr'>τε</span> <span class='ocrx_word' id='word_1_751' title='bbox 1433 2063 1479 2086; x_wconf 83' lang='grc' dir='ltr'>καὶ</span> <span class='ocrx_word' id='word_1_752' title='bbox 1499 2060 1629 2097; x_wconf 76' lang='grc' dir='ltr'>Σαμουὴλ.</span> <span class='ocrx_word' id='word_1_753' title='bbox 1647 2061 1687 2086; x_wconf 85' lang='grc' dir='ltr'>Ἐν</span> <span class='ocrx_word' id='word_1_754' title='bbox 1708 2058 1738 2086; x_wconf 64' lang='grc' dir='ltr'>δὲ</span> <span class='ocrx_word' id='word_1_755' title='bbox 1757 2063 1788 2096; x_wconf 80' lang='grc' dir='ltr'><em>τῇ</em></span> <span class='ocrx_word' id='word_1_756' title='bbox 1805 2061 1859 2096; x_wconf 70' lang='grc' dir='ltr'>Νέᾳ</span> <span class='ocrx_word' id='word_1_757' title='bbox 1884 2062 1948 2086; x_wconf 82' lang='grc' dir='ltr'>Δια-</span> 
     </span>
    </p>
   </div>
   <div class='ocr_carea' id='block_1_105' title="bbox 1150 2104 1948 2142">
    <p class='ocr_par' dir='ltr' id='par_1_105' title="bbox 1150 2104 1948 2142">
     <span class='ocr_line' id='line_1_105' title="bbox 1150 2104 1948 2142; baseline -0.004 -10"><span class='ocrx_word' id='word_1_758' title='bbox 1150 2106 1228 2142; x_wconf 58' lang='lat' dir='ltr'>eam,</span> <span class='ocrx_word' id='word_1_759' title='bbox 1256 2105 1308 2137; x_wconf 81' lang='grc' dir='ltr'>οἷος</span> <span class='ocrx_word' id='word_1_760' title='bbox 1331 2107 1427 2142; x_wconf 69' lang='grc' dir='ltr'>Πέτρος</span> <span class='ocrx_word' id='word_1_761' title='bbox 1447 2106 1488 2138; x_wconf 70' lang='grc' dir='ltr'>ἦν,</span> <span class='ocrx_word' id='word_1_762' title='bbox 1516 2107 1561 2131; x_wconf 87' lang='grc' dir='ltr'>καὶ</span> <span class='ocrx_word' id='word_1_763' title='bbox 1575 2105 1599 2131; x_wconf 83' lang='grc' dir='ltr'>οἱ</span> <span class='ocrx_word' id='word_1_764' title='bbox 1620 2104 1706 2131; x_wconf 85' lang='grc' dir='ltr'>λοιποὶ</span> <span class='ocrx_word' id='word_1_765' title='bbox 1721 2108 1770 2130; x_wconf 80' lang='grc' dir='ltr'>τῶν</span> <span class='ocrx_word' id='word_1_766' title='bbox 1787 2104 1948 2130; x_wconf 76' lang='grc' dir='ltr'>ἀποστόλων.</span> 
     </span>
    </p>
   </div>
   <div class='ocr_carea' id='block_1_106' title="bbox 1149 2149 1949 2187">
    <p class='ocr_par' dir='ltr' id='par_1_106' title="bbox 1149 2149 1949 2187">
     <span class='ocr_line' id='line_1_106' title="bbox 1149 2149 1949 2187; baseline -0.003 -11"><span class='ocrx_word' id='word_1_767' title='bbox 1149 2151 1371 2179; x_wconf 69' lang='grc' dir='ltr'>Ἀπαιτηθήσεται</span> <span class='ocrx_word' id='word_1_768' title='bbox 1396 2150 1447 2186; x_wconf 84' lang='grc' dir='ltr'>γὰρ</span> <span class='ocrx_word' id='word_1_769' title='bbox 1470 2152 1519 2180; x_wconf 73' lang='grc' dir='ltr'>πᾶς</span> <span class='ocrx_word' id='word_1_770' title='bbox 1543 2149 1745 2187; x_wconf 65' lang='grc' dir='ltr'>ἄνθρωποςῌὶὲι)</span> <span class='ocrx_word' id='word_1_771' title='bbox 1757 2151 1819 2180; x_wconf 81' lang='grc' dir='ltr'>τοὺς</span> <span class='ocrx_word' id='word_1_772' title='bbox 1830 2150 1949 2186; x_wconf 76' lang='grc' dir='ltr'>καρποὺς</span> 
     </span>
    </p>
   </div>
   <div class='ocr_carea' id='block_1_107' title="bbox 1149 2193 1948 2231">
    <p class='ocr_par' dir='ltr' id='par_1_107' title="bbox 1149 2193 1948 2231">
     <span class='ocr_line' id='line_1_107' title="bbox 1149 2193 1948 2231; baseline -0.003 -10"><span class='ocrx_word' id='word_1_773' title='bbox 1149 2199 1196 2225; x_wconf 83' lang='grc' dir='ltr'>τῆς</span> <span class='ocrx_word' id='word_1_774' title='bbox 1210 2197 1275 2231; x_wconf 85' lang='grc' dir='ltr'>πρὸς</span> <span class='ocrx_word' id='word_1_775' title='bbox 1287 2199 1351 2221; x_wconf 67' lang='lat' dir='ltr'>eam;</span> <span class='ocrx_word' id='word_1_776' title='bbox 1367 2193 1471 2230; x_wconf 77' lang='grc' dir='ltr'>ἀγάπης</span> <span class='ocrx_word' id='word_1_777' title='bbox 1485 2197 1530 2220; x_wconf 84' lang='grc' dir='ltr'>καὶ</span> <span class='ocrx_word' id='word_1_778' title='bbox 1543 2196 1586 2220; x_wconf 85' lang='grc' dir='ltr'>τὸν</span> <span class='ocrx_word' id='word_1_779' title='bbox 1601 2194 1723 2226; x_wconf 82' lang='grc' dir='ltr'>πλησίον,</span> <span class='ocrx_word' id='word_1_780' title='bbox 1740 2196 1785 2219; x_wconf 82' lang='grc' dir='ltr'>καὶ</span> <span class='ocrx_word' id='word_1_781' title='bbox 1799 2197 1844 2223; x_wconf 75' lang='grc' dir='ltr'>τῆς</span> <span class='ocrx_word' id='word_1_782' title='bbox 1861 2202 1948 2229; x_wconf 80' lang='grc' dir='ltr'>παρει-</span> 
     </span>
    </p>
   </div>
   <div class='ocr_carea' id='block_1_108' title="bbox 1148 2236 1949 2277">
    <p class='ocr_par' dir='ltr' id='par_1_108' title="bbox 1148 2236 1949 2277">
     <span class='ocr_line' id='line_1_108' title="bbox 1148 2236 1949 2277; baseline -0.002 -11"><span class='ocrx_word' id='word_1_783' title='bbox 1148 2244 1247 2277; x_wconf 80' lang='grc' dir='ltr'>τροπ-ῆς</span> <span class='ocrx_word' id='word_1_784' title='bbox 1261 2243 1309 2266; x_wconf 77' lang='grc' dir='ltr'>τῶν</span> <span class='ocrx_word' id='word_1_785' title='bbox 1325 2238 1429 2265; x_wconf 71' lang='grc' dir='ltr'>ἐντολῶν</span> <span class='ocrx_word' id='word_1_786' title='bbox 1441 2240 1539 2265; x_wconf 75' lang='grc' dir='ltr'>τούτων</span> <span class='ocrx_word' id='word_1_787' title='bbox 1551 2241 1596 2265; x_wconf 74' lang='grc' dir='ltr'>καὶ</span> <span class='ocrx_word' id='word_1_788' title='bbox 1606 2242 1698 2265; x_wconf 84' lang='grc' dir='ltr'>πασῶν</span> <span class='ocrx_word' id='word_1_789' title='bbox 1708 2241 1775 2264; x_wconf 73' lang='grc' dir='ltr'>τίσει</span> <span class='ocrx_word' id='word_1_790' title='bbox 1789 2236 1878 2269; x_wconf 82' lang='grc' dir='ltr'>δίκας.</span> <span class='ocrx_word' id='word_1_791' title='bbox 1891 2241 1949 2264; x_wconf 57' lang='grc' dir='ltr'>Καί</span> 
     </span>
    </p>
   </div>
   <div class='ocr_carea' id='block_1_109' title="bbox 1149 2281 1951 2320">
    <p class='ocr_par' dir='ltr' id='par_1_109' title="bbox 1149 2281 1951 2320">
     <span class='ocr_line' id='line_1_109' title="bbox 1149 2281 1951 2320; baseline -0.004 -9"><span class='ocrx_word' id='word_1_792' title='bbox 1149 2285 1198 2316; x_wconf 82' lang='grc' dir='ltr'>θὼς</span> <span class='ocrx_word' id='word_1_793' title='bbox 1208 2286 1252 2310; x_wconf 81' lang='grc' dir='ltr'>καὶ</span> <span class='ocrx_word' id='word_1_794' title='bbox 1264 2285 1276 2310; x_wconf 80' lang='grc' dir='ltr'><strong><em>ὁ</em></strong></span> <span class='ocrx_word' id='word_1_795' title='bbox 1287 2286 1382 2320; x_wconf 76' lang='grc' dir='ltr'>Κύριος</span> <span class='ocrx_word' id='word_1_796' title='bbox 1393 2283 1416 2309; x_wconf 83' lang='grc' dir='ltr'>ἑν</span> <span class='ocrx_word' id='word_1_797' title='bbox 1426 2287 1478 2313; x_wconf 80' lang='grc' dir='ltr'>τοῖς</span> <span class='ocrx_word' id='word_1_798' title='bbox 1488 2283 1653 2319; x_wconf 71' lang='grc' dir='ltr'>Εὑαγγελίοις</span> <span class='ocrx_word' id='word_1_799' title='bbox 1665 2281 1741 2312; x_wconf 77' lang='grc' dir='ltr'>δηλοῖ</span> <span class='ocrx_word' id='word_1_800' title='bbox 1750 2283 1838 2319; x_wconf 80' lang='grc' dir='ltr'>λέγων·</span> <span class='ocrx_word' id='word_1_801' title='bbox 1846 2283 1875 2308; x_wconf 87' lang='grc' dir='ltr'><strong>Ὀ</strong></span> <span class='ocrx_word' id='word_1_802' title='bbox 1886 2282 1951 2318; x_wconf 75' lang='grc' dir='ltr'>ἀγα·</span> 
     </span>
    </p>
   </div>
   <div class='ocr_carea' id='block_1_110' title="bbox 1146 2327 1948 2366">
    <p class='ocr_par' dir='ltr' id='par_1_110' title="bbox 1146 2327 1948 2366">
     <span class='ocr_line' id='line_1_110' title="bbox 1146 2327 1948 2366; baseline -0.004 -11"><span class='ocrx_word' id='word_1_803' title='bbox 1146 2333 1201 2355; x_wconf 85' lang='grc' dir='ltr'>πῶν</span> <span class='ocrx_word' id='word_1_804' title='bbox 1224 2331 1324 2366; x_wconf 81' lang='grc' dir='ltr'>πατέρα</span> <span class='ocrx_word' id='word_1_805' title='bbox 1346 2330 1361 2357; x_wconf 80' lang='grc' dir='ltr'>ἤ</span> <span class='ocrx_word' id='word_1_806' title='bbox 1379 2330 1479 2365; x_wconf 78' lang='grc' dir='ltr'>μητέρα</span> <span class='ocrx_word' id='word_1_807' title='bbox 1502 2329 1565 2364; x_wconf 63' lang='grc' dir='ltr'>ὑπὲρ</span> <span class='ocrx_word' id='word_1_808' title='bbox 1581 2327 1634 2364; x_wconf 62' lang='grc' dir='ltr'>ἐμὲ,</span> <span class='ocrx_word' id='word_1_809' title='bbox 1660 2327 1706 2353; x_wconf 72' lang='grc' dir='ltr'>οὐκ</span> <span class='ocrx_word' id='word_1_810' title='bbox 1731 2329 1784 2353; x_wconf 75' lang='grc' dir='ltr'>ἔστι</span> <span class='ocrx_word' id='word_1_811' title='bbox 1799 2335 1850 2364; x_wconf 81' lang='grc' dir='ltr'>μου</span> <span class='ocrx_word' id='word_1_812' title='bbox 1865 2327 1948 2358; x_wconf 75' lang='grc' dir='ltr'>ἄξιος-</span> 
     </span>
    </p>
   </div>
   <div class='ocr_carea' id='block_1_111' title="bbox 1147 2373 1952 2410">
    <p class='ocr_par' dir='ltr' id='par_1_111' title="bbox 1147 2373 1952 2410">
     <span class='ocr_line' id='line_1_111' title="bbox 1147 2373 1952 2410; baseline -0.004 -10"><span class='ocrx_word' id='word_1_813' title='bbox 1147 2376 1202 2408; x_wconf 70' lang='grc' dir='ltr'>καὶ,</span> <span class='ocrx_word' id='word_1_814' title='bbox 1218 2373 1265 2404; x_wconf 86' lang='grc' dir='ltr'>Ὃς</span> <span class='ocrx_word' id='word_1_815' title='bbox 1285 2373 1313 2399; x_wconf 70' lang='grc' dir='ltr'>οὗ</span> <span class='ocrx_word' id='word_1_816' title='bbox 1329 2376 1404 2409; x_wconf 81' lang='grc' dir='ltr'>μισεῖ</span> <span class='ocrx_word' id='word_1_817' title='bbox 1414 2375 1457 2399; x_wconf 82' lang='grc' dir='ltr'>τὸν</span> <span class='ocrx_word' id='word_1_818' title='bbox 1475 2375 1576 2410; x_wconf 81' lang='grc' dir='ltr'>πατέρα</span> <span class='ocrx_word' id='word_1_819' title='bbox 1595 2373 1686 2406; x_wconf 77' lang='grc' dir='ltr'>αὑτοῦ,</span> <span class='ocrx_word' id='word_1_820' title='bbox 1704 2375 1748 2398; x_wconf 76' lang='grc' dir='ltr'>καὶ</span> <span class='ocrx_word' id='word_1_821' title='bbox 1779 2374 1827 2401; x_wconf 84' lang='grc' dir='ltr'>τὴν</span> <span class='ocrx_word' id='word_1_822' title='bbox 1849 2373 1952 2408; x_wconf 76' lang='grc' dir='ltr'>μητέρα</span> 
     </span>
    </p>
   </div>
   <div class='ocr_carea' id='block_1_112' title="bbox 964 2472 1238 2506">
    <p class='ocr_par' dir='ltr' id='par_1_112' title="bbox 964 2472 1238 2506">
     <span class='ocr_line' id='line_1_112' title="bbox 964 2472 1238 2506; baseline 0 -6"><span class='ocrx_word' id='word_1_823' title='bbox 964 2472 985 2489; x_wconf 79' lang='grc' dir='ltr'><strong>τ¹</strong></span> <span class='ocrx_word' id='word_1_824' title='bbox 1003 2472 1102 2500; x_wconf 84' lang='lat' dir='ltr'>Matth.</span> <span class='ocrx_word' id='word_1_825' title='bbox 1115 2479 1177 2506; x_wconf 80' lang='lat' dir='ltr'>Xix,</span> <span class='ocrx_word' id='word_1_826' title='bbox 1194 2474 1238 2500; x_wconf 81' lang='lat' dir='ltr'>2t.</span> 
     </span>
    </p>
   </div>
   <div class='ocr_carea' id='block_1_113' title="bbox 1160 2567 1950 2605">
    <p class='ocr_par' dir='ltr' id='par_1_113' title="bbox 1160 2567 1950 2605">
     <span class='ocr_line' id='line_1_113' title="bbox 1160 2567 1950 2605; baseline -0.003 -8"><span class='ocrx_word' id='word_1_827' title='bbox 1160 2570 1216 2605; x_wconf 81' lang='grc'>(63)</span> <span class='ocrx_word' id='word_1_828' title='bbox 1241 2569 1316 2597; x_wconf 80' lang='lat' dir='ltr'>Editi</span> <span class='ocrx_word' id='word_1_829' title='bbox 1341 2569 1416 2605; x_wconf 79' lang='grc' dir='ltr'>βίους</span> <span class='ocrx_word' id='word_1_830' title='bbox 1445 2568 1478 2595; x_wconf 71' lang='grc' dir='ltr'>τα</span> <span class='ocrx_word' id='word_1_831' title='bbox 1492 2572 1545 2605; x_wconf 78' lang='grc' dir='ltr'>τῶν</span> <span class='ocrx_word' id='word_1_832' title='bbox 1557 2567 1707 2605; x_wconf 64' lang='grc' dir='ltr'>ἀνθρώπων,</span> <span class='ocrx_word' id='word_1_833' title='bbox 1724 2575 1771 2595; x_wconf 80' lang='lat' dir='ltr'>res</span> <span class='ocrx_word' id='word_1_834' title='bbox 1788 2568 1950 2605; x_wconf 82' lang='lat' dir='ltr'>luun_m_zas.</span> 
     </span>
    </p>
   </div>
   <div class='ocr_carea' id='block_1_114' title="bbox 1124 2603 1952 2643">
    <p class='ocr_par' dir='ltr' id='par_1_114' title="bbox 1124 2603 1952 2643">
     <span class='ocr_line' id='line_1_114' title="bbox 1124 2603 1952 2643; baseline -0.006 -10"><span class='ocrx_word' id='word_1_835' title='bbox 1124 2603 1224 2643; x_wconf 53' lang='lat' dir='ltr'>Cede;</span> <span class='ocrx_word' id='word_1_836' title='bbox 1240 2607 1308 2633; x_wconf 76' lang='lat' dir='ltr'>Maz.</span> <span class='ocrx_word' id='word_1_837' title='bbox 1324 2603 1351 2632; x_wconf 85' lang='lat' dir='ltr'>et</span> <span class='ocrx_word' id='word_1_838' title='bbox 1362 2604 1591 2643; x_wconf 71' lang='lat' dir='ltr'>Regiustertius</span> <span class='ocrx_word' id='word_1_839' title='bbox 1605 2603 1694 2643; x_wconf 58' lang='grc' dir='ltr'>βίους</span> <span class='ocrx_word' id='word_1_840' title='bbox 1708 2606 1754 2633; x_wconf 72' lang='grc' dir='ltr'>τὴν</span> <span class='ocrx_word' id='word_1_841' title='bbox 1766 2607 1828 2643; x_wconf 40' lang='grc' dir='ltr'>,τῶν</span> <span class='ocrx_word' id='word_1_842' title='bbox 1853 2603 1952 2643; x_wconf 65' lang='grc' dir='ltr'>ἀνθρω-</span> 
     </span>
    </p>
   </div>
   <div class='ocr_carea' id='block_1_115' title="bbox 1123 2639 1952 2676">
    <p class='ocr_par' dir='ltr' id='par_1_115' title="bbox 1123 2639 1952 2676">
     <span class='ocr_line' id='line_1_115' title="bbox 1123 2639 1952 2676; baseline 0 -10"><span class='ocrx_word' id='word_1_843' title='bbox 1123 2651 1177 2667; x_wconf 80' lang='grc' dir='ltr'>πων</span> <span class='ocrx_word' id='word_1_844' title='bbox 1203 2639 1347 2676; x_wconf 74' lang='grc' dir='ltr'>ὃιαγωγὴν·</span> <span class='ocrx_word' id='word_1_845' title='bbox 1370 2648 1447 2676; x_wconf 51' lang='lat' dir='ltr'>qua;</span> <span class='ocrx_word' id='word_1_846' title='bbox 1471 2640 1560 2667; x_wconf 88' lang='lat' dir='ltr'>lectio</span> <span class='ocrx_word' id='word_1_847' title='bbox 1584 2640 1735 2666; x_wconf 86' lang='lat' dir='ltr'>invenitur</span> <span class='ocrx_word' id='word_1_848' title='bbox 1764 2639 1952 2676; x_wconf 17' lang='lat' dir='ltr'>inrmarg’iue</span> 
     </span>
    </p>
   </div>
   <div class='ocr_carea' id='block_1_116' title="bbox 1123 2675 1949 2721">
    <p class='ocr_par' dir='ltr' id='par_1_116' title="bbox 1123 2675 1949 2721">
     <span class='ocr_line' id='line_1_116' title="bbox 1123 2675 1949 2721; baseline -0.005 -17"><span class='ocrx_word' id='word_1_849' title='bbox 1123 2675 1261 2721; x_wconf 77' lang='lat' dir='ltr'>editionis</span> <span class='ocrx_word' id='word_1_850' title='bbox 1275 2678 1402 2720; x_wconf 60' lang='lat' dir='ltr'>Yenetw.</span> <span class='ocrx_word' id='word_1_851' title='bbox 1419 2675 1578 2712; x_wconf 74' lang='lat' dir='ltr'>Aliquanto</span> <span class='ocrx_word' id='word_1_852' title='bbox 1599 2677 1666 2711; x_wconf 87' lang='lat' dir='ltr'>post</span> <span class='ocrx_word' id='word_1_853' title='bbox 1679 2676 1748 2709; x_wconf 78' lang='lat' dir='ltr'>Reg.</span> <span class='ocrx_word' id='word_1_854' title='bbox 1759 2675 1876 2710; x_wconf 83' lang='lat' dir='ltr'>primus</span> <span class='ocrx_word' id='word_1_855' title='bbox 1887 2675 1949 2710; x_wconf 69' lang='grc' dir='ltr'>ἔλθῃ</span> 
     </span>
    </p>
   </div>
   <div class='ocr_carea' id='block_1_117' title="bbox 1199 2722 1340 2738">
    <p class='ocr_par' dir='ltr' id='par_1_117' title="bbox 1199 2722 1340 2738">
     <span class='ocr_line' id='line_1_117' title="bbox 1199 2722 1340 2738; baseline 0 0"><span class='ocrx_word' id='word_1_856' title='bbox 1199 2722 1287 2738; x_wconf 71' lang='grc' dir='ltr'>υνοικη</span> <span class='ocrx_word' id='word_1_857' title='bbox 1293 2722 1340 2738; x_wconf 78' lang='grc' dir='ltr'>σει.</span> 
     </span>
    </p>
   </div>
   <div class='ocr_carea' id='block_1_118' title="bbox 1120 2721 1950 2812">
    <p class='ocr_par' dir='ltr' id='par_1_118' title="bbox 1120 2721 1950 2812">
     <span class='ocr_line' id='line_1_118' title="bbox 1120 2721 1950 2812; baseline -0.002 -36"><span class='ocrx_word' id='word_1_858' title='bbox 1351 2749 1394 2778; x_wconf 83' lang='lat' dir='ltr'>est</span> <span class='ocrx_word' id='word_1_859' title='bbox 1408 2755 1468 2777; x_wconf 81' lang='lat' dir='ltr'>vox</span> <span class='ocrx_word' id='word_1_860' title='bbox 1479 2747 1623 2784; x_wconf 74' lang='grc' dir='ltr'>ἄνθρωπος,</span> <span class='ocrx_word' id='word_1_861' title='bbox 1633 2753 1669 2775; x_wconf 84' lang='lat' dir='ltr'>ex</span> <span class='ocrx_word' id='word_1_862' title='bbox 1684 2745 1816 2784; x_wconf 84' lang='lat' dir='ltr'>antiquis</span> <span class='ocrx_word' id='word_1_863' title='bbox 1827 2745 1950 2774; x_wconf 83' lang='lat' dir='ltr'>duobus</span> 
     </span>
     <span class='ocr_line' id='line_1_119' title="bbox 1134 2791 1216 2812; baseline 0.024 -2"><span class='ocrx_word' id='word_1_864' title='bbox 1134 2791 1141 2810; x_wconf 91' lang='grc' dir='ltr'>ι</span> <span class='ocrx_word' id='word_1_865' title='bbox 1164 2791 1216 2812; x_wconf 78' lang='lat' dir='ltr'>ris.</span> 
     </span>
    </p>
   </div>
   <div class='ocr_carea' id='block_1_119' title="bbox 1134 2791 1216 2812">
    <p class='ocr_par' dir='ltr' id='par_1_119' title="bbox 1134 2791 1216 2812">
     <span class='ocr_line' id='line_1_120' title="bbox 1134 2791 1216 2812; baseline 0.024 -2"><span class='ocrx_word' id='word_1_866' title='bbox 1134 2791 1216 2812; x_wconf 72' lang='lat' dir='ltr'>lDl‘lS.</span> 
     </span>
    </p>
   </div>
  </div>
