2049 3131
241 111 289 139 631

938 108 966 136 S.
982 107 1106 136 BASILII
1119 107 1229 136 MAGXI

1870 113 1926 140 632

239 172 391 205 ferendas,
411 173 439 200 et
452 171 526 200 virili
547 171 648 199 animo
668 172 891 199 monachorum
907 172 1014 198 castum
1030 177 1065 197 ac

1125 169 1243 205 θλίψεων,
1267 174 1313 197 καὶ
1337 170 1462 209 ἀνδρείως
1484 171 1610 208 πρόσελθε
1637 175 1669 207 τῇ
1700 172 1838 208 συγκλήτῳ
1871 177 1923 199 τῶν

240 220 380 246 senatum
388 216 437 244 adi
452 225 458 244 :
475 224 511 244 ac
523 216 608 244 initio
620 216 746 253 quidem
759 219 818 244 tute
833 214 1066 244 renuntiationis

239 262 338 290 virum
358 264 384 289 te
404 260 541 296 ostende,
557 263 589 288 ut
603 269 641 289 ne
656 261 696 289 ob
709 269 815 289 eorum
830 260 882 296 qui
897 258 1066 288 secundum

240 314 361 335 carnem
371 306 492 341 cognati
502 309 580 336 sunt.
588 314 724 334 amorem
732 308 761 334 et
770 306 913 334 affectum
923 304 1068 333 deorsum

240 352 367 383 trahere,
391 350 445 378 sed
460 350 560 378 valido
578 353 608 378 et
628 350 694 378 forti
711 351 814 378 animo
833 349 976 378 mortalia
997 355 1068 376 cum

238 395 459 424 immortalibus
475 397 654 424 commutes.
682 395 737 423 Ubi
751 403 824 423 vero
838 403 886 422 res
901 402 969 431 quin
985 392 1024 421 ad
1041 395 1068 420 te

238 441 387 477 pertinent
397 440 603 476 dereliqueris,
611 442 676 468 esto
686 440 859 468 inﬂexibilis
871 442 899 468 et
911 441 1065 473 constans,

239 488 380 522 certoque
395 485 472 513 scias
487 493 540 512 eas
552 485 732 521 praemittere
745 487 773 512 te
784 485 815 512 in
828 484 938 512 coelum
953 493 960 512 :
978 483 1067 519 siqui-

239 529 307 558 dem
318 530 400 566 ipsas
410 530 442 557 in
453 529 520 557 sinu
530 537 699 566 pauperum
709 529 880 557 reconditas
892 537 960 556 cum
973 528 1068 556 multa.

239 575 412 603 accessione
429 574 512 610 apud
529 575 622 602 Deum
633 582 665 602 es
676 574 864 602 inventurus.
876 575 949 601 Cum
965 575 1066 601 autem

241 619 280 648 ab
296 619 402 647 amicis
412 627 447 647 ac
463 619 662 647 familiaribus
673 618 832 652 divelleris,
844 626 916 646 cave
927 617 1066 645 coniicia-

238 664 279 692 ris
289 671 417 692 maerore
430 663 793 700 nimio,quaudoquidem
804 671 874 691 cum
885 662 1002 691 Christo
1013 661 1066 698 qui

240 716 295 744 pro
321 710 348 736 te
373 708 535 735 cruciﬁxus
559 710 612 741 est,
635 707 850 743 conjungeris:
875 707 957 743 quod
980 706 1066 743 quid,

240 760 354 788 quaeso,
362 752 473 781 anobis
483 751 643 780 amabilius
650 750 1066 787 excogitaripotest?Quando

240 801 351 831 autem,
366 799 425 824 Deo
438 797 574 832 juvante,
591 796 621 824 in
634 797 733 833 primo
748 797 806 824 hoc
822 796 958 833 pugilatu
980 799 1065 824 tuum

239 841 448 870 adversarium
461 842 661 878 superaveris,
672 841 765 869 nolito
777 841 905 877 teipsum
919 843 1065 877 tanquam
1081 846 1100 873 Β

239 895 293 914 vas
299 886 455 922 quoddam
464 886 700 920 ignominiosum
707 887 862 922 projicere.
871 887 911 914 Ex
918 894 978 922 quo
984 886 1065 913 enim

239 931 330 959 rebus
347 931 470 959 terrenis
491 930 632 958 remisisti
655 931 804 963 nuntium,
830 931 894 966 jam
917 930 1064 958 honorem

239 975 322 1011 apud
340 975 493 1002 Christum
515 975 568 1002 tibi
592 974 758 1003 conciliasti
779 985 785 1008 ;
804 975 857 1002 sed
880 982 1064 1011 magnopere

240 1028 313 1048 cura
322 1023 350 1047 et
366 1020 501 1056 provide,
514 1023 546 1047 ut
555 1020 654 1048 virum
671 1022 729 1048 tum
740 1020 806 1048 vitae
818 1020 1001 1048 tutissimum
1012 1020 1066 1048 du-

239 1073 303 1093 cem
315 1065 456 1100 reperias,
468 1064 562 1100 probe
573 1064 715 1092 edoctum
725 1065 893 1092 conducere
902 1072 954 1092 eos
964 1064 1016 1100 qui
1025 1064 1065 1092 ad

238 1111 334 1137 Deum
358 1112 500 1145 pergunt,
521 1109 645 1144 plenum
669 1109 839 1141 virtutibus,
858 1109 923 1144 ejus
946 1117 1015 1145 qum
1034 1109 1064 1136 in

239 1155 333 1181 Deum
343 1155 388 1181 est
396 1153 561 1181 dilectionis
571 1153 775 1181 testimonium
783 1152 946 1180 habentem
957 1161 993 1180 ex
1002 1152 1065 1180 suis

236 1197 334 1234 ipsius
345 1197 497 1233 operibus,
510 1197 682 1225 divinarum
692 1198 912 1233 Scripturarum
924 1205 1063 1231 gnarum,

237 1242 340 1270 animo
352 1242 455 1269 sedato
470 1242 643 1277 praeditum,
659 1242 858 1278 pecuniarum
882 1249 943 1269 non
959 1249 1064 1269 aman-

237 1289 308 1320 tem,
321 1294 339 1314 a
360 1287 487 1321 negotiis
501 1286 644 1318 alienum,
659 1287 805 1322 quietum,
821 1288 880 1314 Deo
894 1289 1063 1322 acceptum,

236 1331 412 1366 diligentem
428 1338 589 1366 pauperes,
601 1339 663 1358 non
678 1331 870 1364 iracundum,
884 1331 1063 1366 injuriarum

236 1376 459 1407 immemorem,
471 1375 511 1403 ad
522 1383 627 1403 eorum
637 1375 689 1411 qui
699 1375 800 1411 ipsum
811 1375 924 1404 adeunt
936 1375 1064 1404 aediﬁca-

236 1421 348 1448 tionem
363 1420 492 1448 multum
503 1420 705 1451 laborantem,
717 1428 804 1448 vanae
820 1420 922 1455 gloriae
938 1429 999 1448 non
1014 1429 1064 1448 cu-

236 1465 351 1501 pidum,
368 1472 432 1493 non
449 1464 623 1500 superbum,
640 1465 729 1492 nullis
744 1465 999 1493 assentationibus
1014 1465 1065 1493 ﬂe-

1122 219 1255 250 μοναχῶν·
1285 218 1329 242 καὶ
1357 215 1381 242 ἐν
1407 218 1452 252 μεν
1475 220 1505 252 τῇ
1537 215 1609 252 ἀρχῇ
1637 220 1684 247 τῆς
1707 215 1843 253 ἀποταγῆς
1872 227 1921 244 σου

1124 257 1260 295 ἀνδρίζον,
1288 262 1323 296 μὴ
1354 260 1563 289 καθελκυσθῆναι
1587 261 1637 286 ὑπὸ
1666 265 1714 292 τῆς
1743 262 1923 298 προσπαθείας

1122 307 1171 328 τῶν
1190 305 1258 330 κατά
1273 305 1359 341 σάρκα
1380 309 1521 341 συγγενῶν,
1539 308 1569 341 τῇ
1592 304 1736 341 ἀπαλλαγῇ
1756 310 1806 332 τῶν
1822 307 1922 335 θνητῶν

1122 349 1186 384 πρὸς
1210 350 1243 374 τὰ
1267 348 1383 375 ἀθάνατα
1408 350 1465 384 (71)
1490 349 1682 386 ἐιισχυόμενος·
1710 351 1787 379 ἡνίκα
1815 349 1845 377 δὲ
1870 355 1921 377 τῶν

1121 395 1270 430 προσόντων
1295 403 1336 420 σοι
1365 395 1524 431 πραγμάτων
1553 398 1613 430 ποιῇ
1643 397 1691 424 τὴν
1720 394 1854 431 ἀπόθεσιν,
1877 397 1921 422 ἔσο

1123 436 1255 474 ἀκαμπῖκ,
1285 441 1445 475 προπέμπειν
1475 439 1542 465 αὐτά
1575 439 1608 470 εἰς
1638 439 1762 476 οὐρανοὺς
1789 440 1919 478 πληροφο-

1120 483 1253 519 ρούμενος,
1279 487 1333 513 τοῖς
1361 485 1406 520 μὲν
1429 483 1534 514 κόλποις
1560 488 1609 510 τῶν
1637 488 1752 519 πτωχῶν
1781 484 1922 522 ἐναποκρύ-

1121 536 1190 552 πτων
1210 527 1285 561 αὐτὰ,
1309 538 1381 564 παρα
1401 526 1430 554 δὲ
1454 532 1510 563 Θεῷ
1533 530 1589 557 (72)
1612 528 1739 565 εὑρίσκων
1767 531 1814 555 σὺν
1837 529 1919 566 πολλῇ

1120 575 1151 606 τῇ
1180 572 1331 607 προσθήκη.
1356 572 1436 598 Φίλων
1460 571 1489 598 δὲ
1512 575 1557 598 καὶ
1582 573 1700 602 συνήθων
1724 571 1920 610 διασπώμενος,

1121 618 1154 651 μὴ
1196 620 1270 651 γενοῦ
1309 616 1470 654 περιθλιϐὴς,
1510 621 1618 653 Χριστῷ
1660 620 1852 654 σνναπτόμινος
1884 623 1922 654 τῷ

1121 661 1182 698 ὑπὲρ
1207 665 1253 686 σοῡ
1278 663 1461 699 σταυρωθέντιε
1488 662 1518 688 οὗ
1538 664 1564 688 τί
1587 661 1616 688 ἂν
1637 661 1770 698 λογιστέον
1791 664 1854 699 ἡμῖν
1876 674 1922 699 φι-

1119 705 1280 742 λικώτερον;
1309 706 1400 732 ’Πνίκα
1427 705 1456 733 δὲ
1489 709 1611 744 συνεργίᾳ
1643 711 1710 733 Θεοῦ
1739 709 1786 736 τήν
1813 711 1922 746 πρωτην

1120 752 1217 780 ταύτην
1245 753 1350 787 πυγμὴν
1374 754 1485 788 νικήσῃς
1507 753 1550 778 τόν
1577 754 1622 778 σόν
1644 751 1749 789 ἐχθρόν,
1773 755 1809 789 μὴ
1836 753 1922 790 ῥίψῃς

1122 797 1228 821 σεαυτόν
1252 797 1339 832 ὥσπερ
1362 806 1388 822 τι
1412 801 1460 822 τῶν
1481 795 1580 833 ἀτίμων
1597 801 1704 830 σκευῶν,
1726 795 1797 826 ’Ἤδη
1819 799 1871 835 γὰρ
1886 802 1918 834 mf

1120 839 1238 876 ἀποταγῇ
1265 845 1314 866 τῶν
1336 843 1433 876 γηίνων
1454 843 1618 878 πραγμάτων
1647 844 1787 878 τετίμηκας
1810 844 1920 868 σεαυτὸν

1119 886 1190 921 παρά
1216 889 1333 922 Χριστῷ·
1360 885 1412 911 ἀλλ’
1436 885 1459 911 ἐν
1481 885 1560 914 πολλῆ
1588 884 1708 923 φροντίδι
1733 888 1778 912 καὶ
1801 889 1920 924 περινοίᾳ

1118 932 1229 958 ποίησαι
1257 931 1339 967 εὑρεῖν
1368 929 1453 966 ἄνδρα
1476 929 1589 968 πρόοδον
1619 935 1667 962 τῆς
1705 935 1755 962 σῆς
1785 931 1920 963 πολιτείας

1120 974 1230 1007 ἀπλανῆ,
1255 974 1339 1005 καλῶς
1361 974 1531 1011 ἐπιστάμενον
1555 973 1661 1011 ὁδηγεῖν
1685 978 1744 1006 τοὺς
1767 978 1834 1013 πρὸς
1853 979 1919 1003 Θεὸν

1118 1021 1314 1056 πορενοῴιους,
1337 1024 1456 1056 κομῶντα
1482 1024 1540 1051 ταῖς
1567 1019 1670 1057 ἀρεταῖς
1694 1020 1721 1047 ἐκ
1745 1024 1795 1047 τῶν
1817 1021 1919 1047 οἰκείων

1119 1065 1199 1100 ξογων
1220 1066 1267 1093 τὴν
1286 1067 1430 1101 μαρτυρίαν
1446 1066 1542 1100 ἔχοντα
1561 1069 1606 1095 τῆς
1626 1066 1691 1102 πρὸς
1714 1066 1779 1091 Θεόν
1802 1064 1916 1101 ἀγάπης,

1118 1113 1213 1144 γνῶσιν
1248 1110 1345 1144 ἔχοντα
1376 1113 1424 1135 τῶν
1460 1110 1532 1135 θείων
1563 1112 1681 1146 Γραφῶν·
1708 1109 1916 1147 ἀπερίσπαστον,

1120 1152 1304 1190 ἀφιλάργυρον,
1337 1152 1502 1190 ἀπράγμονα,
1536 1155 1661 1190 ἡσύχιον,
1693 1154 1807 1190 θεοφιλῆ,
1843 1154 1917 1191 φιλό-

1118 1207 1236 1233 πτωχον,
1263 1197 1402 1234 ἀόργητον,
1431 1198 1620 1234 ἀμνησίκακον,
1647 1199 1727 1225 πολὺν
1750 1199 1786 1230 εἰς
1809 1198 1917 1226 οἰκοδο-

1119 1245 1170 1279 μὴν
1206 1247 1255 1269 τῶν
1289 1242 1444 1279 ἐγγιζόντων
1480 1243 1561 1279 αὐτῷ,
1603 1242 1765 1277 ἀκενόδοξον,
1804 1243 1916 1281 ἀνυπερ-

1119 1290 1223 1324 ἡφανον,
1257 1287 1437 1320 ἀκολάκευτον,
1477 1287 1671 1325 ἀπερίτρεπτον,
1702 1287 1785 1324 μηδεν
1817 1299 1914 1326 προτι-

1117 1337 1206 1368 μῶντά
1230 1336 1275 1358 τοῦ
1297 1336 1364 1358 Θεοῦ
1392 1334 1442 1359 Καὶ
1467 1332 1488 1358 εἱ
1511 1332 1596 1370 εὕροις
1617 1333 1673 1368 (73)
1693 1337 1820 1365 τοιοῦτον,
1839 1331 1916 1364 Evado;

1119 1378 1226 1403 σεαυτόν
1245 1376 1326 1411 αὐτῷ,
1349 1376 1417 1402 οἷπάν
1440 1376 1538 1413 θέλημα
1562 1379 1606 1403 σόν
1627 1376 1781 1408 ἀποπτύσας
1800 1380 1845 1404 καὶ
1870 1377 1916 1409 ἔξω

1116 1421 1206 1458 ῥίψας,
1233 1422 1273 1446 ἶνα
1296 1421 1402 1457 εὑρεθῇς
1427 1422 1458 1451 ὼς
1483 1422 1597 1458 καθαρὸν
1626 1420 1740 1457 ἀγγεῖον,
1761 1423 1795 1448 τὰ
1823 1421 1848 1448 ἐν
1875 1425 1916 1448 σοὶ

1118 1465 1263 1502 βαλλόμενα
1288 1464 1372 1501 ἀγαθά
1401 1463 1532 1502 διατηρῶν
1558 1467 1623 1503 πρὸς
1656 1467 1758 1492 ἔπαινόν
1789 1476 1837 1493 σου
1872 1469 1917 1493 καὶ

236 1510 390 1544 ciendum,
399 1518 459 1537 non
471 1509 637 1537 obnoxium
649 1510 819 1545 mutationi,
831 1510 905 1538 nihil
916 1511 976 1538 Deo
987 1519 1063 1547 prte-

1119 1509 1206 1541 δόξαν.
1233 1510 1262 1536 Ei
1289 1511 1340 1546 γάρ
1364 1520 1390 1536 τι
1413 1509 1590 1546 ἐγκαταλίπῃς
1611 1510 1693 1546 ἑαυτῷ
1712 1515 1762 1537 τῶν
1783 1515 1916 1548 προῦπαρ-

236 1555 392 1583 fsrentem.
404 1555 448 1588 Et,
461 1555 486 1582 si
501 1554 678 1590 quempiam
685 1555 864 1589 hujusmodi
874 1556 1061 1588 nanciscare,

236 1606 359 1627 omnem
373 1601 456 1626 tuam
472 1598 658 1626 voluntatem
671 1606 829 1634 exspuens,
849 1601 879 1627 et
900 1599 981 1627 {oras
994 1599 1062 1635 reji-

235 1644 328 1677 ciens,
342 1643 412 1671 huic
426 1646 454 1671 te
467 1644 566 1680 ipsum
578 1644 673 1677 trade,
691 1646 722 1672 ut
737 1645 825 1680 quasi
842 1653 894 1673 vas
909 1645 1062 1674 sincerum

1117 1555 1212 1586 ξὰντων
1240 1554 1264 1580 ἐν
1294 1557 1336 1581 σοὶ
1367 1555 1466 1586 παθῶν,
1494 1555 1530 1586 εἰς
1560 1555 1646 1586 ὀξίνην
1675 1558 1857 1591 μεταποιήσας
1884 1557 1917 1582 τὰ

1116 1599 1291 1636 ἐμϐεϐλημένα
1309 1599 1334 1625 ἐν
1364 1602 1406 1625 σοὶ
1427 1598 1523 1635 ἀγαθὰ,
1544 1599 1592 1632 ἔξω
1614 1599 1751 1637 βληθήσῃ,
1776 1601 1864 1637 ὥσπερ
1889 1610 1915 1627 τι

1115 1650 1164 1671 τῶν
1176 1644 1320 1680 ἀχρὴστων
1336 1648 1434 1670 σκευῶν
1448 1645 1516 1680 (74).

185 1694 189 1699 ’
235 1687 408 1721 invenieris,
425 1688 477 1724 qui
491 1688 603 1716 scilicet
617 1696 668 1716 eas
681 1696 749 1724 qua:
760 1689 791 1716 in
807 1691 836 1717 te
850 1689 1051 1717 infunduntur
1063 1689 1185 1717 virtutes
1199 1689 1239 1717 ad
1253 1688 1377 1717 laudem
1392 1690 1421 1717 et
1435 1688 1562 1724 gloriam
1575 1691 1659 1717 tuam
1670 1697 1781 1718 serves.
1796 1689 1913 1718 Etenim

237 1732 263 1760 si
278 1732 437 1768 quidpiam
454 1741 490 1760 ex
503 1732 538 1760 iis
553 1732 631 1760 vitiis
641 1733 754 1769 quibus
766 1736 855 1762 antea
869 1734 989 1762 deditus
1000 1742 1077 1770 eras,
1094 1734 1125 1762 in
1141 1734 1235 1770 teipse
1250 1733 1418 1769 reliqueris,
1435 1737 1506 1761 tunc
1521 1733 1610 1761 bonis
1626 1742 1695 1770 quae
1710 1736 1741 1762 in
1755 1736 1780 1762 te
1796 1733 1916 1762 fuerant

236 1777 385 1810 immissa,
403 1777 435 1804 in
456 1785 590 1813 vappam
604 1778 823 1811 transmutatis,
838 1780 984 1814 tanquam
996 1786 1051 1806 vas
1065 1779 1223 1815 quoddam
1236 1778 1310 1806 nulli
1323 1778 1392 1806 usui
1406 1780 1512 1814 aptum
1523 1778 1603 1806 foras
1618 1779 1771 1814 projicere.

273 1825 299 1849 3.
312 1821 375 1849 Hoc
390 1822 560 1850 secundum
571 1824 616 1850 est
627 1822 792 1857 luctamen,
809 1823 890 1859 quod
905 1831 974 1851 cum
986 1822 1063 1851 salu-

237 1866 274 1894 tis
289 1869 401 1894 nostra:
420 1866 506 1893 hoste
526 1865 694 1894 ineundum
710 1869 764 1894 est.
781 1867 968 1895 Documenta
983 1867 1064 1895 enim

236 1911 454 1945 magistrorum
473 1910 637 1944 bonorum,
652 1910 736 1939 bona
746 1914 834 1939 sunt:
848 1911 998 1939 malorum
1013 1919 1065 1939 au-

237 1958 310 1988 tem,
324 1954 405 1982 mala
418 1957 489 1982 sunt
503 1954 639 1982 omnino.
655 1956 730 1983 Cum
745 1955 827 1983 enim
841 1955 930 1983 nobis
943 1963 1065 1991 persua-

237 1999 308 2027 dere
321 2007 383 2027 non
394 1999 523 2035 potuerit
533 1998 632 2027 malus
641 1999 690 2027 ille
701 2000 890 2028 adversarius
909 2004 1020 2034 noster,
1032 2002 1066 2028 ut

238 2044 269 2072 in
285 2043 393 2071 mundi
412 2043 542 2071 tumultu
557 2047 585 2071 et
600 2043 688 2071 exitio
701 2052 962 2080 permaneremus,
975 2045 1063 2081 205

240 2088 368 2116 suadere
387 2091 524 2121 conatur,
541 2096 579 2116 ne
600 2089 668 2116 vitae
684 2091 832 2118 accurata;
851 2089 944 2118 dediti
957 2090 1063 2118 simus.

238 2142 313 2163 neve
322 2134 533 2170 permittamus
543 2142 599 2162 nos
609 2135 683 2169 viro,
699 2134 753 2171 qui
766 2135 869 2163 omnia
883 2137 987 2164 ucstra
996 2143 1065 2172 pec-
1083 2148 1105 2175 ι)

239 2181 308 2208 cata
315 2179 355 2207 ob
364 2179 467 2207 oculos
478 2179 566 2207 nobis
576 2182 679 2216 ponat,
689 2179 893 2216 corrigatque:
905 2181 958 2208 sed
969 2183 1002 2209 ut
1008 2188 1065 2209 nos

240 2224 400 2252 credamus
415 2224 548 2259 cuipiam
562 2224 687 2252 honoris
698 2232 801 2252 amore
812 2225 1067 2259 insanienti,sua¢-

240 2276 300 2305 que
310 2276 383 2303 erga
392 2276 463 2296 suos
476 2269 662 2297 convictores
673 2269 869 2305 indulgentia:
879 2270 1003 2298 obtentu
1011 2278 1068 2299 sua

241 2313 335 2350 ipsius
349 2313 419 2341 vitia
429 2313 656 2342 commendanti
671 2323 678 2342 :
694 2318 726 2342 ut
736 2323 806 2344 cum
821 2315 862 2343 ita
875 2323 930 2343 nos
945 2315 1067 2343 latenter

241 2357 408 2386 innumeris
421 2357 499 2386 vitiis
511 2366 617 2386 rursus
626 2359 783 2396 addixerit,
795 2361 905 2388 nostris
918 2360 990 2396 ipsis
1000 2367 1068 2396 pec-

242 2403 300 2431 cati
316 2402 441 2430 vinculis
456 2410 512 2431 nos
531 2403 706 2440 obstringat.
722 2404 808 2438 Quod
819 2405 843 2433 si
853 2405 917 2433 viro
931 2407 957 2433 te
972 2403 1067 2432 dedas

278 2493 334 2530 (71)
352 2492 443 2530 Iidem
455 2501 532 2530 inss.
546 2495 611 2530 πρός
623 2495 652 2519 τό
669 2493 807 2530 ἀθάνατον.

278 2528 332 2564 (72)
348 2528 440 2556 Editio
454 2528 547 2556 Paris.
565 2528 603 2564 τῷ
623 2534 690 2564 Θεῷ.
710 2529 858 2556 Articulus
874 2529 940 2556 etin
952 2528 1063 2556 nostris

241 2563 338 2592 tribus
368 2572 439 2591 mss.
472 2567 500 2591 et
521 2564 550 2592 in
579 2563 708 2592 editione
728 2565 837 2592 Veneta
865 2564 1064 2592 desideratur.

243 2599 330 2627 Haud
342 2599 430 2636 longe
446 2600 506 2627 duo
522 2608 596 2627 mss.
611 2603 647 2636 μὴ
661 2603 744 2635 γίνου.

277 2636 332 2670 (73)
350 2635 449 2663 Codex
468 2643 547 2663 unus
565 2635 646 2661 κςιϊεὶ
666 2636 752 2671 εὕρῃς.
767 2636 876 2664 Necita
889 2635 983 2663 multo
999 2636 1066 2671 post

241 2671 312 2705 Reg.
331 2670 447 2706 primus
463 2673 527 2707 πρός
540 2672 641 2697 ἔπαινόν
661 2670 719 2698 σοι(
736 2671 840 2699 Statim
855 2672 934 2706 Regii
949 2670 1065 2707 primus

241 2709 269 2744 et
283 2707 385 2744 tertius
410 2706 583 2744 ἐγκαταλίπῃς
600 2707 630 2744 ,ἑν
650 2710 760 2744 σεαυτῷ·
779 2709 808 2734 et
824 2708 865 2735 ita
882 2706 1004 2744 quoque
1026 2706 1065 2734 le-

240 2742 319 2777 gitur
337 2742 368 2770 in
385 2742 521 2775 margine
536 2741 674 2769 editionis
690 2743 815 2770 Venetae.

276 2779 333 2812 (74)
350 2777 430 2812 Regii
454 2776 568 2812 primus
583 2780 610 2806 et
626 2777 728 2806 tertius
744 2780 829 2816 ὥσπερ
852 2789 878 2805 τι
904 2783 953 2806 τῶν
979 2778 1064 2815 ἀχρή-

1154 1825 1180 1851 3.
1202 1823 1272 1852 Αὕτη
1289 1821 1399 1860 διντερα
1417 1822 1485 1851 πάλη
1506 1824 1568 1859 πρὸς
1592 1824 1635 1848 τόν
1660 1823 1854 1859 ἀνταγωνιστὴν
1869 1828 1917 1854 τῆς

1120 1870 1252 1904 σωτηρίας
1278 1868 1361 1903 ἡμῶν.
1394 1867 1511 1902 Ἀγαθῶν
1543 1868 1592 1904 γὰρ
1624 1865 1793 1894 διδασκάλων
1830 1867 1917 1904 ἁγαθά

1119 1913 1152 1938 τά
1177 1913 1322 1948 μαθήματα
1347 1912 1410 1946 (75)·
1440 1912 1542 1943 πάντως
1571 1921 1621 1938 που
1649 1914 1695 1938 καὶ
1722 1917 1809 1938 κακῶν
1837 1915 1915 1941 κακά.

1118 1956 1199 1983 ὀταν
1227 1958 1278 1993 γὰρ
1303 1958 1338 1992 μὴ
1366 1956 1468 1992 ἰσχύσῃ
1499 1957 1512 1982 ό
1535 1958 1648 1994 πονηρὸς
1679 1957 1751 1992 ἡμῶν
1780 1956 1918 1987 ἀντίπαλος

1119 2005 1211 2028 πεῖσαι
1233 2002 1303 2037 ἡμᾶς
1328 2000 1492 2036 ὶναπομιίναι
1525 2005 1556 2030 τῆ
1585 2005 1630 2027 τοῦ
1656 2003 1757 2038 κόσμου
1784 2004 1918 2038 συγχύσει

1120 2048 1166 2072 καὶ
1190 2045 1312 2081 ἀπωλείᾳ,
1331 2043 1439 2071 σπεύδει
1454 2049 1544 2071 πεῖσαι
1565 2048 1600 2081 μὴ
1619 2045 1721 2083 ἀκριϐεῖ
1745 2045 1797 2082 βίῳ
1813 2046 1919 2077 ἑαυτοὺς

1122 2088 1243 2116 ἐκδοῦναι
1267 2089 1322 2124 (76)
1345 2089 1361 2119 ἣ
1388 2087 1465 2127 ἀνδρὶ
1488 2090 1574 2116 πάντα
1593 2091 1665 2126 ἡμῶν
1688 2091 1722 2116 τὰ
1740 2090 1919 2128 ἁμαρτήματα

1121 2135 1164 2161 ὑπ’
1179 2134 1239 2170 ὄψιν
1254 2135 1344 2170 ἄγοντι
1358 2135 1403 2160 καὶ
1419 2132 1606 2171 διορθονμίνῳ,
1627 2133 1690 2161 ἀλλά
1708 2145 1759 2161 τινι
1773 2139 1823 2162 τῶν
1839 2134 1920 2168 δοξο-

1121 2181 1268 2216 μανούντων
1290 2181 1335 2204 καὶ
1358 2179 1392 2204 τὰ
1415 2178 1497 2204 οἰκεία
1524 2180 1595 2207 πάθη
1623 2180 1752 2216 προφάσει
1781 2189 1918 2216 συγκατα-

1122 2224 1222 2255 ϐάσεως
1244 2227 1293 2253 τῆς
1315 2225 1380 2260 πρὸς
1412 2225 1473 2254 τοὺς
1510 2223 1642 2254 συζωντας
1667 2228 1833 2258 συνιστῶντι,
1867 2225 1918 2258 ἳνα,

1122 2270 1202 2300 οὕτως
1223 2268 1380 2304 ἀσυμφανῶς
1405 2268 1458 2303 (77)
1478 2267 1553 2294 πάλιν
1568 2269 1738 2305 μυριοπαθςίς
1753 2270 1823 2305 ἡμᾶς
1843 2272 1920 2299 ποιή-

1123 2323 1181 2347 σας,
1204 2314 1254 2340 ὑπὸ
1277 2314 1310 2339 τὰ
1333 2312 1416 2338 οἰκεῖα
1435 2310 1522 2348 δεσμὰ
1539 2316 1584 2343 τῆς
1607 2312 1734 2350 ἁμαρτίας
1753 2314 1821 2350 ἡμᾶς
1840 2324 1920 2340 κατα.

1124 2361 1222 2395 στήσῃ.
1242 2357 1272 2384 Εἰ
1292 2355 1322 2383 δὲ
1345 2355 1428 2392 ἐκδῷς
1454 2358 1562 2383 σεαυτόν
1586 2357 1736 2394 πολυαρέτῳ
1763 2356 1853 2395 ἀνδρὶ,
1878 2369 1919 2394 γε-

1121 2405 1188 2439 νήσῃ
1214 2403 1372 2439 κληρονόμος
1394 2406 1444 2428 τῶν
1469 2401 1494 2428 ἐν
1521 2401 1590 2437 αὐτῷ
1618 2401 1733 2438 ἀγαθῶν,
1757 2406 1921 2440 μακαριστό-

1121 2502 1187 2518 στων
1205 2496 1312 2525 σκευῶν,
1329 2491 1375 2519 uti
1396 2498 1448 2519 vas
1472 2490 1623 2526 quoddam
1644 2491 1763 2519 inutile.
1785 2491 1823 2518 At
1846 2491 1918 2525 Reg.

1119 2528 1271 2557 secundus
1290 2530 1319 2555 et
1333 2526 1404 2555 editi
1418 2530 1466 2552 τῶν
1477 2525 1579 2562 ἀτίμων
1596 2531 1703 2560 σκευῶν,
1719 2530 1753 2554 ut
1768 2534 1821 2554 vas
1834 2526 1920 2561 igno-

1119 2565 1288 2592 miniosum.
1306 2564 1436 2598 Utraque
1451 2562 1687 2598 scripturasatis
1703 2562 1811 2598 placet.

1154 2600 1211 2634 (75)
1226 2598 1312 2633 Regii
1327 2596 1480 2635 primuset
1489 2596 1590 2635 tertius
1606 2596 1737 2635 ἀγαθάτὰ
1750 2596 1917 2633 διδάγματα.

1155 2632 1213 2670 (76)
1229 2632 1423 2670 Antiquiiduo
1436 2632 1504 2670 libri
1517 2633 1624 2670 ἑαυτοὺς
1639 2632 1784 2670 ἐπιδοῦναι.

1156 2668 1209 2706 (77)
1226 2668 1340 2706 Editiet
1350 2669 1422 2704 Reg.
1434 2669 1538 2706 tertius
1547 2669 1627 2706 οὕτως
1641 2668 1802 2706 ἀσυμφώνως
1816 2669 1920 2696 incon-

1118 2703 1214 2734 cirine.
1237 2705 1293 2733 Alii
1316 2704 1376 2741 duo
1392 2703 1465 2741 mss.
1483 2703 1565 2739 Regii
1588 2703 1754 2741 ἀσυμφοίνῶς,
1776 2705 1916 2741 latenter,

1118 2741 1236 2775 melius,
1265 2743 1296 2769 ut
1322 2740 1395 2782 mihi
1419 2739 1546 2782 videtur.
1568 2739 1731 2777 Aliquanto
1754 2740 1832 2768 infra
1854 2739 1918 2770 duo

1118 2785 1193 2805 mss.
1214 2785 1378 2814 μακαριστός
1397 2785 1424 2802 τε
1443 2784 1525 2812 παρα.
