2049 3131
274 143 328 172 839

964 137 994 167 S.
1013 136 1138 165 BASlLll
1157 137 1266 166 IAGNI

1903 143 1959 170 650

313 207 340 232 6.
360 203 452 232 Crede
465 202 540 231 meis
555 200 666 236 verbis,
687 209 755 238 quae
781 208 817 229 ex
836 200 925 229 corde
944 201 975 229 in
996 200 1098 229 fratrea

1195 201 1221 228 6.
1244 202 1354 227 Πίστευσ
1371 205 1426 232 τοῖς
1443 204 1511 238 ἐμοῖς
1524 201 1608 238 λόγοις
1628 201 1656 228 ἐκ
1671 201 1827 239 φιλαδιλφον
1842 203 1960 241 καρδίας

274 248 424 278 benevolo
437 246 596 284 prodeunt.
614 246 731 274 Accede
747 245 786 274 ad
803 254 892 274 senes
904 245 957 282 qui
983 244 1102 273 facilem

276 293 317 324 ad
327 301 358 321 se
369 292 484 321 aditum
494 299 556 319 non
569 290 721 327 praebent:
735 291 788 327 qui
799 290 1028 327 proverbiorum
1038 289 1104 326 qui-

275 339 346 367 dem
362 336 516 365 sententiis
529 336 658 371 juvenes
681 335 721 363 ad
734 335 877 363 virtutem
899 335 1102 368 cohortantur,

274 390 331 411 nec
345 384 447 410 tamen
461 380 548 409 facile
559 379 674 408 laedunt
686 389 692 408 :
709 380 797 408 Omni
806 379 942 408 custodia
956 386 1043 408 serva
1053 387 1104 407 cor

275 430 359 455 tuum
371 427 405 453 ⁸ο.
418 425 532 453 Etenim
543 425 587 452 uti
597 432 706 452 aurum
717 424 920 453 indesinenter
934 424 986 452 diu
1000 426 1102 453 noctu-

275 479 334 508 que
345 469 682 502 observaturafuribus,
691 471 781 506 atque
791 472 898 505 praeter
908 468 1103 505 exspectatio-

275 524 347 545 nem
359 518 388 544 et
403 518 431 544 te
447 515 542 544 inscio
557 514 739 551 subripitur;
756 522 827 543 cave
844 522 882 543 ne
897 517 925 543 te
948 514 1038 551 primi
1052 522 1102 551 pa-

273 561 367 589 rentis
375 562 500 597 peccato
510 560 668 588 seductum
677 559 707 587 in
717 567 849 587 errorem
857 559 992 595 impellat
999 559 1103 587 adver-

275 605 384 639 sarius,
400 608 490 641 teque
506 605 564 633 cito
580 612 615 632 ex
630 604 793 640 voluptatis
807 604 950 641 paradiso
962 603 1101 639 expellat.

272 650 332 683 Qui
343 650 422 678 enim
438 649 590 677 Adamum
601 656 655 685 per
669 657 745 677 esca;
756 648 866 676 furtum
878 649 940 676 vita
950 648 1100 685 spoliavit,

276 697 511 731 speraveratque
526 693 600 726 fore,
620 696 652 722 ut
664 695 766 721 Jesum
780 693 998 729 supplantaret,
1010 693 1035 721 is
1050 692 1103 722 tibi

275 747 399 776 quoque
411 738 506 767 multo
521 738 618 773 magis
632 737 712 766 hanc
728 738 858 774 primam
872 737 1023 766 malorum
1034 745 1103 765 cau-

276 792 341 812 sam
356 784 517 820 propinare
532 791 594 812 non
609 783 770 815 verebitur,
783 791 934 811 venenum
949 782 1056 810 efﬁcax
1071 783 1103 810 id

274 836 341 857 esse
356 836 418 856 non
436 828 568 856 nescius.
581 829 655 856 Nam
671 827 749 863 gulae
771 827 876 855 vitium
892 835 954 855 non
975 827 1006 855 in
1021 835 1103 855 esca-

274 881 341 902 rum
357 873 455 910 copia,
472 873 561 908 208
575 873 629 901 sed
643 873 674 900 in
691 873 874 909 appetitione
888 875 916 900 et
935 872 966 900 in
980 872 1101 900 modico

274 920 406 953 gustatu,
423 918 485 946 vim
499 925 587 945 suam
603 925 739 945 exserere
764 917 848 945 solet.
866 918 943 952 Ergo
963 917 987 944 si
1001 917 1102 945 brevis

273 962 402 997 alicujus
418 964 554 997 gustatus
569 961 713 998 appetitio
732 961 828 997 potuit
854 961 1001 996 subjicere
1016 963 1044 989 te
1058 961 1101 989 in-

274 1007 383 1042 gluviei
396 1006 477 1042 vitio,
494 1006 548 1034 tibi
570 1006 653 1034 nullo
672 1007 794 1041 negotio
811 1006 962 1034 interitum
987 1006 1098 1034 afferet.

274 1050 540 1084 Quemadmodum
554 1051 635 1079 enim
655 1059 743 1087 aqum
768 1051 920 1085 scaturigo
935 1050 966 1078 in
989 1050 1101 1078 multos

273 1095 382 1124 ductus
403 1095 501 1123 divisa
524 1095 604 1130 facit,
619 1098 651 1123 ut
665 1095 764 1123 omnis
783 1095 867 1123 locus
891 1095 936 1123 his
960 1094 1100 1123 ductibus

273 1139 494 1175 circumjecens
509 1140 658 1168 virescat:
673 1140 715 1168 ita
729 1142 758 1168 et
773 1140 849 1175 gulae.
864 1139 969 1168 vitium
985 1140 1011 1167 si
1027 1147 1059 1168 se
1069 1139 1100 1167 in

272 1194 325 1215 cor
339 1189 426 1215 tuum
449 1186 598 1220 effuderit,
618 1186 718 1222 ipsum
743 1186 872 1220 irrigatis
887 1186 1029 1214 omnibus
1043 1185 1101 1213 tuis

273 1231 428 1266 sensibus,
441 1231 493 1267 qui
507 1234 578 1259 sunt
592 1231 735 1267 nequitize
749 1230 840 1267 quasi
851 1230 927 1258 silva
940 1230 970 1259 in
987 1233 1014 1258 te
1029 1237 1100 1258 con-

273 1278 340 1312 sita,
352 1277 488 1305 animam
502 1278 586 1305 tuam
604 1276 734 1304 ferarum
757 1276 966 1304 habitaculum
981 1275 1098 1304 efﬁciet.

271 1323 332 1356 Ego
345 1321 426 1349 enim
448 1321 511 1349 vidi
525 1321 647 1354 multos,
663 1321 716 1357 qui
730 1321 810 1348 vitiis
825 1321 990 1357 mancipati
1004 1320 1100 1349 redie-

271 1368 343 1394 runt
355 1366 394 1394 ad
407 1366 567 1393 sanitatem
579 1374 586 1393 :
600 1365 654 1393 sed
666 1373 703 1392 ex
717 1365 860 1393 omnibus
874 1373 913 1393 ne
923 1373 1018 1393 unum
1032 1365 1099 1401 qui-

271 1410 351 1441 dem,
368 1410 421 1446 qui
436 1409 552 1437 occulte
578 1409 789 1442 manducaret,
808 1412 860 1437 aut
872 1409 999 1444 gulosus
1010 1411 1098 1444 esset,

270 1454 468 1483 emendatum
478 1453 553 1487 vidi;
567 1454 630 1482 imo
640 1461 712 1481 vero
722 1456 775 1481 aut
787 1453 855 1482 vitae
867 1454 1047 1482 continentis
1056 1454 1100 1482 in-

271 1499 409 1528 stitutum
422 1499 575 1533 deserunt,
585 1501 674 1535 atque
685 1499 715 1527 in
726 1498 842 1526 mundo
852 1501 1098 1535 corrumpuntur,

270 1546 323 1574 aut
346 1543 423 1572 inter
444 1543 632 1571 continentes
649 1543 793 1571 occultari
812 1545 970 1578 conantur,
992 1545 1020 1571 et
1033 1543 1098 1572 dia-

269 1587 332 1616 boli
346 1587 423 1616 ﬁunt
436 1586 656 1615 commilitones
678 1595 732 1623 per
754 1586 953 1623 voluptatem.
973 1587 1006 1615 Hi
1018 1587 1099 1615 enim

270 1630 434 1660 mendaces
444 1633 524 1664 sunt,
533 1630 636 1659 multis
641 1631 822 1666 juramentis
833 1631 968 1665 obnoxii,
976 1631 1099 1668 perjuri,

271 1675 461 1709 contentiosi,
473 1675 512 1703 ad
524 1675 727 1704 referiendum
737 1675 845 1712 parati,
859 1676 997 1710 clamosi,
1008 1679 1037 1704 et
1047 1677 1100 1713 qui

270 1723 382 1756 negent
397 1729 430 1748 se
452 1720 631 1753 comedisse,
647 1720 820 1756 illiberales,
839 1720 955 1755 molles,
969 1721 1098 1757 queruli,

270 1767 463 1800 scrutatores,
479 1768 509 1793 et
532 1765 584 1801 qui
607 1766 739 1794 tenebris
760 1765 925 1800 gaudeant,
948 1773 1100 1802 omneque

270 1810 338 1839 vitae
359 1809 417 1846 pias
439 1818 475 1838 ac
495 1812 606 1838 sanctae
626 1810 798 1839 institutum
818 1810 896 1838 ultro
910 1813 1097 1847 oppugnent.

269 1854 395 1889 Etenim,
408 1858 441 1883 ut
454 1855 531 1890 gulae
546 1855 654 1883 vitium
666 1858 839 1890 contegant,
852 1855 882 1883 in
893 1855 1045 1884 malorum
1056 1857 1100 1884 in-

269 1900 373 1928 cidunt
394 1899 640 1928 multitudinem:
663 1900 716 1935 qui
740 1900 865 1936 quidem
889 1900 988 1936 specie
1010 1903 1098 1928 tenus

267 1943 344 1972 inter
354 1944 475 1978 electos,
488 1946 519 1972 at
528 1945 629 1979 reipsa
640 1943 717 1971 inter
728 1943 877 1980 reprobos
887 1947 1096 1973 numerantur.

303 1991 330 2016 7.
353 1988 504 2023 Ingluvies
518 1988 606 2016 morti
622 1988 746 2016 tradidit
763 1989 924 2022 Adamum,
940 1992 1030 2025 atque
1045 1997 1099 2026 per

267 2032 380 2061 ventris
395 2032 580 2068 voluptatem
600 2033 718 2061 mundo
733 2033 856 2061 exitium
878 2033 1015 2062 intulit".
1029 2033 1099 2062 Irri-

267 2077 355 2106 detur
378 2079 449 2109 Noe,
462 2077 556 2105 Cham
572 2078 697 2105 devotus
717 2078 804 2113 est”,
820 2078 1012 2114 primogeniti
1027 2079 1098 2114 jura

268 2121 376 2150 amittit
398 2123 475 2150 Esau
484 2122 518 2155 ⁸³,
540 2127 630 2158 atque
645 2130 714 2150 cum
729 2122 908 2150 Chananmis
920 2123 1098 2152 afﬁnitatem

267 2166 457 2195 contrahit".
483 2168 535 2195 Lot
560 2166 690 2194 ﬁliarum
718 2167 847 2195 maritus
870 2168 949 2202 ﬁt",
972 2169 1036 2204 ipse
1050 2169 1098 2197 sui

266 2211 362 2248 ipsius
387 2219 479 2246 gener
499 2214 527 2240 et
551 2219 646 2245 socer,
668 2214 754 2248 pater
778 2212 832 2247 vir,
855 2215 883 2241 et
910 2221 985 2241 avus
1010 2215 1096 2249 pater

265 2255 407 2292 utrinque
429 2257 545 2283 natura:
573 2256 719 2283 terminos
744 2256 878 2284 afﬁciens
902 2257 1093 2285 contumelia.

267 2300 334 2327 Haec
345 2299 435 2327 etiam
446 2299 584 2328 lsraelem
593 2299 712 2336 impulit
721 2300 760 2328 ad
769 2300 962 2328 adorandum
973 2301 1095 2329 simula-

303 2353 326 2370 ⁸ο
347 2354 433 2383 Prov.
454 2361 490 2388 ιν,
511 2355 556 2382 23.
596 2354 618 2372 ³¹
640 2355 713 2382 Gen.
732 2361 772 2388 ut,
794 2355 820 2381 6.

265 2396 321 2423 nx,
340 2389 384 2416 35.

267 2441 362 2470 Editio
377 2442 469 2471 Paris.
486 2445 514 2471 et
531 2443 622 2471 editio
636 2444 708 2470 Ven.
724 2442 755 2470 in
775 2442 912 2476 margine
926 2443 1006 2480 πολλῇ
1020 2453 1048 2470 τε
1061 2447 1091 2480 τῇ

265 2480 342 2514 πιίρᾳ
355 2482 405 2504 τῶν
417 2481 588 2505 πεπτωκότων
603 2481 720 2514 προφανῆ
741 2487 783 2503 σοι
795 2488 879 2504 ταυτα
899 2480 1091 2515 φαινέσθωσαν,

265 2516 293 2541 et
306 2521 367 2551 per
378 2515 506 2551 multum
517 2514 734 2551 experientiam
744 2521 846 2542 eorum
858 2516 909 2551 qui
924 2516 1004 2550 lapsi
1011 2518 1092 2549 sunt,

265 2550 430 2584 manifesta
443 2550 522 2583 ﬁant
535 2550 639 2576 ist/tare
654 2549 722 2576 tibi.

302 2582 482 2620 (3)‘Antiqui
496 2584 557 2612 duo
575 2584 643 2623 libri
663 2582 778 2621 καρδίας
792 2588 1019 2623 προσφερομένοις.
1036 2586 1094 2614 lbi-

265 2619 421 2683 ξριωηᾶως
438 2619 525 2648 ίιηεδ.
553 2619 703 2657 πρόστρεχέ
727 2619 844 2658 γέρουσι.
866 2619 947 2650 ἘὶῘΙὶὶ
966 2624 1092 2659 πρόσεχε,

312 2663 328 2682 e
372 2663 397 2683 ε.

265 2661 397 2683 attende.

301 2690 338 2725 (4)
360 2690 436 2718 Editi
451 2693 479 2718 et
492 2692 562 2730 R_eg.
584 2691 689 2719 tertius
708 2691 897 2730 προσδοκήσας
920 2702 948 2719 τι
969 2695 1023 2720 καί.
1040 2693 1094 2721 Alii

265 2726 327 2754 duo
343 2733 415 2753 mss.
425 2725 624 2763 ,προσδοκήσας
635 2737 662 2754 τε
677 2725 731 2756 καίξ

300 2763 340 2801 (5)
361 2762 579 2801 Regiiprimus
594 2766 632 2801 et»
644 2764 746 2792 tertius
762 2763 815 2801 ἀλλ’
838 2763 861 2790 ἐν
882 2763 1011 2801 ἐπιθυμία
1023 2763 1093 2801 βρα-

265 2800 341 2832 χείας
364 2800 433 2828 τινὸς
456 2800 577 2834 γεύσεως.
602 2799 633 2826 Εἰ
660 2801 712 2836 γὰρ
738 2809 767 2827 σε
792 2800 902 2836 ἰσχύσει
928 2799 1092 2834 καταϐαλεῖν,

859 2354 882 2371 ⁸³
903 2355 977 2384 Gen.
1002 2362 1039 2390 ιιι,
1060 2357 1104 2389 2t,

1158 248 1367 283 προφιρομένοις.
1389 248 1541 283 Πρόστριχε
1561 249 1669 284 γέρουσι
1684 246 1723 282 (3)
1746 246 1959 284 δυσιντςύκτοις,

1158 291 1250 321 οἰτινις
1278 290 1362 326 λόγοις
1389 291 1434 327 μὶν
1459 295 1608 328 παροιμιῶν
1636 290 1770 328 ἀλιίφουσι
1795 295 1856 324 τοὺς
1883 296 1959 326 νέους

1157 337 1220 373 πρὸς
1239 337 1285 366 τὰς
1310 335 1442 372 ἐναρέτους
1463 336 1578 373 πράξεις,
1599 336 1749 372 βλάπτουσι
1771 335 1800 364 δὲ
1821 342 1957 375 προσώπῳ

1158 379 1291 417 οὐδαμῶς.
1316 382 1392 416 Πάσῃ
1418 381 1517 416 φυλακῇ
1543 383 1614 418 τήρει
1637 383 1685 410 σήν
1709 380 1832 418 καρδίαν.
1854 382 1956 420 Ὣσπιρ

1157 426 1208 462 γὰρ
1232 427 1335 464 χρυσὸς
1354 429 1559 452 κατασκοπιῐται
1578 427 1623 462 μὶν
1646 424 1817 458 ἁδιαλιίπτως
1839 428 1889 454 ὑπὸ
1904 432 1957 454 τῶν

1157 471 1271 497 κλεπτῶν
1287 470 1311 497 ἐν
1326 472 1400 497 νυκτὶ
1420 473 1465 497 καὶ
1489 470 1512 496 ἐν
1528 471 1622 508 ἡμέρᾳ,
1639 471 1785 507 ἁρπάζεται
1806 470 1836 499 δί
1857 471 1958 510 ἀπροσ-

1158 514 1287 549 δοκήτως,
1312 518 1357 542 καὶ
1381 516 1411 542 οὗ
1432 518 1588 552 γινώσκεις·
1612 516 1661 553 ὅρα
1679 519 1715 552 μή
1744 526 1773 543 σι
1795 516 1917 553 πλανήσῃ
1944 519 1957 544 ὀ

1158 561 1255 598 ἐχθρὸς
1272 564 1304 596 τῇ
1321 564 1366 587 του
1381 561 1544 598 προπάτορος
1568 560 1694 598 ἁμαρτίᾳ,
1709 564 1755 587 καὶ
1773 563 1802 587 τὸ
1823 561 1908 598 τάχος
1929 571 1958 588 σε

1158 605 1252 642 ἐκϐάλῃ
1279 609 1325 632 τοῦ
1360 603 1523 642 παραδείσου
1555 609 1600 636 τῆς
1632 610 1739 642 τρυφῆς.
1767 609 1796 631 ‘0
1827 607 1879 643 γὰρ
1913 609 1958 633 τὸν

1158 648 1246 686 ’Δδάμ
1267 654 1298 686 τῇ
1319 654 1367 680 τῆς
1392 649 1516 687 βρώσεως
1540 649 1622 686 κλοπῇ
1647 650 1790 686 ὑφιλκὺσας
1810 654 1856 681 τῆς
1877 651 1958 686 ζωῆς,

1156 693 1348 731 προσδοκήσας
1373 704 1400 721 τι
1428 697 1473 721 καὶ
1492 695 1531 730 (ﬁ)
1558 695 1659 724 Ἰησοῦν
1688 695 1879 729 ὑποσκελίζειν,
1910 697 1957 722 οὐκ

1157 739 1348 777 ἐντραπήσιται
1368 739 1454 775 πολλῷ
1475 739 1569 776 μᾶλλον
1589 743 1634 766 καὶ
1654 742 1696 766 σοὶ
1717 741 1828 777 κεράσαι
1842 742 1872 767 τὸ
1887 745 1957 778 πρῶ-

1157 794 1199 811 τον
1226 786 1309 810 αῖτιον
1336 788 1386 810 τῶν
1415 788 1518 818 κακῶν,
1547 784 1660 821 ἰσχυρὸν
1689 783 1850 821 δηλητήριον
1879 790 1956 812 τοῦτο

1156 831 1301 864 γινώσκων.
1317 830 1352 855 Τὸ
1375 830 1426 866 γὰρ
1453 833 1499 859 τῆς
1521 831 1732 866 γαστριμαργίας
1754 830 1835 859 πάθος
1859 829 1908 856 οὐκ
1932 830 1956 856 ἐν

1122 879 1142 906 Β
1156 873 1249 902 πλήθει
1271 873 1417 910 βρωμάτων
1441 875 1488 902 τήν
1511 871 1582 899 ἰδίαν
1603 873 1684 909 ἰσχὺν
1701 872 1899 900 ἐπιδείκνυσθαι
1913 876 1954 900 πέ-

1157 927 1244 954 φυκεν,
1268 917 1321 943 ἀλλ’
1348 917 1372 944 ἐν
1401 918 1526 954 ἐπιθυμίᾳ
1550 921 1596 944 καὶ
1622 920 1704 954 μικρᾴ
1727 919 1817 953 γεύσιι
1844 919 1894 952 (5).
1923 918 1953 945 Εἰ

1156 964 1242 988 τοίνυν
1266 962 1391 998 ἐπιθυμία
1415 961 1544 998 βραχείας
1569 963 1639 993 τινος
1662 963 1776 997 γεύσεως
1801 961 1911 998 ἰσχύσει
1926 972 1954 989 σι

1156 1006 1306 1033 ὑποϐάλλειν
1331 1010 1367 1042 τῷ
1391 1010 1438 1036 τῆς
1465 1009 1677 1043 γαστριμαργίας
1702 1008 1790 1042 πάθιι,
1812 1006 1952 1043 ἆκαμάτως

1157 1059 1186 1077 σι
1204 1055 1241 1086 τῷ
1263 1052 1364 1086 θανάτῳ
1389 1049 1553 1088 παραδώσει.
1569 1050 1669 1088 Ὠσπερ
1691 1052 1741 1088 γὰρ
1766 1052 1843 1087 φύσις
1861 1061 1900 1081 τις
1916 1052 1953 1087 (ὃ)

1156 1093 1252 1126 ὕδατος
1283 1095 1387 1125 πολλοῖς
1413 1095 1498 1126 ὁλκοῖς
1527 1094 1766 1132 προσδιαιρονμένη
1799 1097 1886 1122 πάντα
1910 1098 1954 1122 τὸν

1155 1142 1214 1176 περὶ
1237 1141 1296 1170 τοὺς
1319 1139 1408 1170 ὁλκοὺς
1429 1142 1507 1165 τόπον
1530 1139 1629 1166 θάλλειν
1653 1140 1868 1176 παρασκευάζειι
1885 1141 1952 1166 οὕτω

1155 1187 1200 1210 καὶ
1219 1186 1248 1211 τὸ
1273 1188 1320 1215 τῆς
1343 1187 1558 1222 γαστριμαργίας
1572 1185 1662 1220 πάθος,
1679 1184 1701 1211 ri
1723 1183 1838 1221 ἀναδοθῇ
1858 1194 1907 1211 σου
1921 1189 1951 1221 τῇ

1155 1227 1265 1266 καρδίᾳ,
1283 1230 1368 1259 πάσας
1392 1239 1439 1255 σου
1460 1231 1505 1259 τὰς
1528 1229 1664 1259 αἰσθήσεις
1687 1229 1806 1263 ποτίζον,
1822 1229 1885 1258 ὕλην
1909 1239 1954 1256 κσρ

1154 1276 1212 1304 κίας
1237 1274 1260 1300 ἑν
1281 1277 1323 1300 σοὶ
1344 1277 1553 1310 καταφυτεῦσαν,
1571 1275 1667 1311 θηρίων
1683 1276 1886 1311 κατοικητήριον
1908 1277 1953 1303 τήν

1155 1321 1205 1348 σὴν
1217 1319 1311 1355 ψυχὴν
1325 1321 1500 1348 καταστήσει.
1513 1318 1623 1349 Πολλοὺς
1645 1320 1696 1356 γὰρ
1712 1319 1763 1354 ἐγὼ
1777 1320 1875 1346 πάθεσι
1892 1329 1955 1356 κραο

1154 1365 1277 1394 τηθέντας
1301 1362 1370 1390 εἶδον
1394 1363 1418 1390 ἐι
1442 1365 1517 1400 ὑγεία
1542 1365 1701 1400 γενομένους,
1717 1364 1761 1389 ἕνα
1785 1361 1815 1390 δὲ
1839 1363 1866 1390 ἐκ
1891 1366 1954 1390 πάν-

1154 1418 1204 1436 των
1230 1409 1402 1446 λαθροφάγον,
1418 1409 1433 1438 ἦ
1460 1411 1660 1446 γαστρίμαργον
1682 1408 1729 1434 οὐκ
1748 1406 1828 1442 εἶδον,
1855 1408 1910 1434 ἀλλ’
1935 1410 1949 1438 ἦ

1155 1453 1346 1490 ἁπορῥαγέντας
1370 1457 1417 1480 τοῦ
1447 1453 1589 1490 ἐγκρατοῦς
1618 1453 1699 1489 βίον,
1728 1455 1774 1479 καί
1801 1457 1838 1488 τῷ
1862 1455 1952 1490 κόσμῳ

1155 1496 1364 1536 διαφθαρέντας,
1393 1498 1408 1528 ἦ
1442 1502 1497 1529 τοῖς
1530 1498 1681 1535 ἐγκρατέσιν
1715 1497 1954 1534 ἑναποκρύπτισθαι

1119 1553 1139 1581 C
1154 1545 1336 1580 πιιρωμένους,
1353 1545 1397 1569 καὶ
1421 1547 1457 1578 τῷ
1478 1541 1592 1578 διαϐόλῳ
1610 1547 1642 1578 τῇ
1659 1540 1811 1578 ἡδυπαθείᾳ
1826 1552 1954 1569 συνασπι-

1155 1589 1288 1624 ζομένους.
1314 1591 1430 1615 Ψεῡσται
1454 1588 1504 1625 γάρ
1532 1587 1597 1614 εἰσιν
1624 1587 1696 1614 οὗτοι
1722 1586 1872 1624 πολύορκοι,
1901 1587 1954 1614 ἐπί-

1154 1642 1237 1670 ορκοι,
1268 1631 1681 1667 ἀντιστάται,ἀντιπλῆκται(7),
1709 1631 1880 1668 ἁνακράκται,
1909 1631 1955 1668 ἆρ-

1154 1679 1314 1712 νησίφαγοι,
1340 1675 1518 1713 ἀνελεύθεροι,
1545 1675 1712 1713 ἁϐροδίαιτοι
1725 1697 1733 1710 ,
1758 1676 1954 1713 μεμψίμοιροι,

1155 1722 1299 1758 ἐρευνηταί,
1329 1725 1547 1759 σκοτιινοχαριῖς,
1576 1722 1662 1752 πάσης
1692 1726 1740 1752 τῆς
1764 1721 1880 1756 ἐναρέτου
1905 1730 1956 1747 πο-

1153 1766 1248 1797 λιτιίας
1273 1765 1428 1803 ἁντιργάται
1455 1766 1580 1794 ἀκούσιοι.
1595 1766 1651 1793 Ἰνα
1670 1767 1722 1803 γὰρ
1740 1768 1769 1792 τὸ
1783 1769 1828 1795 τῆς
1840 1775 1955 1803 γαστριο

1153 1813 1268 1848 μαργίας
1287 1812 1368 1842 πάθος
1393 1811 1556 1844 σκεπάσωσι,
1579 1815 1615 1846 τῷ
1637 1811 1708 1847 ἑσμῷ
1728 1814 1778 1837 τῶν
1801 1814 1887 1836 κακῶν
1907 1820 1953 1837 πε-

1152 1858 1342 1892 ριπίπτουσιν
1368 1857 1460 1886 οἶτινις
1481 1860 1518 1891 τῷ
1542 1857 1587 1892 μὲν
1612 1857 1735 1892 σχήματί
1761 1855 1826 1881 εἰσίν
1850 1855 1875 1881 ἐν
1898 1859 1952 1886 τοῖς

1155 1900 1319 1936 σωζομένοις,
1343 1904 1398 1931 τοῖς
1427 1899 1456 1926 δί
1484 1901 1638 1937 πράγμασιν
1664 1901 1688 1926 ἐν
1719 1903 1772 1930 τοῖς
1796 1909 1953 1937 κατακεκρι-

1152 1946 1236 1980 μένοις

1187 1992 1214 2017 7.
1237 1990 1306 2019 Αὕτη
1331 1991 1375 2016 τὸν
1399 1987 1486 2026 Ἀδὰμ
1511 1991 1612 2026 θανάτῳ
1635 1988 1781 2027 παρέδωκε,
1797 1992 1842 2016 καὶ
1858 1993 1893 2025 τῷ
1905 1991 1952 2016 κό-

1154 2043 1212 2070 σμῳ
1228 2033 1373 2060 συντέλειαν
1389 2034 1504 2070 ἐπήγαγε
1519 2032 1565 2060 διά
1580 2037 1627 2063 τὴν
1651 2039 1696 2064 τῆς
1710 2035 1828 2071 γαστρὸς
1841 2032 1950 2063 ἡδονήν.

1152 2081 1209 2106 Νῶε
1231 2078 1349 2114 γιλᾶται,
1374 2080 1436 2115 Χάμ
1448 2080 1487 2115 (9)
1503 2081 1690 2116 κικατήραται,
1710 2078 1793 2105 Ἠσαῦ
1808 2083 1859 2104 τῶν
1882 2088 1952 2115 πρω-

1152 2125 1275 2149 τοτοκίων
1295 2123 1423 2157 ἐκπίπτει,
1443 2126 1488 2150 καὶ
1512 2127 1565 2154 τοῖς
1587 2125 1742 2153 Χαναναίοις
1767 2122 1952 2160 ἐπιγαμϐριύςο

1151 2177 1206 2201 ται,
1229 2171 1289 2194 Λὼτ
1312 2169 1510 2206 θυγατρόγαμος
1533 2171 1640 2204 γίνεται,
1656 2167 1774 2204 γαμϐρός
1789 2167 1881 2194 ἑαυτοῦ
1907 2170 1952 2194 καὶ

1115 2227 1137 2254 D
1152 2214 1270 2250 πενθερός
1285 2224 1291 2229 ·
1308 2213 1321 2238 ὁ
1341 2215 1426 2250 πατὴρ
1451 2212 1527 2250 ἀνὴρ,
1543 2215 1588 2239 καὶ
1610 2214 1623 2239 ὁ
1650 2214 1753 2243 πάππος
1778 2215 1876 2249 πατὴρ,
1894 2212 1951 2239 ἐκα-

1152 2258 1259 2294 τέρωθεν
1286 2259 1344 2287 τοὺς
1367 2258 1442 2294 ὅρους
1457 2261 1505 2288 τῆς
1529 2258 1627 2294 φύσιως
1650 2256 1798 2293 ἐνυϐρίζων.
1816 2257 1887 2285 Αὕτη
1904 2259 1950 2283 καὶ

1151 2304 1194 2328 τὸν
1219 2302 1325 2340 Ἰσραήλ
1350 2300 1457 2328 εἰδώλου
1482 2304 1665 2339 προσκυνητὴν
1692 2301 1799 2330 ἐποίησε
1813 2302 1879 2337 (10),
1905 2304 1950 2328 καὶ

1125 2357 1170 2385 23.
1209 2356 1233 2374 ⁸³
1254 2357 1325 2384 Gen.
1345 2364 1411 2393 xxv,
1427 2357 1475 2385 33.
1517 2357 1541 2374 ιι
1560 2357 1629 2385 Gen.
1650 2363 1745 2390 xxxvi,
1764 2357 1791 2383 2.
1831 2355 1855 2373 ⁸⁵
1876 2356 1949 2384 Gen.

1148 2445 1200 2486 sed
1213 2445 1253 2487 in.
1261 2445 1357 2487 brevis
1370 2445 1527 2482 cujusdam
1541 2445 1659 2480 saporis
1674 2444 1866 2480 appetitione.
1880 2444 1949 2472 Ete~

1147 2483 1352 2553 mirifici}.
1363 2525 1400 2544 ex
1412 2515 1543 2553 antiquis
1554 2515 1676 2553 duobus
1686 2515 1769 2544 libris
1780 2515 1948 2553 addita_est.

1167 2587 1175 2593 κ
1183 2554 1223 2596 (_7)
1243 2552 1339 2581 Editio
1349 2554 1477 2589 utraque
1486 2551 1670 2582 ἆντίπληχται.
1682 2553 1753 2587 Reg.
1765 2551 1869 2580 tertius
1880 2551 1950 2577 ἀντι-

1147 2594 1272 2615 πνσκται.

1184 2597 1224 2666 ῗ8)
1241 2623 1361 2660 Antiqui
1386 2623 1448 2652 duo
1469 2623 1537 2652 libri
1559 2627 1614 2655 τοῖς
1627 2622 1656 2650 δι
1677 2623 1816 2660 πράγμασι
1835 2631 1950 2649 κατοικι-

1147 2669 1374 2731 κρῗδῗῖλὶπιιᾳῃο
1389 2694 1480 2731 editio
1495 2697 1523 2722 et
1537 2696 1608 2730 Reg.
1623 2695 1726 2724 tertius
1742 2697 1786 2721 καὶ
1805 2696 1879 2731 Χάμ.
1895 2695 1948 2722 γοα

1148 2730 1216 2758 cula
1230 2733 1276 2756 καί
1290 2730 1321 2758 in
1336 2730 1458 2758 duobus
1473 2739 1549 2758 mss.
1562 2731 1657 2759 deest.

1183 2766 1240 2804 (l0)
1259 2766 1471 2804 lteg.primus
1494 2769 1679 2804 προσκννητὴν
1701 2768 1853 2798 πεποίηται,
1869 2767 1943 2802 Reg.

1146 2801 1250 2830 tertius
1268 2801 1402 2831 πιποὶήκι.
