2049 3131
99 111 154 138 649

585 112 700 140 SERMO
722 113 767 140 DE
787 111 957 140 ASCETICA
977 110 1187 145 DlSCiPLINA,
1209 112 1284 140 ETC.

1724 113 1775 141 6350

101 172 192 209 φαύλων
219 174 264 198 καὶ
295 176 426 209 σαρκικῶν
460 175 505 199 καὶ
538 173 750 211 φιλοπραγμὸνων
788 174 887 210 ἀναχω-

955 175 1018 202 tum
1032 173 1225 201 inferioribus
1241 173 1324 208 dare,
1340 182 1358 202 a
1373 174 1461 203 malis
1490 174 1725 211 carnalibusque
1740 184 1775 204 ac

101 222 157 255 ρεῖν,
183 217 288 243 πλείονα
311 221 387 251 νοεῖν,
422 217 497 253 ὀλίγα
531 217 560 244 0'“:
584 219 642 250 {31)
671 220 839 255 φθέγγεσθαι-
854 221 889 255 μὴ

101 263 270 300 θρασύνεσθαι
308 262 387 298 λογῳ,
421 262 490 299 μηδὲ
525 265 678 301 περιττεύειν
714 264 827 300 ὁμιλίας,
854 267 889 300 μὴ

100 310 234 345 πρόχειρον
254 308 374 342 γίνεσθαι
401 310 459 344 περὶ
482 308 590 343 γέλωτα,
619 307 694 335 αἰδοῖ
723 310 891 345 κοσμεῖσθαι,

99 353 164 378 κάτω
194 353 223 377 τό
246 350 351 388 βλέμμα
378 352 458 387 ἔχειν,
488 353 540 378 οἶνοι
569 351 598 379 δὲ
613 355 660 382 τὴν
679 353 781 389 ψυχήν·
796 356 830 390 μή
850 353 893 380 ἀν-

99 396 200 432 τιλέγειν
242 395 411 431 ἀντιλογίαις,
452 396 556 426 εὐπειθῆ
599 397 673 424 εἶναι·
710 401 803 433 κοπιᾷν
837 397 892 429 ταῖς

99 444 184 479 χερσὶ,
211 442 377 477 μνημονεύειν
407 445 457 467 τῶν
472 441 593 477 ἐσχάτων
608 443 727 476 πάντοτε,
753 447 783 479 τῇ
805 441 892 469 ἑλπίδι

99 488 208 523 χαίρειν,
239 489 269 521 τῇ
295 485 380 520 θλίψει
408 486 553 522 ὑπομένειν,
584 485 759 518 ἀδιαλείπτως
782 489 892 525 προσεύ-

100 531 203 566 χεσθαι,
231 529 256 556 ἐν
282 532 360 556 παντὶ¹
384 530 562 567 εὐχαριστεῖν,
583 533 647 568 πρὸς
662 533 758 562 πάντας
774 533 892 558 ταπεινὸν

101 579 172 609 εῖναι,
207 578 293 610 μισεῖν
326 577 372 604 τὴν
397 575 583 611 ὑπερηφανίαν,
617 578 701 612 νήφειν
727 579 772 602 καὶ
805 580 892 615 τηρεῖν

100 622 145 648 τὴν
171 617 280 656 καρδίαν
314 618 364 646 ἀπὸ
402 619 533 656 λογισμῶν
559 625 689 658 πονηρῶν,
724 622 892 658 θησαυρίζειν

101 662 125 689 ἓν
145 663 240 700 οὐρανῷ
264 661 301 689 δι’
325 663 439 698 ἐντολῶν,
467 664 557 691 εαντόν
587 664 730 703 ἀνακρίνειν
755 669 814 703 περί
842 670 892 691 τῶν

101 707 226 744 λογισμῶν
249 712 299 734 τῶν
324 709 503 746 καθημερινῶν
530 712 574 736 καὶ
596 710 722 747 πράξεων,
744 712 779 747 μὴ
797 710 892 747 ἐμπλέ-

102 754 187 779 κεσθαι
222 757 279 784 ταῖς
305 757 352 779 τοῦ
379 753 440 790 βίον
470 757 662 791 πραγματείαις
687 757 731 781 καὶ
765 756 894 792 περιττολ-

100 799 177 833 ογίαις
205 798 271 833 (32)'
304 800 340 834 μὴ
368 799 584 836 περιεργάζεσθαι
611 800 663 835 ξτὸν
689 804 738 826 τῶν
770 801 894 837 ῥᾳθύμων

947 218 1139 253 negotiorum
1152 218 1341 246 amatoribus
1354 219 1503 255 secedere,
1528 219 1616 255 plura
1631 220 1773 255 cogitare,

947 264 976 291 et
990 270 1090 298 pauca
1098 262 1194 299 loqui,
1211 262 1403 291 temerarium
1418 271 1480 292 non
1495 272 1558 292 esse
1577 264 1608 292 in
1624 273 1772 299 sermone,

947 315 1046 343 neque
1067 307 1137 343 plus
1154 315 1242 344 teque
1271 308 1412 344 colloqui,
1438 316 1500 336 non
1519 309 1637 337 facilem
1654 318 1720 338 esse
1734 310 1774 338 ad

946 352 1052 385 risum,
1066 352 1250 380 verecundia
1260 353 1452 381 cohonestari
1474 362 1480 382 :
1498 354 1602 382 oculos
1616 355 1772 390 deorsum,

947 397 1083 425 animam
1097 405 1218 425 sursum
1234 397 1347 426 habere
1362 406 1368 425 :
1387 405 1449 426 non
1476 399 1680 428 contradicere
1703 408 1773 428 con-

946 441 1185 475 tradictionibus,
1197 441 1389 470 obedientem
1409 451 1484 476 esse,
1498 443 1638 472 manibus
1656 444 1774 473 labora~

947 485 1232 518 removissimorum
1247 487 1371 515 assidue
1386 487 1625 524 meminisses,pe
1631 489 1774 524 gaudere,

947 530 1140 559 afﬂictionem
1154 531 1291 564 sufferre,
1302 531 1508 560 indesinenter
1518 540 1613 567 orare,
1630 533 1661 561 in
1680 533 1776 561 omni-

947 575 1005 604 bus
1034 576 1147 611 gratias
1175 584 1265 611 agere
1283 585 1290 604 :
1307 576 1453 605 humilem
1482 585 1549 605 esse
1564 585 1636 612 erga
1656 586 1774 612 omnes,

947 620 1049 648 odisse
1064 620 1282 657 arrogantiam,
1297 621 1434 649 sobrium
1447 629 1522 655 esse,
1538 630 1648 658 corque
1665 631 1683 650 a
1709 631 1776 659 pra-

947 665 993 693 vis
1005 665 1243 701 cogitationibus
1257 673 1369 702 purum
1385 674 1515 700 servare,
1544 666 1697 695 mandatis
1726 675 1776 694 ex-

947 709 1110 746 sequendis
1121 709 1282 738 thesauros
1291 709 1321 738 in
1328 710 1403 738 ccelo
1410 711 1585 742 recondere,
1598 719 1668 739 suas
1679 711 1776 747 ipsius

947 754 1142 791 quotidianas
1157 754 1355 789 cogitationes
1367 755 1562 792 actionesque
1586 757 1775 790 examinare,

947 799 1016 827 vitte
1028 799 1156 834 negotiis
1168 799 1315 836 vanisque
1329 800 1522 828 sermonibus
1536 808 1598 828 non
1608 800 1775 836 implicari:

99 841 166 878 βίον,
187 841 252 868 ἀλλά
275 842 370 873 ζηλοῦν
401 845 446 869 τὸν
472 848 522 871 τῶν
535 844 613 880 ἁγίων
630 847 758 882 Πατέρων·
778 846 895 880 συγχαί-

955 851 1011 872 non
1024 844 1174 872 curiosius
1188 843 1340 880 inquirere
1354 844 1385 872 in
1400 844 1575 873 socordium
1604 845 1706 881 vitam,
1724 845 1778 874 sed

98 896 149 923 ρειν
177 890 232 918 τοῖς
265 888 439 925 κατορθοῦσιν
472 887 576 925 ἀρετὴν,
620 891 665 916 καὶ
704 891 739 926 μή
783 891 892 925 φθονεῖν·

101 933 267 968 συμπάσχειν
304 936 359 964 τοῖς
390 935 540 970 πάσχοντι,
570 937 615 960 καὶ
640 933 821 972 συνδακρύειν,
849 937 895 961 καὶ

102 975 202 1014 σφόδρα
234 978 342 1009 τούτους
368 979 477 1012 πενθεῖν,
512 981 548 1015 μὴ
588 980 676 1015 μέντοι
719 981 893 1017 κατακρίνειν

99 1024 134 1057 μὴ
161 1019 296 1052 ὀνειδίζειν
322 1024 365 1049 τόν
386 1022 581 1060 ἀποστρέφοντα
609 1022 659 1050 ἀπὸ
685 1024 823 1061 ἁμαρτιας,
845 1034 895 1061 μη-

101 1064 189 1092 δέποτε
222 1064 343 1093 δικαιοῦν
371 1067 470 1094 ἰαυτόν·
496 1069 547 1106 πρὸ
570 1068 670 1094 πάντων
686 1068 838 1106 ἁμαρτωλὸν
853 1069 896 1095 ἱν-

101 1113 178 1136 ώπιον
203 1115 269 1138 Θεοῦ
293 1113 338 1138 καὶ
363 1111 503 1149 ἀνθρώπων
532 1112 621 1139 ἑαυτὸν
642 1113 784 1149 ὁμολογεῖν,
805 1115 896 1140 νουθε-

102 1159 152 1181 τεῖν
175 1157 234 1187 τοὺς
269 1155 409 1188 ἀτάκτους
436 1158 651 1194 παραμυθεῖσθαι
687 1159 747 1189 τοὺς
775 1157 897 1194 ὀλιγοψύ-

100 1209 174 1236 χους·
198 1201 332 1238 ὑπηρετεῖν
354 1205 409 1233 τοῖς
428 1199 581 1239 ἀρρώστοις,
597 1200 683 1233 πόδας
697 1202 778 1238 ἁγίων
788 1205 896 1230 νίπτειν·

102 1243 250 1281 ξενοδοχίαις
271 1248 316 1272 καὶ
342 1244 511 1282 φιλαδελφίας
543 1246 729 1283 ἕπιμελεῐσθαι·
759 1249 826 1284 μετά
847 1252 897 1274 τῶν

101 1289 198 1316 οἰκείων
226 1295 273 1321 τῆς
298 1293 411 1322 πίστεως
438 1291 584 1329 εἰρηνεύειν·
613 1293 742 1328 αἱρετικὸν
764 1291 898 1330 ἄνθρωπον

103 1333 318 1372 ἆποστρέφεσθαν
353 1337 385 1362 τὰ
417 1334 553 1363 ἕνδιοίθετα
586 1335 679 1373 βιϐλία
701 1338 897 1373 ἀναγινώσκειν·

101 1378 259 1417 ἁποκρύφοις
295 1380 360 1411 ὅλως
378 1383 414 1417 μὴ
443 1380 619 1417 ἐντυγχάνειν·
647 1383 706 1419 περὶ
726 1383 827 1418 Πατρός
852 1384 898 1408 καὶ

102 1426 162 1450 Υίοῦ
177 1427 232 1451 ξκαὶ
258 1424 332 1461 ἁγίου
353 1427 500 1461 Πνενματος
527 1428 564 1462 μὴ
591 1426 720 1460 συξητιῖν,
742 1425 806 1452 ἀλλά
828 1427 900 1452 ἄκτι-

103 1478 162 1495 στον
189 1471 235 1495 καὶ
254 1470 393 1505 ὁμοοὺσιον
419 1468 523 1507 Τριάδα
551 1471 616 1506 μετὰ
639 1470 788 1508 παρρησίας
817 1469 898 1506 λέγειν

949 889 1042 917 vitam
1058 890 1233 917 sanctorum
1245 890 1367 917 Patrum
1379 888 1490 917 imitari
1502 897 1508 917 :
1524 897 1593 918 cum
1606 890 1653 917 his
1665 890 1718 926 qui
1729 898 1779 918 ex-

949 933 1052 962 colunt
1064 934 1205 962 virtutem
1221 934 1364 970 gaudere,
1376 942 1438 962 non
1462 934 1536 970 ipsis
1549 934 1685 963 invidere
1706 944 1712 963 :
1727 944 1780 964 eos

949 979 1002 1016 qui
1034 979 1191 1015 patiuntur
1218 979 1436 1013 commiserari,
1463 982 1554 1016 atque
1570 987 1632 1008 una
1649 987 1720 1009 cum
1735 981 1780 1017 ip-

950 1024 992 1053 sis
1006 1023 1169 1060 lacrymari
1181 1033 1188 1058 ;
1204 1024 1260 1052 hos
1274 1024 1363 1052 valde
1374 1023 1486 1060 lugere,
1500 1032 1600 1061 neque
1614 1027 1715 1053 tamen
1727 1033 1780 1054 eos

949 1068 1153 1097 condemnare
1165 1077 1173 1101 ;
1184 1076 1203 1096 a
1217 1070 1343 1104 peccato
1352 1068 1578 1104 resipiscentem
1588 1069 1706 1105 probris
1717 1078 1780 1098 non

949 1112 1245 1148 insectari,seipsum
1260 1120 1420 1148 nunquam
1432 1112 1597 1148 justiticare
1610 1122 1616 1140 :
1633 1115 1702 1141 ante
1717 1121 1780 1142 om-

949 1157 1001 1185 nia
1010 1164 1115 1184 coram
1127 1157 1187 1184 Deo
1203 1158 1230 1184 et
1244 1156 1421 1184 hominibus
1435 1164 1499 1184 sese
1510 1159 1699 1193 peccatorem
1712 1166 1781 1186 con-

950 1201 1037 1233 ﬁteri,
1051 1200 1240 1228 inordinatos
1255 1200 1429 1235 admonere;
1447 1208 1500 1229 eos
1517 1201 1569 1237 qui
1585 1204 1655 1229 sunt
1680 1201 1781 1238 pusilli

951 1245 1054 1279 animi,
1065 1244 1216 1273 consolari
1230 1253 1236 1272 :
1248 1244 1390 1273 famulari
1400 1244 1538 1279 inﬁrmis,
1553 1245 1646 1281 pedes
1658 1248 1778 1274 sancto-

951 1298 1020 1318 rum
1044 1289 1157 1323 lavare,
1181 1289 1380 1325 hospitalitati
1408 1292 1437 1317 et
1454 1290 1586 1318 fraterno
1599 1290 1696 1318 amori
1715 1290 1780 1318 dili-

952 1337 1056 1371 genter
1066 1342 1186 1368 vacare,
1202 1334 1233 1362 in
1244 1341 1320 1370 pace
1336 1342 1403 1362 esse
1418 1342 1488 1362 cum
1504 1334 1678 1363 domesticis
1698 1334 1778 1370 ﬁdei,

953 1378 1085 1408 aversari
1098 1378 1255 1406 hominem
1266 1378 1452 1413 haereticum,
1462 1379 1609 1414 genuinos
1619 1381 1648 1407 et
1657 1387 1780 1408 veraces

951 1423 1046 1452 libros
1055 1423 1164 1459 legere,
1176 1423 1370 1459 apocryphos
1377 1431 1414 1451 ne
1423 1424 1568 1458 attingere
1580 1424 1703 1461 quidem
1717 1432 1780 1452 om.

952 1468 1039 1497 nino:
1054 1468 1091 1496 de
1106 1470 1191 1496 Patre
1206 1470 1235 1496 et
1248 1468 1321 1496 Filio
1336 1470 1364 1496 et
1384 1468 1490 1505 spiritu
1505 1471 1609 1497 sancto
1634 1477 1695 1498 non
1719 1469 1778 1497 dis-

101 1515 146 1539 καὶ
180 1518 280 1551 φρονεῖν
317 1514 385 1549 (33),
413 1517 458 1541 καὶ
481 1518 536 1545 τοῖς
565 1514 713 1552 ἕπερωτῶσι
738 1515 829 1551 λέγειν,
859 1516 899 1541 ὅτι

955 1516 1084 1550 ceptare,
1098 1513 1153 1541 sed
1161 1512 1333 1542 Trinitatem
1347 1512 1514 1542 increatam
1529 1516 1558 1542 et
1576 1514 1779 1543 consubstan-

101 1558 279 1588 Βαπτίζεσθαι
302 1557 353 1593 δεῖ,
382 1560 416 1590 ὡς
443 1558 629 1596 παρελάϐομεν·
654 1561 784 1586 πιστῖᾶειν
809 1557 849 1593 di,
867 1561 899 1590 ὡς

103 1601 300 1639 βεεαπτίσμεθα
325 1604 389 1639 (34)’
420 1601 539 1635 δοξάζειν
566 1602 605 1638 δὲ,
626 1605 659 1634 ὡς
680 1605 897 1640 πεπιστεύκαμεν.

102 1647 143 1673 Ἐν
176 1649 259 1684 ἔργοις
299 1650 344 1675 καὶ
383 1648 470 1684 λόγοις
513 1648 601 1680 καλοῖς
628 1647 896 1686 ἀναστρέφεσθαι,μὴ

102 1691 203 1728 ὀμνύειν
229 1694 258 1718 τὸ
295 1692 411 1727 σύνολον,
445 1695 480 1730 μὴ
519 1691 625 1719 διδόναι
651 1695 680 1720 τὸ
709 1693 831 1731 ἀργύριον
858 1693 900 1720 ἐπὶ

102 1738 182 1771 τόκῳ,
211 1740 247 1773 μὴ
275 1741 346 1764 σῖτον
367 1740 413 1764 καὶ
445 1736 511 1764 οἶνον
539 1740 584 1764 καὶ
610 1738 693 1764 ἴλαιον
717 1738 759 1764 ὶπὶ
794 1737 901 1764 πλεονα-

105 1781 164 1817 σμῷ
193 1782 260 1816 (35)·
298 1781 348 1808 ἀπὸ
381 1783 538 1820 κραιπάλης,
568 1785 612 1809 καὶ
640 1784 730 1819 μέθης,
757 1785 802 1809 καὶ
831 1793 901 1821 μερι-

103 1829 174 1862 μνῶν
201 1825 330 1862 βιωτικῶν
362 1827 519 1864 ἀπέχεσθαι·
540 1828 606 1864 μετά
631 1826 709 1854 δόλου
735 1829 771 1864 μὴ
792 1827 899 1864 ὁμιλεῖν,

103 1869 175 1908 μηδὶ
208 1870 272 1902 ὅλως
295 1873 452 1908 φθὶγγεσθαι
475 1874 542 1899 κατά
565 1882 645 1903 τινος·
670 1875 705 1909 μὴ
739 1872 899 1906 καταλαλεῑν,

102 1914 175 1953 μηδί
203 1915 268 1947 ὅλως
289 1915 372 1948 ἡδέως
399 1916 500 1944 ἀκούειν
528 1917 697 1948 καταλαλιάς·
723 1919 759 1954 μὴ
799 1919 903 1954 ταχέως

102 1961 236 1987 πιστεύειν
264 1961 333 1987 κατὰ
358 1970 436 1992 τινος·
465 1964 500 1998 μὴ
527 1963 709 2000 τυραννεῖσθαι
735 1962 785 1988 ὑπὸ
808 1963 902 1998 θυμοῦ,

103 2007 140 2041 μὴ
164 2006 318 2042 κρατεῖσθαι
340 2005 391 2031 ὑπὸ
419 2005 541 2042 ἀθυμίας,
567 2008 603 2043 μὴ
627 2006 682 2036 εἰκῆ
700 2006 852 2043 ὀργίζεσθαι
867 2010 904 2041 τῷ

101 2049 226 2083 πλησίον,
254 2051 290 2086 μὴ
322 2053 424 2087 κρατεῖν
450 2054 527 2087 μῆνιν
563 2052 630 2076 κατά
653 2060 731 2084 τινος,
765 2052 801 2087 μὴ
827 2052 905 2076 κακὸν

105 2093 166 2120 ἀντὶ
196 2097 279 2120 κακοῦ
307 2092 476 2121 ἀποδιδόναι·
489 2095 583 2132 μᾶλλον
598 2093 778 2132 λοιδορεῖσθαι
793 2096 806 2124 ἣ
821 2093 908 2122 λοιδο-

103 2143 171 2176 ρεῖν,
197 2139 342 2165 τύπτεσθαι
371 2140 385 2169 ἡ
411 2141 527 2173 τύπτειν,
572 2138 724 2166 ἀδικεῖσθαι
750 2141 764 2169 ἦ
795 2138 906 2174 ἀδικεῖν,

103 2182 310 2220 ἀποστερεῖσθαι
325 2184 340 2213 ἣ
354 2183 515 2222 ἀποστερεῖν.

952 1558 1053 1587 tialem
1069 1558 1161 1586 libere
1171 1557 1303 1594 proﬁteri
1317 1560 1346 1586 et
1362 1558 1482 1590 sentire,
1507 1561 1599 1595 atque
1618 1562 1778 1595 perconta-

953 1602 1068 1631 toribus
1088 1602 1187 1630 dicere
1204 1612 1211 1630 :
1229 1603 1352 1638 Oportet
1379 1602 1526 1639 baptizari
1539 1611 1596 1631 nos
1611 1603 1661 1639 ita,
1677 1606 1708 1631 ut
1721 1606 1779 1632 tra-

952 1647 1049 1676 ditum
1062 1647 1237 1683 accepimus
1255 1655 1261 1674 :
1279 1647 1400 1675 credere
1417 1650 1518 1676 autem
1531 1648 1606 1676 sicut
1635 1648 1779 1685 baptizali

953 1701 1060 1721 sumus
1076 1701 1084 1721 :
1097 1692 1266 1727 gloriﬁcare
1280 1700 1350 1720 vero
1377 1692 1640 1728 quemadmodum
1653 1694 1780 1722 credidi-

952 1745 1032 1766 mus.
1062 1737 1095 1765 In
1118 1736 1261 1773 operibus
1273 1738 1302 1764 et
1317 1736 1510 1764 sermonibus
1519 1737 1609 1766 bonis
1625 1739 1778 1774 occupari,

953 1782 1078 1811 omnino
1088 1789 1150 1810 non
1158 1782 1271 1818 jurare,
1282 1789 1344 1809 non
1354 1781 1427 1809 dare
1437 1781 1532 1810 fenori
1543 1783 1705 1818 pecuniam
1716 1791 1779 1811 non

953 1827 1148 1862 frumentum,
1172 1833 1235 1853 non
1253 1825 1367 1860 vinum,
1383 1833 1446 1854 non
1458 1825 1559 1854 oleum
1576 1827 1616 1854 ad
1628 1829 1780 1863 quaestum

954 1871 1103 1907 majorem
1122 1870 1296 1899 faciendum
1317 1878 1323 1895 ί
1351 1878 1370 1898 a
1394 1870 1519 1906 crapula
1534 1873 1563 1898 et
1581 1871 1725 1900 ebrietate
1745 1879 1781 1900 ac

956 1915 1058 1944 saeculi
1066 1916 1145 1944 curis
1151 1915 1303 1944 abstinere
1316 1923 1322 1942 :
1338 1914 1443 1943 dolose
1455 1917 1485 1944 et
1495 1915 1701 1944 fraudulenter
1712 1924 1782 1945 cum

957 1961 1060 1998 aliquo
1070 1969 1132 1989 non
1148 1969 1247 1997 agere,
1261 1968 1360 1996 neque
1375 1960 1501 1988 omnino
1515 1961 1661 1989 adversus
1678 1969 1784 1998 quem-

958 2014 1052 2043 quam
1068 2006 1152 2043 loqui
1164 2014 1170 2034 :
1187 2013 1250 2034 non
1260 2005 1428 2040 detrahere,
1443 2014 1541 2042 neque
1551 2006 1613 2034 ullo
1627 2007 1719 2035 modo
1731 2007 1785 2035 ob—

959 2051 1150 2079 trectationes
1161 2050 1290 2078 libenter
1303 2050 1491 2078 auscultare:
1508 2050 1583 2079 nihil
1598 2051 1698 2079 statim
1716 2059 1786 2080 con-

960 2097 1006 2124 tre.
1025 2103 1212 2132 quemquam
1228 2094 1348 2123 credere
1372 2102 1378 2122 :
1395 2102 1457 2123 non
1472 2094 1524 2123 ira:
1548 2096 1707 2131 tyrannide
1733 2104 1786 2132 op.

961 2140 1062 2176 primi,
1078 2147 1140 2168 non
1154 2139 1235 2168 vinci
1249 2147 1268 2167 a
1282 2139 1507 2175 cupiditatibus,
1524 2147 1586 2168 non
1595 2142 1706 2169 temere
1725 2140 1788 2168 ira—

870 2197 875 2202 -
921 2183 943 2209 D
963 2184 1006 2218 sci
1019 2184 1169 2222 proximo,
1183 2183 1260 2212 iram
1275 2191 1338 2212 non
1354 2186 1455 2212 tenere
1472 2186 1577 2213 contra
1599 2193 1789 2222 quemquam

103 2228 227 2257 malum
249 2235 306 2264 pro
324 2229 406 2258 malo
429 2237 492 2258 non
515 2229 659 2259 reddere:
677 2229 846 2259 maledictis
862 2229 964 2267 potius
976 2229 1091 2266 vexari,
1105 2237 1201 2266 quam
1214 2236 1324 2257 vexare
1341 2237 1348 2256 :
1362 2229 1489 2266 percuti.
1503 2237 1597 2266 quam
1609 2231 1766 2266 percutere
1782 2238 1790 2258 :

102 2272 253 2310 injuriam
266 2273 337 2310 pati,
349 2282 444 2311 quam
455 2275 553 2306 facere
568 2284 575 2304 :
590 2275 725 2313 spoliari,
740 2283 835 2312 quam
850 2274 992 2312 spoliare.

143 2371 202 2410 (3t)
217 2372 338 2410 Antiqui
352 2373 413 2402 duo
427 2372 496 2402 libri
507 2374 581 2410 ὀλίγα
593 2372 632 2402 δὲ.
647 2374 758 2403 Vocula
772 2373 801 2401 δὲ
811 2374 841 2402 in
853 2373 914 2402 edi-

105 2408 145 2436 tis
161 2408 406 2438 desiderabatur.

143 2445 205 2482 _(3_2)
223 2445 269 2473 Sic
284 2448 416 2482 utraque,
423 2445 524 2474 editio.
541 2447 576 2475 At
586 2446 681 2475 nostri
691 2447 749 2474 tres
760 2454 833 2474 mss.
845 2445 915 2473 sim-

103 2479 240 2520 pliciter
250 2484 309 2520 ταῖς
336 2479 385 2520 τοῇ
402 2480 462 2520 βίου
477 2482 695 2520 mavolo-(tau.
710 2483 775 2510 Mox
787 2483 915 2520 utraque

103 2515 203 2554 editio
215 2517 350 2554 etcodex
366 2515 579 2546 Cdmbef.'&).).r2
592 2515 687 2549 ζηλοῦν
702 2519 778 2554 μόνον
791 2522 850 2550 τῶν,
865 2515 917 2545 sed

103 2552 254 2590 armatur}:
263 2553 367 2590 solum
385 2557 510 2590 sanctos
533 2555 650 2590 Patres.
666 2552 749 2589 Regii
758 2553 875 2590 primus
889 2554 918 2580 et

103 2588 218 2615 tertius
232 2586 296 2614 ἀλλὰ
316 2588 410 2618 ζηλοῦν
425 2591 468 2614 τὸν
479 2593 539 2623 τῶν,
553 2589 674 2617 melius.

143 2623 263 2660 (33)_Sic
278 2626 405 2660 utraque
417 2625 508 2653 editio
521 2628 548 2653 et
559 2625 655 2653 codex
666 2624 917 2653 Combeﬁsianus.

103 2658 166 2698 Alii
193 2658 255 2687 duo
280 2658 518 2698 ωδε-παρρησίας
535 2661 617 2686 σέῆειν
633 2663 678 2686 καὶ
699 2665 809 2698 φρονεῖν,
829 2660 921 2687 libere

102 2695 213 2722 colere
223 2698 250 2722 et
261 2696 381 2724 sentire.

142 2731 355 2767 (3:3)AUtraque
369 2731 462 2759 editio
474 2733 503 2759 et
517 2733 588 2767 Reg.
609 2731 762 2760 secundus
789 2733 922 2758 πιστεύειν

103 2764 137 2792 δὲ
148 2764 193 2797 ’ὡς
203 2764 415 2804 βεϐαπτῖσμεθα,
432 2767 553 2796 credere
561 2764 666 2796 bulum
676 2771 751 2796 sicut
779 2766 925 2803 baptizati

259 2821 379 2849 Punon.
401 2821 452 2850 Gn.
473 2821 562 2850 XXXI.

967 2379 1084 2413 ειιγηιιξἰ
1092 2371 1148 2400 Alii
1159 2370 1221 2413 duo
1237 2369 1560 2413 ωδεὼςραῖτιζᾲμεθα,
1585 2373 1632 2413 ηιξ
1660 2372 1794 2413 baptiza-

966 2417 1046 2437 mnr.
1061 2409 1127 2436 Mox
1145 2409 1260 2436 veteres
1276 2407 1488 2444 du_o_librirx«i'
1498 2408 1585 2444 λόγοις
1614 2407 1732 2444 ἀγαθοῖς.

1004 2445 1063 2481 (35)
1092 2445 1162 2479 Reg.
1179 2444 1296 2481 primus
1308 2442 1413 2481 διδόναι
1428 2442 1551 2481 ἀργύριον
1563 2444 1604 2480 ἔμὶ
1631 2442 1698 2480 τόκῳ
1711 2447 1797 2480 μισεῖν

969 2481 1012 2516 τὸν
1022 2478 1099 2516 ,οἶνον
1117 2478 1162 2505 καὶ
1173 2478 1202 2505 τὸ
1218 2479 1301 2516 glauca
1317 2478 1358 2516 ἰπὶΣ
1373 2478 1533 2516 πλεονασμόν
1556 2478 1592 2516 et
1610 2480 1651 2508 ita
1675 2478 1799 2516 quoque

969 2515 1078 2552 legitur
1092 2514 1123 2542 in
1133 2516 1204 2550 Reg.
1218 2514 1314 2552 tertio,
1328 2515 1388 2552 nisi
1413 2523 1475 2551 quo
1486 2514 1551 2551 pro
1569 2514 1728 2552 πλεονασμόν
1748 2514 1800 2543 hu-

971 2550 1022 2580 bet
1035 2551 1200 2586 πλεονασμῷ,
1212 2550 1458 2579 odissevinum’et
1469 2550 1567 2579 oleum
1583 2550 1695 2585 majori
1715 2551 1801 2585 copia

971 2589 1133 2621 sumptum.
1147 2587 1283 2622 Fortasse
1293 2586 1358 2622 haec
1365 2587 1514 2622 scriptura
1524 2586 1674 2622 aliquibus
1684 2586 1802 2622 placere

973 2623 1097 2659 poterit:
1109 2621 1168 2659 sed;
1179 2622 1228 2657 qui
1239 2621 1439 2659 paulomagis
1449 2622 1483 2659 in
1494 2621 1551 2649 hoc
1563 2621 1731 2659 studiorum
1757 2630 1805 2656 gn-

974 2657 1045 2686 ncre
1059 2657 1171 2685 versati
1184 2661 1264 2688 sunt.
1281 2657 1367 2684 facile
1388 2658 1553 2690 intelligent
1577 2665 1642 2685 eam
1659 2658 1726 2685 inde.
1755 2666 1805 2684 0r—

975 2696 1038 2722 tam
1054 2693 1226 2728 esse,quod
1242 2692 1352 2728 librarii
1365 2701 1399 2720 οἳ
1411 2695 1446 2728 μή
1460 2697 1531 2719 σῖτον
1547 2696 1591 2719 καὶ
1614 2692 1680 2719 οἶνον
1705 2694 1806 2727 inepte

977 2729 1100 2757 fecerint
1110 2727 1196 2765 μισεῖν
1211 2730 1254 2754 τὸν
1268 2727 1345 2756 οἶνον.

1603 2820 1635 2847 2t
