2049 3131
259 141 311 168 683

937 135 965 163 S.
987 131 1111 161 BASILII
1137 133 1258 162 MAGNL

1884 134 1938 162 684

260 203 447 238 acciperent:
463 200 515 236 qui
532 201 693 236 postquam
705 198 870 232 audissent,
880 197 964 224 Vobis
979 196 1079 224 datum

1141 197 1170 221 τὸ
1185 197 1276 232 πάθος,
1294 197 1444 224 ἀκούουσιν
1459 197 1516 224 Ἐτι
1531 197 1612 224 πολλὰ
1628 198 1682 233 ἔχω
1695 196 1778 233 Mysis
1794 196 1864 232 ὑμῖν,
1882 195 1937 222 ἀλλ’

259 251 301 276 est
313 254 395 275 nosse
412 246 553 279 mysteria
569 245 656 279 regni
667 244 809 272 calorum
820 244 840 275 ¹,
855 245 923 278 post
937 240 1084 276 ejusmodi

1142 240 1171 266 οὐ
1187 239 1300 268 δύνασθε
1316 241 1460 278 βαστάζειν
1474 243 1544 279 οἷρτι.

259 292 472 327 cognitionem.
488 292 650 326 postquam
674 291 778 325 aperta
799 288 857 315 sibi
879 289 979 314 essent
1002 293 1069 321 quae
1086 285 1200 312 caeteris
1214 289 1318 321 operta
1333 287 1450 315 fuerant
1469 289 1497 315 et
1511 285 1639 320 occulta,
1659 287 1762 314 tamen
1781 285 1936 322 aliquanto

258 340 336 374 post,
349 336 528 364 adventante
539 334 604 370 jam
620 334 760 370 passione
776 331 905 366 Domini,
921 330 1066 360 audiunt:
1087 328 1197 358 Adhuc
1216 331 1314 359 multa
1336 331 1429 360 habeo
1445 332 1525 360 vobis
1540 331 1648 367 dicere,
1663 330 1714 359 sed
1737 338 1798 358 non
1813 331 1937 365 potestis

256 384 378 417 portare
391 379 477 408 modo
487 380 511 407 '.

294 429 319 454 3.
337 427 377 454 Ex
401 425 448 453 his
471 427 561 460 atque
587 423 677 459 hujus
705 421 821 458 generis
843 421 907 450 aliis
929 420 1084 453 discimus,

258 473 406 508 quantum
420 477 507 498 sacra
521 468 671 505 Scriptura
686 467 768 495 novit
786 466 1019 495 immensitatem
1035 472 1084 492 co-

259 515 411 551 gnitionis,
429 516 546 542 tantum
559 513 727 541 humanam
741 515 882 540 naturam
900 511 929 539 in
944 511 1002 538 hac
1023 509 1084 536 vita

257 559 454 596 assequendis
470 558 578 586 divinis
593 557 742 593 mysteriis
757 556 905 592 imparem
920 563 997 589 esse,
1013 561 1083 582 cum

257 605 466 641 unusquisque
481 611 600 639 semper
613 602 710 637 magis
724 610 758 630 ac
769 602 864 636 magis
875 600 1020 637 proﬁciat,
1029 606 1083 626 nec

257 650 418 686 quisquam
431 649 478 679 sit,
489 648 541 684 qui
558 655 694 683 unquam
707 646 745 674 ad
760 653 914 673 summum
929 644 1001 672 illud
1016 651 1082 679 per~

256 695 362 729 tingat,
377 693 472 721 donec
484 693 598 720 venerit
610 691 692 728 quod
708 690 873 728 perfectum
891 692 948 724 est,
959 688 1083 725 quando

256 738 426 767 abolebitur
439 736 523 773 quod
535 745 569 764 ex
586 738 670 772 parte
686 738 741 764 est.
755 736 857 771 Itaque
871 735 910 762 ad
925 741 1030 761 omnes
1043 733 1082 760 si-

256 782 320 810 mul
345 782 394 809 Dei
408 781 519 816 glorias
542 779 742 808 declarandas
757 787 818 807 non
838 778 949 806 sufﬁcit
970 784 1081 805 nomen

255 835 363 860 unum,
378 833 434 853 nec
450 824 569 860 singula
590 824 715 852 omnino
730 824 804 851 citra
819 822 984 859 periculum
1000 829 1082 849 assu-
1097 819 1117 847 Β

254 873 388 900 muntur.
405 870 519 898 Etenim
535 869 560 896 si
573 869 642 905 quis
660 868 777 901 dixerit,
798 870 883 902 Deus,
904 867 943 895 ab
965 875 999 894 eo
1019 873 1082 894 non

255 916 426 945 declaratus
436 918 480 942 est
494 915 602 942 Pater:
618 922 688 942 cum
701 921 772 941 vero
784 912 892 941 dicitur
899 913 999 944 Pater,
1011 911 1081 939 huic

254 960 370 989 nomini
385 960 469 987 deest
482 958 567 991 illud,
591 958 746 986 Conditor.
767 957 880 985 Rursus
894 957 940 984 his
959 963 1081 992 quoque

254 1012 315 1034 non
327 1004 502 1040 adjungitur
513 1003 644 1037 bonitas,
656 1003 813 1039 sapientia,
824 1004 966 1038 potestas,
979 1003 1007 1028 et
1017 1000 1081 1028 reli-

253 1058 314 1087 qua
329 1057 396 1086 quin
413 1049 442 1077 in
458 1051 563 1076 sancta
584 1047 734 1084 Scriptura
752 1047 951 1084 reperiuntur.
970 1047 1081 1073 Rursus

253 1100 376 1132 quoque
392 1094 416 1122 si
429 1093 513 1128 illud,
530 1093 633 1124 Pater,
646 1101 714 1120 cum
728 1093 842 1128 integra
855 1092 921 1127 ejus
934 1090 1082 1125 signiﬁca-

253 1140 344 1173 tione,
361 1139 437 1166 sicut
460 1138 543 1174 apud
567 1145 622 1165 nos
647 1140 691 1165 est
711 1138 740 1165 in
755 1145 824 1170 usu,
845 1136 1030 1172 accipiamus
1049 1135 1080 1162 in

254 1185 324 1217 Deo,
340 1183 430 1220 impie
444 1182 599 1216 sentimus,
613 1190 682 1210 cum
694 1181 846 1215 affectum,
870 1188 975 1208 semen
999 1179 1081 1214 geni-

253 1228 324 1262 tale,
340 1227 553 1263 ignorantiam,
568 1226 774 1254 inﬁrmitatem
792 1228 821 1253 et
843 1225 979 1260 ejusdem
995 1231 1082 1258 gene-

253 1273 294 1302 ris
321 1272 380 1300 alia
403 1271 524 1300 indicet.
548 1270 687 1299 Similiter
708 1273 809 1298 autem
825 1272 854 1298 et
868 1270 906 1298 de
926 1269 987 1301 illo.
1005 1269 1081 1296 Con-

255 1318 346 1352 ditor,
362 1317 420 1345 hoc
435 1316 515 1344 idem
531 1315 694 1344 dicendum
710 1317 763 1343 est.
780 1317 854 1343 Nam
870 1315 935 1350 ejus
947 1314 1080 1342 nominis

254 1361 338 1391 notio
351 1361 433 1397 apud
456 1368 512 1389 nos
531 1363 665 1395 tempus,
689 1359 859 1393 materiam,
882 1360 1081 1387 instrumenta

256 1407 493 1443 adjumentaque
507 1404 647 1441 requirit:
664 1412 682 1432 a
696 1404 808 1440 quibus
821 1403 972 1438 omnibus,
984 1411 1080 1440 quan-

255 1454 319 1481 tum
333 1450 448 1479 homini
461 1450 507 1478 fas
527 1452 583 1483 est,
596 1457 705 1483 puram
726 1456 793 1476 esse
812 1451 927 1485 oportet
942 1448 1022 1484 piam
1044 1448 1081 1475 de

1174 421 1200 448 3.
1215 419 1258 446 Ἐκ
1283 421 1379 446 τούτων
1402 423 1446 447 καὶ
1472 423 1522 447 τῶν
1545 421 1669 447 τοιούτων
1705 419 1876 456 μανθάνομεν,
1896 419 1936 446 ὅτι

1137 468 1262 490 τοσοῦτον
1277 467 1322 502 μὲν
1351 464 1420 492 οἶδεν
1449 467 1463 494 ἠ
1496 466 1665 496 θεόπνευστος
1688 467 1775 503 Γραφὴ
1805 469 1851 494 τῆς
1878 463 1935 491 ἐπι-

1138 511 1255 545 γνώσεως
1277 513 1305 536 τὸ
1334 509 1484 547 ἀπέραντον,
1510 514 1635 536 τοσοῦτον
1651 507 1680 536 δὲ
1701 513 1749 540 τῆς
1773 508 1937 546 ἀνθρωπίνης

1138 555 1237 590 φύσεως
1251 556 1279 580 τὸ
1303 559 1353 581 τῶν
1376 556 1448 581 θείων
1471 557 1623 592 μυστηρίων
1648 553 1671 580 ἐν
1695 564 1731 590 τῳ
1756 556 1866 592 παρόντι
1890 553 1936 580 ἁν-

1138 606 1249 634 έφικτον,
1267 598 1306 625 ἀεὶ
1328 601 1372 636 μὲν
1397 601 1464 625 κατὰ
1483 601 1618 636 προκοπὴν
1647 598 1748 634 ἑκάστῳ
1772 599 1829 633 (16)
1856 607 1938 635 προσ-

1137 644 1270 680 τιθεμένου
1285 647 1331 670 τοῡ
1354 644 1479 677 πλείονος,
1496 643 1536 670 ἀεὶ
1564 642 1656 670 5":10'3
1683 645 1748 680 πρὸς
1773 642 1847 674 ἀξίαν
1876 642 1937 670 ἀποα

1137 687 1326 724 λιμπανομένου
1343 688 1471 722 ἁπάντων,
1488 689 1569 725 ἄχρις
1593 688 1623 714 ἂν
1647 687 1706 724 ἔλθῃ
1731 689 1760 714 τὸ
1776 687 1879 721 nam»,
1896 688 1937 714 ὅτε

1138 734 1167 758 τὸ
1194 732 1221 758 ἐκ
1255 736 1349 770 μέρους
1376 734 1616 771 καταργηθήσεται⁸
1660 732 1752 758 οὐκοῦν
1787 734 1846 758 οὔτε
1883 732 1936 763 ἰνὸς

1138 777 1262 813 ὀνόματος
1287 777 1428 815 ἀρκοῦντος
1456 779 1546 808 πάσας
1578 779 1643 814 ὁμοῦ
1669 775 1790 806 δηλῶσαι
1817 778 1866 807 τὰς
1889 780 1936 804 τοῦ

1137 825 1204 849 Θεοῦ
1231 821 1320 855 δόξας,
1351 824 1409 850 οὗτε
1438 823 1547 849 ἑκάστου
1574 822 1600 854 ἐξ
1623 822 1764 860 ὁλοκλήρου
1792 820 1936 853 ἀκινδύνως

1136 867 1410 904 παραλαμϐανομένου.
1426 867 1474 894 ’Ᾱν
1499 878 1526 894 τε
1550 869 1600 905 γὰρ
1627 869 1684 904 εἴπῃ
1708 877 1759 899 τις,
1786 868 1858 900 Θεὸς,
1885 866 1932 893 οὐκ

1137 910 1253 941 ἐδήλωσε
1267 914 1306 946 τὸ,
1321 915 1422 950 Πατὴρι
1438 916 1474 948 τῷ
1487 910 1526 945 δὲ,
1543 914 1644 950 Πατὴρ,
1657 911 1739 939 λείπει
1754 913 1793 945 τὸ,
1813 913 1931 942 κτίστης.

1135 958 1242 988 Τούτοις
1270 955 1298 983 δὲ
1324 957 1400 984 πάλιν
1425 960 1506 994 χρεία
1533 957 1706 993 ἁγαθότητος,
1737 958 1830 993 σοφίας
1851 954 1934 983 δυνά-

1135 1011 1212 1038 μεως,
1240 1004 1285 1028 καὶ
1313 1006 1363 1028 τῶν
1390 1001 1486 1028 λοιπῶν
1513 1006 1564 1028 τῶν
1597 1004 1738 1040 φερομένων
1765 1001 1789 1028 ἐν
1814 1005 1846 1037 τῇ
1872 1001 1935 1038 ἁγίᾳ

1136 1049 1236 1083 Γραφῇ.
1265 1047 1344 1073 Πάλιν
1371 1045 1401 1073 δε
1428 1049 1468 1081 τὸ,
1494 1050 1607 1085 Πατὴρ,
1636 1046 1774 1085 ὀλόκληρον
1798 1047 1866 1073 κατὰ
1891 1047 1934 1076 τὴν

1136 1092 1262 1128 ἡμετέραν
1284 1096 1395 1128 χρῆσιν,
1423 1091 1465 1118 ἐὰν
1489 1091 1633 1128 mame
1660 1091 1701 1118 ἐπὶ
1727 1095 1804 1125 Θεοῦ,
1829 1090 1936 1118 ἀσεϐοῦ-

1136 1145 1191 1172 per
1214 1136 1296 1166 πάθος
1320 1138 1371 1173 γὰρ
1397 1138 1441 1162 καὶ
1480 1136 1639 1174 ἀπόρροιαν,
1667 1138 1712 1162 καὶ
1740 1136 1866 1172 οἴγνοιαν,
1890 1138 1934 1162 χαὶ

1137 1179 1280 1215 ἀσθένειαν,
1309 1183 1352 1206 καὶ
1377 1182 1428 1207 ὅσα
1455 1191 1565 1208 τοιαντα
1592 1181 1755 1218 ὲπιφημίζει.
1778 1180 1890 1217 Ὀμοίως
1905 1178 1934 1207 δε

1135 1227 1234 1256 καὶτὸ,
1255 1227 1376 1257 κτίστης.
1392 1225 1444 1262 Ἐφ’
1467 1227 1539 1262 ἡμῶν
1559 1227 1608 1262 γὰρ
1630 1228 1710 1263 χρεία
1734 1228 1844 1262 χρόνον,
1860 1224 1931 1259 ὗλιες,

1137 1274 1245 1303 σκευῶν,
1273 1269 1398 1306 βοηθείας
1411 1270 1476 1306 (17)-
1505 1269 1538 1296 ὧν
1567 1270 1685 1296 ἁπάντων
1711 1271 1862 1308 καθαρεύειν
1893 1268 1935 1296 δεῖ

1135 1317 1182 1343 τὴν
1196 1314 1287 1344 εὐσεϐῆ
1304 1317 1362 1352 περὶ
1375 1319 1441 1342 Θεου
1456 1312 1544 1348 δόξαν,
1556 1316 1590 1346 ὡς
1606 1313 1716 1341 δυνατὸν
1731 1314 1868 1352 ἀνθρώπῳ,
1882 1317 1932 1342 Του

1135 1361 1185 1396 γὰρ
1209 1361 1276 1396 πρὸς
1290 1359 1373 1393 ἀξίαν,
1391 1361 1425 1391 ὡς
1440 1361 1510 1396 ἔφην,
1531 1359 1578 1386 κᾶν
1603 1360 1625 1386 εἰ
1647 1363 1733 1387 πᾶσαι
1757 1360 1803 1396 με)
1819 1358 1932 1386 διάνοιαι

1135 1406 1201 1442 πρὸς
1214 1407 1261 1434 τὴν
1277 1406 1378 1442 ἔρευναν
1395 1406 1555 1441 συναφθεῖεν,
1578 1409 1664 1433 πᾶσαι
1683 1403 1712 1432 di
1735 1405 1854 1442 γλῶσσαι
1868 1407 1932 1443 πρὸς

1136 1452 1182 1478 τὴν
1207 1449 1359 1485 ἐπαγγελίαν
1387 1448 1569 1486 συνδράμοιεν,
1606 1449 1730 1477 οὐδέποτε
1756 1451 1786 1477 ἄν
1821 1460 1858 1481 τις
1886 1450 1932 1487 εφ-

257 1498 317 1525 Deo
330 1496 514 1533 opinionem.
532 1495 592 1522 Etsi
606 1494 686 1522 enim
702 1497 817 1522 mentes
831 1501 937 1522 omnes
953 1493 1079 1528 conjun-

1137 1497 1228 1522 ίκοιτο.
1246 1497 1348 1524 Ταύτην
1364 1494 1394 1522 δὲ
1417 1496 1478 1531 ἡμῖν
1501 1497 1549 1524 τὴν
1572 1496 1668 1521 ἔννοιαν
1684 1499 1771 1531 σαφῶς
1786 1498 1933 1533 παρίστησι

257 1544 396 1577 gerentur
410 1540 449 1568 ad
464 1538 728 1576 perscrutandum,
742 1546 909 1575 omnesque
919 1538 1029 1573 linguae
1042 1537 1082 1565 ad

257 1584 479 1614 enuntiandum
494 1585 714 1615 concurrerent,
731 1591 820 1612 nemo
836 1586 947 1616 tamen,
961 1585 993 1610 ut
1007 1583 1080 1618 dixi,

257 1630 315 1658 hoc
326 1637 463 1665 unquam
482 1637 537 1665 pro
555 1628 599 1656 rei
617 1627 722 1656 merito
735 1628 857 1665 assequi
871 1631 982 1665 posset.
999 1629 1080 1656 Hanc

257 1677 358 1703 autem
367 1674 544 1702 sententiam
557 1673 723 1702 luculenter
732 1673 820 1701 nobis
829 1673 870 1701 ob
883 1674 986 1701 oculos
997 1674 1082 1709 ponit

257 1718 499 1755 sapientissimus
515 1718 667 1748 Salomon,
682 1726 751 1746 cum
767 1718 825 1746 ait:
842 1719 933 1746 Dixi:
953 1718 1080 1753 Sapiens

257 1764 390 1800 efﬁciar:
400 1767 426 1792 et
438 1764 504 1798 ipsa
512 1764 653 1798 etongata
662 1765 705 1792 est
715 1771 734 1790 a
745 1771 790 1791 me
803 1763 888 1798 longe
898 1764 981 1791 ultra
989 1771 1080 1799 quam

256 1808 361 1838 erat':
378 1815 440 1836 non
461 1808 545 1844 quod
566 1808 671 1843 fugiat,
695 1807 748 1835 sed
773 1807 856 1844 quod
875 1808 942 1844 ipsa
961 1808 997 1836 iis
1019 1817 1080 1837 ma-

255 1853 335 1882 xime
350 1853 466 1881 videtur
481 1861 546 1881 esse
561 1852 884 1888 incomprehensibilis,
901 1853 1012 1889 quibus
1026 1861 1080 1889 per

255 1898 307 1926 Dei
327 1897 412 1934 227
426 1898 555 1933 gratiam
566 1897 696 1932 cognitio
712 1897 810 1932 major
821 1898 956 1926 accessit.
970 1899 1080 1930 Quam-

254 1942 359 1971 obrem
371 1950 456 1970 sacra
465 1942 617 1978 Scriptura
630 1941 805 1969 nominibus
816 1942 975 1978 verbisque
989 1942 1080 1978 pluri-

254 1986 313 2015 bus
334 1986 505 2015 necessario
520 1986 612 2014 utitur
630 1986 668 2014 ad
693 1986 860 2022 quamdam
882 1994 1009 2022 eamque
1027 1987 1079 2014 ob-

254 2039 385 2063 scuram,
392 2031 501 2059 divinaa
512 2030 614 2067 glorise
623 2034 738 2067 partem
746 2031 1080 2067 exprimendamNobis

255 2079 356 2105 autem
377 2075 460 2112 quod
481 2083 535 2103 vos
558 2075 701 2110 urgeatis,
725 2083 781 2103 nec
805 2075 929 2103 facultas
951 2080 1004 2110 est,
1025 2084 1080 2104 uec

253 2121 348 2149 otium
360 2121 463 2149 omnia
472 2120 631 2156 colligendi
644 2127 712 2156 quae
728 2120 838 2156 ubique
848 2121 879 2148 in
890 2120 992 2149 divina
1003 2122 1080 2149 Scri-

1136 1542 1181 1566 καὶ
1209 1541 1222 1566 ο
1253 1544 1400 1576 σοφώτατος
1430 1540 1546 1576 Σολομὼν
1571 1539 1659 1576 λέγων·
1689 1538 1774 1566 Εἷπα·
1802 1541 1932 1577 Σοφισθή-

1137 1594 1232 1621 σομαι·
1271 1587 1316 1610 καὶ
1349 1585 1414 1613 αὕτη
1452 1583 1598 1622 ἐμακρὺνθη
1637 1583 1680 1610 dm"
1716 1583 1778 1621 ἐμου
1811 1586 1931 1623 μακρὰν,

1134 1630 1197 1667 ὑπὲρ
1218 1630 1230 1655 ὁ
1251 1627 1292 1658 ἦν·
1317 1628 1346 1655 οὗ
1367 1632 1404 1664 τῷ
1433 1630 1542 1665 φεύγειν,
1572 1627 1636 1655 ἀλλὰ
1662 1632 1698 1664 τῷ
1727 1627 1831 1660 ἐκείνοις
1852 1629 1933 1666 μάλι-

1135 1683 1185 1700 στα
1209 1674 1382 1710 φανεροῡσθαι
1406 1673 1488 1704 αὐτῆς
1514 1675 1544 1699 τό
1571 1672 1771 1707 ἀκατάληπτον,
1802 1674 1838 1704 οἷς
1863 1678 1932 1701 Θεου

1132 1718 1227 1755 χάριτι
1249 1719 1440 1755 περισσοτέρως
1462 1719 1632 1754 προσγέγονεν
1656 1719 1670 1747 ἠ
1696 1721 1802 1754 γνῶσις.
1826 1716 1856 1744 Ἠ
1885 1720 1932 1754 μὲν

1133 1761 1177 1789 οὖν
1194 1763 1359 1794 θεόπνευστος
1384 1765 1472 1800 Γραφὴ
1497 1762 1612 1789 πλείοσιν
1640 1762 1764 1798 ὀνόμασιν
1786 1761 1932 1799 dtur/satu;

1133 1812 1235 1846 χρῆται
1259 1810 1305 1834 καὶ
1329 1809 1445 1846 ῥήμασιν
1472 1808 1507 1839 εἰς
1532 1809 1640 1845 μερικὴν
1664 1818 1733 1841 τινα,
1763 1809 1809 1834 καὶ
1830 1809 1929 1838 ταύτην

1134 1851 1327 1890 αἰνιγματώδη,
1344 1857 1394 1884 τῆς
1408 1855 1477 1884 θείας
1500 1850 1580 1884 δόξης
1604 1853 1781 1889 παράστασιν.
1800 1851 1876 1889 Ἡμῖν
1900 1850 1930 1879 δε

1133 1899 1218 1924 πάντα
1233 1900 1277 1935 μὲν
1297 1899 1330 1924 τὰ
1354 1907 1493 1934 πανταχου
1508 1898 1558 1923 ὑπὸ
1573 1902 1620 1928 τῆς
1642 1898 1811 1924 θεοπνεύστου
1827 1901 1931 1934 Γραφῆς

1134 1945 1227 1980 περί-τε
1247 1943 1347 1978 Πατρός
1363 1944 1406 1967 καὶ
1433 1942 1494 1968 Υἱου
1521 1943 1566 1967 καὶ
1591 1941 1668 1977 ἁγίου
1691 1943 1839 1978 Πνεὺματος
1863 1942 1932 1979 εἰρηο

1134 1989 1197 2023 μένα
1222 1988 1251 2013 τὸ
1275 1988 1357 2023 παρὸν
1379 1985 1509 2022 ἀναλέγςιν
1530 1987 1588 2012 οὔτε
1612 1984 1734 2022 δύναμις,
1759 1986 1817 2013 οὔτε
1837 1987 1931 2023 σχολὴ,

1135 2030 1183 2058 διὰ
1207 2033 1236 2058 τὸ
1260 2034 1419 2067 κατεπείγειν
1448 2032 1525 2067 ὑμᾶς·
1553 2030 1630 2067 ὀλίγα
1655 2029 1685 2058 δὲ
1707 2031 1735 2057 ἐκ
1761 2032 1863 2058 πάντων
1878 2032 1935 2068 (18)

1134 2077 1316 2113 παραθέμενοι,
1338 2075 1424 2112 ἀρκεῖν
1451 2076 1585 2112 ἡγούμεθα
1600 2077 1644 2101 καὶ
1669 2085 1753 2102 ταυτα
1770 2080 1801 2112 τῇ
1825 2077 1936 2114 ὑμετέρᾳ

1136 2119 1297 2154 συνειδήσει,
1322 2123 1385 2159 πρὸς
1409 2130 1435 2147 τε
1456 2122 1502 2150 τὴν
1530 2130 1577 2147 του
1602 2121 1727 2158 ἡμετέρου
1752 2119 1780 2146 ἐκ
1801 2125 1851 2146 τῶν
1871 2124 1936 2158 Γρα-

253 2162 342 2202 ptura
354 2165 436 2193 dicta
446 2167 515 2193 sunt
526 2165 562 2192 de
572 2166 656 2192 Patre
668 2167 696 2191 et
708 2164 779 2192 Filio
795 2167 823 2192 et
837 2164 873 2192 de
887 2165 996 2200 Spiritu
1008 2173 1078 2193 san-

1136 2170 1187 2202 φῶν
1220 2169 1382 2203 φρονήματος
1416 2167 1568 2202 φανέρωσιν,
1598 2167 1643 2192 καὶ
1669 2167 1716 2194 τὴν
1750 2166 1821 2202 ὑμῶν
1849 2165 1933 2193 αὐτῶν

253 2213 318 2238 cto:
334 2210 387 2238 sed
399 2213 501 2238 tamen
512 2209 537 2237 si
551 2216 648 2246 pauca
664 2217 701 2236 ex
715 2209 857 2236 omnibus
872 2217 1078 2246 apponamus,

250 2254 293 2283 ita
303 2254 494 2282 conscientiae
514 2256 619 2281 vestrae
632 2252 820 2281 satisfactum
835 2253 871 2280 iri
885 2254 1077 2291 arbitramur,

252 2300 316 2326 tum
337 2300 369 2326 ut
391 2301 495 2326 nostra
518 2298 664 2326 sententia
687 2297 846 2334 Scripturis
870 2297 973 2328 innixa
993 2299 1079 2328 inno-

251 2344 353 2378 tescat,
366 2345 430 2371 tum
445 2344 478 2370 ut
492 2344 593 2371 vestra
611 2342 746 2379 ipsorum
761 2342 948 2379 aliorumque
963 2344 1044 2374 idem
1060 2353 1079 2374 ει

286 2418 295 2437 ¹
316 2417 417 2448 Matth.
431 2426 493 2452 xui,
510 2420 554 2446 ll.
591 2418 601 2436 ³
620 2418 777 2454 Joan.xvt,
794 2420 837 2447 l2.

284 2495 340 2530 (16)
367 2493 490 2530 Antiqui
515 2494 576 2522 duo
603 2493 672 2522 libri
703 2497 837 2530 προκοπὴν
865 2495 987 2524 ἑκάστου.
1011 2499 1077 2526 Mox

249 2530 311 2559 duo
323 2539 398 2559 mss.
412 2530 666 2566 ἀπολιμπανομένωνι
695 2530 748 2558 Alii
772 2531 833 2559 duo
861 2534 889 2559 et
914 2533 986 2561 editi
1010 2533 1075 2559 ἀπο-

248 2567 448 2604 λιμπανομένον.
461 2568 531 2604 _Hoc
546 2574 593 2604 an
601 2566 650 2594 illo
670 2566 765 2604 modo
777 2567 960 2604 legastnihil
975 2569 1072 2597 refert.

283 2603 340 2637 (t7)
355 2601 435 2637 Regii
451 2602 512 2630 duo
528 2601 786 2637 codicesperinde
803 2610 834 2629 ut
849 2603 940 2631 editio
959 2605 1027 2632 Ven.
1043 2605 1074 2633 in

247 2638 385 2674 margine
400 2636 473 2671 ῧλης,
496 2637 619 2674 ὀργάνων,
644 2636 779 2673 βοηθείας,
798 2646 889 2674 sensu
906 2647 967 2666 non
986 2639 1073 2668 dissi-

246 2672 320 2712 mili.
344 2672 602 2712 Aliquanto'infra
622 2677 748 2712 utraque
770 2673 861 2701 editio
883 2673 946 2710 ἑμου
972 2679 1069 2712 μακρᾷ.

247 2708 347 2736 Codex
363 2708 450 2736 V655.
462 2711 491 2736 et
504 2708 552 2736 alii
568 2708 629 2735 duo
642 2710 750 2743 μακρόν.

282 2746 337 2779 (18)
353 2744 426 2781 Reg.
442 2743 600 2781 primus}:
615 2748 663 2768 ’ὡν
677 2745 787 2781 πάντῳν.
806 2744 919 2773 Ibidem
934 2747 1003 2781 Reg.
1016 2749 1070 2775 ter-

245 2778 303 2807 tius
315 2782 344 2808 et
353 2778 428 2809 alter
441 2778 545 2808 itidem
558 2780 628 2813 Reg.
645 2780 854 2816 παρατιθέμενοι.

1134 2214 1180 2238 καὶ
1199 2215 1248 2237 τῶν
1265 2210 1426 2247 βουλομένων
1455 2209 1491 2246 ἐφ’
1520 2209 1582 2246 ἡμῖν
1597 2211 1653 2245 (19)
1681 2209 1869 2247 πληροφορίοα.
1892 2209 1933 2241 Ὠς

1127 2256 1184 2292 γὰρ
1200 2256 1233 2282 τὰ
1246 2255 1330 2282 πολλὰ
1343 2257 1405 2292 μίαν
1425 2255 1486 2291 ἡμῖν
1511 2256 1558 2283 τήν
1582 2253 1674 2283 εὐσεϐῆ
1695 2255 1791 2280 ἔννοιαν
1815 2254 1932 2291 ἐξαγγελ-

1133 2300 1181 2334 λει,
1195 2301 1263 2327 οὕτω
1281 2302 1326 2326 καὶ
1346 2299 1373 2326 ἐχ
1387 2304 1436 2326 τῶν
1451 2299 1540 2335 ὀλίγων
1554 2299 1567 2326 ὁ
1580 2298 1727 2336 εὐγνώμων,
1743 2297 1828 2336 diu”,
1851 2301 1882 2327 τὸ
1905 2299 1930 2326 ἄν

1132 2349 1212 2372 πᾶσιν
1228 2344 1329 2376 sala-s35;
1344 2343 1521 2381 ἐπιγινώσκει.

876 2419 888 2437 ³
908 2420 1001 2449 Eccle.
1015 2426 1069 2457 vn,
1082 2423 1129 2452 24.

1166 2498 1222 2531 (ιο)
1240 2497 1336 2526 Editio
1351 2496 1442 2526 Paris.
1464 2493 1626 2533 βουλομένων
1641 2494 1666 2522 iv
1680 2494 1751 2533 ὑμῖν,
1775 2497 1830 2533 qui
1848 2495 1929 2526 inter

1130 2542 1179 2562 vos
1196 2533 1227 2561 id
1236 2536 1392 2568 expetunt.
1409 2532 1502 2560 Editio
1518 2533 1587 2560 Ven.
1603 2535 1632 2560 et
1644 2533 1740 2560 codex
1753 2532 1887 2561 Gombef.
1904 2533 1926 2560 ἐν

1128 2571 1191 2611 ᾖμεν
1209 2567 1364 2611 infernos.
1379 2568 1436 2611 filii
1450 2571 1509 2596 tres
1524 2567 1642 2611 codices
1662 2571 1771 2611 praeter
1783 2570 1881 2611 tvoss;
1891 2568 1927 2611 ξεί

1128 2603 1202 2641 ἡμῖν.
1221 2605 1281 2632 Hoc
1295 2605 1363 2640 ipso
1377 2604 1408 2631 in
1421 2604 1487 2641 loco
1503 2603 1593 2641 editio
1606 2603 1694 2634 Paris.
1706 2606 1848 2641 μίανθμῐν.
1862 2603 1928 2633 Edi-

1127 2640 1167 2668 ti’o
1185 2641 1255 2668 Ven.
1269 2642 1296 2668 et
1311 2648 1384 2667 mss.
1399 2643 1457 2666 tres
1474 2640 1546 2675 ἡμῖν.
1570 2640 1634 2667 Hec
1650 2642 1694 2666 est
1708 2640 1774 2674 ejus
1786 2640 1844 2668 loci
1859 2648 1927 2668 sen-

1126 2675 1218 2704 tentia
1229 2684 1235 2703 :
1247 2677 1353 2703 Nostra
1363 2675 1426 2703 hinc
1437 2675 1506 2702 tidei
1516 2675 1848 2711 contessio,quamlibet
1858 2676 1925 2704 bre-

1124 2713 1180 2742 vis.
1192 2711 1342 2746 ejusmodi
1358 2713 1412 2743 est,
1429 2713 1461 2738 ut
1472 2718 1508 2738 ex
1523 2718 1558 2738 ea
1569 2718 1674 2746 aequus
1685 2718 1785 2738 rerum
1796 2711 1923 2739 mstimm

1126 2750 1171 2775 tor
1184 2747 1268 2775 facile
1282 2746 1426 2781 intelligat
1439 2754 1495 2774 nos
1509 2753 1632 2782 quoque
1647 2747 1678 2774 in
1693 2746 1815 2782 reliquis
1827 2747 1922 2775 omnia

1123 2782 1181 2811 bus
1195 2783 1243 2819 pie
1258 2791 1294 2811 ac
1308 2785 1386 2810 recte
1399 2782 1518 2810 sentire.
