2049 3131
261 133 312 161 687

937 127 965 154 S.
987 125 1110 153 BASlLll
1130 125 1239 152 MAGNI

1888 123 1941 150 688

259 196 318 224 lius
327 202 399 223 vero
413 193 443 221 in
459 190 638 228 proprietate
654 189 726 223 Filii,
737 190 860 216 sanctus
872 190 972 216 autem
991 185 1086 222 Spiri-

1142 188 1229 221 μένων,
1259 196 1304 212 του
1333 187 1378 222 μὲν
1400 186 1500 221 Πατρός
1516 184 1540 210 ἐν
1553 187 1589 219 τῷ
1616 182 1740 219 ἰδιώματι
1762 193 1808 211 του
1825 185 1940 220 Πατρός,

261 243 309 268 tus
327 240 357 267 in
372 236 530 272 suaipsius
542 234 735 270 proprietate.
757 235 859 268 Neque
871 232 996 268 Spiritus
1019 238 1086 257 san-

262 287 327 312 ctus
340 291 358 310 a
369 283 465 318 seipso
479 279 655 315 loquitur”,
672 286 769 314 neque
787 277 876 305 Filius
893 284 911 304 a
927 275 1087 310 semetipso

261 328 333 356 facit
346 326 516 363 quidquam
529 324 550 341 ¹⁵
565 333 571 351 ;
586 326 614 350 et
625 325 708 350 Pater
723 321 846 358 quidem
862 320 950 348 mittit
966 319 1068 347 Filium
1081 331 1088 356 ;

262 373 351 400 Filius
362 379 431 398 vero
443 370 531 397 mittit
545 368 688 404 Spiritum
704 369 854 394 sanctum.
870 366 915 392 Sic
931 364 1088 395 sentimus,

262 418 365 453 sicque
386 414 578 450 baptizamus
611 413 641 440 in
674 411 814 439 Trinitate
839 408 1091 438 consubstantiali

260 463 347 498 juxta
354 462 540 497 praeceptum
555 457 650 494 ipsius
662 455 778 484 Domini
789 455 883 482 nostri
895 456 963 481 Jesu
975 453 1089 484 Christi,

263 507 316 543 qui
328 506 415 533 dixit:
428 505 540 532 Euntes
555 503 655 530 docete
667 508 768 529 omnes
783 503 894 535 gentes,
908 498 1089 532 baptizantcs

264 542 311 580 eos
325 552 357 578 in
373 550 491 578 nomine
515 547 628 581 Patris,
642 549 669 574 et
684 546 767 580 Filii,
785 549 810 572 et
824 544 952 578 Spiritus
967 542 1066 570 sancti
1081 550 1086 569 :

263 596 400 624 docentes
415 602 461 621 eos
476 599 595 620 servare
621 591 720 618 omnia
736 595 920 625 quaecunque
946 586 1091 614 mandavi

264 640 345 668 vobis
358 640 391 665 ‘7.
407 640 477 670 Quae
493 638 518 664 si
528 635 758 666 servaverimus,
776 632 1007 661 dilectionemin
1019 638 1088 658 eum

263 687 398 713 nostram
411 681 711 715 ostendimus,alque,
728 678 771 706 uti
785 677 928 712 scriptum
944 678 996 709 est,
1007 675 1089 710 digni

265 728 411 758 efﬁcimur
426 726 478 762 qui
497 726 527 753 in
541 733 576 752 ea
591 730 770 751 maneamus
783 722 804 738 ¹⁸
823 730 829 748 ί
846 721 870 748 si
885 728 956 748 vero
978 728 1013 747 ea
1027 727 1089 747 non

265 780 432 804 servemus,
446 771 487 799 ita
502 770 585 797 aliter
595 768 690 796 atl‘ecti
705 765 924 801 redarguimur.
940 765 996 798 Qui
1009 764 1090 792 enim

264 826 325 846 non
336 817 436 851 diligit
444 823 498 848 me,
510 813 607 850 inquit
619 812 926 844 Dominus,sermones
941 816 1018 837 meas
1029 816 1090 836 non

1141 240 1185 256 του
1207 229 1236 256 δὲ
1262 234 1321 256 Υὶου
1338 230 1361 255 ἐν
1377 234 1412 265 τῷ
1434 228 1558 264 ἰδιώματι
1583 238 1627 254 του
1648 229 1718 262 Υὶου,
1739 238 1785 254 του
1815 227 1844 254 δὲ
1864 228 1940 263 ἁγίου

1143 276 1290 311 Πνεύματος
1315 274 1338 301 ἐν
1364 278 1400 310 τῷ
1429 274 1513 308 οἰκείῳ
1534 271 1678 309 ἰδιώματι·
1701 276 1767 308 μήτε
1790 283 1836 299 του
1863 273 1941 308 ἁγίου

1145 321 1292 355 Πνςύματος
1324 319 1366 355 ἀφ’
1398 319 1489 345 ἑαυτου
1522 317 1669 350 λαλουντος,
1703 320 1767 353 μήτε
1802 327 1847 343 του
1878 318 1941 343 Υὶου

1145 363 1187 399 ἀφ’
1206 363 1298 390 ἑαυτου
1318 373 1343 389 τι
1366 367 1516 393 ποιοῦντος·
1543 365 1587 388 χαι
1602 371 1646 388 του
1674 363 1718 398 μὶν
1743 364 1844 400 Πατρός
1873 363 1942 398 πέμ-

1144 418 1235 438 ποντος
1258 410 1301 434 τὸν
1326 409 1395 443 Υἱόν,
1421 417 1467 434 του
1491 406 1519 434 δὲ
1548 408 1610 433 Υἱου
1636 409 1782 443 πέμποντος
1809 408 1838 432 τὸ
1867 407 1942 442 ἅγιον

1145 456 1257 488 Ιινευμα.
1293 453 1382 483 Οὕτως
1411 461 1561 488 φρονονμεν,
1595 453 1640 477 καὶ
1668 451 1750 482 οὕτως
1774 450 1942 487 βαππίζομεν

1144 497 1177 526 εἰς
1203 495 1306 534 Τριάδα
1326 498 1463 532 ᾂιιοούσιον
1487 497 1552 531 (26),
1573 496 1640 521 κατὰ
1663 498 1709 524 τὴν
1736 495 1837 524 ἐντολὴν
1862 495 1942 521 αὐτου

1142 550 1188 566 του
1219 544 1315 578 Κυρίου
1341 542 1413 576 ἡμῶν
1430 540 1518 568 Ἰησου
1540 544 1655 577 Χριστου
1675 540 1789 571 εἰπόντος
1807 550 1813 556 -
1842 543 1942 576 Πορευ-

1144 586 1227 615 θέντες
1263 587 1445 621 μαθητεύσατε
1482 586 1566 610 πάντα
1606 585 1638 610 τὰ
1680 585 1754 617 ἔθνη,
1794 584 1942 620 βαπτίζον-

1143 639 1183 660 τες
1214 630 1308 660 αὐτοὺς
1349 630 1383 660 εἰς
1420 631 1449 655 τὸ
1488 631 1568 664 ὄνομα
1597 638 1642 655 του
1681 630 1782 665 Πατρός
1818 631 1864 654 καὶ
1896 633 1942 655 τοῦ

1143 675 1204 700 Tia-.1
1233 677 1277 700 καὶ
1306 684 1351 700 του
1385 674 1461 710 ἁγίου
1496 675 1653 709 Ηνεύματος,
1688 671 1859 704 διδάσκοντες
1893 673 1942 699 αὐ-

1144 721 1203 749 τοὺς
1236 723 1322 756 τηρεῖν
1355 719 1440 744 πάντα
1472 719 1523 744 ὅσα
1564 717 1723 753 ἐνετειλάμην
1756 719 1828 753 ὑμῖν,
1861 721 1941 754 Ἀττερ

1143 773 1281 800 τηρουντες
1304 765 1359 799 μὲν,
1382 765 1429 792 τὴν
1449 763 1486 793 εἰς
1509 762 1587 788 αὑτὸν
1607 762 1709 797 ἀγάπην
1730 760 1941 798 ἐπιδειχνυμσθα,

1144 810 1188 834 καὶ
1205 807 1229 833 ἐν
1251 808 1316 844 αὐτῇ
1343 810 1424 844 μένειν
1448 807 1652 843 καταξιούμεοα,
1677 808 1760 837 καθὼς
1774 809 1917 842 γέγραπται
1933 817 1940 824 ’

264 861 457 891 servat”.Et
472 867 596 887 rursus:
623 857 681 891 Qui
695 857 780 885 habet
809 855 953 883 mandata
977 861 1043 882 mea
1064 858 1087 881 et

1145 856 1180 889 μὴ
1220 862 1357 889 τηρονντες
1395 851 1434 886 δὲ,
1473 852 1592 882 ἐναντίως
1629 853 1734 887 ἔχοντες
1771 851 1949 888 ἐλεγχόμεθα.“

265 910 365 938 seruat
379 913 427 935 ea:
441 906 492 933 ille
502 907 543 932 est
558 903 611 938 qui
621 902 717 937 diligit
733 901 820 929 me”.

303 1043 329 1069 5.
344 1041 430 1070 Miror
443 1040 542 1067 autem
557 1036 646 1065 valde
657 1034 835 1065 admodum,
849 1032 933 1069 quod
948 1039 1016 1060 cum
1027 1031 1091 1066 ipse

266 1086 413 1116 Dominus
425 1086 528 1112 noster
541 1082 625 1109 Jesus
640 1080 772 1108 Christus
788 1078 868 1106 dicat
883 1086 889 1104 τ
905 1077 1006 1104 Nolite
1019 1083 1092 1110 gau—

264 1131 419 1166 dere,quia
433 1127 580 1157 daemonia
589 1125 669 1154 vobis
680 1121 1027 1158 subjiciuntursgaudete
1037 1127 1090 1147 au-

265 1175 415 1212 tem,quod
428 1173 548 1209 nomina
559 1174 659 1199 vestra
670 1170 783 1203 scripta
797 1171 866 1196 sunt
882 1168 912 1195 in
923 1167 1028 1195 catis“
1042 1173 1047 1192 :
1063 1167 1091 1192 et

263 1210 381 1250 iterum:
389 1220 425 1247 In
434 1219 488 1246 hoc
501 1218 678 1252 cognoscent
689 1221 787 1242 omnes
799 1214 870 1248 quia
880 1211 1023 1246 discipuli
1033 1210 1092 1237 mei

263 1267 344 1299 estis,
359 1265 386 1292 si
393 1263 580 1291 dilectionem
594 1258 756 1288 habueritis
768 1258 808 1286 ad
821 1257 980 1285 invicem”2
992 1263 998 1282 :
1009 1255 1089 1283 unde

261 1309 422 1347 Apostolus
434 1308 464 1335 in
471 1306 613 1334 omnibus
624 1303 776 1332 charitatis
791 1302 998 1330 necessitatem
1009 1299 1089 1327 exhi-

261 1345 314 1384 bet
325 1362 361 1382 ac
369 1349 668 1385 testatur,dicens:Si
678 1347 790 1382 linguis
802 1347 954 1374 hominum
969 1345 1087 1380 loquar,

262 1402 290 1428 et
305 1399 479 1434 angelorum
485 1395 672 1430 ,choritatem
679 1395 777 1420 autem
784 1398 843 1418 non
850 1390 984 1425 habeam,
987 1390 1089 1424 factus

261 1453 327 1473 sum
343 1444 424 1472 velut
439 1449 477 1469 aes
487 1446 609 1470 sonans,
626 1440 677 1465 aut
693 1436 866 1471 cymbalum
877 1435 1019 1462 tinniens:
1027 1437 1053 1462 et
1064 1434 1090 1462 si

263 1490 397 1518 habuero
406 1485 636 1522 prophetiam,et
647 1482 779 1510 noverim
790 1481 933 1515 mysteria
948 1480 1090 1512 omnia,et

1144 897 1173 923 Ὀ
1201 900 1237 933 μὴ
1258 896 1365 933 ἀγαπῶν
1396 907 1436 933 με,
1464 899 1514 934 γάρ
1540 906 1618 933 φησιν
1643 897 1656 923 ὁ
1686 898 1791 934 Κύριος,
1819 898 1877 926 τοὺς
1899 896 1941 922 λό-

1145 952 1207 978 γους
1221 952 1270 978 μου
1286 942 1314 968 οὐ
1339 945 1414 979 τηρεῖ
1426 953 1431 958 ·
1460 944 1504 968 καὶ
1524 942 1599 968 πάλιν
1614 950 1620 956 ·
1640 941 1669 967 Ὀ
1692 942 1760 977 ἔχων
1775 942 1820 971 τὰς
1843 940 1943 971 ἕντολάς

1146 997 1206 1023 μου,
1220 990 1265 1013 καὶ
1278 991 1363 1025 τηρῶν
1379 987 1469 1020 αὐτὰς,
1486 986 1580 1017 ἐκεῖνός
1600 986 1669 1012 ἐστιν
1684 986 1697 1012 ὀ
1711 985 1817 1022 ἀγαπῶν
1830 995 1872 1022 με.

1182 1035 1207 1060 5.
1225 1033 1359 1068 Θαυμάζω
1376 1030 1405 1057 δὲ
1428 1033 1628 1068 περισσοτέρως,
1649 1032 1699 1064 ὅτι,
1723 1031 1802 1057 αὐτου
1823 1040 1871 1057 του
1896 1033 1945 1058 Κυ-

1145 1079 1203 1114 ρίου
1234 1078 1306 1113 ἡμῶν
1327 1076 1414 1105 Ἰησου
1442 1080 1557 1113 Χριστου
1588 1076 1726 1111 λέγοντοςι
1754 1077 1797 1104 Μὴ
1827 1077 1942 1112 χαίρετε,

1145 1122 1185 1148 ὅτι
1216 1123 1250 1148 τὰ
1282 1120 1407 1157 δαιμόνια
1439 1122 1499 1156 ὑμῖν
1529 1122 1727 1147 ὑποτάσσεται·
1761 1122 1870 1157 χαίρετε
1904 1118 1942 1152 δὲ,

1145 1167 1184 1192 ὅτι
1212 1168 1244 1192 τὰ
1277 1165 1390 1202 ὀνόματα
1423 1166 1493 1201 ὑμῶν
1527 1167 1675 1201 γέγραπται
1708 1165 1734 1191 ἐν
1768 1168 1823 1195 τοίς
1862 1164 1943 1200 οὖρα-

1144 1215 1194 1241 νοῐς
1211 1222 1217 1227 ·
1255 1213 1301 1236 καὶ
1333 1210 1409 1236 πάλιν
1424 1220 1430 1226 ·
1463 1209 1502 1236 Ἑν
1541 1211 1625 1245 τούτῳ
1661 1212 1806 1244 γνώσονται
1837 1209 1941 1242 πάντες,

1144 1256 1183 1282 ὅτι
1217 1254 1272 1291 ἐμοὶ
1304 1255 1422 1291 μαθηταί
1452 1253 1518 1288 ἐστε,
1554 1254 1597 1280 ἐὰν
1634 1253 1738 1289 ἀγάπην
1777 1255 1858 1289 ἔχητε
1886 1245 1944 1287 (27)

1143 1300 1197 1336 μετ’
1226 1299 1340 1328 ἀλλήλων
1357 1308 1364 1314 ·
1388 1300 1444 1325 ὅθεν
1468 1299 1481 1324 ὁ
1507 1298 1676 1331 Ἀπόστολος,
1702 1298 1727 1324 ἐν
1752 1302 1819 1324 πᾱσῖ
1837 1300 1866 1324 τό
1893 1302 1943 1328 τῆς

1143 1344 1249 1380 ἀγάπης
1281 1343 1421 1379 ἀναγκαῖον
1453 1341 1565 1376 δεικνὺς,
1598 1341 1806 1380 διαμαρτύρεται
1837 1343 1940 1378 λέγων·

1145 1390 1203 1416 Ἐὰν
1229 1393 1288 1420 ταῖς
1314 1388 1447 1424 γλώσσαις
1477 1393 1527 1414 τῶν
1560 1387 1700 1424 ἀνθρώπων
1725 1387 1793 1414 λαλῶ
1816 1390 1862 1414 καὶ
1891 1391 1941 1414 τῶν

1319 1433 1422 1468 ἀγάπην
1461 1431 1490 1459 δέ
1526 1435 1562 1469 μὴ
1600 1433 1673 1468 ἔχω,
1711 1434 1806 1468 γέγονα
1841 1432 1943 1468 χαλκός

1668 1477 1716 1503 κᾶν
1752 1478 1808 1513 ἔχω
1843 1486 1943 1514 προφη-

1144 1433 1258 1470 ἆγγέλων
1273 1455 1279 1467 ,

1145 1480 1230 1515 ἠχῶν,
1262 1480 1277 1508 ἦ
1312 1477 1442 1515 κύμϐαλον
1478 1477 1606 1507 ἀλαλάζον
1623 1485 1629 1491 ·

263 1541 379 1563 omnem
391 1521 546 1560 scientiam
564 1537 570 1555 :
588 1531 614 1556 et
628 1527 654 1554 si
669 1526 798 1554 habuero
807 1533 921 1553 omnem
931 1525 1031 1558 ﬁdem,
1046 1524 1087 1551 ita

1144 1527 1226 1560 τείαν,
1254 1527 1298 1550 καὶ
1331 1521 1394 1550 εἰδῶ
1429 1524 1461 1549 τὰ
1493 1525 1626 1559 μυστήρια
1659 1523 1753 1556 πάντα,
1782 1523 1827 1548 καὶ
1854 1525 1943 1549 πᾶσαν

263 1582 297 1606 ut
312 1580 423 1605 montes
438 1575 630 1608 transferam,
646 1571 825 1599 charitatem
840 1573 937 1596 autem
957 1577 1017 1596 non
1037 1568 1088 1595 ha-

265 1623 365 1657 buero,
381 1620 461 1648 nihil
475 1627 540 1646 sum
548 1618 586 1644 ἐς
603 1619 630 1644 et
641 1615 731 1652 paulo
742 1616 824 1651 post:
838 1614 907 1642 Sive
917 1616 1090 1647 autempro-

263 1667 373 1702 phetia’
387 1663 624 1695 cvacuabuntur,
641 1661 701 1688 sive
721 1660 833 1694 lingua:
847 1658 1013 1690 cessabunt,
1029 1659 1090 1686 sive

264 1711 389 1740 scientia
401 1707 609 1741 destruetur“,
623 1708 651 1733 et
661 1707 777 1738 austera,
793 1703 904 1739 quibus
916 1703 1088 1738 subjungit:

263 1757 352 1785 Nunc
364 1757 462 1783 autem
475 1754 575 1780 manet
588 1751 672 1786 ﬁdes,
689 1757 762 1784 spes,
779 1748 992 1781 charitas,tria
1007 1748 1087 1776 haec:

263 1801 364 1836 major
372 1802 472 1827 autem
483 1797 589 1825 horum
601 1798 640 1823 est
651 1794 784 1822 charitas
794 1794 828 1826 =5;
846 1792 1016 1826 cumigitur
1025 1792 1089 1820 haec

264 1848 293 1875 et
310 1845 379 1873 talia.
398 1852 416 1871 a
431 1842 557 1879 Domino
575 1843 604 1867 et
616 1839 655 1867 ab
671 1838 815 1874 Apostolo
841 1840 1020 1870 statuantur,
1036 1838 1089 1865 mi-

262 1885 622 1925 ror,inquam,quomodo
636 1883 774 1911 homines
789 1890 836 1909 res
848 1882 1050 1910 destruendas
1061 1885 1089 1910 et

264 1936 436 1962 cessaturas
453 1933 534 1959 tanto
559 1928 658 1956 studio
673 1930 700 1955 et
712 1927 820 1955 aﬁ‘ectu
840 1929 1063 1962 prosequantur
1079 1935 1086 1954 :

263 1977 420 2015 quomodo
429 1983 499 2003 vero
512 1982 548 2002 ea
558 1981 625 2009 qum
640 1971 977 2006 manent,etpraesertim
992 1971 1086 1998 chari-

262 2024 355 2050 tatem
382 2019 519 2048 omnium
534 2016 710 2049 maximam,
731 2023 798 2051 quae
813 2015 1012 2043 Christianum
1033 2023 1088 2042 suo

262 2066 386 2103 proprio
396 2065 566 2092 charactere
577 2061 739 2094 constituit,
752 2068 812 2088 non
828 2059 919 2087 modo
934 2059 992 2095 ipsi
1004 2059 1088 2088 nullo

263 2112 356 2141 modo
368 2108 539 2142 curent,sed
555 2107 644 2135 etiam
659 2105 834 2133 curantibus
847 2104 1089 2138 adversentur,et

262 2157 336 2186 dum
352 2155 498 2184 adversus
508 2161 559 2181 eos
572 2153 720 2188 pugnant,
735 2150 862 2186 implent
873 2149 957 2185 quod
974 2149 1086 2177 dictum

262 2205 316 2236 est,
327 2201 466 2229 videlicet
482 2205 579 2234 neque
604 2196 661 2232 ipsi
675 2194 894 2230 ingrediuntur,
911 2194 972 2221 imo
987 2194 1086 2228 ingre-
1101 2209 1123 2236 υ

261 2246 376 2274 dientes
383 2245 521 2278 ingressu
531 2241 693 2278 prohibent
702 2240 736 2267 ³⁸.
745 2240 933 2274 Quapropter
943 2238 1086 2266 adhortor

260 2298 317 2319 vos
331 2292 359 2317 et
369 2297 453 2324 rogo,
466 2290 498 2316 ut
512 2287 604 2314 missa.
617 2285 737 2313 curiosa
751 2283 956 2320 inquisitione,
972 2282 1086 2311 relicta-

297 2379 320 2397 ¹⁵
332 2379 417 2406 Joan.
434 2385 491 2409 XVI,
510 2378 552 2404 t3.
601 2376 623 2393 '5
638 2376 723 2402 Joan.
738 2381 799 2407 rm,
815 2374 860 2400 28.

259 2414 428 2443 ’°ibid.2t.
460 2413 482 2430 ²¹
496 2413 607 2445 Luc.x,
620 2413 665 2439 20.
699 2411 723 2427 ²²
738 2410 825 2438 Joan.
841 2411 962 2443 xm,35.

294 2506 350 2539 (26)
367 2503 495 2538 Utraque
507 2500 595 2529 editio
606 2502 635 2539 et
651 2499 736 2539 Regii
749 2498 864 2539 primus
880 2500 906 2526 et
919 2497 1081 2539 secundus,

256 2543 286 2569 et
297 2534 374 2568 alter
388 2534 490 2566 itidém
517 2539 585 2571 Reg.
603 2537 638 2566 εἰς
652 2534 758 2572 riu/tae
771 2535 919 2570 ὀμοούσιον,
937 2535 969 2561 in
988 2534 1082 2561 Trini-

257 2580 348 2604 tatem
361 2572 660 2603 consubstantialem:
673 2571 755 2606 quod
771 2571 899 2605 dignum
911 2572 955 2596 est
967 2571 1081 2606 notata,

256 2614 285 2640 et
307 2611 375 2642 tale,
389 2613 421 2637 ut
442 2609 488 2636 vel
511 2609 634 2635 unicum
651 2604 752 2641 aperte
766 2604 907 2633 ostendat
919 2604 1081 2642 Eusebium

254 2640 452 2674 Sebastenum
466 2644 535 2671 talia
548 2651 608 2670 non
623 2640 788 2677 scripsisse,
805 2649 875 2668 cum
898 2648 1005 2667 vocem
1022 2640 1081 2674 ὁμο-

255 2684 344 2708 ὺύσιον
355 2689 417 2708 non
433 2680 609 2707 admitteret.

298 2719 344 2750 2)
376 2715 505 2750 Utraque
533 2713 622 2741 editio
653 2714 680 2739 et
702 2713 773 2750 Meg.
799 2710 949 2750 secundus
977 2709 1081 2750 ᾆγάπην

253 2746 340 2788 ἔχετεί
359 2751 415 2778 Alii
430 2746 487 2788 tres
500 2758 576 2788 mss,
592 2750 682 2784 ἔχητε.
699 2747 814 2775 Ibidem
836 2749 909 2781 Reg.
934 2746 1037 2773 tertius
1053 2748 1082 2773 et

252 2784 326 2818 diter
340 2787 442 2816 itidem
495 2784 626 2814 ἀλλήλοις,

924 2372 944 2390 ¹¹¹
962 2370 1063 2400 Matth.
1088 2377 1186 2405 xxvm,
1205 2373 1247 2406 19,
1263 2372 1311 2400 20.

1005 2408 1087 2436 “Ic

1156 2404 1298 2442 xui,t,2.
1332 2406 1483 2434 “ibid.8.
1516 2406 1540 2423 ἐ
1555 2404 1628 2433 ibid.
1647 2406 1687 2432 t3.
1721 2404 1825 2432 “Luc.
1843 2405 1937 2438 x1,52.

1145 1571 1191 1598 τὴν
1227 1572 1342 1604 γνῶσιν,
1380 1569 1425 1593 καὶ
1462 1566 1503 1593 ἐὰν
1541 1567 1595 1602 ἔχω
1632 1569 1719 1592 πᾶσαν
1755 1568 1804 1595 τὴν
1841 1568 1943 1600 πίστιν,

1145 1615 1211 1639 ὥστε
1237 1615 1283 1650 ὅρη
1313 1612 1485 1649 μεθιστάνειν,
1514 1610 1618 1646 ἀφάπην
1649 1609 1679 1636 δὲ
1706 1612 1742 1646 μὴ
1775 1611 1840 1646 ἔχω,
1867 1611 1943 1638 οὐθέν

1145 1659 1198 1694 εἰμι
1226 1659 1304 1693 (‘28)'
1341 1659 1385 1682 καὶ
1415 1655 1469 1692 μετ’
1503 1654 1599 1690 ὀλίγα·
1629 1656 1688 1680 Εἴτε
1722 1653 1751 1680 δὲ
1784 1658 1945 1691 προφητεῖαι

1131 1703 1407 1740 καταργηθήσονται,
1439 1701 1488 1726 εἶτε
1528 1699 1648 1735 γλωσσαι
1684 1700 1849 1732 παύσονται,
1889 1699 1945 1726 εἴτε

1143 1752 1238 1784 γνῶσις
1260 1747 1500 1783 καταργηθήσεται,
1517 1746 1562 1770 καὶ
1588 1745 1621 1770 τὰ
1644 1743 1713 1777 ἑξῆς,
1739 1744 1779 1774 οἷς
1802 1742 1917 1780 ἐπιφεριι
1933 1754 1942 1761 ·

1143 1795 1208 1820 Νυνὶ
1245 1791 1274 1818 δὲ
1311 1793 1379 1828 μένει
1415 1792 1515 1822 πίστις,
1553 1789 1635 1823 ἐλπὶς,
1674 1788 1774 1825 ἀγάπη,
1811 1788 1845 1814 τὰ
1881 1790 1945 1825 τρία

1142 1841 1227 1864 ταῦτα
1236 1846 1243 1859 τ·
1276 1836 1371 1872 μείζων
1403 1833 1432 1861 δὲ
1458 1835 1555 1860 τούτων
1582 1835 1597 1863 ἡ
1629 1833 1717 1869 ἀγάπη
1735 1843 1742 1850 ·
1771 1833 1870 1859 τούτων
1895 1832 1943 1859 καὶ

1143 1887 1192 1908 τῶν
1221 1882 1343 1907 τοιούτων
1372 1880 1451 1909 οὕτως
1483 1880 1533 1905 ὑπό
1563 1887 1591 1905 τε
1620 1882 1667 1905 τοῦ
1696 1879 1793 1914 Κυρίου
1818 1879 1864 1903 καὶ
1891 1880 1940 1904 τοῦ

1143 1925 1304 1953 Ἀποστόλου
1331 1922 1518 1960 διωρισμένων,
1543 1922 1683 1959 θαυμάζων
1705 1924 1783 1958 φημὶ,
1809 1925 1861 1952 πῶς
1882 1922 1940 1957 (29)

1142 1970 1201 2007 περὶ
1225 1971 1268 2005 μὲν
1296 1969 1330 1994 τὰ
1350 1968 1547 2003 καταργούμενα
1573 1969 1618 1992 καί
1650 1969 1782 2003 παυόμενα
1807 1967 1938 1995 τοσαύτην

1143 2016 1251 2050 ἔχουσιν
1261 2014 1286 2039 oi
1298 2013 1431 2048 ἄνθρωποι
1455 2009 1574 2040 σπουδὴν
1599 2013 1644 2037 καὶ
1668 2013 1780 2040 πτόησιν
1797 2010 1863 2045 (30),
1880 2012 1939 2048 περὶ

1144 2057 1172 2085 δὲ
1194 2060 1225 2084 τὰ
1245 2060 1362 2094 μένοντα,
1379 2058 1423 2082 καὶ
1445 2055 1561 2092 μάλιστα
1571 2058 1623 2090 ,τὴν
1643 2056 1724 2092 μείζω
1748 2055 1849 2081 πάντων
1871 2054 1940 2090 ἀγά-

1142 2114 1204 2138 πην,
1218 2106 1265 2132 τὴν
1280 2103 1533 2140 χαραχτηρίζουσαν
1556 2103 1598 2127 τὸν
1618 2102 1785 2138 Χριστιανὸν,
1810 2100 1839 2126 οὐ
1863 2102 1939 2136 μόνον

1143 2149 1218 2174 αὐτοί
1246 2145 1373 2185 φροντίδα
1405 2144 1530 2182 οὐὸεμίαν
1560 2143 1705 2178 ποιουνται,
1736 2144 1800 2171 ἀλλὰ
1823 2146 1867 2170 καὶ
1888 2148 1939 2174 τοῖς

1144 2191 1337 2220 ἐσπουδακόσιν
1366 2191 1550 2223 ἑναντιουνται,
1574 2192 1619 2216 καὶ
1638 2192 1785 2226 μαχόμενοι
1808 2188 1938 2226 πληρουσι

1142 2239 1172 2264 τὸ
1188 2238 1319 2274 εἰρημένον
1334 2247 1340 2253 ·
1364 2237 1430 2262 Οὔτε
1451 2235 1526 2261 αὐτοὶ
1555 2234 1730 2271 εἰσέρχονται,
1743 2236 1788 2260 καὶ
1803 2235 1861 2264 τοὺς
1883 2233 1939 2259 εἰσ-

1141 2284 1296 2320 ερχομένους
1327 2280 1472 2307 κωλύουσιν
1505 2278 1635 2306 εἰσελθεῖν.
1669 2280 1759 2316 Διόπερ
1796 2277 1938 2315 παρακαλῶ

1367 2370 1388 2388 ίε
1403 2370 1489 2398 Joan.
1509 2375 1556 2403 xv,
1575 2369 1618 2397 to.
1675 2368 1698 2386 ¹⁹
1713 2367 1796 2396 Joan.
1819 2373 1880 2403 xm
1893 2368 1936 2396 24.

1175 2496 1231 2531 (28)
1247 2494 1342 2523 Editio
1355 2494 1446 2522 Paris.
1463 2491 1538 2531 οὐδέν
1549 2493 1611 2531 εἰμι.
1628 2492 1695 2521 Mss.
1712 2494 1844 2529 quatuor
1844 2491 1936 2531 ρρρέν.

1172 2527 1229 2566 ('29)
1251 2531 1344 2558 Editio
1369 2530 1461 2558 Paris.
1491 2527 1633 2564 θαυμάζειν
1657 2527 1822 2566 φημιξλπῶςῖ
1844 2527 1938 2566 Editio

1137 2563 1211 2595 νάῃ.
1224 2569 1252 2595 et
1263 2567 1323 2594 duo
1339 2573 1414 2594 mss.
1427 2563 1566 2601 θαυμάζων
1582 2563 1726 2600 φημίζΑΙΗ
1736 2563 1797 2591 duo
1812 2563 1938 2600 θαυμάξω

1135 2613 1197 2633 πως.

1172 2639 1228 2669 (30)
1245 2637 1339 2665 Editio
1357 2637 1451 2664 Paris.
1475 2638 1503 2663 et
1519 2635 1600 2670 Regii
1614 2635 1732 2671 primus
1746 2637 1775 2662 et
1786 2634 1938 2662 secundus

1146 2672 1266 2702 σπουδὴν
1281 2675 1325 2698 καὶ
1340 2677 1446 2707 γνῶσιν,
1459 2675 1486 2699 et
1500 2671 1539 2699 ita
1555 2670 1678 2707 quoque
1693 2670 1802 2707 legitur
1816 2670 1847 2697 in
1867 2678 1936 2707 con.

1135 2712 1216 2737 textu
1231 2706 1371 2736 editionis
1388 2709 1513 2735 Venetae.
1531 2706 1586 2734 Alii
1601 2706 1662 2734 duo
1677 2706 1796 2733 codices
1811 2706 1891 2737 Regii
1907 2707 1934 2732 et

1135 2745 1210 2772 liber
1225 2744 1323 2777 Voss.,
1336 2746 1364 2771 et
1376 2743 1466 2771 editio
1478 2742 1602 2778 Ven.,in
1613 2742 1749 2776 margine
1764 2739 1884 2770 σπουδὴν
1894 2743 1936 2766 καὶ

1135 2782 1258 2814 πτόησιν,
1275 2782 1366 2807 recte.
