2049 3131
113 127 168 157 693

801 120 988 151 MOBALIUM
1005 121 1111 152 INDEX

1744 124 1797 152 694-

114 189 139 222 ς’
152 189 217 226 Περὶ
230 190 277 214 τοῦ
292 184 347 213 δεῖν
366 185 598 223 παρῤησιάζισθαι
621 183 645 211 ἓν
671 187 702 222 τῇ
722 183 847 220 ὁμολογίᾳ
869 186 912 210 τοῦ

974 185 987 211 Β
1007 184 1094 217 Quod
1108 184 1138 212 in
1154 184 1341 213 confessione
1357 185 1418 221 Dei,
1442 187 1471 214 et
1492 185 1599 216 Christi
1613 185 1689 222 ejus,
1705 185 1798 215 ﬁden-

150 235 226 266 Θεοῦ,
242 234 288 258 καὶ
303 234 349 257 τοῦ
365 234 481 268 Χριστοῦ
497 229 587 256 αὐτοῦ.

114 277 138 310 ζ’
150 277 212 304 Ὀτι
228 279 263 313 μὴ
281 275 355 312 ἀρκεῖ
368 276 433 311 πρὸς
445 277 576 311 σωτηρίαν
591 275 606 303 ἡ
621 273 745 310 ὁμολογία
757 277 803 299 τοῦ
818 274 914 310 Κυρίου

148 326 202 353 τοῖς
216 323 262 353 τὰς
277 320 378 351 ἐντολὰς
394 319 471 346 αὑτοῦ
484 318 700 357 παραϐαίνουσιν.

113 367 136 397 η’
151 369 217 404 Περὶ
229 368 341 396 πίστεως
355 366 400 391 καὶ
414 363 591 402 πληροφορίας
602 367 653 390 τῶν
677 366 723 389 τοῦ
746 364 841 399 Κυρίου
864 362 915 400 ῥη-

149 412 252 448 μάτων.

114 456 135 485 θ’
150 458 214 493 Περὶ
226 458 346 492 γνώσεως
359 454 374 484 ἣ
392 453 498 491 ἀγνοίας
512 457 561 480 τῶν
576 452 762 481 ἐπιϐαλλόντων
778 453 854 489 ἡμῖν.

114 544 130 574 ί
143 546 220 573 Τίτὸ
238 544 310 576 τέλος
323 547 372 576 τῆς
390 543 530 582 ἁμαρτίας,
555 544 600 569 καὶ
622 544 649 569 τί
671 545 719 574 τῆς
741 540 844 572 ἐντολῆς
867 543 912 567 τοῦ

150 593 228 620 Θεοῦ,

119 634 150 662 ιοί
164 638 228 673 Περὶ
241 635 372 673 χριμάτων
392 636 469 668 Θεοῦ,
485 634 530 660 καὶ
544 635 589 661 τοῦ
605 631 649 659 ἀπ’
661 631 744 658 αὐτῶν
757 630 848 668 φόϐου.

118 724 154 762 ιβ’
167 727 228 762 Περὶ
241 724 316 754 ἆθιτή
322 734 387 755 σιως
400 725 445 750 καὶ
461 722 616 760 ἀντιλογίας,
632 723 647 753 ἦ
660 723 778 754 ὑπακοῆς
791 723 836 748 καὶ
859 731 910 758 φυ-

148 769 229 801 λακῆς
242 773 292 797 τῶν
310 773 357 796 τοῦ
372 772 438 796 Θεοῦ
451 768 609 806 θελημοὶτων.

111 861 142 898 ιγ’
156 862 221 899 Πιρὶ
236 864 283 892 τῆς
299 859 324 887 ἂν
347 861 422 886 παντὶ
437 862 520 896 καιρῷ
545 857 710 895 ἑτοιμότητος
727 859 772 884 καὶ
797 856 908 893 ὰνυπερ-
924 865 944 894 Β

146 908 221 933 θέτου
238 903 360 936 σπουδῆς
374 908 424 930 τῶν
439 905 504 941 πρός
519 902 689 941 εᾶαρέστηο-ιν
705 906 770 930 Θεοῦ
787 899 908 930 σπονδα-

143 951 269 988 ζομὲνων.

109 995 144 1023 ιδ’
160 999 225 1034 Περὶ
239 999 286 1026 τῆς
304 994 416 1021 ἑκάστου
440 997 488 1020 τῶν
511 993 579 1020 κατὰ
601 995 676 1030 μέρος
698 992 908 1031 κατορθουμένων

145 1041 290 1078 εὐκαιρίας.

109 1085 136 1113 ιε’
148 1085 210 1112 ὀτι
224 1087 260 1121 μὴ
278 1082 319 1111 δεῖ
331 1087 386 1115 τοῖς
405 1082 486 1110 ἄλλων
507 1084 707 1120 κατορθώμασιν
730 1081 907 1116 ἐπελπίζοντα,

145 1135 195 1157 τῶν
210 1129 269 1157 καθ’
285 1129 374 1157 ἑαυτὸν
389 1128 501 1165 ἀμελεῖν.

109 1175 146 1208 ις’
159 1177 221 1212 Πιρὶ
233 1179 283 1201 τῶν
299 1174 419 1210 οἰομένων
435 1172 589 1210 ὠφελεῖσθαί
602 1183 628 1198 τι
648 1172 675 1199 ἐκ
689 1176 735 1199 τοῦ
756 1171 838 1208 συζῇν
854 1175 909 1202 τοῖς

144 1219 236 1252 καλοῖς
249 1221 294 1246 καὶ
313 1219 470 1256 εὖαρίστοις,
496 1220 542 1244 καὶ
564 1217 671 1248 ἑαυτοὺς
693 1220 727 1254 μὴ
754 1217 909 1254 κατορθούν-

143 1275 195 1291 των
208 1265 276 1300 (ιι).

108 1309 142 1341 ιζ
158 1313 218 1340 Πῶς
231 1307 273 1336 διῑ
286 1310 352 1346 πρὸς
365 1309 407 1335 τὸν
422 1309 538 1345 παρόντα
556 1309 646 1344 καιρόν
663 1305 840 1334 διατίθεσθαι.

108 1399 143 1431 ιη’
160 1402 225 1438 Περὶ
242 1400 340 1437 τρόπον
366 1399 411 1425 καὶ
438 1396 580 1428 διαθέσεως
606 1401 655 1424 τῶν
684 1399 743 1435 περὶ
767 1398 813 1425 τήν
842 1396 909 1423 ἐντο-

144 1437 263 1481 ληνν<42)
276 1448 322 1471 τοῦ
339 1447 406 1471 Θεοῦ
422 1441 634 1470 ἐσπουδακότων.
924 1437 943 1465 C

110 1535 142 1562 ιθ¹
156 1536 221 1573 Πιρὶ
236 1532 422 1572 ἐμποδίζοντος
433 1535 479 1560 καὶ
499 1531 705 1570 ἐμποδιζομένων
719 1531 755 1563 εἱς
775 1534 822 1561 τὴν
842 1531 909 1558 ἐντο-

144 1580 192 1610 λὴν
204 1583 251 1606 τοῦ
271 1583 349 1607 exos.

108 1625 130 1651 κ’
146 1627 210 1662 Περὶ
224 1624 420 1661 βαπτίσματος,
431 1624 477 1650 καὶ
489 1625 530 1654 τίς
544 1623 558 1649 ὁ
572 1622 645 1658 λόγος
658 1624 702 1648 καὶ
712 1623 727 1652 ἡ
743 1619 853 1659 δύναμις
863 1626 908 1648 τοῦ

145 1669 330 1706 βαπτίσματος
345 1669 414 1704 (43).

108 1714 148 1742 ια’
161 1717 225 1752 Περὶ
239 1716 372 1743 κοινωνίας
387 1716 433 1739 τοῦ
454 1715 583 1749 σώματος,
594 1711 645 1738 ’καὶ
667 1715 713 1739 τοῦ
732 1712 840 1748 αἳματος
863 1715 908 1738 τοῦ

145 1763 275 1797 Χριστοῦ,
286 1761 331 1786 καὶ
345 1760 386 1790 τίς
398 1759 410 1784 ό
425 1759 524 1789 ταύτης
535 1758 619 1794 λόγος.

110 1804 155 1842 ιβ’
170 1808 228 1837 Πῶς
242 1804 461 1843 ἀπαλλοτριοῡταί
475 1813 516 1834 τις
530 1807 607 1836 Θεοῦ,
628 1804 673 1829 καὶ
699 1801 745 1828 διὰ
770 1803 845 1828 τίνων
869 1798 910 1828 οἰὲ

146 1853 261 1878 κειοῡται
276 1853 343 1885 Θιῷ.

109 1895 150 1933 ιγ’
165 1898 228 1933 Πιρὶ
237 1899 287 1922 τῶν
301 1895 454 1931 ἡττωμένων
475 1895 521 1920 καὶ
545 1892 581 1924 εἰς
604 1892 622 1918 ἃ
642 1895 767 1928 μισοῦσιν
793 1892 910 1930 ἁμαρτή-

144 1950 228 1977 ματα.

109 1983 150 2012 ιδ’
165 1988 229 2023 Περὶ
241 1983 357 2020 ψιύὸονς
370 1986 416 2011 καὶ
428 1983 558 2014 ἀληθείας.

108 2031 143 2058 ιε’
158 2033 222 2068 Περὶ
236 2030 402 2068 ἁργολογίας,
418 2032 463 2056 καὶ
476 2032 534 2067 περὶ
549 2033 594 2060 τῆς
615 2032 665 2055 τῶν
686 2026 837 2055 σπουδαίων
863 2027 908 2055 λό-

144 2086 197 2113 γων
215 2076 375 2112 οἰκονομίας.

1005 231 1049 257 ter
1064 230 1235 267 fortiterque
1251 231 1404 266 agendum
1421 232 1467 261 sit.

970 277 985 301 7
1007 275 1093 308 Quod
1104 284 1165 304 non
1175 276 1211 304 sit
1223 277 1295 304 satis
1306 276 1345 304 ad
1366 277 1492 305 salutem
1511 277 1660 305 confessio
1668 277 1797 312 Domini,

1005 319 1183 348 facientibus
1198 324 1303 349 contra
1318 322 1463 350 mandata
1476 322 1552 357 ejus.

971 365 986 391 8
1007 365 1046 392 De
1058 364 1118 393 ﬁde
1133 368 1161 394 et
1171 374 1291 394 summa
1303 366 1478 395 auctoritate
1494 374 1529 395 ac
1544 365 1719 395 certitudine
1732 373 1798 394 ver-

1005 409 1114 439 borum
1130 411 1258 440 Domini.

969 456 985 484 9
1004 455 1044 483 De
1060 455 1229 490 cognitione
1253 456 1316 484 sive
1339 456 1464 485 scientia
1487 456 1734 492 ignorationeque
1748 462 1795 484 re-

1004 507 1071 528 rum
1083 500 1122 538 ad
1137 500 1269 529 otﬁcium
1282 504 1418 529 nostrum
1430 500 1656 537 pertinentium.

970 546 1002 572 10
1023 545 1094 578 Quis
1108 545 1147 574 sit
1158 545 1227 574 ﬁnis
1242 546 1367 583 peccati,
1378 545 1483 583 quisve
1495 545 1566 574 item
1576 546 1718 582 praecepti
1731 544 1794 574 Dei.

969 636 998 664 11
1020 635 1189 672 Dejudiciis
1200 635 1262 671 Dei,
1273 638 1301 665 et
1309 638 1495 674 quantopere
1504 643 1540 665 ea
1549 635 1609 664 sint
1617 634 1790 665 metuenda.

964 728 999 755 12
1018 728 1058 755 De
1068 727 1289 764 improbatione
1303 728 1332 755 et
1344 727 1572 763 impugnatione
1581 728 1634 756 aut
1643 725 1792 755 contradi-

1000 771 1110 806 ctione,
1124 772 1172 800 vel
1191 772 1362 801 obedientia
1381 774 1410 801 et
1432 771 1642 800 observatione
1656 770 1792 800 volunta-

999 818 1064 845 tum
1084 817 1145 845 Dei.

966 864 996 890 l3
1017 864 1057 890 De
1067 870 1103 890 eo
1114 861 1198 898 quod
1211 862 1337 897 singulis
1348 860 1510 890 momentis
1518 860 1672 889 voluntate
1685 868 1722 888 ac
1729 862 1794 890 stu~

999 907 1049 935 dio
1062 907 1186 936 indilato
1196 907 1293 943 parati
1303 915 1370 935 esse
1378 906 1414 934 de
1419 907 1545 934 beamus
1552 905 1592 934 ad
1603 913 1648 939 ea,
1658 913 1712 942 per
1718 913 1788 943 quas

999 952 1153 988 possimus
1165 952 1240 980 inire
1253 952 1305 979 Dei
1319 951 1458 987 gratiam.

966 999 996 1026 Η,
1017 999 1057 1026 De
1064 997 1234 1025 maturitate
1243 999 1415 1033 opportuna
1424 998 1452 1024 et
1459 994 1622 1025 commoda
1628 995 1789 1031 cujuslibet

998 1045 1076 1071 recte
1089 1042 1169 1071 facti.

965 1090 997 1115 15
1018 1088 1104 1121 Quod
1119 1095 1180 1116 non
1190 1087 1280 1116 debet
1290 1087 1369 1123 quis,
1383 1094 1510 1123 sperans
1524 1086 1556 1114 in
1568 1086 1696 1115 aliorum
1709 1088 1788 1115 recte

998 1132 1093 1167 factis,
1107 1133 1257 1168 negligere
1272 1132 1337 1168 ipse
1355 1131 1488 1160 ofﬁcium
1504 1139 1604 1160 suum.

962 1179 996 1206 16
1017 1178 1057 1205 De
1072 1178 1109 1205 iis
1129 1178 1180 1214 qui
1196 1177 1339 1213 prodesse
1363 1176 1420 1204 sibi
1445 1176 1559 1212 aliquid
1574 1175 1748 1212 opinantur,
1763 1176 1789 1204 si

998 1231 1068 1251 cum
1080 1223 1169 1251 bonis
1183 1225 1212 1250 et
1224 1222 1284 1250 Deo
1300 1222 1399 1249 charis
1412 1221 1588 1249 hominibus
1602 1221 1714 1256 vivant,
1730 1221 1790 1258 ipsi
1813 1243 1818 1250 η

999 1271 1099 1296 autem
1114 1267 1188 1295 boni
1200 1267 1274 1294 nihil
1286 1266 1407 1294 faciant.

966 1315 996 1341 t7
1019 1313 1177 1346 Quomodo
1188 1312 1346 1341 occasione
1357 1313 1425 1340 vitae
1434 1311 1536 1347 hujus,
1553 1311 1584 1339 in
1594 1319 1657 1348 qua
1671 1319 1788 1348 sumus,

999 1358 1041 1386 uti
1056 1357 1215 1386 debemus.

967 1405 997 1432 l8
1014 1405 1053 1432 De
1067 1403 1160 1432 modo
1175 1406 1204 1431 et
1217 1403 1374 1431 affectione
1393 1402 1497 1436 animi,
1513 1410 1581 1439 quae
1593 1402 1688 1431 teneri
1700 1403 1786 1439 231

998 1448 1037 1477 ab
1053 1449 1099 1476 his
1112 1449 1231 1482 debeat,
1248 1448 1300 1484 qui
1325 1448 1460 1476 studium
1485 1455 1576 1476 suum
1600 1447 1746 1476 adhibent
1757 1447 1790 1475 in

999 1493 1216 1522 conservandis
1229 1493 1388 1530 praeceptis
1403 1493 1464 1521 Dei.

965 1541 997 1567 19
1017 1540 1057 1566 De
1071 1538 1173 1575 iis,qui
1183 1538 1258 1566 alios
1266 1537 1498 1574 impediunt,vel
1508 1537 1547 1565 ab
1555 1537 1620 1565 aliis
1630 1537 1689 1573 ipsi
1697 1537 1791 1574 impe-

998 1583 1132 1618 diuntur,
1141 1583 1304 1621 quominus
1310 1583 1393 1611 obire
1403 1582 1522 1619 possint
1533 1582 1714 1610 mandatum
1729 1582 1790 1610 Dei.

963 1630 998 1656 20
1017 1628 1058 1656 De
1074 1627 1268 1664 baptismate,
1282 1629 1311 1655 et
1325 1635 1392 1664 quae
1408 1626 1531 1656 sitratio
1547 1629 1576 1655 et
1588 1626 1681 1655 virtus
1695 1626 1791 1663 bapti-

1000 1673 1115 1702 smatis.

964 1720 993 1745 2t
1019 1719 1058 1745 De
1073 1718 1286 1746 communione
1301 1716 1436 1753 corporis
1451 1717 1480 1745 et
1494 1716 1652 1752 sanguinis
1668 1716 1789 1751 Christi,

1000 1764 1028 1790 et
1042 1770 1109 1798 quae
1124 1762 1162 1789 sit
1175 1762 1251 1790 ratio
1264 1762 1355 1797 hujus
1371 1761 1563 1789 sacramenti.
1593 1767 1596 1770 λ

964 1806 998 1833 22
1019 1804 1178 1838 Quomodo
1193 1804 1340 1832 alienatur
1353 1803 1462 1840 aliquis
1476 1811 1495 1832 a
1507 1804 1579 1838 Deo,
1595 1803 1790 1839 quomodove

999 1850 1068 1878 item
1097 1849 1283 1878 conciliatur.

964 1897 997 1924 23
1019 1895 1058 1922 De
1072 1894 1119 1928 iis,
1136 1894 1197 1931 qui,
1214 1902 1276 1931 prae
1293 1893 1387 1922 animi
1397 1892 1587 1930 impotentia,
1601 1892 1634 1921 in
1647 1900 1685 1922 ea
1697 1893 1788 1922 etiam

999 1949 1068 1978 quae
1083 1940 1222 1975 oderunt,
1236 1941 1362 1976 peccata
1374 1938 1588 1975 prolabuntur.

963 1988 997 2014 24
1017 1987 1058 2014 De
1072 1985 1231 2013 mendacio
1242 1987 1271 2013 et
1285 1984 1418 2012 veritate.

963 2034 996 2059 25
1019 2033 1057 2059 De
1071 2030 1168 2059 inutili
1183 2032 1272 2066 atque
1282 2029 1378 2057 otioso
1389 2036 1537 2063 sermone,
1553 2028 1652 2065 deque
1670 2028 1788 2057 utilium

999 2078 1028 2104 et
1042 2075 1246 2104 studiosorum
1274 2082 1451 2102 sermonum
1473 2081 1528 2102 usu
1550 2082 1585 2102 ac
1600 2073 1787 2102 tractatione.

109 2121 143 2152 ις’
156 2122 221 2158 Περὶ
233 2124 280 2147 τοῦ
296 2118 350 2146 δεῖν
365 2120 516 2157 κεχρῆσθαι
530 2122 631 2157 πρῶτον
646 2119 691 2155 μὲν
706 2122 760 2149 ταῖς
786 2118 836 2145 ἀπὸ
860 2122 908 2146 τῶν

974 2122 997 2148 t6
1018 2120 1106 2153 Quod
1116 2120 1155 2148 ad
1166 2127 1201 2148 ea
1211 2119 1503 2155 conﬁrmanda,quaa
1514 2127 1533 2147 a
1542 2118 1631 2146 nobis
1641 2118 1690 2146 vel
1699 2118 1784 2153 ﬁunt,

145 2169 251 2203 Γραφῶν
266 2167 425 2202 μαρτυρίαις
435 2164 493 2200 (44)
507 2164 544 2194 εἰς
558 2165 687 2190 σύστασιν
701 2168 750 2190 τῶν
765 2165 826 2202 παρ’
837 2165 909 2200 ἡμῶν

145 2212 284 2247 γινομένων
296 2210 310 2240 ἦ
321 2210 470 2247 λεγομένων,
487 2210 575 2235 ἔπειτα
588 2206 618 2235 δὲ
627 2211 672 2235 καὶ
686 2213 738 2239 τοῖς
751 2208 774 2235 ἐν
789 2213 819 2245 τῇ
833 2218 911 2239 συνη-

148 2256 203 2291 θείᾳ
217 2255 424 2292 γνωριζομένοις,

111 2299 150 2330 ιζ
166 2303 229 2337 Περὶ
244 2304 291 2331 τῆς
306 2301 370 2336 πρὸς
383 2300 446 2326 Θεὸν
461 2300 583 2336 καὶπρὸς
597 2299 657 2330 τοὺς
672 2298 761 2334 ἁγίους
775 2299 844 2324 κατὰ
859 2297 909 2324 6‘23—

146 2355 222 2381 ναμιν
235 2344 421 2381 ἐξομοιώσεως.

111 2389 150 2419 κη’
165 2393 227 2427 Περὶ
238 2394 283 2416 τοῦ
297 2388 460 2427 διακριτικὸν
472 2387 536 2415 εἶναι
547 2390 605 2426 περὶ
614 2392 663 2414 τῶν
678 2387 781 2425 ἀγαθῶν
797 2387 908 2427 ἀνδρῶν,

146 2437 192 2461 καὶ
207 2439 258 2461 τῶν
273 2433 403 2461 ἐναντίων.

111 2479 149 2506 x’l'
161 2482 224 2516 Περὶ
239 2483 295 2516 τοῦ,
311 2482 377 2515 ποίῳ
392 2480 480 2516 τρόπῳ
490 2479 519 2505 τὸ
535 2477 685 2515 ἐπάγγελμα
695 2478 790 2505 ἑαυτῶν
801 2480 909 2506 πιστού-

146 2526 223 2562 μιθα.

147 2614 204 2648 (Η)
218 2615 289 2650 Reg.
305 2613 409 2650 tertius
424 2612 581 2650 ειῖαρέστοις,
597 2615 642 2639 καὶ
657 2612 763 2644 ἑαυτοὺς
777 2615 814 2650 μὴ
840 2612 911 2650 διορ-

113 2651 237 2678 θούντων.
254 2649 339 2683 Illud,
364 2652 409 2675 καὶ
433 2649 549 2683 ἑαυτούς,
574 2649 605 2677 in
627 2651 753 2685 utraque
778 2649 910 2677 editione

112 2685 208 2758 ᾳθῗῖίῇ
223 2721 301 2748 Editi
320 2724 372 2746 τῶν
384 2722 456 2758 παρὰ
470 2723 514 2750 τὴν
530 2720 644 2751 Moliri-1.
670 2720 792 2757 Antiqui
807 2723 866 2749 tres
880 2720 912 2749 li-

113 2757 159 2785 bri
169 2762 221 2783 τῶν
232 2759 293 2794 περὶ
305 2758 363 2785 τήν.

150 2794 204 2829 (43)
218 2790 291 2828 Reg.
305 2792 408 2822 tertius
423 2790 535 2830 δύναμις
549 2796 594 2820 τοῦ
616 2793 693 2830 ἁγίου
717 2792 912 2830 βαπτίσματος.

1000 2165 1045 2193 vel
1059 2165 1210 2198 dicuntur,
1235 2163 1367 2200 primum
1386 2163 1485 2199 petitis
1507 2162 1543 2190 de
1559 2162 1670 2191 sanctis
1683 2162 1787 2190 litteris

999 2209 1175 2238 testimoniis
1191 2209 1337 2236 utendum
1359 2208 1404 2243 sit,
1426 2207 1535 2235 deinde
1549 2207 1585 2235 iis
1599 2207 1702 2240 etiam,
1718 2214 1786 2243 quin

1000 2255 1031 2284 in
1046 2254 1202 2283 communi
1213 2253 1280 2282 vitae
1295 2252 1512 2282 consuetudine
1524 2255 1597 2281 nota
1611 2254 1690 2281 sunt.

963 2303 996 2329 27
1018 2300 1104 2334 Quod
1113 2307 1168 2336 pro
1179 2299 1290 2327 viribus
1300 2298 1475 2326 enitendum
1486 2297 1575 2326 nobis
1586 2299 1641 2332 est,
1652 2299 1685 2325 ut
1693 2305 1787 2334 quam

999 2345 1143 2374 simillimi
1157 2346 1216 2372 Deo
1230 2345 1259 2371 et
1274 2343 1387 2371 sanctis
1400 2343 1465 2378 ejus
1481 2342 1587 2370 simus.

964 2391 998 2418 28
1017 2389 1103 2422 Quod
1119 2389 1308 2425 perspicaces
1330 2396 1396 2416 esse
1418 2388 1565 2415 debemus
1580 2389 1607 2416 et
1620 2387 1741 2416 discreti
1754 2387 1786 2416 in

998 2433 1141 2462 habendo
1156 2433 1306 2461 bonorum
1318 2434 1346 2461 et
1362 2432 1511 2461 malorum
1524 2432 1651 2460 delectu.

963 2481 998 2507 29
1017 2480 1082 2512 Qua
1107 2478 1221 2506 ratione
1244 2477 1360 2506 efﬁcere
1379 2478 1543 2514 possimus,
1558 2479 1591 2505 ut
1608 2475 1789 2514 professioni

1000 2526 1109 2552 nostrae
1125 2523 1333 2551 auctoritatem
1346 2530 1570 2560 comparemus.

966 2615 1031 2642 Mox
1044 2612 1127 2641 idem
1142 2612 1237 2641 codex
1252 2611 1298 2639 διὰ
1316 2614 1391 2639 τίνων
1407 2612 1549 2639 οἰκειοῦται
1567 2615 1635 2648 Θεῷ.
1658 2613 1721 2641 Vox
1742 2612 1789 2640 ul.

965 2650 1038 2677 tima
1051 2650 1081 2678 in
1097 2649 1184 2677 editis
1197 2648 1438 2676 desiderabatur.

1002 2687 1059 2719 (45.)
1075 2686 1145 2719 Reg.
1171 2685 1322 2712 secundus
1346 2687 1374 2711 et
1398 2686 1525 2720 utraque
1546 2682 1636 2711 editio
1660 2685 1787 2720 ré;.......

966 2723 1121 2757 μαρτυρίας.
1138 2720 1192 2748 Alii
1206 2720 1267 2748 duo
1283 2728 1355 2753 mss,
1371 2719 1510 2757 τιιιῖς....ξἶῖ
1523 2721 1689 2757 μαρτυρίαις.
1700 2719 1789 2757 Paulo

966 2755 1035 2794 post
1048 2755 1118 2794 Reg.
1133 2757 1234 2794 tertius
1250 2759 1375 2794 περὶτοῦ,
1389 2765 1465 2792 ποιῳ.
1481 2755 1567 2791 Illud,
1578 2758 1637 2792 περὶ
1652 2759 1708 2789 τοῦ,
1718 2755 1789 2782 dee-

965 2794 1013 2821 rat
1022 2792 1052 2820 in
1064 2792 1203 2828 vulgatis.
