2049 3131
247 129 298 158 695

247 193 282 220 30
302 192 342 220 De
353 190 468 220 honore
481 190 625 219 habendo
639 190 729 218 rebus
745 189 926 218 consecratis
946 190 1016 217 Deo.

247 239 279 265 31
302 238 342 265 De
356 245 416 265 usu
429 244 529 265 rerum
544 244 613 272 quae
629 236 741 265 sanctis
754 237 824 263 sunt
838 234 998 263 attributae.

247 283 282 309 32
302 282 341 309 De
356 281 463 309 debitis
477 283 505 309 et
518 280 785 317 persolutionibus.

248 328 281 355 33
303 328 342 354 De
354 326 389 355 iis
399 327 452 363 qui
474 325 550 354 alios
576 325 791 360 scandalizent,
815 324 861 353 vel
881 323 1002 353 aliunde
1015 323 1074 360 ipsi

284 371 539 399 scandalizantur.
803 375 805 377 ‘

248 417 283 444 34
297 415 384 448 Quod
401 415 510 444 debeat
525 415 736 452 unusquisque
750 422 806 452 pro
821 413 946 442 modulo
963 414 1074 442 virium

286 468 410 488 suarum
436 461 594 497 exemplar
617 467 648 488 se
670 459 709 488 ad
733 467 779 488 res
803 459 947 488 honestas
961 458 1075 487 caeteris

283 505 430 543 praebere.

251 553 284 579 35
304 551 344 578 De
358 551 393 577 iis
407 550 459 586 qui
473 557 520 578 res
534 549 678 578 honestas
693 557 728 578 ac
742 549 841 577 bonas
855 549 1038 584 vituperant.

251 597 286 623 36
305 595 344 623 De
355 595 469 623 honore
484 597 512 622 et
523 595 616 623 animi
633 594 837 632 propensione
855 601 928 629 erga
942 594 1074 620 sanctos.

252 641 286 668 37
303 640 343 668 De
357 639 392 667 iis
407 639 460 675 qui
471 639 502 667 in
517 639 609 667 rebus
623 639 746 667 minutis
767 638 902 666 studium
919 645 1007 665 suum
1023 636 1076 665 ad-

288 684 394 713 hibent
406 692 460 720 pro
475 684 616 712 facultate
631 692 699 712 sua.

254 731 288 758 38
310 728 467 762 Quomodo
473 727 853 764 accipienditractandique
862 728 920 755 sint
929 726 1076 762 hospites,

254 775 288 802 39
309 776 349 802 De
359 773 500 801 ﬁrmitate
509 773 715 801 etconstantia
726 772 821 801 animi
832 772 862 800 in
871 771 1025 800 scandalis
1035 778 1079 799 re-

290 818 423 846 tinenda.

254 863 289 891 40
307 863 348 890 De
362 863 397 890 iis
412 862 464 899 qui
478 863 562 891 aliter
574 862 693 891 docent.

255 908 286 936 41
309 907 395 940 Quod
407 907 504 936 excidi
514 907 635 940 debent.
646 907 698 943 qui
711 909 850 935 auctores
863 905 1078 934 scandalorum

292 955 373 987 sunt,
389 954 418 980 et
445 951 530 989 quod
550 960 618 980 cum
637 951 855 980 inﬁrmioribus
874 953 1038 988 temperate
1053 953 1081 979 et

290 997 482 1033 indulgenter
496 999 540 1025 est
552 997 717 1032 agendum.

256 1044 290 1071 42
310 1044 350 1071 De
370 1051 405 1070 eo
424 1041 508 1078 quod
531 1041 676 1069 Dominus
696 1040 808 1069 venerit
830 1040 869 1069 ad
893 1040 1081 1077 implendam

290 1087 400 1122 legem.

255 1133 290 1161 43
311 1132 399 1168 232
410 1132 449 1159 De
460 1130 710 1159 diﬁ‘erentiainter
720 1130 866 1159 mandata
875 1129 951 1166 legis
959 1132 987 1158 et
997 1137 1081 1158 man-

292 1177 363 1206 data
373 1176 534 1212 Evangelii.

256 1223 290 1251 44
310 1221 396 1255 Quod
410 1230 488 1250 onus
502 1221 620 1249 Domini
634 1221 699 1249 leve
715 1221 761 1256 sit,
782 1223 810 1249 et
824 1220 906 1258 quod
922 1222 1080 1257 peccatum

291 1274 392 1302 grave.

254 1313 288 1340 45
309 1313 349 1339 De
367 1310 537 1347 aequalitate
561 1311 591 1338 in
613 1311 782 1339 honoribus
804 1310 966 1344 servanda,
992 1312 1020 1338 et
1043 1310 1080 1338 de

291 1356 508 1384 summissione
521 1355 624 1389 animi,
641 1355 704 1383 sive
719 1355 898 1384 humilitate.

255 1401 289 1429 46
310 1401 349 1428 De
358 1399 456 1429 studio
467 1402 545 1428 recte
555 1400 704 1428 factorum
717 1400 868 1436 majorum
879 1402 908 1428 et
916 1399 1078 1428 minorum.

252 1493 287 1521 47
308 1493 347 1520 De
360 1491 471 1520 divitiis
485 1493 513 1519 et
531 1493 719 1528 paupertate,
731 1493 758 1519 et
769 1491 806 1519 de
821 1491 857 1518 iis
873 1498 940 1527 qute
955 1490 1004 1518 his
1015 1497 1080 1518 esse

289 1537 385 1565 solent
399 1536 543 1572 adjuncta
557 1539 586 1564 et
595 1538 834 1572 consequuntur.

253 1584 287 1610 48
308 1583 347 1610 De
369 1582 568 1610 beneﬁcentia
582 1582 613 1609 in
628 1581 749 1617 fratres,
764 1583 793 1609 et
813 1581 896 1617 quod
919 1582 1080 1617 propterea.

289 1634 367 1662 opus
378 1625 552 1654 faciendum
563 1626 610 1654 sit.

252 1673 287 1699 49
309 1672 348 1698 De
361 1671 405 1707 iis,
422 1671 517 1707 quiin
538 1671 653 1707 judicio
677 1671 883 1707 experiuntur,
908 1678 944 1699 ac
963 1670 1081 1707 litigant

290 1718 318 1744 et
334 1715 451 1752 seipsos
466 1715 640 1751 defendunt,
656 1715 704 1744 vel
715 1715 808 1744 etiam
824 1715 911 1745 alios.

254 1761 288 1789 50
308 1762 348 1789 De
361 1769 436 1797 pace
448 1763 477 1788 et
491 1760 711 1797 paciﬁcatione.

254 1808 284 1833 51
308 1805 483 1840 Cujusmodi
492 1813 556 1833 esse
565 1805 674 1833 debeat
681 1805 717 1840 is,
727 1805 778 1842 qui
787 1805 960 1842 proximum
968 1804 1080 1833 nitatur

289 1851 448 1885 corrigere.

253 1897 287 1923 52
307 1895 346 1923 De
357 1902 485 1923 maerore
500 1894 694 1931 suscipiendo
709 1903 812 1923 eorum
828 1903 931 1928 causa,
948 1894 999 1931 qui
1009 1903 1079 1931 pec-

288 1942 368 1973 cant,
392 1939 585 1976 quomodove
610 1948 680 1967 cum
709 1939 768 1967 illis
798 1939 1077 1975 congrediendum:

288 1983 412 2021 quando
427 1983 610 2019 defugiendi.
627 1984 812 2021 quandoque
824 1985 895 2012 item
908 1985 939 2012 in
952 1992 1079 2012 consor—

288 2028 364 2056 tium
376 2037 445 2056 cum
460 2029 574 2056 caneris
588 2028 763 2065 recipiendi.

253 2075 286 2102 53
307 2073 394 2107 Quod
414 2074 451 2101 sit
465 2074 739 2110 eorumjudicium,
752 2074 804 2110 qui
818 2074 996 2109 iniuriarum
1016 2083 1078 2104 me-

289 2118 417 2146 moriam
429 2118 567 2151 retinent,
579 2127 646 2155 quae
659 2119 716 2146 sibi
727 2118 818 2146 fuisse
832 2118 970 2146 videntur
980 2119 1078 2148 illatae.
1097 2122 1118 2149 D

254 2164 288 2191 54
309 2163 1078 2200 Dejudicio,etjudiciisuspensioneveldiscretione.

254 2210 287 2235 55
308 2209 347 2235 De
363 2208 520 2236 affet-tione
536 2209 628 2236 animi
650 2216 722 2243 erga
744 2212 848 2238 l‘eum.
862 2209 1079 2245 quomodoque

290 2252 355 2287 ejus
379 2252 528 2281 beneﬁcia
551 2253 716 2290 praedicare
737 2253 894 2286 debemus,
920 2257 948 2281 et
971 2261 1025 2289 pro
1044 2254 1080 2281 iis

291 2297 401 2330 gratias
411 2305 510 2332 agere.

255 2343 288 2369 56
309 2342 348 2368 De
361 2342 507 2376 oratione,
523 2345 552 2370 et
566 2343 703 2378 quando,
720 2342 844 2379 etquid,
858 2345 887 2370 et
897 2343 1066 2379 quomodo,

291 2388 319 2413 et
334 2393 388 2421 pro
400 2386 511 2422 quibus
526 2388 676 2415 orandum
691 2388 736 2415 sit.

256 2433 288 2458 57
310 2431 349 2458 De
359 2430 487 2458 elatione
500 2432 604 2466 animi,
617 2441 685 2467 quae
696 2440 731 2459 ex
745 2435 823 2459 recte
834 2432 920 2460 factis
931 2434 1075 2461 nascitur.

256 2476 289 2503 58
310 2476 348 2502 De
373 2476 568 2511 acquisitione
583 2476 734 2504 donorum
751 2477 810 2511 Dei,
825 2480 853 2505 et
868 2477 902 2504 de
917 2485 1022 2505 eorum
1046 2478 1077 2505 in

290 2520 366 2548 alios
380 2520 664 2549 communicatione.

255 2566 288 2592 59
309 2565 348 2591 De
361 2565 475 2593 honore
490 2568 519 2592 et
530 2565 625 2600 gloria
636 2565 789 2594 humanis.

254 2610 289 2636 60
308 2609 347 2636 De
353 2609 520 2639 differentia
525 2611 675 2638 donorum
681 2610 852 2639 divinorum
858 2633 864 2645 ,
870 2612 968 2649 deque
974 2620 1078 2640 eorum

361 2699 492 2735 Utraque
518 2699 608 2728 editio
631 2702 690 2736 περὶ
716 2705 763 2732 τῆς
787 2701 811 2727 ἐν
837 2705 890 2732 τοῖς
919 2700 1075 2733 σκανδάλοις

253 2737 433 2763 στερρότητος.
455 2736 524 2763 Reiz.
541 2736 644 2763 tertius
656 2739 714 2763 περὶ
728 2742 776 2763 τῆς
791 2737 814 2763 έν
830 2741 884 2763 τοῖς
898 2737 985 2763 καλοῖς
1001 2737 1072 2763 πού.

287 2743 433 2770 ιρροτητος.
455 2739 524 2770 Reg.
541 2739 644 2764 tertius
656 2739 714 2772 περὶ
728 2742 776 2769 τῆς
791 2739 814 2764 ἐν
830 2741 884 2768 τοῖς
898 2739 985 2768 καλοῖς
1001 2739 1072 2775 στερ.

287 2771 343 2806 (46)
355 2771 425 2807 Reg.
442 2771 548 2799 tertius
564 2771 742 2809 ἐντυγχάνειν.

937 126 966 155 S.
992 125 1117 154 BASILlI
1134 126 1244 155 MAGNl

1876 127 1932 156 69G

1086 189 1113 218 Α
1127 188 1147 215 λ’
1163 191 1225 226 Περὶ
1239 193 1319 226 τιμῆς
1334 189 1508 226 ἀναθημάτων
1519 192 1596 216 Θιοῦ.

1127 233 1164 259 λα’
1180 236 1242 270 [lupi
1257 237 1378 272 χρήσεως
1391 238 1442 260 τῶν
1462 238 1516 265 ταῖς
1531 233 1610 270 ἁγίοις
1626 232 1819 271 ἀφωρισμενων.

1186 281 1247 316 Περὶ
1262 284 1347 317 χρεῶν
1358 281 1402 305 καὶ
1417 277 1577 306 ὰποδόσεων,

1128 323 1166 359 λγ’
1180 325 1242 361 Περὶ
1256 322 1483 354 σκανδαλιζόντων
1499 326 1543 350 καὶ
1558 322 1810 360 σκανδαλιζομένων.

1128 411 1168 439 ἰδ’
1188 415 1251 450 Περὶ
1266 417 1311 439 τοῦ
1327 411 1381 440 δεῖν
1396 414 1504 440 ἕκαστον
1517 413 1541 439 ὲν
1554 417 1590 449 τῷ
1609 411 1668 450 ἰδίῳ
1683 415 1768 451 μέτρῳ
1783 415 1863 442 τύπον
1878 419 1929 442 τῶν

1164 457 1248 484 καλῶν
1262 459 1419 495 προκεῖσθαι
1434 462 1486 488 τοῖς
1498 458 1594 489 ἄλλοις.

1129 549 1162 576 λς’
1177 551 1238 587 Περὶ
1249 554 1298 576 τῶν
1317 551 1350 576 τὰ
1364 549 1431 576 καλὰ
1445 549 1630 586 φαυλιζὸντων,

1129 594 1163 625 λς’
1179 597 1240 632 Περὶ
1253 599 1298 625 τῆς
1312 595 1345 625 εἰς
1356 597 1415 625 τοὺς
1430 595 1519 630 ἁγίους
1529 598 1608 631 τιμῆς
1619 595 1664 620 xui
1680 593 1830 624 διαθέσεως·

1130 639 1169 670 λζ
1183 642 1246 677 Περὶ
1259 643 1308 665 τῶν
1322 639 1398 675 ὀλίγα
1409 641 1476 666 κατὰ
1496 638 1608 675 δύναμιν
1623 640 1851 676 προθυμουμένων.

1131 728 1170 757 λη’
1181 728 1269 760 Ὀπως
1283 731 1337 766 χρὴ
1354 727 1516 760 δεξιοῦσθαι.

1132 773 1169 800 λθ
1185 777 1246 812 Περί
1261 778 1307 805 τῆς
1324 773 1348 800 ἐν
1362 778 1415 805 τοῖς
1432 773 1586 804 σκανδάλοις
1602 774 1767 811 στερρότητος
1783 775 1850 811 (45).

1093 868 1115 895 Β
1133 864 1158 901 μ’
1173 866 1236 902 Περὶ
1246 862 1558 902 ἑτεροδιδασκαλούντων.

1135 909 1176 946 μα’
1192 912 1254 946 Περὶ
1269 909 1383 940 ἐκκοπῆς
1396 914 1445 936 τῶν
1462 908 1698 943 σκανδαλιζόντων,
1715 920 1759 936 και
1770 908 1870 947 φειδοῦς
1880 913 1929 935 τῶν

1170 953 1370 992 ἀσθενεστέρων.

1136 1043 1182 1080 μβ
1193 1046 1255 1081 Περὶ
1268 1047 1313 1070 τοῦ
1326 1045 1367 1070 τόν
1382 1045 1476 1081 Κύριον
1489 1043 1530 1070 ἐπὶ
1540 1047 1576 1079 τῷ
1586 1044 1725 1082 πληρῶσαι
1735 1045 1778 1072 τὸν
1791 1046 1867 1082 νόμον
1879 1044 1932 1074 ἐλη-

1171 1088 1273 1114 λυθέναι

1136 1131 1178 1168 μγ⁴
1194 1133 1257 1168 Περὶ
1273 1130 1400 1169 διαφορᾶς
1415 1131 1519 1158 ἐντολῶν
1535 1135 1580 1158 τοῦ
1593 1134 1672 1169 νόμον
1687 1135 1732 1159 καὶ
1751 1136 1797 1159 τοῦ
1821 1133 1934 1169 Εὖαγγι-

1171 1176 1236 1204 λίου.

1136 1220 1180 1258 po"
1194 1222 1255 1248 Ὀτι
1270 1221 1377 1258 ἐλαφρὸν
1392 1223 1421 1248 τὸ
1437 1225 1482 1248 τοῦ
1499 1224 1596 1258 Κυρίου
1610 1223 1723 1260 φορτίον,
1741 1221 1836 1258 βαρεῖα
1860 1221 1890 1250 ὃὲ
1916 1223 1931 1252 ἡ

1171 1266 1297 1303 ἁμαρτία.

1135 1311 1172 1348 με’
1188 1314 1250 1349 Περὶ
1265 1311 1397 1348 ἰσοτιμίας
1411 1313 1455 1337 καὶ
1471 1312 1715 1349 ταπεινοφροσύνης.

1134 1401 1172 1439 μς’
1187 1403 1249 1438 Περὶ
1265 1399 1383 1432 σπονδῆς
1395 1401 1602 1438 κατορθωμάτων
1614 1401 1738 1437 μειζόνων
1754 1401 1769 1430 ἢ
1786 1400 1932 1429 ἐλαττόνων.

1135 1492 1178 1528 μζ
1194 1495 1255 1529 Περὶ
1269 1491 1382 1518 πλούτου
1396 1493 1442 1517 καὶ
1457 1493 1601 1527 πτωχείας,
1622 1492 1667 1517 καὶ
1680 1494 1729 1517 τῶν
1742 1492 1841 1522 τούτοις
1851 1502 1932 1530 παρε-

1170 1547 1204 1564 πο
1206 1539 1296 1574 μένων.

1135 1582 1178 1619 μή
1194 1584 1255 1620 Περὶ
1270 1585 1317 1612 τῆς
1331 1581 1366 1613 εἰς
1381 1583 1442 1612 τοὺς
1457 1579 1580 1618 ἀδελφοὺς
1596 1580 1722 1616 εὐποιίας,
1743 1582 1787 1607 καὶ
1815 1586 1863 1613 τῆς
1887 1580 1933 1609 διὰ

1170 1628 1267 1656 ταύτην
1283 1626 1416 1664 ἐργασίας.

1134 1672 1176 1709 μα’
1192 1675 1255 1710 Περὶ
1270 1670 1444 1708 δικαζομένου
1467 1673 1512 1698 καὶ
1537 1669 1700 1702 ἐκδικοῦντος
1725 1670 1825 1707 ἑαυτὸν,
1847 1671 1861 1701 ἦ
1888 1674 1933 1698 xui

1170 1719 1263 1754 ἕτερον.

1133 1761 1153 1787 ν’
1167 1763 1230 1799 Περὶ
1245 1761 1346 1799 εἰρήνης
1362 1764 1407 1787 καὶ
1423 1761 1606 1799 εἰρηνοποιίας.

1134 1806 1170 1833 ναί
1186 1808 1303 1838 Ποταπός
1320 1806 1412 1845 ᾆγείλει
1434 1805 1499 1832 εἶναι
1521 1806 1533 1832 ὁ
1557 1808 1601 1832 τὸν
1624 1806 1735 1836 πλησίον
1759 1804 1931 1845 διορθοῦσθαι

1169 1854 1333 1888 πειρώμενος.

1134 1895 1173 1932 νβ’
1194 1898 1256 1933 Περὶ
1270 1900 1316 1926 τῆς
1329 1894 1370 1921 ἐπὶ
1384 1899 1436 1925 τοῖς
1456 1895 1636 1933 ἁμαρτάνουσι
1649 1895 1740 1929 λύπης,
1752 1898 1796 1922 xui
1810 1897 1877 1927 ὅπως
1888 1896 1930 1922 αὖ·

1169 1944 1223 1971 τοῖς
1237 1941 1426 1976 συντυγχάνειν
1442 1940 1499 1975 (46)
1513 1943 1568 1977 χρή
1583 1961 1589 1968 .
1606 1943 1650 1966 καὶ
1664 1943 1727 1967 ποτε
1749 1941 1841 1972 αὐτοὺς
1870 1940 1931 1968 ἁπο-

1171 1985 1337 2022 στρέφεσθαι,
1351 1985 1365 2014 ἡ
1378 1986 1441 2011 πότε
1456 1983 1667 2022 προσδέχεσθαι.

1133 2073 1170 2110 η’
1182 2076 1214 2100 Τί
1228 2076 1256 2100 τό
1272 2077 1354 2112 κρῖμα
1367 2077 1416 2100 τῶν
1429 2072 1466 2110 ἐφ’
1480 2073 1516 2104 οἷς
1531 2072 1622 2106 ἔδοξαν
1638 2072 1790 2101 ἀδικεῖσθαι
1803 2075 1860 2111 (47)
1869 2085 1930 2112 μνη-

1170 2121 1355 2146 σικακούντων.

1133 2164 1171 2192 νδ’
1187 2169 1249 2203 Περὶ
1264 2170 1309 2192 τοῦ
1322 2168 1426 2202 κρίνειν,
1439 2169 1483 2193 καὶ
1496 2168 1554 2202 περὶ
1570 2169 1615 2192 τοῦ
1631 2164 1823 2204 διακρίνεσθαι.

1134 2210 1164 2236 νε’
1180 2213 1242 2246 Περὶ
1258 2209 1397 2241 ὃιαθέσιως
1410 2213 1454 2237 καὶ
1469 2210 1609 2246 ὁμολογίας
1623 2215 1672 2236 τῶν
1693 2215 1737 2236 τοῦ
1763 2215 1829 2237 Θεοῦ
1853 2221 1930 2250 χαρι-

1171 2257 1284 2292 σμάτων,
1301 2258 1345 2282 καὶ
1361 2260 1407 2288 τῆς
1423 2255 1462 2282 ἐπ’
1475 2256 1564 2287 αὐτοῖς
1578 2255 1759 2293 εὐχαριστίας,

1133 2345 1166 2376 νς’
1182 2348 1243 2381 Περὶ
1256 2350 1419 2383 προσευχῆς,
1433 2348 1478 2371 καὶ
1492 2348 1563 2378 πότε,
1580 2348 1625 2371 καὶ
1636 2347 1671 2379 τί,
1683 2347 1728 2372 καὶ
1737 2350 1799 2379 πῶς,
1811 2349 1857 2373 καὶ
1867 2347 1928 2384 ῠπὶρ

1168 2392 1236 2421 τίνος
1251 2391 1447 2427 προσεύχεσθαι
1463 2388 1514 2417 δεῖ.

1131 2434 1169 2464 vi"
1184 2437 1245 2470 Περὶ
1261 2439 1306 2465 τῆς
1322 2433 1363 2460 ἐπὶ
1379 2439 1432 2464 τοῖς
1446 2436 1646 2472 κατορθώμασιν
1662 2434 1803 2472 ἓπάρσιως.

1131 2478 1168 2508 νη’
1182 2481 1243 2515 Περὶ
1255 2482 1369 2510 κτήσεως
1384 2481 1558 2516 χαρισμάτων
1572 2484 1649 2511 Θεοῦ,
1670 2484 1714 2507 καὶ
1734 2479 1909 2517 μεταδόσεως.

1132 2568 1170 2594 νθ¹
1183 2570 1244 2604 Περὶ
1258 2572 1337 2604 τιμῆς
1351 2571 1396 2594 καὶ
1410 2567 1487 2599 δόξης
1503 2568 1676 2605 ἀνθρωπίνης,

1133 2612 1152 2645 ξ
1176 2615 1237 2649 Περὶ
1261 2611 1388 2650 διαφορᾶς
1416 2615 1589 2651 χαρισμάτων
1631 2618 1708 2648 Θεοῦ,
1749 2617 1794 2642 xui
1825 2625 1927 2652 συμφω-

1164 2702 1221 2736 (47)
1244 2703 1316 2737 Reg.
1345 2702 1447 2741 tertius
1471 2701 1562 2735 ἔδοξαν
1587 2703 1744 2741 ᾑδικῆσθαι.
1768 2705 1926 2741 Aliquanto

1129 2741 1199 2774 past
1214 2740 1341 2782 utraque
1350 2738 1440 2782 editio
1460 2742 1504 2766 καὶ
1519 2744 1564 2766 τοῦ
1581 2739 1771 2780 διακρίνεσθαι,
1791 2738 1847 2769 Alii
1866 2741 1926 2769 duo

1128 2781 1203 2804 mss.
1222 2783 1267 2800 και
1281 2783 1340 2811 rupi
1354 2781 1411 2802 rw.
