2049 3131
785 121 970 151 MORALIUM
993 123 1108 152 INDEX.
1731 120 1784 148 B98

991 185 1068 213 inter
1083 193 1113 213 se
1134 185 1305 220 concordia,
1329 183 1382 222 qui
1401 183 1432 213 in
1453 183 1499 212 his
1521 182 1708 222 praecellunt,
1734 181 1784 210 vel

995 230 1086 259 etiam
1101 230 1256 260 inferiores
1277 233 1356 258 sunt.

957 277 987 305 61
1009 277 1048 303 De
1067 276 1185 312 abjecta
1200 275 1370 304 conditione
1383 275 1419 311 (si
1433 277 1466 303 ut
1480 274 1618 303 homines
1628 272 1784 310 respicias)

992 329 1098 349 eorum
1112 322 1163 358 qui
1180 321 1349 358 suscipiunt
1365 321 1490 356 gratiam
1507 320 1566 348 Dei.

958 367 991 393 62
1006 367 1045 394 De
1058 366 1286 399 tentationibus,
1297 368 1325 394 et
1335 365 1459 402 quando
1470 365 1505 392 iis
1518 363 1683 392 concedere
1695 370 1784 399 opor-

993 412 1063 442 teat,
1080 413 1108 438 et
1120 414 1245 448 quando
1259 411 1330 439 item
1346 410 1490 445 resistere,
1510 407 1704 447 quomodove
1730 406 1782 434 ad-

992 455 1132 483 versariis
1145 463 1311 484 occurrere.

958 503 991 529 63
1008 502 1048 529 De
1061 501 1167 529 timore
1181 501 1227 529 vel
1244 500 1338 529 animi
1354 499 1514 536 praesentia
1532 499 1563 527 in
1578 497 1726 535 periculis.

958 547 992 574 64
1012 546 1051 573 De
1064 545 1174 580 Iustitia,
1186 553 1280 582 quam
1295 545 1407 574 habere
1425 544 1571 571 debemus
1592 543 1622 570 in
1641 542 1688 578 iis,
1713 549 1781 578 quae

993 590 1097 618 Christi
1114 598 1208 618 causa
1223 589 1418 618 incommoda
1431 588 1625 616 sustinemus.

958 637 989 664 65
1005 636 1163 669 Quomodo
1174 635 1204 663 in
1214 635 1281 671 ipso
1291 634 1381 662 etiam
1392 636 1526 662 extremo
1532 632 1598 661 vitae
1606 630 1688 660 exitu
1695 637 1781 658 orare

992 688 1048 708 nos
1063 680 1232 708 conveniat.

957 727 990 754 66
1005 727 1045 754 De
1061 725 1096 753 iis
1118 725 1170 761 qui
1193 732 1244 753 eos
1269 723 1420 757 deserunt,
1443 722 1496 759 qui
1513 730 1568 759 pro
1590 721 1782 750 defendenda

991 770 1100 807 pietate
1116 769 1280 798 certamina
1292 767 1470 804 suscipiunt,
1481 767 1613 802 itemque
1623 766 1661 794 de
1676 765 1782 802 iis,qui

992 822 1043 842 eos
1058 814 1215 850 adjuvant.

918 863 940 890 B
956 861 988 887 67
1005 861 1044 887 De
1058 859 1092 887 iis
1108 860 1159 898 qui
1170 859 1362 888 morientium
1374 865 1465 886 causa
1481 857 1589 884 misere
1600 862 1729 884 maerore
1746 862 1780 883 se

992 905 1138 940 afﬂigunt.

956 952 989 979 68
1014 952 1052 979 De
1068 950 1154 986 233
1172 949 1350 983 differentia,
1364 957 1432 985 quae
1446 950 1492 976 est
1506 947 1583 976 inter
1594 946 1688 976 vitam
1700 945 1780 974 hanc

94 125 147 152 691

136 188 191 216 νίας
219 188 267 212 τῶν
292 183 318 211 ἓν
346 185 446 215 τούτοις
473 185 662 223 ὑπεριχόντων,
689 185 704 215 ἣ
738 184 900 213 ὕποϐεϐηκό-
915 183 941 211 Α

135 240 195 258 των.

101 275 137 307 ευτ’
153 276 220 314 Περὶ
238 279 282 305 τῆς
301 275 333 305 ὡς
357 274 381 301 ἰν
398 274 542 312 ἀνθρώποις
556 276 613 312 (48)
634 275 756 307 εὐτελείας
774 279 825 302 τῶν
835 275 902 301 ὑπο-

137 319 289 357 δεχομένων
308 321 355 349 τὴν
369 323 414 346 τοῦ
427 323 494 346 Θεοῦ
508 321 599 358 χάριν.

101 365 141 402 ξβ¹
163 368 229 403 Περὶ
250 369 411 403 πειρασμῶν,
434 367 479 392 καὶ
491 368 553 392 πότε
572 367 616 402 μὲν
644 366 826 403 ὑπαναχωρείν
851 363 901 399 δεῖ,

136 413 201 438 πότι
218 409 248 438 δὲ
268 410 432 445 ἐνίστασθαι,
452 413 497 437 καὶ
520 415 572 442 πῶς
599 414 651 442 τοῖς
672 411 797 443 ἐναντίοις
825 410 904 437 ἀπαν-

137 459 195 491 τᾷν.
650 452 659 459 ’

104 500 141 536 ἔν’
156 502 220 537 Περὶ
236 498 336 531 δειλίας
348 501 390 526 καὶ
408 500 522 537 θάρσους
541 500 565 526 ἓν
580 504 639 532 ταῖς
653 501 835 537 περιστάσεσι.

105 544 144 578 ξδ’
156 547 221 582 Περὶ
233 548 321 582 χαρᾶς
332 549 380 576 τῆς
400 544 425 571 ἐν
439 549 494 576 τοῖς
507 546 570 583 ὑπὲρ
583 549 700 582 Χριστοῦ
714 546 878 582 παθήμασιν.

111 635 140 668 Ei
152 635 239 666 Ὀπως
255 633 294 661 δεῖ
306 635 352 660 καὶ
367 633 392 660 ἐν
406 633 477 670 αύτῷ
492 638 528 670 τῷ
543 634 608 662 τέλει
622 636 830 672 προσεύχεσθαι.

108 724 147 757 Eg’
171 726 230 760 Περὶ
259 727 310 750 τῶν
336 723 610 761 ἰγκαταλιμπανόντων
638 726 698 756 τοὺς
736 726 797 763 ὑπὲρ
833 725 902 752 εὗσε-

140 768 206 799 ϐιίας
220 769 280 803 (49)
296 767 511 805 ἀγωνιζομένους,
524 771 569 796 καὶ
582 771 639 806 περὶ
650 773 700 796 τῶν
711 770 812 801 τούτοις
826 780 903 797 συνα-

136 813 327 849 γωνιξομένων,

103 857 137 892 ξζ’
152 860 216 898 Πιρὶ
228 862 281 885 τῶν
296 857 338 884 ἐπὶ
357 861 409 889 τοῖς
420 857 618 888 ἀποθνήσκουσι
636 858 811 897 λυπουμένων,

102 949 138 981 511'
158 951 222 987 Περὶ
238 947 367 986 διαφορᾶς
382 952 427 975 τοῦ
446 951 571 987 παρόντος
591 950 682 981 αἰῶνος
705 952 750 976 καὶ
769 954 815 976 τοῦ
839 951 901 988 μίλ-

133 993 229 1025 λοντος.

101 1038 135 1070 ξθ¹
150 1041 213 1076 Περὶ
224 1042 278 1065 τῶν
291 1038 356 1075 ὁμοῦ
377 1040 423 1064 καὶ
447 1039 515 1065 κατὰ
542 1039 680 1075 συνάφειαν
706 1039 901 1077 ἀπαγορευομέ-

131 1094 178 1109 νων
191 1084 248 1120 (50)
266 1084 316 1109 ὑπὸ
331 1088 377 1114 τῆς
392 1086 506 1120 Γραφῆς,
521 1084 536 1113 ἦ
554 1083 748 1121 ἑγκρινομένων.

101 1127 118 1154 θ’
138 1131 197 1166 Περὶ
215 1132 271 1154 τῶν
298 1130 326 1154 τό
351 1131 475 1165 κήρυγμα
498 1133 544 1154 τοῦ
566 1128 724 1165 Εύαγγε).ἱου
754 1129 901 1167 ἐγχειριζοη

132 1175 221 1209 μένων,
255 1175 301 1199 καὶ
324 1175 396 1207 πότε,
421 1175 466 1199 καὶ
489 1175 569 1208 τινας,
594 1175 638 1199 καὶ
653 1176 678 1199 τί
692 1172 841 1208 διδάσκειν,
855 1177 900 1201 καὶ

131 1222 184 1249 πῶς
209 1217 321 1248 ἑαυτοὺς
346 1219 540 1255 προκατορθοῡν
570 1220 630 1249 τοὺς
658 1220 792 1249 τοιούτους
822 1222 897 1257 χρὴσ

131 1265 174 1288 καὶ
198 1264 272 1292 ὅπως
291 1262 316 1288 ἐν
340 1266 376 1297 τῷ
400 1264 551 1300 κηρύγματι
579 1262 819 1300 παρρησιάζεσθαι,
854 1266 898 1290 καὶ

131 1311 184 1338 πῶς
217 1306 399 1343 ἐπιμελεῖσθαι
427 1311 477 1333 τῶν
507 1310 725 1345 πεπιστευμένων,
759 1311 803 1334 καὶ
836 1311 899 1345 ποίᾳ

132 1349 262 1384 διαθέσει,
287 1353 333 1378 καὶ
353 1353 412 1388 περὶ
435 1355 498 1378 ποῖα
523 1356 572 1378 τῶν
598 1351 808 1389 σπουδασμάτων
836 1363 898 1391 προ-

133 1398 284 1432 ηγουμένως
311 1398 499 1432 καταγιζνισθαι
526 1398 583 1431 (51)
599 1408 605 1414 ·
648 1400 694 1424 καὶ
721 1398 790 1429 ὅπως
813 1399 898 1424 καθα-

133 1443 212 1478 ρεύειν
239 1440 294 1467 ἀπὸ
322 1444 372 1466 τῶν
401 1442 433 1471 ὡς
460 1441 502 1467 ἐπὶ
525 1443 554 1468 τὸ
579 1440 697 1468 πλεῖστον
718 1444 898 1479 παρεπομένων

133 1486 330 1522 ἐλαττωμάτων,
365 1487 410 1512 καὶ
439 1485 481 1512 ἐπὶ
514 1490 586 1513 ποῖον
619 1487 691 1522 ἄγειν
722 1489 813 1524 μέτρον
840 1489 898 1518 τοὺς

134 1529 353 1567 διδασκομένους,
375 1533 419 1557 καὶ
442 1535 495 1561 πῶς
519 1530 616 1567 ἐνάγειν
639 1534 700 1563 τοὺς
724 1531 898 1559 ἀντιδιατιθε-
912 1541 932 1568 C

133 1577 229 1611 μένους,
267 1577 312 1601 καὶ
342 1577 401 1601 τίνα
424 1577 518 1613 τρόπον
547 1578 622 1602 εἳκειν
651 1578 713 1608 τοὺς
741 1575 788 1602 διὰ
821 1576 897 1613 φόϐον

131 1622 356 1657 παραιτουμένους
383 1621 449 1655 (52),

132 1661 166 1689 δι’
179 1663 369 1700 ἀγνωμοσύνην
385 1667 421 1700 μὴ
441 1663 660 1701 καταδεχομένων
672 1675 679 1682 ο
709 1669 754 1692 καὶ
777 1670 832 1696 πῶς
859 1676 896 1692 τι-

132 1719 172 1739 νας
195 1713 366 1746 χειροτονεῖν.
397 1710 412 1738 ἢ
442 1709 593 1736 ἀποϐάλλειν
610 1711 667 1746 (⁵3)
693 1713 752 1741 τοὺς
779 1721 896 1748 κ⁸χειρ⁰’

134 1756 286 1790 τονημένονς
299 1765 305 1770 ·
333 1756 378 1780 καὶ
401 1755 441 1780 ὅτι
461 1757 515 1792 χρὴ
530 1759 579 1780 τῶν
595 1758 763 1793 προεστώτων
787 1756 895 1782 ἕκαστον

135 1798 273 1825 ὑπεύθυνον
301 1799 392 1825 ἑαυτὸν
419 1800 542 1835 ἡγεῖσθαι
568 1801 634 1834 (54),
669 1802 713 1825 καὶ
739 1804 791 1830 τοῖς
817 1810 895 1826 πεπι-

135 1845 281 1880 στευμένοις
306 1843 376 1879 αύτῷ
400 1844 436 1875 εὶς
460 1847 506 1873 τὴν
529 1846 587 1881 περὶ
607 1845 640 1870 ὧν
663 1848 732 1871 ποιεῖ
759 1847 804 1871 καὶ
829 1844 896 1881 λέγει

134 1887 318 1927 πληροφορίαν.

489 1623 533 1647 καὶ
569 1625 625 1652 πῶς
660 1621 805 1659 ἀναχωρεῖν
847 1626 896 1648 τῶν

991 997 1020 1024 et
1033 996 1175 1023 futuram.

955 1042 988 1068 69
1002 1042 1040 1069 De
1055 1041 1099 1076 iis,
1114 1049 1181 1077 quae
1198 1040 1287 1069 simul
1303 1041 1332 1067 et
1346 1039 1532 1075 conjunctim
1547 1045 1565 1066 θ.
1581 1036 1692 1065 sanctis
1707 1035 1781 1064 litte-

990 1087 1030 1114 ris
1043 1086 1089 1114 vel
1100 1088 1248 1121 vetantur,
1264 1085 1311 1112 vel
1326 1084 1416 1113 etiam
1429 1084 1582 1120 jubeutur.

954 1133 988 1160 70
1004 1131 1210 1167 Deiis,quibus
1219 1129 1369 1165 Evangelii
1380 1128 1552 1164 predicatio
1564 1125 1777 1155 committitur:

989 1178 1017 1203 et
1027 1175 1160 1212 quando,
1176 1177 1203 1202 et
1218 1182 1308 1211 quos,
1321 1177 1349 1201 et
1362 1173 1435 1209 quid
1448 1173 1567 1207 docere,
1581 1175 1609 1199 et
1623 1169 1779 1207 quomodo

989 1224 1056 1248 ante
1067 1220 1214 1254 corrigere
1230 1220 1346 1255 seipsos
1359 1218 1555 1254 debeant,qui
1565 1216 1639 1244 tales
1650 1217 1719 1243 sunt
1732 1223 1738 1243 :
1751 1216 1780 1243 et

988 1264 1143 1302 quomodo
1151 1264 1180 1291 in
1188 1263 1400 1300 prmdicatione
1411 1263 1503 1291 libere
1514 1264 1542 1290 et
1554 1261 1668 1289 fortiter
1678 1267 1778 1295 agere,

988 1309 1181 1346 quomodove
1192 1316 1298 1336 eorum
1309 1308 1361 1345 qui
1377 1307 1432 1335 sibi
1448 1306 1552 1335 crediti
1566 1306 1633 1339 sint,
1646 1312 1780 1333 commo-

988 1354 1035 1382 dis
1047 1356 1076 1381 et
1090 1353 1175 1381 saluti
1187 1352 1356 1389 providere,
1370 1355 1397 1380 et
1413 1351 1584 1387 cujusmodi
1599 1349 1692 1378 animi
1708 1348 1780 1377 atie-

988 1399 1094 1432 ctione,
1112 1400 1140 1426 et
1154 1398 1184 1426 in
1200 1396 1371 1433 cujusmodi
1395 1395 1501 1424 studiis
1520 1395 1650 1423 versari:
1665 1396 1693 1422 et
1705 1401 1779 1430 quo-

988 1443 1080 1471 modo
1093 1445 1191 1470 castos
1211 1450 1242 1470 se
1257 1442 1296 1469 ab
1308 1441 1343 1469 iis
1359 1441 1438 1469 vitiis
1453 1447 1642 1474 conservare,
1657 1447 1726 1475 quae
1746 1439 1779 1466 ut

987 1488 1150 1525 plurimum
1162 1487 1311 1523 ejusmodi
1323 1486 1482 1514 hominum
1493 1485 1594 1521 generi
1605 1484 1701 1512 solent
1711 1491 1778 1511 esse

987 1534 1145 1570 adjuncta:
1163 1535 1191 1560 et
1205 1540 1283 1569 quos
1299 1531 1454 1559 docendos
1467 1530 1663 1566 susceperint,
1674 1529 1713 1557 ad
1728 1537 1778 1557 cu-

984 1578 1120 1615 jusmodi
1134 1585 1309 1605 mensuram
1325 1584 1376 1615 eos
1392 1576 1567 1613 perducere,
1583 1574 1777 1611 quomodove

985 1624 1165 1652 reluctantes
1175 1623 1332 1651 inducere:
1344 1625 1372 1650 et
1382 1621 1537 1658 quomodo
1551 1621 1586 1648 iis
1596 1619 1776 1653 auscultare,

985 1669 1037 1705 qui
1045 1671 1285 1705 proptermetum
1292 1667 1421 1704 aliquem
1428 1674 1532 1695 eorum
1539 1665 1777 1702 prmdicationem

985 1712 1365 1749 recusant,quomodoque
1380 1712 1450 1739 item
1466 1711 1505 1739 ab
1520 1711 1556 1738 iis
1571 1709 1778 1746 recedere,qui

985 1758 1084 1794 ipsam
1100 1765 1137 1784 ex
1151 1755 1345 1792 improbitate
1357 1755 1464 1783 nolunt
1477 1754 1645 1786 admittere,
1659 1756 1688 1782 et
1700 1761 1777 1790 quo-

985 1801 1078 1835 modo
1093 1801 1211 1837 aliquOs
1225 1801 1394 1835 designare,
1406 1799 1452 1827 vel
1463 1799 1635 1834 designatos
1648 1799 1710 1834 jam
1723 1798 1777 1825 im-

985 1846 1128 1884 probare:
1138 1848 1335 1882 oportereque
1344 1852 1594 1881 unumquemque
1600 1843 1652 1880 qui
1663 1842 1777 1871 caeteris

985 1892 1096 1928 praesit,
1113 1891 1279 1919 obnoxium
1291 1898 1321 1918 se
1333 1898 1397 1918 esse
1408 1890 1577 1918 existimare
1588 1889 1628 1916 ad
1647 1887 1776 1916 redden-

986 1936 1059 1965 dam
1070 1936 1105 1964 iis
1115 1936 1243 1972 quiejus
1262 1943 1342 1964 curae
1360 1935 1463 1963 crediti
1478 1935 1547 1969 sint,
1567 1933 1717 1962 rationem
1738 1933 1776 1962 de

985 1981 1129 2010 omnibus
1143 1989 1211 2018 quae
1226 1980 1339 2009 faciant
1353 1982 1382 2007 et
1395 1980 1508 2007 dicant.

950 2029 980 2054 7t
999 2028 1038 2054 De
1051 2027 1086 2054 iis
1101 2034 1170 2062 quae
1190 2025 1376 2061 conjunctim
1400 2026 1552 2062 precepts.
1576 2026 1646 2052 sunt
1667 2023 1701 2051 iis
1723 2024 1777 2060 qui

986 2071 1051 2100 aliis
1062 2073 1205 2107 praesunt.

950 2119 984 2144 ‘72
1000 2117 1064 2148 Qua
1080 2116 1194 2143 ratione
1206 2114 1338 2142 debeant
1353 2114 1381 2147 ii,
1394 2114 1445 2150 qui
1461 2113 1617 2144 docentur.
1637 2113 1777 2149 spiritua-

985 2160 1028 2188 les
1053 2160 1213 2194 magistros
1237 2159 1405 2187 discernere
1430 2159 1469 2186 ab
1491 2158 1528 2186 iis
1548 2158 1600 2194 qui
1621 2158 1694 2185 tales
1713 2165 1776 2186 non

986 2208 1065 2235 sunt.
1079 2204 1273 2239 quomodo“:
1289 2212 1360 2239 erga
1381 2204 1464 2239 ipsos
1484 2211 1549 2230 esse
1572 2202 1708 2236 animati,
1730 2201 1777 2231 vel

985 2249 1141 2285 quomodo
1156 2257 1222 2285 quae
1236 2248 1275 2276 ab
1289 2249 1364 2284 ipsis
1379 2248 1518 2276 dicantur
1532 2247 1694 2284 suscipere.

950 2297 983 2322 73
1006 2296 1044 2323 De
1060 2294 1107 2329 iis,
1121 2293 1172 2330 qui
1189 2293 1381 2322 matrimonio
1395 2292 1548 2329 conjuncti
1562 2295 1641 2320 sunt.

949 2342 985 2368 74
1005 2341 1044 2368 De
1060 2339 1170 2367 viduis.

949 2387 984 2413 75
1006 2386 1044 2412 De
1060 2384 1154 2412 servis
1170 2385 1198 2411 et
1212 2383 1354 2412 dominis.

949 2431 984 2456 76
1004 2430 1043 2457 De
1059 2428 1126 2456 ﬁliis
1142 2431 1170 2456 et
1186 2428 1372 2466 parentibus.

103 2023 135 2049 οοί
150 2026 209 2061 Πιρὶ
224 2029 277 2051 τῶν
291 2025 359 2050 κατὰ
374 2025 513 2060 συνάφειαν
527 2023 569 2050 ἐπὶ
592 2028 646 2056 τοῖς
660 2029 808 2061 προεστῶσι
833 2023 895 2051 δια-

133 2073 302 2106 τεταγμένων.

103 2113 237 2149 οβ”Οπως
264 2113 305 2141 δεῖ
328 2116 386 2145 τοὺς
413 2113 621 2150 διδασκομένους
658 2113 801 2152 διακρίνειν
837 2117 896 2145 τοὺς

134 2161 322 2195 πνιυματικούς
336 2163 386 2185 τῶν
402 2158 571 2185 διδασκά)ων
592 2158 641 2185 ἀπὸ
667 2163 717 2186 τῶν
741 2162 777 2195 μὴ
807 2161 895 2186 τοιού-

134 2213 192 2237 των,
212 2207 256 2230 καὶ
272 2205 340 2235 ὃπως
359 2206 421 2241 πρὸς
436 2203 528 2234 αὐτοὺς
544 2202 720 2237 διατίθεσθαι,
745 2204 758 2233 ἢ
783 2206 816 2230 τὰ
833 2205 896 2243 παρ’
913 2219 933 2245 D

135 2248 216 2275 αὐτῶν
232 2248 372 2284 δέχεσθαι.

102 2291 136 2327 ον’
155 2296 215 2330 Περὶ
225 2298 275 2320 τῶν
289 2293 313 2319 ἐν
327 2295 413 2330 γάμῳ.

103 2334 137 2362 οδ’
152 2340 212 2375 Περὶ
227 2342 329 2376 χηρῶν.

103 2380 131 2406 οἱ
144 2384 204 2419 Περὶ
219 2381 318 2408 δούλων
332 2392 377 2408 και
392 2381 537 2410 δεσποτῶν.

103 2425 138 2458 οξ
157 2429 218 2464 Περὶ
232 2429 323 2454 τέκνων
336 2430 380 2454 καὶ
398 2431 500 2464 γονέων.

981 2492 1039 2526 (5‘2)
1054 2493 1123 2527 Reg.
1154 2492 1350 2529 tertius}me
1374 2495 1429 2522 τοῖς
1451 2490 1499 2518 διὰ
1523 2491 1599 2528 φόϐον
1631 2501 1773 2529 παραιτου-

946 2530 1042 2564 μένοις.
1070 2529 1199 2564 Utraque
1227 2527 1317 2555 editio
1344 2529 1420 2554 εἴκειν
1451 2527 1565 2558 reﬁgi...
1599 2527 1773 2565 παραιτουμὲ-

946 2573 1014 2591 νους.

1056 2599 1152 2636 Editio
1176 2600 1247 2627 Ven.
1261 2599 1291 2627 in
1313 2601 1454 2636 contextu
1481 2603 1639 2636 χειροτονεῖν
1712 2597 1773 2636 ξενα-

947 2634 1046 2660 ϐάλ).ειν
1061 2645 1067 2651 ·
1091 2637 1121 2662 δι
1144 2635 1175 2662 in
1193 2635 1328 2670 margine
1347 2635 1439 2662 habet
1451 2634 1608 2670 χειροτονεῖν
1625 2634 1640 2663 ἡ
1655 2634 1771 2661 ἀποϐάλ-

945 2670 1052 2733 λιιν,όεῐ
1067 2670 1109 2699 ita
1120 2678 1241 2707 quoque
1263 2671 1407 2706 scriptum
1427 2670 1578 2698 invenitur
1593 2670 1624 2698 in
1639 2671 1710 2706 Reg.
1725 2677 1770 2697 se-

946 2713 1005 2733 cun
1029 2714 1057 2733 ο.

946 2713 1057 2734 οιιιιαο.

982 2742 1039 2777 (54)
1069 2742 1115 2769 Sic
1138 2741 1205 2770 libri
1233 2744 1358 2772 veteres.
1387 2741 1482 2770 Editio
1512 2741 1603 2773 Paris.
1629 2742 1769 2769 ὑπεύθυνον

946 2778 1080 2814 ἡγεῖσθαι,
1094 2780 1158 2808 τοῖς.

204 2491 272 2528 Beg.
289 2491 393 2528 tertius
408 2493 466 2528 περὶ
481 2495 526 2521 τῆς
538 2491 562 2517 ἐν
578 2490 731 2528 ἀνθρώποις.

137 2526 189 2565 ({9}
204 2527 272 2560 Reg.
283 2527 404 2565 primus
416 2526 475 2563 πὲρι
486 2531 531 2557 τῆς
541 2526 681 2558 εὐσεϐέίας.
695 2527 808 2555 ibidem
819 2529 891 2562 Reg.

102 2560 199 2588 tertius
214 2566 263 2587 τῶν
278 2560 301 2587 ἐν
316 2564 427 2592 τούτοις.
449 2560 453 2563 ’
863 2560 875 2562 -
902 2568 904 2570 ’

103 2629 109 2635 _
123 2597 189 2635 _(50)
201 2598 269 2635 Heg.
283 2598 386 2626 tertius
400 2599 547 2635 _a'uwx'q:_nav
569 2598 792 2635 ἀπηγορευμένων.
824 2599 892 2627 Mox

101 2630 178 2658 idem
193 2630 284 2660 codex
298 2636 342 2660 καὶ.
357 2636 383 2660 τί
394 2632 436 2660 δεῖ
454 2630 603 2662 διδάσκειν.

132 2667 188 2708 (ξι)
201 2668 377 2708 Editiojfen.
394 2669 425 2697 in
443 2671 580 2708 margine
593 2672 793 2707 προηγουμένως
807 2680 891 2708 κοιτα-

97 2704 280 2742 Ὶινώφιισθοιιε
296 2706 360 2732 Mox
373 2707 500 2742 utraque
512 2704 602 2733 editio
613 2704 807 2742 ’παρεπομένων
823 2706 892 2732 ἔλατ·

95 2738 224 2798 Ξμάτων.
263 2740 337 2774 Reg.
374 2738 476 2769 tertius
503 2738 686 2779 παρεχομένων
713 2738 770 2773 ταῖς
797 2741 893 2778 ἀρχαῖς

134 2782 172 2798 ττ.

134 2782 172 2800 ττ-
