2049 3131
234 102 287 130 703

929 101 957 129 S.
973 99 1099 128 BASILII
1110 100 1219 128 MAGNI

1859 105 1921 133 70i-

267 165 388 200 tempus
397 164 428 192 in
439 164 559 192 lenitate
569 164 733 201 impertivit
742 164 782 193 ad
797 163 937 195 facienda
949 162 1062 200 ea,qui~

1151 162 1371 200 ὶπιμιτρήσαντος
1385 165 1443 200 (ϐο)
1455 164 1480 191 ἄν
1495 166 1664 202 μακροθυμίᾳ
1676 165 1710 196 εἰς
1724 165 1848 203 ίργασὶαν
1863 171 1918 193 τῶν

267 208 327 238 bus
337 209 432 246 gratia
446 209 541 246 ipsius
553 209 739 240 conciliatur.

567 284 664 319 Caput
696 284 728 312 V.

274 336 357 364 Tunc
365 336 462 365 simile
472 337 529 365 erit
539 344 664 372 regnum
675 338 818 366 caelorum
833 338 932 366 decem
944 337 1064 372 virgini-

236 380 369 416 bus,un
375 382 552 416 accipientes
559 383 712 417 lampades
718 382 1063 417 suas,ezieruntobviam

234 431 352 460 sponso.
367 425 502 462 Quinque
513 430 613 456 autem
628 435 665 456 ex
678 428 717 456 eis
730 431 817 456 erant
835 428 1009 463 prudentes,
1035 430 1062 455 et

235 470 368 506 quinque
379 472 493 505 fatuae.“
514 479 579 507 qua:
598 473 703 507 fatuae,
724 474 852 508 acceptis
872 472 1062 507 lampadibus

234 515 369 548 suis,non
379 518 672 553 sumpseruntoleum
682 518 770 554 236
777 526 890 546 secum:
898 517 1062 552 prudentes

235 566 304 587 vero
310 564 490 595 acceperunt
498 562 594 590 oleum
602 563 632 590 in
644 563 722 590 vasis
728 565 788 591 suis
795 571 859 590 cum
873 562 1062 597 lampadibus

235 605 308 631 suis.
323 605 440 633 Moram
449 609 548 635 autem
555 608 686 642 faciente
694 616 812 642 sponso,
823 608 1062 635 dormitaverunt

236 655 336 676 omnes
351 652 378 677 et
393 650 592 679 dormierunt.
613 652 714 680 Media
730 656 828 680 autem
842 655 928 680 nocte
948 651 1064 679 clamor

233 692 333 727 factus
344 697 404 722 est:
418 695 495 723 Ecce
504 704 629 730 sponsus
637 698 807 731 venit,e:cite
815 697 930 724 obviam
938 697 974 724 ei.
982 697 1064 724 Tunc

233 743 432 767 surrexerunt
442 748 542 768 omnes
552 741 683 776 virgines
691 742 792 774 itlte,et
799 745 985 778 ornaverunt
992 742 1065 769 lam~

233 783 328 818 pades
334 791 414 812 suas.
421 785 527 814 Fatua
533 789 632 814 autem
640 787 822 822 sapientibus
828 787 984 816 dixerunt:
992 788 1065 815 Date

236 828 321 856 nobis
331 829 367 857 de
376 830 440 858 oleo
447 836 550 864 vestro,
561 832 633 867 quia
645 833 798 867 lampades
809 835 918 860 nostra:
927 832 1064 867 extingu.
1079 843 1100 870 Β

237 874 576 909 untur.Responderunt
588 883 656 904 vero
669 877 844 911 prudentes,
856 877 1007 904 dicentes:
1021 875 1066 904 Ne

235 917 318 951 forte
331 926 391 945 non
406 919 540 953 sufﬁciat
551 920 634 948 nobis
645 924 672 948 et
684 921 763 949 vobis
771 929 782 956 ;
793 922 832 949 ite
841 922 939 956 potius
948 921 989 948 ad
1000 928 1066 948 ven-

237 961 350 996 dentes,
364 966 390 990 ct
403 964 490 992 emite
499 965 593 992 vobis.
605 966 683 993 Dum
694 969 793 994 autem
810 967 888 994 irent
903 973 1007 999 emere,
1022 973 1066 994 ve-

237 1006 284 1033 nit
298 1014 439 1040 sponsus:
453 1011 479 1036 et
488 1017 553 1044 qua
560 1013 678 1044 parata
688 1013 786 1043 erant,
799 1011 989 1038 intraverunt
999 1018 1067 1038 cum

238 1057 270 1078 eo
281 1050 322 1078 ad
332 1052 463 1086 nuptias,
476 1056 502 1080 et
517 1054 622 1082 clausa
640 1057 682 1082 est
699 1055 811 1089 janua.
832 1055 997 1082 Novissime
1015 1061 1068 1082 au.

237 1097 295 1123 tem
304 1096 462 1125 veniuntet
473 1098 598 1134 reliquae
613 1100 754 1135 virgines,
770 1099 917 1128 dicentes:
931 1100 1066 1135 Domine,

235 1139 372 1175 Domine,
384 1142 472 1176 aperi
484 1143 577 1170 nobis.
595 1144 634 1172 At
646 1144 698 1172 ille
708 1145 889 1179 respondens
902 1145 944 1172 ait
951 1144 1066 1173 .'Amen

237 1184 304 1212 dico
320 1185 410 1219 vobis,
427 1188 526 1216 nescio
540 1195 589 1216 vos
606 1189 729 1222 (Matth.
744 1197 810 1218 xxv.
828 1191 912 1224 1-13).
939 1189 1066 1217 Conten-

237 1229 299 1257 dite
321 1231 440 1260 intrare
459 1240 517 1268 per
539 1237 699 1268 angustam
723 1237 856 1269 portam,
876 1235 948 1270 quia
966 1234 1065 1265 multi,

237 1274 304 1303 dico
317 1277 407 1310 vobis,
424 1281 558 1313 quan-ent
570 1279 695 1313 intrare,
711 1283 738 1307 et
752 1287 811 1307 non
823 1282 976 1314 poterunt.
992 1279 1065 1307 Cum

237 1323 336 1348 autem
347 1323 515 1350 surrexerit
518 1323 786 1359 paterfamilias,et
793 1324 936 1352 clauserit
947 1325 1066 1359 ostium,

238 1369 266 1394 et
275 1367 423 1401 ceperitis
432 1367 510 1401 foris
522 1371 644 1400 stare.et
654 1369 779 1403 pulsare
788 1371 904 1402 ostium,
920 1369 1064 1398 dicentes:

238 1410 376 1445 Domine,
386 1412 520 1446 Domine,
535 1413 622 1447 aperi
630 1413 714 1441 nobis
727 1422 734 1440 :
760 1416 787 1442 et
801 1413 982 1448 respondens
993 1414 1068 1441 dicet

239 1455 336 1483 vobis:
344 1456 451 1484 Nescio
462 1464 511 1485 vos
522 1457 601 1486 unde
610 1458 673 1485 sitis
683 1459 756 1492 (Luc
770 1466 831 1492 xm,
848 1460 892 1492 24,
908 1459 965 1491 25).
989 1459 1068 1486 Ecce

238 1507 321 1549 nunc
334 1504 449 1549 tempus
465 1502 657 1537 acceptabile,
674 1510 737 1531 ecce
757 1511 838 1531 nunc
861 1503 923 1531 dies
939 1503 1064 1531 salutis:
1081 1520 1102 1549 ο

238 1545 352 1573 nemini
363 1546 468 1574 dantes
488 1547 584 1575 ultam
599 1548 803 1583 o/fensionem,
817 1555 855 1576 ne
869 1549 1065 1582 vituperetur,

238 1589 501 1623 ministerium,sed
506 1592 537 1619 in
547 1592 682 1620 omnibus
692 1592 863 1620 exhibentes
873 1593 1066 1627 nosmetipsos

237 1634 315 1661 sicut
339 1634 395 1662 Dei
418 1636 570 1664 ministros
586 1637 632 1672 (ΙΙ
648 1636 717 1665 Cor.
740 1646 780 1670 v1,
802 1639 818 1664 2
835 1637 874 1673 4).
899 1637 981 1672 Ergo
995 1637 1066 1665 dum

240 1681 351 1713 tempus
380 1679 532 1714 habemus.
555 1689 716 1716 operemur
737 1682 845 1711 bonum
873 1689 944 1717 erga
967 1690 1067 1711 omnes

238 1723 320 1765 (Gal.
336 1732 376 1758 γι,
389 1725 442 1755 10).

559 1846 697 1874 REGULA
717 1847 750 1874 II.

240 1897 327 1931 Quod
341 1897 406 1926 ﬁeri
420 1898 534 1934 nequit,
548 1901 580 1926 ut
599 1899 624 1926 is
637 1898 690 1934 qui
705 1907 769 1926 sese
783 1899 874 1927 etiam
897 1899 1025 1935 negotiis
1048 1908 1067 1928 ο.

355 1942 464 1979 pietate
473 1943 576 1971 alienis
586 1942 746 1978 immiscet,
760 1944 820 1972 Deo
831 1944 947 1972 serviat.

563 2024 699 2052 CAPUT
714 2025 740 2053 Ι.

275 2077 368 2105 Nemo
381 2079 478 2112 potest
492 2077 607 2105 duobus
617 2078 746 2106 dominis
760 2079 886 2108 servire:
912 2082 965 2107 aut
985 2079 1065 2108 enim

240 2129 333 2150 unum
345 2122 411 2150 odio
428 2121 557 2157 habebit,
569 2125 596 2151 et
607 2123 735 2151 alterum
754 2124 873 2158 diliget:
896 2126 950 2152 aut
973 2132 1064 2152 unum

239 2167 406 2198 sustinebit,
419 2170 446 2195 et
459 2167 589 2196 alterum
605 2169 860 2196 contemnet.Non
868 2169 990 2203 potestis
1004 2170 1065 2198 Deo

239 2212 385 2240 servireet
392 2212 1006 2249 mammonaetMatth.vx,24).Nolitejugum
1014 2214 1066 2241 du-

241 2264 307 2285 cere
315 2264 383 2284 cum
392 2257 647 2291 inﬁrtetibusﬂuze
654 2258 731 2285 enim
737 2259 933 2293 participatio
938 2259 1067 2292 justitiw

240 2308 307 2329 cum
319 2301 477 2336 iniquitate
486 2302 500 2329 ?
511 2305 563 2329 aut
574 2309 640 2338 quae
652 2303 775 2330 societas
792 2303 854 2330 luci
865 2302 906 2330 ad
915 2302 1068 2331 tenebras?

242 2352 307 2381 qua.v
322 2349 421 2373 autem
437 2347 591 2374 conventio
605 2347 724 2375 Christo
733 2346 774 2374 ad
794 2347 893 2374 Belial
903 2348 915 2373 .9
936 2349 989 2374 aut
1002 2354 1068 2382 quae

238 2397 314 2425 pars
328 2390 416 2425 ﬁdeli
425 2399 490 2418 cum
499 2391 615 2425 inﬁdeli
622 2393 634 2418 .9
644 2392 710 2427 quis
720 2394 818 2419 autem
828 2399 986 2420 consensus
999 2394 1068 2420 tem-

241 2436 293 2471 pto
303 2435 359 2463 Dei
367 2443 433 2463 cum
446 2436 535 2463 idolis
545 2437 558 2463 ?
570 2435 613 2470 (Il
621 2435 685 2464 Cor.
700 2444 739 2470 γι,
754 2436 856 2472 ili-16),

244 2508 329 2541 Quod
342 2510 460 2544 oportet
470 2516 537 2536 eum
552 2508 604 2544 qui
624 2507 785 2542 Evangelia
803 2507 915 2543 obedit,
939 2508 1069 2544 primum

277 2553 402 2591 purgari
413 2553 452 2582 ab
467 2553 550 2581 omni
564 2552 794 2588 inquinamento
813 2553 912 2581 carnis
934 2556 962 2581 et
984 2553 1069 2590 spiri-

281 2696 481 2733 (60)»Utraque
495 2694 585 2723 editio
596 2695 686 2732 καιρὸν
701 2694 914 2733 ἐπιμερήσαντος.
931 2693 1010 2723 Libri
1023 2701 1072 2722 ve-

245 2735 321 2761 teres
337 2731 458 2769 ἐπιμετρή
464 2740 540 2769 σαντο
546 2741 565 2769 ς..

280 2769 335 2804 (61)
351 2766 538 2804 Βεεζῑεηὶυε
550 2766 707 2806 ἀγωνίζεσθε
726 2766 857 2796 εἰσελθεῖν,

1151 209 1216 248 πρὸς
1228 210 1274 239 τὴν
1290 209 1369 238 αὐτοῦ
1389 209 1570 248 εὐαρέστησιν.

1447 283 1540 320 Κεφάλ.
1557 283 1584 311 ε’.

1152 340 1334 366 ΜΑΤΘΑΙΟΣ.
1363 340 1427 364 Τότε
1455 337 1647 374 ὁμοιωθήσεται
1678 339 1694 368 ἡ
1722 338 1845 375 βασιλεία
1863 342 1916 365 τῶν

1116 384 1230 419 οὐρανῶν
1245 381 1310 409 δέκα
1323 384 1469 420 παρθένοις,
1486 383 1587 416 αἳτινες,
1603 382 1732 409 λαϐοῦσαι
1746 384 1791 414 τὰς
1805 383 1916 420 λαμπά-

1117 425 1166 458 δας
1181 427 1275 460 αὐτῶν,
1290 426 1395 458 ἐξῆλθον
1419 427 1453 458 εἰς
1469 427 1614 456 ἀπάντησιν
1633 432 1679 454 τοῦ
1693 430 1814 464 νυμφίου.
1837 430 1917 455 Πέντε

1117 469 1146 498 δὲ
1160 472 1226 500 ἦσαν
1239 471 1266 503 ἐξ
1278 472 1361 498 αὐτῶν
1377 474 1508 508 φρόνιμοι,
1520 475 1565 498 καὶ
1583 475 1657 500 πέντε
1683 475 1769 510 μωραί
1781 483 1788 490 ⁸
1819 474 1917 504 αἵτινες

1116 518 1212 553 μωραὶ,
1226 516 1355 542 λαϐοῦσαι
1369 518 1416 548 τὰς
1428 515 1567 553 λαμπάδας
1583 518 1676 550 αὐτῶν,
1691 517 1738 544 οὐκ
1752 517 1843 543 ἶλαϐον
1858 518 1916 554 μεθ’

1117 561 1213 588 ἑαυτῶν
1228 561 1311 588 ἔλαιον
1327 571 1333 578 ·
1360 563 1387 588 αἱ
1403 560 1432 589 δί
1449 564 1568 599 φρόνιμοι
1593 561 1682 589 ἴλαϐον
1709 562 1792 589 ἔλαιον
1815 562 1839 589 ἂν
1862 566 1918 594 τοῖς

1117 605 1233 642 ἀγγείοις
1246 607 1329 633 αὐτῶν
1343 608 1409 643 μετὰ
1425 607 1476 633 τῶν
1490 605 1635 644 λαμπάδων
1650 608 1743 635 αὐτῶν.
1771 608 1918 645 Χρονίζον-

1117 662 1158 682 τος
1171 650 1201 678 δὲ
1216 655 1262 678 τοῦ
1277 654 1401 688 νυμφίου,
1415 651 1555 683 ἐνύσταξαν
1579 655 1664 679 πᾶσαι
1693 655 1738 678 καὶ
1761 651 1917 680 ἐκάθευδον.

1118 699 1208 727 Μέσης
1223 694 1253 722 δὲ
1267 698 1357 727 νυκτὸς
1369 699 1470 734 κραυγή
1485 699 1587 733 γέγονεν
1599 708 1606 714 υ
1622 695 1692 723 Ἰδοὺ
1708 698 1720 722 ὁ
1744 699 1852 733 νυμφίος
1873 698 1918 734 ἔρ-

1118 751 1207 777 χεται,
1225 740 1361 778 ἐξέρχεσθε
1377 741 1410 772 εἰς
1425 741 1572 772 ἀπάντησιν
1587 742 1677 770 αὐτοῦ.
1692 744 1756 769 Τότε
1768 742 1918 779 ἠγέρθησαν

1119 789 1204 813 πᾶσαι
1217 787 1244 812 αἱ
1259 787 1381 823 παρθένοι
1405 785 1509 820 ἐκεῖναι,
1525 789 1570 813 καὶ
1583 786 1735 823 ἐκόσμησαν
1749 787 1796 817 τὰς
1810 786 1917 822 λαμπά-

1121 829 1169 861 δας
1191 831 1284 858 αὐτῶν.
1309 832 1340 858 Αἰ
1364 829 1393 858 δε
1415 833 1501 869 μωραὶ
1521 836 1579 862 ταῖς
1595 834 1728 869 φρονίμοις
1740 829 1807 858 εἶπον
1822 841 1829 847 ·
1855 832 1916 857 Δότε

1121 876 1182 911 ἡμῖν
1196 875 1223 902 ἐκ
1238 879 1283 902 τοῦ
1297 875 1381 902 ἐλαίου
1397 877 1478 912 ὑμῶν,
1493 877 1533 902 ὅτι
1549 877 1575 902 αἱ
1589 875 1723 912 λαμπάδες
1743 877 1815 912 ἡμῶν
1840 875 1916 902 σϐέν-

1120 930 1218 948 νυνται,
1240 920 1432 957 Ἀπεκρίθησαν
1453 919 1482 947 δὲ
1502 922 1529 946 αἱ
1548 923 1677 958 φρόνιμοι,
1698 920 1822 956 λέγουσαι
1839 930 1845 936 -
1874 921 1918 949 Μή

1121 974 1182 991 ποτε
1195 965 1242 991 οὐκ
1255 964 1352 1001 ἀρκέσῃ
1366 966 1429 1001 ἡμῖν
1441 967 1486 991 καὶ
1498 966 1558 1002 ύμῖν
1571 975 1577 982 ·
1611 966 1749 1002 πορεύεσθε
1771 963 1800 991 δε
1822 964 1918 1001 μᾶλλον

1120 1012 1186 1047 πρὸς
1200 1012 1258 1040 τοὺς
1271 1009 1430 1043 πωλουντας,
1451 1012 1495 1036 καὶ
1512 1009 1659 1048 ἀγοράσατε
1683 1009 1796 1039 ἑαυταῖς.
1827 1009 1919 1047 ’Λπερ-

1120 1056 1238 1090 χομὲνων
1255 1052 1284 1080 δι
1304 1054 1386 1081 αὐτῶν
1403 1053 1543 1092 ἀγοράσαι,
1560 1053 1634 1084 ἦλθεν
1654 1055 1667 1080 ὁ
1681 1056 1800 1091 νυμφίος,
1819 1056 1866 1080 καὶ
1891 1054 1920 1080 αἱ

1121 1099 1219 1136 ἕτοιμοι
1230 1099 1348 1128 εἰσῆλθον
1363 1099 1417 1135 μετ’
1431 1099 1512 1125 αὐτον
1525 1099 1560 1130 εἰς
1575 1100 1634 1129 τοὺς
1647 1100 1756 1135 γάμους,
1771 1101 1817 1125 καὶ
1837 1098 1920 1125 ἐκλεί-

1122 1146 1171 1174 σθη
1188 1145 1203 1173 ἡ
1221 1145 1296 1181 θύρα.
1311 1143 1434 1181 Ὕστερον
1447 1143 1476 1170 δὲ
1495 1146 1619 1180 ἔρχονται
1633 1146 1678 1170 καὶ
1700 1145 1727 1170 αἱ
1741 1143 1830 1170 λοιπαὶ
1853 1153 1920 1180 παρ-

1123 1190 1197 1223 θένοι,
1214 1188 1338 1224 λέγουσαι
1352 1199 1358 1205 ”
1390 1190 1477 1225 Κύριε,
1503 1190 1591 1225 Κύριε,
1617 1188 1717 1220 ἄνοιξον
1740 1186 1813 1224 ἡμῖν.
1835 1187 1865 1214 Ὀ
1890 1186 1920 1214 δι

1121 1233 1280 1268 ἀποκριθεὶς,
1297 1232 1382 1260 εἶπεν·
1407 1233 1489 1270 ’Λμὴν
1514 1233 1578 1270 λέγω
1599 1234 1670 1270 ὑμῖν,
1695 1233 1741 1260 οὐκ
1754 1231 1816 1259 οἰδα
1839 1233 1917 1269 ὑμᾶς.

1122 1282 1264 1305 ΛΟΥΚΑΣ.
1287 1277 1466 1313 ’Δγωνίσασθε
1479 1277 1599 1304 εἰσελθεῖν
1612 1279 1669 1311 (61)
1695 1276 1743 1304 διὰ
1760 1281 1808 1308 τῆς
1828 1281 1919 1308 στενῆς

1121 1323 1215 1356 πύλης,
1239 1324 1279 1349 ὃτι
1295 1323 1394 1357 πολλοὶ,
1410 1323 1475 1359 λέγω
1496 1324 1567 1359 ύμῖν,
1595 1323 1758 1353 ζητήσουσιν
1784 1322 1918 1355 εἰσελθεῖν,

1121 1371 1166 1394 καὶ
1176 1368 1222 1394 οὐκ
1238 1368 1410 1404 ἰσχύσουσιν.
1432 1367 1486 1404 Ἀφ’
1502 1367 1532 1394 οὗ
1548 1367 1577 1393 ἂν
1604 1367 1695 1405 ἐγερθῇ
1721 1368 1734 1393 ό
1760 1365 1919 1393 οἰκοδεσπό-

1121 1423 1176 1447 της,
1192 1415 1237 1439 καὶ
1253 1412 1393 1449 ἀποκλείσῃ
1409 1414 1456 1442 τὴν
1470 1413 1561 1450 θύραν,
1574 1414 1618 1438 καὶ
1631 1412 1747 1449 ἄρξησθε
1769 1411 1816 1443 ἔξω
1839 1411 1918 1438 ἐστά-

1120 1468 1172 1492 ναι,
1199 1461 1245 1484 καὶ
1270 1458 1371 1494 κρούειν
1393 1459 1440 1486 τὴν
1461 1458 1549 1494 θύραν,
1569 1456 1682 1492 λέγοντες
1695 1467 1701 1473 ·
1722 1458 1811 1493 Κύριε,
1829 1458 1917 1492 Κύριε,

1121 1503 1221 1534 ἄνοιξον
1248 1503 1310 1538 ἡμῖν
1327 1512 1333 1518 ·
1363 1503 1408 1527 καὶ
1431 1501 1579 1538 ἀποκριθεὶς
1607 1500 1658 1537 ipsi.
1678 1501 1733 1536 (62)
1758 1502 1838 1537 ύμῖν-
1863 1501 1918 1527 Ούκ

1121 1546 1183 1574 οῖὸα
1197 1549 1262 1583 ὑμᾶς
1277 1547 1352 1573 πόθεν
1368 1546 1434 1573 ἐστέ.
1452 1549 1535 1573 ΠΡΟΣ
1556 1549 1629 1573 KOP.
1708 1544 1777 1572 Ἰδοὺ
1800 1555 1844 1572 νυν
1862 1555 1920 1572 και-

1121 1594 1165 1629 ρὸς
1180 1589 1378 1629 εὐπρόσδεκτος,
1397 1589 1456 1617 ἰδοὺ
1471 1601 1514 1617 νυν
1540 1591 1624 1628 ἠμίρα
1649 1592 1780 1628 σωτηρίας
1795 1600 1803 1607 ·
1832 1588 1917 1626 μηδε-

1121 1639 1180 1675 μίαν
1196 1636 1220 1662 ἐν
1235 1634 1329 1673 μηδενὶ
1345 1634 1462 1666 διδόντες
1475 1637 1619 1673 προκοπὴν,
1636 1636 1677 1661 ἶνα
1700 1637 1735 1671 μὴ
1760 1635 1873 1671 μωμηθῇ
1901 1635 1916 1663 ἠ

1123 1680 1253 1714 διακονία,
1270 1680 1322 1707 ἀλλ’
1340 1680 1364 1706 ἐν
1377 1683 1454 1706 παντὶ
1470 1684 1640 1711 σννιστῶντες
1656 1679 1770 1711 ἑαυτοὺς,
1796 1680 1829 1709 ὡς
1850 1682 1918 1705 Θεου

1123 1725 1242 1752 διάκονοι
1255 1729 1338 1752 ΠΡΟΣ
1353 1728 1429 1752 ΓΑΛ.
1446 1724 1515 1762 Ἀρα
1524 1723 1567 1751 οὖν
1581 1726 1613 1755 ὡς
1623 1726 1714 1761 καιρόν
1726 1725 1830 1760 ἔχομεν,
1844 1723 1918 1760 ἔργα·

1123 1771 1227 1808 ζώμεθα
1241 1772 1270 1798 τὸ
1285 1770 1382 1807 ἀγαθὸν
1396 1771 1459 1807 πρὸς
1472 1770 1580 1801 πάντας.

1451 1845 1533 1868 οΡοΣ
1554 1839 1587 1868 B’.

1120 1896 1181 1923 Ὀτι
1192 1895 1320 1923 ἀδύνατον
1335 1894 1477 1922 ὃουλευσαι
1492 1899 1549 1930 Θεῷ
1564 1896 1608 1921 τὸν
1632 1897 1677 1921 καὶ
1700 1897 1753 1925 τοῖς
1777 1893 1917 1932 ἀλλοτρίοις

1223 1945 1268 1972 τῆς
1282 1940 1427 1972 θεοσεϐείας
1442 1939 1638 1977 ἐπιμιγνύμενον
1652 1940 1814 1977 πράγμασιν,

1414 2020 1555 2057 Κεφάλαιον
1573 2020 1606 2048 α’.

1155 2079 1338 2104 ΜΔΤΘΑΙΟΣ.
1352 2073 1446 2106 Ούδεὶς
1458 2073 1569 2101 δύναται
1580 2073 1644 2101 δυσὶ
1651 2076 1753 2112 κυρίοις
1763 2073 1896 2111 δομλεύειν
1907 2084 1914 2092 ·

1120 2123 1135 2152 ἦ
1149 2123 1198 2159 γὰρ
1212 2124 1255 2148 τὸν
1277 2122 1321 2148 ἕνα
1341 2124 1461 2158 μισήσει,
1482 2123 1527 2146 καὶ
1548 2121 1590 2146 τὸν
1615 2120 1697 2157 ἕτερον
1724 2119 1855 2156 ἀγαπήσει
1869 2130 1876 2137 ·
1900 2121 1914 2150 ἢ

1121 2167 1175 2198 ἑνός
1191 2166 1331 2199 ὼθὲξῑται,
1347 2168 1391 2192 καὶ
1406 2175 1450 2191 του
1475 2165 1562 2202 ἑτέρου
1583 2167 1783 2203 καταφρονήσει.
1810 2164 1848 2191 Ού
1873 2163 1918 2191 δύο

1121 2213 1199 2238 νασθε
1210 2215 1266 2246 Θεῷ
1283 2209 1413 2237 δουλεύειν
1428 2211 1473 2236 καὶ
1488 2212 1599 2246 μαμωνᾷ
1614 2213 1698 2236 ΠΡΟΣ
1711 2213 1786 2238 ΚΟΡ.
1874 2212 1915 2239 Μὴ

1121 2257 1222 2292 γίνεσθε
1237 2255 1444 2292 ἐτεροζυγουντες
1459 2253 1589 2284 ἀπίστοις.
1608 2256 1654 2284 Τίς
1677 2254 1727 2291 γὰρ
1749 2256 1851 2290 μετοχὴ
1879 2252 1918 2280 δι-

1121 2302 1247 2337 καιοσύνῃ
1263 2302 1308 2326 καὶ
1324 2299 1418 2337 ἀνομίᾳ
1434 2309 1441 2334 ;
1460 2300 1474 2328 ἣ
1497 2301 1535 2329 τίς
1553 2301 1674 2325 κοινωνία
1688 2301 1753 2335 φωτὶ
1767 2300 1830 2336 πρὸς
1855 2300 1917 2325 σκό-

1122 2356 1163 2377 τος
1178 2355 1184 2381 ;
1200 2348 1240 2376 τίς
1257 2343 1286 2372 δὲ
1307 2348 1476 2381 συμφώνησις
1497 2348 1602 2382 Χριστῷ
1622 2346 1685 2381 πρὸς
1712 2343 1821 2377 Βελίαλῖ
1837 2344 1852 2374 ἦ
1879 2346 1917 2374 τίς

1122 2393 1193 2428 μερὶς
1207 2394 1293 2425 πιστῷ
1306 2390 1370 2426 μετὰ
1385 2389 1517 2422 ἀπίστου;
1538 2391 1578 2420 τίς
1603 2387 1632 2414 δὲ
1652 2388 1844 2424 συγκατάθεσις
1867 2391 1915 2423 ναῷ

1123 2440 1189 2463 Θεου
1202 2437 1267 2472 μετὰ
1282 2433 1393 2461 εἰδώλων
1408 2442 1415 2468 ;

1122 2507 1182 2533 ὀτι
1198 2509 1240 2532 τὸν
1260 2507 1446 2533 ὑπακούσαντα
1471 2505 1527 2540 (63)
1553 2509 1589 2540 τῷ
1617 2504 1763 2541 Εὐαγγελίῳ
1788 2503 1830 2531 δεῖ
1852 2508 1918 2542 πρῶ-

1159 2561 1201 2578 τον
1232 2552 1426 2588 καθαρισθῆναι
1452 2549 1502 2576 ἀπὸ
1536 2551 1630 2580 παντὸς
1662 2549 1797 2586 μολυσμου
1827 2551 1918 2587 σαρκός

1130 2730 1137 2738 ρ
1160 2693 1216 2738 (62)
1231 2692 1329 2737 βάίιίο
1340 2693 1467 2728 utraque
1486 2691 1546 2730 ἐρεῖ,
1570 2691 1626 2719 οὐκ.
1652 2692 1722 2727 Reg.
1746 2691 1849 2720 tertius
1872 2691 1920 2730 ἐρεῖ

1125 2730 1195 2766 ὑμῖν,
1209 2729 1266 2755 οὐκ.
1380 2763 1386 2768 1
1498 2764 1504 2769 _

1162 2766 1220 2803 (63)
1236 2765 1306 2799 Reg.
1323 2764 1425 2792 tertius
1437 2765 1480 2790 τὸν
1493 2764 1667 2792 ὑπακούοντα.
