  <div class='ocr_page' id='page_1' title='image "/cluster/home/n/w/nwhite01/storage/ocr_20150623/31/njp.32101013202609/434.png"; bbox 0 0 2052 3130; ppageno 0'>
   <div class='ocr_carea' id='block_1_1' title="bbox 75 128 133 153">
    <p class='ocr_par' dir='ltr' id='par_1_1' title="bbox 75 128 133 153">
     <span class='ocr_line' id='line_1_1' title="bbox 75 128 133 153; baseline 0.017 -1"><span class='ocrx_word' id='word_1_1' title='bbox 75 128 133 153; x_wconf 73' lang='grc'><strong><em>813</em></strong></span> 
     </span>
    </p>
   </div>
   <div class='ocr_carea' id='block_1_2' title="bbox 847 128 1012 156">
    <p class='ocr_par' dir='ltr' id='par_1_2' title="bbox 847 128 1012 156">
     <span class='ocr_line' id='line_1_2' title="bbox 847 128 1012 156; baseline 0.006 -1"><span class='ocrx_word' id='word_1_2' title='bbox 847 128 1012 156; x_wconf 75' lang='lat' dir='ltr'><strong><em>MOBALIA.</em></strong></span> 
     </span>
    </p>
   </div>
   <div class='ocr_carea' id='block_1_3' title="bbox 1716 136 1767 162">
    <p class='ocr_par' dir='ltr' id='par_1_3' title="bbox 1716 136 1767 162">
     <span class='ocr_line' id='line_1_3' title="bbox 1716 136 1767 162; baseline 0.02 -1"><span class='ocrx_word' id='word_1_3' title='bbox 1716 136 1767 162; x_wconf 78' lang='grc'><strong><em>814</em></strong></span> 
     </span>
    </p>
   </div>
   <div class='ocr_carea' id='block_1_4' title="bbox 75 185 884 230">
    <p class='ocr_par' dir='ltr' id='par_1_4' title="bbox 75 185 879 225">
     <span class='ocr_line' id='line_1_4' title="bbox 75 185 879 225; baseline 0.004 -13"><span class='ocrx_word' id='word_1_4' title='bbox 75 196 152 223; x_wconf 79' lang='grc' dir='ltr'>μενοι</span> <span class='ocrx_word' id='word_1_5' title='bbox 165 198 171 203; x_wconf 88' lang='grc'>·</span> <span class='ocrx_word' id='word_1_6' title='bbox 188 190 219 223; x_wconf 78' lang='grc' dir='ltr'>τῇ</span> <span class='ocrx_word' id='word_1_7' title='bbox 247 185 352 223; x_wconf 78' lang='grc' dir='ltr'>σπονδῇ</span> <span class='ocrx_word' id='word_1_8' title='bbox 376 190 412 223; x_wconf 79' lang='grc' dir='ltr'><strong><em>μή</em></strong></span> <span class='ocrx_word' id='word_1_9' title='bbox 428 187 533 225; x_wconf 78' lang='grc' dir='ltr'>ὀκνηροι</span> <span class='ocrx_word' id='word_1_10' title='bbox 546 199 552 205; x_wconf 90' lang='grc'><strong>·</strong></span> <span class='ocrx_word' id='word_1_11' title='bbox 569 193 604 224; x_wconf 72' lang='grc' dir='ltr'>τῷ</span> <span class='ocrx_word' id='word_1_12' title='bbox 620 191 747 225; x_wconf 70' lang='grc' dir='ltr'>πνεύματι</span> <span class='ocrx_word' id='word_1_13' title='bbox 763 191 861 220; x_wconf 80' lang='grc' dir='ltr'>ζέοντες</span> <span class='ocrx_word' id='word_1_14' title='bbox 873 200 879 206; x_wconf 85' lang='grc'>·</span> 
     </span>
    </p>
   </div>
   <div class='ocr_carea' id='block_1_5' title="bbox 941 185 1766 230">
    <p class='ocr_par' dir='ltr' id='par_1_5' title="bbox 941 190 1766 230">
     <span class='ocr_line' id='line_1_5' title="bbox 941 190 1766 230; baseline 0.006 -13"><span class='ocrx_word' id='word_1_15' title='bbox 941 193 962 217; x_wconf 73' lang='lat' dir='ltr'><strong><em>et</em></strong></span> <span class='ocrx_word' id='word_1_16' title='bbox 979 190 1074 218; x_wconf 86' lang='lat' dir='ltr'><strong><em>nolite</em></strong></span> <span class='ocrx_word' id='word_1_17' title='bbox 1097 190 1287 218; x_wconf 68' lang='lat' dir='ltr'><strong><em>maledicti&#39;e.</em></strong></span> <span class='ocrx_word' id='word_1_18' title='bbox 1306 191 1438 218; x_wconf 78' lang='lat' dir='ltr'><strong><em>Gaudete</em></strong></span> <span class='ocrx_word' id='word_1_19' title='bbox 1464 200 1530 219; x_wconf 87' lang='lat' dir='ltr'><strong><em>cum</em></strong></span> <span class='ocrx_word' id='word_1_20' title='bbox 1555 193 1766 230; x_wconf 77' lang='lat' dir='ltr'><strong><em>gaudentibus,</em></strong></span> 
     </span>
    </p>
   </div>
   <div class='ocr_carea' id='block_1_6' title="bbox 75 230 878 271">
    <p class='ocr_par' dir='ltr' id='par_1_6' title="bbox 75 230 878 271">
     <span class='ocr_line' id='line_1_6' title="bbox 75 230 878 271; baseline 0.002 -13"><span class='ocrx_word' id='word_1_21' title='bbox 75 236 114 267; x_wconf 76' lang='grc' dir='ltr'>τῷ</span> <span class='ocrx_word' id='word_1_22' title='bbox 147 234 234 269; x_wconf 80' lang='grc' dir='ltr'>Κυρίῳ</span> <span class='ocrx_word' id='word_1_23' title='bbox 264 230 448 263; x_wconf 71' lang='grc' dir='ltr'>δουλεύοντες·</span> <span class='ocrx_word' id='word_1_24' title='bbox 479 237 510 268; x_wconf 81' lang='grc' dir='ltr'>τῇ</span> <span class='ocrx_word' id='word_1_25' title='bbox 540 231 627 259; x_wconf 68' lang='grc' dir='ltr'>ἑλπίδι</span> <span class='ocrx_word' id='word_1_26' title='bbox 658 236 814 271; x_wconf 84' lang='grc' dir='ltr'>χαίροντες·</span> <span class='ocrx_word' id='word_1_27' title='bbox 848 238 878 270; x_wconf 75' lang='grc' dir='ltr'>τῇ</span> 
     </span>
    </p>
   </div>
   <div class='ocr_carea' id='block_1_7' title="bbox 77 275 879 315">
    <p class='ocr_par' dir='ltr' id='par_1_7' title="bbox 77 275 879 315">
     <span class='ocr_line' id='line_1_7' title="bbox 77 275 879 315; baseline 0.001 -12"><span class='ocrx_word' id='word_1_28' title='bbox 77 275 167 312; x_wconf 65' lang='grc' dir='ltr'>θλίψει</span> <span class='ocrx_word' id='word_1_29' title='bbox 183 277 352 312; x_wconf 74' lang='grc' dir='ltr'><strong><em>ὑπομένοντες</em></strong></span> <span class='ocrx_word' id='word_1_30' title='bbox 363 287 370 293; x_wconf 70' lang='grc' dir='ltr'><strong>θ</strong></span> <span class='ocrx_word' id='word_1_31' title='bbox 453 282 592 314; x_wconf 72' lang='grc' dir='ltr'>προσευχῇ</span> <span class='ocrx_word' id='word_1_32' title='bbox 609 282 862 315; x_wconf 69' lang='grc' dir='ltr'><strong><em>προσκαρτεροῦντες</em></strong></span> <span class='ocrx_word' id='word_1_33' title='bbox 872 289 879 296; x_wconf 89' lang='grc'><strong>·</strong></span> 
     </span>
    </p>
   </div>
   <div class='ocr_carea' id='block_1_8' title="bbox 77 320 882 359">
    <p class='ocr_par' dir='ltr' id='par_1_8' title="bbox 77 320 882 359">
     <span class='ocr_line' id='line_1_8' title="bbox 77 320 882 359; baseline 0.004 -13"><span class='ocrx_word' id='word_1_34' title='bbox 77 325 137 351; x_wconf 83' lang='grc' dir='ltr'>ταῖς</span> <span class='ocrx_word' id='word_1_35' title='bbox 151 323 257 358; x_wconf 82' lang='grc' dir='ltr'><strong><em>χρείαις</em></strong></span> <span class='ocrx_word' id='word_1_36' title='bbox 273 325 323 347; x_wconf 81' lang='grc' dir='ltr'>τῶν</span> <span class='ocrx_word' id='word_1_37' title='bbox 339 320 419 357; x_wconf 82' lang='grc' dir='ltr'>ἁγίων</span> <span class='ocrx_word' id='word_1_38' title='bbox 435 326 616 353; x_wconf 79' lang='grc' dir='ltr'><strong><em>κοινωνοῦντες</em></strong></span> <span class='ocrx_word' id='word_1_39' title='bbox 629 324 701 357; x_wconf 73' lang='grc'><strong><em>(17)·</em></strong></span> <span class='ocrx_word' id='word_1_40' title='bbox 717 325 765 352; x_wconf 83' lang='grc' dir='ltr'>τὴν</span> <span class='ocrx_word' id='word_1_41' title='bbox 784 322 882 359; x_wconf 75' lang='grc' dir='ltr'>φιλοξε-</span> 
     </span>
    </p>
   </div>
   <div class='ocr_carea' id='block_1_9' title="bbox 77 364 881 404">
    <p class='ocr_par' dir='ltr' id='par_1_9' title="bbox 77 364 881 404">
     <span class='ocr_line' id='line_1_9' title="bbox 77 364 881 404; baseline 0.004 -13"><span class='ocrx_word' id='word_1_42' title='bbox 77 368 135 391; x_wconf 86' lang='grc' dir='ltr'>νίαν</span> <span class='ocrx_word' id='word_1_43' title='bbox 148 364 298 396; x_wconf 77' lang='grc' dir='ltr'>διώκοντες.</span> <span class='ocrx_word' id='word_1_44' title='bbox 320 366 455 402; x_wconf 75' lang='grc' dir='ltr'>Εὑλογεῖτε</span> <span class='ocrx_word' id='word_1_45' title='bbox 470 369 531 398; x_wconf 82' lang='grc' dir='ltr'>τοὺς</span> <span class='ocrx_word' id='word_1_46' title='bbox 550 365 692 398; x_wconf 73' lang='grc' dir='ltr'>διώκοντας</span> <span class='ocrx_word' id='word_1_47' title='bbox 712 369 790 404; x_wconf 78' lang='grc' dir='ltr'>ὑμᾶς·</span> <span class='ocrx_word' id='word_1_48' title='bbox 808 367 881 394; x_wconf 70' lang='grc' dir='ltr'>εὐλο-</span> 
     </span>
    </p>
   </div>
   <div class='ocr_carea' id='block_1_10' title="bbox 77 412 881 449">
    <p class='ocr_par' dir='ltr' id='par_1_10' title="bbox 77 412 881 449">
     <span class='ocr_line' id='line_1_10' title="bbox 77 412 881 449; baseline 0.002 -13"><span class='ocrx_word' id='word_1_49' title='bbox 77 414 156 446; x_wconf 80' lang='grc' dir='ltr'>γεῖτε,</span> <span class='ocrx_word' id='word_1_50' title='bbox 172 413 218 436; x_wconf 84' lang='grc' dir='ltr'>καὶ</span> <span class='ocrx_word' id='word_1_51' title='bbox 231 412 268 447; x_wconf 83' lang='grc' dir='ltr'><strong><em>μή</em></strong></span> <span class='ocrx_word' id='word_1_52' title='bbox 282 412 441 448; x_wconf 79' lang='grc' dir='ltr'>καταρᾶσθε.</span> <span class='ocrx_word' id='word_1_53' title='bbox 458 414 564 448; x_wconf 78' lang='grc' dir='ltr'><strong><em>Χαίρειν</em></strong></span> <span class='ocrx_word' id='word_1_54' title='bbox 579 414 644 448; x_wconf 80' lang='grc' dir='ltr'>μετὰ</span> <span class='ocrx_word' id='word_1_55' title='bbox 658 414 815 449; x_wconf 78' lang='grc' dir='ltr'>χαιρόντων,</span> <span class='ocrx_word' id='word_1_56' title='bbox 836 414 881 439; x_wconf 85' lang='grc' dir='ltr'>καὶ</span> 
     </span>
    </p>
   </div>
   <div class='ocr_carea' id='block_1_11' title="bbox 77 455 881 494">
    <p class='ocr_par' dir='ltr' id='par_1_11' title="bbox 77 455 881 494">
     <span class='ocr_line' id='line_1_11' title="bbox 77 455 881 494; baseline 0.004 -14"><span class='ocrx_word' id='word_1_57' title='bbox 77 455 177 482; x_wconf 77' lang='grc' dir='ltr'>κλαίειν</span> <span class='ocrx_word' id='word_1_58' title='bbox 189 457 256 492; x_wconf 81' lang='grc' dir='ltr'>μετὰ</span> <span class='ocrx_word' id='word_1_59' title='bbox 278 455 429 482; x_wconf 83' lang='grc' dir='ltr'>κλαιόντων.</span> <span class='ocrx_word' id='word_1_60' title='bbox 445 458 479 482; x_wconf 91' lang='grc' dir='ltr'><strong><em>Τὸ</em></strong></span> <span class='ocrx_word' id='word_1_61' title='bbox 493 456 556 482; x_wconf 70' lang='grc' dir='ltr'>αὐτὸ</span> <span class='ocrx_word' id='word_1_62' title='bbox 572 456 605 486; x_wconf 79' lang='grc' dir='ltr'>εἰς</span> <span class='ocrx_word' id='word_1_63' title='bbox 621 456 743 488; x_wconf 77' lang='grc' dir='ltr'><strong><em>ἀλλήλους</em></strong></span> <span class='ocrx_word' id='word_1_64' title='bbox 757 460 881 494; x_wconf 69' lang='grc' dir='ltr'>φρονοῦν-</span> 
     </span>
    </p>
   </div>
   <div class='ocr_carea' id='block_1_12' title="bbox 77 499 880 538">
    <p class='ocr_par' dir='ltr' id='par_1_12' title="bbox 77 499 880 538">
     <span class='ocr_line' id='line_1_12' title="bbox 77 499 880 538; baseline 0.002 -13"><span class='ocrx_word' id='word_1_65' title='bbox 77 509 137 530; x_wconf 84' lang='grc' dir='ltr'>τες·</span> <span class='ocrx_word' id='word_1_66' title='bbox 162 502 198 536; x_wconf 85' lang='grc' dir='ltr'>μὴ</span> <span class='ocrx_word' id='word_1_67' title='bbox 220 501 255 526; x_wconf 82' lang='grc' dir='ltr'><strong><em>τὰ</em></strong></span> <span class='ocrx_word' id='word_1_68' title='bbox 277 499 367 535; x_wconf 72' lang='grc' dir='ltr'>ὑψηλὰ</span> <span class='ocrx_word' id='word_1_69' title='bbox 395 504 556 538; x_wconf 71' lang='grc' dir='ltr'><strong><em>φρονοῦντες,</em></strong></span> <span class='ocrx_word' id='word_1_70' title='bbox 586 500 650 527; x_wconf 70' lang='grc' dir='ltr'>ἀλλὰ</span> <span class='ocrx_word' id='word_1_71' title='bbox 672 505 728 532; x_wconf 87' lang='grc' dir='ltr'>τοῖς</span> <span class='ocrx_word' id='word_1_72' title='bbox 752 505 880 532; x_wconf 72' lang='grc' dir='ltr'><strong><em>ταπεινοῖς</em></strong></span> 
     </span>
    </p>
   </div>
   <div class='ocr_carea' id='block_1_13' title="bbox 78 545 879 583">
    <p class='ocr_par' dir='ltr' id='par_1_13' title="bbox 78 545 879 583">
     <span class='ocr_line' id='line_1_13' title="bbox 78 545 879 583; baseline 0.001 -12"><span class='ocrx_word' id='word_1_73' title='bbox 78 546 301 580; x_wconf 77' lang='grc' dir='ltr'>συναπαγόμενοι.</span> <span class='ocrx_word' id='word_1_74' title='bbox 329 547 372 574; x_wconf 86' lang='grc' dir='ltr'><strong><em>Μὴ</em></strong></span> <span class='ocrx_word' id='word_1_75' title='bbox 401 546 505 580; x_wconf 84' lang='grc' dir='ltr'>γίνεσθε</span> <span class='ocrx_word' id='word_1_76' title='bbox 533 547 652 582; x_wconf 74' lang='grc' dir='ltr'>φρόνιμοι</span> <span class='ocrx_word' id='word_1_77' title='bbox 675 546 737 583; x_wconf 82' lang='grc' dir='ltr'>παρ’</span> <span class='ocrx_word' id='word_1_78' title='bbox 760 545 879 577; x_wconf 72' lang='grc' dir='ltr'>ἑαυτοῖς·</span> 
     </span>
    </p>
   </div>
   <div class='ocr_carea' id='block_1_14' title="bbox 78 588 881 628">
    <p class='ocr_par' dir='ltr' id='par_1_14' title="bbox 78 588 881 628">
     <span class='ocr_line' id='line_1_14' title="bbox 78 588 881 628; baseline 0.001 -13"><span class='ocrx_word' id='word_1_79' title='bbox 78 588 175 626; x_wconf 73' lang='grc' dir='ltr'>μηδενὶ</span> <span class='ocrx_word' id='word_1_80' title='bbox 188 591 269 615; x_wconf 76' lang='grc' dir='ltr'>κακὸν</span> <span class='ocrx_word' id='word_1_81' title='bbox 294 589 351 615; x_wconf 74' lang='grc' dir='ltr'>ἀντὶ</span> <span class='ocrx_word' id='word_1_82' title='bbox 374 593 455 615; x_wconf 79' lang='grc' dir='ltr'>κακοῦ</span> <span class='ocrx_word' id='word_1_83' title='bbox 480 588 668 620; x_wconf 73' lang='grc' dir='ltr'>ἀποδιδόντες·</span> <span class='ocrx_word' id='word_1_84' title='bbox 698 592 881 628; x_wconf 73' lang='grc' dir='ltr'><strong><em>προνοούμενοι</em></strong></span> 
     </span>
    </p>
   </div>
   <div class='ocr_carea' id='block_1_15' title="bbox 78 633 881 672">
    <p class='ocr_par' dir='ltr' id='par_1_15' title="bbox 78 633 881 672">
     <span class='ocr_line' id='line_1_15' title="bbox 78 633 881 672; baseline 0.001 -12"><span class='ocrx_word' id='word_1_85' title='bbox 78 634 149 660; x_wconf 75' lang='grc' dir='ltr'>καλὰ</span> <span class='ocrx_word' id='word_1_86' title='bbox 165 633 269 660; x_wconf 80' lang='grc' dir='ltr'>ἰνώπιον</span> <span class='ocrx_word' id='word_1_87' title='bbox 297 635 399 660; x_wconf 76' lang='grc' dir='ltr'>πάντων</span> <span class='ocrx_word' id='word_1_88' title='bbox 424 633 576 672; x_wconf 80' lang='grc' dir='ltr'>ἀνθρώπων.</span> <span class='ocrx_word' id='word_1_89' title='bbox 604 635 635 661; x_wconf 86' lang='grc' dir='ltr'><strong>Εἰ</strong></span> <span class='ocrx_word' id='word_1_90' title='bbox 659 633 778 671; x_wconf 81' lang='grc' dir='ltr'>δυνατὸν,</span> <span class='ocrx_word' id='word_1_91' title='bbox 801 637 830 661; x_wconf 82' lang='grc' dir='ltr'>τὸ</span> <span class='ocrx_word' id='word_1_92' title='bbox 855 634 881 666; x_wconf 81' lang='grc' dir='ltr'><em>ἐξ</em></span> 
     </span>
    </p>
   </div>
   <div class='ocr_carea' id='block_1_16' title="bbox 81 678 879 717">
    <p class='ocr_par' dir='ltr' id='par_1_16' title="bbox 81 678 879 717">
     <span class='ocr_line' id='line_1_16' title="bbox 81 678 879 717; baseline 0.003 -13"><span class='ocrx_word' id='word_1_93' title='bbox 81 680 178 715; x_wconf 73' lang='grc' dir='ltr'>ὑμῶν,</span> <span class='ocrx_word' id='word_1_94' title='bbox 212 680 275 715; x_wconf 79' lang='grc' dir='ltr'>μετὰ</span> <span class='ocrx_word' id='word_1_95' title='bbox 307 680 409 705; x_wconf 73' lang='grc' dir='ltr'>πάντων</span> <span class='ocrx_word' id='word_1_96' title='bbox 444 678 586 716; x_wconf 79' lang='grc' dir='ltr'>ἀνθρώπων</span> <span class='ocrx_word' id='word_1_97' title='bbox 623 680 808 717; x_wconf 76' lang='grc' dir='ltr'>εἰρηνεύοντες·</span> <span class='ocrx_word' id='word_1_98' title='bbox 843 682 879 716; x_wconf 79' lang='grc' dir='ltr'>μὴ</span> 
     </span>
    </p>
   </div>
   <div class='ocr_carea' id='block_1_17' title="bbox 84 721 879 761">
    <p class='ocr_par' dir='ltr' id='par_1_17' title="bbox 84 721 879 761">
     <span class='ocr_line' id='line_1_17' title="bbox 84 721 879 761; baseline 0.001 -11"><span class='ocrx_word' id='word_1_99' title='bbox 84 724 188 753; x_wconf 66' lang='grc' dir='ltr'>ἑαυτούς</span> <span class='ocrx_word' id='word_1_100' title='bbox 213 721 386 757; x_wconf 60' lang='grc' dir='ltr'>ἐκδικοῦντες,</span> <span class='ocrx_word' id='word_1_101' title='bbox 404 723 547 759; x_wconf 79' lang='grc' dir='ltr'>ἀγαπητοι,</span> <span class='ocrx_word' id='word_1_102' title='bbox 569 723 632 750; x_wconf 74' lang='grc' dir='ltr'>ἀλλὰ</span> <span class='ocrx_word' id='word_1_103' title='bbox 659 723 719 751; x_wconf 67' lang='grc' dir='ltr'>δότε</span> <span class='ocrx_word' id='word_1_104' title='bbox 745 727 822 751; x_wconf 86' lang='grc' dir='ltr'><strong><em>τόπον</em></strong></span> <span class='ocrx_word' id='word_1_105' title='bbox 847 729 879 761; x_wconf 79' lang='grc' dir='ltr'><strong><em>τῇ</em></strong></span> 
     </span>
    </p>
   </div>
   <div class='ocr_carea' id='block_1_18' title="bbox 84 767 881 805">
    <p class='ocr_par' dir='ltr' id='par_1_18' title="bbox 84 767 881 805">
     <span class='ocr_line' id='line_1_18' title="bbox 84 767 881 805; baseline 0.003 -11"><span class='ocrx_word' id='word_1_106' title='bbox 84 768 148 805; x_wconf 77' lang='grc' dir='ltr'>ὀργῇ</span> <span class='ocrx_word' id='word_1_107' title='bbox 162 778 168 785; x_wconf 67' lang='grc'><strong>⁸</strong></span> <span class='ocrx_word' id='word_1_108' title='bbox 194 771 342 805; x_wconf 78' lang='grc' dir='ltr'>γέγραπται</span> <span class='ocrx_word' id='word_1_109' title='bbox 355 770 406 805; x_wconf 84' lang='grc' dir='ltr'><strong><em>γὰρ</em></strong></span> <span class='ocrx_word' id='word_1_110' title='bbox 420 779 427 785; x_wconf 92' lang='grc'><strong>·</strong></span> <span class='ocrx_word' id='word_1_111' title='bbox 443 769 515 805; x_wconf 80' lang='grc' dir='ltr'>Ἐμοὶ</span> <span class='ocrx_word' id='word_1_112' title='bbox 539 767 687 802; x_wconf 76' lang='grc' dir='ltr'>ἐκδίκησις,</span> <span class='ocrx_word' id='word_1_113' title='bbox 703 769 751 805; x_wconf 77' lang='grc' dir='ltr'><strong><em>ἐγὼ</em></strong></span> <span class='ocrx_word' id='word_1_114' title='bbox 766 770 881 796; x_wconf 78' lang='grc' dir='ltr'>ἀνταπο-</span> 
     </span>
    </p>
   </div>
   <div class='ocr_carea' id='block_1_19' title="bbox 83 811 881 850">
    <p class='ocr_par' dir='ltr' id='par_1_19' title="bbox 83 811 881 850">
     <span class='ocr_line' id='line_1_19' title="bbox 83 811 881 850; baseline 0.003 -12"><span class='ocrx_word' id='word_1_115' title='bbox 83 811 171 845; x_wconf 68' lang='grc' dir='ltr'>δώσω,</span> <span class='ocrx_word' id='word_1_116' title='bbox 185 812 254 848; x_wconf 76' lang='grc' dir='ltr'>λέγει</span> <span class='ocrx_word' id='word_1_117' title='bbox 279 814 384 849; x_wconf 81' lang='grc' dir='ltr'>Κύριος.</span> <span class='ocrx_word' id='word_1_118' title='bbox 399 813 477 839; x_wconf 74' lang='grc' dir='ltr'>Ἀλλὰ</span> <span class='ocrx_word' id='word_1_119' title='bbox 501 813 543 839; x_wconf 78' lang='grc' dir='ltr'><strong><em>ἐὰν</em></strong></span> <span class='ocrx_word' id='word_1_120' title='bbox 569 817 645 849; x_wconf 85' lang='grc' dir='ltr'>πει.νᾴ</span> <span class='ocrx_word' id='word_1_121' title='bbox 665 814 677 839; x_wconf 83' lang='grc' dir='ltr'><strong><em>ὁ</em></strong></span> <span class='ocrx_word' id='word_1_122' title='bbox 702 813 797 850; x_wconf 78' lang='grc' dir='ltr'>ἐχθρός</span> <span class='ocrx_word' id='word_1_123' title='bbox 822 824 881 847; x_wconf 82' lang='grc' dir='ltr'>σου,</span> 
     </span>
    </p>
   </div>
   <div class='ocr_carea' id='block_1_20' title="bbox 936 235 1768 270">
    <p class='ocr_par' dir='ltr' id='par_1_20' title="bbox 936 235 1768 270">
     <span class='ocr_line' id='line_1_20' title="bbox 936 235 1768 270; baseline 0.008 -9"><span class='ocrx_word' id='word_1_124' title='bbox 936 238 962 262; x_wconf 87' lang='lat' dir='ltr'><strong><em>et</em></strong></span> <span class='ocrx_word' id='word_1_125' title='bbox 973 236 1042 269; x_wconf 76' lang='lat' dir='ltr'><strong><em>[lete</em></strong></span> <span class='ocrx_word' id='word_1_126' title='bbox 1054 235 1274 269; x_wconf 84' lang='lat' dir='ltr'><strong><em>cum/lentzbus</em></strong></span> <span class='ocrx_word' id='word_1_127' title='bbox 1283 243 1293 262; x_wconf 91' lang='lat'><strong><em>.&#39;</em></strong></span> <span class='ocrx_word' id='word_1_128' title='bbox 1305 236 1431 270; x_wconf 78' lang='lat' dir='ltr'><strong><em>idipsum</em></strong></span> <span class='ocrx_word' id='word_1_129' title='bbox 1446 237 1571 265; x_wconf 78' lang='lat' dir='ltr'><strong><em>invicem</em></strong></span> <span class='ocrx_word' id='word_1_130' title='bbox 1587 239 1744 268; x_wconf 73' lang='lat' dir='ltr'><strong><em>sentientes</em></strong></span> <span class='ocrx_word' id='word_1_131' title='bbox 1757 249 1768 270; x_wconf 86' lang='grc'>.-</span> 
     </span>
    </p>
   </div>
   <div class='ocr_carea' id='block_1_21' title="bbox 936 279 1764 314">
    <p class='ocr_par' dir='ltr' id='par_1_21' title="bbox 936 279 1764 314">
     <span class='ocr_line' id='line_1_21' title="bbox 936 279 1764 314; baseline 0.008 -9"><span class='ocrx_word' id='word_1_132' title='bbox 936 286 996 306; x_wconf 83' lang='grc' dir='ltr'><strong><em>ηοη</em></strong></span> <span class='ocrx_word' id='word_1_133' title='bbox 1010 279 1075 307; x_wconf 90' lang='lat' dir='ltr'><strong><em>alta</em></strong></span> <span class='ocrx_word' id='word_1_134' title='bbox 1090 280 1250 314; x_wconf 71' lang='lat' dir='ltr'><strong><em>sapientes,</em></strong></span> <span class='ocrx_word' id='word_1_135' title='bbox 1270 280 1321 307; x_wconf 87' lang='lat' dir='ltr'><strong><em>sed</em></strong></span> <span class='ocrx_word' id='word_1_136' title='bbox 1346 281 1511 309; x_wconf 74' lang='lat' dir='ltr'><strong><em>humilibus</em></strong></span> <span class='ocrx_word' id='word_1_137' title='bbox 1535 284 1764 312; x_wconf 72' lang='lat' dir='ltr'><strong><em>consentientes.</em></strong></span> 
     </span>
    </p>
   </div>
   <div class='ocr_carea' id='block_1_22' title="bbox 935 323 1770 362">
    <p class='ocr_par' dir='ltr' id='par_1_22' title="bbox 935 323 1770 362">
     <span class='ocr_line' id='line_1_22' title="bbox 935 323 1770 362; baseline 0.008 -11"><span class='ocrx_word' id='word_1_138' title='bbox 935 323 1037 352; x_wconf 77' lang='lat' dir='ltr'><strong><em>Nolite</em></strong></span> <span class='ocrx_word' id='word_1_139' title='bbox 1061 331 1122 352; x_wconf 85' lang='lat' dir='ltr'><strong><em>esse</em></strong></span> <span class='ocrx_word' id='word_1_140' title='bbox 1147 324 1310 358; x_wconf 78' lang='lat' dir='ltr'><strong><em>prudentes</em></strong></span> <span class='ocrx_word' id='word_1_141' title='bbox 1338 325 1422 358; x_wconf 83' lang='lat' dir='ltr'><strong><em>apud</em></strong></span> <span class='ocrx_word' id='word_1_142' title='bbox 1446 327 1635 362; x_wconf 71' lang='lat' dir='ltr'><strong><em>vosmetipsos</em></strong></span> <span class='ocrx_word' id='word_1_143' title='bbox 1656 337 1665 356; x_wconf 91' lang='lat'><em>:</em></span> <span class='ocrx_word' id='word_1_144' title='bbox 1687 329 1770 358; x_wconf 80' lang='lat' dir='ltr'><strong><em>nulli</em></strong></span> 
     </span>
    </p>
   </div>
   <div class='ocr_carea' id='block_1_23' title="bbox 936 368 1769 405">
    <p class='ocr_par' dir='ltr' id='par_1_23' title="bbox 936 368 1769 405">
     <span class='ocr_line' id='line_1_23' title="bbox 936 368 1769 405; baseline 0.008 -10"><span class='ocrx_word' id='word_1_145' title='bbox 936 368 1050 396; x_wconf 82' lang='lat' dir='ltr'><strong><em>malum</em></strong></span> <span class='ocrx_word' id='word_1_146' title='bbox 1077 376 1134 402; x_wconf 84' lang='lat' dir='ltr'><strong><em>pro</em></strong></span> <span class='ocrx_word' id='word_1_147' title='bbox 1164 369 1246 396; x_wconf 83' lang='lat' dir='ltr'><strong><em>malo</em></strong></span> <span class='ocrx_word' id='word_1_148' title='bbox 1270 369 1428 397; x_wconf 87' lang='lat' dir='ltr'><strong><em>reddentes</em></strong></span> <span class='ocrx_word' id='word_1_149' title='bbox 1454 378 1459 397; x_wconf 91' lang='lat'>:</span> <span class='ocrx_word' id='word_1_150' title='bbox 1478 372 1670 405; x_wconf 77' lang='lat' dir='ltr'><strong><em>providentes</em></strong></span> <span class='ocrx_word' id='word_1_151' title='bbox 1691 373 1769 402; x_wconf 89' lang='lat' dir='ltr'><strong><em>bona</em></strong></span> 
     </span>
    </p>
   </div>
   <div class='ocr_carea' id='block_1_24' title="bbox 936 413 1770 454">
    <p class='ocr_par' dir='ltr' id='par_1_24' title="bbox 936 413 1770 454">
     <span class='ocr_line' id='line_1_24' title="bbox 936 413 1770 454; baseline 0.008 -14"><span class='ocrx_word' id='word_1_152' title='bbox 936 420 1038 440; x_wconf 85' lang='lat' dir='ltr'><strong><em>coram</em></strong></span> <span class='ocrx_word' id='word_1_153' title='bbox 1051 413 1198 442; x_wconf 72' lang='lat' dir='ltr'><strong><em>omnibus</em></strong></span> <span class='ocrx_word' id='word_1_154' title='bbox 1225 413 1407 441; x_wconf 85' lang='lat' dir='ltr'><strong><em>hominibus.</em></strong></span> <span class='ocrx_word' id='word_1_155' title='bbox 1427 414 1461 442; x_wconf 84' lang='lat' dir='ltr'><strong><em>Si</em></strong></span> <span class='ocrx_word' id='word_1_156' title='bbox 1482 415 1551 449; x_wconf 83' lang='lat' dir='ltr'><strong><em>ﬁeri</em></strong></span> <span class='ocrx_word' id='word_1_157' title='bbox 1566 420 1674 451; x_wconf 87' lang='lat' dir='ltr'><strong><em>potest,</em></strong></span> <span class='ocrx_word' id='word_1_158' title='bbox 1689 419 1770 454; x_wconf 83' lang='lat' dir='ltr'><strong><em>quod</em></strong></span> 
     </span>
    </p>
   </div>
   <div class='ocr_carea' id='block_1_25' title="bbox 936 458 1768 496">
    <p class='ocr_par' dir='ltr' id='par_1_25' title="bbox 936 458 1768 496">
     <span class='ocr_line' id='line_1_25' title="bbox 936 458 1768 496; baseline 0.008 -11"><span class='ocrx_word' id='word_1_159' title='bbox 936 465 974 486; x_wconf 71' lang='lat' dir='ltr'><strong><em>ex</em></strong></span> <span class='ocrx_word' id='word_1_160' title='bbox 990 458 1071 485; x_wconf 83' lang='lat' dir='ltr'><strong><em>vobis</em></strong></span> <span class='ocrx_word' id='word_1_161' title='bbox 1087 460 1139 492; x_wconf 89' lang='lat' dir='ltr'><strong><em>est,</em></strong></span> <span class='ocrx_word' id='word_1_162' title='bbox 1157 465 1224 485; x_wconf 86' lang='lat' dir='ltr'><strong><em>cum</em></strong></span> <span class='ocrx_word' id='word_1_163' title='bbox 1249 458 1386 486; x_wconf 82' lang='lat' dir='ltr'><strong><em>omnibus</em></strong></span> <span class='ocrx_word' id='word_1_164' title='bbox 1403 459 1573 488; x_wconf 87' lang='lat' dir='ltr'><strong><em>hominibus</em></strong></span> <span class='ocrx_word' id='word_1_165' title='bbox 1591 469 1696 496; x_wconf 83' lang='lat' dir='ltr'><strong><em>pacem</em></strong></span> <span class='ocrx_word' id='word_1_166' title='bbox 1714 463 1768 492; x_wconf 89' lang='lat' dir='ltr'><strong><em>ha-</em></strong></span> 
     </span>
    </p>
   </div>
   <div class='ocr_carea' id='block_1_26' title="bbox 937 502 1768 542">
    <p class='ocr_par' dir='ltr' id='par_1_26' title="bbox 937 502 1768 542">
     <span class='ocr_line' id='line_1_26' title="bbox 937 502 1768 542; baseline 0.008 -13"><span class='ocrx_word' id='word_1_167' title='bbox 937 502 1036 530; x_wconf 82' lang='lat' dir='ltr'><strong><em>bentes</em></strong></span> <span class='ocrx_word' id='word_1_168' title='bbox 1052 511 1059 530; x_wconf 87' lang='lat'><strong>:</strong></span> <span class='ocrx_word' id='word_1_169' title='bbox 1077 510 1137 530; x_wconf 89' lang='lat' dir='ltr'><strong><em>non</em></strong></span> <span class='ocrx_word' id='word_1_170' title='bbox 1160 503 1350 537; x_wconf 75' lang='lat' dir='ltr'><strong><em>vosmetipsos</em></strong></span> <span class='ocrx_word' id='word_1_171' title='bbox 1375 504 1563 540; x_wconf 75' lang='lat' dir='ltr'><strong><em>ulciscentes,</em></strong></span> <span class='ocrx_word' id='word_1_172' title='bbox 1588 506 1768 542; x_wconf 83' lang='lat' dir='ltr'><strong><em>charissimi,</em></strong></span> 
     </span>
    </p>
   </div>
   <div class='ocr_carea' id='block_1_27' title="bbox 935 546 1770 583">
    <p class='ocr_par' dir='ltr' id='par_1_27' title="bbox 935 546 1770 583">
     <span class='ocr_line' id='line_1_27' title="bbox 935 546 1770 583; baseline 0.007 -9"><span class='ocrx_word' id='word_1_173' title='bbox 935 546 986 575; x_wconf 87' lang='lat' dir='ltr'><strong><em>sed</em></strong></span> <span class='ocrx_word' id='word_1_174' title='bbox 1007 546 1076 574; x_wconf 85' lang='lat' dir='ltr'><strong><em>date</em></strong></span> <span class='ocrx_word' id='word_1_175' title='bbox 1102 547 1199 575; x_wconf 88' lang='lat' dir='ltr'><strong><em>locum</em></strong></span> <span class='ocrx_word' id='word_1_176' title='bbox 1223 547 1297 582; x_wconf 59' lang='lat' dir='ltr'><strong><em>ira;</em></strong></span> <span class='ocrx_word' id='word_1_177' title='bbox 1320 549 1466 583; x_wconf 86' lang='lat' dir='ltr'><strong><em>scriptum</em></strong></span> <span class='ocrx_word' id='word_1_178' title='bbox 1489 552 1532 577; x_wconf 89' lang='lat' dir='ltr'><strong><em>est</em></strong></span> <span class='ocrx_word' id='word_1_179' title='bbox 1555 551 1634 578; x_wconf 88' lang='lat' dir='ltr'><strong><em>enim</em></strong></span> <span class='ocrx_word' id='word_1_180' title='bbox 1658 559 1669 579; x_wconf 91' lang='grc'><strong><em>.·</em></strong></span> <span class='ocrx_word' id='word_1_181' title='bbox 1693 552 1770 580; x_wconf 79' lang='lat' dir='ltr'><strong><em>Mihi</em></strong></span> 
     </span>
    </p>
   </div>
   <div class='ocr_carea' id='block_1_28' title="bbox 935 592 1770 626">
    <p class='ocr_par' dir='ltr' id='par_1_28' title="bbox 935 592 1770 626">
     <span class='ocr_line' id='line_1_28' title="bbox 935 592 1770 626; baseline 0.008 -8"><span class='ocrx_word' id='word_1_182' title='bbox 935 592 1080 624; x_wconf 83' lang='lat' dir='ltr'><strong><em>vindicta,</em></strong></span> <span class='ocrx_word' id='word_1_183' title='bbox 1106 599 1159 626; x_wconf 88' lang='lat' dir='ltr'><strong><em>ego</em></strong></span> <span class='ocrx_word' id='word_1_184' title='bbox 1183 592 1363 626; x_wconf 79' lang='lat' dir='ltr'><strong><em>retribuam,</em></strong></span> <span class='ocrx_word' id='word_1_185' title='bbox 1385 593 1457 620; x_wconf 64' lang='lat' dir='ltr'><strong><em>dicit</em></strong></span> <span class='ocrx_word' id='word_1_186' title='bbox 1483 594 1639 622; x_wconf 79' lang='lat' dir='ltr'><strong><em>Dominus.</em></strong></span> <span class='ocrx_word' id='word_1_187' title='bbox 1663 596 1721 625; x_wconf 87' lang='lat' dir='ltr'><strong><em>Sed</em></strong></span> <span class='ocrx_word' id='word_1_188' title='bbox 1745 598 1770 625; x_wconf 91' lang='lat' dir='ltr'><strong><em>si</em></strong></span> 
     </span>
    </p>
   </div>
   <div class='ocr_carea' id='block_1_29' title="bbox 936 637 1768 677">
    <p class='ocr_par' dir='ltr' id='par_1_29' title="bbox 936 637 1768 677">
     <span class='ocr_line' id='line_1_29' title="bbox 936 637 1768 677; baseline 0.006 -13"><span class='ocrx_word' id='word_1_189' title='bbox 936 637 1075 665; x_wconf 86' lang='lat' dir='ltr'><strong><em>esurierit</em></strong></span> <span class='ocrx_word' id='word_1_190' title='bbox 1088 637 1230 664; x_wconf 83' lang='lat' dir='ltr'><strong><em>inimicus</em></strong></span> <span class='ocrx_word' id='word_1_191' title='bbox 1246 639 1325 671; x_wconf 86' lang='lat' dir='ltr'><strong><em>tuus,</em></strong></span> <span class='ocrx_word' id='word_1_192' title='bbox 1342 638 1408 665; x_wconf 86' lang='lat' dir='ltr'><strong><em>ciba</em></strong></span> <span class='ocrx_word' id='word_1_193' title='bbox 1427 638 1541 667; x_wconf 83' lang='lat' dir='ltr'><strong><em>illum:</em></strong></span> <span class='ocrx_word' id='word_1_194' title='bbox 1556 639 1582 667; x_wconf 90' lang='lat' dir='ltr'><strong><em>si</em></strong></span> <span class='ocrx_word' id='word_1_195' title='bbox 1604 647 1672 668; x_wconf 87' lang='lat' dir='ltr'><strong><em>vero</em></strong></span> <span class='ocrx_word' id='word_1_196' title='bbox 1695 641 1768 677; x_wconf 86' lang='lat' dir='ltr'><strong><em>sitit,</em></strong></span> 
     </span>
    </p>
   </div>
   <div class='ocr_carea' id='block_1_30' title="bbox 932 680 1770 716">
    <p class='ocr_par' dir='ltr' id='par_1_30' title="bbox 932 680 1770 716">
     <span class='ocr_line' id='line_1_30' title="bbox 932 680 1770 716; baseline 0.006 -8"><span class='ocrx_word' id='word_1_197' title='bbox 932 683 1038 715; x_wconf 88' lang='lat' dir='ltr'><strong><em>potum</em></strong></span> <span class='ocrx_word' id='word_1_198' title='bbox 1053 680 1093 708; x_wconf 84' lang='lat' dir='ltr'><strong><em>da</em></strong></span> <span class='ocrx_word' id='word_1_199' title='bbox 1104 680 1161 708; x_wconf 88' lang='lat' dir='ltr'><strong><em>illi.</em></strong></span> <span class='ocrx_word' id='word_1_200' title='bbox 1177 680 1251 709; x_wconf 84' lang='lat' dir='ltr'><strong><em>Noti</em></strong></span> <span class='ocrx_word' id='word_1_201' title='bbox 1264 682 1373 709; x_wconf 75' lang='lat' dir='ltr'><strong><em>vincia</em></strong></span> <span class='ocrx_word' id='word_1_202' title='bbox 1384 682 1476 716; x_wconf 89' lang='lat' dir='ltr'><strong><em>malo,</em></strong></span> <span class='ocrx_word' id='word_1_203' title='bbox 1490 683 1542 710; x_wconf 82' lang='lat' dir='ltr'><strong><em>sed</em></strong></span> <span class='ocrx_word' id='word_1_204' title='bbox 1553 684 1638 712; x_wconf 85' lang='lat' dir='ltr'><strong><em>vince</em></strong></span> <span class='ocrx_word' id='word_1_205' title='bbox 1649 685 1681 712; x_wconf 85' lang='lat' dir='ltr'><strong><em>in</em></strong></span> <span class='ocrx_word' id='word_1_206' title='bbox 1696 684 1770 712; x_wconf 87' lang='lat' dir='ltr'><strong><em>bona</em></strong></span> 
     </span>
    </p>
   </div>
   <div class='ocr_carea' id='block_1_31' title="bbox 935 725 1772 759">
    <p class='ocr_par' dir='ltr' id='par_1_31' title="bbox 935 725 1772 759">
     <span class='ocr_line' id='line_1_31' title="bbox 935 725 1772 759; baseline 0.008 -8"><span class='ocrx_word' id='word_1_207' title='bbox 935 725 1049 752; x_wconf 88' lang='lat' dir='ltr'><strong><em>malum</em></strong></span> <span class='ocrx_word' id='word_1_208' title='bbox 1075 725 1172 759; x_wconf 84' lang='lat' dir='ltr'><strong><em>(Rom.</em></strong></span> <span class='ocrx_word' id='word_1_209' title='bbox 1197 733 1262 758; x_wconf 82' lang='lat' dir='ltr'><strong><em>xu,</em></strong></span> <span class='ocrx_word' id='word_1_210' title='bbox 1288 725 1398 759; x_wconf 83' lang='lat'><strong><em>7-20)...</em></strong></span> <span class='ocrx_word' id='word_1_211' title='bbox 1427 726 1555 754; x_wconf 83' lang='lat' dir='ltr'><strong><em>Nullam</em></strong></span> <span class='ocrx_word' id='word_1_212' title='bbox 1581 729 1612 755; x_wconf 84' lang='lat' dir='ltr'><strong><em>in</em></strong></span> <span class='ocrx_word' id='word_1_213' title='bbox 1641 729 1707 757; x_wconf 87' lang='lat' dir='ltr'><strong><em>ulla</em></strong></span> <span class='ocrx_word' id='word_1_214' title='bbox 1738 737 1772 758; x_wconf 72' lang='grc' dir='ltr'>νε</span> 
     </span>
    </p>
   </div>
   <div class='ocr_carea' id='block_1_32' title="bbox 936 769 1769 805">
    <p class='ocr_par' dir='ltr' id='par_1_32' title="bbox 936 769 1769 805">
     <span class='ocr_line' id='line_1_32' title="bbox 936 769 1769 805; baseline 0.006 -9"><span class='ocrx_word' id='word_1_215' title='bbox 936 769 1042 797; x_wconf 85' lang='lat' dir='ltr'><strong><em>dantes</em></strong></span> <span class='ocrx_word' id='word_1_216' title='bbox 1065 769 1268 804; x_wconf 71' lang='lat' dir='ltr'><strong><em>offensionem,</em></strong></span> <span class='ocrx_word' id='word_1_217' title='bbox 1292 772 1324 797; x_wconf 92' lang='lat' dir='ltr'><strong><em>ut</em></strong></span> <span class='ocrx_word' id='word_1_218' title='bbox 1346 777 1406 797; x_wconf 90' lang='lat' dir='ltr'><strong><em>non</em></strong></span> <span class='ocrx_word' id='word_1_219' title='bbox 1430 771 1618 805; x_wconf 81' lang='lat' dir='ltr'><strong><em>vituperetur</em></strong></span> <span class='ocrx_word' id='word_1_220' title='bbox 1636 773 1769 802; x_wconf 89' lang='lat' dir='ltr'><strong><em>ministe-</em></strong></span> 
     </span>
    </p>
   </div>
   <div class='ocr_carea' id='block_1_33' title="bbox 937 814 1770 850">
    <p class='ocr_par' dir='ltr' id='par_1_33' title="bbox 937 814 1770 850">
     <span class='ocr_line' id='line_1_33' title="bbox 937 814 1770 850; baseline 0.006 -9"><span class='ocrx_word' id='word_1_221' title='bbox 937 814 1016 841; x_wconf 88' lang='lat' dir='ltr'><strong><em>rium</em></strong></span> <span class='ocrx_word' id='word_1_222' title='bbox 1039 821 1051 841; x_wconf 84' lang='lat'><strong><em>.&#39;</em></strong></span> <span class='ocrx_word' id='word_1_223' title='bbox 1069 814 1120 842; x_wconf 84' lang='lat' dir='ltr'><strong><em>sed</em></strong></span> <span class='ocrx_word' id='word_1_224' title='bbox 1148 814 1180 841; x_wconf 86' lang='lat' dir='ltr'><strong><em>in</em></strong></span> <span class='ocrx_word' id='word_1_225' title='bbox 1207 814 1296 850; x_wconf 74' lang='lat'><strong><em>290</em></strong></span> <span class='ocrx_word' id='word_1_226' title='bbox 1320 814 1456 842; x_wconf 85' lang='lat' dir='ltr'><strong><em>omnibus</em></strong></span> <span class='ocrx_word' id='word_1_227' title='bbox 1483 815 1677 844; x_wconf 70' lang='lat' dir='ltr'><strong><em>exhibeamus</em></strong></span> <span class='ocrx_word' id='word_1_228' title='bbox 1701 825 1770 846; x_wconf 87' lang='lat' dir='ltr'><strong><em>nos-</em></strong></span> 
     </span>
    </p>
   </div>
   <div class='ocr_carea' id='block_1_34' title="bbox 80 856 884 895">
    <p class='ocr_par' dir='ltr' id='par_1_34' title="bbox 80 856 879 893">
     <span class='ocr_line' id='line_1_34' title="bbox 80 856 879 893; baseline 0.003 -11"><span class='ocrx_word' id='word_1_229' title='bbox 80 857 183 893; x_wconf 69' lang='grc' dir='ltr'>ψώμιξε</span> <span class='ocrx_word' id='word_1_230' title='bbox 208 857 306 883; x_wconf 79' lang='grc' dir='ltr'>αὐτόν’</span> <span class='ocrx_word' id='word_1_231' title='bbox 332 857 373 884; x_wconf 71' lang='grc' dir='ltr'><strong><em>ἐὰν</em></strong></span> <span class='ocrx_word' id='word_1_232' title='bbox 391 856 419 884; x_wconf 62' lang='grc' dir='ltr'><strong><em>δὲ</em></strong></span> <span class='ocrx_word' id='word_1_233' title='bbox 444 856 514 893; x_wconf 65' lang='grc' dir='ltr'>διψᾷ</span> <span class='ocrx_word' id='word_1_234' title='bbox 538 859 606 892; x_wconf 74' lang='grc'><strong><em>(18),</em></strong></span> <span class='ocrx_word' id='word_1_235' title='bbox 623 860 714 890; x_wconf 75' lang='grc' dir='ltr'>πότιζε</span> <span class='ocrx_word' id='word_1_236' title='bbox 729 859 816 885; x_wconf 74' lang='grc' dir='ltr'>αὑτὸν.</span> <span class='ocrx_word' id='word_1_237' title='bbox 838 861 879 887; x_wconf 82' lang='grc' dir='ltr'><strong><em>Μὴ</em></strong></span> 
     </span>
    </p>
   </div>
   <div class='ocr_carea' id='block_1_35' title="bbox 941 856 1768 895">
    <p class='ocr_par' dir='ltr' id='par_1_35' title="bbox 941 859 1768 895">
     <span class='ocr_line' id='line_1_35' title="bbox 941 859 1768 895; baseline 0.004 -9"><span class='ocrx_word' id='word_1_238' title='bbox 941 859 1085 892; x_wconf 85' lang='lat' dir='ltr'><strong><em>metipsos,</em></strong></span> <span class='ocrx_word' id='word_1_239' title='bbox 1101 859 1178 886; x_wconf 80' lang='lat' dir='ltr'><strong><em>sicut</em></strong></span> <span class='ocrx_word' id='word_1_240' title='bbox 1192 859 1247 886; x_wconf 83' lang='lat' dir='ltr'><strong><em>Dei</em></strong></span> <span class='ocrx_word' id='word_1_241' title='bbox 1268 859 1431 890; x_wconf 88' lang='lat' dir='ltr'><strong><em>ministros,</em></strong></span> <span class='ocrx_word' id='word_1_242' title='bbox 1449 860 1478 886; x_wconf 87' lang='lat' dir='ltr'><strong><em>in</em></strong></span> <span class='ocrx_word' id='word_1_243' title='bbox 1494 860 1592 888; x_wconf 87' lang='lat' dir='ltr'><strong><em>multa</em></strong></span> <span class='ocrx_word' id='word_1_244' title='bbox 1606 862 1768 895; x_wconf 75' lang='lat' dir='ltr'><strong><em>patientia,</em></strong></span> 
     </span>
    </p>
   </div>
   <div class='ocr_carea' id='block_1_36' title="bbox 79 902 880 938">
    <p class='ocr_par' dir='ltr' id='par_1_36' title="bbox 79 902 880 938">
     <span class='ocr_line' id='line_1_36' title="bbox 79 902 880 938; baseline 0.002 -11"><span class='ocrx_word' id='word_1_245' title='bbox 79 906 142 928; x_wconf 81' lang='grc' dir='ltr'>νικῶ</span> <span class='ocrx_word' id='word_1_246' title='bbox 157 903 209 928; x_wconf 72' lang='grc' dir='ltr'>ὑπὸ</span> <span class='ocrx_word' id='word_1_247' title='bbox 226 906 273 928; x_wconf 81' lang='grc' dir='ltr'>τοῦ</span> <span class='ocrx_word' id='word_1_248' title='bbox 288 906 380 935; x_wconf 76' lang='grc' dir='ltr'>κακοῦ,</span> <span class='ocrx_word' id='word_1_249' title='bbox 398 902 462 928; x_wconf 73' lang='grc' dir='ltr'><strong><em>ἀλλά</em></strong></span> <span class='ocrx_word' id='word_1_250' title='bbox 474 904 535 928; x_wconf 85' lang='grc' dir='ltr'>νίκα</span> <span class='ocrx_word' id='word_1_251' title='bbox 553 902 578 928; x_wconf 71' lang='grc' dir='ltr'>ἦν</span> <span class='ocrx_word' id='word_1_252' title='bbox 592 907 627 938; x_wconf 86' lang='grc' dir='ltr'>τῷ</span> <span class='ocrx_word' id='word_1_253' title='bbox 643 902 732 938; x_wconf 73' lang='grc' dir='ltr'>ἀγαθῷ</span> <span class='ocrx_word' id='word_1_254' title='bbox 747 905 776 929; x_wconf 78' lang='grc' dir='ltr'>τὸ</span> <span class='ocrx_word' id='word_1_255' title='bbox 791 906 880 930; x_wconf 79' lang='grc' dir='ltr'>κακον.</span> 
     </span>
    </p>
   </div>
   <div class='ocr_carea' id='block_1_37' title="bbox 80 945 882 985">
    <p class='ocr_par' dir='ltr' id='par_1_37' title="bbox 80 945 882 985">
     <span class='ocr_line' id='line_1_37' title="bbox 80 945 882 985; baseline 0.002 -13"><span class='ocrx_word' id='word_1_256' title='bbox 80 950 165 973; x_wconf 84' lang='grc' dir='ltr'><strong><em>ΠΡΟΣ</em></strong></span> <span class='ocrx_word' id='word_1_257' title='bbox 182 950 257 975; x_wconf 79' lang='grc' dir='ltr'><strong><em>ΚΟΡ.</em></strong></span> <span class='ocrx_word' id='word_1_258' title='bbox 327 945 465 983; x_wconf 72' lang='grc' dir='ltr'>Μηδεμίαν</span> <span class='ocrx_word' id='word_1_259' title='bbox 486 947 510 973; x_wconf 71' lang='grc' dir='ltr'>ἐν</span> <span class='ocrx_word' id='word_1_260' title='bbox 525 945 620 983; x_wconf 71' lang='grc' dir='ltr'>μηδενὶ</span> <span class='ocrx_word' id='word_1_261' title='bbox 633 946 750 978; x_wconf 69' lang='grc' dir='ltr'>διδόντες</span> <span class='ocrx_word' id='word_1_262' title='bbox 765 957 882 985; x_wconf 74' lang='grc' dir='ltr'>προσκο-</span> 
     </span>
    </p>
   </div>
   <div class='ocr_carea' id='block_1_38' title="bbox 76 990 882 1028">
    <p class='ocr_par' dir='ltr' id='par_1_38' title="bbox 76 990 882 1028">
     <span class='ocr_line' id='line_1_38' title="bbox 76 990 882 1028; baseline 0.004 -12"><span class='ocrx_word' id='word_1_263' title='bbox 76 994 141 1024; x_wconf 76' lang='grc' dir='ltr'>πὴν,</span> <span class='ocrx_word' id='word_1_264' title='bbox 157 992 199 1017; x_wconf 78' lang='grc' dir='ltr'>ἵνα</span> <span class='ocrx_word' id='word_1_265' title='bbox 215 994 249 1028; x_wconf 80' lang='grc' dir='ltr'><strong><em>μή</em></strong></span> <span class='ocrx_word' id='word_1_266' title='bbox 264 993 378 1028; x_wconf 77' lang='grc' dir='ltr'>μωμηθῇ</span> <span class='ocrx_word' id='word_1_267' title='bbox 396 993 410 1020; x_wconf 80' lang='grc' dir='ltr'><em>ἡ</em></span> <span class='ocrx_word' id='word_1_268' title='bbox 433 990 572 1018; x_wconf 72' lang='grc' dir='ltr'>διακονίαο</span> <span class='ocrx_word' id='word_1_269' title='bbox 590 991 642 1018; x_wconf 79' lang='grc' dir='ltr'>ἀλλ’</span> <span class='ocrx_word' id='word_1_270' title='bbox 655 991 680 1018; x_wconf 80' lang='grc' dir='ltr'>ἐν</span> <span class='ocrx_word' id='word_1_271' title='bbox 695 995 773 1018; x_wconf 83' lang='grc' dir='ltr'>παντὶ</span> <span class='ocrx_word' id='word_1_272' title='bbox 789 1002 882 1019; x_wconf 85' lang='grc' dir='ltr'>συνισ-</span> 
     </span>
    </p>
   </div>
   <div class='ocr_carea' id='block_1_39' title="bbox 76 1035 883 1074">
    <p class='ocr_par' dir='ltr' id='par_1_39' title="bbox 76 1035 883 1074">
     <span class='ocr_line' id='line_1_39' title="bbox 76 1035 883 1074; baseline 0.001 -12"><span class='ocrx_word' id='word_1_273' title='bbox 76 1040 171 1066; x_wconf 79' lang='grc' dir='ltr'>τῶντες</span> <span class='ocrx_word' id='word_1_274' title='bbox 187 1036 302 1068; x_wconf 75' lang='grc' dir='ltr'>ἑαυτοὺς,</span> <span class='ocrx_word' id='word_1_275' title='bbox 319 1038 353 1066; x_wconf 84' lang='grc' dir='ltr'>ὡς</span> <span class='ocrx_word' id='word_1_276' title='bbox 368 1039 434 1062; x_wconf 82' lang='grc' dir='ltr'>Θεοῦ</span> <span class='ocrx_word' id='word_1_277' title='bbox 460 1035 588 1070; x_wconf 69' lang='grc' dir='ltr'>διάκονοι,</span> <span class='ocrx_word' id='word_1_278' title='bbox 612 1036 636 1062; x_wconf 79' lang='grc' dir='ltr'>ἐν</span> <span class='ocrx_word' id='word_1_279' title='bbox 656 1037 772 1073; x_wconf 73' lang='grc' dir='ltr'>ὑπομονῇ</span> <span class='ocrx_word' id='word_1_280' title='bbox 789 1037 883 1074; x_wconf 79' lang='grc' dir='ltr'>πολλῇ,</span> 
     </span>
    </p>
   </div>
   <div class='ocr_carea' id='block_1_40' title="bbox 77 1080 882 1118">
    <p class='ocr_par' dir='ltr' id='par_1_40' title="bbox 77 1080 882 1118">
     <span class='ocr_line' id='line_1_40' title="bbox 77 1080 882 1118; baseline 0.002 -12"><span class='ocrx_word' id='word_1_281' title='bbox 77 1081 100 1107; x_wconf 78' lang='grc' dir='ltr'>ἐν</span> <span class='ocrx_word' id='word_1_282' title='bbox 118 1080 251 1116; x_wconf 70' lang='grc' dir='ltr'>θλίψεσιν,</span> <span class='ocrx_word' id='word_1_283' title='bbox 269 1080 294 1106; x_wconf 78' lang='grc' dir='ltr'>ἐν</span> <span class='ocrx_word' id='word_1_284' title='bbox 310 1080 445 1116; x_wconf 78' lang='grc' dir='ltr'><strong><em>ἀνάγκαις,</em></strong></span> <span class='ocrx_word' id='word_1_285' title='bbox 462 1081 485 1106; x_wconf 85' lang='grc' dir='ltr'><strong><em>ἐν</em></strong></span> <span class='ocrx_word' id='word_1_286' title='bbox 502 1084 698 1118; x_wconf 76' lang='grc' dir='ltr'><strong><em>στενοχωρίαις,</em></strong></span> <span class='ocrx_word' id='word_1_287' title='bbox 714 1084 738 1108; x_wconf 88' lang='grc' dir='ltr'>έν</span> <span class='ocrx_word' id='word_1_288' title='bbox 758 1082 882 1118; x_wconf 77' lang='grc' dir='ltr'><strong><em>πληγαῖς,</em></strong></span> 
     </span>
    </p>
   </div>
   <div class='ocr_carea' id='block_1_41' title="bbox 76 1125 881 1163">
    <p class='ocr_par' dir='ltr' id='par_1_41' title="bbox 76 1125 881 1163">
     <span class='ocr_line' id='line_1_41' title="bbox 76 1125 881 1163; baseline 0.001 -11"><span class='ocrx_word' id='word_1_289' title='bbox 76 1126 100 1152; x_wconf 64' lang='grc' dir='ltr'>ἐν</span> <span class='ocrx_word' id='word_1_290' title='bbox 114 1125 247 1162; x_wconf 69' lang='grc' dir='ltr'>φυλακαῖς</span> <span class='ocrx_word' id='word_1_291' title='bbox 259 1125 284 1151; x_wconf 71' lang='grc' dir='ltr'>ἓν</span> <span class='ocrx_word' id='word_1_292' title='bbox 299 1125 518 1160; x_wconf 76' lang='grc' dir='ltr'>ἀκαταστασίαις,</span> <span class='ocrx_word' id='word_1_293' title='bbox 531 1126 556 1152; x_wconf 83' lang='grc' dir='ltr'>ὶν</span> <span class='ocrx_word' id='word_1_294' title='bbox 568 1129 668 1159; x_wconf 83' lang='grc' dir='ltr'>κόποις,</span> <span class='ocrx_word' id='word_1_295' title='bbox 680 1126 703 1152; x_wconf 77' lang='grc' dir='ltr'>ἐν</span> <span class='ocrx_word' id='word_1_296' title='bbox 716 1126 881 1163; x_wconf 79' lang='grc' dir='ltr'>ἀγρυπνιαις,</span> 
     </span>
    </p>
   </div>
   <div class='ocr_carea' id='block_1_42' title="bbox 76 1169 882 1210">
    <p class='ocr_par' dir='ltr' id='par_1_42' title="bbox 76 1169 882 1210">
     <span class='ocr_line' id='line_1_42' title="bbox 76 1169 882 1210; baseline 0.001 -13"><span class='ocrx_word' id='word_1_297' title='bbox 76 1170 100 1197; x_wconf 70' lang='grc' dir='ltr'>ἂν</span> <span class='ocrx_word' id='word_1_298' title='bbox 117 1173 267 1204; x_wconf 79' lang='grc' dir='ltr'><strong><em>νηστείαις,</em></strong></span> <span class='ocrx_word' id='word_1_299' title='bbox 284 1169 308 1197; x_wconf 79' lang='grc' dir='ltr'>ἐν</span> <span class='ocrx_word' id='word_1_300' title='bbox 325 1170 458 1206; x_wconf 71' lang='grc' dir='ltr'>ἁγνότητι,</span> <span class='ocrx_word' id='word_1_301' title='bbox 481 1170 504 1197; x_wconf 79' lang='grc' dir='ltr'>ἐν</span> <span class='ocrx_word' id='word_1_302' title='bbox 531 1174 636 1207; x_wconf 82' lang='grc' dir='ltr'>γνώσει,</span> <span class='ocrx_word' id='word_1_303' title='bbox 662 1171 687 1197; x_wconf 74' lang='grc' dir='ltr'>ἐν</span> <span class='ocrx_word' id='word_1_304' title='bbox 702 1173 882 1210; x_wconf 71' lang='grc' dir='ltr'><strong><em>μακροθυμίᾳ,</em></strong></span> 
     </span>
    </p>
   </div>
   <div class='ocr_carea' id='block_1_43' title="bbox 76 1214 882 1253">
    <p class='ocr_par' dir='ltr' id='par_1_43' title="bbox 76 1214 882 1253">
     <span class='ocr_line' id='line_1_43' title="bbox 76 1214 882 1253; baseline 0.001 -12"><span class='ocrx_word' id='word_1_305' title='bbox 76 1214 100 1241; x_wconf 79' lang='grc' dir='ltr'>ἰν</span> <span class='ocrx_word' id='word_1_306' title='bbox 133 1218 313 1253; x_wconf 79' lang='grc' dir='ltr'>χρηστότητι,</span> <span class='ocrx_word' id='word_1_307' title='bbox 339 1214 364 1241; x_wconf 79' lang='grc' dir='ltr'>ἐν</span> <span class='ocrx_word' id='word_1_308' title='bbox 389 1217 520 1252; x_wconf 75' lang='grc' dir='ltr'>Πνεύματι</span> <span class='ocrx_word' id='word_1_309' title='bbox 545 1215 621 1252; x_wconf 80' lang='grc' dir='ltr'>ἁγίῳ,</span> <span class='ocrx_word' id='word_1_310' title='bbox 644 1215 667 1242; x_wconf 72' lang='grc' dir='ltr'>ἐν</span> <span class='ocrx_word' id='word_1_311' title='bbox 684 1215 771 1252; x_wconf 77' lang='grc' dir='ltr'>ἀγάπη</span> <span class='ocrx_word' id='word_1_312' title='bbox 788 1216 882 1243; x_wconf 70' lang='grc' dir='ltr'>ἀνυποο</span> 
     </span>
    </p>
   </div>
   <div class='ocr_carea' id='block_1_44' title="bbox 75 1258 884 1297">
    <p class='ocr_par' dir='ltr' id='par_1_44' title="bbox 75 1258 884 1297">
     <span class='ocr_line' id='line_1_44' title="bbox 75 1258 884 1297; baseline 0.002 -12"><span class='ocrx_word' id='word_1_313' title='bbox 75 1263 173 1296; x_wconf 77' lang='grc' dir='ltr'>κρίτῳ,</span> <span class='ocrx_word' id='word_1_314' title='bbox 190 1259 214 1286; x_wconf 79' lang='grc' dir='ltr'>ἐν</span> <span class='ocrx_word' id='word_1_315' title='bbox 243 1259 313 1296; x_wconf 79' lang='grc' dir='ltr'>λόγῳ</span> <span class='ocrx_word' id='word_1_316' title='bbox 341 1258 473 1293; x_wconf 68' lang='grc' dir='ltr'>ἀληθείας,</span> <span class='ocrx_word' id='word_1_317' title='bbox 498 1259 521 1286; x_wconf 82' lang='grc' dir='ltr'>ἐν</span> <span class='ocrx_word' id='word_1_318' title='bbox 549 1259 659 1297; x_wconf 70' lang='grc' dir='ltr'>δυνάμει</span> <span class='ocrx_word' id='word_1_319' title='bbox 679 1265 756 1295; x_wconf 82' lang='grc' dir='ltr'>Θεοῦ,</span> <span class='ocrx_word' id='word_1_320' title='bbox 773 1259 821 1287; x_wconf 70' lang='grc' dir='ltr'>διὰ</span> <span class='ocrx_word' id='word_1_321' title='bbox 834 1265 884 1287; x_wconf 84' lang='grc' dir='ltr'>τῶν</span> 
     </span>
    </p>
   </div>
   <div class='ocr_carea' id='block_1_45' title="bbox 77 1302 883 1343">
    <p class='ocr_par' dir='ltr' id='par_1_45' title="bbox 77 1302 883 1343">
     <span class='ocr_line' id='line_1_45' title="bbox 77 1302 883 1343; baseline 0 -12"><span class='ocrx_word' id='word_1_322' title='bbox 77 1305 165 1332; x_wconf 76' lang='grc' dir='ltr'>ὃπλων</span> <span class='ocrx_word' id='word_1_323' title='bbox 180 1308 226 1334; x_wconf 87' lang='grc' dir='ltr'>τῆς</span> <span class='ocrx_word' id='word_1_324' title='bbox 254 1302 436 1337; x_wconf 85' lang='grc' dir='ltr'>δικαιοσύνης,</span> <span class='ocrx_word' id='word_1_325' title='bbox 464 1309 513 1331; x_wconf 84' lang='grc' dir='ltr'>τῶν</span> <span class='ocrx_word' id='word_1_326' title='bbox 541 1303 632 1336; x_wconf 69' lang='grc' dir='ltr'>δεξιῶν</span> <span class='ocrx_word' id='word_1_327' title='bbox 656 1308 701 1331; x_wconf 84' lang='grc' dir='ltr'>καὶ</span> <span class='ocrx_word' id='word_1_328' title='bbox 730 1305 883 1343; x_wconf 77' lang='grc' dir='ltr'>ἀριστερῶν,</span> 
     </span>
    </p>
   </div>
   <div class='ocr_carea' id='block_1_46' title="bbox 79 1347 884 1386">
    <p class='ocr_par' dir='ltr' id='par_1_46' title="bbox 79 1347 884 1386">
     <span class='ocr_line' id='line_1_46' title="bbox 79 1347 884 1386; baseline 0 -10"><span class='ocrx_word' id='word_1_329' title='bbox 79 1348 127 1376; x_wconf 80' lang='grc' dir='ltr'>διὰ</span> <span class='ocrx_word' id='word_1_330' title='bbox 150 1347 232 1381; x_wconf 70' lang='grc' dir='ltr'>δόξης</span> <span class='ocrx_word' id='word_1_331' title='bbox 246 1352 291 1375; x_wconf 80' lang='grc' dir='ltr'>καὶ</span> <span class='ocrx_word' id='word_1_332' title='bbox 309 1349 425 1386; x_wconf 78' lang='grc' dir='ltr'>ἀτιμίας,</span> <span class='ocrx_word' id='word_1_333' title='bbox 444 1348 491 1376; x_wconf 76' lang='grc' dir='ltr'><strong><em>διὰ</em></strong></span> <span class='ocrx_word' id='word_1_334' title='bbox 505 1348 660 1386; x_wconf 70' lang='grc' dir='ltr'>δυσφημίας</span> <span class='ocrx_word' id='word_1_335' title='bbox 683 1353 728 1376; x_wconf 84' lang='grc' dir='ltr'>καὶ</span> <span class='ocrx_word' id='word_1_336' title='bbox 744 1350 884 1386; x_wconf 68' lang='grc' dir='ltr'>εὐφημίας,</span> 
     </span>
    </p>
   </div>
   <div class='ocr_carea' id='block_1_47' title="bbox 77 1386 885 1432">
    <p class='ocr_par' dir='ltr' id='par_1_47' title="bbox 77 1394 885 1432">
     <span class='ocr_line' id='line_1_47' title="bbox 77 1394 885 1432; baseline 0.001 -12"><span class='ocrx_word' id='word_1_337' title='bbox 77 1397 114 1426; x_wconf 82' lang='grc' dir='ltr'>ὡς</span> <span class='ocrx_word' id='word_1_338' title='bbox 127 1394 232 1429; x_wconf 65' lang='grc' dir='ltr'>πλάνοι,</span> <span class='ocrx_word' id='word_1_339' title='bbox 246 1397 291 1421; x_wconf 81' lang='grc' dir='ltr'>καὶ</span> <span class='ocrx_word' id='word_1_340' title='bbox 305 1394 409 1426; x_wconf 79' lang='grc' dir='ltr'>ἀληθεῖς</span> <span class='ocrx_word' id='word_1_341' title='bbox 421 1405 427 1412; x_wconf 93' lang='grc'><strong>-</strong></span> <span class='ocrx_word' id='word_1_342' title='bbox 446 1396 479 1426; x_wconf 87' lang='grc' dir='ltr'>ὡς</span> <span class='ocrx_word' id='word_1_343' title='bbox 495 1395 672 1432; x_wconf 77' lang='grc' dir='ltr'>ἀγνοούμενοι,</span> <span class='ocrx_word' id='word_1_344' title='bbox 690 1398 735 1421; x_wconf 79' lang='grc' dir='ltr'>καὶ</span> <span class='ocrx_word' id='word_1_345' title='bbox 748 1394 885 1431; x_wconf 78' lang='grc' dir='ltr'>ἰπιγινωσ-</span> 
     </span>
    </p>
   </div>
   <div class='ocr_carea' id='block_1_48' title="bbox 78 1437 885 1476">
    <p class='ocr_par' dir='ltr' id='par_1_48' title="bbox 78 1437 885 1476">
     <span class='ocr_line' id='line_1_48' title="bbox 78 1437 885 1476; baseline 0.001 -11"><span class='ocrx_word' id='word_1_346' title='bbox 78 1441 205 1475; x_wconf 82' lang='grc' dir='ltr'>κόμενοι·</span> <span class='ocrx_word' id='word_1_347' title='bbox 234 1440 266 1469; x_wconf 77' lang='grc' dir='ltr'>ὡς</span> <span class='ocrx_word' id='word_1_348' title='bbox 299 1438 515 1472; x_wconf 76' lang='grc' dir='ltr'>ἀποθνήσκοντες,</span> <span class='ocrx_word' id='word_1_349' title='bbox 543 1442 588 1465; x_wconf 76' lang='grc' dir='ltr'>καὶ</span> <span class='ocrx_word' id='word_1_350' title='bbox 620 1437 679 1466; x_wconf 72' lang='grc' dir='ltr'><strong><em>ἰδοῦ</em></strong></span> <span class='ocrx_word' id='word_1_351' title='bbox 713 1439 815 1476; x_wconf 79' lang='grc' dir='ltr'>ζῶμεν·</span> <span class='ocrx_word' id='word_1_352' title='bbox 851 1440 885 1470; x_wconf 86' lang='grc' dir='ltr'>ὡς</span> 
     </span>
    </p>
   </div>
   <div class='ocr_carea' id='block_1_49' title="bbox 78 1482 883 1520">
    <p class='ocr_par' dir='ltr' id='par_1_49' title="bbox 78 1482 883 1520">
     <span class='ocr_line' id='line_1_49' title="bbox 78 1482 883 1520; baseline 0 -11"><span class='ocrx_word' id='word_1_353' title='bbox 78 1482 280 1520; x_wconf 79' lang='grc' dir='ltr'>παιδευόμενοι,</span> <span class='ocrx_word' id='word_1_354' title='bbox 305 1486 350 1509; x_wconf 82' lang='grc' dir='ltr'><strong><em>καὶ</em></strong></span> <span class='ocrx_word' id='word_1_355' title='bbox 373 1486 409 1520; x_wconf 86' lang='grc' dir='ltr'>μὴ</span> <span class='ocrx_word' id='word_1_356' title='bbox 436 1485 638 1520; x_wconf 63' lang='grc' dir='ltr'>θανατούμενοι·</span> <span class='ocrx_word' id='word_1_357' title='bbox 665 1486 700 1516; x_wconf 73' lang='grc' dir='ltr'>ὡς</span> <span class='ocrx_word' id='word_1_358' title='bbox 717 1484 883 1520; x_wconf 68' lang='grc' dir='ltr'>λυτέούμενοι,</span> 
     </span>
    </p>
   </div>
   <div class='ocr_carea' id='block_1_50' title="bbox 79 1527 884 1565">
    <p class='ocr_par' dir='ltr' id='par_1_50' title="bbox 79 1527 884 1565">
     <span class='ocr_line' id='line_1_50' title="bbox 79 1527 884 1565; baseline 0 -11"><span class='ocrx_word' id='word_1_359' title='bbox 79 1529 118 1556; x_wconf 76' lang='grc' dir='ltr'>ἀεὶ</span> <span class='ocrx_word' id='word_1_360' title='bbox 136 1527 167 1555; x_wconf 67' lang='grc' dir='ltr'>δε</span> <span class='ocrx_word' id='word_1_361' title='bbox 182 1531 318 1565; x_wconf 83' lang='grc' dir='ltr'>χαίροντες</span> <span class='ocrx_word' id='word_1_362' title='bbox 330 1539 336 1545; x_wconf 89' lang='grc'><strong><em>-</em></strong></span> <span class='ocrx_word' id='word_1_363' title='bbox 354 1529 386 1558; x_wconf 85' lang='grc' dir='ltr'><strong><em>ὡς</em></strong></span> <span class='ocrx_word' id='word_1_364' title='bbox 410 1531 534 1565; x_wconf 83' lang='grc' dir='ltr'>πτωχοὶ,</span> <span class='ocrx_word' id='word_1_365' title='bbox 558 1529 666 1559; x_wconf 74' lang='grc' dir='ltr'>πολλοὺς</span> <span class='ocrx_word' id='word_1_366' title='bbox 688 1528 717 1556; x_wconf 63' lang='grc' dir='ltr'><strong><em>δὲ</em></strong></span> <span class='ocrx_word' id='word_1_367' title='bbox 730 1528 884 1559; x_wconf 77' lang='grc' dir='ltr'>πλουτιζον-</span> 
     </span>
    </p>
   </div>
   <div class='ocr_carea' id='block_1_51' title="bbox 79 1571 885 1610">
    <p class='ocr_par' dir='ltr' id='par_1_51' title="bbox 79 1571 885 1610">
     <span class='ocr_line' id='line_1_51' title="bbox 79 1571 885 1610; baseline 0 -10"><span class='ocrx_word' id='word_1_368' title='bbox 79 1583 122 1604; x_wconf 77' lang='grc' dir='ltr'><strong><em>τις</em></strong></span> <span class='ocrx_word' id='word_1_369' title='bbox 134 1583 142 1591; x_wconf 81' lang='grc'><strong>·</strong></span> <span class='ocrx_word' id='word_1_370' title='bbox 158 1574 192 1604; x_wconf 79' lang='grc' dir='ltr'>ὡς</span> <span class='ocrx_word' id='word_1_371' title='bbox 207 1571 291 1610; x_wconf 65' lang='grc' dir='ltr'>μηδεν</span> <span class='ocrx_word' id='word_1_372' title='bbox 311 1574 425 1609; x_wconf 78' lang='grc' dir='ltr'>ἔχοντες,</span> <span class='ocrx_word' id='word_1_373' title='bbox 442 1576 486 1600; x_wconf 83' lang='grc' dir='ltr'>καὶ</span> <span class='ocrx_word' id='word_1_374' title='bbox 507 1575 593 1600; x_wconf 81' lang='grc' dir='ltr'>πάντα</span> <span class='ocrx_word' id='word_1_375' title='bbox 609 1576 774 1609; x_wconf 76' lang='grc' dir='ltr'>κατέχοντες.</span> <span class='ocrx_word' id='word_1_376' title='bbox 802 1576 885 1600; x_wconf 79' lang='grc' dir='ltr'><strong><em>ΠΡΟΣ</em></strong></span> 
     </span>
    </p>
   </div>
   <div class='ocr_carea' id='block_1_52' title="bbox 81 1616 884 1655">
    <p class='ocr_par' dir='ltr' id='par_1_52' title="bbox 81 1616 884 1655">
     <span class='ocr_line' id='line_1_52' title="bbox 81 1616 884 1655; baseline -0.001 -10"><span class='ocrx_word' id='word_1_377' title='bbox 81 1622 158 1646; x_wconf 81' lang='lat' dir='ltr'><strong><em>KOP.</em></strong></span> <span class='ocrx_word' id='word_1_378' title='bbox 256 1620 365 1651; x_wconf 85' lang='grc' dir='ltr'>Λοιπὸν,</span> <span class='ocrx_word' id='word_1_379' title='bbox 393 1616 510 1654; x_wconf 74' lang='grc' dir='ltr'>ἀδελφοὶ,</span> <span class='ocrx_word' id='word_1_380' title='bbox 540 1621 657 1655; x_wconf 81' lang='grc' dir='ltr'>χαίρετε,</span> <span class='ocrx_word' id='word_1_381' title='bbox 686 1618 884 1655; x_wconf 76' lang='grc' dir='ltr'>καταρτίζεσθε,</span> 
     </span>
    </p>
   </div>
   <div class='ocr_carea' id='block_1_53' title="bbox 80 1662 884 1700">
    <p class='ocr_par' dir='ltr' id='par_1_53' title="bbox 80 1662 884 1700">
     <span class='ocr_line' id='line_1_53' title="bbox 80 1662 884 1700; baseline 0.001 -11"><span class='ocrx_word' id='word_1_382' title='bbox 80 1662 278 1699; x_wconf 73' lang='grc' dir='ltr'>παρακαλεῖσθε</span> <span class='ocrx_word' id='word_1_383' title='bbox 311 1663 384 1698; x_wconf 76' lang='grc'>(19),</span> <span class='ocrx_word' id='word_1_384' title='bbox 414 1664 444 1689; x_wconf 87' lang='grc' dir='ltr'>τὸ</span> <span class='ocrx_word' id='word_1_385' title='bbox 476 1662 537 1689; x_wconf 74' lang='grc' dir='ltr'>αὐτὸ</span> <span class='ocrx_word' id='word_1_386' title='bbox 571 1666 702 1699; x_wconf 76' lang='grc' dir='ltr'>φρονεῖτε,</span> <span class='ocrx_word' id='word_1_387' title='bbox 733 1663 884 1700; x_wconf 76' lang='grc' dir='ltr'>εἰρηνεύετε.</span> 
     </span>
    </p>
   </div>
   <div class='ocr_carea' id='block_1_54' title="bbox 80 1705 885 1744">
    <p class='ocr_par' dir='ltr' id='par_1_54' title="bbox 80 1705 885 1744">
     <span class='ocr_line' id='line_1_54' title="bbox 80 1705 885 1744; baseline 0.001 -11"><span class='ocrx_word' id='word_1_388' title='bbox 80 1710 168 1733; x_wconf 81' lang='grc' dir='ltr'><strong><em>ΠΡΟΣ</em></strong></span> <span class='ocrx_word' id='word_1_389' title='bbox 204 1710 281 1734; x_wconf 80' lang='grc' dir='ltr'><strong><em>ΓΑΛ.</em></strong></span> <span class='ocrx_word' id='word_1_390' title='bbox 308 1706 338 1732; x_wconf 89' lang='grc' dir='ltr'><strong>Ὀ</strong></span> <span class='ocrx_word' id='word_1_391' title='bbox 365 1705 395 1733; x_wconf 63' lang='grc' dir='ltr'><strong><em>δὲ</em></strong></span> <span class='ocrx_word' id='word_1_392' title='bbox 427 1709 527 1743; x_wconf 72' lang='grc' dir='ltr'>καρπὸς</span> <span class='ocrx_word' id='word_1_393' title='bbox 558 1711 603 1734; x_wconf 80' lang='grc' dir='ltr'><strong><em>τοῦ</em></strong></span> <span class='ocrx_word' id='word_1_394' title='bbox 634 1709 784 1744; x_wconf 66' lang='grc' dir='ltr'>Πνεᾶματός</span> <span class='ocrx_word' id='word_1_395' title='bbox 815 1707 885 1734; x_wconf 76' lang='grc' dir='ltr'>ἔστιν</span> 
     </span>
    </p>
   </div>
   <div class='ocr_carea' id='block_1_55' title="bbox 85 1751 885 1790">
    <p class='ocr_par' dir='ltr' id='par_1_55' title="bbox 85 1751 885 1790">
     <span class='ocr_line' id='line_1_55' title="bbox 85 1751 885 1790; baseline 0.001 -13"><span class='ocrx_word' id='word_1_396' title='bbox 85 1751 188 1788; x_wconf 76' lang='grc' dir='ltr'>ἀγάπη,</span> <span class='ocrx_word' id='word_1_397' title='bbox 210 1753 294 1788; x_wconf 78' lang='grc' dir='ltr'>χαρὰ,</span> <span class='ocrx_word' id='word_1_398' title='bbox 323 1751 422 1790; x_wconf 81' lang='grc' dir='ltr'>εἰρήνη,</span> <span class='ocrx_word' id='word_1_399' title='bbox 439 1753 618 1789; x_wconf 78' lang='grc' dir='ltr'>μακροθυμία,</span> <span class='ocrx_word' id='word_1_400' title='bbox 638 1755 802 1789; x_wconf 76' lang='grc' dir='ltr'>χρηστότης,</span> <span class='ocrx_word' id='word_1_401' title='bbox 819 1751 885 1788; x_wconf 78' lang='grc' dir='ltr'>ἁγα-</span> 
     </span>
    </p>
   </div>
   <div class='ocr_carea' id='block_1_56' title="bbox 85 1795 884 1833">
    <p class='ocr_par' dir='ltr' id='par_1_56' title="bbox 85 1795 884 1833">
     <span class='ocr_line' id='line_1_56' title="bbox 85 1795 884 1833; baseline 0.001 -11"><span class='ocrx_word' id='word_1_402' title='bbox 85 1797 197 1829; x_wconf 78' lang='grc' dir='ltr'>θοσύνη,</span> <span class='ocrx_word' id='word_1_403' title='bbox 233 1798 331 1830; x_wconf 78' lang='grc' dir='ltr'>πίστις,</span> <span class='ocrx_word' id='word_1_404' title='bbox 358 1798 483 1832; x_wconf 80' lang='grc' dir='ltr'>πραότης,</span> <span class='ocrx_word' id='word_1_405' title='bbox 517 1795 666 1833; x_wconf 71' lang='grc' dir='ltr'>ἇγηράτεια,</span> <span class='ocrx_word' id='word_1_406' title='bbox 697 1796 787 1832; x_wconf 74' lang='grc' dir='ltr'>ἁγνεία</span> <span class='ocrx_word' id='word_1_407' title='bbox 819 1797 884 1831; x_wconf 83' lang='grc'>(20).</span> 
     </span>
    </p>
   </div>
   <div class='ocr_carea' id='block_1_57' title="bbox 87 1839 886 1877">
    <p class='ocr_par' dir='ltr' id='par_1_57' title="bbox 87 1839 886 1877">
     <span class='ocr_line' id='line_1_57' title="bbox 87 1839 886 1877; baseline 0 -10"><span class='ocrx_word' id='word_1_408' title='bbox 87 1844 173 1867; x_wconf 82' lang='grc' dir='ltr'><strong><em>ΠΡΟΣ</em></strong></span> <span class='ocrx_word' id='word_1_409' title='bbox 198 1843 287 1868; x_wconf 72' lang='grc' dir='ltr'>ΕΦΕΣ.</span> <span class='ocrx_word' id='word_1_410' title='bbox 316 1840 462 1877; x_wconf 82' lang='grc' dir='ltr'>Παρακαλῶ</span> <span class='ocrx_word' id='word_1_411' title='bbox 485 1839 529 1867; x_wconf 85' lang='grc' dir='ltr'>οὖν</span> <span class='ocrx_word' id='word_1_412' title='bbox 552 1842 621 1877; x_wconf 80' lang='grc' dir='ltr'>ὑμᾶς</span> <span class='ocrx_word' id='word_1_413' title='bbox 646 1841 695 1877; x_wconf 72' lang='grc' dir='ltr'><strong><em>ἐγὼ</em></strong></span> <span class='ocrx_word' id='word_1_414' title='bbox 711 1842 724 1867; x_wconf 84' lang='grc' dir='ltr'><strong>ὁ</strong></span> <span class='ocrx_word' id='word_1_415' title='bbox 741 1839 850 1877; x_wconf 78' lang='grc' dir='ltr'>δέσμιος</span> <span class='ocrx_word' id='word_1_416' title='bbox 861 1841 886 1867; x_wconf 74' lang='grc' dir='ltr'>ἂν</span> 
     </span>
    </p>
   </div>
   <div class='ocr_carea' id='block_1_58' title="bbox 86 1884 885 1923">
    <p class='ocr_par' dir='ltr' id='par_1_58' title="bbox 86 1884 885 1923">
     <span class='ocr_line' id='line_1_58' title="bbox 86 1884 885 1923; baseline 0 -11"><span class='ocrx_word' id='word_1_417' title='bbox 86 1888 177 1923; x_wconf 79' lang='grc' dir='ltr'>Κυρίῳ</span> <span class='ocrx_word' id='word_1_418' title='bbox 196 1884 275 1917; x_wconf 80' lang='grc' dir='ltr'>ἀξίως</span> <span class='ocrx_word' id='word_1_419' title='bbox 301 1890 481 1922; x_wconf 74' lang='grc' dir='ltr'>περιπατῆσαι</span> <span class='ocrx_word' id='word_1_420' title='bbox 506 1890 552 1916; x_wconf 84' lang='grc' dir='ltr'>τῆς</span> <span class='ocrx_word' id='word_1_421' title='bbox 571 1885 684 1916; x_wconf 77' lang='grc' dir='ltr'>κλήσεως</span> <span class='ocrx_word' id='word_1_422' title='bbox 698 1884 728 1916; x_wconf 81' lang='grc' dir='ltr'>ἧς</span> <span class='ocrx_word' id='word_1_423' title='bbox 751 1885 885 1919; x_wconf 77' lang='grc' dir='ltr'>ἐκλήθητε,</span> 
     </span>
    </p>
   </div>
   <div class='ocr_carea' id='block_1_59' title="bbox 85 1931 888 1968">
    <p class='ocr_par' dir='ltr' id='par_1_59' title="bbox 85 1931 888 1968">
     <span class='ocr_line' id='line_1_59' title="bbox 85 1931 888 1968; baseline 0 -12"><span class='ocrx_word' id='word_1_424' title='bbox 85 1931 152 1966; x_wconf 82' lang='grc' dir='ltr'>μετὰ</span> <span class='ocrx_word' id='word_1_425' title='bbox 179 1931 268 1960; x_wconf 80' lang='grc' dir='ltr'>πάσης</span> <span class='ocrx_word' id='word_1_426' title='bbox 295 1931 531 1967; x_wconf 74' lang='grc' dir='ltr'>ταπεινοφροσύνης</span> <span class='ocrx_word' id='word_1_427' title='bbox 563 1933 608 1956; x_wconf 86' lang='grc' dir='ltr'>καὶ</span> <span class='ocrx_word' id='word_1_428' title='bbox 637 1933 794 1968; x_wconf 82' lang='grc' dir='ltr'>πραότητος,</span> <span class='ocrx_word' id='word_1_429' title='bbox 823 1931 888 1966; x_wconf 78' lang='grc' dir='ltr'>μετὰ</span> 
     </span>
    </p>
   </div>
   <div class='ocr_carea' id='block_1_60' title="bbox 87 1973 888 2011">
    <p class='ocr_par' dir='ltr' id='par_1_60' title="bbox 87 1973 888 2011">
     <span class='ocr_line' id='line_1_60' title="bbox 87 1973 888 2011; baseline 0 -11"><span class='ocrx_word' id='word_1_430' title='bbox 87 1975 275 2011; x_wconf 76' lang='grc' dir='ltr'>μακροθυμίας</span> <span class='ocrx_word' id='word_1_431' title='bbox 302 1973 454 2011; x_wconf 81' lang='grc' dir='ltr'>ἀνεχόμενοι</span> <span class='ocrx_word' id='word_1_432' title='bbox 481 1974 595 2004; x_wconf 80' lang='grc' dir='ltr'>ἀλλήλων</span> <span class='ocrx_word' id='word_1_433' title='bbox 624 1974 648 2000; x_wconf 86' lang='grc' dir='ltr'>ἐν</span> <span class='ocrx_word' id='word_1_434' title='bbox 677 1973 776 2011; x_wconf 73' lang='grc' dir='ltr'>ἀγάπη,</span> <span class='ocrx_word' id='word_1_435' title='bbox 809 1984 888 2001; x_wconf 82' lang='grc' dir='ltr'>σπου-</span> 
     </span>
    </p>
   </div>
   <div class='ocr_carea' id='block_1_61' title="bbox 87 2018 888 2057">
    <p class='ocr_par' dir='ltr' id='par_1_61' title="bbox 87 2018 888 2057">
     <span class='ocr_line' id='line_1_61' title="bbox 87 2018 888 2057; baseline 0 -11"><span class='ocrx_word' id='word_1_436' title='bbox 87 2018 215 2049; x_wconf 70' lang='grc' dir='ltr'>δάζοντες</span> <span class='ocrx_word' id='word_1_437' title='bbox 236 2023 322 2057; x_wconf 79' lang='grc' dir='ltr'>τηρεῖν</span> <span class='ocrx_word' id='word_1_438' title='bbox 350 2022 397 2048; x_wconf 81' lang='grc' dir='ltr'><strong><em>τήν</em></strong></span> <span class='ocrx_word' id='word_1_439' title='bbox 427 2019 534 2048; x_wconf 79' lang='grc' dir='ltr'>ἑνότητα</span> <span class='ocrx_word' id='word_1_440' title='bbox 562 2023 607 2046; x_wconf 82' lang='grc' dir='ltr'><strong><em>τοῦ</em></strong></span> <span class='ocrx_word' id='word_1_441' title='bbox 632 2021 781 2056; x_wconf 80' lang='grc' dir='ltr'>Πνεύματος</span> <span class='ocrx_word' id='word_1_442' title='bbox 803 2019 827 2046; x_wconf 79' lang='grc' dir='ltr'><strong><em>ἐν</em></strong></span> <span class='ocrx_word' id='word_1_443' title='bbox 852 2023 888 2055; x_wconf 78' lang='grc' dir='ltr'>τῷ</span> 
     </span>
    </p>
   </div>
   <div class='ocr_carea' id='block_1_62' title="bbox 90 2063 886 2101">
    <p class='ocr_par' dir='ltr' id='par_1_62' title="bbox 90 2063 886 2101">
     <span class='ocr_line' id='line_1_62' title="bbox 90 2063 886 2101; baseline -0.001 -11"><span class='ocrx_word' id='word_1_444' title='bbox 90 2063 233 2100; x_wconf 77' lang='grc' dir='ltr'>συνδέσμῳ</span> <span class='ocrx_word' id='word_1_445' title='bbox 259 2068 306 2095; x_wconf 83' lang='grc' dir='ltr'>τῆς</span> <span class='ocrx_word' id='word_1_446' title='bbox 334 2064 446 2101; x_wconf 81' lang='grc' dir='ltr'>εἰρήνης.</span> <span class='ocrx_word' id='word_1_447' title='bbox 473 2063 516 2090; x_wconf 79' lang='grc' dir='ltr'>Ἔν</span> <span class='ocrx_word' id='word_1_448' title='bbox 542 2068 618 2100; x_wconf 81' lang='grc' dir='ltr'>σῶμα</span> <span class='ocrx_word' id='word_1_449' title='bbox 645 2067 690 2090; x_wconf 85' lang='grc' dir='ltr'>καὶ</span> <span class='ocrx_word' id='word_1_450' title='bbox 719 2063 743 2090; x_wconf 82' lang='grc' dir='ltr'>ἓν</span> <span class='ocrx_word' id='word_1_451' title='bbox 774 2067 886 2100; x_wconf 79' lang='grc' dir='ltr'>Πνεῦμα,</span> 
     </span>
    </p>
   </div>
   <div class='ocr_carea' id='block_1_63' title="bbox 88 2106 887 2144">
    <p class='ocr_par' dir='ltr' id='par_1_63' title="bbox 88 2106 887 2144">
     <span class='ocr_line' id='line_1_63' title="bbox 88 2106 887 2144; baseline 0 -10"><span class='ocrx_word' id='word_1_452' title='bbox 88 2109 177 2138; x_wconf 73' lang='grc' dir='ltr'>καθὼς</span> <span class='ocrx_word' id='word_1_453' title='bbox 192 2111 237 2134; x_wconf 83' lang='grc' dir='ltr'>καὶ</span> <span class='ocrx_word' id='word_1_454' title='bbox 253 2108 374 2137; x_wconf 71' lang='grc' dir='ltr'>ἐκλήθητε</span> <span class='ocrx_word' id='word_1_455' title='bbox 389 2107 412 2134; x_wconf 80' lang='grc' dir='ltr'><strong><em>ἐν</em></strong></span> <span class='ocrx_word' id='word_1_456' title='bbox 433 2111 481 2144; x_wconf 81' lang='grc' dir='ltr'><strong><em>μιᾷ</em></strong></span> <span class='ocrx_word' id='word_1_457' title='bbox 504 2106 592 2134; x_wconf 76' lang='grc' dir='ltr'>ἑλπίδι</span> <span class='ocrx_word' id='word_1_458' title='bbox 610 2112 656 2138; x_wconf 87' lang='grc' dir='ltr'>τῆς</span> <span class='ocrx_word' id='word_1_459' title='bbox 676 2108 792 2139; x_wconf 81' lang='grc' dir='ltr'>κλήσεως</span> <span class='ocrx_word' id='word_1_460' title='bbox 807 2109 887 2144; x_wconf 73' lang='grc' dir='ltr'>ὑμῶν.</span> 
     </span>
    </p>
   </div>
   <div class='ocr_carea' id='block_1_64' title="bbox 90 2151 888 2189">
    <p class='ocr_par' dir='ltr' id='par_1_64' title="bbox 90 2151 888 2189">
     <span class='ocr_line' id='line_1_64' title="bbox 90 2151 888 2189; baseline -0.003 -9"><span class='ocrx_word' id='word_1_461' title='bbox 90 2156 176 2180; x_wconf 78' lang='grc' dir='ltr'><strong><em>ΠΡΟΣ</em></strong></span> <span class='ocrx_word' id='word_1_462' title='bbox 210 2156 300 2181; x_wconf 79' lang='grc' dir='ltr'><strong><em>ΕΦΕΣ.</em></strong></span> <span class='ocrx_word' id='word_1_463' title='bbox 334 2153 438 2179; x_wconf 77' lang='grc' dir='ltr'>Γίνεσθε</span> <span class='ocrx_word' id='word_1_464' title='bbox 469 2151 513 2178; x_wconf 80' lang='grc' dir='ltr'>οὖν</span> <span class='ocrx_word' id='word_1_465' title='bbox 542 2152 575 2183; x_wconf 87' lang='grc' dir='ltr'><strong><em>εἰς</em></strong></span> <span class='ocrx_word' id='word_1_466' title='bbox 608 2152 731 2183; x_wconf 79' lang='grc' dir='ltr'>ἀλλήλους</span> <span class='ocrx_word' id='word_1_467' title='bbox 760 2154 888 2189; x_wconf 84' lang='grc' dir='ltr'>χρηστοὶ,</span> 
     </span>
    </p>
   </div>
   <div class='ocr_carea' id='block_1_65' title="bbox 91 2197 890 2234">
    <p class='ocr_par' dir='ltr' id='par_1_65' title="bbox 91 2197 890 2234">
     <span class='ocr_line' id='line_1_65' title="bbox 91 2197 890 2234; baseline -0.001 -10"><span class='ocrx_word' id='word_1_468' title='bbox 91 2198 284 2233; x_wconf 56' lang='grc' dir='ltr'>εὔσπλαγχνοι,</span> <span class='ocrx_word' id='word_1_469' title='bbox 308 2197 481 2234; x_wconf 74' lang='grc' dir='ltr'>χαριζόμενοι</span> <span class='ocrx_word' id='word_1_470' title='bbox 503 2197 613 2230; x_wconf 81' lang='grc' dir='ltr'>ἑαυτοῖς,</span> <span class='ocrx_word' id='word_1_471' title='bbox 631 2198 717 2228; x_wconf 83' lang='grc' dir='ltr'>καθὼς</span> <span class='ocrx_word' id='word_1_472' title='bbox 736 2200 780 2223; x_wconf 83' lang='grc' dir='ltr'>καὶ</span> <span class='ocrx_word' id='word_1_473' title='bbox 797 2198 809 2222; x_wconf 90' lang='grc' dir='ltr'><strong>ὁ</strong></span> <span class='ocrx_word' id='word_1_474' title='bbox 826 2199 890 2227; x_wconf 75' lang='grc' dir='ltr'>Θεὸς</span> 
     </span>
    </p>
   </div>
   <div class='ocr_carea' id='block_1_66' title="bbox 91 2241 891 2280">
    <p class='ocr_par' dir='ltr' id='par_1_66' title="bbox 91 2241 891 2280">
     <span class='ocr_line' id='line_1_66' title="bbox 91 2241 891 2280; baseline -0.001 -12"><span class='ocrx_word' id='word_1_475' title='bbox 91 2242 114 2268; x_wconf 56' lang='grc' dir='ltr'><strong>ᾖ</strong></span> <span class='ocrx_word' id='word_1_476' title='bbox 150 2246 258 2279; x_wconf 80' lang='grc' dir='ltr'>Χριστῷ</span> <span class='ocrx_word' id='word_1_477' title='bbox 284 2241 430 2280; x_wconf 81' lang='grc' dir='ltr'>ἐχαρίσατο</span> <span class='ocrx_word' id='word_1_478' title='bbox 463 2243 536 2278; x_wconf 84' lang='grc' dir='ltr'>ὑμῖν.</span> <span class='ocrx_word' id='word_1_479' title='bbox 566 2243 670 2268; x_wconf 81' lang='grc' dir='ltr'>Γίνεσθε</span> <span class='ocrx_word' id='word_1_480' title='bbox 702 2242 746 2268; x_wconf 83' lang='grc' dir='ltr'><strong><em>οὖν</em></strong></span> <span class='ocrx_word' id='word_1_481' title='bbox 777 2243 891 2278; x_wconf 84' lang='grc' dir='ltr'>μιμηταὶ</span> 
     </span>
    </p>
   </div>
   <div class='ocr_carea' id='block_1_67' title="bbox 91 2285 890 2323">
    <p class='ocr_par' dir='ltr' id='par_1_67' title="bbox 91 2285 890 2323">
     <span class='ocr_line' id='line_1_67' title="bbox 91 2285 890 2323; baseline -0.003 -10"><span class='ocrx_word' id='word_1_482' title='bbox 91 2291 139 2313; x_wconf 76' lang='grc' dir='ltr'>τοῦ</span> <span class='ocrx_word' id='word_1_483' title='bbox 168 2290 245 2317; x_wconf 80' lang='grc' dir='ltr'>Θεοῦ,</span> <span class='ocrx_word' id='word_1_484' title='bbox 278 2287 311 2317; x_wconf 80' lang='grc' dir='ltr'>ὡς</span> <span class='ocrx_word' id='word_1_485' title='bbox 340 2288 415 2312; x_wconf 84' lang='grc' dir='ltr'>τίκνα</span> <span class='ocrx_word' id='word_1_486' title='bbox 442 2285 573 2322; x_wconf 75' lang='grc' dir='ltr'>ἀγαπητὰ,</span> <span class='ocrx_word' id='word_1_487' title='bbox 608 2289 654 2312; x_wconf 88' lang='grc' dir='ltr'>καὶ</span> <span class='ocrx_word' id='word_1_488' title='bbox 684 2290 847 2323; x_wconf 80' lang='grc' dir='ltr'>περιπατεῖτε</span> <span class='ocrx_word' id='word_1_489' title='bbox 867 2285 890 2312; x_wconf 81' lang='grc' dir='ltr'><strong><em>ἐν</em></strong></span> 
     </span>
    </p>
   </div>
   <div class='ocr_carea' id='block_1_68' title="bbox 93 2326 891 2368">
    <p class='ocr_par' dir='ltr' id='par_1_68' title="bbox 93 2326 891 2368">
     <span class='ocr_line' id='line_1_68' title="bbox 93 2326 891 2368; baseline 0 -11"><span class='ocrx_word' id='word_1_490' title='bbox 93 2331 196 2368; x_wconf 76' lang='grc' dir='ltr'>ἀγάπη,</span> <span class='ocrx_word' id='word_1_491' title='bbox 224 2326 309 2361; x_wconf 85' lang='grc' dir='ltr'>καθὼς</span> <span class='ocrx_word' id='word_1_492' title='bbox 336 2333 381 2357; x_wconf 86' lang='grc' dir='ltr'>καὶ</span> <span class='ocrx_word' id='word_1_493' title='bbox 407 2332 420 2358; x_wconf 86' lang='grc' dir='ltr'><strong>ό</strong></span> <span class='ocrx_word' id='word_1_494' title='bbox 447 2333 561 2368; x_wconf 81' lang='grc' dir='ltr'>Χριστὸς</span> <span class='ocrx_word' id='word_1_495' title='bbox 589 2332 725 2367; x_wconf 70' lang='grc' dir='ltr'>ἠγάπησεν</span> <span class='ocrx_word' id='word_1_496' title='bbox 748 2332 826 2368; x_wconf 79' lang='grc' dir='ltr'>ἡμᾶς,</span> <span class='ocrx_word' id='word_1_497' title='bbox 847 2334 891 2358; x_wconf 86' lang='grc' dir='ltr'>καὶ</span> 
     </span>
    </p>
   </div>
   <div class='ocr_carea' id='block_1_69' title="bbox 91 2375 892 2413">
    <p class='ocr_par' dir='ltr' id='par_1_69' title="bbox 91 2375 892 2413">
     <span class='ocr_line' id='line_1_69' title="bbox 91 2375 892 2413; baseline -0.001 -11"><span class='ocrx_word' id='word_1_498' title='bbox 91 2375 242 2413; x_wconf 67' lang='grc' dir='ltr'>παρέδωκεν</span> <span class='ocrx_word' id='word_1_499' title='bbox 264 2375 353 2402; x_wconf 82' lang='grc' dir='ltr'>ἑαυτὸν</span> <span class='ocrx_word' id='word_1_500' title='bbox 379 2376 441 2413; x_wconf 68' lang='grc' dir='ltr'>ὑπὲρ</span> <span class='ocrx_word' id='word_1_501' title='bbox 466 2376 539 2412; x_wconf 85' lang='grc' dir='ltr'>ἡμῶν</span> <span class='ocrx_word' id='word_1_502' title='bbox 562 2377 712 2413; x_wconf 68' lang='grc' dir='ltr'>προσφορὰν</span> <span class='ocrx_word' id='word_1_503' title='bbox 731 2378 776 2402; x_wconf 80' lang='grc' dir='ltr'><strong><em>καὶ</em></strong></span> <span class='ocrx_word' id='word_1_504' title='bbox 791 2378 892 2403; x_wconf 85' lang='grc' dir='ltr'>Θυσίαν</span> 
     </span>
    </p>
   </div>
   <div class='ocr_carea' id='block_1_70' title="bbox 93 2418 893 2456">
    <p class='ocr_par' dir='ltr' id='par_1_70' title="bbox 93 2418 893 2456">
     <span class='ocr_line' id='line_1_70' title="bbox 93 2418 893 2456; baseline -0.001 -10"><span class='ocrx_word' id='word_1_505' title='bbox 93 2425 129 2455; x_wconf 79' lang='grc' dir='ltr'>τῷ</span> <span class='ocrx_word' id='word_1_506' title='bbox 160 2424 216 2455; x_wconf 77' lang='grc' dir='ltr'><strong><em>Θεῷ</em></strong></span> <span class='ocrx_word' id='word_1_507' title='bbox 245 2419 278 2450; x_wconf 81' lang='grc' dir='ltr'>εἰς</span> <span class='ocrx_word' id='word_1_508' title='bbox 312 2419 395 2456; x_wconf 76' lang='grc' dir='ltr'>ὀσμὴν</span> <span class='ocrx_word' id='word_1_509' title='bbox 423 2418 542 2450; x_wconf 76' lang='grc' dir='ltr'>εὐωδίας.</span> <span class='ocrx_word' id='word_1_510' title='bbox 572 2423 656 2446; x_wconf 81' lang='grc' dir='ltr'><strong><em>ΠΡΟΣ</em></strong></span> <span class='ocrx_word' id='word_1_511' title='bbox 690 2422 757 2448; x_wconf 64' lang='lat' dir='ltr'><strong><em>NA.</em></strong></span> <span class='ocrx_word' id='word_1_512' title='bbox 794 2422 823 2446; x_wconf 84' lang='grc' dir='ltr'>Εἴ</span> <span class='ocrx_word' id='word_1_513' title='bbox 855 2430 893 2451; x_wconf 88' lang='grc' dir='ltr'><strong><em>τις</em></strong></span> 
     </span>
    </p>
   </div>
   <div class='ocr_carea' id='block_1_71' title="bbox 95 2463 894 2501">
    <p class='ocr_par' dir='ltr' id='par_1_71' title="bbox 95 2463 894 2501">
     <span class='ocr_line' id='line_1_71' title="bbox 95 2463 894 2501; baseline 0 -11"><span class='ocrx_word' id='word_1_514' title='bbox 95 2463 139 2491; x_wconf 77' lang='grc' dir='ltr'>οὖν</span> <span class='ocrx_word' id='word_1_515' title='bbox 170 2463 335 2501; x_wconf 68' lang='grc' dir='ltr'>παράκλησις</span> <span class='ocrx_word' id='word_1_516' title='bbox 375 2463 399 2490; x_wconf 81' lang='grc' dir='ltr'>ἐν</span> <span class='ocrx_word' id='word_1_517' title='bbox 431 2468 558 2500; x_wconf 78' lang='grc' dir='ltr'>Χριστῷ,</span> <span class='ocrx_word' id='word_1_518' title='bbox 594 2466 616 2490; x_wconf 84' lang='grc' dir='ltr'>εἳ</span> <span class='ocrx_word' id='word_1_519' title='bbox 659 2474 686 2490; x_wconf 90' lang='grc' dir='ltr'><strong><em>τι</em></strong></span> <span class='ocrx_word' id='word_1_520' title='bbox 729 2466 894 2501; x_wconf 81' lang='grc' dir='ltr'>παραμύθιον</span> 
     </span>
    </p>
   </div>
   <div class='ocr_carea' id='block_1_72' title="bbox 96 2509 897 2546">
    <p class='ocr_par' dir='ltr' id='par_1_72' title="bbox 96 2509 897 2546">
     <span class='ocr_line' id='line_1_72' title="bbox 96 2509 897 2546; baseline 0.001 -11"><span class='ocrx_word' id='word_1_521' title='bbox 96 2509 203 2545; x_wconf 64' lang='grc' dir='ltr'>ἀγάπης</span> <span class='ocrx_word' id='word_1_522' title='bbox 233 2510 299 2544; x_wconf 79' lang='lat'><strong><em>(21),</em></strong></span> <span class='ocrx_word' id='word_1_523' title='bbox 327 2510 350 2534; x_wconf 80' lang='grc' dir='ltr'><strong><em>εἴ</em></strong></span> <span class='ocrx_word' id='word_1_524' title='bbox 382 2518 422 2539; x_wconf 80' lang='grc' dir='ltr'><strong><em>τις</em></strong></span> <span class='ocrx_word' id='word_1_525' title='bbox 447 2511 568 2535; x_wconf 79' lang='grc' dir='ltr'>κοινωνία</span> <span class='ocrx_word' id='word_1_526' title='bbox 600 2510 756 2546; x_wconf 75' lang='grc' dir='ltr'>πνεύματος.</span> <span class='ocrx_word' id='word_1_527' title='bbox 783 2510 804 2535; x_wconf 84' lang='grc' dir='ltr'>εἲ</span> <span class='ocrx_word' id='word_1_528' title='bbox 838 2519 897 2536; x_wconf 85' lang='grc' dir='ltr'>τινα</span> 
     </span>
    </p>
   </div>
   <div class='ocr_carea' id='block_1_73' title="bbox 97 2554 896 2591">
    <p class='ocr_par' dir='ltr' id='par_1_73' title="bbox 97 2554 896 2591">
     <span class='ocr_line' id='line_1_73' title="bbox 97 2554 896 2591; baseline 0 -11"><span class='ocrx_word' id='word_1_529' title='bbox 97 2554 240 2590; x_wconf 82' lang='grc' dir='ltr'>σπλάγχνα</span> <span class='ocrx_word' id='word_1_530' title='bbox 263 2556 308 2579; x_wconf 85' lang='grc' dir='ltr'>καὶ</span> <span class='ocrx_word' id='word_1_531' title='bbox 331 2554 472 2590; x_wconf 72' lang='grc' dir='ltr'>οἰκτιρμοί,</span> <span class='ocrx_word' id='word_1_532' title='bbox 489 2554 645 2591; x_wconf 80' lang='grc' dir='ltr'>πληρώσατέ</span> <span class='ocrx_word' id='word_1_533' title='bbox 669 2563 718 2590; x_wconf 81' lang='grc' dir='ltr'><strong><em>μου</em></strong></span> <span class='ocrx_word' id='word_1_534' title='bbox 735 2556 782 2583; x_wconf 80' lang='grc' dir='ltr'>τὴν</span> <span class='ocrx_word' id='word_1_535' title='bbox 797 2555 896 2591; x_wconf 83' lang='grc' dir='ltr'>χαρὰν,</span> 
     </span>
    </p>
   </div>
   <div class='ocr_carea' id='block_1_74' title="bbox 937 902 1769 941">
    <p class='ocr_par' dir='ltr' id='par_1_74' title="bbox 937 902 1769 941">
     <span class='ocr_line' id='line_1_74' title="bbox 937 902 1769 941; baseline 0.006 -12"><span class='ocrx_word' id='word_1_536' title='bbox 937 903 969 930; x_wconf 86' lang='lat' dir='ltr'><strong><em>in</em></strong></span> <span class='ocrx_word' id='word_1_537' title='bbox 990 902 1246 936; x_wconf 82' lang='lat' dir='ltr'><strong><em>tribulationibus,</em></strong></span> <span class='ocrx_word' id='word_1_538' title='bbox 1264 903 1294 930; x_wconf 87' lang='lat' dir='ltr'><strong><em>in</em></strong></span> <span class='ocrx_word' id='word_1_539' title='bbox 1307 904 1543 937; x_wconf 81' lang='lat' dir='ltr'><strong><em>necessitatibus,</em></strong></span> <span class='ocrx_word' id='word_1_540' title='bbox 1561 905 1592 933; x_wconf 85' lang='lat' dir='ltr'><strong><em>in</em></strong></span> <span class='ocrx_word' id='word_1_541' title='bbox 1608 907 1769 941; x_wconf 85' lang='lat' dir='ltr'><strong><em>angustiis,</em></strong></span> 
     </span>
    </p>
   </div>
   <div class='ocr_carea' id='block_1_75' title="bbox 937 947 1770 983">
    <p class='ocr_par' dir='ltr' id='par_1_75' title="bbox 937 947 1770 983">
     <span class='ocr_line' id='line_1_75' title="bbox 937 947 1770 983; baseline 0.007 -10"><span class='ocrx_word' id='word_1_542' title='bbox 937 947 969 974; x_wconf 90' lang='lat' dir='ltr'><strong><em>in</em></strong></span> <span class='ocrx_word' id='word_1_543' title='bbox 983 947 1096 982; x_wconf 78' lang='lat' dir='ltr'><strong><em>plagis,</em></strong></span> <span class='ocrx_word' id='word_1_544' title='bbox 1111 948 1141 974; x_wconf 87' lang='lat' dir='ltr'><strong><em>in</em></strong></span> <span class='ocrx_word' id='word_1_545' title='bbox 1158 948 1339 982; x_wconf 81' lang='lat' dir='ltr'><strong><em>carceribus,</em></strong></span> <span class='ocrx_word' id='word_1_546' title='bbox 1356 948 1387 975; x_wconf 91' lang='lat' dir='ltr'><strong><em>in</em></strong></span> <span class='ocrx_word' id='word_1_547' title='bbox 1411 948 1618 983; x_wconf 83' lang='lat' dir='ltr'><strong><em>seditionibus,</em></strong></span> <span class='ocrx_word' id='word_1_548' title='bbox 1634 950 1665 977; x_wconf 88' lang='lat' dir='ltr'><strong><em>in</em></strong></span> <span class='ocrx_word' id='word_1_549' title='bbox 1687 951 1770 979; x_wconf 88' lang='lat' dir='ltr'><strong><em>labo-</em></strong></span> 
     </span>
    </p>
   </div>
   <div class='ocr_carea' id='block_1_76' title="bbox 938 991 1770 1029">
    <p class='ocr_par' dir='ltr' id='par_1_76' title="bbox 938 991 1770 1029">
     <span class='ocr_line' id='line_1_76' title="bbox 938 991 1770 1029; baseline 0.007 -11"><span class='ocrx_word' id='word_1_550' title='bbox 938 991 1032 1025; x_wconf 80' lang='lat' dir='ltr'><strong><em>ribus,</em></strong></span> <span class='ocrx_word' id='word_1_551' title='bbox 1060 993 1091 1020; x_wconf 68' lang='grc' dir='ltr'><strong><em>ιη</em></strong></span> <span class='ocrx_word' id='word_1_552' title='bbox 1119 992 1242 1027; x_wconf 82' lang='lat' dir='ltr'><strong><em>vigiliis,</em></strong></span> <span class='ocrx_word' id='word_1_553' title='bbox 1269 993 1300 1020; x_wconf 79' lang='lat' dir='ltr'><strong><em>in</em></strong></span> <span class='ocrx_word' id='word_1_554' title='bbox 1323 994 1463 1029; x_wconf 86' lang='lat' dir='ltr'><strong><em>jejuniis,</em></strong></span> <span class='ocrx_word' id='word_1_555' title='bbox 1491 994 1523 1022; x_wconf 92' lang='lat' dir='ltr'><strong><em>in</em></strong></span> <span class='ocrx_word' id='word_1_556' title='bbox 1555 996 1704 1029; x_wconf 86' lang='lat' dir='ltr'><strong><em>castitate,</em></strong></span> <span class='ocrx_word' id='word_1_557' title='bbox 1737 996 1770 1024; x_wconf 88' lang='lat' dir='ltr'><strong><em>in</em></strong></span> 
     </span>
    </p>
   </div>
   <div class='ocr_carea' id='block_1_77' title="bbox 939 1037 1771 1075">
    <p class='ocr_par' dir='ltr' id='par_1_77' title="bbox 939 1037 1771 1075">
     <span class='ocr_line' id='line_1_77' title="bbox 939 1037 1771 1075; baseline 0.007 -12"><span class='ocrx_word' id='word_1_558' title='bbox 939 1037 1075 1069; x_wconf 80' lang='lat' dir='ltr'><strong><em>scientia,</em></strong></span> <span class='ocrx_word' id='word_1_559' title='bbox 1092 1037 1124 1064; x_wconf 89' lang='lat' dir='ltr'><strong><em>in</em></strong></span> <span class='ocrx_word' id='word_1_560' title='bbox 1140 1037 1384 1072; x_wconf 84' lang='lat' dir='ltr'><strong><em>longanimitate,</em></strong></span> <span class='ocrx_word' id='word_1_561' title='bbox 1400 1039 1432 1066; x_wconf 87' lang='lat' dir='ltr'><strong><em>in</em></strong></span> <span class='ocrx_word' id='word_1_562' title='bbox 1447 1038 1640 1074; x_wconf 81' lang='lat' dir='ltr'><strong><em>benignitate,</em></strong></span> <span class='ocrx_word' id='word_1_563' title='bbox 1654 1041 1686 1068; x_wconf 84' lang='lat' dir='ltr'><strong><em>in</em></strong></span> <span class='ocrx_word' id='word_1_564' title='bbox 1701 1041 1771 1075; x_wconf 87' lang='lat' dir='ltr'><strong><em>Spi-</em></strong></span> 
     </span>
    </p>
   </div>
   <div class='ocr_carea' id='block_1_78' title="bbox 938 1082 1769 1118">
    <p class='ocr_par' dir='ltr' id='par_1_78' title="bbox 938 1082 1769 1118">
     <span class='ocr_line' id='line_1_78' title="bbox 938 1082 1769 1118; baseline 0.006 -10"><span class='ocrx_word' id='word_1_565' title='bbox 938 1082 1001 1109; x_wconf 85' lang='lat' dir='ltr'><strong><em>ritu</em></strong></span> <span class='ocrx_word' id='word_1_566' title='bbox 1028 1085 1150 1115; x_wconf 86' lang='lat' dir='ltr'><strong><em>sancto,</em></strong></span> <span class='ocrx_word' id='word_1_567' title='bbox 1179 1082 1210 1110; x_wconf 83' lang='lat' dir='ltr'><strong><em>in</em></strong></span> <span class='ocrx_word' id='word_1_568' title='bbox 1241 1082 1392 1111; x_wconf 82' lang='lat' dir='ltr'><strong><em>charitate</em></strong></span> <span class='ocrx_word' id='word_1_569' title='bbox 1419 1091 1479 1111; x_wconf 90' lang='lat' dir='ltr'><strong><em>non</em></strong></span> <span class='ocrx_word' id='word_1_570' title='bbox 1507 1084 1596 1118; x_wconf 84' lang='lat' dir='ltr'><strong><em>ﬁcta,</em></strong></span> <span class='ocrx_word' id='word_1_571' title='bbox 1621 1085 1653 1112; x_wconf 89' lang='lat' dir='ltr'><strong><em>in</em></strong></span> <span class='ocrx_word' id='word_1_572' title='bbox 1681 1085 1769 1113; x_wconf 87' lang='lat' dir='ltr'><strong><em>verba</em></strong></span> 
     </span>
    </p>
   </div>
   <div class='ocr_carea' id='block_1_79' title="bbox 941 1127 1770 1164">
    <p class='ocr_par' dir='ltr' id='par_1_79' title="bbox 941 1127 1770 1164">
     <span class='ocr_line' id='line_1_79' title="bbox 941 1127 1770 1164; baseline 0.005 -10"><span class='ocrx_word' id='word_1_573' title='bbox 941 1127 1091 1160; x_wconf 74' lang='lat' dir='ltr'><strong><em>veritatis,-</em></strong></span> <span class='ocrx_word' id='word_1_574' title='bbox 1113 1127 1145 1154; x_wconf 87' lang='lat' dir='ltr'><strong><em>in</em></strong></span> <span class='ocrx_word' id='word_1_575' title='bbox 1175 1127 1287 1156; x_wconf 87' lang='lat' dir='ltr'><strong><em>virtute</em></strong></span> <span class='ocrx_word' id='word_1_576' title='bbox 1307 1128 1373 1161; x_wconf 80' lang='lat' dir='ltr'><strong><em>Dei,</em></strong></span> <span class='ocrx_word' id='word_1_577' title='bbox 1398 1135 1455 1163; x_wconf 90' lang='lat' dir='ltr'><strong><em>per</em></strong></span> <span class='ocrx_word' id='word_1_578' title='bbox 1481 1136 1568 1157; x_wconf 89' lang='lat' dir='ltr'><strong><em>arma</em></strong></span> <span class='ocrx_word' id='word_1_579' title='bbox 1591 1130 1724 1164; x_wconf 63' lang='lat' dir='ltr'><strong><em>justitiw</em></strong></span> <span class='ocrx_word' id='word_1_580' title='bbox 1751 1137 1770 1158; x_wconf 91' lang='lat' dir='ltr'><strong><em>a</em></strong></span> 
     </span>
    </p>
   </div>
   <div class='ocr_carea' id='block_1_80' title="bbox 939 1171 1770 1209">
    <p class='ocr_par' dir='ltr' id='par_1_80' title="bbox 939 1171 1770 1209">
     <span class='ocr_line' id='line_1_80' title="bbox 939 1171 1770 1209; baseline 0.006 -11"><span class='ocrx_word' id='word_1_581' title='bbox 939 1171 1053 1200; x_wconf 70' lang='lat' dir='ltr'><strong><em>dextris</em></strong></span> <span class='ocrx_word' id='word_1_582' title='bbox 1068 1174 1095 1199; x_wconf 87' lang='lat' dir='ltr'><strong><em>et</em></strong></span> <span class='ocrx_word' id='word_1_583' title='bbox 1118 1179 1136 1199; x_wconf 87' lang='lat' dir='ltr'><strong><em>a</em></strong></span> <span class='ocrx_word' id='word_1_584' title='bbox 1155 1173 1297 1206; x_wconf 84' lang='lat' dir='ltr'><strong><em>sinistris,</em></strong></span> <span class='ocrx_word' id='word_1_585' title='bbox 1320 1180 1375 1207; x_wconf 86' lang='lat' dir='ltr'><strong><em>per</em></strong></span> <span class='ocrx_word' id='word_1_586' title='bbox 1398 1173 1528 1207; x_wconf 79' lang='lat' dir='ltr'><strong><em>gloriam</em></strong></span> <span class='ocrx_word' id='word_1_587' title='bbox 1554 1177 1580 1202; x_wconf 88' lang='lat' dir='ltr'><strong><em>et</em></strong></span> <span class='ocrx_word' id='word_1_588' title='bbox 1597 1175 1770 1209; x_wconf 86' lang='lat' dir='ltr'><strong><em>ignobilita-</em></strong></span> 
     </span>
    </p>
   </div>
   <div class='ocr_carea' id='block_1_81' title="bbox 941 1217 1768 1253">
    <p class='ocr_par' dir='ltr' id='par_1_81' title="bbox 941 1217 1768 1253">
     <span class='ocr_line' id='line_1_81' title="bbox 941 1217 1768 1253; baseline 0.006 -10"><span class='ocrx_word' id='word_1_589' title='bbox 941 1219 1074 1251; x_wconf 84' lang='lat' dir='ltr'><strong><em>tem,per</em></strong></span> <span class='ocrx_word' id='word_1_590' title='bbox 1090 1217 1249 1251; x_wconf 77' lang='lat' dir='ltr'><strong><em>infamiam</em></strong></span> <span class='ocrx_word' id='word_1_591' title='bbox 1265 1220 1292 1244; x_wconf 89' lang='lat' dir='ltr'><strong><em>et</em></strong></span> <span class='ocrx_word' id='word_1_592' title='bbox 1308 1217 1417 1246; x_wconf 86' lang='lat' dir='ltr'><strong><em>bonam</em></strong></span> <span class='ocrx_word' id='word_1_593' title='bbox 1430 1218 1570 1253; x_wconf 79' lang='lat' dir='ltr'><strong><em>famam:</em></strong></span> <span class='ocrx_word' id='word_1_594' title='bbox 1586 1222 1618 1246; x_wconf 80' lang='grc' dir='ltr'><strong><em>ιιι</em></strong></span> <span class='ocrx_word' id='word_1_595' title='bbox 1634 1220 1768 1248; x_wconf 86' lang='lat' dir='ltr'><strong><em>seducto-</em></strong></span> 
     </span>
    </p>
   </div>
   <div class='ocr_carea' id='block_1_82' title="bbox 939 1262 1769 1301">
    <p class='ocr_par' dir='ltr' id='par_1_82' title="bbox 939 1262 1769 1301">
     <span class='ocr_line' id='line_1_82' title="bbox 939 1262 1769 1301; baseline 0.007 -13"><span class='ocrx_word' id='word_1_596' title='bbox 939 1269 998 1294; x_wconf 89' lang='lat' dir='ltr'><strong><em>res,</em></strong></span> <span class='ocrx_word' id='word_1_597' title='bbox 1014 1264 1041 1290; x_wconf 88' lang='lat' dir='ltr'><strong><em>et</em></strong></span> <span class='ocrx_word' id='word_1_598' title='bbox 1057 1269 1177 1290; x_wconf 76' lang='lat' dir='ltr'><strong><em>veraces</em></strong></span> <span class='ocrx_word' id='word_1_599' title='bbox 1193 1269 1203 1289; x_wconf 75' lang='lat'><strong><em>.‘</em></strong></span> <span class='ocrx_word' id='word_1_600' title='bbox 1217 1262 1292 1290; x_wconf 86' lang='lat' dir='ltr'><strong><em>sicut</em></strong></span> <span class='ocrx_word' id='word_1_601' title='bbox 1308 1263 1362 1297; x_wconf 84' lang='lat' dir='ltr'><strong><em>qui</em></strong></span> <span class='ocrx_word' id='word_1_602' title='bbox 1373 1264 1478 1299; x_wconf 80' lang='lat' dir='ltr'><strong><em>ignoti,</em></strong></span> <span class='ocrx_word' id='word_1_603' title='bbox 1491 1266 1517 1291; x_wconf 89' lang='lat' dir='ltr'><strong><em>et</em></strong></span> <span class='ocrx_word' id='word_1_604' title='bbox 1534 1264 1646 1299; x_wconf 83' lang='lat' dir='ltr'><strong><em>cogniti</em></strong></span> <span class='ocrx_word' id='word_1_605' title='bbox 1661 1267 1769 1301; x_wconf 82' lang='lat' dir='ltr'><strong><em>:quasi</em></strong></span> 
     </span>
    </p>
   </div>
   <div class='ocr_carea' id='block_1_83' title="bbox 939 1306 1768 1342">
    <p class='ocr_par' dir='ltr' id='par_1_83' title="bbox 939 1306 1768 1342">
     <span class='ocr_line' id='line_1_83' title="bbox 939 1306 1768 1342; baseline 0.005 -8"><span class='ocrx_word' id='word_1_606' title='bbox 939 1306 1111 1339; x_wconf 87' lang='lat' dir='ltr'><strong><em>morientes,</em></strong></span> <span class='ocrx_word' id='word_1_607' title='bbox 1128 1308 1155 1334; x_wconf 87' lang='lat' dir='ltr'><strong><em>et</em></strong></span> <span class='ocrx_word' id='word_1_608' title='bbox 1179 1313 1245 1334; x_wconf 86' lang='lat' dir='ltr'><strong><em>ecce</em></strong></span> <span class='ocrx_word' id='word_1_609' title='bbox 1266 1307 1392 1335; x_wconf 83' lang='lat' dir='ltr'><strong><em>vivimus</em></strong></span> <span class='ocrx_word' id='word_1_610' title='bbox 1415 1315 1422 1334; x_wconf 89' lang='lat'><strong>:</strong></span> <span class='ocrx_word' id='word_1_611' title='bbox 1445 1310 1478 1334; x_wconf 90' lang='lat' dir='ltr'><strong><em>ut</em></strong></span> <span class='ocrx_word' id='word_1_612' title='bbox 1493 1308 1645 1342; x_wconf 81' lang='lat' dir='ltr'><strong><em>castigati,</em></strong></span> <span class='ocrx_word' id='word_1_613' title='bbox 1662 1312 1689 1337; x_wconf 89' lang='lat' dir='ltr'><strong><em>et</em></strong></span> <span class='ocrx_word' id='word_1_614' title='bbox 1708 1317 1768 1338; x_wconf 90' lang='lat' dir='ltr'><strong><em>non</em></strong></span> 
     </span>
    </p>
   </div>
   <div class='ocr_carea' id='block_1_84' title="bbox 940 1350 1769 1388">
    <p class='ocr_par' dir='ltr' id='par_1_84' title="bbox 940 1350 1769 1388">
     <span class='ocr_line' id='line_1_84' title="bbox 940 1350 1769 1388; baseline 0.006 -11"><span class='ocrx_word' id='word_1_615' title='bbox 940 1350 1131 1384; x_wconf 83' lang='lat' dir='ltr'><strong><em>mortiﬁcati:</em></strong></span> <span class='ocrx_word' id='word_1_616' title='bbox 1149 1351 1237 1386; x_wconf 86' lang='lat' dir='ltr'><strong><em>quasi</em></strong></span> <span class='ocrx_word' id='word_1_617' title='bbox 1260 1352 1371 1386; x_wconf 82' lang='lat' dir='ltr'><strong><em>tristes,</em></strong></span> <span class='ocrx_word' id='word_1_618' title='bbox 1387 1359 1503 1387; x_wconf 83' lang='lat' dir='ltr'><strong><em>semper</em></strong></span> <span class='ocrx_word' id='word_1_619' title='bbox 1517 1355 1617 1380; x_wconf 88' lang='lat' dir='ltr'><strong><em>autem</em></strong></span> <span class='ocrx_word' id='word_1_620' title='bbox 1632 1354 1769 1388; x_wconf 83' lang='lat' dir='ltr'><strong><em>gauden-</em></strong></span> 
     </span>
    </p>
   </div>
   <div class='ocr_carea' id='block_1_85' title="bbox 940 1396 1768 1431">
    <p class='ocr_par' dir='ltr' id='par_1_85' title="bbox 940 1396 1768 1431">
     <span class='ocr_line' id='line_1_85' title="bbox 940 1396 1768 1431; baseline 0.006 -9"><span class='ocrx_word' id='word_1_621' title='bbox 940 1398 1005 1424; x_wconf 89' lang='lat' dir='ltr'><strong><em>tes:</em></strong></span> <span class='ocrx_word' id='word_1_622' title='bbox 1020 1396 1097 1422; x_wconf 75' lang='lat' dir='ltr'><strong><em>sicut</em></strong></span> <span class='ocrx_word' id='word_1_623' title='bbox 1120 1398 1248 1431; x_wconf 81' lang='lat' dir='ltr'><strong><em>egentes,</em></strong></span> <span class='ocrx_word' id='word_1_624' title='bbox 1270 1396 1381 1424; x_wconf 87' lang='lat' dir='ltr'><strong><em>multos</em></strong></span> <span class='ocrx_word' id='word_1_625' title='bbox 1400 1399 1500 1425; x_wconf 81' lang='lat' dir='ltr'><strong><em>autem</em></strong></span> <span class='ocrx_word' id='word_1_626' title='bbox 1525 1397 1743 1431; x_wconf 86' lang='lat' dir='ltr'><strong><em>locupletantes</em></strong></span> <span class='ocrx_word' id='word_1_627' title='bbox 1761 1408 1768 1428; x_wconf 89' lang='lat'><strong>:</strong></span> 
     </span>
    </p>
   </div>
   <div class='ocr_carea' id='block_1_86' title="bbox 941 1439 1773 1479">
    <p class='ocr_par' dir='ltr' id='par_1_86' title="bbox 941 1439 1773 1479">
     <span class='ocr_line' id='line_1_86' title="bbox 941 1439 1773 1479; baseline 0.007 -12"><span class='ocrx_word' id='word_1_628' title='bbox 941 1442 1085 1475; x_wconf 86' lang='lat' dir='ltr'><strong><em>tanquam</em></strong></span> <span class='ocrx_word' id='word_1_629' title='bbox 1099 1439 1178 1468; x_wconf 84' lang='lat' dir='ltr'><strong><em>nihil</em></strong></span> <span class='ocrx_word' id='word_1_630' title='bbox 1193 1440 1344 1469; x_wconf 83' lang='lat' dir='ltr'><strong><em>habentes.</em></strong></span> <span class='ocrx_word' id='word_1_631' title='bbox 1365 1444 1392 1468; x_wconf 85' lang='lat' dir='ltr'><strong><em>et</em></strong></span> <span class='ocrx_word' id='word_1_632' title='bbox 1411 1442 1512 1471; x_wconf 83' lang='lat' dir='ltr'><strong><em>omnia</em></strong></span> <span class='ocrx_word' id='word_1_633' title='bbox 1526 1442 1710 1477; x_wconf 75' lang='lat' dir='ltr'><strong><em>possidentes</em></strong></span> <span class='ocrx_word' id='word_1_634' title='bbox 1727 1444 1773 1479; x_wconf 87' lang='lat' dir='ltr'><strong><em>(II</em></strong></span> 
     </span>
    </p>
   </div>
   <div class='ocr_carea' id='block_1_87' title="bbox 942 1484 1769 1523">
    <p class='ocr_par' dir='ltr' id='par_1_87' title="bbox 942 1484 1769 1523">
     <span class='ocr_line' id='line_1_87' title="bbox 942 1484 1769 1523; baseline 0.005 -11"><span class='ocrx_word' id='word_1_635' title='bbox 942 1484 1008 1512; x_wconf 89' lang='lat' dir='ltr'><strong><em>Cor.</em></strong></span> <span class='ocrx_word' id='word_1_636' title='bbox 1025 1492 1063 1517; x_wconf 83' lang='grc' dir='ltr'><strong><em>νι,</em></strong></span> <span class='ocrx_word' id='word_1_637' title='bbox 1080 1486 1193 1518; x_wconf 80' lang='grc'><strong><em>3-10)...</em></strong></span> <span class='ocrx_word' id='word_1_638' title='bbox 1209 1485 1252 1513; x_wconf 88' lang='lat' dir='ltr'><strong><em>De</em></strong></span> <span class='ocrx_word' id='word_1_639' title='bbox 1267 1489 1384 1518; x_wconf 63' lang='lat' dir='ltr'><strong><em>callere,</em></strong></span> <span class='ocrx_word' id='word_1_640' title='bbox 1400 1486 1526 1521; x_wconf 81' lang='lat' dir='ltr'><strong><em>fratres,</em></strong></span> <span class='ocrx_word' id='word_1_641' title='bbox 1541 1486 1680 1522; x_wconf 83' lang='lat' dir='ltr'><strong><em>gaudete,</em></strong></span> <span class='ocrx_word' id='word_1_642' title='bbox 1699 1495 1769 1523; x_wconf 85' lang='lat' dir='ltr'><strong><em>per-</em></strong></span> 
     </span>
    </p>
   </div>
   <div class='ocr_carea' id='block_1_88' title="bbox 900 1528 1769 1574">
    <p class='ocr_par' dir='ltr' id='par_1_88' title="bbox 900 1528 1769 1574">
     <span class='ocr_line' id='line_1_88' title="bbox 900 1528 1769 1574; baseline 0.005 -18"><span class='ocrx_word' id='word_1_643' title='bbox 900 1545 921 1574; x_wconf 69' lang='grc' dir='ltr'><strong>ο</strong></span> <span class='ocrx_word' id='word_1_644' title='bbox 937 1529 1013 1563; x_wconf 86' lang='lat' dir='ltr'><strong><em>fecti</em></strong></span> <span class='ocrx_word' id='word_1_645' title='bbox 1039 1531 1139 1563; x_wconf 91' lang='lat' dir='ltr'><strong><em>estote,</em></strong></span> <span class='ocrx_word' id='word_1_646' title='bbox 1170 1528 1386 1561; x_wconf 72' lang='lat' dir='ltr'><strong><em>exhortamini,</em></strong></span> <span class='ocrx_word' id='word_1_647' title='bbox 1417 1529 1494 1558; x_wconf 81' lang='lat' dir='ltr'><strong><em>idem</em></strong></span> <span class='ocrx_word' id='word_1_648' title='bbox 1527 1531 1633 1566; x_wconf 83' lang='lat' dir='ltr'><strong><em>sapite,</em></strong></span> <span class='ocrx_word' id='word_1_649' title='bbox 1660 1538 1769 1566; x_wconf 84' lang='lat' dir='ltr'><strong><em>pacem</em></strong></span> 
     </span>
    </p>
   </div>
   <div class='ocr_carea' id='block_1_89' title="bbox 941 1573 1769 1611">
    <p class='ocr_par' dir='ltr' id='par_1_89' title="bbox 941 1573 1769 1611">
     <span class='ocr_line' id='line_1_89' title="bbox 941 1573 1769 1611; baseline 0.004 -9"><span class='ocrx_word' id='word_1_650' title='bbox 941 1573 1047 1602; x_wconf 82' lang='lat' dir='ltr'><strong><em>habete</em></strong></span> <span class='ocrx_word' id='word_1_651' title='bbox 1062 1575 1102 1609; x_wconf 84' lang='grc' dir='ltr'><strong><em>(ΙΙ</em></strong></span> <span class='ocrx_word' id='word_1_652' title='bbox 1120 1574 1190 1603; x_wconf 89' lang='lat' dir='ltr'><strong><em>Cor.</em></strong></span> <span class='ocrx_word' id='word_1_653' title='bbox 1204 1582 1261 1609; x_wconf 80' lang='lat' dir='ltr'><strong><em>xm,</em></strong></span> <span class='ocrx_word' id='word_1_654' title='bbox 1282 1576 1359 1607; x_wconf 81' lang='grc'><strong><em>11)...</em></strong></span> <span class='ocrx_word' id='word_1_655' title='bbox 1375 1575 1505 1603; x_wconf 83' lang='lat' dir='ltr'><strong><em>Fructus</em></strong></span> <span class='ocrx_word' id='word_1_656' title='bbox 1519 1579 1619 1604; x_wconf 89' lang='lat' dir='ltr'><strong><em>autem</em></strong></span> <span class='ocrx_word' id='word_1_657' title='bbox 1635 1577 1769 1611; x_wconf 85' lang='lat' dir='ltr'><strong><em>Spiritus</em></strong></span> 
     </span>
    </p>
   </div>
   <div class='ocr_carea' id='block_1_90' title="bbox 941 1618 1768 1656">
    <p class='ocr_par' dir='ltr' id='par_1_90' title="bbox 941 1618 1768 1656">
     <span class='ocr_line' id='line_1_90' title="bbox 941 1618 1768 1656; baseline 0.004 -10"><span class='ocrx_word' id='word_1_658' title='bbox 941 1621 981 1646; x_wconf 82' lang='lat' dir='ltr'><strong><em>est</em></strong></span> <span class='ocrx_word' id='word_1_659' title='bbox 997 1618 1141 1653; x_wconf 86' lang='lat' dir='ltr'><strong><em>charitas,</em></strong></span> <span class='ocrx_word' id='word_1_660' title='bbox 1156 1619 1312 1653; x_wconf 82' lang='lat' dir='ltr'><strong><em>gaudium,</em></strong></span> <span class='ocrx_word' id='word_1_661' title='bbox 1323 1626 1398 1653; x_wconf 69' lang='lat' dir='ltr'><strong><em>pax,</em></strong></span> <span class='ocrx_word' id='word_1_662' title='bbox 1412 1619 1572 1655; x_wconf 81' lang='lat' dir='ltr'><strong><em>patientia,</em></strong></span> <span class='ocrx_word' id='word_1_663' title='bbox 1590 1620 1768 1656; x_wconf 81' lang='lat' dir='ltr'><strong><em>benignitas,</em></strong></span> 
     </span>
    </p>
   </div>
   <div class='ocr_carea' id='block_1_91' title="bbox 940 1662 1769 1699">
    <p class='ocr_par' dir='ltr' id='par_1_91' title="bbox 940 1662 1769 1699">
     <span class='ocr_line' id='line_1_91' title="bbox 940 1662 1769 1699; baseline 0.005 -9"><span class='ocrx_word' id='word_1_664' title='bbox 940 1662 1068 1696; x_wconf 85' lang='lat' dir='ltr'><strong><em>bonitas,</em></strong></span> <span class='ocrx_word' id='word_1_665' title='bbox 1091 1663 1176 1697; x_wconf 82' lang='lat' dir='ltr'><strong><em>fides,</em></strong></span> <span class='ocrx_word' id='word_1_666' title='bbox 1201 1663 1411 1698; x_wconf 87' lang='lat' dir='ltr'><strong><em>mansuetudo,</em></strong></span> <span class='ocrx_word' id='word_1_667' title='bbox 1428 1664 1624 1699; x_wconf 71' lang='lat' dir='ltr'><strong><em>continentia,</em></strong></span> <span class='ocrx_word' id='word_1_668' title='bbox 1645 1665 1769 1695; x_wconf 81' lang='lat' dir='ltr'><strong><em>castitas</em></strong></span> 
     </span>
    </p>
   </div>
   <div class='ocr_carea' id='block_1_92' title="bbox 940 1708 1768 1744">
    <p class='ocr_par' dir='ltr' id='par_1_92' title="bbox 940 1708 1768 1744">
     <span class='ocr_line' id='line_1_92' title="bbox 940 1708 1768 1744; baseline 0.002 -8"><span class='ocrx_word' id='word_1_669' title='bbox 940 1708 1053 1742; x_wconf 84' lang='lat' dir='ltr'><strong><em>(Gatat.</em></strong></span> <span class='ocrx_word' id='word_1_670' title='bbox 1068 1716 1094 1742; x_wconf 85' lang='grc' dir='ltr'><strong><em>ν,</em></strong></span> <span class='ocrx_word' id='word_1_671' title='bbox 1111 1710 1191 1736; x_wconf 73' lang='lat'><strong><em>22)...</em></strong></span> <span class='ocrx_word' id='word_1_672' title='bbox 1209 1708 1334 1736; x_wconf 84' lang='lat' dir='ltr'><strong><em>Obsecro</em></strong></span> <span class='ocrx_word' id='word_1_673' title='bbox 1351 1708 1452 1743; x_wconf 84' lang='lat' dir='ltr'><strong><em>itaque</em></strong></span> <span class='ocrx_word' id='word_1_674' title='bbox 1472 1716 1522 1737; x_wconf 86' lang='lat' dir='ltr'><strong><em>vos</em></strong></span> <span class='ocrx_word' id='word_1_675' title='bbox 1538 1716 1591 1744; x_wconf 86' lang='lat' dir='ltr'><strong><em>ego</em></strong></span> <span class='ocrx_word' id='word_1_676' title='bbox 1607 1710 1724 1739; x_wconf 88' lang='lat' dir='ltr'><strong><em>vinctus</em></strong></span> <span class='ocrx_word' id='word_1_677' title='bbox 1736 1711 1768 1741; x_wconf 86' lang='lat' dir='ltr'><strong><em>in</em></strong></span> 
     </span>
    </p>
   </div>
   <div class='ocr_carea' id='block_1_93' title="bbox 940 1753 1771 1789">
    <p class='ocr_par' dir='ltr' id='par_1_93' title="bbox 940 1753 1771 1789">
     <span class='ocr_line' id='line_1_93' title="bbox 940 1753 1771 1789; baseline 0.004 -9"><span class='ocrx_word' id='word_1_678' title='bbox 940 1753 1077 1785; x_wconf 86' lang='lat' dir='ltr'><strong><em>Domino,</em></strong></span> <span class='ocrx_word' id='word_1_679' title='bbox 1093 1755 1126 1780; x_wconf 87' lang='lat' dir='ltr'><strong><em>ut</em></strong></span> <span class='ocrx_word' id='word_1_680' title='bbox 1141 1753 1232 1786; x_wconf 85' lang='lat' dir='ltr'><strong><em>digne</em></strong></span> <span class='ocrx_word' id='word_1_681' title='bbox 1244 1753 1403 1780; x_wconf 84' lang='lat' dir='ltr'><strong><em>ambuletis</em></strong></span> <span class='ocrx_word' id='word_1_682' title='bbox 1417 1753 1582 1787; x_wconf 74' lang='lat' dir='ltr'><strong><em>vocatione,</em></strong></span> <span class='ocrx_word' id='word_1_683' title='bbox 1596 1761 1656 1789; x_wconf 84' lang='lat' dir='ltr'><strong><em>qua</em></strong></span> <span class='ocrx_word' id='word_1_684' title='bbox 1670 1755 1771 1784; x_wconf 79' lang='lat' dir='ltr'><strong><em>vocati</em></strong></span> 
     </span>
    </p>
   </div>
   <div class='ocr_carea' id='block_1_94' title="bbox 941 1797 1768 1832">
    <p class='ocr_par' dir='ltr' id='par_1_94' title="bbox 941 1797 1768 1832">
     <span class='ocr_line' id='line_1_94' title="bbox 941 1797 1768 1832; baseline 0.004 -7"><span class='ocrx_word' id='word_1_685' title='bbox 941 1797 1020 1830; x_wconf 83' lang='lat' dir='ltr'><strong><em>estis,</em></strong></span> <span class='ocrx_word' id='word_1_686' title='bbox 1035 1805 1101 1825; x_wconf 86' lang='lat' dir='ltr'><strong><em>cum</em></strong></span> <span class='ocrx_word' id='word_1_687' title='bbox 1116 1797 1198 1825; x_wconf 86' lang='lat' dir='ltr'><strong><em>omni</em></strong></span> <span class='ocrx_word' id='word_1_688' title='bbox 1213 1797 1395 1829; x_wconf 83' lang='lat' dir='ltr'><strong><em>humilitate,</em></strong></span> <span class='ocrx_word' id='word_1_689' title='bbox 1405 1799 1433 1825; x_wconf 86' lang='lat' dir='ltr'><strong><em>et</em></strong></span> <span class='ocrx_word' id='word_1_690' title='bbox 1448 1798 1687 1832; x_wconf 84' lang='lat' dir='ltr'><strong><em>mansuetudine,</em></strong></span> <span class='ocrx_word' id='word_1_691' title='bbox 1701 1807 1768 1828; x_wconf 89' lang='lat' dir='ltr'><strong><em>cum</em></strong></span> 
     </span>
    </p>
   </div>
   <div class='ocr_carea' id='block_1_95' title="bbox 940 1842 1767 1877">
    <p class='ocr_par' dir='ltr' id='par_1_95' title="bbox 940 1842 1767 1877">
     <span class='ocr_line' id='line_1_95' title="bbox 940 1842 1767 1877; baseline 0.004 -8"><span class='ocrx_word' id='word_1_692' title='bbox 940 1842 1107 1877; x_wconf 77' lang='lat' dir='ltr'><strong><em>patientia,</em></strong></span> <span class='ocrx_word' id='word_1_693' title='bbox 1135 1844 1347 1876; x_wconf 84' lang='lat' dir='ltr'><strong><em>supportantes</em></strong></span> <span class='ocrx_word' id='word_1_694' title='bbox 1379 1843 1504 1872; x_wconf 78' lang='lat' dir='ltr'><strong><em>invicem</em></strong></span> <span class='ocrx_word' id='word_1_695' title='bbox 1532 1842 1564 1871; x_wconf 88' lang='lat' dir='ltr'><strong><em>in</em></strong></span> <span class='ocrx_word' id='word_1_696' title='bbox 1595 1843 1767 1876; x_wconf 82' lang='lat' dir='ltr'><strong><em>charitate:</em></strong></span> 
     </span>
    </p>
   </div>
   <div class='ocr_carea' id='block_1_96' title="bbox 941 1887 1769 1922">
    <p class='ocr_par' dir='ltr' id='par_1_96' title="bbox 941 1887 1769 1922">
     <span class='ocr_line' id='line_1_96' title="bbox 941 1887 1769 1922; baseline 0.002 -7"><span class='ocrx_word' id='word_1_697' title='bbox 941 1888 1066 1915; x_wconf 83' lang='lat' dir='ltr'><strong><em>solliciti</em></strong></span> <span class='ocrx_word' id='word_1_698' title='bbox 1094 1894 1216 1916; x_wconf 87' lang='lat' dir='ltr'><strong><em>servare</em></strong></span> <span class='ocrx_word' id='word_1_699' title='bbox 1243 1887 1389 1915; x_wconf 85' lang='lat' dir='ltr'><strong><em>unitatem</em></strong></span> <span class='ocrx_word' id='word_1_700' title='bbox 1423 1887 1553 1922; x_wconf 84' lang='lat' dir='ltr'><strong><em>Spiritus</em></strong></span> <span class='ocrx_word' id='word_1_701' title='bbox 1583 1889 1613 1915; x_wconf 89' lang='lat' dir='ltr'><strong><em>in</em></strong></span> <span class='ocrx_word' id='word_1_702' title='bbox 1648 1889 1769 1919; x_wconf 85' lang='lat' dir='ltr'><strong><em>vinculo</em></strong></span> 
     </span>
    </p>
   </div>
   <div class='ocr_carea' id='block_1_97' title="bbox 942 1932 1770 1968">
    <p class='ocr_par' dir='ltr' id='par_1_97' title="bbox 942 1932 1770 1968">
     <span class='ocr_line' id='line_1_97' title="bbox 942 1932 1770 1968; baseline 0.001 -7"><span class='ocrx_word' id='word_1_703' title='bbox 942 1934 1036 1968; x_wconf 87' lang='lat' dir='ltr'><strong><em>pacis.</em></strong></span> <span class='ocrx_word' id='word_1_704' title='bbox 1060 1933 1157 1961; x_wconf 90' lang='lat' dir='ltr'><strong><em>Unum</em></strong></span> <span class='ocrx_word' id='word_1_705' title='bbox 1188 1940 1297 1966; x_wconf 84' lang='lat' dir='ltr'><strong><em>corpus</em></strong></span> <span class='ocrx_word' id='word_1_706' title='bbox 1320 1935 1348 1960; x_wconf 90' lang='lat' dir='ltr'><strong><em>et</em></strong></span> <span class='ocrx_word' id='word_1_707' title='bbox 1371 1939 1448 1959; x_wconf 89' lang='lat' dir='ltr'><strong><em>unus</em></strong></span> <span class='ocrx_word' id='word_1_708' title='bbox 1472 1932 1616 1966; x_wconf 82' lang='lat' dir='ltr'><strong><em>Spiritus,</em></strong></span> <span class='ocrx_word' id='word_1_709' title='bbox 1641 1934 1720 1962; x_wconf 82' lang='lat' dir='ltr'><strong><em>sicut</em></strong></span> <span class='ocrx_word' id='word_1_710' title='bbox 1742 1936 1770 1964; x_wconf 84' lang='lat' dir='ltr'><strong><em>et</em></strong></span> 
     </span>
    </p>
   </div>
   <div class='ocr_carea' id='block_1_98' title="bbox 942 1977 1766 2013">
    <p class='ocr_par' dir='ltr' id='par_1_98' title="bbox 942 1977 1766 2013">
     <span class='ocr_line' id='line_1_98' title="bbox 942 1977 1766 2013; baseline 0.001 -7"><span class='ocrx_word' id='word_1_711' title='bbox 942 1978 1042 2006; x_wconf 72' lang='lat' dir='ltr'><strong><em>vocati</em></strong></span> <span class='ocrx_word' id='word_1_712' title='bbox 1056 1978 1125 2006; x_wconf 86' lang='lat' dir='ltr'><strong><em>estis</em></strong></span> <span class='ocrx_word' id='word_1_713' title='bbox 1140 1978 1172 2004; x_wconf 86' lang='lat' dir='ltr'><strong><em>in</em></strong></span> <span class='ocrx_word' id='word_1_714' title='bbox 1188 1984 1249 2005; x_wconf 87' lang='lat' dir='ltr'><strong><em>una</em></strong></span> <span class='ocrx_word' id='word_1_715' title='bbox 1264 1984 1316 2011; x_wconf 88' lang='lat' dir='ltr'><strong><em>spe</em></strong></span> <span class='ocrx_word' id='word_1_716' title='bbox 1330 1977 1492 2005; x_wconf 83' lang='lat' dir='ltr'><strong><em>vocationis</em></strong></span> <span class='ocrx_word' id='word_1_717' title='bbox 1515 1980 1621 2004; x_wconf 59' lang='lat' dir='ltr'><strong><em>vestra</em></strong></span> <span class='ocrx_word' id='word_1_718' title='bbox 1641 1977 1766 2013; x_wconf 86' lang='lat' dir='ltr'><strong><em>(Ephes.</em></strong></span> 
     </span>
    </p>
   </div>
   <div class='ocr_carea' id='block_1_99' title="bbox 942 2021 1770 2058">
    <p class='ocr_par' dir='ltr' id='par_1_99' title="bbox 942 2021 1770 2058">
     <span class='ocr_line' id='line_1_99' title="bbox 942 2021 1770 2058; baseline 0 -8"><span class='ocrx_word' id='word_1_719' title='bbox 942 2030 982 2058; x_wconf 75' lang='lat' dir='ltr'><strong><em>xv,</em></strong></span> <span class='ocrx_word' id='word_1_720' title='bbox 1010 2023 1099 2057; x_wconf 76' lang='grc'><strong><em>1-4)...</em></strong></span> <span class='ocrx_word' id='word_1_721' title='bbox 1122 2022 1226 2050; x_wconf 87' lang='lat' dir='ltr'><strong><em>Estote</em></strong></span> <span class='ocrx_word' id='word_1_722' title='bbox 1245 2022 1340 2056; x_wconf 81' lang='lat' dir='ltr'><strong><em>igitur</em></strong></span> <span class='ocrx_word' id='word_1_723' title='bbox 1364 2021 1489 2049; x_wconf 83' lang='lat' dir='ltr'><strong><em>invicem</em></strong></span> <span class='ocrx_word' id='word_1_724' title='bbox 1511 2021 1641 2056; x_wconf 82' lang='lat' dir='ltr'><strong><em>benigni,</em></strong></span> <span class='ocrx_word' id='word_1_725' title='bbox 1657 2022 1770 2050; x_wconf 87' lang='lat' dir='ltr'><strong><em>miseri-</em></strong></span> 
     </span>
    </p>
   </div>
   <div class='ocr_carea' id='block_1_100' title="bbox 943 2066 1773 2099">
    <p class='ocr_par' dir='ltr' id='par_1_100' title="bbox 943 2066 1773 2099">
     <span class='ocr_line' id='line_1_100' title="bbox 943 2066 1773 2099; baseline -0.001 -4"><span class='ocrx_word' id='word_1_726' title='bbox 943 2067 1056 2098; x_wconf 83' lang='lat' dir='ltr'><strong><em>cordes,</em></strong></span> <span class='ocrx_word' id='word_1_727' title='bbox 1071 2067 1216 2095; x_wconf 86' lang='lat' dir='ltr'><strong><em>donantes</em></strong></span> <span class='ocrx_word' id='word_1_728' title='bbox 1231 2066 1368 2099; x_wconf 76' lang='lat' dir='ltr'><strong><em>invicem,</em></strong></span> <span class='ocrx_word' id='word_1_729' title='bbox 1379 2066 1456 2094; x_wconf 84' lang='lat' dir='ltr'><strong><em>sicut</em></strong></span> <span class='ocrx_word' id='word_1_730' title='bbox 1469 2068 1495 2093; x_wconf 87' lang='lat' dir='ltr'><strong><em>et</em></strong></span> <span class='ocrx_word' id='word_1_731' title='bbox 1513 2066 1589 2095; x_wconf 87' lang='lat' dir='ltr'><strong><em>Deus</em></strong></span> <span class='ocrx_word' id='word_1_732' title='bbox 1604 2067 1636 2094; x_wconf 91' lang='lat' dir='ltr'><strong><em>in</em></strong></span> <span class='ocrx_word' id='word_1_733' title='bbox 1651 2066 1773 2095; x_wconf 85' lang='lat' dir='ltr'><strong><em>Christo</em></strong></span> 
     </span>
    </p>
   </div>
   <div class='ocr_carea' id='block_1_101' title="bbox 943 2110 1774 2144">
    <p class='ocr_par' dir='ltr' id='par_1_101' title="bbox 943 2110 1774 2144">
     <span class='ocr_line' id='line_1_101' title="bbox 943 2110 1774 2144; baseline -0.001 -5"><span class='ocrx_word' id='word_1_734' title='bbox 943 2111 1065 2140; x_wconf 84' lang='lat' dir='ltr'><strong><em>donavit</em></strong></span> <span class='ocrx_word' id='word_1_735' title='bbox 1090 2111 1180 2139; x_wconf 89' lang='lat' dir='ltr'><strong><em>vobis.</em></strong></span> <span class='ocrx_word' id='word_1_736' title='bbox 1211 2111 1309 2137; x_wconf 86' lang='lat' dir='ltr'><strong><em>Estote</em></strong></span> <span class='ocrx_word' id='word_1_737' title='bbox 1332 2117 1402 2144; x_wconf 86' lang='lat' dir='ltr'><strong><em>ergo</em></strong></span> <span class='ocrx_word' id='word_1_738' title='bbox 1424 2110 1589 2138; x_wconf 85' lang='lat' dir='ltr'><strong><em>imitatores</em></strong></span> <span class='ocrx_word' id='word_1_739' title='bbox 1614 2111 1679 2144; x_wconf 89' lang='lat' dir='ltr'><strong><em>Dei,</em></strong></span> <span class='ocrx_word' id='word_1_740' title='bbox 1695 2111 1774 2139; x_wconf 76' lang='lat' dir='ltr'><strong><em>sicut</em></strong></span> 
     </span>
    </p>
   </div>
   <div class='ocr_carea' id='block_1_102' title="bbox 943 2153 1774 2190">
    <p class='ocr_par' dir='ltr' id='par_1_102' title="bbox 943 2153 1774 2190">
     <span class='ocr_line' id='line_1_102' title="bbox 943 2153 1774 2190; baseline -0.005 -6"><span class='ocrx_word' id='word_1_741' title='bbox 943 2157 1003 2190; x_wconf 83' lang='lat' dir='ltr'><strong><em>ﬁlii</em></strong></span> <span class='ocrx_word' id='word_1_742' title='bbox 1023 2155 1217 2184; x_wconf 73' lang='lat' dir='ltr'><strong><em>charissimi.‘</em></strong></span> <span class='ocrx_word' id='word_1_743' title='bbox 1233 2157 1260 2182; x_wconf 92' lang='lat' dir='ltr'><strong><em>et</em></strong></span> <span class='ocrx_word' id='word_1_744' title='bbox 1285 2153 1438 2183; x_wconf 87' lang='lat' dir='ltr'><strong><em>ambulate</em></strong></span> <span class='ocrx_word' id='word_1_745' title='bbox 1460 2154 1492 2181; x_wconf 85' lang='lat' dir='ltr'><strong><em>in</em></strong></span> <span class='ocrx_word' id='word_1_746' title='bbox 1513 2154 1684 2185; x_wconf 85' lang='lat' dir='ltr'><strong><em>dilectione,</em></strong></span> <span class='ocrx_word' id='word_1_747' title='bbox 1697 2155 1774 2181; x_wconf 79' lang='lat' dir='ltr'><strong><em>sicut</em></strong></span> 
     </span>
    </p>
   </div>
   <div class='ocr_carea' id='block_1_103' title="bbox 945 2198 1775 2234">
    <p class='ocr_par' dir='ltr' id='par_1_103' title="bbox 945 2198 1775 2234">
     <span class='ocr_line' id='line_1_103' title="bbox 945 2198 1775 2234; baseline -0.005 -5"><span class='ocrx_word' id='word_1_748' title='bbox 945 2205 972 2229; x_wconf 89' lang='lat' dir='ltr'><strong><em>et</em></strong></span> <span class='ocrx_word' id='word_1_749' title='bbox 998 2201 1137 2229; x_wconf 81' lang='lat' dir='ltr'><strong><em>Christus</em></strong></span> <span class='ocrx_word' id='word_1_750' title='bbox 1162 2199 1271 2227; x_wconf 70' lang='lat' dir='ltr'><strong><em>dilexit</em></strong></span> <span class='ocrx_word' id='word_1_751' title='bbox 1293 2206 1355 2233; x_wconf 87' lang='lat' dir='ltr'><strong><em>nos,</em></strong></span> <span class='ocrx_word' id='word_1_752' title='bbox 1378 2200 1404 2226; x_wconf 89' lang='lat' dir='ltr'><strong><em>et</em></strong></span> <span class='ocrx_word' id='word_1_753' title='bbox 1430 2198 1558 2225; x_wconf 87' lang='lat' dir='ltr'><strong><em>tradidit</em></strong></span> <span class='ocrx_word' id='word_1_754' title='bbox 1587 2199 1775 2234; x_wconf 86' lang='lat' dir='ltr'><strong><em>semetipsum</em></strong></span> 
     </span>
    </p>
   </div>
   <div class='ocr_carea' id='block_1_104' title="bbox 944 2242 1775 2283">
    <p class='ocr_par' dir='ltr' id='par_1_104' title="bbox 944 2242 1775 2283">
     <span class='ocr_line' id='line_1_104' title="bbox 944 2242 1775 2283; baseline -0.004 -9"><span class='ocrx_word' id='word_1_755' title='bbox 944 2254 1001 2283; x_wconf 89' lang='lat' dir='ltr'><strong><em>pro</em></strong></span> <span class='ocrx_word' id='word_1_756' title='bbox 1015 2245 1099 2273; x_wconf 87' lang='lat' dir='ltr'><strong><em>nobis</em></strong></span> <span class='ocrx_word' id='word_1_757' title='bbox 1114 2244 1308 2278; x_wconf 86' lang='lat' dir='ltr'><strong><em>oblationem,</em></strong></span> <span class='ocrx_word' id='word_1_758' title='bbox 1329 2245 1357 2270; x_wconf 86' lang='lat' dir='ltr'><strong><em>et</em></strong></span> <span class='ocrx_word' id='word_1_759' title='bbox 1374 2242 1497 2270; x_wconf 86' lang='lat' dir='ltr'><strong><em>hostiam</em></strong></span> <span class='ocrx_word' id='word_1_760' title='bbox 1514 2243 1575 2270; x_wconf 84' lang='lat' dir='ltr'><strong><em>Deo</em></strong></span> <span class='ocrx_word' id='word_1_761' title='bbox 1598 2243 1630 2271; x_wconf 88' lang='lat' dir='ltr'><strong><em>in</em></strong></span> <span class='ocrx_word' id='word_1_762' title='bbox 1654 2243 1775 2272; x_wconf 86' lang='lat' dir='ltr'><strong><em>odorem</em></strong></span> 
     </span>
    </p>
   </div>
   <div class='ocr_carea' id='block_1_105' title="bbox 945 2287 1779 2325">
    <p class='ocr_par' dir='ltr' id='par_1_105' title="bbox 945 2287 1779 2325">
     <span class='ocr_line' id='line_1_105' title="bbox 945 2287 1779 2325; baseline -0.004 -6"><span class='ocrx_word' id='word_1_763' title='bbox 945 2291 1104 2319; x_wconf 84' lang='lat' dir='ltr'><strong><em>suavitatis</em></strong></span> <span class='ocrx_word' id='word_1_764' title='bbox 1121 2289 1203 2325; x_wconf 83' lang='lat' dir='ltr'><strong><em>(ibid.</em></strong></span> <span class='ocrx_word' id='word_1_765' title='bbox 1222 2290 1272 2322; x_wconf 82' lang='lat'><strong><em>32;</em></strong></span> <span class='ocrx_word' id='word_1_766' title='bbox 1285 2296 1311 2321; x_wconf 80' lang='grc' dir='ltr'>γ,</span> <span class='ocrx_word' id='word_1_767' title='bbox 1331 2289 1355 2322; x_wconf 81' lang='grc'>1,</span> <span class='ocrx_word' id='word_1_768' title='bbox 1371 2289 1432 2322; x_wconf 83' lang='lat'><strong><em>2)...</em></strong></span> <span class='ocrx_word' id='word_1_769' title='bbox 1448 2287 1483 2315; x_wconf 88' lang='lat' dir='ltr'><strong><em>Si</em></strong></span> <span class='ocrx_word' id='word_1_770' title='bbox 1503 2295 1562 2322; x_wconf 89' lang='lat' dir='ltr'><strong><em>qua</em></strong></span> <span class='ocrx_word' id='word_1_771' title='bbox 1583 2295 1653 2322; x_wconf 83' lang='lat' dir='ltr'><strong><em>ergo</em></strong></span> <span class='ocrx_word' id='word_1_772' title='bbox 1676 2295 1779 2317; x_wconf 86' lang='lat' dir='ltr'><strong><em>conso-</em></strong></span> 
     </span>
    </p>
   </div>
   <div class='ocr_carea' id='block_1_106' title="bbox 948 2332 1781 2369">
    <p class='ocr_par' dir='ltr' id='par_1_106' title="bbox 948 2332 1781 2369">
     <span class='ocr_line' id='line_1_106' title="bbox 948 2332 1781 2369; baseline -0.005 -5"><span class='ocrx_word' id='word_1_773' title='bbox 948 2336 1021 2364; x_wconf 86' lang='lat' dir='ltr'><strong><em>latio</em></strong></span> <span class='ocrx_word' id='word_1_774' title='bbox 1040 2336 1072 2363; x_wconf 85' lang='lat' dir='ltr'><strong><em>in</em></strong></span> <span class='ocrx_word' id='word_1_775' title='bbox 1098 2334 1227 2368; x_wconf 82' lang='lat' dir='ltr'><strong><em>Christo,</em></strong></span> <span class='ocrx_word' id='word_1_776' title='bbox 1253 2334 1280 2361; x_wconf 90' lang='lat' dir='ltr'><strong><em>si</em></strong></span> <span class='ocrx_word' id='word_1_777' title='bbox 1303 2332 1384 2369; x_wconf 87' lang='lat' dir='ltr'><strong><em>quod</em></strong></span> <span class='ocrx_word' id='word_1_778' title='bbox 1403 2332 1545 2360; x_wconf 82' lang='lat' dir='ltr'><strong><em>solatium</em></strong></span> <span class='ocrx_word' id='word_1_779' title='bbox 1565 2332 1737 2367; x_wconf 83' lang='lat' dir='ltr'><strong><em>eharitatis,</em></strong></span> <span class='ocrx_word' id='word_1_780' title='bbox 1754 2333 1781 2360; x_wconf 86' lang='lat' dir='ltr'><strong><em>si</em></strong></span> 
     </span>
    </p>
   </div>
   <div class='ocr_carea' id='block_1_107' title="bbox 948 2377 1779 2417">
    <p class='ocr_par' dir='ltr' id='par_1_107' title="bbox 948 2377 1779 2417">
     <span class='ocr_line' id='line_1_107' title="bbox 948 2377 1779 2417; baseline -0.005 -9"><span class='ocrx_word' id='word_1_781' title='bbox 948 2388 1008 2417; x_wconf 87' lang='lat' dir='ltr'><strong><em>qua</em></strong></span> <span class='ocrx_word' id='word_1_782' title='bbox 1021 2380 1146 2408; x_wconf 85' lang='lat' dir='ltr'><strong><em>societas</em></strong></span> <span class='ocrx_word' id='word_1_783' title='bbox 1161 2379 1297 2414; x_wconf 81' lang='lat' dir='ltr'><strong><em>spiritus,</em></strong></span> <span class='ocrx_word' id='word_1_784' title='bbox 1313 2379 1339 2405; x_wconf 84' lang='lat' dir='ltr'><strong><em>si</em></strong></span> <span class='ocrx_word' id='word_1_785' title='bbox 1353 2385 1413 2413; x_wconf 79' lang='lat' dir='ltr'><strong><em>qua</em></strong></span> <span class='ocrx_word' id='word_1_786' title='bbox 1434 2377 1549 2406; x_wconf 84' lang='lat' dir='ltr'><strong><em>viscera</em></strong></span> <span class='ocrx_word' id='word_1_787' title='bbox 1569 2380 1596 2406; x_wconf 86' lang='lat' dir='ltr'><strong><em>et</em></strong></span> <span class='ocrx_word' id='word_1_788' title='bbox 1611 2377 1779 2407; x_wconf 81' lang='lat' dir='ltr'><strong><em>miseratio-</em></strong></span> 
     </span>
    </p>
   </div>
   <div class='ocr_carea' id='block_1_108' title="bbox 949 2421 1781 2458">
    <p class='ocr_par' dir='ltr' id='par_1_108' title="bbox 949 2421 1781 2458">
     <span class='ocr_line' id='line_1_108' title="bbox 949 2421 1781 2458; baseline -0.002 -6"><span class='ocrx_word' id='word_1_789' title='bbox 949 2433 1009 2457; x_wconf 86' lang='lat' dir='ltr'><strong><em>nes,</em></strong></span> <span class='ocrx_word' id='word_1_790' title='bbox 1034 2425 1156 2458; x_wconf 88' lang='lat' dir='ltr'><strong><em>implete</em></strong></span> <span class='ocrx_word' id='word_1_791' title='bbox 1182 2423 1328 2458; x_wconf 86' lang='lat' dir='ltr'><strong><em>gaudium</em></strong></span> <span class='ocrx_word' id='word_1_792' title='bbox 1353 2429 1460 2454; x_wconf 86' lang='lat' dir='ltr'><strong><em>meum,</em></strong></span> <span class='ocrx_word' id='word_1_793' title='bbox 1490 2425 1522 2449; x_wconf 89' lang='lat' dir='ltr'><strong><em>ut</em></strong></span> <span class='ocrx_word' id='word_1_794' title='bbox 1549 2421 1626 2450; x_wconf 86' lang='lat' dir='ltr'><strong><em>idem</em></strong></span> <span class='ocrx_word' id='word_1_795' title='bbox 1655 2422 1781 2456; x_wconf 84' lang='lat' dir='ltr'><strong><em>sapiatis</em></strong></span> 
     </span>
    </p>
   </div>
   <div class='ocr_carea' id='block_1_109' title="bbox 951 2467 1782 2502">
    <p class='ocr_par' dir='ltr' id='par_1_109' title="bbox 951 2467 1782 2502">
     <span class='ocr_line' id='line_1_109' title="bbox 951 2467 1782 2502; baseline -0.005 -4"><span class='ocrx_word' id='word_1_796' title='bbox 951 2478 1060 2502; x_wconf 85' lang='lat' dir='ltr'><strong><em>omnes,</em></strong></span> <span class='ocrx_word' id='word_1_797' title='bbox 1082 2468 1214 2496; x_wconf 84' lang='lat' dir='ltr'><strong><em>eamdem</em></strong></span> <span class='ocrx_word' id='word_1_798' title='bbox 1230 2468 1410 2496; x_wconf 83' lang='lat' dir='ltr'><strong><em>charitatem</em></strong></span> <span class='ocrx_word' id='word_1_799' title='bbox 1435 2467 1586 2501; x_wconf 80' lang='lat' dir='ltr'><strong><em>habentes,</em></strong></span> <span class='ocrx_word' id='word_1_800' title='bbox 1613 2467 1782 2502; x_wconf 84' lang='lat' dir='ltr'><strong><em>unanimes,</em></strong></span> 
     </span>
    </p>
   </div>
   <div class='ocr_carea' id='block_1_110' title="bbox 952 2512 1783 2550">
    <p class='ocr_par' dir='ltr' id='par_1_110' title="bbox 952 2512 1783 2550">
     <span class='ocr_line' id='line_1_110' title="bbox 952 2512 1783 2550; baseline -0.007 -6"><span class='ocrx_word' id='word_1_801' title='bbox 952 2515 1081 2550; x_wconf 85' lang='lat' dir='ltr'><strong><em>idipsum</em></strong></span> <span class='ocrx_word' id='word_1_802' title='bbox 1102 2514 1272 2547; x_wconf 82' lang='lat' dir='ltr'><strong><em>sentientes,</em></strong></span> <span class='ocrx_word' id='word_1_803' title='bbox 1297 2512 1377 2540; x_wconf 87' lang='lat' dir='ltr'><strong><em>nihil</em></strong></span> <span class='ocrx_word' id='word_1_804' title='bbox 1400 2519 1456 2546; x_wconf 88' lang='lat' dir='ltr'><strong><em>per</em></strong></span> <span class='ocrx_word' id='word_1_805' title='bbox 1486 2512 1707 2540; x_wconf 83' lang='lat' dir='ltr'><strong><em>contentionem</em></strong></span> <span class='ocrx_word' id='word_1_806' title='bbox 1730 2513 1783 2538; x_wconf 87' lang='lat' dir='ltr'><strong><em>aut</em></strong></span> 
     </span>
    </p>
   </div>
   <div class='ocr_carea' id='block_1_111' title="bbox 952 2556 1783 2593">
    <p class='ocr_par' dir='ltr' id='par_1_111' title="bbox 952 2556 1783 2593">
     <span class='ocr_line' id='line_1_111' title="bbox 952 2556 1783 2593; baseline -0.006 -6"><span class='ocrx_word' id='word_1_807' title='bbox 952 2561 1071 2588; x_wconf 84' lang='lat' dir='ltr'><strong><em>inanem</em></strong></span> <span class='ocrx_word' id='word_1_808' title='bbox 1095 2559 1226 2593; x_wconf 84' lang='lat' dir='ltr'><strong><em>gloriam</em></strong></span> <span class='ocrx_word' id='word_1_809' title='bbox 1253 2557 1402 2592; x_wconf 83' lang='lat' dir='ltr'><strong><em>(Philipp.</em></strong></span> <span class='ocrx_word' id='word_1_810' title='bbox 1428 2565 1458 2590; x_wconf 88' lang='grc' dir='ltr'><strong><em>ιι,</em></strong></span> <span class='ocrx_word' id='word_1_811' title='bbox 1485 2558 1576 2591; x_wconf 73' lang='lat'><strong><em>1—3)...</em></strong></span> <span class='ocrx_word' id='word_1_812' title='bbox 1607 2556 1649 2583; x_wconf 86' lang='lat' dir='ltr'><strong><em>De</em></strong></span> <span class='ocrx_word' id='word_1_813' title='bbox 1672 2557 1783 2590; x_wconf 67' lang='lat' dir='ltr'><strong><em>caetero,</em></strong></span> 
     </span>
    </p>
   </div>
   <div class='ocr_carea' id='block_1_112' title="bbox 93 2597 884 2640">
    <p class='ocr_par' dir='ltr' id='par_1_112' title="bbox 93 2597 882 2635">
     <span class='ocr_line' id='line_1_112' title="bbox 93 2597 882 2635; baseline 0.001 -11"><span class='ocrx_word' id='word_1_814' title='bbox 93 2603 137 2628; x_wconf 78' lang='grc' dir='ltr'>ἵνα</span> <span class='ocrx_word' id='word_1_815' title='bbox 168 2600 198 2624; x_wconf 87' lang='grc' dir='ltr'>τό</span> <span class='ocrx_word' id='word_1_816' title='bbox 232 2597 296 2623; x_wconf 74' lang='grc' dir='ltr'><strong><em>αὒτό</em></strong></span> <span class='ocrx_word' id='word_1_817' title='bbox 320 2601 428 2635; x_wconf 78' lang='grc' dir='ltr'>φρονῆτε</span> <span class='ocrx_word' id='word_1_818' title='bbox 457 2599 569 2630; x_wconf 77' lang='grc' dir='ltr'>πάντις,</span> <span class='ocrx_word' id='word_1_819' title='bbox 600 2600 646 2627; x_wconf 82' lang='grc' dir='ltr'>τὴν</span> <span class='ocrx_word' id='word_1_820' title='bbox 679 2598 760 2628; x_wconf 77' lang='grc' dir='ltr'>αὐτὴν</span> <span class='ocrx_word' id='word_1_821' title='bbox 794 2597 882 2634; x_wconf 78' lang='grc' dir='ltr'>ἀγάπη</span> 
     </span>
    </p>
   </div>
   <div class='ocr_carea' id='block_1_113' title="bbox 941 2597 1787 2640">
    <p class='ocr_par' dir='ltr' id='par_1_113' title="bbox 952 2600 1787 2640">
     <span class='ocr_line' id='line_1_113' title="bbox 952 2600 1787 2640; baseline -0.007 -7"><span class='ocrx_word' id='word_1_822' title='bbox 952 2606 1078 2640; x_wconf 86' lang='lat' dir='ltr'><strong><em>fratres,</em></strong></span> <span class='ocrx_word' id='word_1_823' title='bbox 1104 2610 1290 2639; x_wconf 67' lang='lat' dir='ltr'><strong><em>quaecunque</em></strong></span> <span class='ocrx_word' id='word_1_824' title='bbox 1316 2604 1388 2630; x_wconf 81' lang='lat' dir='ltr'><strong><em>sunt</em></strong></span> <span class='ocrx_word' id='word_1_825' title='bbox 1418 2609 1500 2636; x_wconf 83' lang='lat' dir='ltr'><strong><em>vera,</em></strong></span> <span class='ocrx_word' id='word_1_826' title='bbox 1525 2607 1713 2638; x_wconf 64' lang='lat' dir='ltr'><strong><em>quaecunque</em></strong></span> <span class='ocrx_word' id='word_1_827' title='bbox 1738 2600 1787 2627; x_wconf 90' lang='lat' dir='ltr'><strong><em>ho-</em></strong></span> 
     </span>
    </p>
   </div>
   <div class='ocr_carea' id='block_1_114' title="bbox 991 2653 1787 2694">
    <p class='ocr_par' dir='ltr' id='par_1_114' title="bbox 991 2653 1787 2694">
     <span class='ocr_line' id='line_1_114' title="bbox 991 2653 1787 2694; baseline -0.008 -8"><span class='ocrx_word' id='word_1_828' title='bbox 991 2659 1044 2694; x_wconf 78' lang='lat'><strong><em>(20)</em></strong></span> <span class='ocrx_word' id='word_1_829' title='bbox 1069 2657 1144 2686; x_wconf 80' lang='lat' dir='ltr'><strong><em>Editi</em></strong></span> <span class='ocrx_word' id='word_1_830' title='bbox 1165 2658 1194 2686; x_wconf 78' lang='lat' dir='ltr'><strong><em>et</em></strong></span> <span class='ocrx_word' id='word_1_831' title='bbox 1218 2658 1276 2684; x_wconf 76' lang='lat' dir='ltr'><strong><em>tres</em></strong></span> <span class='ocrx_word' id='word_1_832' title='bbox 1293 2663 1373 2694; x_wconf 83' lang='lat' dir='ltr'><strong><em>_ms_s.</em></strong></span> <span class='ocrx_word' id='word_1_833' title='bbox 1398 2655 1547 2694; x_wconf 54' lang='grc' dir='ltr'>ἐγκράτεια,</span> <span class='ocrx_word' id='word_1_834' title='bbox 1564 2653 1675 2694; x_wconf 42' lang='grc' dir='ltr'>ἐγγαίαν,</span> <span class='ocrx_word' id='word_1_835' title='bbox 1692 2653 1787 2694; x_wconf 51' lang='lat' dir='ltr'><strong><em>conti:</em></strong></span> 
     </span>
    </p>
   </div>
   <div class='ocr_carea' id='block_1_115' title="bbox 956 2688 1789 2728">
    <p class='ocr_par' dir='ltr' id='par_1_115' title="bbox 956 2688 1789 2728">
     <span class='ocr_line' id='line_1_115' title="bbox 956 2688 1789 2728; baseline -0.01 -5"><span class='ocrx_word' id='word_1_836' title='bbox 956 2688 1072 2728; x_wconf 47' lang='lat' dir='ltr'><strong><em>ne‘ntia,</em></strong></span> <span class='ocrx_word' id='word_1_837' title='bbox 1088 2694 1211 2722; x_wconf 87' lang='lat' dir='ltr'><strong><em>castitas</em></strong></span> <span class='ocrx_word' id='word_1_838' title='bbox 1225 2702 1230 2726; x_wconf 90' lang='lat'>;</span> <span class='ocrx_word' id='word_1_839' title='bbox 1248 2694 1277 2720; x_wconf 82' lang='lat' dir='ltr'><strong><em>et</em></strong></span> <span class='ocrx_word' id='word_1_840' title='bbox 1291 2692 1333 2719; x_wconf 79' lang='lat' dir='ltr'><strong><em>ita</em></strong></span> <span class='ocrx_word' id='word_1_841' title='bbox 1348 2688 1546 2728; x_wconf 47' lang='lat' dir='ltr'><strong><em>legifjuetor</em></strong></span> <span class='ocrx_word' id='word_1_842' title='bbox 1564 2688 1695 2728; x_wconf 66' lang='lat' dir='ltr'><strong><em>volgatas</em></strong></span> <span class='ocrx_word' id='word_1_843' title='bbox 1712 2698 1719 2716; x_wconf 89' lang='lat'><strong>:</strong></span> <span class='ocrx_word' id='word_1_844' title='bbox 1735 2688 1789 2728; x_wconf 60' lang='lat' dir='ltr'><strong><em>seti</em></strong></span> 
     </span>
    </p>
   </div>
   <div class='ocr_carea' id='block_1_116' title="bbox 958 2723 1791 2766">
    <p class='ocr_par' dir='ltr' id='par_1_116' title="bbox 958 2723 1791 2766">
     <span class='ocr_line' id='line_1_116' title="bbox 958 2723 1791 2766; baseline -0.011 -7"><span class='ocrx_word' id='word_1_845' title='bbox 958 2739 1017 2758; x_wconf 79' lang='lat' dir='ltr'><strong><em>vox</em></strong></span> <span class='ocrx_word' id='word_1_846' title='bbox 1031 2723 1122 2765; x_wconf 65' lang='grc' dir='ltr'>ἁγνεία</span> <span class='ocrx_word' id='word_1_847' title='bbox 1136 2737 1199 2758; x_wconf 86' lang='lat' dir='ltr'><strong><em>non</em></strong></span> <span class='ocrx_word' id='word_1_848' title='bbox 1210 2723 1359 2766; x_wconf 79' lang='lat' dir='ltr'><strong><em>reperitur</em></strong></span> <span class='ocrx_word' id='word_1_849' title='bbox 1374 2723 1465 2754; x_wconf 73' lang='lat' dir='ltr'><strong><em>hodie</em></strong></span> <span class='ocrx_word' id='word_1_850' title='bbox 1480 2726 1510 2754; x_wconf 84' lang='lat' dir='ltr'><strong><em>in</em></strong></span> <span class='ocrx_word' id='word_1_851' title='bbox 1527 2732 1615 2753; x_wconf 76' lang='lat' dir='ltr'><strong><em>sacro</em></strong></span> <span class='ocrx_word' id='word_1_852' title='bbox 1625 2723 1715 2753; x_wconf 68' lang='lat' dir='ltr'><strong><em>textu</em></strong></span> <span class='ocrx_word' id='word_1_853' title='bbox 1729 2723 1791 2751; x_wconf 83' lang='lat' dir='ltr'><strong><em>vul-</em></strong></span> 
     </span>
    </p>
   </div>
   <div class='ocr_carea' id='block_1_117' title="bbox 958 2769 1038 2802">
    <p class='ocr_par' dir='ltr' id='par_1_117' title="bbox 958 2769 1038 2802">
     <span class='ocr_line' id='line_1_117' title="bbox 958 2769 1038 2802; baseline -0.013 -8"><span class='ocrx_word' id='word_1_854' title='bbox 958 2769 1038 2802; x_wconf 80' lang='lat' dir='ltr'><strong><em>galo.</em></strong></span> 
     </span>
    </p>
   </div>
   <div class='ocr_carea' id='block_1_118' title="bbox 128 2651 899 2688">
    <p class='ocr_par' dir='ltr' id='par_1_118' title="bbox 128 2651 899 2688">
     <span class='ocr_line' id='line_1_118' title="bbox 128 2651 899 2688; baseline -0.001 -9"><span class='ocrx_word' id='word_1_855' title='bbox 128 2654 188 2688; x_wconf 73' lang='grc'><strong><em>(17)</em></strong></span> <span class='ocrx_word' id='word_1_856' title='bbox 204 2653 311 2680; x_wconf 88' lang='lat' dir='ltr'><strong><em>Totum</em></strong></span> <span class='ocrx_word' id='word_1_857' title='bbox 333 2651 420 2685; x_wconf 82' lang='lat' dir='ltr'><strong><em>illud,</em></strong></span> <span class='ocrx_word' id='word_1_858' title='bbox 435 2654 491 2688; x_wconf 80' lang='grc' dir='ltr'>ταῖς</span> <span class='ocrx_word' id='word_1_859' title='bbox 514 2654 618 2688; x_wconf 80' lang='grc' dir='ltr'>χρείαις</span> <span class='ocrx_word' id='word_1_860' title='bbox 643 2656 692 2677; x_wconf 84' lang='grc' dir='ltr'>τῶν</span> <span class='ocrx_word' id='word_1_861' title='bbox 709 2651 789 2688; x_wconf 79' lang='grc' dir='ltr'>ἁγίων</span> <span class='ocrx_word' id='word_1_862' title='bbox 805 2662 899 2678; x_wconf 77' lang='grc' dir='ltr'>κοινω-</span> 
     </span>
    </p>
   </div>
   <div class='ocr_carea' id='block_1_119' title="bbox 94 2687 677 2722">
    <p class='ocr_par' dir='ltr' id='par_1_119' title="bbox 94 2687 677 2722">
     <span class='ocr_line' id='line_1_119' title="bbox 94 2687 677 2722; baseline 0.002 -8"><span class='ocrx_word' id='word_1_863' title='bbox 94 2687 207 2721; x_wconf 68' lang='grc' dir='ltr'>νοῦντες,</span> <span class='ocrx_word' id='word_1_864' title='bbox 221 2688 250 2714; x_wconf 90' lang='lat' dir='ltr'><strong><em>in</em></strong></span> <span class='ocrx_word' id='word_1_865' title='bbox 267 2695 339 2714; x_wconf 79' lang='lat' dir='ltr'><strong><em>mss.</em></strong></span> <span class='ocrx_word' id='word_1_866' title='bbox 356 2687 469 2714; x_wconf 80' lang='lat' dir='ltr'><strong><em>nostris</em></strong></span> <span class='ocrx_word' id='word_1_867' title='bbox 483 2687 542 2715; x_wconf 68' lang='lat' dir='ltr'><strong><em>non</em></strong></span> <span class='ocrx_word' id='word_1_868' title='bbox 558 2687 677 2722; x_wconf 78' lang='lat' dir='ltr'><strong><em>legitur.</em></strong></span> 
     </span>
    </p>
   </div>
   <div class='ocr_carea' id='block_1_120' title="bbox 144 2722 902 2758">
    <p class='ocr_par' dir='ltr' id='par_1_120' title="bbox 144 2722 902 2758">
     <span class='ocr_line' id='line_1_120' title="bbox 144 2722 902 2758; baseline -0.003 -6"><span class='ocrx_word' id='word_1_869' title='bbox 144 2726 187 2758; x_wconf 69' lang='grc'><strong><em>18)</em></strong></span> <span class='ocrx_word' id='word_1_870' title='bbox 206 2724 343 2758; x_wconf 74' lang='lat' dir='ltr'><strong><em>Utraun</em></strong></span> <span class='ocrx_word' id='word_1_871' title='bbox 362 2723 453 2750; x_wconf 82' lang='lat' dir='ltr'><strong><em>editio</em></strong></span> <span class='ocrx_word' id='word_1_872' title='bbox 480 2725 508 2750; x_wconf 80' lang='lat' dir='ltr'><strong><em>et</em></strong></span> <span class='ocrx_word' id='word_1_873' title='bbox 534 2724 605 2758; x_wconf 78' lang='lat' dir='ltr'><strong><em>Reg.</em></strong></span> <span class='ocrx_word' id='word_1_874' title='bbox 629 2723 784 2751; x_wconf 83' lang='lat' dir='ltr'><strong><em>secundus</em></strong></span> <span class='ocrx_word' id='word_1_875' title='bbox 805 2724 848 2750; x_wconf 76' lang='grc' dir='ltr'><strong><em>ἐὰν</em></strong></span> <span class='ocrx_word' id='word_1_876' title='bbox 872 2722 902 2750; x_wconf 73' lang='grc' dir='ltr'><strong><em>δὲ</em></strong></span> 
     </span>
    </p>
   </div>
   <div class='ocr_carea' id='block_1_121' title="bbox 96 2756 765 2795">
    <p class='ocr_par' dir='ltr' id='par_1_121' title="bbox 96 2756 765 2795">
     <span class='ocr_line' id='line_1_121' title="bbox 96 2756 765 2795; baseline 0.004 -10"><span class='ocrx_word' id='word_1_877' title='bbox 96 2756 183 2794; x_wconf 57' lang='grc' dir='ltr'>διῴᾶί</span> <span class='ocrx_word' id='word_1_878' title='bbox 197 2756 316 2786; x_wconf 69' lang='grc' dir='ltr'><strong><em>ΥοουΙδ.</em></strong></span> <span class='ocrx_word' id='word_1_879' title='bbox 330 2756 359 2784; x_wconf 77' lang='grc' dir='ltr'><strong><em>δέ</em></strong></span> <span class='ocrx_word' id='word_1_880' title='bbox 373 2758 461 2786; x_wconf 85' lang='lat' dir='ltr'><strong><em>abest</em></strong></span> <span class='ocrx_word' id='word_1_881' title='bbox 475 2756 657 2795; x_wconf 21' lang='lat' dir='ltr'><strong><em>abranﬁquis</em></strong></span> <span class='ocrx_word' id='word_1_882' title='bbox 671 2759 765 2788; x_wconf 81' lang='lat' dir='ltr'><strong><em>libris.</em></strong></span> 
     </span>
    </p>
   </div>
   <div class='ocr_carea' id='block_1_122' title="bbox 131 2794 594 2830">
    <p class='ocr_par' dir='ltr' id='par_1_122' title="bbox 131 2794 594 2830">
     <span class='ocr_line' id='line_1_122' title="bbox 131 2794 594 2830; baseline -0.004 -7"><span class='ocrx_word' id='word_1_883' title='bbox 131 2796 189 2830; x_wconf 76' lang='grc'><strong><em>(19)</em></strong></span> <span class='ocrx_word' id='word_1_884' title='bbox 206 2796 279 2828; x_wconf 80' lang='lat' dir='ltr'><strong><em>Reg.</em></strong></span> <span class='ocrx_word' id='word_1_885' title='bbox 295 2794 398 2822; x_wconf 73' lang='lat' dir='ltr'><strong><em>tertius</em></strong></span> <span class='ocrx_word' id='word_1_886' title='bbox 414 2794 594 2830; x_wconf 78' lang='grc' dir='ltr'>παρακαλεῖτε.</span> 
     </span>
    </p>
   </div>
  </div>
