2052 3130
274 122 326 151 855

961 125 989 154 S.
1011 126 1134 155 BASlLll
1158 126 1267 155 MAGN]

1901 128 1951 156 856

275 185 317 213 Et
332 185 395 214 hac
406 186 498 215 vidua
516 194 610 223 usque
623 188 665 216 ad
681 195 776 217 annos
785 189 940 224 octoginta
949 192 1100 225 quatuor:

1163 189 1209 215 imo
1234 193 1279 220 τῆς
1297 189 1437 226 παρθενίας
1462 189 1552 220 αὐτῆς,
1580 191 1631 217 Καὶ
1650 189 1714 218 αὕτη
1735 191 1811 225 χήρα
1832 190 1866 220 ὧς
1893 189 1950 217 ἑτῶν

275 239 340 267 qua:
351 239 412 259 non
426 232 596 261 discedebat
610 233 647 261 de
657 234 777 268 templo,
789 235 917 269 jejuniis
933 238 959 262 et
969 235 1103 263 obsecra-

277 276 407 304 tionibus
420 278 552 306 serviens
567 281 652 307 nocte
667 285 703 306 ac
717 279 766 306 die
778 278 861 309 (Luc.
883 287 912 306 n.
927 281 1104 315 36.37).0uw

277 325 377 350 autem
390 330 458 350 vere
470 323 562 351 vidua
590 326 632 352 est
657 327 684 352 et
700 325 847 358 desolata,
864 329 965 359 sperat
985 327 1016 352 in
1034 326 1102 359 Deo,

277 369 304 394 et
320 366 414 394 instat
442 367 695 396 obsecrationibus
723 371 751 396 et
772 370 959 397 orationibus
968 373 1054 398 nocte
1068 377 1104 398 ac

277 410 325 438 die
348 419 425 447 τίμιαι
447 419 515 440 vero
544 413 574 440 in
603 413 718 441 deliciis
733 416 785 447 est,
811 414 912 442 vivens
930 418 1048 442 mortua
1063 416 1104 443 est

276 455 305 491 (Ι
318 456 391 484 Tim.
408 465 435 491 γ,
450 458 518 491 5,6).

563 503 629 530 REG
635 504 654 531 U
660 503 702 530 LA
719 504 818 532 LXXV.

277 545 364 578 Quod
386 548 505 582 oportet
531 554 636 575 servos
659 555 728 576 cum
742 548 826 576 omni
841 547 1053 577 benevolentia
1064 549 1104 578 ad

312 590 360 617 Dei
386 590 512 625 gloriam
540 591 603 618 suis
626 592 794 620 secundum
822 601 946 620 carnem
972 593 1104 621 dominis

313 634 446 667 obedire,
462 635 492 662 in
508 635 544 663 iis
561 639 650 672 certe,
665 637 696 665 in
716 637 828 674 quibus
850 638 1030 667 mandatum
1053 638 1104 668 Dei

312 686 374 707 non
390 679 524 709 solvitur.

614 727 713 762 Caput
735 727 760 755 Ι.

312 771 408 804 Servi,
420 771 535 799 obedi/e
544 771 673 799 dominis
687 772 863 800 carnalibus
878 781 945 801 cum
960 774 1066 802 timore
1076 777 1104 802 et

276 818 404 843 tremore
415 816 446 843 in
462 817 656 850 simplicitate
665 817 764 845 cordis
779 819 958 853 vestrt,sicut
969 819 1101 848 Christo:

1159 232 1467 270 ὀγδοηκοντατεσσάρων,
1493 234 1508 263 ἣ
1530 234 1576 260 οὐκ
1601 233 1728 270 ἀφίστατο
1743 233 1793 260 ἀπό
1812 237 1858 260 τοῦ
1874 234 1948 271 ἱεροῦ,

1157 281 1291 309 νηστείαις
1315 281 1359 305 καὶ
1384 277 1493 307 δεήσεσι
1515 278 1678 316 λατρεύουσα
1691 279 1772 304 νύκτα
1785 280 1830 305 καὶ
1845 279 1948 316 ἡμέραν.

1159 327 1243 350 ΠΡΟΣ
1261 327 1331 351 ΤΙΜ,
1357 323 1389 351 α’.
1415 323 1444 350 Ἦ
1470 322 1500 350 δί
1526 325 1603 354 ουτως
1624 325 1699 360 χήρα
1723 325 1767 350 καὶ
1788 326 1948 360 μεμονωμένη

1158 369 1264 398 ἤλπικεν
1280 368 1321 395 ἐπὶ
1340 370 1383 395 τὸν
1400 370 1474 403 Θεὸν,
1497 371 1542 395 καὶ
1556 371 1695 406 προσμένει
1709 372 1765 400 ταῖς
1782 366 1890 397 δεήσεσι
1908 371 1950 395 καὶ

1158 418 1213 444 ταῖς
1234 417 1397 452 προσευχαῖς
1411 415 1502 446 νυκτὸς
1522 416 1567 440 καὶ
1581 415 1689 451 ἡμέρας·
1705 414 1720 442 ἡ
1738 411 1768 440 δε
1783 413 1948 447 σπαταλῶσα,

1159 458 1234 489 ζῶσα
1252 459 1381 488 τέθνηκεν.

1478 501 1561 531 0P0}:
1577 503 1634 530 0Εό

1158 547 1218 574 Ὀτι
1243 550 1298 585 χρή
1319 550 1378 580 τοὺς
1402 546 1510 580 δούλους
1537 549 1676 575 ὑπακούειν
1705 551 1759 580 τοῖς
1778 549 1846 574 κατὰ
1871 549 1952 585 σάρκα

1194 595 1294 630 κυρίοις
1316 593 1350 624 εἰς
1374 591 1453 626 δόξαν
1482 597 1547 620 Θεοῦ
1563 595 1626 630 μετὰ
1645 594 1732 623 πάσης
1746 592 1840 619 εὐνοία·
1861 592 1885 619 ἐν
1900 591 1950 619 οἶᾶν

1194 636 1280 667 ἐντολὴ
1302 641 1367 665 Θεοῦ
1383 637 1412 664 οὑ
1425 638 1529 667 λύηται,

1478 728 1572 756 Ksed).
1602 728 1634 756 α’.

1479 739 1511 756 Μ
1531 739 1572 756 αλ.
1602 739 1634 756 α.

1195 776 1279 800 ΠΡΟΣ
1312 776 1399 800 Bibl-:2.
1434 774 1467 799 Οἱ
1496 739 1597 806 δῖῦλοι,
1633 773 1774 799 ὑπακούετε
1807 776 1864 803 τοῖς
1890 774 1951 799 κατὰ

1159 820 1245 855 σάρκα
1263 820 1364 854 κυρίοις
1388 819 1453 854 μετά
1477 817 1557 854 φόϐου
1582 820 1626 844 καὶ
1653 820 1749 855 τρόμου
1778 819 1802 843 ἓν
1829 817 1950 846 ἁπλότητι

275 868 336 888 non
346 860 387 888 ad
401 861 521 889 oculum
529 862 699 893 servientes.
711 864 798 898 quasi
809 863 977 891 hominibus
986 865 1103 898 placen-

1163 861 1268 900 ιαρδίας
1278 864 1359 899 ὑμῶν,
1371 863 1407 894 ὡς
1416 867 1452 898 τῷ
1463 867 1580 900 Χριστῷ·
1593 865 1628 898 μὴ
1640 862 1697 888 κατ’
1708 861 1946 898 όφθαλμοδουλειαν,

275 907 329 939 tes,
338 905 389 933 sed
399 909 430 933 ul
441 907 520 934 servi
529 906 644 934 Christi
648 929 652 936 .
656 908 801 941 facientes
812 909 994 937 voluntatem
1004 910 1060 938 Dei
1067 917 1104 938 ex

275 951 386 981 animo,
405 958 471 978 cum
482 950 681 979 benevolentia
692 953 865 980 servientes.
878 954 954 981 sicut
965 954 1102 988 Domino,

275 997 303 1022 et
322 1002 382 1022 non
398 994 585 1023 hominibus:
596 997 732 1030 scientes,
746 998 887 1032 quoniam
901 1000 1104 1034 unusquisque

276 1039 475 1075 quodcunque
486 1040 592 1074 fecerit
604 1041 723 1074 bonum,
734 1041 789 1070 hoc
799 1044 922 1077 recipiet
938 1050 956 1070 a
967 1044 1102 1077 Domino,

275 1084 336 1112 sive
350 1091 465 1117 servus.
478 1086 539 1113 sive
555 1085 631 1113 liber
641 1086 762 1120 (Ephes.
786 1095 825 1119 v1,
841 1089 909 1117 5-8).
929 1088 1105 1124 Quicunque

275 1132 345 1157 sunt
357 1130 411 1157 sub
419 1131 496 1165 jugo
509 1133 597 1165 servi,
609 1131 745 1160 dominos
759 1140 825 1160 suos
841 1134 924 1161 omni
938 1134 1051 1162 honore
1062 1135 1104 1162 di-

274 1182 349 1210 gnos
365 1175 565 1208 arbitrentur,
578 1184 616 1204 ne
633 1185 739 1205 nomen
758 1178 810 1205 Dei
824 1180 850 1205 et
865 1178 1006 1206 doctrina
1027 1179 1104 1207 blas-

273 1220 445 1254 phemetur.
461 1221 518 1254 Qui
535 1224 635 1249 autem
648 1222 751 1256 ﬁdeles
766 1222 878 1251 habent
894 1223 1104 1255 dominos,non

275 1268 477 1293 contemnunt.
512 1267 582 1301 quia
593 1266 708 1300 fratres
731 1270 801 1294 sunt
813 1275 825 1295 .'
849 1268 901 1295 sed
923 1269 1019 1302 magis
1043 1276 1102 1297 ser-

276 1310 452 1346 viant.quia
463 1311 566 1344 ﬁdeles
580 1314 649 1349 sunt
661 1314 688 1339 et
703 1311 816 1345 dilecti,
828 1313 881 1347 qui
896 1312 1105 1348 beneﬁciipar-

279 1355 381 1389 ticipes
397 1358 467 1383 sunt
482 1356 508 1390 (Ι
525 1356 598 1382 Tim.
616 1364 658 1385 τι,
676 1358 741 1389 1,⁶ὶ,ι.
756 1356 858 1384 Servos
887 1357 1015 1385 dominis
1042 1359 1105 1386 suis

278 1399 410 1427 subditos
427 1407 495 1431 esse,
508 1401 538 1427 in
552 1400 687 1428 omnibus
700 1401 862 1436 placentes,
877 1409 937 1429 non
952 1403 1106 1430 contradi-

278 1448 385 1477 centes,
401 1453 460 1473 non
478 1446 671 1480 fraudantes.
686 1447 738 1474 sed
756 1454 870 1475 omnem
885 1447 971 1481 fidem
999 1449 1107 1477 bonam

279 1491 487 1526 ostendentes;
502 1495 534 1519 ut
549 1491 718 1520 doctrinam
747 1492 918 1521 Salvatoris
943 1494 1041 1522 nostri
1054 1494 1110 1522 Dei

278 1539 386 1564 ornent
402 1536 436 1564 in
447 1536 583 1564 omnibus
596 1537 661 1571 (Tit.
683 1545 710 1569 ιι,
726 1538 752 1570 9,
770 1538 824 1572 to).

283 1580 369 1616 311
384 1580 470 1613 Quod
483 1583 601 1616 oportet
628 1580 836 1618 dominos,qui
862 1590 1014 1611 memores
1040 1585 1110 1612 sunt

317 1625 377 1652 veri
390 1625 516 1658 Domini,
532 1633 626 1661 quam
640 1633 766 1662 operam
779 1626 853 1662 ipsis
868 1626 1006 1655 dederint
1019 1627 1109 1660 servi,

318 1677 386 1697 eam
415 1677 537 1706 quoque
564 1670 658 1698 servis
690 1679 745 1707 pro
771 1672 885 1699 viribus
908 1672 1051 1707 praebere,
1078 1673 1110 1700 in

320 1715 371 1743 Dei
386 1715 492 1743 timore
508 1718 536 1743 et
551 1716 784 1745 mansuetudine
799 1725 873 1753 erga.
888 1717 981 1754 ipsos,
995 1718 1034 1746 ad
1057 1718 1111 1746 Do-

324 1760 398 1788 mini
411 1760 597 1798 exemplum.

620 1807 719 1842 Caput
731 1807 771 1835 Il.

319 1851 423 1879 Sciens
433 1852 530 1885 Jesus,
545 1853 618 1887 quia
644 1853 745 1880 omnia
764 1852 845 1880 dedit
859 1853 886 1880 ei
900 1853 993 1881 Pater
1007 1853 1039 1881 in
1051 1861 1112 1882 ma-

285 1904 341 1924 nus
354 1899 380 1924 et
391 1897 462 1931 quia
473 1904 491 1925 a
506 1897 566 1924 Deo
577 1897 679 1931 exivit,
694 1900 721 1924 et
734 1897 775 1924 ad
800 1898 892 1925 Deum
909 1898 1002 1930 vadit,
1013 1899 1112 1933 surgit

285 1948 304 1969 a
315 1948 409 1974 caena,
425 1944 451 1969 et
476 1943 561 1974 ponit
578 1942 753 1969 vestimenta
763 1949 818 1969 sua
828 1949 840 1969 .'
849 1944 877 1969 et
899 1949 965 1969 cum
981 1943 1112 1976 accepis-

283 1989 327 2013 set
343 1986 477 2018 linteum,
492 1986 655 2019 praecinxit
670 1993 710 2014 se.
723 1986 836 2013 Deinde
850 1986 941 2014 mittit
958 1993 1069 2022 aquam
1081 1988 1112 2014 in

284 2030 407 2065 pelvim,
423 2033 449 2058 et
463 2031 550 2064 ccepi!
565 2031 668 2059 lavare
676 2031 764 2065 pedes
779 2031 1008 2065 discipulorum,
1020 2035 1047 2060 et
1063 2039 1114 2060 ea:-

288 2077 402 2111 tergere
413 2075 513 2108 linteo,
525 2084 583 2112 quo
594 2078 660 2104 erat
675 2076 856 2110 praecinctus
871 2077 967 2112 (Joan.
980 2079 1110 2112 xnI.3-5).

286 2122 319 2149 Et
334 2120 427 2157 paulo
442 2124 511 2157 post
527 2129 533 2148 :
552 2121 605 2148 Vos
620 2124 729 2149 vocatis
744 2129 800 2154 me,
816 2121 960 2156 Magister
971 2125 997 2150 et
1015 2123 1115 2150 Domi-

288 2173 335 2200 ne,
346 2169 374 2195 et
391 2166 461 2194 bene
471 2166 571 2194 dicitis
583 2175 589 2194 :
603 2174 666 2194 sum
679 2167 798 2195 etenim.
809 2167 844 2194 Si
856 2174 922 2202 ergo
934 2174 986 2202 ego
999 2168 1058 2195 lavi
1065 2175 1115 2202 pe-

288 2211 338 2240 des
354 2214 465 2240 vestros
481 2212 622 2240 Dominus
634 2215 661 2240 et
671 2212 823 2247 Magister.
840 2215 868 2240 et
884 2219 934 2240 vos
945 2212 1054 2240 debetis
1069 2213 1115 2240 al-
1130 2228 1152 2254 Ι)

290 2261 335 2284 ter
348 2256 475 2284 alterius
487 2257 591 2285 lavare
601 2257 698 2291 pedes.
711 2257 890 2291 Exemplum
901 2257 979 2284 enim
989 2257 1059 2285 dedi
1068 2265 1116 2286 vo-

290 2299 342 2331 bis.
357 2303 389 2327 ut
402 2301 652 2335 quemadmodum
661 2301 722 2335 feci
737 2301 817 2328 vobis
830 2301 874 2328 ita
887 2303 914 2328 et
933 2308 982 2328 vos
993 2301 1116 2335 faciatis

290 2344 374 2378 (ibid.
393 2346 493 2379 13-15).
505 2345 627 2372 Domini
637 2345 740 2373 eadem
754 2345 919 2379 faciteillis
932 2345 1116 2374 remittentes

290 2389 543 2418 minaszscientes
570 2397 642 2426 quia
671 2392 698 2417 et
714 2392 810 2417 vester
824 2389 957 2423 ipsorum
972 2390 1117 2418 Dominus

291 2436 333 2462 est
344 2434 375 2461 in
390 2434 512 2467 coelis,et
537 2440 736 2468 personarum
758 2434 891 2468 acceptio
904 2441 963 2461 non
979 2437 1020 2462 est
1035 2435 1117 2469 apud

291 2485 357 2508 eum
370 2478 494 2514 (Ep/tes.
504 2486 544 2507 τι.
562 2478 589 2514 9)

328 2642 368 2677 (5)
384 2643 456 2677 Reg.
479 2641 596 2678 primus
614 2644 743 2678 κομιεῖται
758 2642 829 2677 παρὰ
844 2644 888 2666 τοῦ
904 2642 977 2674 θεοῦ,
992 2641 1116 2676 recipiet

291 2689 310 2710 α
324 2679 462 2750 (ἒῖοίῖἐείί
478 2713 592 2749 primus
605 2715 633 2741 et
650 2713 752 2750 tertius
763 2712 796 2738 ὧν
816 2711 845 2738 ἂν
861 2711 1007 2741 ἀπολύωσι.

378 2750 448 2790 Erg.
466 2747 567 2790 tertius
580 2750 665 2790 πάντα
674 2747 783 2789 ἔδωκεν.
873 2784 877 2788 Ι
963 2784 967 2789 Ι

327 2785 364 2821 (8)
380 2786 441 2813 Vox
453 2785 533 2811 αὐτοῦ
544 2785 576 2813 in
587 2785 697 2813 nostris
707 2792 784 2812 mss.
796 2791 858 2813 non
869 2785 1028 2813 invenitur.
1050 2786 1114 2813 Mox

1158 910 1190 939 ὡς
1206 908 1428 946 ἀνθρωπάρεσκοι,
1445 908 1499 937 ἡλλ¹
1519 909 1551 938 ὡς
1571 905 1662 934 δοῦλοι
1678 911 1804 945 Χριστοῦ,
1826 911 1950 937 ποιοῦντες

1157 955 1185 980 τό
1203 954 1301 989 θέλημα
1310 957 1356 979 τοῦ
1371 957 1437 979 Θεοῦ
1451 952 1478 979 ἐκ
1490 952 1592 988 ψυχῆς,
1604 951 1658 988 μετ’
1671 952 1769 983 εὐνοίας
1780 950 1951 984 δουλεύοντες,

1158 1000 1192 1029 ὡς
1210 1003 1246 1034 τῷ
1267 1001 1365 1036 Κυρίῳ.
1378 1000 1423 1024 καὶ
1438 998 1485 1024 οὐκ
1501 997 1653 1034 ἀνθρώποις·
1668 995 1776 1030 εἰδότες,
1793 998 1832 1023 ὅτι
1850 999 1952 1027 ἕκαστος

1159 1042 1171 1068 ὃ
1186 1042 1228 1069 ἐὰν
1244 1045 1343 1079 ποιήσῃ
1358 1041 1466 1078 ἀγαθὸν,
1479 1046 1555 1068 τοῦτο
1568 1045 1697 1078 κομιεῖται
1711 1043 1784 1078 παρὰ
1797 1046 1846 1068 τοῦ
1861 1044 1952 1079 Κυρίου

1159 1088 1208 1123 (5),
1226 1089 1275 1114 εἴτε
1290 1085 1393 1118 δοῦλος,
1410 1088 1459 1113 εἴτε
1479 1086 1617 1124 ἐλεύθερος.
1640 1089 1724 1113 ΠΡΟΣ
1742 1089 1814 1113 ΤΙΜ.
1831 1086 1866 1113 α’.
1881 1085 1952 1112 ὀσοί

1159 1132 1226 1158 εἰσὶν
1246 1133 1295 1158 ὑπὸ
1317 1132 1395 1167 ζυγὸν
1412 1130 1512 1165 δοῦλοι,
1533 1133 1592 1162 τοὺς
1616 1130 1700 1162 ἰδίους
1720 1129 1855 1162 δεσπότας
1870 1132 1952 1161 πάσης

1158 1181 1235 1213 τιμῆς
1246 1176 1334 1208 ἀξίους
1344 1177 1519 1212 ἡγείσθωσαν,
1535 1177 1576 1202 ἳνα
1588 1178 1623 1212 μή
1638 1178 1666 1202 τὸ
1681 1178 1761 1212 ὄνομα
1773 1180 1818 1202 τοῦ
1833 1180 1901 1203 Θεοῦ
1913 1178 1953 1202 καὶ

1158 1223 1173 1251 ὴ
1200 1219 1364 1247 διδασκαλία
1387 1216 1585 1257 βλασφημῆται.
1617 1221 1649 1246 0i.
1673 1218 1702 1247 δε
1726 1222 1837 1251 πιστοὺς
1858 1222 1953 1257 ἔχοντες

1160 1264 1297 1298 δεσπότας,
1311 1268 1347 1302 μὴ
1363 1267 1615 1302 καταφρονείτωσαν,
1633 1266 1673 1291 ὅτι
1685 1263 1792 1301 ἀδελφοί
1802 1265 1880 1296 εἰσιν,
1895 1264 1954 1291 ἀλλὰ

1160 1310 1253 1348 μᾶλλον
1269 1309 1471 1343 δουλευέτωσαν,
1488 1311 1528 1336 ὅτι
1547 1312 1638 1337 πιστοί
1652 1309 1704 1336 εἰσι
1719 1312 1762 1336 καὶ
1777 1308 1920 1345 ἀγαπητοὶ,
1934 1309 1955 1335 οἱ

1160 1359 1208 1386 τῆς
1224 1355 1372 1393 εὐεργεσίας
1388 1355 1646 1392 ἀντιλαμϐανόμενοι.
1667 1358 1751 1382 ΠΡΟΣ
1770 1357 1836 1382 TlT.
1850 1354 1955 1384 Δοῦλονς

1163 1399 1241 1432 ἰδίοις
1262 1399 1405 1432 δεσπόταις
1420 1401 1630 1433 ὑποτάσσεσθαι,
1652 1402 1677 1427 ἓν
1701 1403 1782 1426 πᾶσιν
1807 1400 1958 1437 εὐαρέστους

1163 1446 1238 1479 εἶναι,
1252 1448 1288 1482 μὴ
1309 1445 1497 1482 ἀντιλέγοντας,
1514 1447 1549 1482 μὴ
1566 1445 1779 1481 νοσφιζομένους,
1797 1443 1861 1470 ἀλλὰ
1876 1447 1959 1470 πᾶσαν

1163 1493 1253 1517 πίστιν
1275 1488 1500 1527 ἐπιδεικνυμένους
1525 1490 1635 1526 ἀγαθήν·
1661 1490 1702 1515 ῖνα
1723 1491 1770 1518 τὴν
1786 1487 1961 1516 διδασκαλίαν

1165 1539 1211 1562 τοῦ
1227 1539 1343 1572 Σωτῆρος
1357 1536 1430 1572 ἡμῶν
1451 1538 1517 1561 Θεοῦ
1537 1538 1670 1570 κοσμῶσιν
1686 1533 1709 1559 ἐν
1729 1536 1820 1561 πᾶσιν.

1163 1580 1233 1614 Ὀτι,
1251 1578 1294 1606 δεῖ
1316 1582 1376 1610 τοὺς
1401 1588 1505 1615 κυριους
1540 1579 1744 1615 μνημονεύοντας
1767 1581 1813 1604 τοῦ
1840 1576 1963 1606 ἀληθινοῦ

1201 1628 1309 1661 Κυριου,
1335 1623 1367 1649 ὧν
1392 1623 1421 1649 ἂν
1447 1622 1617 1649 ἀπολαύσωσι
1637 1624 1677 1659 (6)
1696 1623 1768 1660 παρὰ
1786 1626 1836 1648 τῶν
1853 1620 1963 1654 δούλων,

1199 1673 1282 1695 ταῦτα
1305 1671 1350 1695 καὶ
1373 1672 1454 1694 ποιεῖν
1481 1667 1570 1698 αὐτοῖς
1593 1669 1661 1693 κατὰ
1688 1665 1810 1703 δύναμιν,
1841 1665 1866 1692 ἄν
1898 1666 1963 1703 φόϐῳ

1200 1716 1264 1740 Θεοῦ
1290 1716 1335 1740 καὶ
1356 1713 1480 1750 ἐπιεικείᾳ
1503 1717 1533 1749 τῇ
1559 1714 1622 1750 πρὸς
1646 1712 1751 1746 αὐτοὺς,
1772 1713 1839 1738 κατὰ
1851 1714 1962 1749 μίμησιν

1200 1762 1246 1785 τοῦ
1264 1761 1372 1795 Κυρίου.

1487 1793 1581 1830 Κεφάλ.

1203 1843 1362 1866 ΙΩΑΝΝΗΣ.
1390 1837 1476 1870 Εἰδὼς
1489 1839 1502 1864 ὁ
1517 1838 1631 1871 Ἰησοῦς,
1648 1839 1687 1864 ὅτι
1705 1838 1790 1864 πάντα
1802 1835 1915 1864 δέδωκεν
1927 1836 1961 1871 (7)

1167 1885 1237 1919 αὐτῷ
1254 1885 1266 1910 ὁ
1282 1887 1372 1921 Πατὴρ
1387 1884 1423 1914 εἰς
1433 1885 1477 1914 τὰς
1487 1887 1591 1920 χεῖρας,
1607 1885 1652 1909 καὶ
1666 1884 1706 1908 ὅτι
1720 1881 1769 1908 ἀπὸ
1785 1885 1853 1908 Θεοῦ
1869 1881 1961 1913 ὶξῆλθι,

1167 1932 1212 1955 καὶ
1232 1930 1298 1966 πρὸς
1319 1930 1362 1954 τὸν
1385 1930 1449 1954 Θεὸν
1469 1928 1575 1963 ὑπάγει,
1592 1927 1716 1964 ἐγείρεται
1742 1925 1769 1952 ἐκ
1784 1930 1829 1952 τοῦ
1851 1924 1961 1957 δείπνου,

1167 1976 1213 2000 καὶ
1227 1974 1318 2002 τίθησι
1343 1974 1376 1998 τὰ
1401 1973 1493 2008 ἱμάτια
1516 1972 1596 1998 αὐτοῦ
1621 1972 1672 2007 (8),
1696 1974 1741 1998 καὶ
1759 1970 1844 1997 λαϐὼν
1863 1971 1962 2002 λέντιον,

1169 2016 1294 2047 διέζωσεν
1318 2016 1416 2044 ἑαυτὸν.
1438 2015 1502 2042 Εἶτα
1522 2015 1613 2053 βάλλει
1631 2014 1703 2052 ὕδωρ
1720 2016 1756 2047 εἰς
1779 2017 1822 2041 τὸν
1846 2019 1964 2051 νιπτῆρα,

1168 2065 1213 2089 καὶ
1241 2061 1336 2099 ἤρξατο
1364 2063 1461 2088 νίπτειν
1489 2063 1550 2092 τοὺς
1578 2059 1664 2092 πόδας
1683 2065 1733 2087 τῶν
1761 2061 1897 2097 μαθητῶν,
1924 2060 1965 2085 καὶ

1169 2107 1310 2143 ὶκμάσσειν
1326 2111 1362 2142 τῷ
1377 2107 1465 2142 λεντίῳ
1480 2107 1500 2142 ᾧ
1512 2107 1542 2136 ἦν
1556 2104 1740 2142 διεζωσμένος.
1752 2108 1803 2133 Καὶ
1814 2105 1872 2142 μετ’
1886 2104 1962 2139 ὀλίγα·

1169 2152 1251 2189 Ὑμεῖς
1280 2154 1383 2188 φωνεῖτέ
1415 2161 1458 2188 με,
1487 2152 1499 2177 ό
1531 2149 1706 2185 διδάσκαλος,
1736 2153 1782 2177 καὶ
1816 2151 1830 2176 ὁ
1866 2151 1963 2187 Κύριος.

1171 2201 1216 2224 καὶ
1231 2197 1314 2227 καλῶς
1328 2196 1421 2232 λέγετε”
1434 2196 1486 2233 εἰμὶ
1497 2197 1558 2234 γὰρ.
1570 2196 1601 2223 Εἰ
1615 2194 1658 2222 οὖν
1673 2195 1722 2232 ἐγὼ
1737 2195 1814 2231 ἔνιψα
1828 2197 1897 2232 ὑμῶν
1910 2195 1963 2223 τοὺς

1172 2241 1255 2273 πόδας
1274 2243 1286 2269 ὁ
1303 2244 1397 2279 Κύριος
1421 2243 1493 2269 καὶὸ
1515 2240 1687 2277 διδάσκαλος,
1708 2244 1752 2268 καὶ
1771 2242 1848 2277 ὑμεῖς
1863 2240 1962 2277 ὀφείλετε

1171 2287 1285 2317 ἀλλήλων
1308 2290 1403 2314 νίπτειν
1425 2289 1483 2317 τοὺς
1502 2285 1594 2318 πόδας.
1615 2285 1773 2323 ’Υποδειγμα
1798 2288 1852 2322 γὰρ
1867 2283 1962 2312 δέδωκα

1171 2334 1242 2369 ὑμῖν,
1259 2333 1308 2368 ἵνα,
1325 2333 1412 2364 καθὼς
1425 2331 1538 2361 ἐποίησα
1549 2333 1620 2367 ὑμῖν,
1632 2333 1676 2357 καὶ
1689 2332 1760 2367 ὑμεῖς
1770 2332 1873 2361 ποιῆτε.
1887 2331 1960 2357 ΠΡΟΣ

1170 2381 1259 2404 ΕΦΕΣ.
1291 2378 1324 2404 οἱ
1353 2379 1448 2414 κύριοι,
1482 2378 1514 2402 τὰ
1547 2377 1615 2402 αυτὰ
1642 2379 1738 2402 ποιεῖτε
1770 2377 1836 2414 πρός
1868 2375 1959 2405 αὐτοὺς,

1171 2422 1278 2452 ἀνιέντες
1300 2424 1344 2451 τὴν
1360 2421 1476 2450 ἀπειλήν·
1494 2419 1601 2454 εἰδότες,
1617 2421 1657 2447 ὅτι
1672 2423 1716 2447 καὶ
1740 2422 1811 2457 ὑμῶν
1828 2420 1909 2447 αὐτῶν
1927 2417 1960 2453 (9)

1172 2469 1268 2504 Κύριος
1283 2467 1354 2493 ἔστιν
1363 2466 1394 2493 ’ἓν
1410 2466 1539 2504 οὐρανοῖς,
1564 2469 1609 2493 καὶ
1624 2465 1836 2503 προσωποληψία
1854 2465 1900 2492 οὑκ
1913 2465 1959 2489 ἓτσι

1170 2513 1231 2550 παρ’
1252 2513 1332 2549 αὐτῷ.

1169 2641 1297 2673 utraque
1312 2637 1403 2666 editio
1425 2639 1454 2665 et
1478 2638 1547 2673 Reg.
1565 2635 1717 2665 secundus
1736 2634 1860 2666 διεζωσεν
1879 2634 1956 2660 αὐτόν.

1169 2647 1297 2702 uirague
1312 2647 1403 2666 eaiuo
1425 2647 1454 2665 et
1478 2647 1504 2665 ευ

1168 2675 1223 2704 Alii
1262 2683 1300 2702 uo
1315 2682 1389 2702 mss.
1406 2674 1504 2700 ἑαυτὸν.

1204 2711 1243 2744 (9)
1258 2710 1352 2738 Editio
1368 2710 1459 2748 Paris.
1476 2711 1520 2748 ὅτι
1527 2712 1574 2748 καί
1586 2710 1657 2748 ὑμῶν
1667 2711 1712 2734 καὶ
1723 2708 1858 2748 adfabre!
1870 2706 1957 2748 vester

1168 2751 1195 2776 et
1205 2749 1330 2776 illorum
1342 2747 1493 2774 Dominus.
1502 2745 1596 2773 Editio
1606 2746 1711 2772 Veu.et
1719 2745 1812 2771 nostri
1821 2746 1880 2781 tres
1889 2746 1954 2781 mss.

1168 2785 1206 2810 ὅτι
1218 2786 1263 2810 καὶ
1276 2784 1346 2820 ὑμῶν
1360 2782 1452 2809 αὐτῶν.
1474 2781 1589 2810 Ibidem
1602 2781 1673 2816 Reg.
1689 2787 1805 2817 primus
1818 2777 1841 2804 ἒν
1853 2777 1952 2814 οὐρανῷ-
