2052 3130
293 128 343 157 871

971 126 998 154 S.
1021 125 1148 154 BASlLll
1168 125 1278 154 IAGNI

1922 129 1977 156 872

294 190 345 219 Dei
355 190 517 225 imaginem
531 196 712 218 exornemus
734 187 949 225 nosmetipsos,
961 196 996 216 ac
1020 188 1113 216 condi

1175 189 1330 226 τριώθημεν.
1359 191 1410 216 Καὶ
1434 188 1512 215 πάλιν
1537 190 1605 215 κατὰ
1642 191 1689 218 τήν
1717 193 1764 216 τοῦ
1791 193 1858 217 Θεοῦ
1888 189 1978 217 εἰκόνα

293 237 349 264 tori
369 244 420 271 per
434 243 555 264 omnem
567 234 729 262 aﬂectuum
743 234 922 261 vacuitatem
935 233 1048 260 similes
1061 232 1122 260 efﬁ-

294 281 421 309 ciamur.
437 280 491 313 Qui
517 280 596 307 enim
613 279 641 307 in
658 279 769 315 seipso,
785 278 888 314 quoad
903 278 966 313 ejus
987 277 1051 305 fieri
1067 285 1122 313 po-

294 328 360 359 test,
376 325 457 352 illam
469 325 577 352 divina».
593 326 708 351 naturas
720 323 759 350 ab
769 322 926 350 affectibus
941 322 1121 350 vacuitatem

293 370 428 398 imitatus
443 369 541 400 fuerit,
557 369 581 396 is
605 369 634 396 in
653 376 708 395 sua
722 368 817 404 ipsius
832 367 935 395 anima
953 368 1000 394 Dei
1014 367 1121 402 imagi-

292 423 362 443 nem
378 415 408 443 in
420 415 571 449 integrum
591 413 724 440 restituit.
743 412 797 445 Qui
812 416 912 440 autem
935 411 1059 439 eﬂ‘ectus
1078 413 1122 439 est

292 459 352 488 Deo
363 459 469 487 similis
482 459 570 494 juxta
583 466 651 485 eum
661 465 752 493 quem
766 456 897 484 diximus
910 456 1047 490 modum,
1058 464 1121 484 om-

292 505 364 533 nino
381 505 469 532 etiam
486 503 593 531 divinae
605 504 669 530 vitae
682 502 809 538 adeptus
824 504 868 529 est
883 501 1118 537 similitudinem,

291 553 437 586 perpetuo
454 549 483 576 in
501 548 590 584 319
610 547 782 575 aeternailla
796 546 980 574 beatitudine
997 554 1122 574 mansu-

291 602 355 622 rus.
385 596 485 629 Itaque
515 593 540 620 si
568 600 620 628 per
635 591 799 619 affectuum
823 591 1002 618 vacuitatem
1017 598 1121 618 rursus

292 639 342 668 Dei
366 639 530 673 imaginem
553 645 778 673 recupereinus,
794 636 922 672 vitaque
944 636 1121 671 perpetuita-

291 686 352 712 tem
366 683 454 711 nobis
470 682 622 718 impertiat
641 682 690 709 Dei
706 680 881 712 similitudo,
897 680 1012 708 cmteris
1025 679 1121 707 omni-

290 729 349 757 bus
360 727 512 763 negleclis,
528 726 587 754 huc
600 726 732 754 studium
748 728 959 753 convertamus
972 728 1004 752 ut
1018 724 1121 752 anima

291 776 396 802 nostra
423 771 533 799 nullius
560 779 697 807 unquam
713 770 773 798 vitii
795 769 953 806 tyrannide
964 769 1120 805 opprima-

291 820 356 851 tur;
369 817 420 845 sed
435 824 521 844 mens
534 818 637 844 nostra
651 815 778 842 immota
792 817 821 842 et
834 813 1046 850 insuperabilis
1056 821 1120 849 per-

1175 233 1281 264 ἇειυτούς
1313 233 1524 270 καλλωπίσωμεν,
1546 232 1593 260 διὰ
1632 238 1677 265 τῆς
1717 233 1842 266 ἀπαθείας
1875 235 1978 271 ὁμοιω-

1176 279 1259 309 θέντες
1282 282 1318 313 τῷ
1344 281 1474 306 κτίσαντι.
1494 278 1524 304 ὀ
1537 280 1588 316 γὰρ
1603 280 1633 305 τὸ
1658 278 1755 310 ἁπαθὶς
1769 283 1817 310 τῆς
1837 280 1909 310 θείας
1925 281 1977 316 φύ-

1177 332 1250 356 σεως,
1275 324 1360 354 καθώς
1388 323 1442 349 ἔστι
1471 321 1593 356 δυνατὸν,
1619 323 1656 359 ἐφ’
1675 324 1767 350 ἑαυτοῦ
1781 325 1978 361 μιμησάμενος,

1175 365 1248 397 οὗτος
1269 367 1420 394 ἐπανέλαϐεν
1447 368 1488 394 ἐπὶ
1503 372 1548 398 τῆς
1569 366 1639 398 ἰδίας
1661 368 1756 404 ψυχῆς
1769 373 1815 395 τοῦ
1840 373 1907 396 θεοῦ
1926 371 1978 398 τὴν

1175 411 1270 438 εἰκόνα.
1290 412 1319 438 Ὀ
1339 410 1369 438 δι
1396 413 1531 448 ὁμοιωθεὶς
1555 416 1590 448 τῷ
1619 416 1676 448 Θεῷ
1704 414 1772 439 κατὰ
1790 414 1833 439 τὸν
1861 413 1978 450 ῥηθέντα

1174 459 1278 493 τρόπον,
1300 460 1345 483 καὶ
1368 461 1417 487 τῆς
1445 458 1516 488 θείας
1546 459 1615 488 ζωῆς
1647 457 1776 487 ἐκτήσατο
1803 459 1906 490 πάντως
1930 461 1977 488 τὴν

1175 501 1327 537 ὁμοιότητα,
1364 502 1397 532 εἰς
1433 504 1462 528 τὸ
1489 501 1605 533 διηνεκὴς
1641 504 1794 539 παραμένων
1895 501 1977 538 ἆίδίῳ

1175 550 1359 584 μακαριότητι.
1390 547 1420 573 Εἰ
1448 545 1491 573 οὗν
1520 546 1567 574 διὰ
1594 551 1640 578 τῆς
1659 547 1782 578 ἀπαθείας
1809 550 1856 577 τήν
1889 548 1978 575 εἰκόνα

1174 595 1220 618 τοῦ
1241 595 1307 618 Θεοῦ
1335 591 1411 618 πάλιν
1437 591 1659 628 ἀναλαμϐάνομεν⁹
1678 593 1693 622 ἡ
1711 591 1741 619 δὲ
1764 594 1827 630 πρὸς
1848 595 1892 619 τὸν
1910 594 1976 620 Θεὸν

1175 637 1300 673 ὁμοιότης
1324 638 1354 662 τὸ
1370 635 1486 667 διηνεκες
1506 641 1553 668 τῆς
1573 638 1644 668 ζωῆς
1658 638 1721 673 ἡμῖν
1742 638 1897 675 χαρίζεται,
1910 639 1977 664 πάν-

1175 691 1224 708 των
1261 680 1434 717 ἀμελήσαντες
1454 686 1504 708 τῶν
1530 681 1623 713 ὤιλων,
1650 683 1748 713 ταύτης
1775 683 1911 718 γενώμεθα
1928 686 1977 714 τῆς

1176 724 1304 761 σπουδῆς,
1332 728 1399 752 ὥστε
1426 725 1520 762 μηδενὶ
1559 727 1636 753 πάθει
1662 725 1795 763 μηδέποτε
1823 726 1975 754 καταδυνα-

1176 771 1317 800 πευθῆναι
1331 771 1404 807 ἡμῶν
1432 773 1479 800 τήν
1500 770 1604 807 ψυχὴν,
1630 770 1683 797 ἀλλ’
1699 771 1789 801 ἀκλινῆ
1817 774 1862 798 καὶ
1879 771 1976 798 δεκατεί-

1175 815 1267 844 ϐλητον
1305 817 1329 842 ἂν
1371 819 1430 847 ταῖς
1461 820 1512 842 τῶν
1547 820 1699 853 πειρασμῶν
1738 815 1896 854 προσϐολαῖς
1926 819 1975 845 τὴν

290 864 414 891 maneat
428 862 458 890 in
472 861 670 889 tentationum
690 859 865 892 assultibus,
882 861 914 886 ut
925 858 1035 886 divinae
1049 858 1113 886 beat

1176 858 1294 886 διάνοιαν
1326 861 1398 897 ἡμῶν
1427 858 1567 897 διαμένειν,
1592 862 1633 887 ἶνα
1664 862 1795 897 γενώμεθα
1824 866 1870 892 τῆς
1902 862 1974 892 θείας

290 906 426 935 titudinis
440 906 552 934 ﬁamus
562 905 734 942 participes.
750 903 823 931 Huic
840 906 940 931 autem
956 903 1055 930 studio
1068 902 1120 931 ad-

287 952 426 988 juznento
441 955 485 978 est
499 950 666 985 virginitas,
681 949 718 977 iis
732 948 783 985 qui
799 948 914 976 ratione
929 947 1006 975 duce
1021 948 1050 975 id
1063 948 1119 976 do-

290 1004 364 1024 num
393 995 550 1024 coluerint.
567 996 631 1022 Non
650 994 731 1022 enim
753 994 783 1021 in
801 993 865 1021 sola
880 1001 898 1021 a
924 992 1120 1028 procreandis

289 1041 392 1070 liberis
403 1041 587 1069 abstinentia
597 1039 786 1067 constituitur
798 1038 975 1074 virginitatis
985 1038 1117 1072 donum;

290 1087 343 1114 sed
361 1086 422 1114 vita
434 1085 534 1113 omnis
557 1085 686 1120 vitaeque
700 1084 777 1111 ratio
797 1091 832 1111 ac
844 1090 944 1110 mores
968 1082 1120 1117 virginita-

289 1133 349 1159 tem
373 1130 508 1158 excolere
530 1129 651 1162 debent,
672 1128 714 1156 sic
738 1131 770 1156 ut
786 1127 898 1155 caelibis
920 1127 1074 1162 integritas
1087 1126 1118 1154 in

289 1176 374 1205 omni
401 1174 502 1203 studio
518 1176 674 1210 appareat.
701 1173 776 1201 Fieri
799 1172 880 1201 enim
897 1175 1006 1208 potest,
1024 1174 1054 1199 ut
1064 1171 1118 1200 ali-

288 1221 357 1258 quis
372 1228 511 1248 sermone
526 1219 614 1247 etiam
626 1222 764 1255 stuprum
777 1221 805 1246 et
820 1217 915 1246 oculis
937 1216 1118 1244 adulterium

289 1266 468 1300 committat,
479 1265 647 1300 audituque
668 1263 828 1299 polluatur,
841 1271 877 1290 ac
901 1262 1117 1298 inquinamen-

290 1315 351 1339 tum
364 1310 487 1346 recipiat
501 1310 530 1337 in
544 1309 645 1342 corde,
658 1316 770 1344 perque
781 1307 837 1335 cibi
858 1315 893 1335 ac
909 1311 997 1343 potus
1012 1307 1117 1335 intem-

286 1355 455 1392 perantiam
472 1359 555 1381 extra
570 1352 755 1380 castimoniae
767 1355 911 1379 terminos
935 1350 1115 1385 egrediatur.

288 1401 362 1428 Nam
378 1399 428 1435 qui
444 1399 475 1426 in
495 1398 542 1425 bis
557 1397 700 1425 omnibus
717 1397 795 1424 intra
813 1395 991 1431 virginitatis
1005 1395 1114 1424 limites

289 1445 423 1480 seipsum
438 1451 492 1480 per
501 1441 719 1470 continentiam
738 1441 879 1474 continet,
896 1448 1001 1469 revera
1013 1443 1114 1468 osten-

287 1489 331 1517 dit
356 1491 386 1517 in
413 1488 577 1523 semetipso
592 1486 759 1522 perfectum
781 1485 962 1514 etomnibus
977 1485 1112 1513 numeris

286 1533 460 1562 absolutum
476 1531 654 1567 virginitatis
668 1531 795 1558 donum.

322 1581 348 1606 2.
363 1577 567 1611 Quamobrem
587 1576 610 1603 si
637 1575 844 1603 desideremus
867 1575 977 1602 animae
1000 1577 1112 1603 nostra

278 1623 491 1652 characterem
513 1629 566 1658 per
577 1620 739 1648 affectuum
760 1619 941 1648 vacuitatem
956 1619 995 1647 ad
1010 1619 1061 1648 Dei
1076 1619 1113 1647 si-

286 1666 487 1695 militudinem
516 1665 659 1701 componi
681 1667 711 1692 et.
728 1663 877 1696 exornari,
893 1667 924 1692 ut
946 1664 1004 1691 hoc
1024 1667 1113 1700 pacto

284 1712 375 1740 etiam
387 1720 405 1740 a
419 1711 507 1739 nobis
521 1711 582 1738 vita
597 1709 780 1745 sempiterna
804 1711 1005 1745 comparetur,
1021 1712 1114 1737 atten-

285 1757 396 1786 damus
411 1755 647 1791 nobismetipsis.
662 1762 700 1782 ne
721 1754 796 1782 forte
812 1754 970 1790 quidpiam
984 1754 1112 1789 promis-

285 1801 371 1830 sione
395 1800 555 1836 indignum
581 1803 800 1836 perpetrantes,
816 1798 934 1835 prolato
948 1797 1111 1826 adversum

284 1847 432 1875 Ananiam
445 1845 559 1881 judicio
569 1844 738 1873 efﬁciamur
753 1843 887 1871 obnoxii.
899 1844 973 1871 Nam
987 1844 1110 1871 Ananiae

283 1891 368 1920 initio
379 1891 490 1918 licebat
501 1889 724 1926 possessionem
736 1896 822 1915 suam
834 1889 892 1915 Deo
903 1895 965 1915 non
977 1881 1112 1923 polliceii

283 1944 319 1964 ac
342 1943 449 1963 vovere
465 1944 471 1963 :
500 1934 553 1962 sed
569 1937 731 1969 postquam
747 1932 786 1960 ad
799 1933 967 1960 humanam
983 1933 1110 1967 gloriam

282 1981 461 2017 respiciens,
474 1980 696 2015 pOssessionem
713 1985 801 2005 suam
819 1978 878 2005 Deo
900 1985 953 2013 per
966 1976 1110 2013 pollicita-

282 2025 394 2054 tionem
403 2023 635 2054 cousecravit,ut
642 2022 817 2050 hominibus
826 2022 865 2049 ob
872 2021 1109 2050 muniﬁcentiam

282 2073 361 2098 esset
376 2067 580 2101 admirationi,
596 2070 679 2103 parte
699 2066 785 2102 pretii
796 2067 940 2102 seposita,
959 2067 1110 2101 ejusmodi

281 2114 443 2143 adversum
454 2121 484 2141 se
496 2112 732 2147 indignationem
750 2111 864 2138 Domini
875 2111 1048 2147 commovit,
1061 2121 1110 2140 cu-

280 2161 331 2197 jus
346 2160 447 2187 Petrus
459 2157 594 2186 minister
607 2157 671 2190 t'uit,
687 2159 719 2184 ut
732 2164 769 2183 ne
788 2156 970 2192 plenitentiee
985 2156 1107 2192 quidem

1174 907 1365 943 μακαριότητος
1394 907 1517 942 μέτοχοι,
1554 908 1607 937 Τῆς
1638 904 1667 933 δὶ
1699 907 1821 936 τοιαύτης
1850 905 1974 937 σπουδῆς

1176 952 1298 986 συνεργός
1313 949 1384 976 ἇστιν
1407 950 1422 978 ἠ
1445 951 1579 987 πιιιρθενία⁵
1596 948 1649 980 τοῖς
1668 951 1735 976 κατὰ
1758 950 1833 986 λόγον
1851 954 1974 987 μετιοῦσι

1174 999 1250 1021 τοῦτο
1278 996 1308 1021 τό
1339 996 1474 1032 χάρισμα.
1495 995 1533 1022 Οὐ
1565 996 1616 1031 γὰρ
1638 995 1661 1021 έν
1681 997 1750 1032 μόνῳ
1769 999 1805 1031 τῷ
1829 996 1974 1031 φείσασθαι

1174 1043 1222 1071 τῆς
1245 1038 1415 1070 παιδοποιίας
1433 1041 1608 1076 κατορθοῦται
1631 1042 1660 1066 τὸ
1686 1042 1810 1077 χάρισμα
1835 1045 1883 1071 τῆς
1909 1050 1974 1078 παρ-

1175 1085 1269 1118 θενίας,
1291 1084 1344 1111 ἀλλ’
1365 1085 1432 1115 ἄπας
1446 1085 1505 1118 (Η)
1521 1085 1533 1111 ὁ
1558 1084 1616 1121 βίος
1630 1087 1675 1112 καὶ
1690 1086 1705 1114 ἠ
1730 1086 1783 1117 ζωὴ
1799 1087 1844 1111 καὶ
1864 1087 1894 1112 τὸ
1913 1084 1974 1116 ἦθος

1173 1130 1336 1166 παρθενεύειν
1362 1129 1466 1166 ὀφείλει,
1490 1128 1537 1156 διὰ
1564 1132 1662 1161 παντὸς
1691 1128 1901 1167 ὶπιτηδεύματος
1928 1134 1973 1156 τοῦ

1174 1173 1277 1211 ἆγάμου
1300 1177 1348 1203 τὴν
1372 1173 1497 1211 ἀφθορίαν
1522 1173 1740 1211 ἐπιδεικνύμενος.
1766 1174 1843 1202 Ἐστι
1861 1176 1913 1211 γὰρ
1928 1178 1973 1201 καὶ

1172 1218 1239 1255 λόγῳ
1264 1223 1417 1256 πορνεῦσαι,
1447 1221 1491 1245 xui
1521 1219 1644 1256 ὀφθαλμῷ
1682 1223 1838 1256 μοιχεῦσαι,
1865 1222 1911 1246 καὶ
1935 1218 1974 1246 δι’

1172 1263 1250 1294 ἀκοῆς
1274 1264 1442 1301 μολυνθῆναι,
1473 1267 1518 1291 καὶ
1540 1269 1570 1301 τῇ
1596 1263 1695 1302 καρδίᾳ
1709 1268 1815 1302 μίασμα
1831 1263 1971 1298 δέξασθαι,

1171 1311 1215 1335 καὶ
1229 1313 1261 1338 τῆ
1290 1312 1350 1347 περί
1369 1312 1416 1338 τὴν
1432 1308 1533 1347 βρῶσιν
1557 1312 1602 1336 καὶ
1625 1313 1702 1336 πόσιν
1722 1309 1832 1348 ἀμετρίᾳ
1854 1308 1971 1336 ἐκπεσεῖν

1170 1358 1220 1380 τῶν
1247 1355 1311 1391 ὅρων
1340 1358 1387 1385 τῆς
1411 1356 1590 1392 σωφροσύνης.
1605 1354 1634 1380 ’0
1655 1355 1706 1392 ⁴γιίιρ
1729 1354 1753 1380 έν
1773 1355 1876 1385 τούτοις
1888 1357 1970 1381 πᾶσιν

1170 1399 1220 1425 ὑπὸ
1253 1400 1297 1424 τὸν
1327 1401 1423 1425 κανόνα
1464 1403 1512 1430 τῆς
1541 1400 1679 1437 παρθενίας
1710 1399 1799 1426 ἑαυτὸν
1827 1398 1969 1436 έγκρατείᾳ

1169 1443 1308 1480 φυλάσσων
1328 1443 1428 1474 ἀληθῶς
1445 1442 1564 1471 δείκνυσι
1584 1444 1680 1471 τελείαν
1696 1443 1720 1470 έν
1741 1444 1822 1480 ἑαυτῷ
1838 1442 1886 1470 διὰ
1899 1445 1967 1470 πιέν-

1168 1497 1217 1514 των
1234 1486 1430 1525 ἀπηρτισμένην
1444 1492 1490 1519 τῆς
1504 1490 1644 1527 παρθενίας
1659 1491 1707 1518 τὴν
1718 1490 1810 1527 χάριν,

1202 1579 1228 1606 2.
1251 1578 1352 1605 οὐκοῦν
1377 1579 1447 1616 εἴπερ
1471 1577 1646 1615 ἕπιθνμοῦμεν
1668 1578 1725 1604 καθ’
1755 1578 1901 1615 ὁμοιὸτητα
1920 1581 1966 1604 τοῦ

1167 1626 1233 1649 Θεοῦ
1248 1624 1293 1649 τὸν
1312 1627 1471 1660 χαρακτῆρα
1493 1627 1542 1654 τῆς
1555 1625 1649 1660 ψυχῆς
1664 1624 1738 1660 ἡμῶν
1752 1621 1798 1650 διὰ
1823 1626 1871 1653 τῆς
1896 1622 1966 1648 (iam

1168 1668 1238 1698 θείας
1265 1667 1489 1701 καλλωπισθῆναι,
1514 1668 1556 1694 ἵνα
1569 1666 1616 1694 διὰ
1629 1668 1721 1694 τούτου
1741 1670 1785 1694 καὶ
1798 1667 1813 1696 ἧ
1828 1670 1877 1697 τῆς
1893 1667 1966 1697 ζωῆς

1166 1713 1228 1748 ἡμῖν
1262 1710 1383 1743 ἆῑδιότης
1418 1714 1605 1749 προσγένηται,
1643 1714 1814 1749 προσέχωμεν
1852 1711 1965 1744 ἑαυτοῖς,

1165 1759 1254 1793 μήπου
1280 1766 1307 1783 τι
1331 1761 1379 1787 τῆς
1405 1756 1560 1792 έπαγγελίας
1588 1756 1690 1788 ἀνάξιον
1705 1760 1847 1788 ποιοῦντες,
1863 1757 1914 1782 ὑπὸ
1934 1757 1964 1782 τὸ

1166 1805 1248 1839 κρῖμα
1279 1805 1325 1828 τοῦ
1353 1801 1469 1827 Ἀνανίου
1499 1802 1630 1838 γενώμεθα
1658 1803 1724 1837 (42).
1741 1800 1815 1833 Ἐξῆν
1847 1802 1896 1838 γὰρ
1927 1804 1964 1836 τῷ

1165 1845 1270 1882 Ἀνανίᾳ
1297 1849 1344 1875 τὴν
1370 1845 1455 1883 ἀρχὴν
1480 1848 1517 1882 μὴ
1542 1845 1748 1882 ἐπαγγείλασθαι
1770 1849 1807 1881 τῷ
1835 1849 1892 1881 Θεῷ
1915 1848 1964 1874 τὴν

1166 1895 1270 1920 κτῆσιν·
1293 1890 1351 1917 ἀλλ’
1376 1889 1477 1924 έπειδὸ,
1502 1892 1567 1928 πρὸς
1594 1893 1642 1920 τὴν
1671 1890 1834 1928 ἀνθρωπίνην
1860 1888 1963 1916 ἀπιδὼν

1167 1934 1255 1969 δόξαν,
1286 1937 1315 1961 τὸ
1337 1937 1381 1972 μὶν
1405 1940 1495 1972 κτῆμα
1523 1934 1570 1962 διὰ
1597 1940 1645 1966 τῆς
1671 1935 1826 1971 ἐπαγγελίας
1853 1939 1890 1971 τῷ
1906 1938 1963 1970 Θεῷ

1166 1979 1318 2017 ἀφιέρωσεν,
1334 1981 1369 2011 ὡς
1393 1979 1424 2006 ἂν
1452 1981 1615 2016 θαυμασθείη
1645 1982 1716 2018 παρὰ
1742 1984 1793 2016 τῷν
1821 1979 1962 2017 ἀνθρώπων

1165 2023 1207 2051 ἐπὶ
1238 2028 1270 2061 τῇ
1303 2025 1446 2061 φιλοτιμίᾳ,
1483 2029 1529 2051 τοῦ
1556 2027 1703 2062 τιμήματος
1732 2023 1761 2051 δε
1794 2024 1959 2061 ἐνοσφίσατο⁷

1163 2070 1287 2097 τοιαύτην
1313 2068 1417 2098 ἐκίνησε
1445 2069 1506 2095 καθ’
1530 2069 1622 2095 έαυτοὺ
1647 2073 1694 2095 τοῦ
1722 2070 1819 2105 Κυρίου
1833 2070 1880 2098 τὴν
1895 2068 1961 2105 5:7:-

1163 2115 1298 2150 νάκτησιν,
1333 2116 1363 2145 ἧς
1394 2116 1526 2153 ὑπηρέτης
1554 2116 1567 2141 ὀ
1599 2117 1691 2152 Πέτρος
1707 2113 1747 2148 ἦν,
1773 2116 1806 2146 ὡς
1833 2114 1905 2151 μηὸὶ
1919 2125 1962 2151 με·

1163 2162 1268 2190 τανοίας
1282 2160 1444 2197 προθεσμίαν
1457 2162 1514 2194 (43)
1530 2161 1621 2197 εὑρεῖν.
1643 2160 1743 2186 Οὐκοῦν
1755 2161 1806 2196 πρὸ
1821 2163 1870 2191 τῆς
1880 2160 1961 2196 ἐπα-[-

281 2204 412 2240 spatium
433 2202 579 2230 inveniret
601 2202 679 2237 (Act.
697 2209 724 2234 v,
750 2202 818 2237 1-5).
834 2201 1023 2236 Quapropter
1040 2205 1107 2230 ante

1168 2204 1249 2240 γελίας
1274 2208 1319 2230 τοῠ
1343 2208 1436 2241 σεμνοῦ
1459 2203 1520 2240 βίον
1546 2204 1631 2236 ἔξεστι
1656 2209 1692 2240 τῷ
1718 2203 1879 2241 βουλομένῳ,
1894 2205 1961 2231 κατὰ

280 2249 349 2276 vitta
364 2247 510 2282 religiosa:
522 2247 739 2283 professionem
762 2245 887 2281 quilibet
909 2249 1005 2281 potest
1021 2246 1108 2281 juxta

279 2293 310 2321 id
321 2293 404 2329 quod
428 2300 608 2320 concessum
630 2299 665 2319 ac
687 2291 855 2326 legitimum
870 2294 924 2325 est,
938 2290 1005 2318 vita:
1025 2299 1107 2319 com-

279 2342 373 2366 moda
386 2336 536 2372 amplecti,
553 2344 588 2364 ac
601 2335 774 2371 nuptiarum
789 2335 922 2363 societati
935 2343 966 2362 se
977 2335 1104 2364 dedere:

280 2383 333 2410 sed
346 2381 397 2409 ubi
409 2382 472 2417 jam
489 2381 642 2417 professus
657 2383 710 2413 est,
728 2380 860 2416 seipsum
882 2381 941 2407 Deo
955 2381 1106 2408 custodire

279 2427 378 2458 debet,
393 2426 481 2454 veluti
493 2433 612 2453 sacrum
626 2425 783 2461 quoddam
799 2424 924 2458 donum,
940 2432 978 2452 ne
990 2425 1107 2453 sacrile-

279 2472 319 2508 3ii
329 2471 558 2500 damnationem
574 2471 690 2500 subeat,
703 2470 727 2497 si
743 2477 853 2505 corpus
867 2477 920 2505 per
946 2469 1105 2506 professio-

278 2525 347 2547 nem
364 2513 424 2545 Deo
434 2516 568 2545 dicatum
581 2523 685 2544 rursus
700 2514 870 2543 communis
885 2515 950 2543 vitae
972 2515 1105 2545 ministe-

314 2615 371 2650 (41)
390 2616 464 2651 Reg.
488 2613 591 2643 tertius
608 2611 671 2640 ἀλλὰ
682 2615 741 2644 πᾶς.

312 2653 369 2687 (42)
391 2649 485 2688 Editio
510 2651 602 2688 Paris.
625 2653 785 2688 aﬂuant-oti
818 2649 934 2676 ίναντίου
960 2653 1101 2688 γενώμεθα,

276 2685 416 2725 pessime.
427 2687 520 2714 Editio
531 2687 601 2725 Ven.
610 2685 732 2720 etltegii
742 2685 858 2722 primus
869 2689 898 2714 et
910 2685 1012 2715 tertius
1022 2685 1105 2724 ςερῖμά

277 2723 323 2751 τοῦ
340 2723 468 2755 Ἀνανίου,
486 2723 607 2758 optime.

310 2761 368 2796 (isi
385 2757 513 2796 Utraque
527 2757 618 2796 editio
632 2760 769 2796 μετανοίας
790 2759 885 2796 θύρανὶ
897 2761 931 2786 ut
952 2765 990 2787 ne
1010 2759 1104 2796 pani-

278 2793 378 2825 teim'a'
389 2793 508 2830 quidem
528 2793 637 2822 ostium
646 2795 805 2830 reperiret,
820 2793 935 2824 durius.
953 2795 1035 2829 Regii
1044 2794 1104 2830 pri-

1161 2250 1190 2275 τὸ
1230 2251 1464 2286 συγκεχωρημένον
1506 2251 1551 2275 καὶ
1584 2250 1696 2286 ἴννομον,
1731 2249 1765 2280 εἰς
1804 2248 1959 2276 ἀκολουθίαν

1162 2293 1222 2330 βίον
1235 2292 1312 2320 ἐλθεῖν
1323 2295 1391 2328 (44),
1406 2296 1451 2320 καὶ
1466 2293 1556 2320 ἑαυτὸν
1578 2293 1714 2320 ἐπιδοῦναι
1736 2298 1767 2330 τῇ
1783 2294 1901 2330 συζυγίᾳ
1914 2297 1959 2320 τοῦ

1160 2339 1256 2375 γάμουα
1282 2339 1460 2376 προληφθέντα
1483 2336 1513 2365 δε
1540 2337 1586 2365 διὰ
1617 2343 1662 2370 τῆς
1685 2339 1780 2370 οἰκείας
1808 2338 1959 2375 ὁμολογίας,

1161 2383 1301 2419 φυλασσειν
1332 2386 1460 2420 προσήχει
1493 2383 1583 2410 ἑαυτὸν
1611 2388 1648 2420 τῷ
1680 2388 1748 2420 Θεῷ,
1782 2385 1900 2421 καθάπερ
1934 2393 1960 2409 τι

1160 2432 1210 2454 τῶν
1236 2430 1307 2465 ἱερῶν
1337 2427 1521 2465 ἀναθημάτων,
1544 2431 1576 2460 ὡς
1605 2429 1634 2454 ἂν
1658 2431 1694 2465 μὴ
1724 2434 1760 2465 τῷ
1787 2434 1833 2460 τῆς
1854 2430 1960 2467 ἱεροσυ-

1159 2473 1216 2504 λίας
1244 2473 1359 2509 ένέχοιτο
1400 2476 1518 2511 κρίματι,
1552 2475 1582 2500 τό
1620 2473 1793 2512 ὰφιερωμένον
1831 2473 1880 2502 διὰ
1912 2480 1960 2506 τῆς

1160 2517 1316 2554 ἐπαγγελίας
1341 2523 1378 2554 τῷ
1394 2522 1451 2554 Θεῷ
1477 2523 1553 2555 σῶμα
1575 2518 1653 2545 πάλιν
1674 2523 1705 2555 τῇ
1728 2522 1775 2545 τοῦ
1793 2523 1882 2547 κοινοῦ
1896 2519 1960 2557 βίον

1158 2624 1228 2658 mus
1241 2620 1269 2646 et
1299 2617 1403 2646 tertius
1436 2620 1573 2654 μετανοίας
1597 2618 1770 2656 προθεσμίαν,
1800 2617 1905 2646 mitius
1932 2620 1963 2647 et

1157 2661 1397 2726 Horum
1424 2689 1596 2721 verborum.
1634 2690 1671 2721 εἰς
1702 2689 1858 2717 ἀκολουθίαν
1897 2689 1960 2726 βίου

1158 2724 1247 2753 Mm.
1265 2724 1328 2752 hanc
1344 2727 1388 2753 est
1414 2726 1581 2753 sententia:
1608 2726 1678 2754 licet
1692 2734 1739 2754 res
1764 2727 1833 2754 vita:
1848 2724 1961 2754 conve-

1157 2761 1272 2798 nientes
1286 2764 1313 2788 et
1327 2763 1504 2798 αοςοηιοᾳοε
1522 2762 1658 2798 seligere,
1672 2763 1729 2790 hoc
1751 2764 1807 2796 est,
1823 2769 1961 2792 commo‘

1157 2795 1198 2824 da
1210 2796 1278 2825 vita
1293 2797 1437 2833 amplecti
1451 2796 1530 2826 licet.
