2228 3134
364 124 417 156 θοις

1041 123 1069 151 S.
1092 121 1219 151 BASlLll
1237 122 1356 151 IAGNI.

1999 126 2061 153 956

371 187 534 224 ejusmodi,
545 189 623 216 recte
639 187 770 221 educati,
784 186 979 214 attentionem
995 185 1089 214 animi
1109 184 1195 213 facile
1210 183 1234 212 Α

1182 192 1195 212 e
1210 183 1234 212 Α
1251 189 1297 210 τοῦ
1324 187 1360 221 μὴ
1387 186 1592 223 μετεωρίζεσθαι
1614 185 1730 223 ἐθισμὸς,
1761 187 1868 218 εὐκόλως
1892 187 1922 212 ἄν
1939 186 1987 218 διὰ
2005 189 2062 218 τῆς

366 236 575 270 assequentur,
593 234 683 268 atque
695 232 803 259 mentis
820 231 1040 258 aberrationem
1047 230 1142 258 vitare
1150 237 1194 257 as-

367 280 516 312 suescent,
530 277 555 305 si
571 285 589 305 a
604 276 755 312 magistris
769 276 888 304 assidue
903 275 1131 310 interrogentur,
1143 274 1195 302 ubi

366 323 402 351 sit
425 330 530 350 eorum
559 321 690 355 animus,
716 324 745 349 et
758 320 832 357 quid
850 321 880 348 in
893 323 994 348 mente
1009 322 1136 348 versent.
1151 321 1195 347 Et-

364 368 445 396 enim
461 367 513 396 illa
537 369 620 399 tetas,
637 368 740 402 utpote
756 365 895 402 simplex,
910 365 1025 393 fraudis
1039 365 1150 397 nescia,
1167 366 1196 392 et

364 413 405 441 ad
418 412 614 440 mendacium
630 411 742 448 inepta,
752 410 836 439 nullo
845 411 968 446 negotio
979 410 1072 438 animi
1082 416 1195 438 arcana

364 457 466 495 prodit
479 467 485 486 τ
502 457 620 486 accedit
634 457 736 490 etiam,
752 457 836 493 quod
850 457 904 492 qui
914 456 982 483 talis
996 458 1051 488 est,
1066 463 1105 483 ne
1130 462 1196 491 per-

364 506 455 540 petuo
470 503 566 531 vetitis
580 503 760 530 commentis
781 501 937 529 immorari
952 500 1196 536 deprehendatur

363 548 457 584 fugiet
471 547 622 575 absurdas
629 546 836 581 cogitationes,
849 548 940 582 atque
948 545 1195 581 objurgationum

365 593 497 620 dedecus
507 592 663 625 reveritus,
677 591 872 627 semetipsum
886 589 1006 618 assidue
1020 590 1060 618 ab
1088 590 1195 626 ineptis

364 636 577 707 “reximus
597 679 686 714 igitur
708 678 782 706 dum
797 677 898 706 adhuc
914 677 999 705 facile
1012 677 1195 705 conformari

365 726 473 761 potest,
508 723 642 760 dumque
662 725 746 751 tener
761 725 814 755 est.
831 731 866 750 ac
883 722 978 750 instar
992 722 1092 750 mollis
1107 730 1193 756 certe,

363 776 465 797 rerum
475 768 646 797 oblatarum
659 768 774 796 formas
788 767 872 795 nullo
886 767 1007 802 negotio
1030 766 1138 801 induit,
1155 767 1195 795 ad

365 814 468 842 omnia
482 813 564 841 bona
575 813 676 841 statim
686 812 726 840 ab
736 812 819 840 initio
834 812 1020 840 exercendus
1032 814 1078 839 est
1089 814 1133 839 :ut
1143 811 1194 840 ubi

1251 229 1330 267 ὀρθῆς
1361 229 1467 266 ἀγωγῆς
1502 234 1557 262 τοῖς
1585 232 1710 261 τοιούτοις
1748 231 1885 267 ἐγγένοιτο,
1922 232 1943 258 εὶ
1978 234 2065 269 παρὰ

1250 278 1300 300 τῶν
1353 274 1558 302 ἕπιστατούντων
1608 280 1724 312 συνεχῶς
1774 275 1962 314 ὲνααρίνοιντο,
2001 281 2065 303 ποῦ

1250 321 1348 356 ἔχουσι
1372 323 1419 350 τὴν
1443 319 1570 354 διάνοιαν,
1597 325 1642 347 καὶ
1663 324 1689 348 τί
1719 324 1874 358 στρέφουσιν
1889 321 1914 348 ἐν
1939 325 1995 353 τοῖς
2015 322 2065 348 λος

1249 369 1365 401 γισμοῖς.
1391 367 1426 391 Τό
1455 368 1507 403 γὰρ
1533 365 1630 393 ἁπλοῦν
1658 370 1704 397 τῆς
1728 366 1832 398 ἤλιιιὶας
1862 369 1906 392 καὶ
1942 365 2062 401 ἄδολον,

1250 412 1295 435 καὶ
1323 411 1389 446 πρὸς
1414 412 1442 436 τὸ
1475 409 1574 447 ψεῦδος
1602 409 1792 444 ἀνεπιτήδειον,
1833 411 1979 450 ἐξαγορεύει
2007 413 2066 448 μὶν

1251 454 1362 485 εὐκόλως
1383 455 1416 481 τὰ
1439 454 1575 493 ἀπόρρητα
1600 459 1646 487 τῆς
1674 455 1776 492 ψυχῆς·
1803 457 1867 493 ὑπὶρ
1893 454 1922 482 δὲ
1944 460 1992 483 τοῦ
2018 459 2064 493 μὴ

1251 502 1367 535 συνεχῶς
1400 499 1675 537 ἆσματαλαμϐάνεσθαι
1716 505 1772 532 τοῖς
1811 500 2063 538 ἁπηγοριυμὲιοις,

1251 545 1264 570 ό
1293 548 1410 575 τοιοῦτος
1439 546 1527 581 φεύγοι
1551 545 1581 571 ἂν
1605 546 1652 576 τάς
1674 550 1723 572 τῶν
1751 545 1854 572 ἀτόπων
1879 545 1986 578 ἑννοίας,
2010 550 2064 573 καὶ

1254 593 1370 624 συνεχῶς
1397 589 1487 616 ἑαυτὸν
1515 589 1542 617 ἐκ
1570 594 1619 616 τῶν
1649 589 1751 617 ἀτόπων
1775 590 1972 623 ἀνακαλέσιται,
2007 594 2065 621 τὴν

1251 633 1279 660 ix
1294 633 1470 670 rauiléyxm
1481 635 1613 671 αἰσχύνην
1627 635 1790 672 φοϐούμενος.

1286 681 1312 706 4.
1343 678 1491 706 Εὐπλαστον
1517 679 1562 706 οὖν
1585 681 1623 707 ὅτι
1647 682 1727 706 οὖσαν
1755 682 1800 707 χαὶ
1821 680 1919 709 ἁπαλὴν
1934 683 1984 710 τὴν
1998 681 2063 717 ψυ-

1250 726 1314 760 χὴν,
1343 726 1387 750 καὶ
1409 726 1440 754 ὡς
1469 727 1549 762 κηρὸν
1582 727 1704 759 εὕειχτον,
1734 729 1790 756 ταῖς
1811 729 1860 752 τῶν
1879 725 2062 762 ἐπιϐαλλομέ-

1249 777 1298 794 νων
1335 772 1446 806 μορφαῖς
1479 767 1580 806 ῥᾳδίως
1609 769 1820 806 ὶκτυπουμένην,
1859 772 1924 807 πρὸς
1961 773 2062 798 πᾶσαν

1250 811 1352 848 ἀγαθῶν
1376 814 1490 842 innuis
1517 813 1592 844 εὐθὺς
1614 816 1660 840 καὶ
1689 813 1715 846 ἐξ
1738 813 1826 850 ἀρχῆς
1846 813 1980 851 ἐναγεσθαι
2016 816 2060 850 (4)

365 858 492 886 adfuerit
506 858 592 892 ratio,
604 857 787 893 habitusque
798 856 988 884 discernendi
999 857 1165 891 accesserit,
1177 864 1195 885 ιι
1209 864 1230 893 3

1177 864 1195 885 ﬂ.
1209 864 1230 893 Β
1249 860 1317 894 χρῗν
1347 859 1414 891 ὥστε
1440 862 1486 884 τοῦ
1508 858 1586 894 λόγον
1610 862 1827 896 προσγενομένου,
1858 862 1902 886 καὶ
1926 865 1970 891 τῆς
1985 858 2057 886 δια-

362 903 450 938 jactis
462 902 547 930 initio
563 902 728 933 elementis,
745 901 926 930 etatraditis
946 901 1066 937 pietatis
1089 901 1193 929 formis

365 955 473 976 cursus
487 947 672 978 instituatur,
689 947 802 975 ratione
813 947 843 974 id
856 946 939 982 quod
956 946 1025 974 utile
1041 948 1070 974 et
1089 953 1195 981 sugge-

363 994 457 1025 rente,
472 991 690 1019 oonsuetudine
701 999 771 1019 vero
781 991 952 1018 facilitatem
965 990 1005 1018 ad
1015 993 1094 1018 recte
1103 998 1194 1026 agen-

367 1035 442 1064 dum
456 1036 619 1072 praebente.
634 1037 714 1064 Tunc
728 1038 830 1064 autem
846 1035 1034 1064 admittenda
1048 1038 1093 1063 est
1105 1035 1194 1070 virgi-

364 1080 468 1109 nitatis
492 1081 647 1116 professio,
677 1082 822 1118 tanquam
838 1087 907 1117 quae
920 1080 985 1115 jam
999 1080 1088 1108 ﬁrma
1103 1080 1151 1115 sit,
1167 1081 1195 1106 et

364 1132 434 1160 quis
449 1124 489 1152 ab
500 1125 637 1161 ipsorum
650 1124 798 1152 sententia
809 1131 845 1152 ac
852 1124 968 1159 judicio
987 1123 1196 1160 proﬁciscatur

363 1170 427 1205 jam
443 1170 576 1205 perfecta
588 1171 617 1197 et
631 1169 771 1197 absoluta
784 1169 900 1197 ratione
917 1177 923 1195 :
937 1172 1006 1204 post
1019 1168 1103 1205 quod
1125 1171 1196 1196 tein.

365 1221 423 1251 pus
442 1217 470 1242 et
485 1214 610 1250 prmmia
633 1216 662 1242 et
675 1221 774 1250 pcenaa
789 1213 986 1250 peccantibus
999 1216 1052 1241 aut
1060 1215 1139 1241 recte
1153 1213 1196 1241 fa-

364 1259 514 1287 cientibus
527 1259 567 1287 ab
577 1267 666 1296 aequo
676 1259 778 1294 judice
795 1267 849 1295 pro
862 1266 989 1295 operum
1010 1258 1117 1286 merito
1142 1259 1195 1286 de-

365 1306 539 1332 cernuntur.
554 1306 654 1332 Testes
669 1306 770 1332 autem
792 1304 917 1339 hujusce
941 1303 1089 1340 propositi
1112 1303 1196 1332 adhi-

365 1349 458 1377 bendi
473 1351 542 1376 sunt
553 1349 746 1377 ecclesiarum
759 1348 901 1384 praefecti,
915 1348 1092 1384 utipsorum
1103 1355 1196 1384 opera

366 1396 393 1422 et
400 1395 534 1430 corporis
541 1393 742 1422 sanctimonia
749 1393 838 1421 veluti
845 1401 891 1420 res
897 1393 1041 1430 quaedam
1047 1395 1195 1421 sacraDeo

367 1438 534 1473 dedicetur,
548 1441 577 1467 et
587 1439 676 1466 ﬁrma
693 1439 729 1466 sit
739 1439 804 1466 haec
815 1438 892 1466 actio
908 1446 962 1475 per
976 1439 1193 1466 testimonium.

367 1484 456 1517 Nam,
470 1483 576 1517 inquit,
590 1484 623 1512 in
638 1491 690 1512 ore
699 1484 828 1511 duorum
839 1486 893 1511 aut
902 1484 993 1511 trium
1004 1483 1122 1512 tertium
1137 1485 1195 1511 sla-

368 1528 408 1556 bit
420 1535 505 1556 omne
517 1528 729 1556 verbum".Sic
745 1528 825 1556 enim
837 1531 865 1556 et
876 1528 1002 1556 fratrum
1026 1528 1136 1564 agendi
1150 1535 1196 1556 ra-
1208 1541 1230 1569 ο

367 1572 407 1600 tio
418 1579 473 1600 nec
483 1573 562 1600 male
573 1573 684 1607 audiet,
699 1575 726 1600 et
739 1573 781 1600 eis
792 1573 843 1609 qui
857 1581 889 1601 se
903 1573 984 1609 ipsos
996 1574 1054 1601 Deo
1065 1573 1194 1609 despon-

368 1617 487 1653 derunt,
500 1625 535 1646 ac
548 1618 657 1646 deinde
667 1618 885 1654 professionem
901 1618 1014 1646 irritam
1031 1617 1128 1646 facere
1144 1626 1194 1646 co-

368 1665 489 1696 nantur,
517 1662 601 1690 nulla
627 1663 823 1699 impudentiae
852 1663 971 1691 occasio
998 1662 1193 1699 relinquetur.

369 1707 427 1735 Sed
449 1708 501 1743 qui
524 1707 554 1735 in
580 1708 750 1743 virginitate
776 1707 869 1736 vitam
895 1715 983 1743 agere
999 1715 1060 1735 non
1072 1707 1143 1743 vult,
1159 1708 1193 1741 is,

367 1753 516 1788 tanquam
526 1752 578 1789 qui
593 1761 640 1781 res
650 1753 768 1781 Domini
783 1761 888 1782 curare
901 1760 963 1781 non
974 1752 1081 1787 valeat,
1091 1761 1194 1781 coram

368 1797 476 1825 iisdem
490 1798 614 1826 testibus
625 1798 803 1827 dimittatur.
815 1799 959 1826 Caeterum
975 1798 1027 1834 qui
1042 1797 1196 1834 professus

367 1841 456 1870 fuerit
471 1844 540 1878 post
558 1842 685 1870 multam
694 1843 922 1878 indagationcm
946 1851 981 1871 ac
1005 1842 1196 1871 deliberatio-

368 1895 450 1920 nem,
462 1895 556 1923 quam
567 1887 594 1915 ei
607 1887 695 1915 licere
707 1887 798 1915 debet
813 1888 954 1923 privatim
969 1887 1066 1915 facere
1077 1887 1196 1916 dierum

369 1930 502 1967 plurium
519 1931 628 1967 spatio,
640 1938 678 1958 ne
691 1931 763 1967 quid
780 1939 834 1967 per
847 1935 970 1967 raptum
982 1939 1000 1959 ει
1022 1931 1111 1959 nobis
1133 1931 1196 1960 fleri

368 1975 518 2010 videatur,
530 1976 572 2004 ita
582 1976 707 2004 demum
721 1976 934 2012 suscipiendus
947 1978 1000 2010 est,
1012 1979 1039 2004 et
1052 1977 1128 2004 inter
1137 1976 1195 2005 fra-

369 2022 428 2047 tres
438 2021 698 2053 annumeraudus,
712 2021 852 2049 eamdem
867 2021 1009 2057 deinceps
1027 2023 1055 2049 et
1070 2021 1196 2049 domum

368 2067 397 2092 et
406 2065 528 2093 ditetam
540 2065 702 2093 habiturus
715 2073 785 2093 cum
798 2066 976 2101 majoribus.
988 2066 1045 2093 Sed
1060 2066 1144 2102 quod
1154 2067 1197 2094 di-

1249 906 1368 940 αριτικῆς
1392 902 1466 934 ἕξεως
1492 903 1695 940 προσελθούσης,
1730 902 1827 940 δρόμον
1863 905 1989 941 ὑπάρχειν
2025 904 2057 930 ἐκ

1249 951 1299 974 τῶν
1332 946 1359 979 ἕξ
1375 947 1463 984 ἀρχῆς
1490 951 1640 984 στοιχείων,
1661 957 1706 975 και
1724 958 1774 976 των
1786 947 1987 987 παραδοθέντων
2003 953 2057 980 τῆς

1251 991 1383 1023 εὐσεϐιίας
1396 994 1492 1027 τύπων,
1509 998 1555 1020 τοῦ
1570 995 1615 1030 μὲν
1627 993 1706 1029 λόγου
1721 995 1750 1020 τὸ
1778 996 1912 1030 χρήσιμον
1934 993 2057 1020 ὑποϐάλ-

1249 1036 1346 1071 λοντος,
1364 1041 1409 1063 τοῦ
1430 1036 1460 1064 δὲ
1482 1039 1556 1069 ἔθους
1581 1038 1718 1076 εὐμάρειαν
1750 1041 1812 1076 πρὸς
1841 1040 1871 1065 τὸ
1904 1040 2060 1075 κατορθοῦν

1251 1082 1425 1118 ἐμποιοῦντος.
1445 1085 1508 1109 Τότε
1531 1085 1576 1109 καὶ
1600 1085 1649 1112 τὴν
1675 1083 1814 1120 ὁμολογίαν
1837 1087 1885 1114 τῆς
1908 1085 2060 1120 παρθενίας

1250 1127 1408 1164 προσίεσθαι
1428 1126 1477 1160 δεῖ,
1505 1129 1537 1158 ὡς
1557 1126 1610 1156 ἤδη
1639 1127 1757 1164 βεϐαίαν,
1790 1131 1836 1155 καὶ
1861 1127 1911 1155 ὰπὸ
1944 1131 2060 1165 γνώμης

1250 1171 1347 1202 οἰκείας
1384 1174 1428 1198 καὶ
1465 1174 1574 1209 κρίσεως
1598 1175 1734 1210 γινομένην
1766 1175 1832 1210 μετὰ
1860 1175 1907 1202 τὴν
1928 1177 1976 1200 τοῦ
2008 1173 2060 1200 λο-

1249 1225 1297 1252 γου
1323 1217 1361 1252 (5)
1392 1217 1590 1254 συμπλήρωσιν·
1623 1217 1678 1254 μιθ¹
1705 1219 1732 1244 ὄν
1761 1220 1806 1244 καί
1830 1221 1913 1254 τιμαῖ,
1941 1220 1987 1244 καὶ
2012 1228 2059 1245 τι-

1250 1263 1348 1298 μωρίαι
1374 1266 1428 1294 τοῖς
1455 1262 1660 1299 ἁμαρτάνουσιν,
1690 1263 1705 1293 ἣ
1726 1266 1781 1294 τοῖς
1804 1263 1964 1300 κατορθοῦσι
1980 1265 2059 1301 παρὰ

1249 1309 1295 1332 τοῦ
1320 1304 1425 1333 δικαίου
1452 1310 1542 1344 κριτοῦ
1571 1308 1638 1334 κατὰ
1665 1309 1712 1337 τὴν
1739 1311 1789 1334 τῶν
1816 1309 1895 1344 ἔργων
1918 1307 1992 1338 ἀξίαν
2012 1307 2058 1335 δί-

1251 1348 1342 1377 δονται
1358 1352 1407 1383 (6).
1434 1353 1577 1389 Μάρτυρας
1602 1350 1632 1378 δῦ
1660 1356 1708 1384 τῆς
1722 1355 1829 1388 γνώμης
1841 1354 1904 1384 τοὺς
1918 1357 2056 1389 προεστῶ-

1250 1404 1296 1426 τας
1322 1400 1372 1422 τῶν
1391 1395 1534 1425 ἄκιλησιῶν
1556 1396 1776 1434 παραλαμϐάνειν,
1807 1398 1874 1424 ὥστε
1903 1395 1940 1423 δι’
1966 1397 2054 1424 αὐτῶν

1250 1442 1295 1467 καὶ
1319 1442 1364 1467 τὸν
1385 1440 1515 1478 ἁγιασμόν
1536 1445 1582 1468 τοῦ
1606 1444 1726 1478 σώματος
1739 1446 1824 1479 ῶσπερ
1836 1452 1861 1468 τι
1876 1442 1999 1478 ἀνάθημα
2015 1446 2053 1477 τῷ

1251 1488 1319 1520 Θεῷ,
1334 1486 1520 1522 καθιεροῦσθαι
1548 1487 1585 1521 (7)
1608 1488 1653 1512 καὶ
1682 1485 1825 1522 βεϐαίωσιν
1847 1485 1910 1512 ιίναι
1931 1490 1978 1512 τοῦ
2010 1497 2052 1522 γι-

1249 1531 1354 1566 νομένου
1392 1528 1439 1556 διὰ
1466 1533 1514 1561 τῆς
1550 1533 1705 1568 μαρτυρίας.
1745 1531 1802 1558 Ἐπὶ
1836 1533 1961 1568 στόματος
1983 1532 2048 1568 γάρ,

1249 1577 1326 1611 φησὶ,
1374 1573 1421 1601 δύο
1457 1577 1472 1604 ἣ
1514 1579 1591 1613 τριῶν
1622 1577 1760 1613 μαρτύρων
1799 1576 1962 1605 σταθήσεται
1995 1579 2049 1602 πᾶν

1248 1621 1331 1657 ῥῆμα,
1360 1620 1435 1645 Οὕτω
1467 1619 1517 1656 γάρ
1547 1622 1591 1646 καὶ
1631 1621 1646 1649 ἠ
1676 1619 1779 1650 σπονδὴ
1800 1626 1850 1647 τῶν
1875 1619 1991 1657 ἀδελφῶν
2020 1623 2049 1647 τὸ

1250 1664 1453 1701 ἀωασφὴμητον
1480 1665 1538 1697 ἕξει,
1569 1667 1613 1691 καὶ
1641 1669 1695 1697 τοῖς
1730 1666 1835 1697 ἑαυτοὺς
1870 1665 2051 1702 καθομολογπ-

1251 1711 1372 1746 σαμόνοις
1407 1713 1474 1744 Θεῷ,
1503 1708 1558 1736 εἶτα
1583 1709 1680 1737 ἀθετεῖν
1721 1710 1911 1748 ἐπιχειροῦσιν,
1943 1709 2049 1747 ἀφορμὴ

1249 1756 1315 1791 πρὸς
1338 1754 1528 1791 ἀναισχυντίαν
1556 1754 1610 1790 οὐχ
1631 1755 1859 1792 ὑπολειφθήσεται.
1893 1755 1922 1781 Ὀ
1951 1753 1981 1782 dt
2012 1757 2049 1791 μή

1249 1797 1458 1836 καταδεχόμενος
1485 1801 1529 1826 τὸν
1557 1799 1581 1826 ἐν
1618 1800 1743 1837 παρθενίᾳ
1768 1799 1837 1836 βίον,
1867 1801 1901 1831 ὡς
1917 1799 1946 1826 οὗ
1968 1797 2051 1826 δυνα-

1249 1853 1322 1881 μενος
1354 1847 1478 1881 μεριμνᾴν
1506 1845 1540 1871 τὰ
1575 1848 1622 1870 τοῦ
1661 1847 1769 1881 Κυρίου,
1801 1844 1843 1871 ἐπὶ
1875 1849 1925 1871 τῶν
1967 1844 2052 1878 αὑτῶ,

1250 1890 1388 1926 μαρτύρων
1415 1888 1577 1917 ἀπολυέσθω.
1606 1891 1655 1916 Τὸν
1692 1899 1722 1924 γε
1750 1892 1801 1926 μὴν
1834 1889 2053 1926 καθομολογησάυ

1250 1942 1324 1969 μενον
1353 1934 1390 1969 (8)
1416 1934 1481 1970 μετὰ
1503 1933 1598 1962 πολλὴν
1627 1932 1764 1971 ἀνάκρισιν
1774 1935 1819 1959 καὶ
1843 1933 1990 1969 ἐπίσκηνιν,
2022 1934 2053 1962 ἣν

1251 1977 1276 2004 ἕν
1297 1977 1413 2004 πλείοσιν
1435 1979 1543 2014 ἡμέραις
1562 1977 1705 2016 ἐπιτρέπειν
1731 1978 1801 2014 αὐτῷ
1827 1979 1962 2005 ποιεῖσθαι
1988 1979 2053 2012 καθ,

1252 2022 1342 2049 ἑαυτὸν
1361 2025 1499 2060 προσήκει,
1531 2024 1566 2054 ὡς
1593 2025 1629 2059 μὴ
1661 2021 1737 2054 δόξαι
1759 2032 1784 2049 τι
1807 2023 1866 2049 καθ’
1893 2023 2055 2060 ὑπαρπαγήν

1252 2068 1313 2104 παρ’
1344 2069 1416 2104 ἡμῶν
1436 2069 1565 2103 γίνεσθαι,
1595 2068 1676 2099 οὕτως
1697 2065 1750 2097 ἤδη
1774 2065 1978 2105 παραδέχεσθαι
2000 2066 2055 2101 δεῖ,

369 2117 435 2138 cere
454 2117 510 2138 nos
524 2110 611 2146 fugit,
627 2112 656 2138 et
669 2118 751 2138 nunc
762 2110 873 2139 addere
888 2119 950 2139 non
974 2111 1028 2139 abs
1044 2119 1074 2139 re
1098 2111 1196 2152 fuerit,
1215 2115 1237 2142 ι)

1176 2114 1196 2152 ί,
1215 2115 1298 2142 ι)καὶ
1329 2111 1476 2150 ἐναρίθμιον
1501 2113 1635 2139 ποιεῖσθαι
1671 2116 1702 2148 τῇ
1734 2111 1890 2149 ἀδελφότητι
1923 2114 1972 2148 (9),
2009 2116 2056 2139 καὶ

369 2162 435 2189 nos,
445 2163 522 2192 quos
533 2155 719 2192 quibusdam
730 2156 845 2184 artibus
856 2156 955 2184 statim
967 2164 1085 2192 apuero
1096 2156 1199 2184 danda

370 2206 464 2236 opera
477 2200 525 2232 sit,
539 2200 591 2228 ubi
603 2201 669 2236 jam
683 2201 769 2236 pueri
794 2200 888 2237 aliqui
910 2200 948 2228 ad
972 2209 1023 2228 eas
1038 2200 1199 2229 discendas

369 2244 427 2273 visi
452 2245 562 2274 fuerint
588 2253 654 2273 esse
679 2245 791 2278 idonei,
814 2254 1010 2282 nequaquam
1028 2246 1198 2282 prohibere,

370 2289 536 2326 quominus
545 2298 616 2318 cum
632 2290 705 2318 artis
720 2291 872 2326 magistris
887 2290 1018 2319 interdiu
1044 2293 1199 2319 maneant.

373 2334 430 2362 Sed
441 2337 533 2362 noctu
548 2342 599 2362 eos
610 2335 784 2363 necessario
794 2335 834 2364 ad
853 2335 987 2372 aequales
1010 2343 1082 2363 suos
1106 2338 1202 2363 trans-

408 2425 431 2442 ⁵⁸
442 2425 543 2455 Matth.
557 2433 636 2460 xvui,
653 2428 695 2454 t6.

407 2498 446 2535 (4)
462 2498 563 2527 Codex
578 2498 661 2527 Colb.
679 2498 867 2535 ἀναγαγίσοαι.
886 2499 952 2526 Mox
977 2497 1058 2526 idem
1083 2506 1142 2527 ms.
1163 2500 1202 2525 :5-

375 2534 472 2572 δρομον
504 2535 644 2572 ὑπάρχειν.

409 2569 446 2607 (ὅ)
462 2569 563 2607 Εᾱιιίό
575 2569 664 2598 Basil.
681 2578 766 2606 usque
781 2578 816 2598 ac
830 2569 923 2598 Paris.
941 2571 1008 2596 κατὰ
1024 2572 1067 2599 τὴν
1088 2574 1134 2596 τοῦ
1162 2570 1202 2596 λό-

373 2617 430 2642 γου.
448 2606 542 2634 Editio
556 2607 626 2634 Ven.
643 2608 672 2633 et
687 2610 756 2634 tres.
769 2614 842 2634 mss.
858 2608 923 2642 μετὰ
942 2609 1000 2639 τήν,
1025 2607 1114 2642 recte.
1140 2607 1202 2634 Sta-

373 2643 428 2670 tim
455 2642 541 2670 Colb.
566 2642 621 2678 μεθ’
645 2642 678 2667 ὧν
701 2644 755 2669 καί.
783 2641 837 2670 Alli
849 2641 911 2669 duo
927 2649 999 2670 mss.
1020 2643 1048 2669 et
1063 2641 1132 2669 editi
1145 2642 1201 2678 μεθ’

375 2681 412 2713 ὃν,
426 2682 586 2714 postquam
602 2678 710 2706 emissa
725 2681 768 2706 est
777 2678 933 2712 professio.

410 2711 450 2750 (ὁ)
464 2711 580 2741 Veteres
596 2714 657 2750 duo
681 2714 748 2742 libri
764 2711 839 2742 cuin
862 2715 946 2742 Voss.
971 2711 1200 2741 ἀνταποδίδονται.

579 2749 649 2792 ροὶὴ
665 2754 721 2786 Θεῷ
744 2750 923 2792 {spumae-01:1.

411 2788 449 2822 (8)
475 2786 570 2816 Editio
585 2785 676 2822 Paris,
704 2785 814 2824 pariter
833 2795 869 2817 ac
889 2787 978 2818 Basil.
995 2785 1206 2824 καθομολογησό-

1253 2159 1326 2184 οῖχου
1347 2154 1392 2184 χᾶὶ
1425 2155 1531 2188 διαίτης
1552 2161 1598 2187 τῆς
1623 2156 1703 2188 αὐτῆς
1725 2160 1778 2188 τοῖς
1801 2157 1964 2194 τελειοτέροις
1989 2158 2057 2194 μεθ-

1254 2202 1350 2234 έξοντα,
1377 2201 1410 2228 Ὀ
1435 2200 1464 2229 δι
1492 2201 1633 2239 παρέλαθεν
1649 2203 1717 2238 ἡμᾶς
1732 2202 1819 2234 simi-1,
1837 2200 1899 2228 οὐδε
1913 2205 1958 2228 νῦν
1974 2211 2059 2240 προσ-

1255 2248 1335 2273 θεῖναι
1357 2248 1475 2285 ἄκαιρον,
1501 2248 1541 2273 ὅτι
1564 2245 1610 2273 διὰ
1639 2248 1668 2272 τὸ
1698 2256 1769 2278 τινας
1790 2251 1840 2272 τῶν
1853 2251 1954 2282 τεχνῶν
1982 2247 2059 2277 εὐθὺς

1254 2291 1282 2318 ἔκ
1313 2295 1408 2321 νηπίου
1447 2290 1648 2321 ἐπιτηδεύεσθαι
1679 2289 1743 2325 δεῖν,
1770 2289 1874 2318 ὶπειδὰν
1909 2289 1964 2321 ἤδη
1990 2292 2061 2322 Tui;

1254 2341 1305 2363 τῶν
1343 2335 1447 2364 παίδων
1478 2335 1631 2368 ὶπιτηδείως
1667 2337 1769 2373 ἔχοντες
1792 2341 1892 2373 φανῶσι
1916 2338 1981 2375 πρὸς
2010 2339 2060 2366 τὴν

1255 2510 1340 2538 μενον,
1356 2500 1417 2538 qui;
1420 2499 1636 2538 professionem
1650 2501 1696 2538 est
1705 2498 2063 2538 factm-uaobligaturas

1255 2533 1286 2564 se
1301 2533 1386 2564 vatis.
1401 2533 1494 2563 Editio
1510 2535 1583 2563 Ven.
1599 2538 1628 2563 et
1642 2533 1738 2563 codex
1751 2533 1886 2562 Combef.
1900 2533 1971 2562 cum
1993 2535 2065 2563 aliis

1257 2571 1351 2600 tribus
1360 2571 1648 2607 χαθομολογησάμενον,
1659 2572 1722 2598 Mox
1730 2572 1798 2607 Reg.
1807 2571 1925 2606 primus
1934 2574 1963 2598 et
1975 2571 2064 2598 Voss.

1257 2608 1299 2635 ἐπὶ
1309 2606 1434 2634 πλείοσινζ
1446 2607 1724 2642 Subindeimprcssi
1734 2606 1801 2634 libri
1809 2611 1931 2635 ποιῆσαι.
1942 2607 1980 2634 At
1990 2614 2069 2644 qua-

1258 2646 1326 2672 tuor
1341 2651 1414 2670 mss.
1425 2644 1568 2671 ποιεῖσθαι.

1295 2681 1332 2714 (9)
1354 2679 1471 2706 Veteres
1497 2679 1558 2706 duo
1579 2678 1645 2707 libri
1667 2682 1714 2709 τῆς
1734 2675 1920 2714 ἀδελφότητος.
1945 2677 2067 2706 Ibidem

1260 2715 1351 2743 editio
1373 2714 1459 2742 Basil.
1488 2715 1612 2751 perinde
1642 2716 1673 2742 ut
1697 2714 1790 2742 Paris.
1816 2714 2068 2743 xatioivov.EdittO

1261 2752 1332 2782 Ven.
1349 2752 1378 2779 et
1393 2758 1466 2783 mss.
1479 2758 1540 2785 non
1551 2751 1642 2788 pauci
1651 2752 1696 2776 Ital.
1706 2751 1789 2779 οἰκον.
