2228 3134
83 105 153 131 1009

666 104 732 131 REG
739 103 818 130 [Πλῶ
844 102 969 131 FUSIUS
996 102 1186 131 TRACTATE

1701 102 1769 129 1010

80 165 208 201 μένοντας
236 165 331 195 αὐτοὺς
359 170 394 201 τῷ
419 170 491 201 κακῷ
516 167 561 191 καὶ
594 167 630 201 μὴ
663 164 927 201 καταδεχομὲνουςΛ
946 167 960 192 it

888 175 890 194 ;
904 166 927 193 Δ
946 167 1003 192 tem
1016 164 1183 199 ignominia
1199 163 1299 191 afﬁcit:
1316 163 1360 190 sin
1373 171 1423 190 eos
1434 163 1463 191 in
1478 162 1558 190 malo
1569 170 1768 198 perseverare,

80 211 128 239 τὴν
158 207 306 246 διόρθωσιν
321 208 379 246 ἴδῃ,
395 213 451 240 τοῖς
475 211 508 236 τά
537 214 646 236 τοιαῦτα
678 212 772 247 κρίνείν
794 210 889 240 ἱκανοῖς

79 252 212 285 ἐπιδείξει
231 254 308 289 (93)·
343 256 388 280 καὶ
413 256 478 290 μετὰ
504 257 552 284 τὴν
575 259 625 280 τῶν
644 254 765 281 πλειόνων
793 265 890 292 μαρτυ-

81 301 142 336 ρίαν
158 301 218 325 τότε
244 299 413 335 χωριζέσθω.
431 300 635 336 Χωρισθὴσεται
660 297 689 325 δε
708 299 795 325 οὐκέτι
817 297 889 326 ἀδελ-

81 348 146 380 Ῠῶν,
187 342 253 369 ἀλλά
284 342 431 381 ἀλλοτρίων,
459 347 505 370 τοῦ
531 346 628 381 Κυρίου
661 345 704 369 τὸν
739 343 890 380 ὶπιμένοντα

79 387 116 422 τῷ
153 390 229 422 κακῷ
261 386 353 422 ἔθνιχῷ
381 389 426 413 καὶ
459 387 554 424 τελώνῃ
585 389 777 424 συγκρίνοντος.
803 387 888 414 Ἔστω

79 432 129 468 γάρ
161 440 215 465 σοι,
241 434 332 467 φησὶν,
358 432 370 457 6
396 435 514 462 τοτοῦτος
538 434 625 468 ὥσπερ
655 432 668 457 6
694 431 790 462 ἐθνικὸς
810 434 855 458 καὶ
875 432 888 457 6

79 475 204 506 τελώνης.
231 475 262 502 Εἰ
289 473 319 502 δέ
339 474 387 502 δ’ιά
415 475 485 502 ἰδίαν
515 478 664 512 κουφότητα
691 474 819 511 ἀποπηδᾷ
840 480 887 508 τῆς

82 522 223 556 συναφείας
247 521 302 555 (94)
328 524 378 546 τῶν
401 519 527 557 ἀδελφῶν,
544 522 573 547 τὸ
598 520 692 547 ἑαυτοῦ
715 520 818 551 ἀσθενὲς
843 521 886 547 θε-

81 566 248 602 ραπευσάτω,
271 564 286 594 ἦ
309 567 344 601 μὴ
370 564 586 602 καταδιξάμενος,
612 563 793 602 ἀπρόσδεχτος
819 566 886 591 ἔστω

82 613 138 639 ταῖς
152 607 341 646 ἀδελφότησιν.
367 609 425 637 Ἐἀν
457 608 487 636 δὲ
512 608 558 636 διὰ
583 609 684 639 ἐντολήν
711 614 757 636 τοῦ
786 612 884 647 Κυρίου

89 653 159 684 ἄλλος
186 652 307 690 ἀλλαχοῦ
339 653 453 687 ἕλκηται,
485 653 514 680 οὐ
553 657 715 692 χωρίζονται
750 655 774 681 οἱ
795 659 884 680 τοιοῦ-

87 708 130 730 τοι,
161 697 215 724 ἀλλ’
249 698 398 735 οἰκονομίαν
426 699 582 736 πληροῦσιν,
612 698 707 728 ’Ἄλλην
739 698 769 725 δε
798 699 883 725 αἰτίαν

83 746 221 780 χωρισμοῦ
237 741 354 780 ἀδελφῶν
379 744 391 770 ὁ
417 743 491 780 λόγος
510 744 539 770 οὐ
562 741 757 780 καταδέχεται·
785 748 883 782 πρῆτον

79 790 132 824 μὲν,
149 788 192 814 ὅτι
214 789 244 814 τὸ
266 789 415 824 συναγαγόν
445 789 524 824 ὄνομα
539 789 597 823 (95)
616 792 662 814 τοῦ
688 791 785 825 Κυρίου
810 789 883 825 ἡμῶν

84 835 164 862 Ιησοῦ
191 836 313 869 Χριστοῦ
337 831 512 869 ἀτίμαζε-αι’
540 835 628 859 ἔπειτα
648 831 688 867 (re,
719 832 837 860 ὃτιούδὲ
864 835 880 863 ἡ
897 847 917 874 Β

79 876 237 908 συνείδησις
258 877 368 903 ἑκάστου
394 879 460 914 πρὸς
485 879 528 904 τὸν
552 878 635 915 ἕτερον
663 879 814 915 καθαρεύειν
831 876 881 904 δυ-

77 923 198 954 νήσεται,
225 921 289 948 ἀλλὰ
316 920 353 948 δι’
368 922 486 957 ὑποψίας
510 922 629 953 ἀλλήλοις
657 923 770 950 ἔσονται.
799 926 881 949 Τουτο

78 965 107 994 δὶ
132 966 295 993 ἐναντιοῦται
318 971 406 1003 σαφῶς
434 972 470 1003 τῷ
491 968 677 1005 προστάγματι
703 971 749 993 τοῦ
782 970 880 1006 Κυρίου

78 1012 197 1043 εἰπόντος
219 1022 225 1028 -
257 1011 319 1038 Ἐὰν
347 1013 499 1049 προσφέρῃς
526 1013 556 1038 τὸ
587 1010 670 1049 δῶρόν
697 1022 744 1038 σου
778 1012 819 1038 ἐπὶ
851 1014 880 1038 τὸ

77 1057 338 1095 θυσιαστὴριον,καὶ
362 1056 414 1083 ἐκεῖ
432 1058 562 1094 μνησθῇς,
589 1058 628 1083 ὅτι
655 1057 668 1082 6
693 1055 802 1093 ἀδελφός
833 1067 880 1083 σου

77 1102 135 1137 ἔχει
154 1111 179 1127 τι
195 1102 264 1127 κατά
287 1110 334 1127 σου
350 1111 356 1118 ·
374 1102 435 1138 ἄφες
451 1102 501 1128 ἐκεῖ
521 1103 550 1127 τὸ
570 1100 654 1138 δῶρόν
673 1111 720 1128 σου
735 1103 880 1138 ἔμπροσθεν

75 1150 123 1172 τοῦ
157 1148 362 1184 θυσιαστηρίου,
390 1145 435 1172 nat
463 1147 568 1183 ὕπαγε·
595 1151 697 1186 πρῶτον
721 1145 880 1183 διαλλάγηθι

74 1194 111 1225 τῷ
142 1189 244 1227 ἀδελφῷ
271 1200 329 1224 σου,
345 1192 389 1217 καὶ
420 1192 476 1218 τότε
502 1191 579 1217 ἐλθὼν
603 1193 731 1229 πρόσφερε
746 1193 774 1217 τὸ
795 1190 879 1229 δῶρόν

77 1245 125 1262 σου
130 1256 137 1263 η

359 1292 516 1316 ΕΡΩΤΠΣΙΣ
541 1289 600 1318 Az’.

78 1334 106 1361 Εἰ
134 1332 176 1372 dei
192 1334 323 1372 προφάσει
338 1338 388 1361 τῶν
410 1338 567 1371 προσευχῶν
591 1337 635 1361 καὶ
659 1339 707 1366 τῆς
723 1332 879 1372 ψαλμῳδιας

114 1370 217 1407 ᾁμελεζν
232 1370 282 1396 τῶν
307 1371 395 1407 ἔργων,
412 1372 457 1396 καὶ
473 1374 543 1407 ποῖοι
566 1373 653 1406 καιροὶ
667 1374 713 1400 τῆς
727 1370 879 1407 προσευχῆς

115 1404 272 1438 ἐπιτήδειοι,
290 1404 464 1442 καὶγπρῶτον,
485 1405 507 1432 εἰ
516 1408 571 1442 χρὴ
586 1404 753 1443 ἐργάξεσθαιξ

383 1461 569 1486 ΔΠΟΚΡΙΣῙΣ.

114 1511 134 1535 l.
164 1511 217 1534 Τοῦ
253 1510 350 1545 Κυρίου
380 1508 452 1544 ἡμῶν
482 1507 571 1536 Ἰησοῦ
605 1511 722 1545 Χριστοῦ
752 1508 915 1551 λέγοντος,ϐ

79 1553 178 1586 Ἄξιος,
195 1552 250 1588 οὐχ
265 1551 352 1583 ἅπλῶς
373 1553 491 1586 ἕκαστος,
515 1551 577 1578 οὐδὲ
601 1553 636 1583 ὡς
659 1553 761 1589 ἔτυχεν,
782 1551 835 1578 ἀλλ’
849 1552 879 1578 Ὁ

78 1598 190 1634 ἐργάτης
204 1601 253 1627 τῆς
278 1601 375 1634 τροφῆς
398 1597 478 1623 αὐτου
502 1596 558 1623 ἐστι
574 1605 580 1611 '
604 1599 648 1623 καὶ
661 1607 707 1623 του
729 1596 878 1624 Αποστόλου

77 1642 290 1678 προστάσσοντος
319 1643 412 1676 κοπιᾷν
443 1643 488 1667 καὶ
517 1641 675 1678 ἐργάζεσθαι
707 1642 765 1672 ταῖς
799 1639 880 1672 ἰδίαις

75 1688 155 1722 χερσὶ
181 1687 210 1711 τό
242 1684 349 1720 ἀγαθὸν,
372 1685 413 1711 ἳνα
437 1686 538 1721 ἔχωμεν
565 1686 620 1721 ‘96)
648 1684 821 1722 μεταδιδόναι
845 1690 880 1722 τῷ

77 1733 170 1768 χρείαν
200 1731 298 1765 ἔχοντι,
323 1731 353 1756 τὸ
380 1731 435 1766 μεν,
461 1730 501 1756 ὃτι
529 1732 584 1768 χρὴ
614 1730 770 1768 ἐργάζεσθαι
795 1741 880 1757 σπου-

79 1773 159 1806 δαίως
182 1773 263 1803 δῆλον
288 1775 359 1801 ἐστιν
381 1775 496 1802 αὐτόθεν.
512 1774 549 1801 Οὐ
569 1785 620 1812 γαρ
633 1777 763 1812 πρόφασιν
778 1775 878 1813 ἀργίας,

77 1818 137 1846 οὗδὶ
171 1818 309 1856 ἀποφυγὴν
347 1821 425 1845 πόνου
465 1821 508 1846 τὸν
542 1824 588 1850 τῆς
623 1819 754 1851 εὐσεϐείας
784 1822 880 1846 σκοπὸν

78 1864 201 1899 ἡγεῖσθαι
230 1865 294 1900 χρὴ,
321 1862 386 1889 ἀλλὰ
409 1863 533 1890 ὑπόθεσιν
556 1862 700 1897 ἀθλήσεως,
726 1867 770 1890 καὶ
796 1867 880 1890 πόνων

76 1910 277 1946 περισσοτέρων,
300 1910 345 1934 καὶ
375 1907 508 1944 ὑπομονῆς
522 1912 567 1938 τῆς
583 1908 607 1935 ἰν
628 1908 757 1945 θλίψεσιν,
775 1909 816 1935 ἶνα
835 1913 880 1936 καὶ

78 1953 138 1989 ἡμῖν
167 1952 211 1989 ἐξῇ
241 1952 341 1988 λέγειν·
370 1952 409 1979 Ἐν
435 1954 506 1988 κόπῳ
525 1955 569 1978 καὶ
598 1954 704 1989 μόχθῳ,
727 1954 752 1980 ἐν
781 1953 880 1991 ἀγρυπ-

77 2000 143 2028 νίαις
174 1998 376 2034 περισσοτέρως,
403 1997 427 2023 εν
451 1996 519 2033 λιμῷ
547 1999 591 2024 καὶ
621 1996 716 2033 δίψει·
748 1998 777 2024 οὐ
803 2001 879 2035 μόνον

78 2039 123 2067 διὰ
149 2043 192 2067 τὸν
222 2041 397 2078 ὑπωπιασμόν
418 2051 464 2067 του
488 2043 611 2078 σώματος
633 2045 771 2079 χρησίμου
798 2045 880 2075 οὔσης

80 2086 137 2122 ἡμῖν
164 2086 223 2120 (97)
243 2089 291 2116 τῆς
316 2086 438 2116 τοιαύτης
463 2085 578 2122 ἀγωγῆς,
606 2085 670 2112 ἀλλά
698 2089 743 2112 καὶ
763 2085 809 2113 διὰ
832 2090 879 2117 τὴν

78 2130 112 2161 εἰς
133 2132 177 2156 τὸν
204 2129 315 2159 πλησίον
333 2129 447 2166 ἀγάπην,
463 2130 503 2156 ἵνα
527 2133 571 2156 χαὶ
596 2134 650 2162 τοῖς
674 2129 815 2157 ἀσθενουσι
829 2136 878 2158 τῶν

78 2173 193 2210 ἀδελφῶν
223 2172 259 2200 δι’
282 2175 355 2210 ἡμῶν
384 2175 396 2200 6
422 2176 487 2205 Θεὸς
510 2177 556 2204 τὴν
582 2175 737 2212 αὐτάρκειαν
760 2178 876 2213 παρέχῃ,

77 2220 142 2245 κατὰ
153 2221 196 2246 τὸν
217 2219 241 2244 ἑν
252 2223 309 2249 ταῖς
332 2219 460 2256 Πράξεσιν
475 2220 526 2246 ὑπὸ
549 2229 594 2245 του
620 2220 780 2246 Ἀποστολου
803 2219 878 2247 δεδο-

78 2266 147 2298 μένον
168 2265 249 2290 τύπον
273 2264 342 2296 (98),
369 2263 504 2294 εἰπόντος.
531 2265 619 2290 Πάντα
651 2263 775 2296 ὑπέδειξα
805 2266 876 2302 ὑμῖν,

79 2309 117 2333 ὃτι
134 2309 202 2334 οὕτω
226 2317 372 2338 κοπιωντας
397 2306 439 2334 δεῖ
459 2308 695 2345 ἀντιλαμϐάνεσθαι
724 2319 774 2335 των
801 2309 878 2336 ἀσθε-

80 2353 183 2378 νούντων
200 2363 207 2369 ο
242 2354 286 2378 καὶ
312 2352 410 2378 πάλιν·
444 2352 500 2379 Ἵνα
526 2354 606 2389 ἔχητε
638 2352 812 2390 μεταδιδόναι
840 2359 876 2390 τῷ

944 219 999 239 nec
1013 209 1256 238 emendationem
1273 208 1430 236 admittere
1444 208 1560 241 viderit,
1573 208 1606 235 iis
1620 208 1671 244 qui
1682 208 1718 235 de
1726 215 1770 236 re-

943 255 1001 283 bus
1012 254 1164 290 ejusmodi
1174 253 1311 289 judicare
1322 253 1449 289 possint,
1464 252 1618 288 indicabit,
1631 255 1659 280 et
1670 252 1710 280 ita
1720 251 1770 280 de-

943 308 1028 328 mum
1044 298 1186 328 adhibitis
1203 297 1336 334 plurium
1362 297 1538 325 testimoniis
1562 296 1693 326 secedat.
1703 298 1770 325 .lam

943 347 1045 372 autem
1060 351 1121 371 non
1139 342 1333 379 separabitur
1344 350 1362 369 a
1372 341 1587 375 fratribus,sed
1597 341 1636 369 ab
1652 341 1768 375 alienis,

942 396 1011 416 cum
1033 387 1178 416 Dominus
1204 386 1361 414 hominem
1387 385 1417 413 in
1438 385 1519 413 malo
1540 387 1768 422 permanentem

942 433 1061 460 ethnico
1076 434 1105 460 et
1119 431 1282 468 publicano
1296 431 1460 466 comparet.
1486 430 1542 462 Qui
1554 430 1645 465 enim,
1659 430 1767 466 inquit,

941 477 1088 513 ejusmodi
1096 477 1202 510 est,Sit
1210 475 1265 503 tibi
1272 478 1350 503 sicut
1359 474 1496 502 ethnicus
1506 477 1532 502 et
1541 475 1722 510 publicanus
1731 475 1766 502 ὀ.

941 522 1025 555 Quod
1040 521 1064 549 si
1078 520 1220 549 subducit
1233 528 1265 547 se
1280 527 1298 547 a
1308 519 1435 547 fratrum
1446 519 1597 547 consortio
1608 527 1663 547 sua
1672 519 1767 555 ipsius

938 566 1066 600 levitate,
1090 573 1177 593 suam
1200 564 1405 593 inﬁrmitatem
1425 566 1524 597 curet;
1541 565 1593 592 aut
1607 563 1633 591 si
1650 564 1734 597 nolit,
1748 572 1767 592 a

938 610 1082 638 fratribus
1098 617 1160 638 non
1175 609 1362 638 admittatur.
1390 609 1536 636 Caeterum
1562 608 1587 635 si
1615 608 1691 636 alius
1707 608 1766 636 alio

938 655 1074 683 trahatur
1096 657 1220 690 propter
1244 653 1361 681 Domini
1384 653 1575 684 mandatum,
1601 652 1675 680 tales
1703 660 1766 681 non

938 699 1120 728 submovent
1131 707 1172 735 se,
1189 699 1242 727 sed
1254 705 1380 726 munere
1394 705 1430 725 ac
1445 697 1611 725 ministerio
1629 705 1686 726 suo
1698 697 1765 725 fun-

938 747 1060 779 guntur.
1076 743 1172 772 Aliam
1187 745 1333 780 praeterea
1352 749 1483 777 causam,
1504 741 1544 769 ob
1564 749 1658 778 quam
1680 750 1767 779 sepa-

935 788 1024 817 randi
1035 788 1095 817 sint
1110 787 1309 822 fratres,ratio
1322 794 1383 815 non
1399 786 1542 814 admittit:
1552 787 1685 822 primum
1700 787 1765 823 qui-

936 833 1017 865 dem,
1034 833 1178 869 quoniam
1193 831 1311 860 nomini
1324 830 1444 859 Domini
1455 831 1551 859 nostri
1563 832 1631 858 Jesu
1647 831 1763 865 Christi,

936 878 1019 915 qnod
1041 878 1124 915 ipsos
1146 877 1313 913 conjunxit,
1340 876 1467 904 infertur
1480 875 1626 910 dedecus;
1642 876 1764 909 deinde,

936 923 1081 959 quoniam
1095 922 1334 958 uniuscujusque
1348 920 1533 949 conscientia
1547 928 1619 955 erga
1636 920 1764 949 alterum

935 976 1013 1004 pura
1025 976 1091 996 esse
1107 975 1168 996 non
1188 967 1309 1007 poterit,
1319 966 1373 994 sed
1391 967 1497 994 mutua
1514 965 1615 993 futura
1629 967 1676 994 est
1688 965 1765 994 inter

935 1012 1000 1041 illos
1016 1013 1158 1049 suspicio.
1170 1014 1230 1041 Hoc
1245 1014 1348 1040 autem
1363 1013 1465 1047 aperte
1479 1013 1596 1047 pugnat
1608 1019 1677 1038 cum
1688 1018 1764 1047 prse-

935 1061 1022 1094 cepto
1037 1057 1165 1091 Domini,
1175 1057 1229 1094 qui
1239 1056 1280 1084 ait
1291 1065 1297 1084 :
1310 1057 1345 1084 Si
1353 1056 1442 1091 o/Ters
1451 1063 1561 1083 munus
1572 1058 1654 1083 tuum
1665 1055 1706 1084 ad
1719 1055 1764 1084 al-

935 1105 1010 1136 tare,
1027 1105 1053 1130 et
1069 1103 1113 1130 ibi
1123 1102 1300 1130 recordatus
1320 1101 1415 1137 fueris
1429 1101 1501 1136 quia
1509 1101 1611 1136 frater
1626 1102 1696 1127 tuus
1711 1100 1763 1128 ha-

936 1147 981 1175 bet
995 1147 1115 1183 aliquid
1131 1147 1290 1175 adversum
1305 1149 1343 1179 te,
1355 1146 1491 1181 relinque
1503 1144 1549 1173 ibi
1558 1152 1667 1173 munus
1677 1146 1761 1173 tuum

934 1194 1004 1219 ante
1016 1193 1126 1224 altare,
1141 1194 1168 1218 et
1182 1191 1266 1224 vade,
1276 1191 1365 1225 prius
1383 1190 1582 1218 reconciliare
1592 1190 1689 1225 fratri
1698 1192 1760 1222 tuo,

933 1239 961 1264 et
975 1239 1047 1265 tunc
1062 1237 1182 1264 veniens
1197 1236 1270 1270 offer
1283 1242 1393 1263 manus
1404 1235 1529 1262 tuum“.

1143 1289 1405 1318 INTERROGATIO
1429 1290 1551 1318 XXXVII.

933 1336 981 1365 An
997 1343 1122 1371 precum
1138 1338 1165 1364 et
1179 1335 1355 1370 psalmodiw
1367 1334 1487 1362 obtentu
1497 1337 1525 1363 et
1539 1334 1659 1362 nomine
1668 1342 1760 1369 opera

968 1373 1029 1399 sint
1045 1371 1236 1406 negligenda,
1252 1374 1279 1398 et
1290 1378 1355 1406 qua
1371 1373 1505 1405 tempora
1515 1371 1686 1405 precationi
1699 1370 1761 1398 sint

969 1408 1077 1435 idonea
1090 1416 1096 1435 :
1113 1410 1141 1435 et
1154 1408 1297 1442 primum,
1311 1414 1351 1434 an
1367 1409 1503 1441 oporteat
1517 1407 1649 1441 operari.

1245 1461 1446 1489 RESPONSIO.

970 1509 994 1535 t.
1016 1508 1090 1535 Cum
1115 1506 1254 1534 Dominus
1281 1508 1383 1533 noster
1405 1506 1489 1533 Jesus
1515 1505 1647 1534 Christus
1667 1504 1760 1539 dicat,

932 1553 1050 1587 Dignus
1059 1554 1112 1584 est,
1128 1559 1188 1578 non
1201 1550 1385 1587 simpliciter,
1394 1558 1488 1586 neque
1497 1549 1760 1578 indiscriminatim

933 1596 1070 1632 quilibet,
1084 1596 1136 1623 sed
1150 1595 1314 1630 Operarius
1325 1595 1389 1622 cibo
1398 1602 1450 1622 suo
1460 1595 1500 1622 "z
1516 1594 1677 1630 Apostolus
1689 1601 1760 1622 vero

930 1641 1036 1677 jubeat
1051 1640 1200 1671 laborare,
1211 1640 1387 1675 bonumque
1402 1639 1532 1676 propriis
1543 1639 1684 1667 manibus
1700 1638 1762 1667 efﬁ-

933 1687 1046 1718 cere,nt
1056 1685 1135 1713 unde
1147 1684 1318 1712 tribuamus
1328 1685 1437 1719 egenti,
1447 1684 1534 1720 382
1546 1684 1716 1712 habeamus
1724 1684 1760 1718 9',

933 1730 1091 1765 diligenter
1106 1728 1310 1757 laborandum
1322 1737 1397 1759 esse,
1411 1736 1442 1756 re
1459 1729 1525 1764 ipsa
1544 1728 1646 1764 liquet.
1659 1730 1761 1765 Neque

933 1775 1013 1802 enim
1037 1774 1156 1810 pietatis
1173 1782 1300 1809 scopum
1315 1781 1370 1801 ceu
1390 1773 1523 1808 segnitiei
1538 1775 1717 1809 praetextum
1732 1775 1762 1802 et

933 1819 1046 1847 laboris
1059 1818 1088 1846 fu
1094 1826 1164 1853 gam
1174 1817 1284 1845 ducere
1295 1819 1413 1853 oportet
1426 1826 1432 1845 :
1445 1817 1498 1845 sed
1508 1825 1562 1846 ceu
1576 1818 1760 1852 certaminis,

933 1863 1119 1900 majorisque
1130 1862 1243 1890 laboris
1255 1870 1289 1890 ac
1304 1864 1414 1890 nostra:
1430 1863 1459 1890 in
1471 1861 1761 1890 aﬂllctionibustole—

932 1908 1036 1936 rantia:
1049 1907 1207 1935 materiam
1225 1909 1253 1934 et
1262 1907 1464 1940 occasionem,
1476 1910 1551 1935 utet
1565 1907 1652 1935 nobis
1662 1907 1761 1935 dicere

932 1953 1019 1981 liceat
1031 1962 1037 1981 :
1050 1954 1086 1980 In
1104 1952 1207 1980 labore
1217 1955 1244 1980 et
1264 1960 1412 1986 (erumna,
1425 1953 1456 1980 in
1470 1953 1582 1988 vigiliis
1601 1953 1761 1981 abundan-

934 1998 1043 2032 tius,in
1053 1998 1135 2033 fame
1143 2000 1170 2025 et
1181 1997 1276 2025 siti“.
1292 1997 1409 2034 Quippe
1423 2005 1484 2026 non
1497 1998 1537 2025 ob
1548 1998 1683 2034 corporis
1698 2006 1762 2025 cas-

932 2042 1108 2078 tigationem
1121 2041 1223 2075 modo,
1232 2041 1287 2069 sed
1298 2042 1387 2069 etiam
1399 2044 1524 2078 propter
1532 2042 1707 2070 charitatem
1718 2050 1762 2070 er-

933 2096 972 2122 ga
982 2086 1249 2123 proximum,utilis
1259 2086 1348 2114 nobis
1358 2089 1402 2114 est
1411 2087 1463 2122 huj
1469 2086 1587 2114 usmodi
1597 2087 1665 2115 vita:
1672 2087 1761 2122 ratio,

932 2134 965 2159 ut
975 2135 1003 2159 et
1015 2131 1143 2159 infirmis
1154 2131 1297 2158 fratribus
1308 2139 1362 2166 per
1375 2138 1431 2158 nos
1443 2131 1519 2158 Deus
1531 2131 1701 2167 suppeditet
1711 2139 1761 2159 ne-

932 2176 1076 2210 cessaria,
1088 2175 1176 2211 juxta
1188 2175 1318 2202 formam
1330 2175 1359 2203 in
1371 2175 1450 2203 Actis
1460 2175 1499 2203 ab
1510 2175 1652 2212 Apostolo
1665 2176 1761 2204 tradi-

931 2223 1005 2255 tam,
1025 2228 1095 2248 cum
1115 2219 1177 2247 ait:
1197 2220 1302 2247 Omnia
1318 2220 1436 2248 ostendi
1450 2221 1542 2252 vobis,
1557 2221 1698 2256 quoniam
1719 2222 1762 2250 sic

932 2265 1114 2298 laborantes,
1124 2267 1240 2299 oportet
1251 2265 1402 2298 suscipere
1412 2266 1546 2299 inﬁmos
1553 2266 1587 2294 9'.
1596 2266 1629 2294 Et
1639 2271 1760 2294 rursus:

936 2310 972 2337 Ut
997 2309 1134 2338 habeatis
1155 2309 1236 2337 unde
1263 2309 1405 2337 tribuatis
1431 2311 1576 2345 egenti";
1597 2318 1659 2347 quo
1678 2311 1763 2346 digni

931 2353 1114 2390 judicemur,
1131 2353 1184 2389 qui
1199 2353 1363 2382 audiamus
1380 2363 1386 2382 :
1412 2355 1525 2388 Venite,
1542 2356 1687 2384 benedicti
1704 2356 1763 2384 Pa-

113 2414 354 2454 "7Mrattl1_._xv_m.
368 2417 411 2442 t7.
441 2415 473 2454 ff
491 2415 592 2444 Matth.
608 2424 636 2448 ν,
653 2418 697 2451 23,
713 2416 759 2444 24.
798 2417 823 2435 ⁹¹
836 2416 936 2453 Matth,
949 2425 974 2448 x,
991 2429 993 2434 π

882 2416 936 2453 tth,
949 2425 974 2448 x,
991 2418 1034 2445 10.
1074 2417 1098 2434 νδ
1113 2416 1223 2452 Ephes.
1235 2424 1275 2450 IV,
1286 2418 1331 2445 28.
1371 2417 1395 2435 "
1405 2418 1428 2445 ll
1445 2419 1511 2446 Cor.
1528 2426 1565 2454 ιι,
1585 2420 1630 2446 27.
1659 2419 1683 2437 ⁸⁸
1698 2420 1762 2447 Act.

78 2457 122 2483 xx,
138 2453 186 2479 35.
226 2451 250 2468 ⁹⁶
261 2450 424 2487 Ephes.1v,
440 2452 488 2479 28.

113 2513 169 2548 (93)
188 2514 270 2549 Urius
281 2520 339 2540 ms.
353 2513 450 2544 ἱκανοῖς
463 2511 592 2549 ἐπιδείξῃ.

113 2550 169 2586 (94)
189 2548 268 2586 Editi
286 2551 458 2586 etquatuor
473 2557 547 2586 mss.
564 2548 612 2580 ⁴τῆς
629 2552 790 2586 συμφωνίας,
806 2551 877 2584 Reg.

92 2584 194 2624 trimus
207 2587 236 2611 et
249 2583 348 2611 Coisl.’
355 2584 458 2612 itidem
469 2585 588 2620 primus
600 2589 646 2615 τῆς
659 2583 807 2622 συναφείας,
816 2583 882 2614 mé-

90 2627 147 2647 lUS.

113 2658 167 2692 (95)
188 2654 273 2688 Regii
292 2654 354 2692 dpo
379 2663 454 2692 mss.
476 2657 505 2681 τὸ
531 2657 684 2692 συναγωγὸν
700 2658 790 2692 ὄνομα.
816 2658 882 2684 Mox

80 2690 148 2719 editi
171 2692 286 2728 etBeg.
304 2690 423 2728 _Tertius
439 2689 560 2720 δύναται.
581 2689 792 2728 ΑἸιίίιυὶηᾲυε
807 2700 881 2721 mss.

80 2729 183 2761 praeter
196 2723 283 2754 Voss.
298 2723 362 2761 διινή
368 2735 450 2753 σεται.

113 2762 172 2798 (96)
186 2763 259 2796 Reg.
273 2760 375 2789 tertius
384 2764 413 2790 at
423 2762 494 2791 editi
509 2763 598 2798 ἔχητε,
615 2765 648 2791 ut
664 2763 814 2792 habeatis.
829 2762 884 2792 Alii

935 2514 1075 2551 quinque
1095 2522 1174 2551 mss.
1183 2516 1297 2551 ἔχωμεν.

971 2551 1038 2588 (97)η
1055 2550 1177 2588 Antiqui
1202 2550 1263 2578 dtto
1283 2550 1350 2579 libri
1371 2551 1592 2588 χρησιμευοὺσης
1614 2552 1686 2588 ἡμῖν,
1708 2552 1764 2581 lbi-

936 2586 1098 2627 dem_Reg.
1128 2585 1243 2627 primus
1267 2585 1555 2627 τοιαὺτῇέδιαγωγῆξ..
1576 2585 1689 2627 Rursus
1707 2589 1766 2617 hoc

935 2622 1003 2682 ipso
1013 2621 1046 2664 in
1062 2621 1131 2649 loco
1147 2625 1263 2649 veteres
1280 2622 1342 2650 duo
1365 2622 1432 2649 libri
1448 2621 1517 2650 cum
1534 2624 1620 2651 Voss.
1635 2625 1701 2661 πρὸς
1721 2626 1764 2650 τὸν

935 2667 954 2682 π
972 2666 1055 2682 ησιον.

935 2667 1124 2727 πλῖξὲἵνλίθε.
1141 2693 1259 2729 primus
1284 2694 1313 2720 et
1332 2692 1416 2720 Colb.
1439 2691 1577 2730 δεδομένον
1597 2695 1659 2732 ἡμῖν
1675 2697 1764 2724 τύπον.

938 2727 1039 2756 Codex
1059 2730 1143 2757 Voss.
1160 2726 1371 2757 παραδεδομένον
1385 2728 1475 2757 τύπον.

1137 2749 1143 2757 .
1160 2738 1246 2765 παραυ
1252 2738 1371 2766 εοομενσν
1385 2738 1475 2759 τυπον,

2131 54 2135 72 Ι

2131 76 2135 126 ξ

2130 129 2175 211 ιι

2128 211 2174 251 ἰ.

2128 257 2131 300 ἶ

2127 302 2130 320 l

2126 339 2130 404 Ῐ

2125 571 2128 593 a

2125 600 2128 614 l

2124 676 2127 687 ι

2124 719 2170 735 ,.

2124 738 2171 860 ἔ,

2124 881 2170 899 εί

2124 915 2128 929 1

2123 982 2170 1035 λέ

2124 1055 2169 1090 [η

2123 1175 2170 1220 i:

2124 1233 2170 1259 l:

2162 1560 2169 1667 ἰ

2164 1693 2167 1709 Ι

2164 1717 2167 1728 ι

2164 1826 2168 1855 ἲ

2163 1862 2168 1902 ἔ

2165 2002 2168 2018 Ι

2163 2278 2166 2291 Ι

2161 2419 2163 2430 Α

2112 2468 2162 2506 ⁷ἷ

2115 2511 2160 2559 1Ι

2154 2575 2158 2610 ἱ

2113 2617 2156 2631 vi

2147 2699 2151 2740 ἐ

2144 2762 2148 2778 t
