2228 3134
447 101 514 145 ιονδ

445 210 560 237 tentum
572 215 648 241 esse,
660 207 747 244 eique
760 206 861 234 animo
873 205 965 233 alacri
977 208 1005 232 et
1018 204 1151 231 studioso
1162 204 1275 231 incum—

445 252 526 286 bere,
543 254 571 280 et
594 251 675 280 velut
700 251 759 279 Deo
781 252 961 286 inspectore,
988 248 1118 285 impigro
1134 247 1232 276 studio
1248 249 1276 275 et

446 297 603 325 attentiore
621 296 778 331 diligentia
807 295 882 323 illud
905 293 1056 330 inculpate
1082 300 1231 326 exercere,
1244 293 1277 320 ut

447 349 566 378 semper
585 341 684 368 dicere
701 340 814 378 possit:
830 340 908 367 Ecce
932 339 1008 367 sicut
1029 338 1111 366 oculi
1122 345 1275 366 servorum

446 387 479 414 in
494 386 634 414 manibus
650 386 837 413 dominorum
861 383 1052 416 suorum,ila
1076 383 1158 410 oculi
1179 381 1278 409 nostri

447 431 488 459 ad
497 431 658 458 Dominum
670 430 763 458 Deum
775 432 911 457 nostrum
922 429 945 445 ⁵⁸
959 436 965 455 :
982 435 1044 455 non
1056 429 1157 455 autem
1167 426 1207 454 ab
1217 425 1276 454 alio

447 475 486 503 ad
502 475 583 503 aliud
600 474 738 502 transire.
751 474 809 502 Nec
823 473 903 501 enim
913 474 1021 500 natura
1029 470 1276 507 nostrapluribus

446 519 537 548 simul
553 519 730 547 muneribus
753 518 838 553 fungi
856 520 965 554 potest,
980 517 1110 552 ideoque
1121 523 1214 543 unam
1228 522 1276 543 ar-

447 567 505 592 tem
531 566 670 591 accurate
697 563 837 595 factitare,
854 570 948 599 quam
970 561 1081 590 multas
1103 559 1277 596 imperfecte

448 608 604 644 attingere,
620 607 720 635 utilius
745 610 800 636 est.
816 607 930 635 Etenim
955 606 980 634 si
996 605 1166 633 distrahant
1178 604 1276 640 plura,

447 654 475 680 et
490 660 527 680 ex
541 652 599 680 alio
619 652 659 680 ad
676 651 757 680 aliud
774 654 975 684 transeamus,
991 647 1278 687 praeterquamquod

448 697 565 725 nullum
579 705 656 734 opus
673 696 849 729 absolvitur,
863 695 933 724 inde
949 696 1038 723 etiam
1055 695 1148 722 animi
1162 693 1277 728 levitas,

448 742 472 770 si
494 741 557 777 jam
573 741 660 776 inest,
675 741 878 776 redarguitur,
895 743 947 768 aut
974 740 998 767 si
1018 739 1156 767 nondum
1180 737 1276 772 fuerit,

447 786 650 822 ingeneratur.
663 785 749 818 Quod
766 786 790 813 si
806 785 846 812 ita
859 783 1023 821 aliquando
1038 782 1201 811 necessitas
1212 790 1278 818 pos-

447 830 531 864 tulet,
548 838 602 866 par
625 833 669 858 est
684 839 752 858 cum
766 829 818 867 qui
839 829 897 857 ido:
911 837 964 857 eus
974 831 1028 859 est,
1043 828 1109 856 aliis
1125 828 1216 855 etiam
1231 834 1278 854 ar-

448 874 529 903 tibus
545 875 700 911 suppetias
715 875 834 902 venire:
851 881 949 910 neque
959 872 990 901 id
1003 881 1021 901 a
1041 872 1215 908 semetipso,
1226 871 1279 899 sed

447 919 473 947 si
488 919 612 956 quando
622 918 766 948 invitatus
777 919 823 952 sit,
840 918 881 946 sic
894 921 926 946 ut
935 918 964 946 id
976 925 1173 954 nequaquam
1189 916 1278 952 388

448 963 595 992 faciamus
605 966 708 992 nostro
722 963 817 1000 primo
831 963 965 996 consilio,
980 963 1033 990 sed
1048 970 1122 990 casu
1143 961 1277 998 quodam

449 1011 584 1043 urgente,
601 1008 861 1044 quemadmodum
873 1010 901 1036 et
924 1008 954 1035 in
975 1006 1110 1043 corporis
1135 1005 1279 1034 membris

449 1052 491 1086 ﬁt,
508 1053 643 1090 quando,
661 1053 808 1081 titubante
824 1052 911 1090 pede,
936 1060 1030 1080 manu
1054 1051 1219 1080 innitimur.
1246 1051 1280 1078 Et

449 1105 564 1130 rursus,
587 1097 848 1134 quemadmodum
868 1105 886 1125 a
908 1096 1009 1133 seipso
1035 1099 1131 1124 artem
1155 1094 1279 1130 aggredi

449 1141 696 1170 detrimentosum
710 1144 755 1170 est
771 1150 777 1170 :
804 1142 846 1169 sic
875 1141 1041 1169 detrectare
1063 1140 1222 1177 imperata,
1236 1139 1278 1167 di-

452 1193 546 1221 gnum
563 1188 606 1214 est
618 1185 861 1222 reprehensione:
878 1186 961 1222 quod
976 1185 1080 1221 ﬁat,ne
1090 1185 1188 1213 alatur
1199 1192 1279 1212 arro-

449 1231 560 1268 gantiae
581 1231 706 1259 vitium:
729 1239 805 1259 neve
826 1230 1006 1259 obedientiaa
1021 1230 1219 1258 etdocilitatis
1233 1237 1279 1257 re-

449 1275 521 1310 gula.
545 1275 738 1303 dissolvatur.
763 1276 910 1304 Caeterum
921 1275 1192 1303 instrumentorum
1208 1282 1281 1302 cura

449 1319 602 1356 praecipue
617 1319 656 1347 ad
668 1319 817 1356 cujusque
830 1320 901 1347 artis
913 1318 1054 1356 opiﬁcem
1064 1319 1176 1347 attinet.
1193 1317 1280 1352 Quod

451 1364 474 1392 si
491 1364 566 1391 forte
582 1363 747 1401 aliquando
762 1364 930 1399 contigerit,
946 1366 978 1391 ut
1002 1363 1125 1400 aliquod
1146 1363 1280 1399 negliga-

450 1411 508 1444 tur,
521 1417 558 1437 ea
581 1417 628 1436 res
645 1411 792 1445 tanquam
807 1417 876 1445 quas
891 1409 1029 1436 omnium
1044 1409 1214 1436 communis
1231 1408 1279 1442 sit,

450 1455 492 1483 ita
508 1453 698 1482 convenienti
712 1453 806 1482 modo
821 1453 860 1481 ab
882 1454 918 1481 iis
941 1453 1039 1481 curari
1063 1453 1153 1482 debet
1174 1453 1226 1489 qui
1249 1451 1280 1480 id

450 1499 540 1536 primi
569 1499 847 1527 animadverterint.
877 1498 936 1527 Etsi
954 1498 1035 1526 enim
1054 1498 1190 1537 ipsorum
1206 1506 1280 1525 usus

450 1542 655 1580 quorumdam
677 1543 716 1571 sit
731 1543 891 1580 proprius:
909 1546 1009 1571 tamen
1022 1551 1090 1579 quae
1106 1551 1142 1570 ex
1156 1542 1202 1570 his
1217 1550 1281 1579 per-

451 1587 560 1623 cipitur
573 1587 695 1623 utilitas,
713 1587 884 1616 communis
900 1591 954 1615 est.
980 1588 1177 1616 Contemnere
1200 1587 1281 1615 enim

451 1632 573 1660 alterius
588 1633 660 1660 artis
675 1633 885 1667 instrumenta,
898 1631 991 1660 veluti
1010 1632 1083 1660 nihil
1099 1632 1138 1660 ad
1151 1640 1182 1660 se
1198 1639 1282 1668 spec-

451 1676 556 1711 tantia,
581 1677 647 1713 ejus
671 1680 728 1711 est,
740 1676 793 1713 qui
815 1685 850 1705 ea
872 1685 927 1713 pro
949 1676 1054 1705 alienis
1066 1676 1166 1704 habet.
1181 1678 1282 1713 Neque

451 1729 523 1749 vero
534 1729 585 1750 eos
595 1721 648 1758 qui
660 1724 738 1750 artes
750 1724 887 1756 tractant,
900 1722 986 1749 decet
994 1721 1051 1749 sibi
1061 1721 1215 1749 vindicare
1224 1722 1282 1749 ins-

452 1768 672 1794 trumentorum
688 1766 869 1799 dominium,
885 1766 926 1794 ita
942 1772 973 1794 ut
988 1769 1040 1793 aut
1063 1765 1189 1794 fratrum
1210 1774 1283 1802 pree-

452 1809 529 1838 fecto
543 1813 722 1847 potestatem
747 1819 808 1839 non
831 1810 944 1839 faciant
959 1810 1006 1838 his
1021 1811 1129 1838 utendi.
1137 1811 1175 1838 ad
1190 1819 1284 1847 quam

452 1854 516 1891 ipse
532 1863 656 1892 cunque
679 1864 743 1884 rem
767 1855 846 1889 velit,
862 1858 913 1891 aut
937 1855 995 1883 sibi
1021 1855 1095 1892 ipsis
1115 1855 1284 1883 libertatem

452 1899 525 1927 dent
543 1908 579 1928 ea
598 1899 761 1936 vendendi,
773 1903 826 1928 aut
847 1899 1052 1936 permutandi,
1069 1903 1122 1928 aut
1138 1900 1197 1928 alio
1212 1908 1284 1936 quo-

453 1944 497 1971 vis
507 1944 600 1972 modo
613 1944 765 1979 tradendi,
778 1947 830 1972 aut
842 1944 911 1978 alia,
919 1946 1026 1980 printer
1037 1953 1072 1972 ea
1083 1953 1150 1980 quae
1161 1944 1284 1982 habent,

453 1989 664 2024 comparandi.
693 1989 749 2022 Qui
776 1989 856 2017 enim
883 1989 976 2017 semel
1001 1990 1042 2017 ita
1067 1989 1178 2023 statuit,
1195 1998 1226 2017 se
1247 1998 1285 2018 ne

454 2041 579 2061 suarum
593 2033 717 2070 quidem
732 2042 879 2062 manuum
896 2034 1053 2062 dominum
1075 2041 1152 2069 esse,
1167 2034 1220 2062 sed
1233 2034 1286 2071 qui

1136 99 1165 127 S.
1187 99 1311 127 BASILII
1329 99 1448 127 ΜΔΟΝΙ.

481 166 507 194 2.
530 165 675 192 Caeterum
689 169 938 199 unumquemque
949 159 1156 197 oportetoperi
1167 167 1222 186 suo
1232 159 1274 186 in<
1294 161 1316 187 Λ

2062 95 2131 124 1024

1367 161 1394 186 2.
1414 158 1542 184 Ἐκαστον
1571 159 1656 194 μέντοι
1682 167 1737 194 χρη
1761 160 1792 192 τῇ
1824 154 1880 192 ἰδίᾳ
1907 156 2018 194 ἐργασίᾳ
2040 166 2132 192 προσ-

1331 206 1411 239 έχειν,
1439 206 1484 228 καὶ
1509 204 1604 232 ταύτης
1631 201 1824 238 ἐπιθυμητικῶς
1848 203 2001 238 φροντίζειν,
2022 204 2068 226 καὶ
2095 202 2134 232 ὡς

1331 251 1398 274 Θεοῦ
1434 246 1586 284 ἐφορῶντος,
1621 246 1646 273 ἐν
1676 244 1779 282 σπουδῇ
1811 247 1894 282 ἀόκνῳ
1927 248 1972 271 καὶ
1997 245 2134 281 ἐπιμελείᾳ

1331 294 1530 329 προσεχεστέρᾳ
1544 291 1683 328 ἀμέμπτως
1701 293 1797 319 ταύτην
1812 291 1870 325 (44)
1893 289 2071 328 ἀποπληροῦν,
2089 291 2135 316 ἱνα

1330 339 1380 373 ἔχη
1406 337 1556 374 παρρησίαν
1584 336 1665 372 λέγειν
1693 336 1734 362 ἀεὶ
1768 337 1808 361 1'6-
1839 333 1909 362 Ἰδοὺ
1937 336 1971 366 ὡς
2000 334 2136 372 οφθαλμοὶ

1331 379 1431 408 δούλων
1459 381 1496 411 εἰς
1528 384 1621 417 χεῖρας
1649 384 1700 406 τῶν
1734 382 1831 417 κυρίων
1862 379 1956 410 αὐτῶν,
1983 380 2066 410 οὕτως
2107 381 2136 406 οἱ

1331 425 1459 462 ὀφθαλμοὶ
1485 426 1557 462 ἡμῶν
1585 427 1652 462 πρὸς
1687 426 1782 461 Κύριον
1809 425 1854 451 τὸν
1883 426 1948 450 Θεὸν
1973 425 2056 460 ἡμῶν·
2084 427 2137 450 καὶ

1331 473 1367 507 μὴ
1392 470 1482 496 ἄλλοτε
1497 470 1532 501 εἰς
1553 469 1615 496 ἄλλο
1630 467 1770 504 ὰποπηδᾴν
1787 470 1852 504 (45).
1868 467 1938 495 Οὐδὲ
1952 471 2002 506 γὰρ
2018 470 2033 499 ἠ
2051 471 2137 506 φύσις

1331 517 1404 552 ἡμῶν
1433 514 1514 541 πολλὰ
1541 515 1606 551 ὁμοῦ
1621 515 1763 552 κατορθοῦν
1790 513 1987 551 ἐπιτηδεύματα
2006 512 2135 540 δύναται·

1331 562 1376 586 καὶ
1399 561 1428 585 τὸ
1452 562 1514 596 μίαν
1539 559 1682 595 φιλοπόνως
1708 558 1814 585 ἐκτελεῖν
1838 562 1883 585 τοῦ
1911 559 2009 585 πολλῶν
2038 558 2138 590 ἀτελῶς

1333 604 1493 642 ἐφάπτεσθαι
1503 606 1715 642 χρησιμώτερον,
1731 603 1760 630 Ὀ
1771 605 1821 642 γὰρ
1847 604 1882 635 si;
1908 604 1961 639 (46)
1972 603 2078 630 πλείονα
2086 613 2138 640 με·

1331 651 1438 687 ρισμὸς,
1451 651 1495 674 καὶ
1507 649 1521 678 ἡ
1538 648 1628 675 ἄλλοτε
1643 648 1682 675 ἱπ¹
1694 647 1757 675 ἄλλο
1766 648 1908 685 μετάϐασις
1922 649 1987 686 πρὸς
1999 650 2028 674 τὸ
2048 646 2137 685 μηδὲν

1332 694 1443 721 τελειοῦν
1468 697 1518 720 τῶν
1543 695 1633 731 ἔργων,
1658 694 1697 720 ἔτι
1720 696 1765 720 καὶ
1787 694 1867 724 ἤθους
1895 692 2017 730 ἰλαφρίαν
2032 695 2047 722 ἧ
2064 703 2136 731 προ-

1333 739 1509 775 ϋπάρχουσαν
1534 737 1645 774 ἆλέγχει,
1662 738 1676 767 ἡ
1709 738 1804 775 καὶμὴ
1832 734 1912 763 οὖσαν
1937 737 2045 774 ἐμποιεῖ.
2073 738 2137 764 Ἐὰν

1334 782 1364 810 δέ
1393 793 1454 810 ποτε
1492 785 1572 820 χρεία
1601 782 1746 819 καταλάϐῃ,
1787 782 1933 811 ἑπιϐοηθιῐν
1965 785 2007 808 καὶ
2039 782 2138 814 ἄλλαις

1298 837 1318 866 Β
1332 831 1436 865 τέχναις
1461 830 1504 854 τὸν
1530 825 1682 858 ἐπιτηδείως
1706 828 1801 863 ἔχοντα
1821 826 1970 854 ἀκόλουθον,
1995 829 2043 853 Καὶ
2065 825 2136 853 οὐδὲ

1333 877 1409 900 τοῦτο
1438 873 1482 909 ἀφ’
1517 872 1619 899 ἑαυτοῦ⁸
1650 871 1705 898 ἀλλ’
1734 873 1756 897 ιῖ
1787 881 1850 898 ποτε
1882 871 2070 908 προσκληθείη,
2101 871 2135 897 οὐ

1332 919 1532 956 προηγουμένως
1568 918 1640 953 ἡμῶν
1672 917 1813 942 ποιούντων
1848 920 1934 949 τοῦτο,
1972 915 2038 942 ἀλλά
2063 917 2136 942 κατὰ

1333 965 1498 1000 περίστασιν·
1526 964 1561 993 ὡς
1585 963 1630 987 καὶ
1657 961 1769 987 ἐπὶτῶν
1802 960 1883 996 μελῶν
1918 964 1965 987 τοῦ
1999 963 2132 997 σώματος²

1333 1008 1404 1042 ὅταν,
1432 1006 1591 1038 ὀκλάσαντος
1608 1009 1653 1033 τοῦ
1672 1005 1765 1038 ποδὸς,
1783 1005 2014 1042 ἐπιστηριζὼμεθα
2028 1009 2058 1042 τῇ
2075 1015 2136 1041 χει-

1332 1053 1368 1089 ρί.
1398 1054 1447 1078 Καὶ.
1470 1051 1557 1085 πάλιν,
1581 1052 1668 1087 ὥσπερ
1688 1052 1717 1077 τὸ
1737 1050 1780 1086 ἂφ¹
1808 1050 1898 1076 ἑαυτοῦ
1920 1049 1976 1085 (47)
2000 1049 2135 1085 ἑπιπηὸᾁν

1333 1095 1494 1133 ἀσύμφορον,
1524 1095 1592 1122 οὕτω
1618 1097 1647 1121 τὸ
1680 1095 1848 1132 προσταχθῆ
1870 1097 1906 1132 μὴ
1932 1093 2135 1131 καταδέχεσθαι

1332 1143 1494 1179 κατηγορίας
1509 1140 1592 1173 ἄξιον,
1617 1141 1658 1166 ἵνα
1682 1142 1746 1177 μήτε
1777 1140 1858 1170 πάθος
1893 1138 2037 1171 αὖθαδεὶας
2074 1142 2135 1176 τρί-

1333 1195 1413 1222 φηται
1428 1186 1496 1221 (48),
1515 1188 1582 1222 μήτε
1606 1186 1618 1211 ὁ
1639 1188 1685 1216 τῆς
1713 1185 1832 1216 ὑπακοῆς
1846 1186 1891 1211 καὶ
1911 1184 2055 1216 εὐπειθείας
2077 1184 2136 1221 ὅρος

1334 1228 1485 1258 διαλύηται.
1509 1232 1560 1256 Καὶ
1586 1230 1601 1259 ἠ
1626 1233 1675 1256 τῶν
1702 1228 1838 1266 ἐργαλείων
1865 1227 1894 1256 δὴ
1916 1232 2020 1266 φροντὶς
2045 1227 2136 1265 διαφέ-

1333 1284 1372 1312 ρει
1395 1276 1440 1311 μεν
1462 1275 1661 1311 προηγουμένως
1684 1277 1721 1309 τῷ
1755 1273 1867 1305 ἑκάστης
1896 1273 2019 1312 ἐργασίας
2046 1283 2137 1309 τεχνι-

1333 1330 1376 1357 τῃ·
1409 1319 1450 1345 ἑὰν
1472 1317 1501 1345 δὲ
1529 1319 1582 1356 ἄρα
1613 1319 1675 1345 ποτὶ
1694 1319 1861 1355 παροφθῆναι
1890 1318 2008 1354 συμϐαίη
2037 1328 2074 1353 τι,
2101 1321 2136 1350 ὡς

1333 1366 1418 1390 κοινὸν
1437 1365 1538 1390 πάντων
1565 1368 1664 1400 κτῆμα,
1692 1363 1758 1390 οὕτω
1783 1367 1831 1395 τῆς
1858 1365 2048 1400 προσηκούσης
2071 1374 2123 1401 προ

1333 1411 1404 1440 νοίας
1433 1407 1565 1448 ὰξιούσθω
1595 1409 1647 1434 ὑπὸ
1678 1412 1727 1434 τῶν
1760 1411 1869 1446 πρώτως
1902 1409 2076 1445 Θεασαμένων.
2105 1408 2135 1435 Εἰ

1333 1455 1383 1490 γὰρ
1403 1455 1448 1479 καὶ
1470 1454 1486 1482 ἠ
1511 1457 1613 1490 χρῆσις
1637 1452 1722 1478 αὐτῶν
1746 1450 1899 1487 ἰδιάζουσαι,
1920 1451 1983 1478 ἀλλὰ
1999 1454 2029 1478 τὸ
2046 1451 2070 1483 ἑξ
2086 1452 2134 1479 αὖ-

1334 1502 1383 1524 τῶν
1408 1500 1542 1535 χρήσιμον
1570 1499 1666 1525 κοινόν.
1688 1498 1723 1524 Τὸ
1742 1498 1792 1534 γὰρ
1810 1498 1844 1528 ὡς
1859 1495 1935 1523 οὐδὲν
1948 1499 2134 1534 προσηκόντων

1333 1547 1384 1569 τῶν
1411 1543 1438 1569 ἐκ
1464 1546 1512 1573 τῆς
1527 1541 1605 1573 οἰλλης
1631 1543 1728 1578 τέχνης
1758 1546 1926 1579 καταφρονεῖν
1941 1540 2133 1580 ἀλλοτριώσεως

1335 1585 1469 1619 ἀπόδειξιν
1489 1588 1555 1623 ἔχει.
1576 1586 1614 1613 οὐ
1634 1589 1685 1623 μὴν
1705 1585 1767 1613 οὐδὲ
1790 1588 1852 1618 τοὺς
1869 1587 2135 1624 μεταχειριζομένους

1334 1633 1379 1662 τὰς
1393 1634 1489 1668 τέχνας
1511 1630 1665 1658 δεσποτείαν
1690 1630 1802 1657 ἑκδικιῖν
1823 1635 1874 1657 τῶν
1893 1631 2030 1668 έργαλιίων
2051 1641 2136 1669 προσ-

1336 1679 1449 1711 ἡχιι,ὡς
1477 1676 1491 1706 ἦ
1520 1680 1556 1712 τῷ
1582 1680 1730 1714 προεστῶτι
1753 1681 1799 1706 τῆς
1819 1674 1993 1712 ἁδελφότητος
2015 1678 2052 1712 μὴ
2069 1686 2138 1712 συγ-

1335 1726 1433 1759 χωρεῖν
1455 1721 1541 1751 αὖτοῖς
1568 1721 1719 1758 κεχρῆσθαι
1737 1722 1803 1758 πρὸς
1827 1721 1888 1757 ὅπερ
1904 1720 1934 1746 ἃν
1950 1720 2021 1758 θέλῃ,
2038 1721 2053 1750 ἦ
2076 1721 2138 1747 εαυ-

1336 1771 1391 1798 τοῖς
1418 1767 1560 1805 ἐπιτρέπειν
1587 1765 1678 1792 πωλεῖν
1707 1766 1775 1792 αὐτὰ
1801 1767 1815 1795 ἦ
1843 1764 1998 1803 διαμείϐιιν,
2027 1766 2042 1796 ἦ
2068 1768 2139 1793 κατὰ

1338 1812 1413 1838 οὒλον
1446 1812 1504 1837 τινὰ
1532 1813 1627 1848 τρόπον
1658 1811 1808 1848 προίεσθαι·
1825 1811 1840 1840 ἦ
1873 1813 1918 1836 καὶ
1949 1812 2139 1848 προσκτᾶσθαι

1337 1860 1391 1887 τοῖς
1419 1854 1492 1882 οὖσιν
1508 1856 1591 1892 inpar
1622 1855 1634 1880 ὁ
1658 1856 1709 1892 γὰρ
1725 1854 1796 1886 οἶπαξ
1817 1857 1907 1892 κρίνας
1926 1853 1994 1891 μηδὶ
2009 1859 2059 1881 τῶν
2075 1865 2139 1892 χειν

1337 1906 1389 1939 ρῶν
1416 1899 1480 1926 εἶναι
1507 1904 1556 1925 τῶν
1584 1899 1676 1925 ἑαυτοῦ
1698 1901 1795 1937 κύριος,
1821 1898 1873 1925 ἀλλ’
1899 1899 1974 1936 ἑτέρῳ
2002 1901 2050 1929 τὴν
2073 1899 2141 1937 bip-

1338 1956 1410 1983 7naw
1425 1945 1508 1971 αὐτῶν
1544 1945 1685 1981 οἰκονομεῖν
1715 1945 1862 1983 ἐπιτρίψας,
1885 1949 1940 1975 πῶς
1963 1944 1992 1970 ἂν
2017 1944 2029 1970 ὀ
2053 1950 2140 1972 τοιοῡ.

1338 2001 1380 2021 τος
1409 1989 1539 2015 ἀκόλουθα
1565 1990 1692 2025 πράσσοι,
1719 1993 1772 2019 τοῖς
1798 1989 1940 2026 ἑργαλιὶοις
1967 1993 2012 2019 τῆς
2041 1992 2141 2026 τέχνης

1339 2035 1504 2068 ἑναυΘεντῶν,
1550 2035 1595 2060 καῖ
1635 2031 1784 2064 δεσποτείας
1812 2033 1942 2070 ἀξιώματι
1979 2033 2019 2059 ἐπ’
2052 2035 2140 2061 αὐτῶν

454 2079 554 2116 potius
574 2086 668 2115 opera
689 2079 773 2107 alteri
801 2079 934 2114 regenda
954 2079 1114 2114 commisit,
1129 2081 1286 2116 quomodo
1300 2081 1321 2108 Ι)

637 2087 668 2106 ra
689 2079 773 2107 alteri
801 2079 934 2114 regenda
954 2079 1114 2114 commisit,
1129 2081 1286 2116 quomodo
1300 2081 1321 2108 Ι)
1338 2081 1517 2117 κεχρημένοςῖ

455 2123 669 2152 convenienter
683 2131 738 2151 suo
754 2124 887 2152 instituto
903 2123 991 2152 faciet
1005 2124 1056 2160 qui
1085 2124 1234 2160 ejusmodi
1247 2127 1300 2159 est,
1318 2125 1343 2153 si
1366 2132 1521 2152 summum
1533 2123 1581 2159 jus
1598 2122 1734 2151 obtineat
1746 2124 1777 2151 in
1796 2123 1869 2152 artis
1882 2123 2096 2156 instrumenta.
2114 2126 2142 2153 et

455 2169 485 2197 in
500 2168 547 2196 his
566 2168 692 2197 dominii
704 2168 882 2203 dignitatem
898 2172 1022 2205 usurpet
1036 2169 1050 2197 ?

696 2213 953 2241 lNTERROGATlO
974 2213 1040 2241 XLII

511 2257 573 2291 Quo
588 2258 712 2286 ccnsilio
726 2261 754 2286 et
770 2265 827 2293 quo
843 2258 944 2285 animo
964 2258 987 2285 ii
1005 2258 1058 2293 qui
1077 2258 1229 2291 laborant,

720 2302 860 2330 laborare
875 2302 1014 2330 debeant.

769 2346 972 2374 RESPONSIO.

494 2393 518 2418 l.
539 2392 634 2426 Atque
655 2390 728 2418 illud
742 2393 832 2418 etiam
852 2398 942 2418 nosse
962 2399 1061 2427 operae
1077 2392 1207 2428 pretium
1231 2393 1285 2432 est,

493 2467 517 2484 ’θ
537 2465 616 2493 Psal.
632 2473 719 2498 cxxu,
732 2467 760 2493 2.

453 2533 648 2576 λίγοντοςμῑτι.
679 2531 734 2560 ΛΙἱὶ
758 2539 833 2560 mss.
868 2535 896 2561 et
925 2533 996 2561 editi
1025 2533 1188 2564 ἐπαινοῦντός
1204 2542 1286 2568 τινας,

459 2579 551 2640 οτῖῌι)
567 2604 628 2640 Vox
640 2605 738 2632 ταύτην
756 2603 858 2640 addita
872 2606 965 2640 estex
983 2604 1164 2632 Colbertino.

494 2638 551 2673 (45,
567 2638 650 2676 Idem
666 2648 723 2676 ins.
739 2639 800 2676 ἄλλο
814 2638 979 2676 μεταπηδᾲν.

465 2710 472 2720 ν
495 2677 556 2736 54%)
570 2675 651 2702 Idem
666 2674 743 2703 liber
767 2675 795 2701 '0
810 2674 861 2713 έγὰρ
883 2676 933 2702 ἐπὶ.
947 2674 1019 2703 Mox
1040 2675 1089 2703 hic
1113 2675 1177 2712 ipse
1193 2675 1288 2704 codex

465 2721 494 2736 ιπ
516 2720 532 2736 α
550 2718 593 2736 Aw.

463 2720 669 2782 “(Eiqi‘iditio
684 2746 771 2774 Basll.
786 2746 911 2787 perinde
922 2748 954 2775 ut
970 2746 1061 2774 Paris.
1078 2748 1107 2772 τὸ
1121 2747 1164 2783 ἀφ’
1185 2747 1289 2784 ἑαυτοῡτ

1619 2215 1775 2238 ΕΡΩΤΗΣΙΣ
1795 2211 1857 2239 Μῐί.

1340 2260 1409 2294 Ποίῳ
1430 2261 1519 2292 σκοπῷ
1544 2259 1589 2283 καὶ
1613 2259 1675 2292 ποίᾳ
1697 2255 1814 2282 διαθίσιι
1843 2257 2002 2294 ἐργάζεσθαι
2024 2255 2067 2284 δεῖ
2081 2260 2140 2289 τοὺς

1644 2300 1840 2338 ἐργαζομένους.

1649 2348 1835 2373 ΑΠΟΚΡΙΣῘΣ.

1379 2394 1402 2420 Ι,
1424 2391 1519 2418 Ἐκεῖνο
1543 2392 1630 2428 μέντοι
1655 2389 1751 2417 ιὶδέναι
1769 2393 1837 2428 χρὴ,
1857 2391 1898 2417 ὅτι
1916 2391 1930 2417 ὁ
1959 2390 2139 2428 ἐργαζόμενος,

1343 2533 1437 2561 Editio
1450 2533 1566 2570 Veniet
1581 2533 1652 2570 Reg.
1670 2531 1915 2570 tertius_ré__iau-r§:,
1931 2533 2039 2570 eadem
2052 2533 2142 2570 plane

1343 2569 1506 2606 sententia.
1523 2569 1583 2603 Reg
1599 2569 1716 2605 primus
1727 2571 1755 2595 et
1769 2567 1951 2606 egissem
1964 2567 2141 2606 signasse,

1343 2605 1426 2639 ἐαυτῷ
1442 2604 1607 2641 ἁσύμφορρνέ
1615 2612 1706 2632 sensu
1718 2611 1779 2631 non
1795 2604 1941 2632 dissimilil
1960 2604 2077 2633 Ibidem
2093 2613 2143 2633 an-

1343 2640 1417 2676 tiqui
1429 2643 1488 2667 tres
1502 2640 1569 2667 libri
1585 2642 1693 2676 praeter
1707 2641 1791 2667 Voss.
1804 2641 2016 2677 προσταχθέντα.

1379 2674 1435 2710 ἰιιὸ)
1453 2676 1522 2710 Reg.
1541 2674 1656 2711 primus
1680 2677 1709 2703 et
1735 2674 1829 2704 Voss.‘
1841 2678 1870 2703 et
1889 2674 1972 2703 Colb.
2003 2674 2143 2706 αὐθαδιίας

1344 2711 1468 2746 αὔξηται,
1483 2719 1520 2740 ne
1535 2712 1688 2743 audeatur
1701 2712 1807 2740 vitium
1820 2712 2015 2748 arrogantia.
