2228 3134
89 156 148 182 1069

602 154 816 182 ΗΕΕΙΊΛΗΓΜ
845 154 1042 182 ιικΕνιοῐιΕΜ
1063 155 1244 182 εΑριτιξιΑ.

1694 160 1762 185 1070

88 217 126 253 σβ⁷
138 217 166 243 Ei
183 216 296 243 δυνατὸν
312 217 495 254 καρτορθῶσαι
514 216 538 242 ἐν
557 218 633 242 παντὶ
657 218 701 242 καὶ
718 218 826 242 πάντοτε
848 217 877 242 τὸ
892 216 916 242 Δ
935 217 968 243 20

892 216 916 242 Δ
935 217 988 244 202
1003 219 1046 244 An
1060 216 1124 244 ﬁeri
1139 217 1244 252 possit,
1268 219 1300 244 ut
1313 217 1343 245 in
1357 218 1499 246 omnibus
1519 221 1548 246 et
1573 202 1692 256 semper
1714 227 1761 248 ac-

117 261 317 299 ἁμετεὼριστον,

88 306 123 342 η’
136 309 192 333 Τῶν
207 306 264 332 κατ’
282 305 385 335 έντολὴν
398 309 444 332 τοῦ
462 308 559 344 Κυρίου
579 307 785 343 κατορθωμάτων
803 306 879 332 πότεο

114 360 157 388 ρον
173 350 197 377 ἓν
213 353 307 388 μέτρον
323 349 392 377 ἔστὶν
408 350 432 377 έν
450 354 541 385 πᾶσιν,
555 352 571 380 ἣ
588 352 601 377 ὁ
615 352 660 387 μὶν
675 351 759 378 πλιίον
779 352 847 387 ἔχοι,
864 351 876 376 ὁ

114 394 130 422 δ
131 397 142 422 '6
154 396 270 422 ἔλαττον.

84 484 119 512 mf
138 488 197 517 Πῶς
211 485 382 517 καταξιοῦταί
392 494 431 516 τις
446 486 593 522 Πνεῦματος
608 484 687 521 ἁγίου
702 485 821 521 γενέσθαι
834 487 877 521 μέ-

112 539 201 566 τοχος.

83 575 111 601 σε’
125 577 197 605 Τίνες
213 575 279 601 εἰσὶν
294 576 318 601 οἱ
331 577 435 611 πτωχοὶ
448 578 484 610 ’ᾧ
499 576 636 611 πνεύματι.

85 619 122 652 σς’
130 623 182 646 Τοῦ
197 622 297 656 Κυρίου
312 619 541 656 παραγγέλλοντος,
558 622 593 656 μὴ
610 622 734 657 μιριμνᾷν
744 622 770 646 τί
786 620 876 656 φάγω-

114 674 167 701 μεν,
182 665 198 694 ἢ
215 667 242 690 τί
256 667 363 701 πίωμεν,
380 665 395 694 ἦ
415 666 440 691 τί
459 664 656 702 περιϐαλώμεθα
672 675 679 681 ·
706 666 787 703 μέχρι
808 667 877 695 τίνος

117 710 183 736 εστὶν
203 711 218 739 ἡ
240 709 339 743 ἇντολὴ,
360 709 440 740 ᾖπῶς
452 711 635 746 κατορθοῦται.

86 800 119 830 σζ
130 802 186 827 Τίνι
201 799 269 836 λόγῳ
285 797 327 826 δεῖ
339 798 506 836 ίργσίζιοθαι,

84 843 118 873 η’
139 844 168 871 Εἰ
182 844 261 870 καλὸν
281 843 338 870 in:
353 846 382 870 τὸ
395 843 507 870 καθόλου
524 846 601 880 σιγὴν
617 843 714 871 ἀσκεῖν.

84 890 118 916 VU
135 892 195 920 Πῶς
205 887 359 925 δυνηθῶμεν
370 888 516 925 φοϐηθῆναι
530 890 563 915 τὰ
581 891 697 927 κρίματα
711 892 757 915 τοῦ
770 892 847 916 Θεοῦ.

83 930 112 956 ρι’
125 932 168 960 Τίς
183 929 254 956 ἐστιν
269 930 285 959 ἡ
302 931 352 955 ὑπὸ
365 933 411 955 τοῦ
427 929 588 956 Ἀποστολου
603 928 803 967 παραδιδομένη
826 939 875 956 κοι-

112 974 223 1003 ταστολὴ
241 977 350 1010 κοσμία.

82 1019 129 1046 nd
138 1021 170 1046 Τί
191 1021 221 1046 τό
236 1021 329 1056 μέτρον
342 1023 390 1050 τῆς
401 1020 465 1056 πρὸς
480 1020 544 1045 Θεὸν
557 1018 645 1055 ἀγάπη
651 1030 671 1050 ς.

82 1064 132 1101 σιβ¹
143 1068 199 1094 Πῶς
214 1064 389 1101 κατορθοῦται
403 1065 419 1093 ἠ
436 1065 499 1101 πρὸς
519 1066 584 1090 Θεὸν

82 1110 128 1146 σιγ¹
142 1112 206 1136 Τίνα
220 1109 279 1136 ἐστὶ
292 1110 326 1135 τὰ
339 1112 509 1147 γνωρίσματα
525 1113 573 1140 τῆς
585 1111 649 1146 πρὸς
665 1110 729 1136 Θεὸν
745 1108 855 1144 ἀγάπης.

83 1153 133 1181 σιὸν
146 1156 305 1191 Χρηστότης
318 1155 361 1179 καὶ
374 1153 531 1190 ἀγαθωσύνη
546 1156 598 1180 τίνι
613 1152 781 1190 διαφέρουσιν
796 1153 876 1182 ἀλλή-

113 1198 170 1226 λων.

84 1243 126 1270 σιε’
140 1246 184 1274 Τίς
198 1242 269 1269 ἔστιν
285 1243 298 1269 ὀ
312 1243 362 1269 ὑπὸ
377 1246 423 1269 τοῦ
444 1245 541 1280 Κυρίου
554 1243 760 1280 μακαριζόμενος
775 1243 877 1280 εἰρηνο-

111 1290 194 1319 ποιός,

81 1333 131 1365 σις’
144 1333 185 1359 Ἐν
197 1335 249 1359 τίνι
265 1336 413 1370 στραφῆναι
426 1330 467 1359 δεῖ
480 1334 525 1359 καὶ
541 1332 661 1369 γενέσθαι
675 1334 709 1363 ὡς
721 1332 755 1358 τὰ
767 1331 875 1360 παιδία.

82 1421 129 1452 σιξ
139 1425 198 1453 Πῶς
213 1420 352 1458 δεξώμεθα
366 1423 412 1451 τὴν
433 1420 569 1458 βασιλείαν
589 1425 636 1448 τοῦ
656 1424 722 1448 Θεοῦ
752 1422 784 1452 ὣς
811 1430 876 1447 παι-

112 1465 177 1494 δίον.

84 1511 131 1540 κη’
145 1514 226 1538 Ποίαν
239 1512 342 1537 σύνεσιν
356 1510 436 1538 αἰτεῖν
451 1511 523 1548 παρὰ
535 1514 582 1537 τοῦ
598 1514 664 1538 Θεοῦ
680 1510 820 1547 ὀφείλομεν.

82 1601 126 1628 σιθ¹
141 1600 198 1627 Ἐὰν
223 1600 426 1637 εὖεργετηθῶμεν
449 1601 519 1638 παρά
536 1610 622 1636 τινος,
643 1603 700 1632 πῶς
723 1598 876 1636 δυνηθῶμεν

113 1649 155 1672 καὶ
168 1650 206 1681 τῷ
223 1648 312 1682 Κυρίῳ
326 1647 374 1674 τὴν
389 1645 552 1682 ὀφειλομένην
572 1645 744 1682 εὐχαριστίαν
759 1646 875 1683 καθαρὰν

113 1694 154 1717 καὶ
168 1690 309 1727 ὁλόκληρον
324 1689 479 1725 ἀποδοῦναι,
496 1693 540 1717 καὶ
555 1693 601 1720 τήν
612 1692 677 1728 πρὸς
686 1692 730 1717 τὸν
740 1690 874 1727 εὐεργέτην

113 1734 290 1772 ἐπιστημόνως
301 1735 450 1772 πληρῶσαι,

87 1828 118 1854 σκ¹
132 1829 161 1856 Εἰ
172 1832 252 1856 παντὶ
265 1833 302 1864 τῷ
317 1829 466 1867 βουλομένῳ
481 1828 603 1866 ἀδελφαῖς
618 1829 808 1864 συντυγχάνειν
820 1827 874 1854 ἐπι-

112 1876 210 1911 τρέπειν
222 1877 289 1911 χρή.

85 1923 135 1944 cxi
153 1923 205 1946 Τοῦ
220 1921 317 1955 Κυρίου
331 1917 507 1950 διδάσκοντος
520 1919 719 1955 προσεύχεσθαι
731 1920 766 1954 μὴ
787 1917 872 1944 εἰσελ-

112 1965 160 1990 θεῖν
175 1964 213 1994 εἰς
223 1966 378 2001 πειρασμὸν,
395 1963 417 1990 εἰ
437 1962 478 1990 δεῖ
495 1964 693 2001 προσεύχεσθαι
708 1966 743 1999 μὴ
764 1970 872 1999 περιπε-

111 2011 161 2035 σεῖν
175 2007 285 2038 ὀδύναις
301 2011 470 2045 συματικοιῑς.

81 2052 132 2089 σκιέί
144 2056 190 2084 Τίς
206 2053 276 2079 ἐστιν
292 2054 304 2079 ὁ
318 2052 452 2084 ἀντίδικος
466 2053 578 2079 ἑκάστου
601 2053 683 2089 ἡμῶν,
710 2053 723 2081 ἣ
752 2054 795 2078 καὶ
815 2056 871 2083 πῶς

111 2098 178 2133 αὐτῷ
192 2098 266 2127 εὐνοὴ
271 2107 358 2134 σομεν.

84 2142 132 2177 σπη’
146 2143 175 2169 Ὀ
191 2143 269 2169 Θέλων
284 2141 330 2169 διά
351 2152 409 2168 τινα
427 2142 502 2178 λόγον
525 2141 666 2179 ἀρέσκοντα
685 2144 738 2177 Θεῷ
759 2145 870 2170 νηστεῦ-

113 2196 164 2221 σαι,
181 2186 272 2216 επειδή
290 2189 334 2213 καὶ
346 2188 381 2218 ὡς
395 2187 424 2213 οὗ
438 2187 503 2213 θέλει
516 2189 632 2223 φαίνεται
643 2190 698 2217 τοῖς
718 2185 869 2223 ἀνθρώποις,

112 2234 135 2258 τί
147 2235 265 2262 ποιήσει.

85 2274 134 2302 ηδ’
148 2277 178 2303 Εἰ
190 2280 237 2304 καὶ
250 2280 294 2303 νῦν
309 2278 334 2302 οἱ
348 2278 393 2313 μὲν
409 2275 458 2302 ἀπὸ
474 2280 520 2306 τῆς
536 2279 640 2313 πρώτης
657 2277 726 2314 ὧρας
749 2275 872 2313 ἐργάζον-

111 2330 160 2354 ται,
176 2323 201 2347 οἱ
215 2320 245 2348 δε
265 2320 315 2348 ἀπὸ
330 2325 377 2352 τῆς
393 2319 540 2353 ἑνδεκάτης,
561 2323 606 2346 καὶ
621 2322 683 2351 τίνες
697 2321 762 2347 εἰσὶν
775 2321 856 2348 οὗτοι.

85 2365 128 2391 ne
142 2370 192 2392 Τοῦ
209 2369 308 2403 Κυρίου
323 2366 438 2397 εἰπόντος
450 2376 455 2383 ’
484 2365 568 2392 Ὅπου
584 2365 625 2392 ἐὰν
639 2363 689 2391 ὦσι
703 2364 751 2391 δύο
766 2366 780 2395 ἡ
806 2369 872 2402 τρεῖς

115 2413 269 2447 συνηγμένοι
285 2411 321 2442 εἰς
341 2412 369 2437 τό
385 2410 445 2447 ἐμὸν
459 2413 549 2447 ὄνομα,
566 2410 616 2437 έκιί
628 2410 682 2447 εἰμι
699 2411 723 2436 ἓν
737 2412 809 2446 μέσῳ
822 2409 872 2436 αὐ·-

113 2460 158 2481 τῶν
172 2467 178 2473 -
195 2460 251 2487 πῶς
263 2457 356 2482 τούτου
372 2455 566 2487 καταξιωθῆναι
585 2453 747 2491 δυνηθῶμεν.

83 2499 136 2530 σις’
149 2503 200 2527 Τοῦ
216 2499 378 2526 Ἀποστὸλου
397 2500 512 2536 λέγοντος
524 2510 530 2516 ·
561 2498 773 2536 Λοιδορούμενοι,
801 2499 872 2526 εὐλο-

111 2549 200 2582 γοῦμεν
215 2556 222 2562 -
240 2545 481 2582 βλασφημούμενοι,
497 2544 695 2582 παρακαλοῦμεν
712 2555 718 2561 ·
729 2548 786 2575 πῶς
804 2543 870 2580 dotis

966 261 1102 297 quiratur
1117 261 1250 289 attentio.

932 307 984 333 203
1002 307 1105 334 Utrum
1121 313 1225 333 eorum
1241 314 1309 342 quae
1324 307 1493 336 secundum
1506 309 1625 337 Domini
1637 310 1763 339 manda-

975 352 1039 378 tum
1055 350 1141 382 ﬁunt,
1165 358 1227 378 una
1242 352 1271 378 et
1281 351 1386 379 eadem
1412 359 1555 381 mensura
1569 353 1600 381 in
1619 355 1762 383 omnibus

969 394 1018 428 sit,
1035 402 1075 422 an
1103 394 1180 422 alius
1196 395 1357 431 majorem,
1371 395 1448 424 alius
1462 404 1534 425 vero
1548 397 1659 427 habeat
1667 399 1763 428 mino-

966 447 1039 467 rem.

932 486 985 512 204
1001 483 1159 517 Quomodo
1173 484 1243 520 quis
1263 484 1389 513 efﬁcitur
1403 485 1523 522 dignus,
1536 487 1589 523 qui
1602 488 1656 516 ﬁat
1670 489 1761 525 Spiri-

965 531 1012 556 tus
1026 529 1119 557 sancti
1135 530 1295 566 particeps.

933 573 1022 609 409
1039 576 1091 602 205
1106 574 1162 606 Qui
1178 574 1238 602 sint
1253 581 1402 611 pauperes
1419 575 1566 611 spiritu".

931 619 983 646 206
999 620 1072 647 Cum
1093 619 1238 647 Dominus
1256 620 1413 655 praecipiat
1425 622 1457 648 ut
1470 627 1509 648 ne
1532 620 1626 649 simus
1642 622 1760 652 solliciti

967 664 1040 700 quid
1055 664 1196 695 edamus,
1212 667 1265 692 aut
1277 664 1353 701 quid
1368 665 1523 699 bibamus,
1537 668 1590 694 aut
1604 674 1666 703 quo
1680 670 1761 704 tega-

966 715 1035 736 mur
1044 709 1077 742 9°,
1094 716 1255 745 quousque
1265 709 1298 737 id
1307 709 1447 738 mandati
1463 717 1496 737 se
1504 711 1760 749 extendit,etquo-

966 753 1058 781 modo
1072 754 1240 790 perﬁcitur.

930 800 980 826 207
993 799 1059 831 Qua
1072 801 1173 827 mente
1186 798 1326 827 laborare
1341 800 1488 835 oporteat.

931 845 983 870 208
1000 848 1043 870 An
1054 842 1171 871 bonum
1188 843 1227 871 sit
1240 844 1361 880 penitus
1379 843 1532 872 silentium
1542 845 1687 875 excolere.

889 898 912 926 Β
931 890 982 916 209
999 888 1158 920 Quomodo
1170 889 1272 916 timere
1283 889 1472 924 potuerimus
1487 889 1538 917 Dei
1552 890 1686 925 judicia.‘

931 934 983 960 210
999 933 1070 966 Quis
1081 933 1117 961 sit
1132 933 1261 962 amictus
1276 933 1323 962 ille
1338 934 1484 962 honestus
1494 934 1534 962 ab
1544 936 1687 972 Apostolo
1703 939 1759 966 tra-

966 977 1058 1005 ditus.
1463 989 1472 998 ι

932 1024 981 1050 211
1001 1023 1072 1056 Quis
1086 1023 1197 1051 modus
1207 1023 1350 1058 diligendi
1367 1024 1470 1052 Deum.

930 1069 983 1095 212
998 1068 1156 1100 Quomodo
1173 1068 1222 1096 Dei
1237 1068 1356 1096 dilectio
1372 1068 1551 1097 obtineatur.

930 1112 982 1140 2l3
996 1113 1067 1144 Quae
1085 1113 1144 1140 sint
1156 1112 1267 1141 indicia
1279 1112 1433 1141 charitatis
1446 1121 1518 1149 erga
1529 1115 1634 1143 Deum.

931 1158 983 1184 214
999 1157 1029 1184 In
1046 1165 1107 1193 quo
1122 1157 1296 1193 discrepant
1311 1166 1329 1185 a
1343 1166 1374 1185 se
1395 1158 1524 1186 invicem
1540 1159 1712 1195 benignitas
1728 1162 1758 1189 et

965 1201 1096 1230 bonitas.

930 1247 982 1274 215
997 1246 1068 1278 Quis
1085 1246 1123 1274 sit
1141 1246 1286 1282 paciﬁcus
1315 1246 1362 1274 ille
1382 1247 1435 1283 qui
1450 1254 1469 1275 ιι
1493 1247 1621 1276 Domino
1650 1248 1758 1278 dicitur

966 1291 1073 1319 beatus
1081 1292 1114 1318 νο.

929 1337 982 1363 216
1001 1335 1032 1363 In
1047 1343 1110 1372 qua
1123 1342 1154 1363 re
1169 1335 1302 1364 converti
1312 1337 1459 1372 oporteat,
1472 1343 1507 1364 ac
1520 1336 1585 1364 ﬁeri
1599 1337 1680 1366 velut
1693 1345 1759 1374 par-

966 1380 1054 1408 vuloe
1071 1381 1105 1407 εί.

930 1426 981 1452 217
997 1424 1155 1456 Quomodo
1172 1425 1377 1461 suscipiamus
1392 1432 1520 1461 regnum
1536 1426 1587 1454 Dei
1599 1427 1681 1455 velut
1691 1435 1759 1464 par—

966 1469 1065 1499 vulus.

930 1517 982 1542 2t8
998 1514 1124 1547 Qualem
1149 1513 1376 1550 intelligentiam
1400 1522 1419 1543 a
1439 1515 1499 1543 Deo
1523 1522 1684 1552 exposcere
1707 1517 1758 1545 de-

966 1559 1103 1587 beamus.

930 1604 982 1631 219
998 1603 1024 1632 Si
1052 1603 1232 1631 beneﬁcium
1257 1604 1463 1640 acceperimus
1482 1604 1522 1632 ab
1543 1603 1655 1642 aliquo,
1679 1614 1756 1642 quo-

965 1649 1059 1677 modo
1072 1651 1136 1676 tum
1145 1649 1273 1676 Domino
1280 1649 1415 1677 debitam
1424 1649 1591 1683 gratiarum
1607 1650 1755 1679 actionem

965 1701 1076 1730 puram
1092 1701 1128 1721 ac
1155 1694 1303 1728 integram
1320 1694 1498 1730 persolvere,
1511 1697 1574 1722 tum
1585 1702 1653 1723 eam
1663 1696 1755 1724 etiam

963 1747 1033 1775 qua:
1047 1738 1244 1766 benefacienti
1259 1739 1396 1774 debetur,
1405 1739 1475 1767 scite
1486 1742 1514 1768 ct
1526 1739 1581 1767 rite
1590 1740 1755 1776 rependere

963 1783 1142 1820 poterimus.

927 1830 979 1856 220
993 1830 1036 1856 An
1052 1827 1177 1864 quilibet
1199 1827 1309 1856 volenti
1325 1827 1560 1864 permittendum
1576 1827 1613 1856 sit
1626 1830 1658 1857 ut
1682 1837 1752 1858 cum

963 1873 1117 1901 sororibus
1133 1872 1163 1900 in
1177 1872 1361 1909 colloquium
1374 1873 1485 1901 veniat.

926 1919 975 1945 221
989 1918 1063 1945 Cum
1078 1917 1222 1945 Dominus
1236 1917 1503 1945 doceatorandum
1516 1925 1591 1949 esse.
1608 1919 1641 1946 ut
1654 1926 1692 1946 ne
1707 1919 1752 1947 in-

962 1965 1074 1990 tremus
1089 1963 1120 1990 in
1135 1962 1329 1990 tentationem
1346 1963 1379 1998 9’,
1398 1969 1437 1990 an
1452 1963 1603 1991 orandum
1619 1963 1656 1991 sit
1669 1966 1753 1992 utne

961 2007 991 2035 in
1005 2007 1138 2044 corporis
1151 2007 1270 2035 dolores
1286 2007 1471 2035 incidamus.

926 2054 978 2080 222
994 2052 1063 2084 Quis
1074 2052 1110 2079 sit
1133 2052 1373 2088 uniuscujusque
1393 2055 1529 2080 nostrum
1550 2053 1750 2088 adversarius,

960 2097 1156 2133 quomodove
1169 2104 1241 2132 erga
1251 2097 1351 2133 ipsum
1367 2097 1479 2124 erimus
1495 2097 1633 2125 benevoli
1642 2099 1676 2125 ³³.

926 2143 976 2169 223
998 2141 1053 2173 Qui
1075 2141 1114 2168 ob
1128 2141 1261 2177 aliquam
1275 2141 1422 2169 rationem
1435 2142 1493 2169 Deo
1522 2141 1663 2177 placitam
1675 2142 1752 2177 jeju-

962 2193 1034 2213 nare
1046 2185 1117 2217 vult.
1134 2193 1202 2213 cum
1217 2185 1271 2213 etsi
1281 2193 1342 2213 non
1357 2185 1427 2214 velit
1438 2186 1556 2213 videtur
1570 2185 1608 2214 ab
1623 2186 1752 2215 homini-

961 2230 1029 2264 bus,
1041 2228 1115 2266 quid
1128 2229 1225 2257 faciet.

926 2277 978 2302 224
991 2277 1036 2302 An
1051 2275 1143 2302 etiam
1163 2281 1244 2302 nunc
1268 2274 1317 2302 alii
1336 2282 1355 2302 a
1366 2274 1465 2310 prima.
1482 2274 1557 2302 hora
1578 2277 1749 2312 operentur,

962 2319 1011 2347 alii
1026 2319 1065 2347 ab
1076 2319 1248 2352 undecima,
1264 2321 1291 2346 et
1302 2319 1428 2355 quinam
1442 2319 1474 2347 hi
1487 2319 1589 2347 sint".

925 2366 977 2392 225
991 2365 1064 2391 Cum
1093 2364 1239 2392 Dominus
1256 2363 1381 2392 dixerit:
1403 2364 1457 2392 Ubi
1471 2365 1530 2392 duo
1543 2365 1590 2393 vel
1611 2368 1670 2393 (res
1685 2365 1752 2400 fue-

962 2410 1026 2437 rint
1039 2409 1214 2444 congregati
1224 2410 1256 2436 in
1266 2409 1386 2437 nomine
1400 2416 1474 2443 meo,
1489 2409 1534 2437 ibi
1553 2417 1618 2438 sum
1645 2411 1676 2438 in
1692 2418 1752 2439 me-

962 2455 1012 2482 dio
1027 2461 1129 2482 eorum
1138 2455 1173 2489 ⁸⁵,
1183 2457 1339 2490 quomodo
1347 2454 1405 2482 hoc
1411 2452 1493 2489 digni
1501 2454 1577 2482 efﬁci
1583 2454 1750 2484 valeamus.

928 2501 979 2527 226
991 2498 1064 2526 Cum
1080 2499 1239 2534 Apostolus
1254 2499 1333 2526 dicat
1351 2507 1356 2526 :
1373 2500 1452 2527 Dum
1470 2499 1691 2530 maledici-mur,
1708 2499 1752 2527 be-

967 2543 1233 2572 nedicfmus:dum
1260 2543 1508 2579 blasphemamur,
1536 2543 1750 2571 obsecramus"

111 2741 132 2757 ¹⁸
151 2740 252 2769 Matth.
273 2748 303 2772 ν,
319 2741 344 2767 3.
384 2740 406 2758 ³³
422 2740 522 2768 Matth.
533 2747 573 2775 v1,
591 2742 636 2768 3t.
677 2739 701 2757 ⁹⁶
716 2739 816 2768 Matth.
829 2747 855 2772 v,
877 2741 903 2767 9.
942 2739 964 2756 "
983 2739 991 2766 l

877 2741 903 2767 9.
942 2739 964 2756 "
983 2738 1082 2766 Matth.
1098 2745 1179 2770 xvm,
1197 2741 1223 2766 3.
1262 2739 1285 2755 θ’
1301 2739 1369 2765 Luc.
1385 2743 1456 2770 nu,
1477 2739 1521 2766 40.
1559 2738 1584 2756 ⁸³
1597 2739 1696 2767 Matth.
1723 2746 1749 2772 ν,

78 2795 122 2821 25.
163 2795 186 2812 "
204 2793 308 2822 Matth.
328 2801 379 2829 xx,
396 2795 406 2821 1
423 2801 490 2829 sqq.
529 2794 553 2810 95
569 2793 669 2822 Matth.
689 2795 820 2825 “111,20.
858 2793 882 2810 9‘
897 2793 985 2820 lCor.
1002 2799 1043 2825 iv,
1056 2794 1098 2820 l2.
1517 2791 1522 2793 ’

2075 121 2077 134 1

2075 187 2079 197 Ι

2076 206 2079 217 l

2078 390 2080 400 Ι

2078 424 2080 432 ι

2079 470 2169 486 ι.

2080 494 2081 503 1

2085 841 2176 862 ἶ“›

2086 1028 2090 1040 l

2088 1071 2089 1079 η

2136 1450 2138 1458 ι

2143 1878 2147 1892 1

2144 1902 2148 1913 1

2148 2468 2150 2479 I

2106 2615 2149 2638 ,1

2143 2725 2146 2734 ι

2144 2740 2146 2753 1
