2023 3136
259 144 326 173 1127

945 136 975 165 S.
996 135 1118 164 BASILII
1141 135 1249 163 MAGNI

1868 135 1936 162 1128

257 214 340 235 veam
357 204 463 233 cadent
472 204 504 231 ιθ.
517 203 552 230 Et
566 200 661 229 multa
671 200 883 236 hujuscemodi
894 199 1001 236 poterit
1015 198 1082 234 quis

1144 199 1185 223 tui.
1214 197 1238 223 ἑν
1264 201 1318 228 τοῖς
1346 196 1525 233 Εὐαγγελίοις,
1552 198 1597 222 καὶ
1625 197 1697 234 παρά
1723 201 1760 232 τῷ
1786 196 1937 233 ’Λποστολῳ

255 250 389 279 invenire
408 251 471 276 tum
482 248 511 275 in
528 246 706 280 Evangeliis.
718 247 781 273 tum
796 245 878 281 apud
893 243 1081 280 Apostolum.

257 298 330 324 Cum
342 302 412 322 vero
420 293 459 320 ob
470 300 505 320 ea
516 299 582 328 quae
593 291 623 318 in
631 292 776 326 potestate
784 289 991 325 nostraposita
1001 290 1081 321 sunt,

258 339 421 369 oil‘enditur
431 337 509 373 quis,
521 338 573 364 aut
588 334 767 362 scandalum
783 334 904 370 patitur,
914 337 985 361 tunc
998 340 1084 360 revo-

258 383 356 411 canda
369 384 438 409 sunt
453 381 482 408 in
503 379 681 408 memoriam
695 379 759 406 haec
775 378 892 406 Domini
912 377 950 405 ad
967 379 1083 404 Petrum

256 428 359 462 verba,
376 426 500 463 quando
512 424 603 452 dixit:
620 424 702 458 Ergo
716 423 804 451 liberi
817 425 886 450 sunt
901 423 975 457 ﬁlii;
986 425 1016 449 ut
1032 429 1085 449 au-

257 477 313 502 tem
327 481 387 500 non
399 470 638 499 scandalizemus
648 476 705 503 eos,
717 469 867 503 profectus
877 468 917 495 ad
927 474 1011 495 mare
1019 467 1085 494 mit-

257 520 285 546 te
302 518 445 545 hamum:
461 517 487 543 et
500 522 566 542 eum
584 514 694 548 piscem
710 514 763 548 qui
772 513 888 546 primus
904 511 1084 542 ascenderit,

257 563 329 590 tolle
340 570 352 590 .·
366 564 508 595 etaperto
524 566 573 587 ore
589 560 662 593 ejus,
677 558 807 586 invenies
823 560 983 591 staterem;
997 557 1084 584 illum

256 613 387 639 sumens,
395 606 434 633 da
445 605 484 633 eis
493 612 549 638 pro
561 611 606 631 me
616 606 642 630 et
654 603 721 635 te”,
732 603 800 630 item
813 610 881 637 quae
894 601 932 628 ab
943 600 1085 636 Apostolo

257 651 297 679 ad
309 650 477 680 Corinthios
489 649 599 684 scripta
610 650 679 675 sunt
691 648 738 675 his
748 646 845 674 verbis
857 654 863 674 :
874 646 942 674 Non
957 644 1085 673 mandu-

258 697 331 724 cabo
345 703 465 723 carnem
483 695 513 721 in
529 697 686 726 mternum,
697 699 734 719 ne
746 692 877 726 fratrem
889 697 985 718 meum
1001 697 1086 718 scan-

258 740 433 772 dalizem“;
452 746 486 766 ac
501 745 604 765 rursus
617 745 622 764 :
635 737 754 764 Bonum
767 739 808 764 est
825 743 885 763 non
900 735 1087 763 manducare

258 792 391 816 carnem,
408 787 434 811 et
450 791 510 810 non
526 782 624 809 bibere
634 782 749 814 vinum,
763 789 857 816 neque
869 781 899 807 in
915 787 973 815 quo
986 780 1087 814 frater

259 833 328 857 tuus
343 828 516 863 offenditur.
529 829 583 854 aut
597 826 838 859 scandalizatur,
850 827 903 852 aut
911 825 1088 858 inﬁrmatur

1140 242 1210 278 εὖροι
1232 252 1272 273 τις
1294 243 1335 269 ἄν,
1351 242 1431 268 ”Οταν
1454 239 1484 268 δὲ
1507 241 1549 268 ἐπὶ
1572 245 1627 272 τοῖς
1650 240 1674 267 ἐν
1695 240 1801 278 ἐξουσίᾳ
1823 242 1940 278 ἡμετέρᾳ

1139 289 1264 322 κειμένοις
1289 289 1442 323 προσ-κόπτῃ
1467 297 1516 319 τις,
1539 287 1552 316 ἡ
1576 284 1796 320 σκανδαλίζηται,
1812 286 1848 317 εἰς
1872 285 1939 312 ανά-

1140 341 1236 367 μνησιν
1258 331 1338 357 ὶλθεῖν
1361 329 1402 357 δεῖ
1423 332 1481 357 τότε
1504 335 1553 357 τῶν
1572 334 1617 356 τοῦ
1641 333 1737 367 Κυρίου
1753 331 1791 365 (5)
1810 332 1874 366 πρὸς
1894 332 1939 356 τὸν

1141 378 1236 413 Πέτρον
1260 376 1394 414 ῥημάτων,
1416 375 1548 406 εἰπόντος·
1575 374 1642 412 ’Ἄρα
1664 384 1693 410 γε
1721 374 1847 411 ἐλεύθεροί
1873 374 1940 401 εἰσιν

1140 422 1164 447 οὶ
1189 422 1261 447 υἱοί·
1287 422 1328 447 ἱνα
1352 419 1381 447 δὲ
1405 422 1440 458 μή
1468 419 1681 457 σκανδαλίσωμεν
1706 420 1815 454 αὐτοὺς,
1841 430 1941 457 πορευ-

1142 467 1193 496 θεὶς
1220 466 1253 497 εἰς
1284 467 1330 495 τὴν
1361 465 1513 500 Θάλασσαν,
1545 465 1608 501 βάλε
1636 466 1798 502 ἄγκιστρον⁷
1825 467 1871 491 καὶ
1896 466 1941 490 τόν

1141 509 1314 536 ἀναϐαίνοντα
1342 511 1380 545 (6)
1413 514 1514 548 πρῶτον
1555 509 1631 545 ἰχθὺν
1669 507 1729 547 ἆρον
1749 520 1755 527 -
1788 512 1832 536 καὶ
1866 509 1942 535 ἀνοί-

1141 555 1186 587 ξας
1218 557 1248 581 τὸ
1283 557 1368 591 στόμα
1398 555 1497 588 αὐτοῦ,
1526 555 1645 591 εὑρήσεις
1678 559 1815 591 στατῆρα·
1845 554 1942 580 ἐκεῖνον

1140 600 1242 634 λαϐὼν,
1272 599 1316 630 cio;
1348 600 1436 630 αὐτοῖς
1467 599 1523 626 ἀντὶ
1552 599 1613 636 ἐμοῦ
1643 602 1688 625 καὶ
1716 603 1781 626 σοῦ·
1814 603 1860 626 καὶ
1891 604 1941 625 τῶν

1140 649 1186 671 τοῦ
1214 645 1373 671 ’Δποστόλου
1397 647 1463 681 πρὸς
1492 645 1644 680 Κορινθίους
1665 645 1836 681 γραμμάτων,
1856 644 1880 670 ἐν
1904 645 1942 675 οἷς

1141 700 1240 726 φησιν’
1264 690 1301 715 Οὔ
1327 692 1363 726 μὴ
1394 690 1467 725 φάγω
1494 691 1556 725 κρέα
1585 689 1619 720 εἰς
1643 692 1686 715 τὸν
1714 691 1808 722 αἰῶνα,
1832 690 1876 715 ἱνα.
1904 691 1939 725 μὴ

1140 736 1183 760 τὸν
1214 733 1324 770 ἀδελφόν
1357 744 1408 770 μου
1441 732 1629 760 σκανδαλίσω*
1658 737 1702 760 καὶ
1729 733 1824 760 πάλιν·
1856 734 1940 760 Καλὸν

1141 781 1171 805 τὸ
1200 781 1234 816 μὴ
1264 782 1353 815 φαγεῖν
1378 781 1454 815 κρέα,
1483 777 1552 815 μηδὲ
1578 782 1645 804 πιεῖν
1670 778 1750 812 οἶνον,
1775 777 1844 815 μηδὲ
1869 778 1894 804 ἐν

1142 825 1154 849 ὁ
1187 822 1294 860 ἀδελφός
1328 832 1374 849 σου
1407 825 1582 860 προσκόπτει,
1616 824 1631 853 ἢ
1668 821 1886 854 σκανδαλίζεται,
1920 824 1935 853 ἦ

257 875 292 901 ⁷³.
311 875 407 906 Quam
422 875 523 900 autem
540 870 738 899 metuendum
752 871 788 898 sit
801 870 830 897 in
844 870 889 904 iis,
905 877 973 905 qum
987 869 1088 896 viden-

1144 868 1254 895 ἀσθενεῖ.
1276 867 1365 898 Ὅπως
1381 866 1411 893 δέ
1430 867 1485 894 ἔστι
1511 867 1616 905 φοϐερὸν
1638 869 1666 894 τὸ
1689 868 1731 894 ἐπὶ
1746 871 1798 898 τοῖς
1819 867 1842 893 ἐι
1864 867 1939 899 ἐξου-

256 921 306 946 tur
315 918 372 945 sita
387 925 454 945 esse
467 917 496 944 in
508 918 656 952 potestate
668 918 781 949 nostra,
794 914 950 950 aspernari
964 914 1087 941 fratrem

257 962 310 998 qui
320 962 360 990 ob
372 962 438 990 haec
449 960 594 988 seandalo
605 959 743 993 afﬁcitur,
760 959 892 987 ostendit
902 960 1087 994 praeceptum

259 1007 389 1038 Domini,
404 1006 456 1041 qui
471 1006 501 1032 in
523 1005 700 1032 universum
723 1003 864 1040 prohibet
885 1003 974 1039 438
997 1009 1088 1030 omne

258 1050 397 1079 scandnli
413 1058 519 1086 genus,
533 1058 568 1077 ac
583 1049 704 1076 dicit”:
727 1048 828 1076 Videte
837 1055 875 1076 ne
889 1047 1087 1075 contemnatis

257 1103 351 1123 unum
365 1102 402 1123 ea:
416 1095 461 1122 his
470 1094 615 1128 pusillis:
629 1094 695 1121 dico
707 1093 784 1121 enim
798 1092 889 1126 vobis,
900 1093 971 1128 quia
986 1091 1090 1126 angeli

257 1146 361 1166 eorum
369 1146 484 1173 semper
492 1138 595 1166 vident
602 1138 711 1172 faciem
721 1137 825 1164 Patris
834 1136 899 1171 mei,
907 1137 960 1172 qui
967 1136 997 1163 in
1006 1135 1088 1163 castis

259 1186 310 1212 est.
323 1184 400 1216 Quin
422 1186 451 1211 et
464 1183 546 1210 idem
561 1184 688 1211 testatur
703 1181 880 1218 Apostolus,
895 1181 949 1217 qui
964 1180 1089 1217 quidem

259 1229 352 1256 modo
365 1228 466 1256 dicit"
479 1237 486 1255 ε
504 1227 563 1256 Sed
578 1228 633 1255 hoc
643 1227 781 1261 judicate
795 1227 902 1261 magis.
918 1234 955 1253 ne
967 1225 1088 1260 ponatis

259 1273 475 1308 o/fendiculum
483 1273 589 1307 fratri,
595 1271 829 1300 vet'scandatum
835 1270 945 1299 :modo
955 1278 1024 1297 vero
1031 1269 1090 1297 hoc

260 1317 404 1347 delictum
414 1316 623 1345 vehementius
633 1315 780 1343 interdicit
790 1315 949 1343 verborum
962 1321 1090 1350 appara-

260 1366 294 1391 tu
308 1362 460 1396 uberiore,
475 1361 528 1388 ubi
549 1360 589 1388 ait
603 1371 609 1387 :
624 1360 658 1387 Si
677 1360 744 1395 quis
767 1362 845 1387 enim
861 1359 969 1387 viderit
985 1362 1022 1391 te,
1039 1359 1092 1394 qui

261 1407 351 1436 habes
362 1406 530 1437 scientiam,
536 1406 568 1433 in
578 1405 669 1432 idolio
677 1412 777 1432 recum
783 1404 849 1431 bent
853 1411 907 1437 em,
916 1410 1017 1431 nonne
1024 1410 1091 1431 con-

259 1452 385 1480 scientia
397 1452 471 1485 ejus,
479 1450 531 1486 qui
539 1450 678 1484 inﬁrmus
687 1451 740 1481 est,
748 1448 949 1482 zdtﬁcabitur
958 1448 998 1475 ad
1008 1455 1091 1476 man-

259 1495 435 1525 ducandum
443 1494 612 1529 idolothyta
619 1495 633 1521 ?
642 1494 680 1521 Et
687 1493 798 1527 peribit
806 1493 945 1527 inﬁrmus
949 1493 1051 1527 frater
1058 1492 1090 1519 in

260 1545 314 1569 tua
324 1541 461 1573 scientia,
471 1542 596 1573 propter
605 1545 690 1574 quem
706 1538 844 1566 (Thr-istas
857 1540 994 1565 mortuus
1006 1538 1089 1565 est".

261 1584 377 1618 Quibus
389 1583 541 1619 adjungit:
551 1583 601 1611 Sic
612 1586 710 1610 autem
722 1585 878 1617 peccantes
890 1583 920 1610 in
930 1583 1055 1616 fratres,
1063 1585 1090 1610 et

258 1630 461 1665 percutientes
468 1628 680 1656 conscientiam
688 1634 790 1655 eorum
796 1627 948 1661 inﬁrmam
954 1648 960 1659 ,
966 1628 997 1654 in
1005 1627 1091 1655 Chri-

261 1677 340 1702 stum
349 1673 489 1708 peccatis.
502 1673 702 1706 Quapropter,
713 1672 740 1699 si
750 1679 816 1699 esca
825 1672 1015 1699 scandalizat
1026 1671 1091 1706 fra-

263 1724 339 1747 trem
350 1726 458 1749 meum,
471 1725 532 1745 non
552 1716 742 1745 manducabo
756 1724 875 1744 carnem
889 1717 920 1744 in
934 1719 1089 1748 aeternum,

263 1771 300 1792 ne
312 1764 443 1799 fratrem
463 1770 560 1790 meum
580 1762 828 1790 scandalizem".
849 1762 882 1789 Et
899 1761 957 1789 alio
972 1761 1002 1789 in
1024 1761 1091 1789 loco

262 1810 426 1845 postquam
437 1807 526 1835 dixit:
538 1807 586 1834 An
599 1814 652 1841 ego
663 1807 744 1834 solus
755 1809 782 1834 et
793 1805 953 1834 Barnabas
968 1814 1028 1834 non
1039 1806 1091 1834 Ιιιι-

263 1853 362 1881 bemus
373 1854 549 1887 potestatem
563 1851 619 1879 hoc
631 1851 826 1886 operandi"?
841 1850 969 1878 subinde
984 1851 1091 1886 adjun-

262 1899 325 1933 git:
339 1898 399 1925 Sed
414 1905 475 1925 non
492 1898 540 1924 usi
553 1904 654 1924 sumus
676 1896 732 1924 hac
746 1899 904 1930 potestate,
919 1896 970 1924 sed
990 1897 1091 1924 omnia

261 1943 452 1975 sustinemus,
460 1949 498 1970 ne
505 1941 585 1977 quod
594 1940 806 1975 offendiculum
815 1940 917 1968 demus
926 1941 1091 1975 Evangelio

263 1986 418 2015 Christi”.
437 1987 594 2019 Caeterum,
608 1993 678 2012 cum
693 1992 756 2012 rem
773 1985 814 2013 ita
823 1985 1008 2012 horrendam
1024 1993 1091 2013 esse

261 2031 502 2059 demonstratum
519 2030 566 2061 sit,
582 2030 613 2057 in
635 2029 671 2057 iis
692 2037 760 2065 quas
776 2030 806 2057 in
827 2032 975 2066 potestate
989 2033 1092 2058 ucstra

261 2076 360 2112 posita
385 2077 465 2108 sunt,
482 2074 564 2102 fratri
580 2082 645 2101 esse
666 2074 806 2110 exemplo
829 2074 921 2105 malo,
941 2075 1091 2111 quidnam

259 2120 356 2158 possit
375 2119 445 2156 quis
468 2119 505 2147 de
528 2119 564 2146 iis
585 2119 695 2152 dicere,
709 2119 761 2155 qui
775 2119 863 2147 vetita
885 2119 1025 2148 faciendo
1040 2122 1092 2148 aut

258 2164 413 2201 loquendo
429 2164 504 2192 dant
518 2163 698 2192 scandalum
709 2164 722 2191 ?
737 2166 765 2191 et
789 2164 932 2197 maxime,
949 2172 1018 2192 cum
1040 2166 1092 2193 aut

260 2209 386 2237 scientia
396 2209 511 2244 majore
521 2208 665 2244 praeditus
677 2216 742 2236 esse
753 2208 872 2236 videtur
879 2209 931 2245 qui
941 2212 986 2236 est
995 2208 1090 2236 offen-

263 2253 351 2288 sioni,
364 2256 415 2281 aut
428 2253 619 2281 constituitur
629 2253 660 2280 in
671 2253 773 2289 aliquo
785 2255 883 2287 gradu
895 2253 1088 2281 sacerdotali:

260 2298 395 2335 quicum
410 2297 519 2325 debeat
534 2297 602 2324 aliis
616 2305 681 2324 esse
694 2297 876 2333 praepositus
890 2297 972 2325 velut
985 2298 1091 2333 regula

261 2345 290 2370 et
301 2342 465 2378 exemplar,
474 2342 499 2369 si
510 2341 554 2369 vel
563 2341 723 2369 minimum
732 2342 807 2378 quid
815 2341 978 2376 neglexerit
985 2350 1090 2370 eorum

261 2395 329 2423 quae
344 2386 456 2422 scripta
468 2389 548 2420 sunt,
565 2389 616 2414 aut
629 2386 730 2414 fecerit
744 2386 929 2422 prohibitum
942 2386 1091 2423 quiddam

261 2433 314 2460 aut
329 2431 440 2468 aliquid
457 2430 540 2467 quod
556 2434 740 2467 praeceptum
752 2430 788 2458 sit
800 2431 944 2464 omiserit,
962 2433 1014 2460 aut
1028 2440 1090 2460 uno

297 2496 320 2512 δί’
341 2494 441 2522 Matth.
462 2502 508 2527 xv,
534 2495 622 2521 12-14.
661 2493 685 2510 7°
705 2493 805 2521 Matth.
825 2501 895 2526 xvu,
916 2496 961 2526 25,
981 2496 1026 2522 26.

263 2533 305 2558 to.
345 2530 369 2548 ῖ⁸
390 2531 474 2557 Rom.
496 2538 553 2563 xrv,
575 2531 618 2557 13.
657 2529 681 2546 ⁷⁵
702 2531 711 2556 1
733 2531 799 2557 Cor.
819 2537 880 2564 vui,
903 2531 945 2563 10,
970 2532 1010 2557 Η.

297 2602 336 2636 (5)
358 2600 443 2634 Editi,
459 2605 509 2627 τῶν
531 2602 580 2626 ὑπὸ
605 2603 651 2626 τοῦ
677 2602 783 2637 Κυρίου.
806 2601 926 2637 Antiqui
944 2603 1002 2629 tres
1023 2600 1092 2630 libri

263 2640 312 2662 τὼν
327 2641 385 2670 τοῦ,
396 2636 516 2664 rectius.

299 2673 339 2705 (6)
360 2673 460 2700 Codex
477 2673 561 2699 Voss.
576 2674 619 2698 τὸν
634 2671 775 2699 ἀναϐάντα.

300 2709 337 2743 (‘7)
359 2709 428 2741 Reg.
446 2708 547 2734 tertius
561 2707 602 2733 ἐπὶ
618 2709 728 2737 τούτοις.

300 2745 340 2779 (8)
361 2743 462 2781 codex
475 2742 713 2781 ϐοιιριᾲπόστοῖως
727 2742 838 2781 liuidum.
851 2742 1011 2780 Aliquanto
1022 2746 1092 2781 post

265 2776 337 2814 Reg;
350 2779 466 2815 primus
479 2783 515 2815 τῷ
531 2776 633 2815 ἀδελφῷ
646 2778 679 2809 εἰς
693 2776 849 2807 σκάνδαλον.

1063 2495 1087 2513 τι
1110 2496 1120 2522 l
1140 2496 1207 2523 Cor.
1226 2503 1286 2527 riu,
1309 2497 1351 2523 13.

1049 2531 1074 2548 ⁷³
1094 2530 1168 2558 ibid.
1192 2533 1234 2563 l2,
1258 2533 1300 2560 13.

1143 915 1188 949 σία
1206 914 1310 939 κεῖσθαι
1326 911 1437 939 δοκοῦσι
1459 915 1581 950 περιορᾲν
1601 915 1644 938 τὸν
1668 911 1776 949 ἀδελφὸν
1794 911 1940 939 σκανδαλι-

1143 958 1248 993 ζόμινον
1271 956 1295 983 ἐν
1321 958 1424 988 τούτοῖς
1444 957 1493 992 (7),
1519 955 1636 983 δείκνυσι
1657 958 1702 993 μεν
1728 958 1743 986 ἠ
1771 961 1817 984 τοῦ
1842 960 1940 994 Κυρίου

1140 1001 1322 1039 παραγγελία,
1355 1001 1466 1028 καθόλου
1497 1002 1582 1027 πάντα
1615 999 1813 1038 σκανδαλισμοῡ
1846 1004 1940 1039 τρόπον

1143 1045 1366 1082 ἀπαγορεύοντος,
1398 1048 1443 1072 καὶ
1475 1045 1616 1082 λέγοντος·
1649 1045 1742 1083 Ὁρᾶτε

1143 1093 1289 1128 φρονήσητε
1327 1091 1381 1121 ἰνὸς
1417 1095 1467 1116 τῶν
1499 1095 1599 1128 μικρῶν
1636 1092 1732 1117 τούτων
1748 1102 1754 1108 ·
1788 1091 1855 1128 λέγω
1892 1093 1940 1129 γὰρ

1142 1137 1223 1172 ὑμῖν,
1251 1136 1291 1161 ὃτι
1324 1136 1348 1161 οἰ
1382 1135 1488 1172 ἄγγελοι
1521 1135 1604 1161 αὐτῶν
1635 1133 1778 1167 διαπαντός
1813 1135 1941 1172 βλέπουσι

1781 1049 1818 1083 μὴ
1857 1056 1941 1073 καταο

1327 1091 1381 1121 ἰνὸς
1417 1095 1467 1116 τῶν
1499 1095 1599 1128 μικρῶν
1636 1092 1732 1117 τούτων
1748 1102 1754 1108 ·

1142 1182 1171 1206 τὸ
1204 1182 1343 1216 πρόσωπον
1374 1184 1420 1206 τοῦ
1452 1182 1554 1216 Πατρός
1582 1190 1649 1216 μου,
1678 1184 1724 1207 τοῦ
1754 1180 1778 1207 ἐν
1811 1181 1939 1218 οὐρανοῖς.

1144 1228 1279 1262 Μαρτυρεῖ
1298 1222 1328 1250 δὲ
1351 1227 1396 1251 καὶ
1416 1225 1428 1250 ὁ
1453 1223 1612 1256 Ἀποστολος
1635 1225 1672 1260 (8)
1695 1225 1774 1261 λέγων
1794 1228 1857 1252 ποτὶ
1876 1229 1939 1263 μίν·

1146 1269 1223 1295 Ἀλλὰ
1250 1273 1327 1295 τοῦτο
1346 1272 1449 1306 κρίνατε
1478 1268 1592 1305 μᾶλλον,
1615 1271 1644 1296 τὸ
1671 1272 1705 1306 μὴ
1731 1272 1830 1297 τιθέναι
1856 1274 1941 1308 πρὸσ-

1144 1324 1234 1350 κομμα
1266 1318 1302 1349 τῷ
1341 1312 1444 1349 ἀδελφῷ
1477 1313 1492 1343 ἦ
1529 1312 1699 1340 σκάνδαλον·
1736 1317 1799 1341 ποτε
1833 1314 1863 1342 δὲ
1898 1314 1943 1342 διὰ

1144 1361 1330 1395 περισσοτέρας
1362 1362 1529 1389 κατασκευῆς
1567 1357 1739 1396 σφοδρότερον
1778 1359 1941 1398 ἀπαγορεύων

1144 1405 1174 1430 τὸ
1198 1404 1304 1437 ἄτοπον,
1320 1401 1357 1429 δι’
1381 1403 1415 1428 ὧν
1437 1413 1534 1439 φησιν·
1556 1403 1613 1430 Ἐὰν
1635 1405 1684 1441 γάρ
1709 1415 1748 1436 τις
1770 1403 1817 1442 ἴδῃ
1840 1407 1878 1439 σέ,
1900 1409 1942 1432 τὸν

1145 1449 1241 1483 ἔχοντα
1272 1452 1392 1484 γνῶσιν,
1427 1447 1451 1474 ἐν
1484 1446 1606 1484 εἰδωλιίῳ
1638 1452 1847 1486 κατακείμενον,
1881 1451 1942 1487 οὖχὶ

1145 1494 1160 1521 ἡ
1206 1491 1359 1522 συνείδησις
1400 1492 1481 1518 αὐτοῦ
1524 1492 1648 1524 ἀσθενοῦς
1687 1496 1759 1524 ὄντος
1797 1493 1943 1532 οἰκοδομη-

1111 1538 1256 1575 οθὴσεται
1286 1537 1320 1567 εἰς
1347 1538 1377 1563 τὸ
1407 1538 1440 1563 τὰ
1466 1535 1627 1564 εἰδωλόθυτα
1655 1537 1771 1572 ἐσθίειν;
1800 1541 1844 1565 καὶ
1875 1539 1944 1566 ἀπο-

1145 1582 1228 1608 λεῖται
1247 1582 1284 1617 (9)
1312 1582 1325 1607 ὀ
1353 1581 1467 1608 ἀσθενῶν
1497 1580 1607 1618 ἀδελφός
1633 1582 1674 1609 ἐπὶ
1703 1587 1733 1619 τῇ
1826 1586 1943 1620 γνώσει,

1147 1625 1185 1652 δι’
1211 1626 1238 1653 ὃν
1264 1627 1382 1663 Χριστὸς
1410 1625 1543 1654 ἀπέθανεν.
1575 1628 1622 1658 Οἷς
1651 1626 1782 1665 ἐπιφέρει·
1810 1629 1887 1655 Οὕτω
1916 1627 1946 1655 δὲ

1146 1672 1335 1710 ἁμαρτάνοντες
1369 1671 1404 1702 εἰς
1446 1673 1505 1701 τοὺς
1545 1670 1690 1708 ἀδελφοὺς,
1729 1675 1773 1699 καὶ
1805 1675 1945 1706 τύπτοντες

1146 1717 1230 1744 αὐτῶν
1263 1719 1310 1746 τὴν
1343 1715 1495 1746 συνείδησιν
1526 1716 1685 1744 ἀσθενοῦσαν
1707 1718 1782 1754 (10),
1809 1719 1847 1750 εἰς
1877 1724 1946 1757 Χρι-

1147 1764 1207 1789 στὸν
1251 1762 1419 1798 ἁμαρτάνετε.
1451 1764 1544 1799 Διοπερ
1578 1762 1600 1789 εἰ
1637 1762 1734 1800 βρῶμα
1773 1763 1946 1797 σκανδαλίζει

1145 1810 1189 1834 τὸν
1213 1805 1323 1843 ἀδελφὸν
1348 1816 1408 1842 μου,
1430 1807 1459 1833 οὔ
1485 1809 1520 1843 μὴ
1547 1808 1620 1843 φάγω
1644 1810 1707 1844 κρέα
1728 1808 1761 1839 εἰς
1783 1810 1826 1835 τὸν
1853 1810 1944 1843 αἰῶνα,

1147 1853 1188 1878 ἱνα
1213 1854 1249 1888 μὴ
1283 1853 1325 1878 τὸν
1350 1849 1459 1887 ἀδελφόν
1486 1862 1536 1888 μου
1567 1850 1749 1880 σκανδαλίσω.
1782 1856 1833 1880 Καὶ
1865 1854 1946 1880 ἀλλα-

1146 1901 1210 1933 χοὺ,
1235 1896 1329 1922 εἰπών·
1355 1895 1388 1922 *Η
1413 1898 1488 1932 μόνος
1512 1895 1562 1932 ἐγὼ
1585 1899 1630 1922 καὶ
1654 1898 1785 1934 Βαρνάϐας
1810 1899 1858 1925 οὐκ
1882 1900 1947 1936 ἔχο-

1147 1951 1191 1978 μεν
1221 1940 1341 1972 ἐξουσίαν
1368 1944 1413 1966 τοῦ
1446 1943 1482 1977 μὴ
1518 1941 1693 1978 ἓργάξεσθαι;
1723 1942 1782 1974 ἑξῆς
1814 1943 1947 1980 ἐπιλέγει·

1147 1986 1216 2013 Ἀλλ’
1248 1986 1294 2012 οὐκ
1328 1985 1502 2022 ἐχρησάμεθα
1538 1990 1569 2022 τῇ
1605 1986 1710 2023 ἐξουσίᾳ
1745 1989 1847 2024 ταύτῃ,
1884 1989 1950 2015 ἀλλὰ

1146 2031 1230 2057 πάντα
1258 2031 1403 2065 στέγομεν,
1435 2030 1476 2055 ἳνα
1503 2032 1538 2066 μὴ
1568 2030 1681 2066 ἐγκοπήν
1708 2041 1766 2057 τινα
1800 2031 1885 2069 δῶμεν
1911 2039 1949 2069 τῷ

1147 2074 1295 2111 Εὖαγγελίῳ
1315 2078 1360 2100 τοῦ
1386 2078 1512 2111 Χριστοῦ.
1535 2076 1610 2100 Οὕτω
1638 2074 1668 2102 δὲ
1692 2075 1800 2112 φοϐεροῦ
1823 2075 1949 2113 δειχθέν-

1147 2130 1190 2150 τος
1216 2123 1262 2146 τοῡ
1286 2118 1328 2145 ἐπὶ
1351 2122 1406 2150 τοῖς
1432 2118 1456 2144 ἐν
1480 2119 1587 2155 ἐξουσίᾳ
1611 2122 1736 2156 κειμένοις
1761 2120 1948 2152 σκανδαλίζειν

1146 2166 1189 2190 τὸν
1212 2162 1333 2200 ἀδελφὸν,
1354 2165 1381 2189 τί
1403 2164 1433 2189 οἶν
1452 2173 1492 2194 τις
1516 2165 1584 2190 εἴποι
1604 2167 1662 2201 περὶ
1677 2169 1726 2190 τῶν
1747 2165 1771 2191 ἐν
1785 2170 1821 2200 τῷ
1840 2167 1874 2192 τὰ
1893 2165 1948 2192 ἀπ-

1148 2211 1309 2246 ηγορευμένα
1340 2212 1422 2235 ποιεῖν
1456 2209 1470 2238 ἦ
1504 2208 1586 2244 λέγειν
1621 2208 1866 2244 σκοτιὸαλιζόντωη
1901 2215 1948 2238 καὶ

1145 2254 1262 2290 μάλιστα
1282 2255 1341 2280 ὅταν
1363 2254 1378 2284 ἦ
1406 2258 1502 2289 γνῶσιν
1525 2255 1592 2290 ἔχων
1615 2257 1801 2292 περισσοτέραν
1822 2258 1947 2292 φαίνηται

1146 2300 1158 2324 ό
1184 2296 1380 2332 σκανδαλίζων,
1406 2299 1420 2328 ἢ
1451 2298 1476 2324 ἐν
1502 2298 1597 2334 βαθμῷ
1622 2298 1776 2330 ἐξετάζηται
1803 2301 1946 2337 ίερατικῷ·

1146 2344 1181 2377 ὃς,
1198 2344 1284 2380 ὥσπερ
1310 2345 1392 2369 κανὼν
1416 2345 1460 2369 καὶ
1481 2344 1563 2374 τύπος
1586 2343 1690 2380 ὀφείλων
1715 2346 1874 2381 προκεῖσθαι
1892 2350 1947 2376 τοῖς

1146 2387 1248 2421 ἄλλοις,
1263 2387 1310 2413 κᾶν
1340 2387 1432 2425 βραχύ
1457 2397 1482 2413 τι
1503 2386 1603 2425 παρίδῃ
1629 2392 1679 2414 τῶν
1700 2392 1887 2426 γεγραμμένων
1900 2412 1907 2425 ,
1929 2392 1943 2420 ἡ

1146 2433 1248 2470 πράξας
1269 2434 1299 2459 τὸ
1323 2432 1507 2469 κεκωλυμένον,
1528 2433 1543 2462 ᾖ
1568 2432 1672 2460 ἐλλιπὼν
1693 2435 1722 2459 τὸ
1745 2438 1946 2472 προστεταγμέ-

1388 2495 1413 2512 ¹¹²
1434 2495 1519 2524 Rom.
1540 2503 1600 2528 xxv,
1619 2496 1664 2532 2!.
1680 2531 1685 2532 γ
1702 2496 1728 2532 τξ
1747 2496 1848 2525 Matth.
1870 2506 1945 2532 xvut,

1337 2532 1360 2548 ττ
1382 2533 1392 2559 l
1414 2532 1478 2559 Cor.
1500 2539 1536 2565 Ix,
1559 2534 1584 2566 6,
1623 2531 1646 2548 ⁷³
1667 2531 1741 2559 Ibid.
1766 2534 1808 2560 l2.

1183 2603 1220 2638 (9)
1242 2602 1317 2630 Editi
1339 2605 1367 2630 et
1390 2604 1459 2637 Reg.
1481 2602 1586 2630 tertius
1609 2601 1761 2637 ἀπόλλυται,
1777 2606 1868 2638 perit.
1894 2606 1945 2633 Alii

1145 2637 1206 2665 duo
1223 2646 1295 2676 mss.
1319 2638 1444 2676 perinde
1466 2640 1497 2666 ut
1520 2641 1617 2676 textus
1642 2646 1736 2672 sacer,
1751 2637 1800 2667 cui
1823 2641 1945 2676 vulgata

1145 2674 1305 2707 consentit,
1323 2673 1465 2706 ἀπολεῖται,
1477 2674 1596 2708 peribit.

1182 2710 1235 2743 (l0)
1258 2710 1299 2737 Ita
1315 2709 1411 2737 Vossii
1427 2709 1521 2737 codex
1544 2713 1572 2737 et
1587 2709 1636 2737 alii
1660 2712 1729 2737 tres.
1747 2711 1809 2738 Vox
1824 2711 1945 2739 agamu—

1146 2745 1295 2783 σαν-ἀθεεὶ
1308 2745 1338 2772 in
1355 2745 1493 2783 vulgatis.
1507 2746 1567 2774 Nec
1588 2746 1629 2774 ita
1651 2745 1746 2775 multo
1761 2749 1831 2783 post
1851 2749 1945 2778 codex

1146 2780 1229 2809 Collo.
1246 2783 1282 2816 μὴ
1298 2782 1376 2817 μόνος
1390 2780 1451 2817 ἐγώ.
