4058 6192
133 231 3540 270 Μ

1333 497 2244 625 PRZEFATIO
2291 480 2370 550 (α)

179 989 224 1038 t.
253 985 522 1038 Fortasse
544 980 793 1036 nullum
821 984 914 1037 est
939 979 1257 1036 hominum
1287 994 1497 1049 genus,
1527 979 1631 1052 qui
1660 994 1787 1035 ma-
1818 980 1863 1034 Α
1902 993 2039 1034 cum
2051 992 2145 1033 res
2162 976 2434 1033 omnium
2449 975 2806 1045 gravissima
2819 980 3049 1046 agatur.
3079 981 3196 1035 Hoc
3210 982 3410 1038 autcm
3423 997 3552 1040 mu-

109 1074 191 1142 gis
221 1072 536 1128 nocuerint
582 1071 768 1125 bonis
790 1070 1029 1137 studiis,
1057 1085 1246 1142 quam
1275 1084 1506 1135 eorum,
1531 1069 1790 1141 quivera
1900 1083 2015 1124 nus
2029 1083 2154 1125 non
2182 1067 2242 1123 in
2263 1081 2689 1139 quemcunque
2712 1067 3006 1135 convenit,
3039 1069 3144 1124 sed
3164 1069 3226 1124 in
3247 1086 3387 1127 eum
3427 1077 3553 1129 tan-

108 1169 456 1218 sanctorum
496 1163 756 1216 Patrum
809 1160 1036 1232 scripta
1083 1175 1221 1215 cum
1264 1159 1428 1214 falsis
1474 1159 1788 1215 miscuere.
1903 1155 2530 1230 tummodo,quinullo
2547 1154 3102 1228 praeviojudicio,de
3120 1159 3550 1230 rebusjudicet.

113 1254 261 1312 Quot
289 1252 454 1307 enim
486 1250 652 1305 mala
670 1250 820 1305 hinc
842 1255 900 1304 et
919 1249 1066 1304 olim
1084 1252 1224 1306 nata
1247 1249 1384 1317 sint,
1408 1253 1462 1304 et
1491 1248 1670 1303 hodie
1691 1264 1794 1303 na-
1904 1251 2117 1306 Verum
2147 1262 2483 1320 paucorum
2514 1246 2758 1316 estheee
2787 1245 2992 1302 virtus.
3027 1247 3140 1330 Alii
3159 1249 3320 1306 enim
3349 1250 3411 1306 in
3437 1252 3552 1306 cri-

115 1347 381 1404 scantur,
399 1355 602 1403 nemo,
637 1338 748 1412 qui
771 1353 899 1393 non
927 1337 1177 1393 omnino
1205 1353 1408 1392 rerum
1428 1336 1790 1393 ecclesiasti-
1903 1337 2026 1393 ticis
2053 1335 2562 1409 disputationibus
2593 1335 2922 1391 severiores
2950 1341 3108 1408 sunt,
3145 1338 3366 1411 quibus
3405 1340 3554 1397 nihil

116 1446 330 1486 carum
375 1430 545 1484 rudis
587 1428 683 1496 sit,
716 1428 988 1498 ignorat.
1036 1430 1327 1498 Dogmata
1366 1426 1790 1486 obscurantur,
1903 1426 2184 1499 probetur
2209 1441 2418 1480 eorum
2441 1440 2578 1496 quae
2625 1424 2820 1479 cwteri
2867 1425 3175 1496 probant;
3228 1427 3327 1483 alii
3359 1428 3558 1484 indul-

119 1519 427 1574 foedantur
467 1517 754 1582 moralia,
802 1516 1054 1572 historia
1098 1515 1351 1584 vacillat,
1387 1515 1625 1570 traditio
1663 1529 1792 1587 per—
1901 1513 3560 1591 gentiores,quibusindiscriminatimplaceantqumcun-

120 1609 420 1672 turbatur,
453 1612 524 1668 et,
563 1610 630 1661 ut
655 1605 846 1661 verbo
886 1605 1108 1670 dicam,
1143 1605 1190 1659 si
1225 1604 1408 1660 semel
1445 1604 1611 1676 apud
1658 1619 1791 1660 san-
1900 1622 2017 1679 que
2046 1605 2282 1674 avulgo
2303 1609 2545 1676 recepta
2566 1606 2724 1658 sunt.
2759 1605 3049 1676 Utrosque
3075 1621 3556 1677 peccare,nemo,

123 1703 251 1752 ctos
274 1701 474 1752 Patres
498 1696 770 1764 genuina
794 1711 936 1750 cum
959 1692 1309 1750 adulterinis
1324 1693 1787 1765 confundantur,
1901 1697 2136 1769 opinor,
2168 1693 2515 1750 diiﬁtebitur
2549 1710 2562 1748 :
2607 1692 2714 1748 sed
2753 1693 2868 1748 utri
2913 1694 3106 1765 magis
3143 1702 3414 1769 peccent,
3462 1698 3561 1754 alii
3634 1743 3640 1750 .

127 1786 332 1841 omnia
358 1785 515 1840 inter
535 1801 599 1839 se
634 1783 928 1839 confundi
960 1799 1202 1838 necesse
1232 1787 1342 1838 est.
1376 1771 1378 1773 ’
1903 1785 2207 1842 videbunt.
2231 1787 2457 1839 Interea
2477 1797 2610 1854 ego,
2641 1781 2745 1855 qui
2763 1798 2856 1851 eo,
2879 1785 3041 1854 quod
3060 1784 3375 1857 amplexus
3399 1803 3559 1854 sum,

195 1879 244 1928 2.
281 1876 446 1944 Ejus,
479 1873 651 1945 quod
681 1872 827 1941 dixi,
848 1872 994 1927 mali
1013 1871 1413 1944 frequentiora
1437 1874 1575 1927 sunt
1595 1887 1791 1928 exem-
1902 1871 2080 1927 studii
2101 1886 2319 1941 genere
2348 1869 2647 1941 ejusmodi
2663 1871 3028 1942 quaestiones
3058 1874 3294 1931 criticas
3333 1875 3560 1945 agitare

125 1964 254 2036 pla,
277 1979 467 2035 quam
490 1967 559 2016 ut
581 1961 794 2032 aliqua
809 1961 1026 2016 referre
1047 1976 1198 2032 opus
1220 1964 1315 2015 sit.
1351 1960 1413 2015 In
1438 1959 1793 2016 memoriam
1901 1976 2102 2031 cogor,
2117 1960 2299 2016 libere
2325 1959 2573 2031 quidem
2593 1975 2791 2015 meam
2815 1961 3170 2018 sententiam
3194 1979 3558 2036 proponam,

131 2050 645 2108 tamenrevocabo
683 2049 1127 2122 impudentiam
1158 2048 1716 2121 Apollinaristarum
1738 2053 1794 2104 et
1901 2049 2006 2104 sed
2025 2049 2109 2104 ita
2140 2053 2358 2118 tamen,
2399 2052 2458 2102 ut
2490 2048 2728 2120 proprie
2757 2064 2883 2104 non
2901 2049 3192 2119 judicem,
3222 2053 3322 2108 sed
3358 2053 3558 2109 erudi-

140 2141 661 2210 Eutychianorum,
681 2139 947 2210 quicum
961 2154 1068 2194 sua
1085 2154 1192 2210 pro
1210 2138 1454 2193 sinceris
1472 2153 1541 2193 ac
1563 2153 1792 2209 germa-
1902 2143 2099 2195 torum
2106 2136 2403 2208 judicium
2425 2141 2768 2209 exspectem
2789 2137 2869 2193 ad
2886 2138 3312 2208 judicandum.
3346 2145 3432 2200 Ita
3450 2142 3556 2213 igi-

137 2233 227 2285 nis
251 2235 594 2286 sanctorum
624 2233 874 2285 Patrum
905 2229 1138 2301 scriptis
1168 2227 1676 2300 promulgassent,
1712 2228 1792 2285 ita
1902 2232 1998 2284 tur
2022 2226 2323 2283 animatus
2353 2242 2482 2283 rem
2511 2227 2851 2298 aggredior.

131 2326 311 2376 totam
356 2320 722 2375 infestarunt
765 2318 1110 2384 Ecclesiam,
1150 2322 1212 2372 ut
1234 2317 1536 2388 ejusmodi
1568 2317 1789 2373 vulnus
1821 2331 1860 2386 Β
2119 2318 2146 2384 §
2179 2320 2226 2372 t.
2258 2318 2344 2373 De
2373 2317 2638 2372 oratione
2657 2317 2921 2374 secunda
2943 2319 3007 2374 in
3017 2320 3345 2389 jejunium.

135 2409 463 2465 coalescere
485 2425 555 2464 ac
585 2408 791 2464 sanari
823 2407 1086 2463 necdum
1114 2406 1396 2479 potuerit.
1420 2409 1568 2462 Nam
1588 2406 1792 2463 hodie-
1973 2410 2026 2462 4.
2056 2405 2225 2462 Nulla
2255 2410 2343 2461 est
2371 2405 2664 2463 dissensio
2713 2406 2865 2464 inter
2893 2409 3156 2466 eruditos
3185 2410 3260 2467 de
3289 2412 3560 2470 oratione

129 2515 243 2570 que
274 2504 446 2553 tanta
473 2504 562 2553 est
589 2496 891 2552 dissensio
922 2497 1073 2551 inter
1104 2495 1369 2552 eruditos
1402 2495 1476 2550 de
1501 2510 1791 2568 quorum-
1899 2495 2176 2569 primain
2180 2496 2505 2566 jejunium.
2534 2496 2764 2552 Etenim
2778 2501 2901 2553 tam
2921 2496 3167 2569 elegans
3187 2504 3557 2575 est,tamque

133 2587 272 2643 dam
301 2587 666 2658 scriptorum
686 2592 952 2655 auctore,
974 2586 1102 2640 utsi
1130 2584 1265 2657 quis
1288 2588 1393 2640 aut
1410 2583 1614 2653 magni
1634 2583 1792 2640 illius
1904 2584 2116 2640 Basilio
2155 2584 2363 2654 digna,
2395 2588 2462 2640 ut
2505 2584 2559 2640 ei
2599 2585 2877 2640 omnium
2924 2586 3172 2642 calculis
3211 2588 3512 2647 tribuatur
3541 2610 3554 2648 :

130 2673 1793 2749 AthanasizepiscopiAlexandrini,autJuliisummipon-
1901 2675 2008 2730 sed
2045 2675 2119 2730 de
2158 2674 2426 2730 oratione
2451 2673 2720 2730 secunda
2747 2690 2874 2730 non
2902 2691 3094 2732 unum
3140 2678 3414 2734 omnium
3466 2681 3557 2752 ju-

129 2765 318 2827 tiﬁcis.
361 2772 463 2822 aut
488 2765 753 2836 Gregorii
775 2765 1207 2833 Thaumaturgi
1247 2763 1655 2819 testimonium
1687 2763 1788 2818 ali-
1899 2763 2124 2819 dicium
2146 2767 2252 2820 est.
2277 2763 2393 2822 Viri
2423 2762 2752 2818 doctissimi
2779 2763 3184 2822 Tillemontius
3207 2771 3265 2822 et
3285 2769 3554 2842 Dupinus

127 2855 290 2927 quod
322 2855 598 2927 proferat,
620 2854 829 2910 statim
859 2853 1092 2923 audias,
1117 2853 1220 2925 qui
1243 2853 1446 2909 dicant
1468 2869 1590 2908 non
1614 2852 1792 2909 Atha-
1899 2869 2034 2909 eam
2047 2852 2394 2925 habentpro
2416 2867 2557 2908 vero
2581 2852 2914 2910 Basiliifetu
2933 2871 2946 2909 :
2967 2870 3002 2910 a
3018 2855 3242 2926 quibus
3271 2857 3552 2917 dissentit

125 2945 389 3015 nasium,
416 2960 533 3000 non
552 2944 811 3009 Iulium,
843 2958 969 2999 non
997 2941 1341 3013 Gregorium
1375 2943 1521 2998 talia
1537 2941 1786 3012 dixisse,
1899 2942 2578 3014 Erasmus,cujus;verba
2594 2942 2722 2998 haec
2741 2947 2885 2999 sunt
2906 2944 2966 2999 in
2981 2945 3231 3017 epistola
3267 2948 3347 3004 ad
3375 2951 3552 3005 Joan-

125 3032 232 3087 sed
271 3032 728 3105 Apollinarium,
778 3032 953 3102 cujus
996 3031 1136 3087 olim
1178 3031 1469 3102 opuscula
1501 3031 1786 3103 quadam
1894 3049 2038 3090 nem
2059 3033 2398 3089 Cholerum.
2431 3035 2740 3088 Posterior
2780 3033 3027 3091 homitia
3049 3037 3200 3092 mihi
3230 3054 3351 3094 non
3385 3040 3546 3094 vide-

123 3123 376 3178 summis
399 3122 511 3176 illis
525 3122 672 3176 viris
701 3120 958 3176 subdole
984 3121 1201 3177 tributa
1223 3125 1384 3190 sunt,
1403 3137 1525 3193 quo
1554 3119 1786 3175 facilius
1894 3129 1994 3180 tur
2028 3123 2258 3191 Basilii,
2293 3121 2395 3178 sed
2413 3122 2668 3176 studiosi
2693 3123 3030 3192 cujuspiam
3057 3140 3179 3181 sese
3197 3127 3280 3181 ad
3324 3128 3549 3197 prioris

123 3211 588 3282 simplicioresin
611 3225 883 3266 errorem
915 3209 1578 3274 inducerentur.Sed,ut
1613 3225 1774 3264 nunc
1895 3213 2335 3269 aemulationem
2356 3212 2705 3266 exercentis.
2743 3211 3033 3281 Equidem
3054 3229 3172 3269 non
3187 3218 3552 3286 pugnabo,si

121 3299 189 3354 de
202 3301 642 3371 Apollinaristis
659 3299 1112 3370 etEutychianis
1135 3299 1675 3371 taceam,universe
1690 3299 1781 3354 di-
1891 3303 2023 3374 quis
2044 3301 2346 3357 diversum
2371 3299 2586 3356 sentiat
2619 3317 2632 3368 ;
2657 3300 2924 3356 arbitror
2953 3306 3152 3359 tamen
3179 3306 3466 3374 eruditos,
3496 3309 3550 3363 si

119 3405 248 3445 eam
263 3390 579 3445 innumera
592 3389 924 3444 incomoda
948 3389 1275 3446 eodemillo
1290 3406 1361 3445 ex
1389 3389 1779 3460 fonte,ﬂuxis-
1889 3392 2139 3460 propius
2161 3391 2535 3447 admoverint
2558 3391 2779 3461 oculos,
2802 3406 2948 3448 mea:
2960 3394 3271 3451 sententia:
3289 3396 3547 3452 subscri-

120 3478 418 3534 se.\'ideas
430 3478 520 3533 vel
545 3477 992 3533 eruditissimos
1011 3479 1192 3548 viros,
1211 3477 1376 3551 quod
1395 3477 1780 3550 in;ejusmodi
1885 3487 2118 3550 pturos.
2152 3479 2345 3535 Probo
2373 3494 2563 3548 genus
2580 3480 3054 3552 exercitationis,
3069 3488 3134 3538 at
3158 3499 3360 3540 eorum
3371 3487 3546 3555 fucos

121 3567 310 3622 libros
322 3568 663 3624 subdititios
683 3567 1021 3635 inciderint,
1047 3569 1263 3640 quovis
1282 3569 1484 3640 potius
1500 3567 1776 3640 perveni-
1888 3585 2006 3625 non
2021 3567 2539 3638 probo,quinotha
2551 3583 2625 3623 ac
2639 3567 3071 3637 degenerantia
3083 3587 3450 3628 summorum
3464 3575 3545 3630 vi-

120 3670 397 3726 re,quam
418 3671 535 3726 quo
571 3655 1195 3728 volunt,eosdemque,
1229 3655 1456 3712 interea
1479 3657 1626 3710 dum
1650 3671 1774 3711 sco-
1806 3685 1846 3738 ο
1892 3674 2094 3714 rarum
2111 3657 2306 3712 titulis
2319 3656 3000 3724 obtrudunt;orbi.0uod
3016 3657 3416 3716 Tillemontius
3438 3661 3538 3728 ait,

110 3761 260 3816 pum
283 3746 555 3815 attigisse
598 3761 663 3800 se
701 3743 1172 3812 arbitrantur,ab
1214 3761 1287 3802 eo
1321 3746 1544 3818 saepius
1587 3761 1775 3818 quam
1886 3744 2075 3803 videri
2105 3747 2421 3799 Erasmum
2454 3743 2843 3815 posteriorem
2869 3745 2942 3799 de
2959 3748 3198 3815 jejunio
3229 3747 3540 3806 homiliam

107 3832 463 3902 longissime
480 3832 944 3888 abesse.Credas
961 3832 1291 3905 aliquando
1313 3833 1772 3906 antiquissimos
1886 3852 2008 3892 non
2016 3835 2095 3891 ob
2106 3833 2289 3890 aliam
2301 3833 2626 3905 causamin
2639 3833 2858 3906 spuriis
2871 3835 3361 3910 posuisse,quam
3374 3841 3542 3911 quod

110 3921 577 3990 etgravissimos
601 3921 920 3993 scriptores
935 3937 1134 3977 rerum
1147 3922 1642 3991 gravissimarum
1667 3929 1776 3978 tes-
1886 3925 1950 3981 in
1985 3925 2187 3981 multis
2217 3939 2357 3979 cum
2378 3923 2576 3996 prima
2603 3924 2958 3988 consentiat,
2992 3925 3152 3982 credi
3174 3932 3368 3999 potest
3398 3933 3543 3988 Era-

107 4016 195 4064 tes
210 4010 782 4079 adhiberi,ettamen
797 4010 842 4064 si
855 4026 948 4064 res
961 4012 1238 4067 attentius
1251 4011 1779 4080 consideretur,ho-
1887 4015 2342 4088 smiepistolam
2359 4031 2483 4070 non
2500 4014 2894 4085 legisse.Nam
2915 4032 2988 4072 ex
3003 4018 3053 4087 ej
3065 4034 3132 4073 us
3148 4019 3345 4074 verbis
3361 4020 3540 4092 plane

108 4099 290 4154 minis
319 4105 376 4154 et
404 4099 799 4154 recentissimi
839 4103 894 4154 et
941 4099 1338 4173 δωρειᾶεεὶωῆ
1369 4101 1775 4156 testimonium
1887 4109 2121 4162 constat
2137 4120 2270 4161 eam
2301 4104 2638 4160 orationem
2681 4120 2750 4160 eo
2780 4107 3029 4161 nomine
3050 4106 3162 4162 sibi
3195 4114 3539 4180 suspectam

103 4188 556 4258 profertur.Etsi
572 4192 774 4243 autem
796 4187 897 4242 illa
917 4189 1090 4260 quasi
1111 4189 1236 4244 lues
1251 4189 1773 4263 neminipepercit,
1886 4196 2077 4251 visam
2107 4193 2486 4266 fuisse,quod
2507 4209 2544 4249 a
2563 4193 2779 4265 prioris
2797 4193 3091 4264 elegantia
3112 4199 3294 4268 atque
3319 4197 3542 4254 festivi-

106 4282 315 4332 tamen
344 4278 552 4332 nescio
590 4277 900 4349 quomodo
927 4279 1194 4348 contigit,
1228 4285 1290 4335 ut
1314 4279 1570 4335 Basilius
1603 4281 1776 4352 pejus
1885 4288 2006 4341 tate
2034 4283 2355 4354 degeneret
2385 4300 2397 4333 :
2431 4282 2492 4337 in
2515 4297 2637 4353 quo
2668 4297 2831 4348 eum,
2864 4287 2929 4338 ut
2954 4299 3161 4338 verum
3182 4284 3388 4356 fatear,
3413 4304 3536 4344 non

111 4381 182 4420 ea
226 4366 287 4420 in
337 4381 403 4420 re
433 4381 622 4437 quam
658 4365 757 4421 alii
799 4367 991 4422 sancti
1025 4370 1222 4423 Patres
1258 4372 1540 4440 acceptus
1567 4369 1660 4426 sit.
1693 4372 1777 4424 lta
1885 4374 2136 4431 omnino
2157 4389 2194 4429 a
2223 4387 2361 4427 vero
2392 4372 2604 4428 abesse
2635 4376 2802 4443 puto.
2837 4373 3008 4437 Quod
3035 4373 3199 4430 addit
3225 4375 3538 4434 Tillemon-

117 4455 276 4509 enim
324 4470 468 4510 vera
520 4456 648 4524 ejus
689 4455 910 4526 scripta
960 4457 1402 4527 permiscentur
1449 4457 1640 4526 falsis,
1690 4463 1772 4521 ut,
1887 4465 2024 4534 tius,
2055 4461 2446 4535 posteriorem
2466 4461 2625 4516 hanc
2649 4460 3004 4517 concionem
3035 4463 3206 4519 citari
3235 4481 3272 4520 a
3305 4467 3538 4525 Joanne

121 4543 243 4596 nisi
273 4543 385 4598 alia
409 4543 485 4599 ab
519 4544 651 4598 aliis
677 4543 990 4614 diligenter
1034 4545 1503 4619 distinguantur,
1541 4547 1777 4603 errandi
1885 4555 2258 4610 Damasceno
2279 4549 2428 4606 etab
2448 4549 2862 4620 Euthymio,id
2876 4566 2998 4606 non
3014 4552 3254 4624 esttale,
3274 4555 3541 4628 utipsius

117 4631 365 4687 occasio
393 4633 626 4704 passim
657 4632 990 4702 legentibus
1041 4635 1346 4692 ofieratur.
1887 4641 2245 4698 sententiam
2263 4639 2520 4694 multum
2539 4638 2872 4709 confirmet,
2891 4656 3030 4695 cum
3053 4641 3388 4700 adulterina
3401 4647 3541 4702 scri-

187 4725 240 4775 3.
271 4722 405 4777 Scio
430 4721 682 4794 quidem
715 4722 872 4778 viros
901 4722 1278 4780 doctissimos
1298 4724 1538 4780 duobus
1558 4724 1778 4781 abhinc
1886 4735 1990 4804 pta
2001 4744 2364 4801 magnorum
2379 4727 2647 4782 virorum
2661 4728 2903 4782 nomine
2922 4728 3000 4784 ab
3015 4730 3274 4803 antiquis
3291 4734 3543 4806 scripto-

111 4812 352 4867 seeculis
371 4812 432 4867 in
452 4828 526 4867 eo
555 4813 884 4884 egregiam,
913 4829 1160 4885 operam
1182 4815 1478 4886 posuisse,
1513 4819 1574 4870 ut
1613 4816 1780 4888 apud
1885 4819 2051 4876 ribus
2083 4834 2204 4874 non
2232 4833 2369 4872 raro
2393 4815 2557 4872 citari
2575 4815 2904 4871 videamus.
2926 4819 3044 4886 Ego
3069 4835 3208 4875 cum
3225 4821 3340 4877 hoc
3358 4823 3541 4880 breve

111 4907 362 4955 sanctos
373 4899 573 4956 Patres
590 4901 825 4957 sincera
842 4902 920 4957 ab
938 4903 1284 4958 adulterinis
1304 4910 1774 4974 secernerentur,
1887 4907 2249 4980 opusculum
2264 4905 2545 4976 legerem,
2569 4905 2967 4962 animadverti
2981 4907 3097 4963 alia
3112 4923 3184 4964 ex
3202 4909 3399 4979 prima
3411 4925 3539 4965 ora-

105 5005 310 5062 eoque
329 5006 613 5046 successu
626 5007 754 5046 rem
773 4992 1054 5063 gessisse,
1077 4992 1336 5047 utrebus
1352 5008 1459 5065 per
1478 5009 1542 5048 se
1557 4994 1774 5049 obscu-
1805 5037 1848 5090 D
1887 4997 2046 5053 tione
2072 4999 2314 5067 sumpta
2333 5011 2488 5064 esse,
2521 4995 2640 5050 alia
2670 5011 2741 5050 ex
2763 4995 2976 5052 eadem
3015 4997 3246 5053 imitata
3278 5017 3290 5065 ;
3338 5003 3541 5070 poste-

105 5081 368 5135 rissimis
398 5081 730 5136 maximam
751 5081 949 5136 lucem
981 5081 1280 5138 attulerint
1310 5101 1322 5150 ;
1354 5081 1459 5138 sed
1499 5087 1699 5140 tamen
1727 5086 1776 5140 si
1805 5081 1843 5090 ”
1886 5086 2102 5142 riorem
2158 5084 2472 5140 homiliam
2513 5099 2641 5156 npn
2677 5084 3084 5155 inelegantem
3114 5086 3366 5158 quidem
3388 5104 3541 5158 esse,

99 5170 247 5241 quis
277 5169 509 5241 reliqua
538 5169 853 5242 diligenter
869 5170 1207 5242 expendere
1238 5171 1415 5237 volet,
1446 5173 1774 5244 praestabo,
1887 5173 1994 5229 sed
2015 5175 2277 5244 primam
2303 5171 2812 5242 elegantissimam
2837 5172 3087 5228 :miram
3103 5174 3436 5245 quamdam
3458 5176 3544 5232 di-

102 5273 234 5314 non
255 5257 462 5314 defore
479 5259 562 5314 illi
592 5259 697 5314 ubi
729 5275 793 5314 se
825 5263 1117 5315 exerceat.
1145 5259 1398 5330 Dignum
1426 5276 1572 5317 sane
1603 5277 1777 5331 argu-
1885 5262 2060 5318 cendi
2092 5261 2332 5333 copiam
2363 5261 2426 5316 in
2455 5262 2654 5333 prima
2692 5261 2960 5317 oratione
2992 5263 3262 5334 reperiri,
3295 5280 3431 5336 quae
3483 5266 3544 5321 in

99 5352 387 5405 mentum
431 5351 494 5405 in
508 5349 680 5422 quod
710 5364 1121 5406 omnesomne
1139 5348 1406 5404 studium
1445 5350 1776 5420 conferant,
1888 5349 2158 5408 secunda
2189 5350 2379 5406 multo
2401 5350 2601 5406 minor
2630 5355 2742 5419 est,
2775 5355 2832 5404 et
2865 5350 3186 5420 ejusmodi,
3215 5358 3279 5408 ut
3331 5353 3380 5408 si
3422 5370 3546 5426 qua

173 5551 252 5622 (α)
288 5549 446 5608 Cf.D.
484 5548 664 5606 Prud.
701 5549 987 5603 Maranus
1015 5546 1078 5601 in
1125 5548 1257 5604 Vita
1283 5549 1349 5605 S.
1371 5549 1619 5620 Basilii,
1642 5567 1775 5625 cap]

1029 5562 1078 5601 in
1125 5548 1257 5604 Vita
1283 5549 1349 5605 S.
1371 5549 1619 5620 Basilii,
1642 5567 1820 5625 capp.
1840 5553 1927 5624 41,
1962 5552 2050 5622 42,
2084 5555 2141 5608 et
2169 5554 2257 5607 43.
2279 5552 2431 5606 Emr.
2462 5553 2631 5607 Pun.

585 5651 842 5703 PATROL.
872 5645 949 5700 Gn
976 5646 1157 5702 XXXI.
3120 5659 3144 5710 ί

223 5989 368 6026 ‘rv/

135 6005 314 6063 \y,
