4058 6192
458 253 480 305 ί
498 252 516 303 ί
1960 236 2357 296 ΡΒΕῨΑΤῙΟ.
3807 253 3873 305 12

451 390 601 448 ratio
629 390 789 447 hanc
815 387 1127 445 homiliam
1148 386 1493 459 suspectam
1524 381 1774 439 reddere
1803 379 2013 453 possit,
2034 393 2106 435 ea
2132 363 2180 416 Α
2212 361 2315 459 nio
2345 366 2856 459 COI‘l‘UatPeCeSSG
2880 370 2988 422 θεῖ·
3025 366 3198 433 Quod
3229 370 3432 423 autern
3465 368 3751 426 orationis
3763 387 3871 429 au-

452 480 736 551 maxime,
769 494 905 535 meo
924 476 1170 550 quidem
1194 473 1444 546 judicio,
1474 472 1615 528 inde
1643 469 1830 543 repeti
1851 467 2094 531 debeat,

454 572 588 625 Haec
602 571 798 625 autem
809 568 957 624 dum
967 565 1134 639 apud
1146 580 1240 620 me
1258 566 1624 635 reputarem,
1648 576 1720 616 eo
1736 556 2105 625 inclinabant

451 662 517 714 ut
552 658 711 714 hanc
753 656 1086 713 orationem
1120 653 1274 709 inter
1312 651 1517 725 spuria
1546 663 1920 707 recenserem
1952 664 1963 701 :
2000 645 2107 702 sed
2144 716 2149 723 ~

455 763 595 803 cum
623 763 833 802 rursus
875 744 1205 815 cogitarem
1236 745 1547 798 auctorem
1578 735 1994 796 commentarii
2040 736 2105 790 in

455 836 677 892 Isaiam
704 835 802 906 (a),
827 833 929 906 qui
951 836 1008 887 et
1034 831 1163 905 ipse
1185 832 1400 903 quarto
1424 827 1645 884 saeculo
1666 825 2000 893 vivebat,ex
2012 839 2107 879 ea-

454 924 593 981 dem
612 924 712 980 illa
733 922 1019 979 concione
1049 935 1173 976 non
1201 918 1349 975 nihil
1365 916 1750 988 excerpsisse,
1775 912 2099 969 hierebam.

452 1014 617 1086 Opus
648 1012 808 1069 enim
833 1015 958 1067 tam
980 1008 1318 1081 ‘Antiquum
1342 1020 1467 1061 non
1496 1002 1669 1060 facile
1697 1001 1862 1073 rejici
1883 999 2103 1056 debere

450 1102 806 1168 arbitrabar;
829 1097 1262 1171 eoquejminus,
1289 1093 1454 1167 quod
1468 1093 1663 1167 primo
1690 1093 1936 1163 aspectu
1955 1087 2104 1144 mihi

449 1191 604 1248 lcvia
630 1188 1132 1249 esscviderentur,
1164 1201 1300 1258 quae
1313 1198 1591 1240 morosus
1618 1182 1805 1237 homo
1822 1182 2102 1235 Erasmus

453 1280 772 1351 objecerat.
800 1278 1131 1347 Postquam
1157 1278 1361 1329 tamen
1393 1288 1521 1328 rem
1553 1269 1736 1344 paulo
1755 1266 2103 1337 diligentius

451 1366 847 1436 consideravi,
869 1364 1142 1436 duasque
1158 1363 1268 1418 has
1295 1364 1381 1417 De
1387 1360 1624 1432 jejunio
1637 1359 1937 1423 orationes
1950 1356 2104 1411 inter

449 1475 513 1515 se
535 1455 776 1522 contuli,
809 1453 977 1510 facile
1007 1452 1307 1509 adductus
1341 1454 1574 1521 sum,ut
1603 1448 1997 1522 posteriorem
2039 1445 2102 1501 in

451 1544 795 1606 adulterinis
822 1557 1132 1617 ponerem.
1167 1544 1335 1612 Nam,
1362 1544 1418 1597 et
1437 1538 1580 1604 dixi,
1600 1534 2103 1611 posteriorpriore

451 1642 508 1694 et
528 1635 823 1707 elegantia
859 1637 913 1690 et
943 1631 1118 1704 copia
1157 1631 1347 1687 multo
1384 1628 1632 1686 inferior
1662 1631 1770 1685 est.
1809 1629 2002 1698 Atque
2039 1624 2101 1680 in

2214 452 2642 526 ctor,quisquis
2657 455 2886 522 est,hoc
2923 456 3064 528 ipso
3091 454 3308 512 inloco
3344 456 3741 514 concionatus
3778 461 3868 527 sit,

2215 538 2322 595 ubi
2349 540 2608 614 inclytus
2636 549 2869 616 martyr
2911 544 3187 600 Barlaam
3219 544 3490 617 sepultus
3506 546 3772 617 jacebat,
3812 547 3873 602 id

2214 631 2421 699 negari
2437 646 2560 687 non
2581 632 2800 705 pdtest,
2829 633 2944 688 nisi
2971 633 3049 689 ab
3077 649 3177 698 eo,
3208 633 3313 706 qui
3343 634 3505 690 hanc
3536 635 3873 692 orationem

2214 734 2532 792 nunquam
2557 720 2785 792 legerit.
2820 726 2903 779 lta
2934 723 3095 778 enim
3118 723 3179 778 in
3207 739 3280 778 ea
3310 723 3602 795 scriptum
3642 724 3875 780 inveni-

2213 821 2351 862 mus
2381 823 2505 864 non
2541 809 2719 881 longe
2753 810 2829 867 ab
2863 811 3028 866 initio
3080 813 3244 882 (pag.
3290 813 3409 883 139)
3443 829 3456 867 :
3488 816 3752 885 Λαμπρόυ
3782 816 3873 864 καὶ

2211 897 2335 971 παρ’
2381 899 2505 970 ἡμῖν
2548 895 2654 958 ἤδη
2705 904 2790 952 τὸν
2837 899 3109 973 aptatam
3139 900 3479 974 καρποῦνται,
3524 909 3665 963 ταῐςς
3730 903 3873 975 παρὰ

2211 990 2416 1039 πάντων
2473 987 2659 1051 suam;
2725 992 2999 1063 εῷφημίαις
3053 993 3405 1063 κροτοὺμενοι,
3483 996 3572 1042 καὶ
3652 995 3870 1064 μυρίους

2212 1075 2270 1128 ἐκ
2324 1078 2494 1149 τάφων
2536 1083 2901 1149 σαγηνεὺοντες
2959 1075 3178 1151 δήμους.
3231 1085 3395 1138 Τοῦτο
3422 1075 3488 1137 δὴ
3542 1083 3601 1131 τά
3639 1087 3713 1150 τῷ
3761 1098 3868 1150 Ἰεν-

2132 1169 2153 1187 ’
2212 1170 2340 1237 ναίῳ
2411 1171 2631 1240 τήμερον
2698 1166 2942 1243 Βαρ).αὰμ
3012 1172 3388 1242 πεπραγμὲνόνυ
3450 1177 3631 1239 ἤχησε
3686 1171 3783 1241 γὰρ
3835 1174 3865 1228 ὴ

2211 1255 2462 1328 πολεμικὴ
2513 1257 2604 1309 τοῦ
2655 1260 2915 1332 μάρτυρος
2978 1257 3225 1329 σάλπιγξ,
3276 1262 3363 1309 καὶ
3420 1261 3542 1319 τούς
3596 1266 3692 1319 τῆς
3724 1258 3867 1313 εὗσε-

2210 1344 2352 1408 ϐείας
2404 1346 2635 1412 ὁπλίτας,
2688 1348 2756 1410 ὠς
2805 1347 2978 1422 ὁρᾶτε,
3011 1352 3319 1418 συνήγαγεν.
3365 1347 3765 1418 Splendidam
3814 1351 3869 1405 et

2206 1435 2378 1504 apud
2403 1451 2505 1493 nos
2520 1437 2922 1497 arrhabonem
2929 1440 3061 1507 jam
3078 1437 3510 1508 obtinent,cum
3542 1438 3706 1495 inter
3724 1437 3871 1495 diui-

2206 1541 2323 1583 nas
2349 1526 2807 1584 acclamationes
2828 1528 3093 1586 omnium
3103 1528 3330 1597 plausu
3346 1527 3753 1594 celebrentur,
3771 1542 3870 1598 po-

2210 1617 2531 1688 pulumque
2546 1617 3093 1688 frequentissimum
3116 1632 3145 1673 e
3164 1617 3456 1686 sepulcris
3482 1622 3867 1688 congregant.

445 1728 559 1785 hac
586 1705 723 1783 mea
748 1722 1044 1780 sententia
1069 1720 1462 1778 conﬁrmatus
1497 1734 1655 1788 sum,
1688 1732 1828 1774 eum
1856 1714 2103 1772 memini
2131 1712 2174 1766 Β
2209 1708 2337 1765 Hoc
2349 1707 2541 1775 ipsum
2575 1722 2720 1788 sane
2732 1708 2794 1763 in
2819 1708 2974 1777 forti
2990 1722 3063 1764 ac
3088 1713 3333 1763 strenuo
3356 1707 3656 1763 Bartaam
3692 1705 3867 1763 hodie

448 1816 711 1875 multain
726 1813 993 1872 secunda
1008 1812 1413 1884 legi,quorum
1427 1810 1545 1866 alia
1557 1825 1628 1865 ex
1644 1808 1842 1882 prima
1858 1808 2105 1879 sumpta

449 1911 668 1976 essent,
684 1905 800 1963 alia
812 1919 885 1961 ex
907 1903 1123 1959 eadem
1143 1916 1450 1973 expressa:
1466 1899 1637 1972 quod
1652 1912 1873 1971 parum
1889 1895 2101 1953 decere

444 1995 783 2055 existimavi
794 1991 1282 2067 copiosissimum
1298 1990 1498 2046 virum
1513 1988 1816 2054 Basilium,
1836 1986 2099 2054 cui,cum

442 2087 605 2144 idem
617 2086 1044 2155 argumentum
1063 2080 1158 2137 bis
1171 2079 1324 2135 inter
1339 2076 1829 2136 concionandum
1845 2076 2100 2129 tractare

445 2175 643 2244 vellet,
691 2188 802 2229 nec
841 2185 937 2227 res
983 2184 1094 2225 nec
1122 2168 1308 2224 verba
1336 2182 1612 2239 unquam
1640 2162 1905 2220 defuere.
1939 2163 2005 2216 Et
2024 2174 2099 2216 ne

448 2263 750 2338 quispiam
763 2261 1055 2316 idtemere
1069 2257 1291 2327 dictum
1325 2255 1508 2312 fuisse
1535 2253 1891 2325 suspicetur,
1922 2249 2099 2305 velim

442 2353 607 2423 legat
625 2346 1205 2424 pulcherrimasillas
1224 2347 1309 2402 De
1332 2345 1679 2416 gratiarum
1700 2341 1936 2398 actione
1961 2353 2097 2394 con—

446 2445 649 2501 ciones
677 2445 847 2510 (tom.
878 2442 918 2510 I,
950 2453 1012 2510 p.
1040 2439 1108 2493 2t
1135 2441 1192 2492 et
1213 2436 1347 2507 33“),
1379 2449 1642 2507 quarum
1674 2432 1736 2488 in
1766 2426 2098 2503 posteriore

446 2533 597 2592 nihil
621 2531 904 2605 repetitur
923 2542 1132 2583 eorum
1173 2541 1307 2598 quae
1339 2524 1401 2580 in
1429 2523 1626 2596 priore
1652 2520 1815 2576 dicta
1840 2518 2094 2575 fuerant.

520 2627 548 2693 §
580 2626 648 2679 ll.
681 2623 765 2678 De
784 2620 1055 2677 oratione
1079 2617 1331 2687 septima
1363 2613 1597 2670 decima
1627 2611 1689 2667 in
1729 2609 2028 2665 Barlaam

467 2706 475 2716 ’
1094 2710 1424 2775 martyrem
1435 2746 1448 2759 .

521 2809 570 2861 5.
590 2805 719 2860 Haec
742 2799 951 2867 oratio,
969 2799 1030 2854 in
1054 2792 1562 2869 quapraeconium
1584 2789 1862 2847 Barlaam
1878 2790 2099 2859 marlyo

446 2893 894 2961 riscontinetur,
921 2887 1116 2944 brevis
1144 2884 1394 2958 quidem
1422 2884 1530 2946 est,
1554 2879 1660 2936 sed
1689 2879 1769 2934 ita
1784 2877 2028 2946 elegans
2044 2878 2101 2930 et

449 2980 902 3051 ornata,utejus
914 2980 1142 3045 auctor,
1168 2974 1516 3047 quicunque
1534 2969 1631 3025 ille
1662 2967 1790 3035 fuit,
1815 2969 2101 3039 praestan-

2206 1797 2445 1867 factum
2464 1801 2566 1852 est:
2583 1784 2853 1853 insonuit
2870 1798 3027 1852 enim
3061 1796 3279 1853 bellica
3301 1796 3597 1866 martyris
3629 1796 3864 1860 tuba,et

2202 1887 2449 1957 pietatis
2479 1887 2717 1953 milites,
2742 1892 2813 1943 ut
2840 1886 3471 1953 cemitz's,convocavit
3506 1903 3519 1941 :
3552 1902 3689 1959 quin
3739 1901 3869 1941 ver-

2207 1974 2290 2032 ba
2316 1976 2401 2032 ita
2418 1979 2620 2048 aperte
2648 1965 2973 2032 ostendunt
2991 1975 3149 2031 hanc
3179 1973 3516 2031 orationem
3543 1973 3607 2030 in
3640 1975 3866 2033 eoloco

2207 2064 2676 2122 habitamfuisse
2702 2064 2805 2121 ubi
2821 2080 3039 2137 corpus
3058 2063 3688 2135 beatissimimartyris
3719 2066 3863 2120 θαι-ρ

2204 2152 2371 2210 laam
2391 2154 2710 2211 humatum
2740 2158 2886 2221 erat,
2920 2158 2985 2210 ut
3011 2153 3074 2210 id
3103 2169 3225 2210 non
3255 2156 3464 2227 putem
3494 2151 3855 2226 probatione

2204 2240 2474 2313 indigere
2489 2245 2595 2299 aut
2620 2242 3011 2313 expositione.

2278 2371 2332 2425 6.
2356 2366 2692 2437 Cumigitur
2712 2365 3121 2422 Tillemontius
3152 2365 3379 2437 optime
3410 2364 3657 2421 videret.
3688 2364 3739 2420 si
3761 2366 3869 2421 Ba-

2206 2456 2339 2513 silio
2368 2455 2498 2512 haec
2528 2456 2719 2512 oratio
2745 2470 2870 2515 non
2909 2455 3470 2522 tribueretur,suam
3518 2453 3868 2525 opinionem

2205 2545 2548 2603 necessario
2570 2545 2881 2612 ruituram,
2914 2543 3061 2599 nihil
3102 2543 3307 2599 omisit
3362 2558 3593 2611 eorum,
3642 2543 3867 2616 quibus

2205 2634 2456 2709 probari
2479 2639 2686 2708 posset
2714 2650 2851 2691 eam
2880 2634 3010 2706 ejus
3028 2648 3179 2689 esse.
3216 2636 3281 2688 Et
3319 2632 3585 2704 primum
3616 2632 3865 2711 quidem

2209 2724 2537 2781 afﬁrmanti
2550 2724 2805 2797 Dupino,
2820 2722 3160 2796 scriptionis
3182 2737 3373 2792 genus
3389 2722 3582 2791 magis
3593 2721 3864 2794 phrasim

2211 2813 2625 2887 Chrysostomi
2655 2813 2834 2880 olere,
2866 2827 3054 2884 quam
3092 2811 3305 2881 Basilii,
3329 2811 3411 2867 ita
3434 2809 3779 2885 respondet,
3799 2812 3868 2865 ut

2211 2906 2413 2977 aperte
2434 2902 2728 2973 significet
2747 2918 2809 2958 se
2840 2901 3008 2957 aliter
3037 2899 3255 2956 sentire
3285 2917 3303 2954 :
3335 2898 3553 2955 deinde
3583 2898 3751 2955 addit
3776 2898 3868 2955 vir

2211 2993 2613 3061 doctissimus,
2628 3008 2751 3048 non
2769 2991 3011 3047 solitum
3026 2990 3534 3063 Chrysostomum
3549 2988 3641 3047 bis
3655 2988 3729 3045 de
3744 3003 3868 3049 uno

448 3073 748 3131 tissimum
790 3069 992 3125 locum
1034 3067 1190 3123 inter
1228 3066 1496 3119 oratores
1542 3057 1755 3150 mereri
1788 3055 2101 3150 videatur.
2142 3067 2183 3122 ο
2214 3086 2271 3140 et
2300 3082 2516 3140 eodem
2538 3055 2711 3138 θάλιο
2738 3095 3081 3137 sermonem
3111 3055 3360 3135 h'abere.
3391 3081 3457 3134 Et
3497 3078 3663 3150 quod
3709 3092 3865 3134 nom

450 3155 968 3219 Iidemautemilli,
1001 3169 1157 3228 quos
1190 3155 1366 3207 antea
1395 3146 1728 3212 nominavi,
1770 3141 2103 3200 doctissimi

447 3251 561 3308 viri
588 3245 993 3307 Tillemontius
1015 3248 1070 3299 et
1090 3240 1356 3314 Dupinus
1387 3238 1461 3295 de
1483 3233 1921 3294 eadissentiunt
1952 3232 2105 3307 inter

448 3358 535 3399 se.
559 3337 965 3397 Tillemontius
992 3334 1193 3407 ipsam
1222 3329 1428 3386 tribuit
1458 3325 1675 3384 Basilio
1714 3327 1927 3394 Magno
1973 3322 2051 3393 (ὁ)
2085 3337 2097 3388 ;

448 3431 719 3504 Dupinus
741 3428 1195 3498 Chrysostomo,
1224 3418 1329 3475 sed
1362 3418 1443 3474 ita
1474 3420 1698 3483 tamen,
1732 3418 1798 3469 ut
1828 3411 1972 3468 satis
1996 3411 2103 3466 ha-

444 3499 643 3577 buerit
687 3515 932 3581 dixisse,
974 3513 1133 3569 hanc
1175 3508 1508 3565 orationem
1562 3504 1640 3561 ad
1685 3499 2100 3574 Chrysostomi

444 3608 717 3684 phrasim
741 3604 938 3675 magis
970 3592 1729 3663 accedere,etvcrisimilius
1751 3589 1939 3648 videri
1962 3605 2099 3649 eam

443 3681 717 3757 habitam
748 3695 928 3751 fuisse
959 3690 1132 3747 Antio
1146 3688 1307 3744 shiae.
1341 3681 1642 3756 Suspicari
1664 3681 1915 3738 fortasse
1935 3684 2102 3752 pote-

445 3790 520 3846 rit
549 3787 783 3859 aliquis,
810 3799 941 3839 rem
962 3779 1134 3854 parvi
1163 3774 1455 3833 momenti
1484 3788 1635 3835 esse,
1680 3786 1790 3827 nec
1838 3768 2100 3825 multum

444 3879 662 3936 referre
694 3873 810 3930 utri
835 3871 1185 3930 ascribatur,
1220 3881 1360 3922 cum
1390 3868 1639 3935 uterque
1677 3859 2099 3929 ettidedignus

447 3968 542 4039 sit,
556 3971 612 4022 et
630 3964 843 4022 eadem
882 3957 1230 4017 auctoritate
1244 3953 1405 4026 apud
1421 3950 1686 4039 eruditos
1710 3948 1966 4022 polleat;
1995 3946 2095 4003 sed

444 4035 666 4113 nornita
687 4057 795 4111 est.
831 4049 974 4105 Inde
1005 4047 1166 4103 enim
1198 4042 1446 4101 omnino
1482 4038 1706 4112 pendet
1730 4036 1982 4110 quaestio
2013 4035 2100 4092 hi-

447 4144 686 4209 storica,
734 4157 869 4215 qua:
917 4138 1085 4195 aliter
1134 4132 1282 4191 solvi
1327 4146 1450 4187 non
1484 4132 1698 4202 potest,
1720 4127 1836 4183 nisi
1866 4128 2102 4183 constet

444 4234 561 4292 utri
590 4230 809 4291 ascribi
830 4227 1049 4284 debeat
1076 4225 1205 4281 haec
1234 4218 1690 4278 oratio.Etenim
1722 4217 1770 4272 si
1810 4216 1994 4290 semel
2024 4217 2103 4270 Ba

447 4324 580 4380 silio
599 4322 913 4386 tribuatur,
949 4327 1323 4386 consequens
1351 4309 1479 4377 erit,
1508 4313 1574 4364 ut
1614 4306 1823 4363 merito
1868 4304 2103 4361 dicatur

2212 3172 2412 3229 nullos
2430 3170 2626 3242 magis
2643 3186 2880 3227 movere
2892 3172 3108 3243 potest,
3130 3168 3210 3224 ait
3226 3184 3358 3224 eam
3382 3166 3713 3223 orationem
3737 3168 3869 3238 jam

2211 3261 2449 3335 pridem
2474 3252 3005 3331 ascriptam'fuisse
3031 3256 3268 3324 Basilio,
3296 3271 3436 3311 cum
3458 3255 3590 3326 ejus
3623 3256 3870 3317 nomine

2211 3352 2420 3408 citetur
2440 3350 2502 3407 in
2530 3348 2783 3406 concilio
2812 3346 3088 3419 septimo,
3139 3344 3456 3418 eidemque
3482 3343 3784 3401 tribuatur
3808 3349 3868 3401 et

2210 3457 2248 3500 a
2283 3443 2512 3497 Joanne
2538 3441 2929 3502 Damasceno,
2963 3439 3070 3491 eta
3100 3433 3510 3508 Metaphraste.
3538 3432 3713 3499 Quod
3737 3448 3870 3506 per-

2208 3531 2357 3587 tinet
2399 3528 2645 3602 quidem
2676 3526 2755 3583 ad
2793 3522 3249 3581 similitudinem
3290 3521 3448 3596 styli,
3486 3526 3591 3579 aut
3647 3520 3872 3586 discre-

2208 3619 2501 3692 pantiam,
2532 3619 2976 3687 argumentum,
3009 3612 3181 3688 quod
3202 3612 3343 3670 inde
3367 3612 3609 3686 petitur,
3625 3610 3872 3668 validis-

2210 3710 2432 3765 simum
2452 3722 2828 3776 esse,nemo,
2859 3704 3098 3776 opinor,
3121 3701 3496 3767 inliciabitur
3521 3717 3535 3753 :
3560 3698 3668 3754 sed
3700 3699 3872 3770 quod

2210 3798 2415 3856 attinet
2450 3796 2528 3854 ad
2556 3796 2935 3857 autoritatem
2988 3790 3237 3847 Joannis
3264 3785 3623 3844 Damasceni
3647 3789 3705 3841 et
3754 3787 3865 3842 Me-

2209 3886 2557 3971 taphrastis,
2591 3880 2940 3943 autconcilii
2972 3878 3234 3955 septimi,
3266 3876 3517 3951 quilibet
3540 3874 3723 3949 paulo
3754 3875 3867 3939 hu-

2211 3964 2450 4034 manior
2497 3973 2666 4030 novit
2715 3968 3017 4043 ejusmodi
3039 3964 3547 4025 testimoniatalia
3571 3979 3867 4036 nonesse,

2215 4071 2280 4124 ut
2298 4083 2371 4123 ex
2394 4065 2466 4121 iis
2497 4061 2721 4136 aliquid
2751 4064 2912 4118 certo
2943 4056 3229 4115 concludi
3257 4055 3467 4130 possit.
3503 4057 3621 4112 Nec
3648 4055 3867 4125 magis,

2212 4163 2279 4214 ut
2305 4154 2453 4213 mihi
2489 4152 2737 4228 quidem
2783 4149 3038 4220 videtur,
3093 4146 3255 4204 valet
3300 4146 3363 4202 id
3417 4148 3867 4217 argumentum,

2212 4246 2469 4321 quodex
2513 4239 2953 4299 consuetudine
2975 4235 3391 4321 Chrysostomi
3422 4236 3547 4308 peti
3579 4233 3869 4305 diximus,

2213 4353 2353 4393 cum
2373 4349 2551 4391 casus
2583 4329 2753 4387 multi
2776 4343 2936 4401 saepe
2965 4324 3243 4385 mutandi
3264 4323 3451 4382 moris
3479 4323 3871 4380 occasionem

445 4408 955 4499 martyrBai‘laam
968 4400 1489 4499 m0r‘e‘?s“b§is.3°
1503 4393 2103 4499 C‘Biaié‘ecaPPadé-
2134 4416 2178 4471 Ι)
2213 4423 2547 4499 praebeant.
2580 4422 2733 4489 Ergo
2763 4417 2826 4473 in
2856 4393 2927 4472 eo
2959 4413 3141 4471 cardo
3166 4413 3252 4473 rei
3279 4413 3551 4483 vertitur,
3583 4414 3649 4467 ut
3679 4414 3866 4481 certo,

444 4503 570 4573 cite,
595 4506 652 4557 et
672 4496 1030 4556 eodemloco
1049 4491 1317 4565 sepultus
1342 4488 1544 4545 fuisse:
1574 4486 1625 4541 si
1674 4486 2108 4556 Chrysostomo

442 4589 752 4650 fatendum
766 4585 894 4652 erit,
908 4587 1181 4641 sanctum
1198 4583 1525 4650 martyrem
1543 4573 1872 4631 Antiochiae
1899 4576 1954 4629 et
1967 4587 2107 4645 pas-

442 4697 577 4738 sum
592 4680 796 4747 fuisse,
812 4681 868 4732 et
892 4673 1214 4748 sepultum.
1246 4672 1310 4725 Et
1330 4672 1493 4733 vero,
1511 4664 1614 4737 qui
1649 4662 2100 4717 Tillcmontium

440 4768 647 4837 secuti,
675 4767 882 4823 dicunt
910 4763 1156 4819 beatum
1189 4760 1519 4827 martyrem
1543 4750 1816 4807 Barlaam
1836 4754 2100 4805 (lesarete

438 4856 835 4933 Cappadociae
850 4859 905 4910 et
918 4856 1223 4909 mortuum
1240 4851 1295 4903 et
1314 4840 1677 4933 tumulatum
1705 4838 1911 4933 fuisse,
1938 4837 2106 4894 nullo

436 4924 942 5017 alioargumento
963 4939 1256 5001 nituntur,
1284 4946 1470 5003 quam
1500 4926 1667 4999 quod
1699 4924 1971 4993 Basilius,
1996 4925 2101 4998 qui

434 5014 720 5095 Caesareae
741 5032 1129 5091 concionatus
1145 5024 1329 5081 fuisse
1350 5014 1971 5086 creditur,orationem
1984 5016 2101 5072 hoc

429 5125 565 5200 ipso
593 5126 655 5183 in
682 5125 817 5182 loco
849 5116 1145 5183 habuerit,
1178 5110 1279 5166 ubi
1300 5106 1607 5164 fortissimi
1636 5104 1873 5162 athletae
1902 5109 2101 5162 tumu-

426 5195 523 5273 lus
550 5212 1082 5275 visebatur.0uare
1109 5202 1158 5258 si
1189 5197 1388 5256 Basilii
1416 5212 1541 5253 non
1557 5196 1651 5267 sit,
1681 5195 2097 5268 ipsorumopi-

493 5360 578 5429 (al
609 5362 758 5421 Lege
781 5349 1175 5429 PrAaathornl,
1200 5361 1263 5400 n.
1306 5344 1460 5429 623i
1487 5342 1577 5429 δέ.
1603 5370 1676 5429 5-
1733 5339 1818 5398 Cf.
1850 5339 1917 5396 ι),
1941 5343 2059 5399 Ma-

422 5413 645 5492 ranj'in
671 5413 803 5483 Vita
836 5426 890 5480 S.
933 5419 1172 5482 Basilii,
1201 5431 1341 5489 cup.
1373 5418 1462 5470 42.
1500 5413 1669 5471 Emr.

2213 4516 2511 4587 quantum
2542 4509 2604 4565 in
2634 4504 2938 4581 ejusmodi
2967 4503 3147 4560 rebus
3168 4501 3299 4559 ﬁeri
3343 4505 3563 4580 potest,
3606 4515 3645 4557 a
3686 4498 3871 4561 nobis

2213 4603 2613 4673 cognoscatur
2624 4596 2813 4654 utrius
2828 4592 3105 4667 phrasim
3118 4596 3175 4650 et
3210 4606 3445 4648 morem
3460 4589 3657 4662 magis
3672 4588 3875 4663 sapiat

2210 4692 2341 4748 haec
2361 4690 2571 4761 oratio,
2606 4685 2875 4761 Basiliine
2912 4699 2992 4739 an
3023 4680 3436 4755 Chrysostomi
3463 4697 3476 4738 :
3509 4678 3676 4757 quod
3702 4691 3870 4735 nunc

2210 4781 2388 4839 nobis
2410 4759 2885 4837 examinandum
2916 4772 3337 4847 proponimus.

2282 4912 2336 4962 7.
2371 4908 2506 4962 Hac
2534 4900 2726 4959 oratio
2744 4913 2886 4959 cum
2904 4895 3264 4961 brevissima
3294 4894 3387 4965 sit,
3430 4891 3636 4965 aliqua
3661 4888 3870 4957 simili-

2210 4994 2434 5053 tudinis
2454 4998 2559 5051 aut
2583 4987 3005 5062 discrepantia:
3035 4986 3173 5058 styli
3200 4982 3452 5056 vestigia
3481 4981 3544 5059 in
3579 4996 3651 5038 ea
3701 4979 3872 5036 inve,

2208 5088 2337 5147 nire
2367 5082 2786 5142 difﬁcillimum
2815 5082 2922 5144 est:
2958 5075 3232 5150 experiar
3256 5078 3479 5141 tamen,
3497 5071 3549 5128 si
3568 5085 3693 5144 qua
3712 5068 3868 5135 indi-

2209 5193 2345 5241 care
2367 5173 2622 5249 possim.
2656 5168 2912 5243 Reperio
2957 5171 3159 5233 autem
3186 5163 3282 5232 vel
3311 5163 3444 5238 ipso
3487 5160 3678 5229 initio,
3723 5175 3865 5232 quin

2245 5345 2324 5418 (b)
2348 5339 2575 5399 Tillem.
2608 5337 2647 5391 t.
2678 5336 2763 5403 lx,
2788 5346 2848 5409 p.
2885 5330 2987 5387 685
3013 5346 3027 5399 ;
3058 5329 3212 5400 Dup.
3242 5329 3283 5385 t.
3316 5329 3383 5396 ll,
3405 5340 3467 5399 p.
3504 5324 3627 5380 544.

490 5521 510 5542 ·
540 5517 801 5587 Paginas
836 5510 1096 5587 intellige
1126 5504 1402 5587 editionis
1437 5500 2133 5587 Garne‘rian‘zaquarum
2167 5505 2385 5562 seriem
2406 5499 2571 5587 typ'i‘s,
2596 5490 3001 5587 grassi'pribus
3019 5487 3447 5564 expressimus.
3474 5486 3642 5542 Tom.
3701 5486 3722 5536 l
3759 5481 3861 5539 ed.

418 5566 987 5651 Bened'ijBostrm
1012 5566 1099 5637 ῑῗι
1131 5584 1188 5636 et
1218 5579 1262 5632 Il
1299 5595 1310 5646 ;
1348 5579 1390 5632 ll
1420 5599 1484 5623 ==
1508 5578 1728 5637 nostra:
1758 5576 1798 5629 1.
1830 5566 1901 5629 lli
1927 5591 1939 5642 ;
1970 5599 2033 5623 =
2070 5574 2143 5633 ΙΙΙ
2172 5580 2401 5636 nostra
2431 5566 2491 5630 ξ.’
2505 5572 2571 5627 ιγ
2599 5570 2750 5624 Ευιτ.
2776 5566 2954 5633 ΡΑΤΒ,
