4058 6192
164 235 217 287 l3
1686 230 1766 285 PH

1982 230 2070 286 lo.
2602 194 2607 197 ’
3512 239 3584 294 ιι

164 355 341 411 multo
366 355 565 426 magis
588 355 654 411 in
682 355 1191 430 Chrysostomum
1217 355 1599 419 conveniant,
1630 368 1817 426 quam
1856 358 1904 408 Α
1930 356 2219 423 sostomo,
2249 355 2354 429 qui
2384 355 2623 425 alicubi,
2646 357 2712 413 ut
2739 371 2814 413 ex
2840 357 3014 415 dictis
3044 351 3585 429 constathircum-

166 445 227 500 in
609 444 775 500 Cum
809 446 972 502 enim
1016 446 1152 516 lego
1190 445 1289 501 illa
1320 463 1334 500 :
1377 444 1567 496 Οὐκέτι
1615 444 1817 516 θρήνοις
1929 441 2230 500 locutione
2258 444 2320 500 in
2349 444 2591 501 citanda
2621 446 2923 519 Scriptura
2950 464 3100 504 usus
3129 450 3234 505 est.

171 538 291 594 τοὺς
342 542 441 584 τῶν
480 536 644 604 ἁγίων
695 529 1093 609 δορυφοροῦμεν
1138 537 1410 599 θανάτους,
1460 531 1574 584 ἀλλ’
1625 530 1766 583 ἐνθέο

2003 535 2057 587 8.
2078 532 2323 589 Gravius
2344 538 2432 590 est
2460 533 2627 607 quod
2656 536 2943 608 sequitur.
2987 538 3221 593 Monere
3248 551 3392 607 ergo
3416 538 3589 610 juvat

188 626 397 695 χορείαις
440 628 543 682 τοῖς
596 620 811 674 ἐκείνων
865 623 1235 698 ἐπορχούμεθα
1280 626 1532 696 τάφοις...
1581 619 1790 693 λαμπρὰ

1986 618 2096 676 ulla
2121 620 2241 677 alia
2268 620 2509 679 dicendi
2538 622 2799 680 formula
2835 624 3035 695 magis
3081 624 3363 683 delectari
3406 626 3588 701 Chry-

191 717 265 764 καί
308 712 423 781 παρ’
477 714 607 784 ἡμῖν
666 709 781 771 ἤδη
832 718 921 766 τὸν
980 713 1253 788 ἀρραϐῶνα
1308 719 1650 787 καρποῦνται,
1704 716 1793 762 ταί

1986 712 2290 779 >stomum,
2321 726 2511 783 quam
2539 727 2632 783 ea,
2662 727 2786 785 qua
2805 718 2910 769 aut
2927 713 3111 770 verbo
3137 713 3453 788 φιλοσοφειν,
3485 720 3588 773 aut

188 806 299 875 παρὰ
358 804 572 853 πάντων
661 802 857 866 ἐνθέοις
934 804 1212 877 εὐφημίαις
1282 805 1638 879 κροτούμενοι,
1726 819 1790 851 κα

1983 796 2113 853 arbo
2141 797 2443 871 φιλοσοφίας
2472 799 2534 856 in
2575 799 2948 857 celebrandis
2978 802 3346 874 martyribus
3380 803 3585 861 utitur.

184 896 368 963 μυρίους
430 893 488 944 ἐκ
547 894 732 964 τάφων
790 895 1163 965 σαγηνεύοντες
1216 889 1440 966 δήμους.
1510 891 1647 948 Νοη
1699 904 1786 946 am

1988 885 2236 944 roferam
2273 888 2388 944 hoc
2424 888 2559 945 loco
2597 888 2801 962 aliqua
2829 889 3128 963 exempla,
3159 907 3234 948 ex
3261 892 3485 965 quibus
3513 892 3590 951 de

171 984 680 1051 ptiussanclorum
696 989 952 1040 mortem
976 982 1700 1055 lamentislprosequimur,
1721 978 1825 1035 sed
1933 977 2157 1034 caeteris
2181 977 2438 1049 judicari
2462 979 2683 1052 possit:
2744 980 2849 1037 sed
2897 980 2946 1036 si
2978 980 3116 1053 quis
3160 997 3269 1054 per
3307 998 3436 1040 sese
3459 999 3590 1041 rem

172 1072 438 1141 tripudiis
472 1073 701 1128 divinis
743 1073 1240 1145 circumlillorum
1269 1074 1547 1143 sepulcra
1576 1070 1824 1127 choreas
1933 1065 2189 1139 experiri
2212 1066 2389 1134 volet,
2422 1067 2587 1124 nullo
2612 1068 2852 1139 negotio
2888 1068 3068 1139 longe
3106 1068 3286 1142 plura
3321 1070 3589 1130 invenire

166 1161 497 1217 ducimus...
514 1162 905 1232 splendidum
922 1168 978 1219 et
994 1162 1162 1233 apud
1170 1178 1277 1220 nos
1287 1162 1687 1220 arrhabonem
1689 1161 1825 1230 jam
1933 1156 2167 1229 poterit,
2198 1172 2338 1214 cum
2361 1157 2424 1213 id
2451 1156 2740 1231 loquendi
2763 1172 2951 1228 genus
2976 1157 3209 1231 passim
3237 1159 3301 1215 in
3319 1160 3411 1233 iis,
3433 1177 3591 1234 quas

168 1250 458 1319 Wlml,‘
482 1253 806 1308 cuminter
819 1251 1060 1308 divinas
1081 1252 1542 1309 acclamationes
1561 1250 1826 1307 omnium
1935 1244 2079 1317 dixi,
2134 1246 2551 1318 Chrysostomi
2603 1246 2999 1304 concionibus
3039 1247 3373 1306 adhibitum
3421 1249 3588 1308 inve-

165 1341 800 1415 plausucelebrentur,
814 1342 1223 1412 populumque
1232 1340 1828 1411 frequentissimume
1935 1334 2153 1391 niatur.
2186 1335 2601 1407 Chrysostomi
2626 1335 2806 1406 igitur
2834 1335 2965 1392 haec
3004 1340 3145 1394 sunt
3168 1337 3359 1395 verba
3384 1353 3417 1395 e
3450 1354 3592 1396 con-

168 1432 447 1503 sepulcris
467 1434 861 1500 congregant,
884 1429 1091 1485 audire
1112 1429 1318 1486 videor
1331 1430 1827 1501 Chrysostomum
1937 1424 2107 1482 cione
2147 1426 2213 1482 in
2267 1430 2597 1497 martyrem
2626 1428 2964 1483 Luctanum
2990 1431 3056 1495 (t.
3081 1430 3149 1499 Il,
3180 1442 3242 1500 p.
3271 1428 3395 1500 526)
3425 1444 3439 1484 :
3471 1437 3593 1482 Συν-

169 1523 261 1595 qui
286 1523 349 1577 in
377 1522 450 1576 iis
482 1518 892 1587 orationibus,
925 1534 1079 1592 quas
1110 1519 1186 1576 de
1216 1518 1433 1576 sanctis
1461 1516 1771 1590 martyribi

1988 1514 2064 1566 ⁸ὼν
2103 1518 2205 1590 γὰρ
2260 1515 2470 1582 ἐκεῖνος,
2523 1517 2605 1569 ὅτι
2654 1518 2833 1579 πάσης
2888 1522 3144 1590 τιμωρίας
3187 1521 3276 1570 καὶ
3326 1518 3590 1583 κολάσεως

167 1611 386 1674 habuit,
415 1608 652 1682 passim
678 1608 762 1663 de
796 1623 1012 1664 eorum
1042 1608 1327 1681 sepulcris
1367 1608 1648 1681 loquitur.
1690 1606 1769 1680 Ejl

1989 1600 2111 1667 δους
2161 1605 2491 1677 κατεγέλασε,
2558 1610 2762 1662 καὶ.....
2827 1604 2945 1658 οὒτε
2990 1606 3061 1669 εἰς
3103 1609 3363 1680 κρημνοὺς
3408 1606 3591 1681 ῥίψας,

166 1666 237 1759 r—ei
679 1702 829 1753 sunt
842 1666 1129 1770 exempla
1132 1698 1296 1771 apud
1305 1666 1768 1771 Chrisostomuvp

1989 1693 2057 1745 ire
2112 1698 2185 1755 εὶς
2244 1666 2437 1767 θηρίων
2477 1666 2725 1757 ’ὀδοντας
2790 1666 3283 1768 ἑμϐαλὼνγῖοίχύσε
3333 1666 3591 1770 inde}:

171 1807 340 1866 quam
370 1794 437 1845 ut
463 1787 678 1861 aliqua
704 1785 931 1844 referre
968 1803 1215 1845 necesse
1260 1788 1353 1844 sit.
1403 1790 1640 1858 Contra,
1686 1803 1773 1844 Cll]

1994 1784 2065 1834 ὶαι
2108 1791 2203 1845 τῆς
2237 1791 2330 1835 τοῦ
2368 1783 2515 1856 ἁγίου
2566 1782 2896 1856 φιλοσοφίας,
2939 1788 3048 1841 etc.
3088 1786 3596 1845 Animadvertens

171 1897 345 1954 napa-
369 1879 630 1949 legerim
661 1877 871 1933 Basilii
899 1877 975 1934 de
1012 1878 1233 1934 sanctis
1252 1878 1621 1950 martyribus
1649 1891 1830 1951 paue-
1938 1872 2239 1942 enimille,
2262 1874 2879 1942 omnesuppliciorum
2896 1888 2969 1930 ac
2986 1888 3305 1943 plenarum
3316 1890 3505 1947 genus
3521 1873 3597 1934 ab

173 1972 389 2043 gyricas
414 1968 758 2038 orationes,
788 1965 1089 2023 afﬁrmare
1114 1982 1296 2040 posse
1323 1972 1493 2040 puto,
1523 1982 1830 2041 nusquam
1936 1975 2004 2020 eo
2031 1961 2293 2017 derisum
2315 1962 2521 2032 fuisse,
2546 1975 2742 2032 seque,
2768 1977 2961 2034 neque
2997 1979 3129 2020 cum
3166 1965 3229 2020 in
3253 1966 3599 2034 praecipitia

175 2061 235 2116 in
251 2060 322 2115 iis
342 2058 415 2114 de
443 2062 796 2129 martyrum
817 2055 1064 2112 tumulis
1084 2057 1450 2113 mentionem
1472 2056 1661 2113 ullam
1678 2056 1826 2113 ﬁeri.
1935 2051 2300 2120 projecisset,
2328 2065 2518 2124 neque
2530 2067 2662 2107 cum
2677 2051 2956 2121 ferarum
2976 2052 3284 2123 objecisset
3297 2054 3596 2124 dentibus,

186 2153 285 2206 Nec
308 2148 478 2218 longe
503 2147 704 2218 hujus
734 2144 822 2202 rei
862 2146 1192 2218 queerenda
1228 2162 1415 2204 causa
1451 2151 1559 2204 est.
1614 2150 1829 2204 Notum
1936 2140 2137 2196 sancti
2145 2138 2601 2210 philosophiam
2620 2155 2909 2210 superare
2925 2142 3206 2211 potuisse,
3230 2147 3342 2200 etc.
3366 2146 3449 2202 Ea
3461 2160 3599 2218 quin

177 2243 251 2294 est
276 2237 434 2293 enim
467 2233 789 2308 ejusmodi
823 2234 1097 2307 sepulcra
1125 2226 1614 2308 frequentissima
1650 2235 1832 2292 fuisse
1940 2228 2212 2302 proxime
2242 2228 2511 2302 sequitur
2532 2229 2760 2303 pagina
2782 2230 2934 2302 (327)
2952 2231 3231 2305 exempla
3245 2231 3361 2289 tria
3381 2249 3601 2307 suppe-

170 2328 520 2386 Antiochiaa:
554 2341 704 2399 quae
734 2325 963 2381 rariora
1002 2330 1171 2382 erant
1198 2327 1478 2384 Caesareae
1523 2326 1768 2400 Cappad

1998 2318 2171 2375 tabit.
2206 2320 2404 2375 Unum
2446 2318 2540 2374 his
2576 2317 2776 2375 verbis
2808 2334 3184 2393 expressum,
3234 2324 3321 2376 τὸν
3358 2318 3418 2375 δίς
3453 2321 3600 2395 ἅγιον

173 2417 282 2472 cite.
316 2418 600 2471 Fortasse
626 2414 764 2470 leve
799 2412 1100 2469 videbitur
1137 2414 1303 2487 quod
1334 2414 1580 2483 addam,
1612 2414 1775 2472 adde:

2003 2412 2124 2459 ῦτον
2189 2407 2544 2470 ὑποσκελίσας
2610 2407 2704 2460 οὐκ
2770 2410 3018 2480 ἴσχυσεν,
3102 2406 3227 2463 οὐδὲ
3286 2414 3601 2485 περιεγένετο

170 2512 365 2563 tamen
412 2520 541 2561 non
584 2502 841 2576 pigebit,
887 2502 1034 2559 illud
1080 2503 1373 2574 videlicet,
1415 2506 1582 2579 quod
1620 2505 1682 2561 in
1718 2505 1772 2561 ha

2002 2506 2037 2557 ῖς
2086 2495 2394 2568 φιλοσοφίας
2439 2499 2469 2555 ἡ
2515 2494 2753 2566 κόλασις,
2797 2498 2962 2555 hunc
2991 2513 3131 2555 vero
3158 2505 3434 2556 sanctum
3461 2515 3604 2570 sup-

172 2596 455 2653 concione
480 2593 713 2664 legitur
738 2594 821 2666 (p.
855 2594 1000 2665 139),
1046 2598 1137 2646 καὶ
1186 2596 1256 2656 ὡς
1298 2594 1436 2668 ἔλεγε
1481 2603 1581 2648 τῶν
1633 2614 1774 2649 πιστ‹

2004 2587 2229 2643 'antare
2254 2590 2398 2657 non}
2416 2588 2634 2658 potuit,
2667 2603 2859 2659 neque
2878 2589 3331 2659 philosophiam
3378 2593 3606 2661 suppli-

179 2688 200 2737 ὀ
226 2689 511 2745 Δεσπότης
542 2690 608 2734 Ὁ
637 2684 899 2734 πιστεύων
929 2682 999 2743 εἰς
1030 2681 1140 2756 ἐμὲ,
1180 2687 1289 2740 etc.
1337 2684 1413 2741 Et
1453 2687 1781 2757 quemadnu

2007 2691 2105 2732 um
2135 2676 2298 2733 vicit.
2328 2681 2394 2732 In
2420 2675 2605 2733 altero
2637 2676 2721 2733 ita
2746 2677 3213 2749 Chrysostomus
3240 2677 3527 2751 loquitur,
3559 2678 3609 2732 ἐν

174 2776 307 2830 dum
363 2774 643 2841 ﬁdelium
691 2772 986 2828 Dominus
1028 2772 1267 2830 aiebat:
1318 2796 1347 2824 ‹‹
1382 2774 1497 2842 Qui
1534 2775 1727 2832 credit
1770 2795 1776 2829 ἲ

2010 2773 2199 2847 .λοτρίᾳ
2344 2778 2436 2827 καὶ
2488 2773 2739 2851 βαρϐάρῳ
2780 2780 2934 2849 χώρᾳ
2972 2777 3237 2835 τοσαύτην
3283 2772 3612 2840 ἐπεδείξαντο

174 2877 259 2919 me
278 2864 362 2931 ’,ιι
392 2866 536 2927 etc.,
568 2859 774 2932 potius
805 2858 989 2915 videri
1025 2860 1440 2933 Chrysostomi
1464 2877 1614 2933 esse,
1646 2878 1837 2936 quam
1957 2861 2281 2936 φιλοσοφίαν,
2315 2864 2378 2920 in
2409 2869 2575 2921 terra
2603 2864 2805 2921 aliena
2833 2864 2906 2921 de
2929 2864 3195 2922 barbara
3214 2866 3456 2937 regione
3480 2871 3616 2923 lan-

422 2954 579 3007 Nam
608 2954 669 3005 et
698 2947 842 3005 alibi
879 2949 1243 3023 Scripturam
1269 2951 1458 3009 citans
1482 2953 1836 3025 Chrysosto-
1887 3006 1925 3027 η
1958 2953 2535 3023 lamphilosophiam
2551 2954 2957 3010 ostenderunt.
2988 2954 3058 3009 ln
3079 2954 3251 3011 tertio
3271 2955 3358 3011 sic
3372 2955 3614 3027 legitur:

173 3060 327 3111 mus,
358 3039 625 3097 similem
650 3038 981 3096 verborum
1011 3041 1419 3099 circuitionem
1453 3043 1719 3116 adhibet,
1750 3061 1775 3101 ι

2046 3006 2530 3023 "l"“""l""""'
2557 3006 2803 3010 ""V'_"'
2838 3006 2956 3009 V'VV'V
2990 3006 3058 3009 7—
3085 3006 3243 3011 ’ν’-’ν
3273 3006 3577 3027 “"'O"—
3601 3006 3614 3012 ⁷

2016 3045 2215 3093 ᾎτοίνυν
2246 3043 2295 3094 οἱ
2335 3041 2690 3115 αἰχμάλωτοι,
2730 3046 2818 3094 καὶ
2864 3038 3066 3108 δοῦλοι,
3110 3047 3197 3095 καὶ
3238 3046 3342 3096 νέοι
3380 3049 3480 3118 πρὸ
3522 3051 3618 3107 τῆς

171 3132 371 3189 videre
395 3130 536 3188 licet
564 3131 630 3186 in
665 3144 739 3186 ea
766 3129 1061 3202 oratione,
1090 3146 1277 3204 quam
1312 3133 1386 3188 de
1430 3139 1702 3205 martyre
1735 3136 1773 3190 J

2018 3133 2178 3203 ἑριτος
2198 3132 2460 3189 τοσαύτην
2500 3129 2825 3195 ἐπεδείξαντο
2865 3131 3189 3204 φιλοσοφίαν,
3217 3135 3327 3189 etc.
3375 3134 3446 3191 Si
3481 3149 3620 3206 ergo

178 3224 336 3279 liam
362 3220 603 3278 habuit.
639 3220 782 3289 Ejus
808 3219 937 3276 haec
967 3225 1106 3277 sunt
1121 3221 1307 3278 verba
1330 3226 1478 3290 (tom
1502 3222 1572 3290 ll,
1596 3239 1656 3296 p.
1685 3229 1841 3293 673):
1957 3222 2202 3292 captivi,
2233 3223 2409 3288 servi,
2437 3237 2510 3279 ac
2530 3224 2787 3292 juvenes
2824 3228 2965 3281 ante
3001 3225 3188 3294 legem
3227 3224 3442 3295 gratiae
3484 3229 3624 3281 tan-

178 3317 277 3365 Καὶ
332 3312 417 3362 ἱνα
467 3311 699 3382 μάθητε,
740 3309 823 3361 ὅτι
877 3311 941 3362 τὰ
984 3312 1135 3382 φύσει
1187 3314 1407 3385 φορτικὰ
1450 3315 1540 3364 καὶ
1584 3311 1780 3388 ἁφόρητ

2022 3331 2077 3366 m
2098 3311 2543 3383 philosophiam
2557 3329 2691 3384 prae
2708 3329 2770 3371 se
2796 3315 3090 3385 tulerunt,
3116 3317 3228 3372 etc.
3252 3317 3369 3372 Nec
3391 3315 3624 3373 silentio

180 3408 342 3453 tat-kat
418 3408 480 3471 τῇ
551 3395 713 3451 ε’λπίδ
718 3419 735 3450 ι
800 3406 899 3451 τῶν
965 3399 1249 3471 μελλόντων
1315 3408 1487 3474 κοῦφα
1546 3405 1633 3454 καὶ
1672 3404 1782 3477 ῥᾷο-

2022 3401 2461 3471 'aatereundum,
2499 3419 2636 3460 eam
2666 3403 2956 3477 loquendi
2985 3404 3285 3462 rationem
3325 3420 3521 3479 usque
3552 3421 3624 3463 eo

178 3496 397 3561 γὰεταιη
457 3488 731 3540 ἀκούσατε
806 3493 900 3539 τοῦ
968 3492 1343 3561 πρωτοστάτου
1416 3499 1519 3543 τῶν
1597 3497 1780 3547 τοιοὺτι

2026 3491 2254 3549 acuisse
2283 3492 2740 3566 Chrysostomo,
2768 3498 2834 3551 ut
2863 3509 3002 3550 cum
3032 3493 3215 3566 hujus
3232 3494 3521 3553 orationis
3541 3494 3628 3552 in-

196 3577 423 3647 ὲγαθῶν,
488 3577 754 3649 λέγοντος,
822 3580 894 3628 Τὸ
959 3580 1062 3651 γάρ
1125 3583 1430 3652 παραυτίκα
1479 3581 1697 3658 ἐλαφρὸν
1751 3592 1798 3636 τί

2025 3598 2059 3638 o
2089 3597 2329 3638 sacram
2348 3582 2716 3656 Scripturam
2736 3585 2963 3652 citaret,
2985 3599 3059 3640 ea
3076 3600 3222 3640 usus
3241 3584 3335 3641 sit.
3356 3584 3443 3640 Ibi
3464 3586 3627 3641 enim

191 3666 421 3737 ἇλῐψως
462 3668 576 3719 καθ’
626 3665 918 3742 ὑπερϐολήν
976 3668 1049 3731 εἰς
1101 3669 1387 3744 ὑπερϐολὴν
1436 3672 1640 3726 αἰώνιον
1686 3672 1789 3748 βάρ

2029 3713 2043 3727 .
2074 3673 2200 3739 524)
2219 3670 2305 3727 ita
2337 3670 2624 3743 scriptum
2652 3671 3029 3727 invenimus:
3080 3679 3139 3723 Ὁ
3169 3677 3290 3745 περὶ
3328 3673 3423 3725 τοῦ
3464 3672 3627 3725 πλού-

189 3753 351 3819 δόξης
393 3760 779 3830 κατεργάζεται
828 3759 976 3830 ἡμῖν.
1022 3759 1214 3831 Atque
1258 3766 1325 3816 ut
1372 3762 1728 3834 intelligatis
1757 3779 1791 3821 e.

2025 3780 2051 3811 υ
2136 3759 2496 3833 φιλοσοφήσας
2572 3760 2726 3812 εἰπών
2805 3760 2905 3813 ὃτι⁸
2996 3760 3073 3813 Ού
3161 3760 3627 3834 συγκαταϐήσεται

188 3860 321 3917 quo:
364 3851 593 3903 natura
638 3860 753 3902 sua
788 3846 1007 3916 gravia
1043 3854 1181 3903 sunt
1213 3854 1268 3905 et
1302 3851 1706 3920 intoleranda,
1750 3868 1790 3921 εί

2023 3856 2103 3921 ιτῷ
2149 3851 2179 3908 ἡ
2225 3845 2357 3912 δόξα
2399 3848 2561 3901 αὐτοῦ
2606 3849 2777 3903 ὁπισω
2815 3845 2998 3906 αὐτοῦ,
3046 3849 3165 3918 Qui
3190 3851 3261 3907 de
3290 3852 3517 3909 divitiis
3548 3853 3625 3909 i8-

190 3935 541 4001 fulurorum
599 3936 757 3999 levia
809 3935 987 3992 reddi
1030 3952 1101 3994 ac
1144 3938 1467 4008 facillima,
1500 3940 1851 4013 pra/cetum
1964 3940 2036 3996 tis
2066 3938 2531 4011 philosophando
2561 3939 2771 3996 dixit:
2819 3962 2848 3994 ε
2883 3940 3019 3997 Νοη
3068 3940 3374 3998 descendet
3398 3958 3531 3999 cum
3562 3957 3629 3999 eo

195 4024 411 4080 talium
443 4024 735 4082 bonorum
764 4026 992 4093 audite,
1023 4027 1130 4097 qui
1145 4028 1328 4085 dicit:
1362 4050 1391 4080 «
1412 4031 1489 4087 Id
1508 4032 1664 4087 enim
1697 4032 1856 4104 quod
1964 4030 2163 4102 gloria
2191 4031 2320 4098 ejus
2340 4034 2476 4098 past
2507 4030 2699 4085 eum”.
2717 4052 2745 4080 »
2772 4032 2837 4086 Et
2858 4045 2932 4086 ex
2961 4046 3034 4086 ea
3054 4045 3301 4104 quoque
3331 4031 3625 4099 oratione,

194 4113 261 4167 in
279 4115 563 4182 praemi
583 4119 671 4171 est
699 4120 1178 4173 momentaneum
1207 4123 1263 4173 et
1295 4119 1420 4176 leve
1445 4120 1854 4178 tribulationis
1965 4134 2091 4192 qua
2120 4119 2583 4191 Chrysostomus
2613 4119 2890 4175 omnium
2919 4119 3099 4176 simul
3127 4124 3469 4193 martyrum
3499 4120 3628 4177 lau-

198 4207 434 4270 nostrz,
465 4218 657 4272 supra
684 4203 924 4260 modum
944 4205 1008 4260 in
1030 4205 1401 4265 sublimitate
1419 4216 1707 4267 aeternum
1731 4211 1857 4282 glo-
1967 4207 2076 4265 des
2101 4207 2438 4276 celebravit,
2466 4211 2517 4279 ej
2528 4224 2597 4264 us
2617 4224 2808 4281 quam
2834 4208 2955 4265 dixi
2975 4209 3061 4265 rei
3092 4208 3371 4282 exempla
3402 4209 3631 4282 aliquot

196 4293 305 4346 ria
318 4292 560 4362 pondus
583 4299 877 4363 operatur
903 4296 1074 4351 nobis
1096 4297 1140 4351 '.
1170 4317 1199 4346 ν
1240 4299 1307 4353 Et
1351 4314 1491 4355 vero
1521 4299 1716 4357 notari
1745 4316 1854 4374 po-
1894 4310 1939 4365 1)
1970 4298 2189 4356 referre
2228 4297 2391 4354 libet.
2444 4301 2529 4354 lta
2567 4297 2748 4368 igitur
2786 4297 3055 4371 loquitur
3094 4298 3629 4370 praestantissimus

201 4384 333 4447 test,
364 4382 733 4455 Scripturam
757 4389 1013 4457 utroque
1042 4384 1178 4442 loco
1206 4402 1316 4460 per
1352 4389 1752 4462 periphrasim
1774 4391 1858 4448 ci-
1972 4393 2173 4447 orator
2200 4403 2325 4444 non
2353 4386 2534 4459 longe
2563 4387 2643 4444 ab
2668 4388 2836 4444 initio
2865 4392 2931 4459 (t.
2984 4388 3054 4455 ΙΙ,
3083 4404 3146 4462 p.
3179 4390 3305 4462 651)
3330 4407 3343 4446 :
3395 4395 3479 4448 Μὴ
3528 4393 3631 4465 γάρ

208 4469 335 4526 tati.
361 4473 487 4528 Non
513 4472 678 4528 enim
710 4471 1053 4545 simpliciter
1085 4474 1316 4532 dictum
1341 4481 1447 4546 est,
1480 4485 1571 4531 καὶ
1605 4481 1674 4542 ὡς
1695 4479 1808 4554 ἓλεγ

2028 4500 2063 4534 ιι
2100 4483 2189 4537 τὴν
2238 4476 2505 4552 βάρϐαρον
2549 4478 2718 4530 αὐτῶν
2767 4482 2931 4551 φωνὴν
2969 4474 3115 4551 ἳδης,
3166 4477 3298 4532 ἀλλὰ
3344 4485 3441 4539 τὴν
3485 4480 3630 4553 φιλο-

226 4557 255 4604 ὁ
280 4564 607 4625 Δια-ιοτηςβτ
636 4563 1133 4632 quemadmodum
1156 4566 1447 4624 Dominus
1472 4570 1688 4636 aiebat,
1730 4571 1828 4626 sed

2030 4576 2240 4643 ιφοῦσαν
2266 4566 2433 4619 αὐτῶν
2465 4564 2717 4622 διάνοιαν.
2760 4568 2907 4623 Noli
2944 4569 3099 4624 enim
3125 4568 3446 4626 barbaram
3476 4571 3632 4640 ipso-

218 4650 307 4697 ui
347 4650 408 4711 ὡς
446 4650 581 4722 ἴλεγε
618 4659 718 4703 τῶν
746 4661 947 4704 πιστῶν
975 4655 1001 4706 ὁ
1032 4660 1319 4723 Δεσπότης,
1368 4663 1424 4714 et
1481 4661 1820 4731 quemadmc

2029 4677 2109 4716 tm
2143 4660 2415 4729 linguam
2445 4662 2738 4726 spectare,
2766 4657 2871 4714 sed
2899 4659 3165 4715 animum
3190 4660 3457 4729 ipsorum
3493 4660 3631 4730 phi-

216 4735 351 4793 dum
375 4740 641 4806 fidelium
670 4742 963 4799 Dominus
990 4744 1207 4801 aiebat.
1240 4748 1463 4803 Rursus
1488 4764 1611 4804 non
1642 4748 1866 4823 simpli-
1977 4746 2914 4819 losophiaexcultum.Aliquanto
2927 4746 3630 4820 postlegiturhocmodo:

216 4824 353 4882 citet
378 4827 603 4886 dictum
631 4833 740 4901 est,
767 4829 1137 4886 ἀκούσατετοῠ
1164 4838 1359 4909 Κυρίου
1375 4834 1630 4907 λέγοντος,
1666 4839 1818 4894 audi:

2032 4838 2130 4911 ὁγῳ
2153 4839 2254 4910 γὰρ
2283 4838 2349 4889 τὰ
2391 4842 2612 4888 τοιαῦτα
2650 4835 2944 4909 φιλοσοφεῖν
2991 4834 3143 4890 οὐδέν
3187 4834 3464 4903 δύσκολον,
3496 4839 3522 4890 ὁ
3573 4834 3634 4890 δὲ

224 4913 552 4987 Dominum,
575 4921 684 4991 qui
701 4920 871 4991 dicit,
896 4921 1000 4977 sed
1020 4923 1322 4996 copiosius
1342 4923 1603 4979 ἀκούσατε
1624 4934 1715 4980 τοῦ
1730 4947 1826 5003 προ

2033 4927 2199 5003 ὶρτυς,
2232 4929 2346 4983 etc.
2384 4925 2559 4982 Nihil
2588 4927 2809 4997 quippe
2836 4927 3090 4996 difﬁcile
3108 4927 3302 4984 verbis
3328 4928 3439 4984 hoc
3462 4932 3635 4997 pacto

226 5010 467 5059 τοστοὶτσι
492 5016 592 5060 τῶν
621 5010 872 5061 τοιούτων
889 5008 1117 5082 ἀγαθῶν,
1143 5011 1399 5085 λέγοντος,
1428 5016 1634 5073 audite
1654 5019 1828 5073 taliui

2033 5016 2414 5087 hilosophari,
2437 5021 2500 5072 at
2522 5021 2784 5086 martyr,
2811 5020 2920 5072 etc.
2948 5016 3069 5074 Sub
3084 5017 3269 5073 tinem
3288 5016 3472 5088 hujus
3491 5032 3635 5074 con-

230 5092 507 5153 ὁποι-ατη
546 5099 929 5169 praefectum,
978 5103 1085 5173 qui
1122 5103 1292 5160 dicit.
1351 5104 1604 5162 Basilius
1647 5112 1869 5177 autem,
1983 5108 2174 5166 cionis
2202 5108 2287 5180 (p.
2317 5110 2442 5173 657)
2470 5106 2766 5178 reperitur
2792 5111 2850 5164 et
2878 5106 3032 5163 alius
3068 5107 3237 5164 locus
3265 5108 3371 5176 qui
3413 5112 3470 5166 et
3505 5109 3638 5183 ipse

227 5188 735 5262 cumeSci-ipturis
753 5188 958 5262 aliqua
980 5191 1320 5251 testimonia
1332 5188 1873 5271 aifert,nunquam,
1984 5197 2065 5255 ad
2091 5213 2220 5253 rem
2244 5194 2401 5252 facit.
2436 5196 2536 5251 Est
2593 5199 2794 5252 autem
2841 5195 3139 5267 ejusmodi
3166 5213 3179 5251 :
3240 5196 3514 5251 Ἀνοίλισκι
3566 5199 3637 5262 εἰς

225 5273 384 5342 quod
398 5277 580 5334 sciam
590 5321 606 5345 ,
617 5278 800 5334 simili
810 5278 1133 5337 verborum
1148 5282 1491 5342 circuitione
1504 5285 1705 5361 utitur.
1723 5289 1827 5359 Erg

2036 5291 2125 5353 ἔον,
2167 5289 2290 5339 ὅταν
2328 5284 2481 5357 eam,
2610 5288 2733 5337 ὅταν
2772 5286 3077 5358 ἀφαιρεθῇς,
3133 5281 3353 5339 διπλοῦν
3394 5288 3529 5361 ἔχῃς
3580 5290 3638 5341 τὸ

228 5367 601 5425 controversa
626 5366 761 5424 haec
791 5369 983 5425 oratio
1012 5370 1214 5443 potius
1245 5372 1563 5431 tribuenda
1588 5355 1675 5432 est
1695 5355 1830 5449 Chrj

2037 5372 2191 5452 Ξρδος,
2241 5379 2331 5427 τόν
2369 5391 2424 5425 τε
2459 5372 2514 5425 ἐκ
2571 5382 2667 5434 τῆς
2715 5372 2957 5447 ἀριστης,
3013 5370 3251 5436 δαπάνης
3305 5374 3639 5450 ἀποκείμενον

330 5509 347 5539 ²
374 5506 548 5566 Joan.
570 5524 647 5578 ιι,
677 5512 768 5567 25.
845 5511 943 5569 ²11
971 5511 1103 5570 Cor.
1131 5529 1209 5581 IV,
1242 5518 1327 5571 l7.
1407 5515 1429 5550 ³
1457 5516 1612 5575 Psal.
1650 5533 1840 5592 m'm,
1875 5520 1961 5576 l8.
