4058 6192
485 261 549 312 15
2017 243 2397 304 ΡΒΕῈΔΤΙΟ.
3838 261 3898 320 16

478 400 563 436 σοι
607 382 816 454 μισθὸν,
886 381 975 431 καὶ
1035 379 1129 436 τὴν
1186 376 1242 429 ἐκ
1294 383 1389 438 τῆς
1449 373 1741 448 ὑπεροψίας
1799 373 2119 446 ἐγγινομένηι

2245 373 2412 447 prius
2432 373 2680 446 quidem
2701 375 2940 432 dicendi
2961 391 3154 447 genus
3171 378 3474 448 ejusmodi
3491 395 3644 449 esse,
3664 385 3726 438 ut
3740 385 3896 444 nullo

477 471 776 545 φιλοσοφίαν
817 467 886 530 εἰς
938 470 1025 520 τὸν
1073 469 1250 541 καιρὸν
1309 474 1401 527 τῆς
1457 463 1721 526 ἀπουσίας
1777 463 1948 516 αὐτῶν
1992 482 2131 535 χρη-

479 565 815 634 σιμεύουσαν.
848 558 1139 628 Expende
1163 558 1307 613 illas
1339 551 1402 611 in
1424 571 1516 612 res
1539 557 1735 624 utiles,
1759 555 1902 610 (lum
1924 569 2136 623 suppe-

473 653 628 715 tunt,
658 654 720 704 ut
749 664 882 703 cum
913 652 1130 716 ereptae
1155 645 1415 715 fuerint,
1447 644 1680 713 duplex
1722 643 1836 698 tibi
1876 649 2133 713 quastus

475 739 766 805 obveniat,
795 743 917 792 tum
948 736 1015 792 ob
1030 740 1322 805 paratam
1350 733 1460 789 tibi
1478 734 1832 801 mercedem,
1859 733 2017 803 quod
2038 747 2135 788 eas

475 830 694 898 optime
723 826 1101 896 expenderis,
1158 831 1282 880 tum
1329 823 1400 879 ob
1430 825 1789 894 acquisitam
1823 837 1898 878 ea:
1926 837 2132 877 earum

477 923 816 987 contemptu
856 914 1297 986 philosophiam
1345 919 1400 969 et
1443 913 1828 982 patientiam,
1854 927 1986 981 qum
2025 910 2136 965 tibi

477 1015 596 1064 tum
615 1009 728 1064 erit
746 1009 903 1077 usui,
928 1023 1062 1064 cum
1079 1007 1199 1061 illis
1207 1005 1397 1074 fueris
1409 1003 1747 1059 destitutus.
1761 1005 1826 1056 Et
1841 1000 2133 1073 quoniam

473 1102 755 1171 suscepta
765 1095 1181 1168 estdisputatio
1194 1095 1322 1148 haec
1340 1091 1621 1163 martyris
1639 1107 1822 1148 causa
1838 1090 2130 1161 Barlaam,

473 1187 740 1243 alienum
770 1201 892 1242 non
929 1183 1163 1238 videtur
1193 1180 1425 1252 aliquid
1464 1179 1730 1252 proferre
1774 1195 1847 1235 ex
1885 1195 1956 1236 ea
1999 1195 2133 1235 ora-

473 1277 654 1344 tione,
695 1290 882 1347 quam
909 1273 983 1328 de
1023 1269 1348 1326 fortissimo
1376 1268 1479 1326 illa
1516 1269 1739 1326 athleta
1783 1269 2134 1342 Chrysosto-

472 1382 612 1422 mus
640 1363 867 1420 habuit.
894 1360 1158 1415 Primum
1179 1358 1358 1429 igitur
1379 1363 1670 1415 occurunt
1690 1359 1820 1415 haec
1841 1357 2046 1414 verba.
2069 1358 2132 1428 (t.

473 1459 541 1523 ll,
567 1471 626 1526 p.
653 1452 801 1521 682):
840 1449 1030 1521 Ἀλγῶν
1056 1445 1114 1500 δὲ
1135 1453 1221 1500 καὶ
1241 1451 1488 1520 πάσχων,
1514 1453 1603 1505 τὴν
1624 1456 1720 1500 τῶν
1734 1447 2026 1520 ἀσωμάτων
2041 1443 2134 1499 δυ-

471 1546 667 1614 νάμεων
718 1540 768 1592 ἐν
823 1545 1028 1611 σώματι
1084 1539 1252 1609 θνητῷ
1307 1536 1622 1610 φιλοσοφίαν.
1655 1534 1990 1593 ἐνεδείκνυτο.
2022 1536 2140 1592 Sed

469 1632 674 1686 dolens
700 1644 771 1686 ac
785 1630 1036 1701 patiens,
1073 1628 1564 1697 incorporearum
1586 1627 1874 1683 virtutum
1901 1627 1964 1682 in
1985 1641 2138 1682 mor-

2247 463 2365 520 alio
2387 465 2581 535 magis
2607 463 2937 522 delectatus
2981 466 3053 522 sit
3086 467 3574 538 Chrysostomus,
3610 474 3898 542 posterius

2245 570 2388 611 vero
2404 555 2552 610 inter
2571 570 2642 610 ea
2661 554 2952 626 loquendi
2967 570 3187 624 genera
3198 558 3494 614 recenseri
3509 558 3749 628 debere,
3768 577 3897 634 quae

2246 643 2295 696 si
2322 657 2446 698 non
2471 641 2552 698 ita
2574 642 3002 714 Chrysostomo
3029 644 3227 700 amica
3247 649 3443 702 essent
3463 651 3527 701 ut
3546 646 3696 702 illud
3716 648 3900 720 prius,

2246 735 2306 788 at
2331 731 2385 786 ei
2407 735 2608 786 tamen
2638 732 2899 788 multum
2936 749 3178 805 quoque
3209 733 3531 804 placerent.
3569 735 3713 792 Hinc
3743 742 3903 810 patet

2245 837 2379 878 vere
2406 822 2525 878 dici
2563 822 2826 891 solitum,
2861 824 3009 881 alios
3039 824 3168 880 aliis
3203 824 3510 881 oblectari.
3554 828 3705 882 Cum
3740 829 3900 884 enim

2241 927 2450 967 recens
2471 911 2583 968 sim
2609 929 2646 968 a
2669 912 2922 969 lectione
2944 916 3447 986 panegyricarum
3469 915 3668 971 Basilii
3689 917 3902 974 oratio-

2244 1014 2415 1069 num,
2447 999 2750 1060 afﬁrmare
2773 1001 2916 1057 mihi
2939 1002 3114 1057 licere
3135 1001 3410 1069 arbitror,
3434 1001 3582 1058 illud
3611 1002 3899 1076 loquendi

2245 1103 2456 1160 genus,
2485 1105 2608 1162 quo
2639 1094 2743 1145 aut
2769 1089 3018 1146 verbum
3051 1090 3369 1162 φιλοσοφεῖν,
3405 1096 3508 1146 aut
3535 1106 3654 1146 vox
3685 1091 3897 1163 φιλοσο-

2247 1183 2336 1250 φία
2358 1179 2587 1251 passim
2611 1195 2648 1234 a
2673 1179 3102 1251 Chrysostomo
3135 1179 3456 1236 adhibetur
3491 1179 3572 1236 ad
3621 1179 3898 1238 virtutem

2245 1275 2583 1342 martyrum
2613 1269 3097 1341 signiﬁcandam,
3127 1270 3330 1343 ipsum
3363 1276 3564 1327 tamen
3593 1287 3901 1344 nusquam

2245 1359 2309 1416 in
2337 1361 2428 1429 iis,
2459 1375 2615 1432 quas
2639 1359 2785 1428 dixi,
2815 1359 3007 1416 Basilii
3032 1360 3406 1417 orationibus
3420 1360 3693 1417 inveniri.
3717 1361 3904 1416 Velim

2245 1449 2523 1520 legantur
2542 1449 2922 1522 panegyricus
2942 1448 3056 1504 illae
3073 1449 3393 1519 orationes,
3415 1465 3571 1522 quas
3591 1447 3666 1504 de
3693 1447 3907 1518 glorio-

2247 1537 2499 1594 sissimis
2514 1537 2882 1610 quibusdam
2904 1537 3274 1608 martyribus
3291 1537 3503 1594 habuit
3523 1537 3613 1593 vir
3627 1553 3906 1594 summus

2248 1625 2520 1698 Basilius,
2564 1630 2628 1682 ut
2653 1626 2852 1696 magis
2904 1625 3270 1695 intelligatur
3316 1641 3526 1681 verum
3567 1641 3699 1681 esse
3737 1625 3905 1699 quod

471 1721 586 1776 tati
613 1734 864 1789 corpore
886 1717 1329 1788 philosophiam
1357 1732 1487 1786 pra
1515 1731 1576 1772 se
1611 1715 1866 1785 ferebat.
1913 1714 2135 1771 Deinde
2175 1701 2216 1755 Β
2245 1716 2391 1772 dixi.
2425 1715 2693 1772 Vidimus
2721 1731 2967 1788 quoque
2999 1715 3498 1787 Chrysostomum
3528 1714 3786 1771 libenter
3822 1716 3906 1772 uti

467 1807 642 1866 oﬂ‘ert
668 1824 730 1864 se
760 1807 907 1864 illud
939 1809 1100 1879 (pag.
1135 1809 1300 1874 686):
1337 1805 1398 1858 Εἰ
1421 1802 1479 1857 δὲ
1522 1805 1607 1856 ἐπὶ
1629 1814 1722 1867 τῆς
1757 1804 1990 1866 Παλαιᾱς
2017 1813 2135 1857 Δια-

469 1901 636 1960 θήκης
661 1894 830 1950 ταῦτα
860 1895 1210 1971 ἀπηγόρευτο,
1237 1894 1411 1966 πολλῷ
1437 1894 1630 1966 μᾶλλον
1661 1893 1746 1946 ἐπὶ
1767 1904 1863 1956 τῆς
1885 1895 2127 1969 χάριτος,

467 1989 587 2040 ἔνθα
617 1986 803 2038 πλείων
834 1988 862 2043 ἡ
900 1984 1202 2057 φιλοσοφία.
1239 1983 1408 2050 Quod
1455 1984 1508 2038 si
1557 1983 1682 2040 hazc
1742 1985 1962 2040 Veteris
1999 1986 2046 2039 Τ
2041 2000 2129 2041 es-

469 2077 722 2133 tamcnti
752 2081 1010 2144 tempore
1029 2073 1527 2143 prohibebantur,
1559 2073 1748 2128 multo
1777 2074 1970 2144 magis
1991 2079 2130 2130 tem-

454 2179 608 2237 pore
618 2166 855 2236 gratim,
875 2163 974 2220 ubi
991 2164 1191 2232 major
1212 2167 1292 2218 est
1315 2161 1729 2231 philosophia.
1747 2165 1900 2217 Inter
1915 2166 2128 2220 czetera

461 2255 639 2311 velim
668 2255 944 2324 legantur
969 2269 1106 2325 quae
1137 2252 1599 2323 Chrysostomus
1631 2249 1865 2322 scripsit
1893 2250 1954 2305 in
1981 2255 2125 2308 stre-

459 2343 786 2400 nuissimos
810 2345 1105 2414 martyres
1137 2343 1478 2395 Romanum
1520 2343 1577 2394 et
1618 2338 1942 2404 lulianum,
1981 2339 2125 2395 item

458 2448 595 2505 quae
625 2431 786 2487 idem
818 2429 1054 2502 scripsit
1105 2428 1167 2484 in
1199 2427 1444 2484 beatam
1483 2427 1796 2484 Drosidem
1827 2431 1884 2482 et
1921 2427 1983 2482 in
2013 2431 2124 2484 Ma-

457 2521 740 2578 chabaeos
776 2539 789 2576 :
841 2519 1062 2592 quibus
1101 2518 1164 2573 in
1201 2517 1574 2574 orationibus
1608 2521 1890 2590 praestare
1925 2517 2121 2573 ausim

453 2615 760 2684 repertum
787 2609 856 2665 iri
898 2607 1238 2666 testimonia
1275 2606 1484 2674 multa,
1525 2607 1750 2679 quibus
1790 2607 1958 2679 quod
1996 2606 2120 2663 dixi

452 2699 701 2755 mirifice
729 2697 1130 2755 conﬁrmetur.
1165 2699 1292 2752 Non
1331 2711 1547 2768 parum
1585 2711 1829 2769 quoque
1863 2697 2119 2768 Chryso-

454 2792 652 2844 stomo
667 2786 865 2860 placet
879 2789 1192 2859 pratorum
1209 2785 1583 2858 comparatio
1598 2785 1660 2840 in
1678 2785 2114 2855 signiﬁcatione

448 2877 534 2934 rei
553 2883 737 2950 gratae
759 2891 828 2932 ac
845 2876 1152 2948 jucundae.
1181 2874 1463 2948 Exempla
1488 2874 1738 2947 aliquot,
1762 2879 1826 2930 ut
1844 2874 2112 2947 quidque

447 2970 741 3034 occurret,
774 2965 1112 3036 subjiciam.
1145 2964 1228 3042 lta
1256 2964 1434 3035 igitur
1463 2965 1923 3037 Chrysostomus
1949 2963 2109 3020 locu-

2242 1809 2557 1880 pratorum
2593 1806 3046 1878 comparatione
3078 1805 3157 1861 ad
3187 1804 3578 1861 indicandam
3609 1821 3738 1860 rem
3767 1820 3904 1876 gra-

2241 1900 2399 1964 tam;
2421 1899 2479 1951 et
2499 1900 2701 1951 tamen
2734 1894 2813 1951 ob
2842 1911 2998 1962 eam,
3020 1910 3207 1966 quam
3226 1893 3414 1961 attuli,
3443 1909 3720 1960 causam,
3746 1909 3906 1950 asse-

2239 1990 2519 2042 veranter
2548 1985 2745 2040 dicere
2767 2000 2946 2057 posse
2977 1983 3202 2051 videor,
3225 1983 3376 2039 nihil
3398 1983 3512 2040 tale
3544 1983 3714 2056 apud
3743 1983 3905 2039 Basi-

2235 2073 2385 2130 lium
2411 2074 2654 2147 reperiri
2693 2075 2755 2130 in
2800 2073 2870 2129 iis
2916 2073 3333 2144 concionibus,
3383 2074 3446 2129 in
3495 2073 3724 2147 quibus
3772 2073 3902 2147 ipse

2236 2164 2526 2236 praeclara
2538 2163 3004 2219 fortissimorum
3025 2162 3433 2234 quorumdam
3447 2167 3798 2234 martyrum
3820 2162 3906 2219 fa-

2235 2253 2441 2310 cinora
2465 2253 2668 2309 litteris
2694 2251 2975 2325 prodidit.
3011 2252 3138 2308 Ima
3169 2252 3349 2308 etiam
3398 2253 3528 2308 haec
3577 2257 3906 2324 pratorum

2235 2343 2627 2416 comparatio,
2654 2358 2789 2414 quae
2811 2342 2956 2397 satis
2979 2342 3410 2412 Chrysostomo
3437 2341 3778 2411 arridebat,
3803 2346 3908 2398 Ba-

2234 2431 2434 2487 silium
2466 2437 2588 2488 tam
2613 2445 2829 2503 parum
2857 2430 3205 2492 commovit,
3239 2434 3305 2485 ut
3332 2430 3536 2502 ipsum
3568 2445 3659 2487 ne
3682 2431 3745 2488 in
3777 2430 3910 2488 aliis

2231 2520 2477 2593 quidem
2491 2520 2614 2576 suis
2627 2519 3002 2576 orationibus
3015 2535 3086 2574 ea
3101 2535 3278 2574 usum
3298 2517 3481 2574 fuisse
3498 2524 3740 2592 putem.
3769 2524 3796 2575 ⁴Ι
3804 2537 3905 2577 am

2229 2613 2549 2670 redeamus
2566 2611 2644 2667 ad
2661 2616 3105 2668 controversam
3124 2611 3480 2678 orationem,
3501 2614 3559 2666 et
3581 2612 3902 2668 videamus

2230 2708 2361 2759 uter
2389 2704 2519 2774 ejus
2552 2702 2624 2758 sit
2652 2701 2954 2772 legitimus
2981 2716 3222 2774 parens,
3250 2700 3581 2758 Basiliusne
3606 2719 3688 2758 an
3716 2703 3903 2775 Chry-

2231 2795 2556 2848 sostomus.
2581 2791 2730 2848 Illud
2753 2795 2955 2847 autem
2975 2789 3266 2864 loquendi
3289 2791 3693 2864 genus,quod
3705 2793 3899 2864 Chry-

2230 2886 2497 2938 sostomo
2544 2885 2672 2937 tam
2714 2880 3010 2936 familiare
3054 2895 3186 2936 esse
3235 2879 3496 2944 ostendi,
3527 2895 3657 2952 quo
3691 2885 3898 2937 tamen

2232 2970 2482 3026 Basilius
2521 2969 2582 3025 in
2623 2968 2950 3026 laudandis
2973 2968 3346 3041 martyribus
3388 2984 3700 3041 nusquam
3746 2986 3896 3026 usus

447 3073 543 3132 tus
566 3056 731 3112 estin
753 3054 1024 3128 quadam
1046 3053 1396 3124 0ratione(t.
1418 3056 1485 3109 ll.
1509 3054 1733 3126 p.670),
1759 3069 1879 3125 qua
1900 3069 2112 3109 omnes
2157 3054 2197 3109 C
2229 3060 2415 3116 fuisse
2447 3061 2830 3133 comperitur,
2870 3059 2932 3114 in
2962 3074 3056 3127 ea,
3089 3058 3164 3114 de
3194 3074 3317 3132 qua
3347 3057 3569 3130 agitur,
3614 3060 3897 3116 oratione

448 3146 631 3204 simul
695 3149 990 3216 martyres
1027 3143 1280 3200 laudat:
1331 3142 1488 3195 Ἀλλὰ
1538 3148 1730 3204 κήποις
1773 3139 2113 3216 ἐνδιατρῖψαι

451 3236 650 3310 βούλει,
674 3239 762 3286 καὶ
787 3234 1002 3305 λειμῶσι
1022 3237 1108 3283 καὶ
1136 3229 1477 3306 παραδείσοις
1555 3234 1769 3289 Verum
1791 3233 1945 3288 enim
1973 3248 2113 3289 vero

445 3327 513 3382 in
553 3325 741 3382 hortis
785 3323 1018 3380 versari
1059 3324 1251 3392 cupis,
1303 3323 1367 3377 in
1404 3323 1602 3391 pratis
1641 3329 1694 3378 et
1745 3322 2056 3378 viridariis
2087 3325 2115 3376 ?

447 3416 565 3472 Nec
607 3413 688 3469 ita
730 3411 920 3468 multo
957 3410 1114 3467 infra
1157 3427 1317 3480 eum,
1368 3427 1553 3482 quem
1591 3410 1739 3480 dixi,
1776 3409 1978 3466 locum
2028 3410 2112 3466 sic

447 3521 656 3563 rursus
702 3503 916 3573 legitur
965 3519 978 3557 :

449 3600 688 3666 ανίωμεν,
738 3595 841 3645 ἀπὸ
899 3595 1074 3665 μύρων
1127 3599 1507 3664 πνευματικῶν,
1556 3592 1659 3643 ἀπὸ
1715 3589 1972 3663 λειμώνων
2029 3594 2112 3643 οὺ-

448 3690 653 3759 ρανίων,
695 3687 803 3740 etc.
839 3684 937 3740 Ita
966 3698 1196 3752 semper
1232 3697 1270 3738 a
1307 3681 1682 3750 martyribus
1711 3687 2109 3754 revertamur,

449 3775 526 3832 ab
549 3774 870 3846 unguentis
886 3772 1334 3843 spiritualibus,
1353 3787 1389 3828 a
1407 3771 1603 3827 coelest
1611 3770 1739 3826 ibus
1757 3771 1977 3840 pratis,
1997 3775 2108 3827 etc.

450 3864 684 3920 Discere
713 3862 866 3930 licet,
896 3866 962 3917 ut
991 3860 1220 3929 monui,
1244 3876 1315 3916 ex
1336 3877 1408 3916 ea
1429 3859 1737 3926 concione,
1761 3875 1854 3931 qua
1881 3859 1955 3914 de
1979 3876 2111 3915 san-

451 3953 717 4010 ctissimo
739 3955 1002 4023 martyre
1025 3954 1295 4006 Romano
1317 3949 1524 4004 habita
1546 3953 1655 4015 est,
1676 3955 1905 4005 certum
1923 3949 2111 4020 quod-

449 4043 593 4100 dam
611 4040 846 4098 dicendi
863 4056 1054 4110 gcnus
1073 4053 1368 4111 perquam
1380 4036 1672 4092 familiare
1686 4037 2111 4108 Chrysostomo

448 4133 660 4189 fuisse:
687 4145 894 4186 rursus
924 4146 996 4185 ex
1025 4127 1238 4184 eadem
1262 4126 1462 4182 locum
1493 4141 1792 4198 promam,
1824 4140 1947 4196 quo
1975 4140 2112 4196 pro-

449 4222 584 4278 bari
614 4220 801 4294 possit
830 4235 987 4289 eam,
1019 4217 1093 4273 de
1125 4233 1250 4289 qua
1279 4231 1442 4271 nunc
1473 4215 1689 4284 agitur,
1721 4213 1957 4270 dicendi
1989 4214 2110 4270 for-

448 4311 680 4369 mulam
706 4309 820 4382 ipsi
849 4323 1093 4380 quoque
1114 4321 1238 4362 non
1267 4320 1484 4377 parum
1503 4303 1822 4376 placuisse.
1847 4303 1986 4373 Ejus
2007 4318 2110 4358 au-

1037 3505 1217 3563 Οὕτως
1275 3499 1354 3552 ἀεὶ
1404 3499 1505 3553 ἀπὸ
1545 3509 1644 3552 τῶν
1692 3504 1969 3574 μαρτύρων
2019 3501 2110 3553 ἐπ-

2225 3149 2506 3221 usurpari
2543 3148 2982 3205 animadverto.
3019 3151 3083 3202 ln
3120 3147 3444 3220 ipsagenim
3476 3146 3562 3204 ita
3595 3148 3897 3221 scriptum

2222 3237 2437 3308 legitur
2467 3237 2657 3310 (apud
2689 3236 2860 3292 Basil.
2896 3244 2934 3293 t.
2987 3240 3050 3303 II,
3081 3252 3166 3309 _p.
3216 3238 3372 3307 139):
3424 3242 3897 3310 Διασκαπτὸμεναι

2223 3327 2441 3400 πλευραὶ
2509 3323 2893 3388 δεδαπάνηντο,
2953 3325 3060 3376 ἀλλ’
3111 3327 3140 3382 ἡ
3204 3332 3295 3376 τοῦ
3355 3331 3690 3399 φρονήματος
3748 3327 3897 3384 ἡνθει

2224 3416 2523 3489 φιλοσοφία.
2559 3417 2833 3485 Perfossa
2859 3416 3056 3471 latera
3078 3414 3578 3471 absumebantur:
3605 3417 3714 3472 sed
3731 3432 3900 3474 men-

2224 3507 2297 3562 tis
2321 3506 2706 3576 philosophia
2729 3505 3060 3574 efﬂorebat.
3087 3503 3362 3560 Similiter
3381 3507 3770 3575 comparatio
3794 3505 3902 3562 illa

2222 3599 2556 3666 pratorum,
2585 3609 2723 3666 quae
2746 3593 3173 3664 Chrysostomo
3212 3607 3336 3648 non
3381 3593 3622 3661 ingrata
3653 3597 3809 3661 erat,
3842 3599 3904 3651 et

2222 3684 2358 3757 ipsa
2385 3699 2629 3757 quoque
2659 3684 2722 3739 in
2750 3698 2840 3751 ea,
2870 3682 2945 3738 de
2975 3698 3099 3754 qua
3129 3696 3292 3737 nunc
3332 3682 3753 3737 controversia
3786 3688 3901 3749 est,

2222 3774 2490 3830 oratione
2511 3789 2548 3829 a
2572 3772 2842 3844 quolibet
2868 3771 3028 3827 cerni
3057 3773 3267 3842 potest.
3304 3768 3416 3823 Sed
3447 3768 3655 3839 ipsum
3684 3773 3904 3827 aucto-

2222 3879 2370 3931 rem,
2403 3863 2676 3935 quisquis
2707 3864 2814 3926 est,
2847 3858 3054 3915 audire
3082 3860 3347 3928 praestat.
3378 3854 3678 3924 Sicigitur
3699 3857 3907 3932 loqui-

2222 3957 2318 4006 tur
2341 3950 2529 4022 (apud
2555 3948 2724 4004 Basil.
2749 3963 2809 4019 p.
2848 3948 3012 4017 HO):
3058 3944 3416 4018 Κολαστήρεον
3456 3943 3610 4007 ξύλον
3653 3948 3728 4009 ὡς
3780 3969 3902 4002 σω-

2222 4045 2394 4112 τήριον
2451 4037 2833 4109 ἀσπαζόμενος,
2886 4034 3170 4107 κλείσμασι
3224 4031 3612 4107 δεσμωτηρίων
3667 4039 3742 4099 ὡς
3793 4038 3906 4090 λεί·

2221 4134 2360 4199 μῶσι
2389 4132 2715 4200 τερπόμενος.
2742 4124 3046 4194 Supplicii
3070 4125 3303 4194 tignum
3325 4124 3487 4180 velut
3504 4125 3794 4183 salutare
3812 4142 3905 4182 os-

2222 4215 2570 4277 culabatur,
2599 4215 2780 4284 septis
2817 4229 3134 4270 carcerum
3172 4228 3278 4270 ceu
3313 4215 3510 4283 pratis
3549 4215 3905 4284 gaudebat.

2223 4305 2540 4372 Quomodo
2570 4320 2715 4375 ergo
2747 4303 2980 4375 Basilio,
3013 4319 3152 4359 cum
3182 4303 3257 4360 de
3296 4308 3565 4376 martyre
3610 4306 3904 4363 Barlaam

448 4405 567 4457 tem
599 4377 896 4455 haec-sunt
925 4377 1110 4453 verba
1139 4396 1204 4467 (t.
1241 4398 1308 4465 lt,
1353 4409 1413 4466 p.
1461 4393 1623 4463 614):
1681 4398 1778 4445 Καὶ
1823 4394 1996 4466 ὥσπερ
2056 4392 2107 4444 ἐν
2146 4377 2192 4432 Ῑ)
2223 4393 3022 4462 sermonemhaberet,venit
3045 4393 3106 4448 in
3132 4397 3394 4449 mentem
3409 4392 3492 4448 uti
3507 4394 3904 4466 quibusdam

451 4491 562 4563 ἰερᾲ
622 4495 804 4560 πομπῇ
877 4489 1204 4560 χορεύοντες,
1276 4488 1366 4535 καὶ
1442 4482 1493 4534 ἐν
1559 4482 1768 4554 λειμῶνι
1831 4485 2106 4544 παίζοντες

449 4579 676 4653 χλοερῷ,
721 4576 856 4628 οὕτω
891 4577 984 4637 τὰς
1029 4577 1287 4649 τιμωρίας
1334 4576 1553 4633 ἕκαστος
1586 4575 1835 4646 ἣρπαζεν·
1879 4571 1958 4626 Εἰ
2013 4588 2108 4628 ve-

453 4667 541 4723 lut
568 4668 630 4722 in
660 4680 839 4721 sacra
863 4679 1089 4734 pompa
1119 4663 1368 4719 choreas
1400 4662 1703 4726 ducentes,
1737 4667 1792 4716 ct
1833 4663 1896 4716 in
1928 4661 2112 4717 viridi

440 4763 624 4830 prato
652 4755 936 4826 ludentes,
967 4756 1052 4810 ita
1081 4753 1413 4822 arripiebat
1448 4751 1856 4823 unusquisque
1881 4753 2112 4809 crucia-

449 4853 564 4904 tus.
589 4846 680 4903 Ad
701 4845 860 4902 idem
881 4843 1368 4901 conﬁrmandum
1382 4840 1580 4898 afferri
1597 4846 1855 4914 possunt
1872 4857 2007 4914 quia
2028 4841 2112 4898 le-

447 4943 672 5010 guntur
692 4936 856 5010 apud
878 4936 1374 5008 Chrysostomum
1392 4931 1453 4987 in
1476 4947 1547 4988 ea
1563 4947 1750 5004 quam
1766 4932 1894 5002 jam
1913 4932 2112 4989 citavi-

444 5045 583 5084 mus
609 5028 918 5097 concione,
942 5023 1047 5079 ubi
1068 5022 1339 5078 videlicet
1359 5021 1644 5078 omnibus
1679 5019 1858 5076 simul
1889 5023 2112 5080 sanctis

445 5119 816 5190 praeconium
839 5115 1039 5172 tribuit
1059 5117 1260 5169 orator
1279 5112 1564 5184 optimus.
1592 5111 1682 5168 Sic
1701 5115 1901 5168 autem
1923 5112 2112 5187 loqui.

444 5211 540 5260 tur
561 5208 620 5276 (t.
656 5204 722 5269 ll,
769 5221 826 5275 p.
878 5204 1035 5275 654):
1085 5203 1207 5271 Οὐχ
1263 5200 1397 5252 οὓτω
1452 5199 1692 5271 λειμὼνές
1739 5199 1842 5251 εἰσι
1883 5209 2106 5274 τερπνοί,

441 5289 579 5364 ῥόδα
611 5295 700 5344 καὶ
729 5295 784 5343 ῖα
818 5297 1175 5365 παρεχόμενοι
1218 5298 1325 5351 τοῖς
1371 5292 1664 5360 θεωμένοις,
1708 5291 1775 5350 ως
1822 5295 2105 5365 μαρτύρων

439 5381 612 5453 τάφοι.
638 5382 774 5436 Νοη
805 5381 895 5436 ita
924 5397 1028 5436 nos
1056 5387 1237 5450 prata
1265 5380 1590 5444 delectant,
1619 5379 1761 5434 dum
1798 5395 1966 5436 rosas
1989 5383 2107 5436 vio-

441 5471 648 5544 lasque
675 5471 1036 5542 spectandas
1062 5469 1479 5539 suppeditant,
1522 5484 1596 5524 ac
1634 5474 1978 5538 martyrum
2013 5477 2102 5526 tu-

439 5563 612 5619 muli.
649 5563 732 5617 Ex
760 5559 982 5633 quibus
1015 5559 1337 5629 omnibus,
1373 5557 1617 5630 opinor,
1652 5554 1832 5628 plane
1870 5563 2107 5618 constat

2219 4483 2512 4557 loquendi
2539 4481 2882 4553 generibus,
2922 4482 3144 4555 quibus
3175 4496 3481 4552 nusquam
3512 4482 3579 4538 in
3612 4485 3798 4540 certis
3831 4500 3909 4542 ac

2221 4572 2566 4630 indubitatis
2593 4571 2717 4627 suis
2741 4571 3114 4628 orationibus
3150 4585 3293 4625 usus
3323 4568 3506 4625 fuisse
3541 4571 3858 4631 invenitur
3879 4573 3909 4629 ?

2221 4667 2428 4720 Nonne
2454 4661 2635 4732 longe
2648 4660 3022 4734 probabilius
3037 4663 3124 4714 est
3136 4662 3546 4716 controversae
3561 4661 3758 4734 hujus
3771 4679 3909 4720 ora-

2222 4753 2397 4810 tionis
2427 4765 2637 4808 verum
2671 4767 2741 4806 ac
2768 4749 3103 4820 legitimum
3130 4752 3442 4822 parentem
3471 4764 3611 4806 esse
3639 4752 3912 4824 Chryso-

2225 4847 2512 4910 stomum,
2542 4839 2647 4912 qui
2675 4838 2766 4906 iis,
2795 4852 2947 4909 quas
2964 4837 3108 4907 dixi,
3135 4836 3376 4893 dicendi
3401 4837 3693 4895 formulis
3725 4839 3912 4899 fami-

2220 4932 2442 4989 liariter
2471 4931 2557 4989 uti
2579 4927 2831 4985 soleret?
2858 4929 3021 4983 Hanc
3041 4926 3374 4984 orationem
3393 4925 3755 4999 longiorem
3773 4947 3914 4990 esse

2220 5035 2634 5096 percuperem.
2667 5016 2816 5096 ld'si
2846 5021 3019 5080 esset,
3053 5016 3295 5088 saepius,
3317 5015 3565 5087 opinor,
3600 5022 3740 5076 tum
3770 5037 3914 5079 ver-

2222 5112 2370 5168 bum
2416 5109 2728 5182 φιλοσοφεῖν,
2762 5111 2892 5162 tum
2930 5111 3242 5179 pratorum
3282 5108 3677 5177 comparatio
3727 5110 3795 5167 in
3837 5128 3914 5170 ea

2221 5203 2578 5265 occurreret;
2604 5198 2810 5271 sicque
2830 5196 3024 5267 magis
3045 5194 3701 5270 intelligereturipsam
3717 5202 3914 5276 Chry.

2223 5293 2490 5346 sostomo
2507 5287 2686 5343 tribui
2698 5286 2937 5343 debere.
2956 5284 3200 5339 Accedit
3216 5284 3419 5354 etiam,
3439 5289 3622 5358 quod
3640 5291 3910 5349 Basilius

2217 5380 2279 5436 in
2299 5378 2682 5452 panegyricis
2704 5377 2827 5432 suis
2855 5373 3230 5431 orationibus
3253 5389 3498 5446 semper
3516 5382 3734 5437 utatur
3755 5399 3911 5440 voce

2218 5468 2342 5542 ἀνὴρ
2371 5468 2451 5525 ad
2479 5468 2643 5541 ipsos
2674 5469 2982 5537 martyres,
3016 5479 3171 5536 quos
3208 5462 3437 5525 laudat,
3477 5465 3905 5529 indicandas:

2216 5558 2679 5632 Chrysostomus
2691 5569 2830 5612 vero
2856 5552 2917 5609 in
2942 5553 3011 5609 iis
3041 5567 3194 5625 quas
3219 5552 3391 5611 citavi
3415 5557 3818 5617 orationibus
3847 5566 3909 5619 et
