4058 6192
196 305 247 359 u
1688 290 2078 349 PREFA'I‘IO.
3554 300 3617 352 ,8

193 427 253 484 in
269 421 619 499 quibusdam
637 419 775 477 aliis
791 435 1121 494 nunquam
1135 436 1271 478 eam
1288 436 1501 479 vocem
1519 421 1637 477 hoc
1657 433 1828 477 sensu

1947 417 2326 487 ἐκπιπτοῦσης,
2376 426 2470 481 τῆς
2510 422 2689 493 χειρὸς
2716 416 2776 472 δὲ
2818 419 2894 472 ἓτι
2931 422 3212 491 τεταμένης
3254 438 3383 493 προς
3416 419 3610 478 πάλην.

198 517 462 586 usurpat.
486 511 557 565 Ex
580 525 709 582 quo
750 509 845 581 ﬁt,
891 514 958 566 ut
992 511 1124 567 haec
1154 511 1364 568 concio
1404 511 1837 584 Chrysostomo

204 604 397 678 potius
420 599 569 656 tribui
595 598 850 667 debeat,
882 615 1076 673 quam
1107 601 1344 658 Basilio.

285 698 328 748 9.
359 693 586 756 Exstant,
628 692 699 744 ut
738 703 816 744 ex
862 688 1038 745 dictis
1065 693 1250 763 patet.
1282 705 1591 748 sermones
1621 688 1745 746 duo
1775 688 1839 745 in

220 780 440 839 Barium
452 780 987 849 martyremﬂnus
1002 778 1082 836 ab
1098 780 1518 852 omnibus;uno
1536 794 1790 836 consens
1800 795 1838 834 u

216 871 444 928 scn'bitm
484 868 939 940 Chrysostomo
976 885 990 922 :
1035 868 1201 940 alter,
1257 869 1332 927 de
1392 885 1515 943 quo
1574 869 1832 940 agimus,

204 960 252 1016 in
274 957 740 1015 controversiam
773 962 1045 1015 vocatur.
1074 960 1207 1027 Sed,
1230 959 1350 1016 nisi
1372 959 1549 1031 valde
1570 957 1762 1023 fallor,
1787 957 1837 1014 si

196 1048 307 1122 quis
339 1046 493 1104 duas
534 1047 655 1103 has
700 1047 1013 1104 orationes
1068 1048 1220 1106 inter
1266 1065 1329 1105 se
1374 1048 1834 1122 comparaverit,

189 1137 472 1210 utriusque
495 1136 795 1194 eumdem
826 1141 1140 1195 auctorem
1176 1154 1306 1196 esse
1331 1137 1501 1196 facile
1527 1137 1833 1209 intelliget.

186 1230 382 1283 Auctor
404 1225 598 1295 enim,
628 1226 987 1301 quicunque
1013 1226 1111 1283 ille
1140 1226 1270 1298 fuit,
1301 1227 1406 1300 qui
1430 1227 1591 1284 hanc
1619 1228 1835 1284 oratio-

185 1330 305 1371 nem
339 1315 783 1388 pronuntiavit,
827 1332 971 1373 cum
1004 1317 1215 1389 paucis
1251 1316 1450 1374 verbis
1491 1317 1837 1375 concionari

182 1404 485 1474 statuisset,
542 1404 698 1461 nihil
745 1404 916 1460 aliud
962 1405 1078 1462 sibi
1135 1404 1522 1478 proposuisse
1578 1405 1833 1476 videtur,

182 1509 349 1566 quam
357 1493 672 1567 epitomen
683 1493 1030 1567 quamdam
1042 1494 1604 1565 alteriusjconcionis
1616 1494 1710 1552 fac
1716 1510 1831 1552 ere.

181 1584 385 1639 Etvero
411 1582 729 1656 quidquid
757 1583 824 1638 in
851 1581 1110 1654 longiori
1139 1584 1429 1641 concione
1459 1582 1536 1641 de
1565 1584 1836 1657 martyrii

177 1687 372 1743 genere
399 1679 713 1739 narratur,
764 1687 949 1729 omne
976 1672 1040 1730 id
1081 1673 1144 1730 in
1172 1673 1358 1732 altera
1386 1674 1645 1731 breviter
1673 1689 1835 1730 sum-

1949 507 2114 575 Quod
2122 513 2480 577 postremum
2500 514 2858 565 tormentum
2870 509 2927 565 ei
2934 509 3010 565 ab
3027 509 3288 564 inimicis
3300 508 3614 566 admotum

1945 601 2050 653 est.
2070 597 2310 653 Etenim
2331 597 2589 654 libamen
2603 599 2973 653 damonibus
2987 599 3248 668 fat-turi,
3269 599 3460 669 ignem
3484 614 3614 655 arae

1946 687 2547 755 cum-imposuissent,
2578 686 2912 743 adductum
2941 692 3277 757 martyrem
3306 692 3450 745 ante
3474 702 3609 744 eum

1944 774 2183 843 sistunt,
2206 781 2384 847 atque
2404 777 2716 832 dexteram
2731 777 3013 845 supinam
3039 791 3225 845 super
3253 778 3455 834 altare
3468 792 3613 846 pro-

1947 864 2190 921 tendere
2192 866 2496 935 jubentes,
2519 880 2707 922 manu
2729 867 2893 923 velut
2918 880 3077 922 aerea
3106 880 3221 922 ara
3246 867 3425 923 abusi
3444 873 3609 936 sunt,

1946 955 2192 1011 ardente
2225 955 2402 1011 thure
2440 955 2501 1010 in
2542 970 2612 1012 ea
2657 957 2919 1025 maligne
2958 957 3333 1025 impositam.
3366 956 3610 1012 Etenim

1941 1044 2188 1114 ﬂamma
2205 1044 2445 1115 quidem
2465 1059 2712 1102 manum
2729 1045 3011 1117 perrosit,
3042 1045 3147 1102 sed
3171 1051 3373 1102 tamen
3393 1060 3612 1102 manus

1937 1135 2275 1204 permansit
2301 1135 2612 1204 flammam
2652 1134 2833 1206 quasi
2860 1136 3121 1191 cinerem
3168 1139 3409 1204 gestans
3438 1150 3462 1190 .’
3489 1150 3613 1190 ηοη

1945 1223 2107 1280 dedit
2139 1231 2372 1293 tergum
2393 1224 2667 1280 swvienti
2684 1225 2817 1295 igni
2842 1225 3237 1294 fugitivorum
3262 1224 3325 1278 in
3357 1236 3603 1289 morem,

1942 1314 2048 1370 sed
2064 1315 2308 1370 immota
2322 1315 2589 1383 perstitit
2605 1318 2821 1370 contra
2838 1315 3149 1384 flammam
3171 1318 3415 1368 strenue
3433 1312 3611 1367 dimi-

1946 1418 2204 1462 cans.....
2232 1405 2541 1474 ﬂammam
2572 1405 2738 1461 inter
2767 1410 2820 1460 et
2851 1405 3165 1460 dexteram
3196 1402 3493 1471 martyris
3516 1401 3614 1456 in-

1944 1493 2295 1550 struebatur
2322 1496 2489 1551 lucta
2533 1510 2546 1547 :
2584 1494 2689 1550 sed
2731 1494 2979 1551 dextera
3017 1506 3235 1549 novam
3284 1490 3610 1562 quamdam

1948 1583 2345 1639 luctaminum
2365 1583 2677 1639 victoriam
2701 1582 2977 1650 habebat,
2992 1579 3481 1653 quandoquidem
3504 1593 3611 1650 per

1944 1673 2203 1729 mediam
2222 1675 2802 1743 manumlraseunte
2818 1674 3087 1743 ﬂamma,
3123 1686 3344 1727 manus
3370 1669 3451 1727 ad
3484 1670 3611 1725 luc-

180 1762 499 1836 matimque
533 1762 776 1818 dictum
820 1766 930 1834 est,
975 1762 1059 1819 sic
1092 1767 1158 1819 ut
1189 1762 1452 1820 dubitari
1486 1763 1589 1820 vix
1621 1763 1831 1836 possit,
1863 1773 1909 1826 Β
1948 1767 2071 1819 tam
2089 1763 2538 1834 porrigebatur.
2569 1765 2653 1819 Ex
2673 1762 2894 1835 quibus
2922 1760 3269 1831 intelligitur
3288 1775 3414 1816 non
3443 1774 3607 1815 eam-

181 1850 309 1923 quin
340 1850 669 1923 utriusque
699 1849 993 1907 orationis
1030 1865 1190 1906 unus
1213 1854 1271 1908 et
1299 1850 1462 1907 idem
1485 1866 1707 1924 parens
1739 1851 1831 1909 sit.

181 1942 291 1995 lino
312 1954 441 1996 non
470 1938 698 1996 eadem
728 1938 933 1996 solum
967 1939 1318 1997 summatim
1354 1940 1734 2014 reperiuntur
1774 1941 1838 1998 in

183 2029 431 2085 brevior-'1
454 2028 754 2085 concione
790 2046 803 2084 :
847 2028 957 2085 sed
994 2028 1209 2086 eadem
1248 2030 1428 2087 etiam
1464 2029 1653 2088 verba
1681 2046 1836 2088 non-

193 2132 494 2191 nunquam
516 2117 903 2174 adhibentur.
931 2121 999 2174 Et
1026 2122 1092 2175 ut
1116 2134 1189 2176 ea
1210 2119 1286 2176 de
1311 2135 1375 2175 re
1397 2135 1435 2176 a
1458 2120 1675 2193 quovis
1694 2120 1835 2178 faci-

185 2205 287 2261 lius
668 2206 888 2279 possit,
918 2206 1121 2281 aliqua
1148 2207 1284 2265 loca
1313 2224 1387 2265 ex
1421 2213 1675 2283 utraque
1704 2225 1837 2268 ora-

180 2294 317 2351 tione
371 2295 753 2352 exscribam.
808 2299 877 2352 ln
916 2295 1173 2367 longiori
1208 2297 1388 2368 igitur
1424 2299 1729 2356 concione‘
1751 2299 1836 2354 sic

177 2384 373 2455 legitur
404 2385 603 2458 (apud
623 2386 936 2458 Chrysost.
968 2390 1009 2442 t.
1052 2390 1120 2455 ll,
1151 2403 1213 2461 p.
1243 2390 1348 2445 682
1376 2392 1433 2445 et
1466 2390 1652 2462 seq):
1689 2388 1836 2442 Ὀλό-

176 2472 351 2545 dupe:
402 2474 475 2526 ἐν-
499 2483 566 2546 τῇ
609 2470 767 2546 δεξιᾷ
1004 2474 1316 2548 βαστάζων.
1339 2518 1351 2532 .
1376 2522 1388 2534 .
1411 2520 1424 2533 .
1446 2520 1460 2533 .
1500 2483 1590 2531 καὶ
1619 2481 1718 2551 γάρ
1748 2482 1836 2531 καὶ

170 2572 307 2616 τοῦτο
348 2573 458 2625 τῆς
507 2564 707 2617 ἐκείνου
754 2568 1074 2637 κακουργίας
1125 2563 1206 2630 ἧν,
1261 2570 1350 2619 τὸν
1406 2572 1477 2640 μὴ
1537 2567 1721 2631 εὐθέως
1779 2571 1835 2621 εκ

167 2658 456 2725 προοιμίων
504 2651 726 2722 χαλεπὰ
769 2655 1054 2724 προσάγειν
1100 2651 1167 2705 τα
1213 2660 1644 2728 μηχανήματα...
1704 2656 1837 2720 ἐξελ-

165 2743 306 2794 Θοπα
366 2740 435 2795 δε
490 2742 655 2794 αὐτὸν
711 2742 783 2805 εἰς
830 2746 989 2814 μέσον
1033 2742 1308 2815 ἀγαγὼν..,
1363 2749 1428 2799 Τί
1485 2751 1653 2799 τοίνυν
1716 2746 1832 2800 ἐστὶ

160 2850 215 2881 το
250 2833 568 2903 μηχάνημα
600 2849 617 2895 ;
658 2836 763 2889 Τὴν
805 2838 965 2907 χεῖρα
1002 2831 1333 2896 κελεύσαντες
1373 2836 1563 2888 ὑπτίαν
1610 2835 1833 2889 ἐκτεῖναι

462 2917 555 2973 res;
627 2917 839 2993 βωμοῦ,
894 2920 1151 2981 ἐπέθηκαν
1203 2922 1467 2996 ἄνθρακας
1532 2944 1623 2977 και
1686 2925 1833 2980 λιϐαο

158 3016 309 3062 πιστόν
492 3015 764 3084 lupi"...
825 3012 968 3082 ἔμενε
1030 3014 1129 3086 γάρ
1186 3014 1213 3065 ὁ
1267 3017 1525 3089 μακάριος
1582 3014 1831 3088 Βαρλαοίμ

164 3098 333 3159 κιλαῆ
402 3104 501 3151 καὶ
559 3098 937 3174 ἀπερίτρεπτον
1002 3108 1173 3174 τηρῶν
1240 3108 1333 3160 τήν
1400 3109 1650 3177 χεῖρα....

164 3190 222 3250 ὸς
292 3189 353 3252 ἐξ
432 3185 745 3262 ἀδάμαντος
827 3197 1119 3262 πεπηγυῖα,
1211 3194 1375 3254 οὕτως
1464 3192 1831 3267 ἆπερίτρεπτος

169 3280 429 3349 ἕξιππα..
492 3284 587 3331 καὶ
640 3281 692 3331 οἱ
749 3282 843 3351 μὲν
892 3281 1147 3354 ἄνθρακες
1201 3285 1262 3334 τὸ
1313 3284 1473 3354 μέσον
1512 3292 1606 3345 τῆς
1652 3286 1831 3358 χειρὸς

172 3363 553 3442 διατρήσαντες
600 3368 878 3432 ἐξέπιπτον
907 3372 1068 3436 κάτω,
1100 3373 1130 3429 ἡ
1177 3368 1237 3424 δε
1277 3368 1492 3446 ἀνδρεία
1519 3381 1615 3435 τῆς
1644 3372 1832 3444 ψυχῆς

167 3456 223 3507 r3
250 3454 546 3513 διέπιπτεν.
565 3458 888 3529 [ntegrum
908 3460 972 3515 in
988 3459 1237 3518 dextera
1248 3476 1470 3532 pyram
1494 3466 1829 3534 gestans....

176 3547 393 3601 etenim
408 3547 513 3603 hoc
525 3563 764 3621 quoque
784 3549 1036 3605 malitia:
1052 3550 1221 3606 illius
1234 3552 1378 3623 fuit,
1402 3552 1564 3623 quod
1579 3554 1780 3609 statim
1794 3567 1833 3610 a

165 3636 699 3705 graves
718 3637 1036 3694 machinas
1055 3654 1177 3696 non
1190 3640 1542 3697 admoverit.
1556 3683 1592 3696 ..
1604 3684 1617 3698 .
1640 3656 1830 3713 egres-

166 3740 295 3782 sum
322 3732 526 3783 autem
556 3728 739 3783 illum
774 3742 911 3784 cum
944 3728 1009 3784 in
1040 3729 1299 3786 medium
1336 3730 1710 3788 adduxisset.
1732 3774 1747 3788 .
1768 3773 1783 3787 .
1804 3774 1819 3788 .

168 3815 477 3883 modum:
488 3817 690 3887 igitur
698 3817 862 3873 illud
874 3822 961 3874 est
974 3818 1525 3877 machinamentum
1537 3821 1566 3877 ?
1581 3822 1720 3879 Cum
1740 3836 1829 3876 su-

158 3920 260 3974 per
302 3919 483 3961 mm
518 3905 846 3962 extendere
880 3921 1124 3963 manum
1170 3909 1451 3979 supinam
1483 3911 1823 3981 jussissent,

159 4009 387 4063 maias
412 4000 469 4050 et
499 3994 644 4051 thus
664 3996 879 4051 manui
893 3996 1403 4066 itnposuerunt....
1435 3998 1640 4057 beatus
1667 4001 1825 4056 enim

166 4083 457 4140 Barlaam
481 4098 599 4140 nec
623 4084 984 4141 inclinatam
1015 4100 1123 4143 nec
1144 4087 1446 4145 inversum
1473 4105 1723 4147 manum
1745 4098 1826 4150 tc-

162 4187 304 4228 nens
318 4173 686 4243 permansit.
697 4214 710 4227 .
722 4213 736 4228 .
747 4215 760 4229 .
780 4174 899 4245 sed,
919 4176 1096 4246 quasi
1107 4190 1184 4233 ea:
1198 4176 1525 4236 adamante
1546 4191 1823 4244 concreta

162 4267 323 4325 esset,
363 4276 588 4318 manus
614 4262 732 4318 illa
755 4264 1148 4332 permanebat
1171 4268 1487 4324 immota...
1523 4275 1579 4326 et
1600 4287 1824 4342 prunas

164 4352 399 4419 quidem
430 4366 573 4407 cum
602 4352 805 4408 volam
831 4367 1047 4409 manus
1068 4355 1511 4424 perforassent,
1543 4358 1822 4421 deorsum

1946 1852 2087 1908 dem
2121 1851 2317 1909 solum
2343 1852 2703 1909 sententiam
2731 1851 2793 1907 in
2823 1850 3066 1907 duabus
3096 1850 3191 1906 his
3223 1847 3605 1906 orationibus

1944 1940 2210 2014 reperiri,
2229 1940 2356 2005 sed,
2385 1945 2450 1997 ut
2472 1941 2614 2004 dixi,
2639 1940 2854 1997 eadem
2879 1940 3066 1997 verba
3086 1940 3149 1996 in
3174 1942 3430 2011 utraque
3451 1953 3602 1995 non-

1943 2046 2263 2104 nunquam
2282 2030 2582 2103 usurpari.
2598 2032 3083 2101 Namjhaa'voces,
3104 2027 3272 2095 δεξιὰ,
3298 2027 3608 2102 βαστάζων,

1944 2122 2246 2194 προσὰγειν,
2307 2119 2533 2193 ἀγαγὼν,
2607 2123 2924 2194 μηχάνημα,
2983 2118 3336 2183 κελεύσαντες,
3393 2120 3608 2184 ὑπτιαν,

1945 2209 2154 2284 βωμοῦ,
2221 2210 2521 2281 λιϐανωτὸν,
2571 2214 2731 2285 ἔμενε,
2780 2215 2958 2284 μέσον,
3008 2210 3301 2279 ἐξέπιπτον,
3358 2224 3496 2281 quae
3545 2207 3610 2264 in

1944 2300 2213 2371 longiore
2227 2302 2513 2358 concione
2528 2300 3172 2369 inveniuntur,ea:dem
3188 2304 3245 2355 et
3259 2300 3319 2355 in
3332 2298 3609 2355 breviore

1944 2389 2241 2461 leguntur,
2282 2390 2418 2447 licet
2447 2390 2670 2463 saepius
2695 2390 2864 2447 aliter
2885 2389 3142 2445 inﬂexae.
3194 2388 3326 2444 Scio
3358 2386 3609 2460 quidem

1943 2494 2149 2535 rarum
2177 2495 2303 2536 non
2332 2495 2485 2547 esse,
2512 2483 2578 2536 ut
2605 2479 2729 2535 duo
2759 2479 3076 2552 scriptores
3112 2477 3221 2550 qui
3240 2476 3403 2533 idem
3433 2490 3610 2545 argu-

1944 2573 2217 2627 mentum
2234 2572 2503 2637 tractent,
2525 2584 2651 2625 non
2664 2569 2731 2624 in
2745 2568 3051 2625 sententiis
3069 2566 3253 2623 modo
3260 2608 3277 2637 ,
3297 2565 3404 2622 sed
3428 2564 3609 2621 etiam

1942 2658 2006 2715 in
2032 2658 2336 2732 aliquibus
2362 2658 2563 2715 verbis
2595 2657 2925 2731 aliquando
2955 2655 3357 2713 conveniant:
3409 2653 3518 2710 sed
3544 2652 3608 2709 in

1942 2747 2037 2804 his
2066 2764 2203 2821 quae
2229 2747 2473 2822 protuli,
2504 2751 2628 2805 tam
2655 2747 2847 2804 multa
2874 2750 3014 2803 sunt
3040 2760 3174 2818 quae
3199 2744 3353 2800 inter
3374 2760 3437 2801 se
3459 2758 3605 2800 con-

1941 2838 2206 2902 veniunt,
2242 2842 2307 2895 ut
2332 2842 2540 2911 putem
2560 2853 2683 2895 non
2713 2836 2885 2894 facile
2912 2835 3163 2910 proferri
3195 2849 3374 2908 posse
3403 2848 3606 2889 exem-

1942 2928 2114 3002 plum
2144 2927 2415 3001 aliquod,
2436 2928 2498 2983 in
2527 2943 2651 3001 quo
2680 2927 2803 2983 duo
2834 2926 3154 3000 scriptores
3179 2924 3243 2980 in
3260 2927 3384 2980 tam
3401 2921 3607 2978 multis

1942 3016 2005 3073 in
2019 3021 2144 3074 tam
2163 3017 2374 3090 paucis
2394 3015 2597 3073 verbis
2615 3015 3023 3073 convenerint.
3046 3016 3240 3080 Quare
3260 3012 3439 3082 longe
3455 3010 3605 3067 mihi

1721 3103 1832 3156 ἀλλ’
1863 3128 1903 3183 c
1941 3107 2323 3164 verisimilius
2366 3106 2601 3163 videtur
2641 3106 2956 3178 utriusque
2999 3102 3287 3161 orationis
3324 3117 3518 3157 unum
3548 3104 3606 3156 et

1941 3199 2225 3256 eumdem
2264 3201 2571 3255 auctorem
2602 3212 2754 3263 esse,
2784 3196 2892 3270 qui
2920 3212 3061 3251 cum
3088 3193 3255 3251 idem
3282 3206 3605 3263 argumen-

1939 3291 2072 3345 tum
2100 3287 2193 3344 bis
2213 3291 2468 3345 tractare
2502 3285 2827 3355 statuisset,
2866 3284 2928 3341 in
2962 3283 3285 3358 posteriore
3315 3279 3604 3338 concione

1941 3377 2246 3451 epitomen
2304 3376 2520 3450 prioris
2584 3375 2810 3433 fecerit.
2869 3374 3051 3431 Plane
3105 3376 3308 3431 autem
3367 3372 3604 3427 constat

1938 3465 2156 3539 prioris
2179 3469 2486 3522 auctorem
2504 3464 3002 3537 Chrysostomum
3022 3478 3152 3519 esse
3177 3480 3190 3518 :
3224 3472 3602 3531 consequens

1940 3559 2028 3612 est
2055 3554 2236 3625 igitur
2272 3558 2340 3610 ut
2366 3553 2662 3626 posterior
2690 3552 2743 3608 ei
2772 3567 3017 3626 quoque
3045 3550 3365 3607 tribuatur.

2014 3647 2101 3701 to.
2124 3643 2273 3699 Satis
2311 3642 2560 3714 quidem
2599 3641 2815 3708 sciunt,
2845 3640 2951 3712 qui
2979 3638 3231 3712 paulum
3263 3635 3447 3692 modo
3474 3650 3600 3690 ver-

1940 3732 2052 3789 sati
2068 3731 2284 3787 suntin
2299 3730 2570 3801 legendis
2589 3728 2995 3802 Chrysostomi
3011 3726 3265 3800 scriptis,
3281 3738 3597 3780 summum

1935 3821 2098 3878 hunc
2111 3820 2311 3876 virum
2328 3819 2657 3891 aliquando
2679 3817 3103 3875 concionatum
3118 3815 3300 3871 fuisse
3322 3816 3459 3870 ante
3474 3811 3596 3883 epi-

1936 3927 2193 3985 scopum
2221 3909 2572 3967 Flavianum
2601 3925 2615 3964 :
2640 3910 2748 3968 sed
2764 3914 2983 3974 tamen,
3005 3906 3294 3981 quoniam
3320 3905 3403 3961 ita
3419 3916 3596 3975 expe-

1933 4003 2040 4070 dit,
2082 4002 2217 4060 loca
2254 4000 2459 4075 aliqua
2494 4000 2720 4075 quibus
2765 4000 2828 4057 id
2871 4002 3073 4072 aperte
3111 3994 3483 4065 ostendatur,
3528 3992 3592 4047 in

1930 4092 2204 4150 medium
2233 4091 2535 4149 adducere
2579 4106 2704 4147 non
2747 4088 2992 4163 pigebit.
3027 4088 3176 4144 Cum
3200 4084 3377 4155 igitur
3407 4083 3589 4154 Chry-

1932 4186 2239 4240 sostomus
2267 4180 2750 4239 Machabaeorum
2772 4177 2982 4235 laudes
3003 4178 3291 4239 narraret,
3316 4172 3398 4228 ita
3426 4171 3587 4226 locu-

1930 4273 2026 4327 tus
2074 4274 2163 4326 est
2210 4270 2267 4341 (ἴ.
2326 4269 2394 4339 ΙΙ,
2439 4284 2498 4340 p.
2544 4268 2705 4339 631):
2758 4266 2893 4318 Ἀλλ’
2942 4267 3050 4338 ὥρα
3096 4263 3275 4315 λοιπὸν
3315 4265 3587 4313 καταπαῦ-

1935 4379 2025 4413 σαι
2079 4359 2166 4412 τόν
2204 4359 2375 4431 λόγον,
2427 4359 2562 4411 ὥστε
2609 4357 2855 4411 πλειόνων
2902 4356 3093 4417 αὐτοὺς
3143 4352 3439 4406 ἀπολοῦσαι
3486 4359 3585 4403 τῶν

172 4440 482 4533 Sedebant,
546 4446 615 4533 at
674 4442 895 4533 anima:
934 4443 1233 4512 fortitudo
1277 4460 1399 4500 non
1452 4450 1819 4510 concidebat.

1939 4452 2199 4522 ἐγκωμίων
2228 4449 2371 4522 παρὰ
2389 4455 2463 4519 τῷ
2501 4455 2655 4519 κοινῷ
2687 4443 3017 4517 διδασκάλῳ.
3044 4445 3165 4502 Sed
3188 4444 3321 4514 jam
3353 4447 3584 4511 tempus

174 4527 314 4591 Qui:
354 4533 561 4585 autem
596 4528 663 4584 in
700 4528 958 4586 breviori
1003 4531 1269 4589 oratione
1306 4532 1589 4604 leguntur
1636 4540 1823 4613 (apud

176 4613 344 4671 883i].
369 4631 425 4687 p.
456 4618 588 4686 140)
617 4614 751 4671 haec
786 4621 961 4673 sunt:
995 4617 1053 4670 Ὀ
1084 4614 1151 4677 δὴ
1182 4618 1475 4674 τελευταῖον
1506 4623 1648 4697 αὐτῷ
1677 4630 1823 4702 παρά

172 4711 263 4754 τῦν
296 4704 662 4777 πολεμούντων
690 4715 960 4780 προσῆκτο
989 4711 1311 4783 μηχάνημα.
1347 4716 1527 4785 Βωμόν
1559 4718 1659 4790 γάρ
1689 4722 1820 4793 πρὸς

180 4796 255 4847 τὺ
288 4802 385 4845 τῶν
423 4792 700 4867 δαιμόνων
748 4793 978 4855 σπονδήν
1022 4795 1427 4869 ἀνακαύσαντες,
1488 4803 1667 4858 ἱστᾶσι
1694 4792 1818 4882 παρ’

184 4878 300 4950 εὗτᾷ
342 4881 628 4956 ἀγαγόντες
674 4887 763 4935 τὸν
802 4887 1061 4961 μάρτυρα,
1092 4894 1181 4940 καὶ
1208 4897 1283 4961 τῷ
1323 4888 1489 4964 βωμῷ
1518 4898 1608 4951 τὴν
1640 4878 1817 4959 δεξιὰν

381 4972 720 5046 ἔπαιωρῆσαι
758 4973 1105 5041 κελεύσαντες,
1139 4979 1207 5040 ὡς
1237 4978 1423 5050 χαλκῶ
1449 4982 1817 5059 θυσιαστηρίῳ

187 5066 231 5125 ni
254 5066 389 5135 χειρὶ
407 5068 835 5134 κατεχρήσαντο,
859 5061 1137 5118 λιϐανωτόν
1167 5067 1301 5140 αὐτῇ
1324 5073 1627 5144 κακοὺργως
1648 5077 1816 5132 ὴνθέν-

190 5163 249 5207 τις
286 5149 681 5237 pla-7.5mm...
729 5158 786 5204 Ἠ
963 5156 1061 5227 γάρ
1100 5154 1222 5226 φλὸξ
1257 5160 1363 5214 τὴν
1392 5165 1553 5232 χεῖρα
1598 5158 1813 5237 διέτρω-

188 5253 261 5301 νυ,
308 5241 453 5311 ἔμενε
512 5236 572 5292 δε
625 5242 658 5297 ἡ
702 5245 824 5314 χεὶρ
884 5243 953 5303 ὡς
995 5245 1181 5318 τέφραν
1244 5249 1340 5302 τὴν
1394 5246 1556 5320 φλόγα
1612 5236 1813 5323 βαάτά-

190 5328 346 5384 ἔωσι·
399 5330 501 5383 οὐκ
546 5326 713 5383 ἔδωκε
760 5338 836 5400 τῷ
876 5329 1180 5403 πολεμοῦντι
1218 5336 1355 5387 κατά
1400 5339 1522 5399 τοὺς
1573 5338 1812 5412 φυγάδας

185 5418 229 5463 .‘s
288 5426 445 5484 νῶτα,
498 5417 614 5471 ἀλλ’
685 5418 943 5493 ἄτρεπτος
997 5422 1217 5481 εἱστήκει
1263 5425 1400 5477 κατὰ
1453 5425 1638 5498 φλογὸς
1694 5428 1814 5503 ἀρι-

190 5508 514 5563 mium...
550 5506 666 5560 ἀλλ’
701 5506 768 5566 ἦν
816 5515 913 5569 τῆς
962 5504 1133 5574 δεξιᾶς
1177 5518 1328 5572 καινή
1368 5533 1447 5577 τις
1488 5522 1588 5567 τῶν
1628 5516 1817 5571 παλαι-

394 5599 425 5654 is
482 5603 623 5662 νίκη,
665 5599 764 5660 τῆς
794 5599 890 5667 μὲν
934 5595 1112 5670 φλογὸς
1156 5597 1251 5655 διὰ
1294 5607 1461 5675 μέσον
1497 5613 1592 5669 τῆς
1635 5611 1813 5684 χειρὸς

1934 4545 2041 4609 est,
2078 4544 2147 4594 ut
2177 4540 2356 4608 ﬁnem
2396 4537 2638 4594 dicendi
2675 4537 2999 4606 faciamus,
3032 4531 3147 4607 quo
3173 4533 3457 4605 pluribus
3486 4532 3588 4588 illi

1933 4629 2213 4685 laudibus
2250 4644 2288 4685 a
2334 4628 2634 4684 communi
2676 4626 2919 4683 doctore
2947 4625 3355 4683 cumulentur.
3400 4625 3468 4678 In
3511 4637 3584 4678 ea

1929 4721 2131 4774 autem
2160 4717 2447 4781 oratione,
2471 4730 2607 4789 quae
2628 4715 2690 4771 in
2715 4714 2906 4772 Natali
2938 4713 3173 4771 Domini
3197 4711 3586 4786 pronuntiata

1927 4810 2035 4874 est,
2066 4805 2151 4862 ita
2174 4805 2400 4862 editum
2419 4805 2720 4861 invenitur
2748 4823 2761 4873 ;
2796 4811 2885 4857 Ἐν
2916 4801 2975 4858 δὲ
3002 4804 3181 4856 λοιπὸν
3213 4802 3385 4867 εἰπων,
3418 4819 3583 4851 κατα-

1926 4896 2113 4947 παύσω
2155 4897 2243 4946 τὸν
2289 4893 2459 4965 λόγον,
2509 4902 2582 4966 τῷ
2634 4902 2789 4966 κοινῷ
2843 4890 3155 4964 διδασκάλῳ
3188 4900 3290 4944 τῶν
3333 4892 3582 4963 μειζόνων

1922 4984 2347 5066 παραχωρήσας.
2375 4985 2566 5040 Unum
2590 4989 2832 5041 tantum
2859 4985 2912 5039 si
2932 4999 3093 5040 nunc
3116 4981 3424 5045 addidero,
3445 4990 3582 5032 ora-

1923 5075 2075 5130 tioni
2097 5073 2441 5145 mewﬁnem
2463 5073 2797 5142 imponam:
2824 5088 2959 5146 quae
2979 5075 3220 5137 maiora
3239 5072 3400 5129 sunt,
3425 5079 3582 5122 com-

1921 5165 2095 5222 muni
2129 5163 2361 5220 doctori
2397 5163 2649 5220 dicenda
2686 5165 3053 5236 relinquens.
3083 5162 3291 5232 Opera:
3321 5156 3582 5231 pretium

1921 5258 2010 5311 est
2035 5268 2198 5311 nunc
2230 5252 2447 5310 referre
2490 5269 2626 5327 quae
2657 5253 2720 5309 in
2769 5256 3153 5309 controversa
3181 5249 3468 5305 concione
3498 5246 3581 5302 le-

1921 5346 2163 5415 guntur,
2203 5347 2269 5399 ut
2296 5342 2569 5400 locorum
2610 5340 2987 5398 contentione
3017 5342 3075 5395 et
3113 5337 3581 5412 comparatione-

1920 5431 2149 5490 facilius
2176 5432 2460 5504 cognosci
2485 5430 2675 5505 possit
2692 5428 2809 5486 utri
2828 5429 2957 5486 haec
2983 5429 3176 5486 oratio
3194 5426 3454 5485 adscribi
3480 5425 3583 5481 de-

1919 5521 2080 5593 beat,
2129 5520 2365 5589 Basilio,
2396 5536 2474 5578 an
2520 5521 2973 5592 Chrysostomo.
3009 5520 3159 5577 Sunt
3186 5522 3391 5576 autem
3419 5516 3581 5587 ejus-
3678 5540 3683 5541 ν

1921 5610 2089 5667 modi
2111 5610 2307 5682 (Basil.
2338 5615 2378 5668 ι.
2412 5610 2480 5676 ΙΙ,
2518 5624 2581 5682 p.
2610 5611 2731 5679 141)
2760 5627 2774 5666 :
2812 5609 2963 5662 Ἀλλὰ
2997 5616 3046 5663 τί
3074 5605 3345 5670 παιδικοῖς
3386 5607 3579 5661 ἔλαττῶ
