4058 6192
453 264 515 317 19
828 238 843 245 ’
1951 262 2109 319 PM:

2221 261 2343 322 l‘lO.
3796 289 3869 344 20

448 391 504 442 ὸν
532 388 753 464 ἀριστέα
782 388 1112 461 ψιλλίσμασι
1145 408 1159 454 ;
1200 388 1330 451 Tati;
1372 388 1948 464 μεγαλοπρεπεστέραις
1998 392 2101 441 τοί-

2221 390 2520 479 omnibus,
2551 401 2849 470 quotquot
2877 397 3148 468 aderant,
3189 403 3526 475 martyrum
3560 408 3867 479 sepulcris,

449 500 536 532 νυν
599 484 686 533 τὸν
742 480 813 543 εἰς
874 479 1031 533 αὐτὸν
1077 480 1235 552 ὕμνον
1292 484 1769 553 παραχωρήσωμεν
1826 478 2107 551 γλώτταιςο

449 571 545 632 τὰς
602 569 1083 644 μεγαλοφωνοτέρας
1131 575 1232 621 τῶν
1293 565 1635 621 διδασκάλων
1688 568 1769 622 ἐπ’
1814 568 1957 640 αὐτῷ
2011 588 2108 621 κα-

451 659 678 733 λέσωμεν
709 659 1020 732 σάλπιγγας.
1047 658 1202 727 Quid
1225 663 1424 716 autem
1448 659 1680 728 puerili
1699 658 1963 715 balbutie
1991 659 2108 715 vic-

453 756 640 806 torem
648 764 934 820 magnum
947 749 1215 818 deprime
1228 748 1256 804 ?
1274 750 1491 805 Locum
1503 749 1795 820 martyris
1812 747 2110 804 laudandi

451 841 728 897 cedamus
752 839 967 911 linguis
992 838 1628 910 magniﬁcentioribus,
1650 844 1829 910 atque
1852 838 2108 894 vocalio-

449 946 543 987 res
553 930 864 986 doctorum
877 929 1051 985 tubas
1062 928 1144 985 ad
1155 929 1218 984 id
1223 928 1598 997 praeconium
1610 928 1946 983 invitemus.
1955 924 2110 981 Fieri

451 1018 700 1091 quidem
727 1020 941 1090 potest,
974 1021 1040 1073 ut
1062 1016 1235 1074 fallar
1265 1034 1280 1073 :
1326 1016 1432 1071 sed
1459 1031 1599 1072 cum
1626 1014 1919 1072 brevioris
1948 1014 2108 1070 illius

450 1107 757 1165 concionis
793 1110 1099 1164 auctorem
1142 1105 1323 1162 audio
1362 1105 1444 1162 ita
1480 1104 1850 1179 loquentem,
1913 1106 2110 1162 locum

451 1198 743 1268 martyris
764 1195 1065 1253 laudandi
1086 1196 1366 1252 cedamus
1392 1195 1612 1266 linguis
1631 1195 2111 1265 magniﬁcentio-

448 1287 637 1356 ribus,
665 1290 800 1353 etc.,
819 1284 1026 1343 audire
1048 1283 1199 1341 mihi
1226 1283 1436 1341 videor
1464 1284 1979 1357 Chrysostomum,
2003 1284 2112 1358 qui

450 1392 591 1433 cum
631 1375 915 1448 episcopo
960 1372 1250 1430 Flaviano
1284 1373 1686 1432 concionandi
1722 1372 1927 1432 locum
1965 1373 2111 1431 dare

450 1465 645 1535 vellet,
675 1464 761 1520 ita
785 1462 955 1536 loqui
982 1461 1233 1520 solebat.
1266 1465 1383 1519 Nec
1407 1463 1734 1537 quisquam
1763 1462 1977 1521 dixerit
1996 1479 2111 1519 nu-

448 1568 684 1611 merum
714 1550 1081 1623 singularem
1109 1551 1170 1609 in
1199 1550 1331 1609 aliis
1353 1567 1508 1625 quas
1532 1551 1793 1610 iudicavi
1811 1552 2113 1610 concioni-

444 1643 562 1699 bus
576 1640 877 1715 usurpari,
890 1640 988 1697 hic
997 1655 1141 1698 vero
1152 1640 1470 1714 pluralem.
1490 1641 1573 1699 Fit
1582 1641 1744 1699 enim
1756 1641 2111 1715 aliquando,

2215 475 2541 536 obscurum
2567 496 2692 538 non
2715 482 2950 540 videtur
2966 485 3464 557 Chrysostomum
3486 491 3567 548 ad
3590 475 3864 566 martyris

2216 567 2488 625 Barlaam
2518 571 2818 627 tumulum
2850 588 3191 632 sermonem
3229 584 3573 637 convertere
3615 598 3629 636 :
3682 598 3866 652 eoque

2215 656 2430 726 magis,
2462 659 2630 730 quod
2657 660 3139 736 Chrysostomus,
3169 682 3310 722 cum
3340 666 3403 723 in
3432 669 3556 725 suis
3583 669 3865 728 orationi-

2213 743 2331 800 bus
2350 747 2531 803 utitur
2549 751 3113 824 numerojsingulari
3133 758 3356 830 μάρτυς,
3378 773 3519 814 eum
3538 765 3868 832 martyrem

2215 834 2526 908 signiﬁcet,
2544 852 2728 910 quem
2746 839 3031 899 laudibus
3053 859 3268 902 ornare
3286 847 3654 917 instituisset,
3679 850 3759 907 ob
3780 850 3868 908 id-

2216 938 2334 996 que
2375 925 2479 983 vix
2504 926 2761 985 dubium
2790 946 2919 988 esse
2947 938 3164 1007 potest,
3198 936 3347 1009 quin
3373 937 3489 994 hoc
3517 939 3697 997 etiam
3731 940 3868 998 loco

2217 1018 2547 1087 martyrem
2572 1018 2843 1078 Barlaam
2872 1021 3138 1081 indicare
3157 1026 3431 1095 voluerit,
3456 1043 3592 1084 cum
3615 1042 3868 1088 numero

2220 1103 2511 1175 singulari
2538 1124 2687 1166 usus
2713 1110 2807 1168 sit.
2838 1112 3109 1170 Arbitror
3135 1114 3314 1187 igitur
3343 1117 3866 1191 Chrysostomum,

2219 1208 2360 1259 cum
2387 1193 2518 1251 hinc
2543 1196 2731 1255 verba
2758 1202 3191 1272 pronuntiaret,
3224 1220 3358 1261 cum
3384 1207 3540 1263 enim
3572 1207 3870 1266 hominem

2219 1290 2558 1354 correptum
2572 1286 2890 1359 azdwmone
2899 1293 3089 1361 juxta
3111 1296 3398 1366 martyris
3417 1298 3766 1367 sepulcrum
3783 1300 3873 1356 vi-

2218 1373 2395 1444 deris,
2414 1378 2523 1432 etc.
2534 1418 2549 1446 ,
2566 1379 2849 1451 martyris
2866 1380 3137 1439 Barlaam
3157 1399 3344 1441 manu
3361 1385 3661 1443 tumulum
3678 1391 3873 1444 osten-

2219 1459 2400 1520 disse.
2438 1464 2555 1522 Sed
2601 1466 2653 1522 si
2691 1467 2959 1526 adversaa
2988 1470 3287 1544 opinionis
3316 1473 3662 1532 defensores
3689 1477 3876 1534 semel

2218 1549 2515 1610 fateantur
2539 1555 2838 1628 prolixam
2866 1558 3024 1616 hanc
3046 1561 3376 1621 orationem
3398 1563 3670 1623 habitam
3685 1565 3875 1623 fuisse

2220 1656 2292 1698 eo
2315 1640 2468 1716 loco,
2503 1643 2608 1701 ubi
2636 1647 2919 1720 martyris
2948 1650 3223 1708 Barlaam
3255 1668 3475 1727 corpus
3498 1654 3761 1725 jacebat,
3785 1655 3875 1712 fa-

447 1736 515 1790 ut
528 1735 793 1789 oratores
811 1745 1067 1788 numero
1082 1729 1301 1803 plurali
1315 1734 1583 1801 utantur,
1605 1747 1748 1788 cum
1766 1732 1815 1789 si
1832 1736 2109 1790 accurate
2141 1744 2189 1800 Β
2218 1733 2455 1788 teantur
2477 1749 2720 1792 necesse
2749 1741 2842 1794 est
2858 1740 3139 1812 martyris
3163 1740 3321 1798 illius
3340 1744 3639 1801 tumulum
3671 1745 3875 1802 Antio-

447 1821 616 1896 loqui
660 1820 892 1889 vellent,
945 1823 1252 1877 uterentur
1294 1819 1588 1892 singulari
1629 1838 1642 1878 :
1687 1830 1790 1879 aut
1829 1822 2109 1894 fortasse,

447 1911 615 1985 quod
643 1926 682 1968 a
705 1925 846 1967 vero
865 1924 991 1967 non
1019 1908 1323 1978 abhorret,
1344 1909 1468 1967 duo
1495 1911 1762 1984 episcOpi
1791 1912 2110 1970 conciona-

447 2000 566 2058 turi
592 2003 763 2075 erant
787 2002 928 2073 post
955 1998 1474 2072 Chrysostomum,
1514 2000 1621 2073 qui
1649 2004 1969 2074 propterea
1999 2019 2109 2059 nu-

447 2107 685 2148 merum
714 2088 1111 2146 multitudinis
1145 2088 1433 2147 adhibere
1462 2089 1753 2147 debuerit.
1787 2092 1955 2149 Certe
1984 2094 2112 2165 qui-

448 2180 589 2237 dem
607 2196 682 2236 ex
700 2179 839 2253 ipsa
860 2178 1167 2236 concionis
1187 2178 1477 2235 brevitate
1498 2179 1793 2251 conjicere
1813 2180 1966 2253 licet,
1992 2186 2108 2240 tres

447 2269 712 2326 vicissim
752 2273 895 2325 tunc
930 2268 1318 2326 concionatos
1357 2267 1834 2342 fuisse,quorum
1870 2271 2106 2345 primus

448 2358 623 2417 fuerit
649 2358 1138 2431 Chrysostomus,
1157 2357 1307 2415 alter
1326 2357 1666 2438 Flavianus,
1685 2359 1890 2416 tertius
1914 2361 2109 2434 quivis

451 2446 787 2506 alius.Nihil
800 2451 1003 2505 autem
1016 2446 1095 2505 ad
1104 2447 1481 2520 propositum
1496 2446 1693 2516 refert,
1707 2454 1912 2507 utrum
1926 2466 2109 2523 unus,

452 2554 533 2597 an
562 2538 686 2595 duo
716 2537 982 2610 episcopi
1008 2537 1103 2595 his
1134 2554 1272 2612 quae
1293 2538 1517 2612 protuli
1544 2539 1746 2596 verbis
1766 2540 1849 2597 ad
1877 2543 2111 2600 concio-

450 2628 724 2686 nandum
753 2626 1098 2685 invitantur.
1130 2628 1361 2685 Etenim
1400 2627 1523 2685 sive
1553 2644 1768 2698 unum,
1801 2629 1926 2687 sive
1955 2631 2111 2689 duos

451 2716 640 2785 dicas,
669 2715 850 2790 plane
878 2715 1178 2773 constabit
1205 2716 1338 2787 ejus
1367 2716 1444 2773 de
1470 2733 1595 2790 qua
1617 2716 1959 2791 disputatur
1982 2736 2114 2780 ora-

451 2805 628 2862 tionis
648 2804 933 2862 Basilium
958 2809 1269 2862 auctorem
1297 2820 1423 2862 non
1443 2822 1600 2876 esse,
1623 2824 1765 2865 cum
1793 2825 1975 2869 nemo
2000 2829 2111 2871 un-

453 2911 642 2970 quam
683 2897 820 2968 post
854 2893 1057 2967 ipsum
1100 2894 1493 2952 concionatus
1530 2896 1713 2954 fuisse
1750 2897 2110 2961 inveniatur.

532 2988 643 3055 lO',
674 2986 970 3042 Praeterea
1016 2984 1066 3040 si
1102 2984 1409 3058 quispiam
1451 2985 1564 3043 has
1605 2986 1762 3045 duas
1794 2992 2113 3049 conciones

2219 1818 2367 1876 chius
2388 1822 2698 1895 exstitisse,
2726 1830 2830 1883 aut
2848 1828 3051 1900 potius
3073 1829 3135 1886 in
3155 1846 3307 1902 agro
3319 1832 3708 1905 Antiocheno,
3734 1851 3877 1891 cum

2216 1908 2714 1983 Chrysostomum
2742 1914 3077 1986 longiorem
3104 1918 3271 1976 illam
3291 1922 3642 1979 concionem
3658 1922 3747 1980 ibi
3766 1924 3874 1981 ha-

2215 1998 2419 2056 buisse
2449 2006 2699 2061 constet.
2724 2006 2874 2075 Ergo
2903 2005 3141 2064 brevior
3165 2009 3357 2067 oratio
3378 2011 3707 2069 Antiochiae
3725 2029 3877 2086 quo-

2214 2103 2334 2160 que
2362 2091 2749 2161 pronuntiata
2775 2098 2885 2166 est,
2917 2111 3055 2151 cum
3085 2100 3471 2169 pronuntiata
3500 2099 3576 2157 sit
3601 2117 3877 2175 quoque,

2215 2180 2282 2234 ut
2308 2193 2381 2234 ex
2409 2178 2583 2236 dictis
2612 2184 2772 2254 patet
2792 2183 2890 2253 (b),
2922 2200 2994 2240 eo
3024 2184 3155 2258 ipso
3183 2187 3246 2243 in
3274 2187 3427 2259 loco,
3462 2188 3570 2245 ubi
3600 2190 3877 2247 tumulus

2216 2269 2497 2341 martyris
2520 2272 2795 2329 Barlaam
2815 2272 3043 2331 aderat.
3063 2275 3214 2333 Nam
3234 2277 3361 2338 sine
3382 2278 3571 2335 dubio
3587 2295 3715 2336 non
3736 2280 3884 2337 duo-

2216 2356 2334 2414 bus
2355 2358 2501 2415 locis
2526 2360 2755 2431 positus
2780 2361 2971 2419 fuerat
2993 2364 3044 2435 ej
3056 2380 3122 2420 us
3153 2367 3432 2440 martyris
3462 2368 3760 2426 tumulus.
3798 2373 3881 2426 Ex

2217 2442 2437 2515 quibus
2467 2443 2717 2501 efﬁcitur
2740 2446 3077 2505 breviorem
3101 2449 3268 2507 illam
3302 2452 3659 2509 concionem
3693 2454 3885 2527 Chry-

2218 2532 2467 2589 sostomi
2493 2549 2643 2603 esse,
2674 2550 2799 2592 non
2830 2537 3049 2607 Basilii,
3072 2539 3176 2611 qui
3203 2540 3535 2598 Antiochiae
3559 2558 3886 2616 nunquam

2221 2621 2614 2678 concionatus
2636 2624 2728 2682 sit.
2753 2624 2925 2691 Quod
2940 2626 3228 2697 diximus,
3252 2634 3581 2703 martyrem
3601 2632 3887 2689 Barlaam

2219 2715 2476 2767 mortem
2505 2711 2724 2769 obiisse
2751 2716 3100 2784 Antiochiae,
3132 2716 3195 2773 id
3222 2723 3420 2790 potest
3438 2719 3795 2778 conﬁrmari
3830 2727 3887 2780 et

2223 2817 2298 2858 ex
2310 2800 2583 2868 Eusebio,
2606 2802 2868 2874 quicum
2889 2803 2964 2860 de
2986 2806 3353 2878 martyribus
3379 2808 3785 2881 Cappadociae
3801 2809 3886 2867 lo-

2223 2889 2447 2963 quitur,
2469 2890 2617 2947 nihil
2634 2891 2795 2956 dicit,
2813 2893 3056 2966 quodin
3075 2894 3237 2952 hunc
3255 2900 3529 2954 sanctum
3548 2904 3881 2973 martyrem

2226 2979 2544 3037 convenire
2561 2981 2750 3054 possit
2782 2999 2796 3038 :
2830 2986 2887 3039 et
2910 2988 3138 3054 contra,
3165 3001 3305 3042 cum
3332 2985 3597 3059 loquitur
3625 2988 3709 3045 de
3730 3005 3885 3047 mar-

453 3075 637 3151 paulo
662 3075 944 3132 attentius
970 3073 1198 3145 legerit,
1232 3077 1549 3149 utramque
1579 3091 1651 3133 eo
1680 3076 1813 3135 loco
1841 3079 2111 3140 habitam

2226 3068 2461 3142 tyribus
2481 3071 2832 3142 Antiochiae,
2850 3073 3161 3146 quoddam
3177 3074 3454 3148 supplicii
3474 3092 3664 3147 genus
3684 3080 3884 3148 refert,

454 3166 661 3235 fuisse,
691 3164 797 3221 ubi
825 3163 1110 3235 martyris
1144 3162 1421 3221 Barlaam
1448 3165 1713 3223 tumulus
1744 3172 1888 3237 erat,
1916 3169 2113 3241 facile,

455 3255 691 3328 opinor,
730 3252 1013 3310 fatebitur
1058 3253 1174 3323 (a).
1221 3255 1299 3309 De
1336 3252 1597 3311 breviori
1637 3256 1887 3329 quidem
1914 3259 2117 3318 nullus

456 3341 807 3414 ambigendi
823 3341 992 3399 locus
1012 3357 1141 3399 esse
1163 3345 1383 3415 potest,
1406 3358 1546 3400 cum
1567 3344 1630 3401 id
1656 3345 1742 3402 ita
1761 3362 1892 3404 esse
1914 3354 2119 3421 aperte

455 3432 777 3491 ostendant
806 3447 945 3506 quae
975 3446 1161 3505 supra
1187 3431 1521 3501 retulimus,
1552 3449 1811 3509 quaeque
1838 3438 1955 3495 hoc
1985 3439 2120 3501 loco

454 3539 665 3580 rursus
694 3521 1028 3579 exscribere
1058 3520 1207 3577 nihil
1224 3536 1467 3579 necesse
1493 3526 1603 3580 est.
1636 3527 1838 3598 Neque
1861 3543 2007 3587 vero
2036 3531 2115 3589 de

453 3611 712 3683 longiori
741 3610 906 3668 aliud
930 3610 1231 3682 judicium
1260 3610 1565 3684 prolatum
1592 3613 1664 3670 iri
1689 3620 1860 3689 puto,
1894 3618 2008 3676 nisi
2039 3621 2117 3679 ab

456 3701 549 3770 iis,
566 3701 672 3776 qui
692 3701 898 3758 omnia
918 3700 983 3756 in
1002 3703 1320 3774 utramque
1336 3706 1570 3774 partem
1585 3702 1959 3778 interpretari
1977 3724 2119 3782 pro-

453 3792 717 3856 ﬁtentur,
756 3805 882 3847 non
918 3792 1121 3847 autem
1149 3788 1228 3847 ab
1270 3789 1363 3860 iis,
1394 3791 1502 3864 qui
1530 3791 1874 3866 simpliciter
1900 3813 2112 3856 verum

457 3883 757 3954 quaerunt.
790 3882 876 3935 Ita
895 3882 1099 3935 autem
1126 3878 1190 3934 in
1218 3878 1525 3951 prolixiori
1554 3880 1656 3936 illa
1672 3882 1960 3941 concione
1974 3885 2120 3956 legi-

458 3974 555 4027 tur
603 3970 669 4041 (ι.
721 3969 788 4040 ΙΙ,
841 3985 903 4042 p.
955 3972 1080 4025 685)
1123 3988 1136 4025 :
1182 3965 1460 4031 Ὑπόδεξαι
1507 3970 1594 4021 τὸν
1644 3975 1971 4043 στεφανίτην,
2024 3979 2115 4028 καὶ

458 4054 723 4131 μηδέποτε
779 4054 913 4131 ἀφῇς
970 4056 1186 4121 ἐξελθεῖν
1243 4065 1336 4120 τῆς
1400 4053 1637 4120 διανοίας
1687 4066 1781 4121 τῆς
1841 4068 1960 4123 σῆς.
2023 4066 2119 4117 Διὰ

459 4153 612 4200 τοῦτο
668 4148 805 4220 ὑμᾶς
860 4149 947 4198 καὶ
1002 4147 1148 4220 παρὰ
1195 4146 1289 4207 τάς
1341 4147 1503 4208 θήκας
1550 4152 1649 4198 τῶν
1697 4145 1857 4219 ἁγίων
1914 4154 2120 4224 μαρτύ.

459 4257 561 4311 ρων
600 4236 879 4309 ἠγάγομεν,
911 4234 996 4287 ἳνα
1024 4238 1132 4298 καί,
1177 4237 1287 4289 etc.
1324 4234 1577 4303 Suscipe
1615 4236 1904 4294 victorem
1952 4255 2122 4297 coro-

459 4331 693 4393 natum,
724 4341 829 4381 nec
858 4339 1127 4396 unquam
1155 4338 1229 4380 ea:
1258 4327 1453 4380 mente
1483 4329 1590 4380 tua
1620 4327 1788 4382 exire
1808 4329 2114 4395 permitte.

2229 3158 2400 3233 quod
2429 3175 2552 3216 non
2581 3159 2664 3218 ita
2702 3161 2959 3218 multum
2987 3163 3067 3219 ab
3106 3163 3351 3222 historia
3391 3164 3555 3222 beati
3596 3168 3881 3225 Barlaam

2231 3248 2483 3306 abludit.
2512 3249 2651 3321 Ejus
2678 3250 2808 3307 huic
2837 3255 2977 3307 sunt
3000 3251 3189 3309 verba
3228 3253 3302 3325 (c)
3336 3272 3349 3310 :
3392 3258 3517 3308 Τοτὲ
3548 3259 3639 3329 μὲν
3668 3256 3884 3321 πέλυξιν

2232 3331 2594 3408 ἁναιρομένων,
2654 3335 2739 3388 οἶα
2793 3340 2966 3409 γέγονε
3016 3344 3126 3399 τοῖς
3180 3338 3261 3391 ἐπ’
3320 3339 3584 3414 Ἀραϐίας,
3642 3346 3765 3394 τοτὲ
3828 3339 3889 3394 δὲ

2232 3422 2298 3475 τὰ
2365 3423 2519 3483 σκέλη
2594 3430 3011 3498 καταγνυμένων,
3085 3422 3171 3479 οἷα
3230 3435 3342 3492 τοῖς
3408 3429 3459 3482 ἐν
3528 3427 3892 3503 Καππαδοκίᾳ

2233 3514 2664 3589 συμϐέϐηκε......
2718 3521 2781 3569 Τί
2830 3512 2914 3569 δεῖ
2958 3525 3055 3570 τῶν
3099 3518 3181 3571 ἐπ’
3234 3519 3559 3591 Ἀντιοχείας
3606 3518 3890 3583 ἀναζωπυ-

2230 3612 2336 3681 ρεῖν
2390 3610 2486 3664 τὴν
2534 3610 2790 3679 μνήμην;
2846 3605 3105 3681 ἐσχάραις
3144 3611 3306 3681 πυρὸς
3363 3609 3457 3661 οὐκ
3511 3608 3583 3671 εἰς
3641 3612 3886 3674 θάνατον,

2232 3695 2343 3749 ἀλλ’
2402 3695 2488 3749 ἐπὶ
2558 3702 2734 3771 μακρᾷ
2790 3701 3016 3770 τιμωρίᾳ
3081 3701 3510 3768 κατοπτωμένων·
3586 3697 3773 3769 ἐτέρων
3836 3716 3890 3749 τε
3958 3744 3963 3755 ,

2232 3789 2417 3840 θᾶττον
2469 3791 2562 3845 τὴν
2616 3784 2790 3849 δεξιὰν
2837 3786 3005 3838 αὐτῶν
3054 3790 3180 3861 ⁸ιτυρὶ
3232 3788 3528 3850 καθιέντων,
3584 3784 3614 3844 ἢ
3665 3793 3763 3848 τῆς
3812 3788 3891 3839 ἒν-

2220 3872 2386 3947 ,αιγοῦς
2417 3878 2602 3936 θυσίας
2639 3874 3017 3946 ἐφαπτομένων.
3053 3873 3283 3943 Quippe
3329 3874 3469 3930 cum
3503 3875 3881 3934 admirandi

2229 3970 2549 4033 martyres,
2567 3964 2789 4034 partim
2808 3963 3111 4019 securibus
3133 3964 3274 4020 ctesi
3293 3964 3435 4032 sint,
3468 3970 3536 4021 ut
3556 3966 3623 4021 in
3646 3965 3887 4023 Arabia

2230 4054 2500 4125 contigit,
2540 4053 2765 4123 partim
2817 4052 3126 4122 sit/fractis
3178 4054 3461 4110 cruribus
3515 4055 3885 4123 interierint,

2231 4141 2723 4217 quemadmodum
2746 4140 2964 4198 accidit
2984 4142 3048 4198 in
3068 4142 3557 4212 Cappadocia....
3573 4145 3713 4200 Jam
3736 4159 3879 4201 vero

2230 4247 2299 4290 ea
2314 4246 2443 4303 qua:
2462 4231 2629 4301 apud
2640 4230 3022 4287 Antiochiam
3042 4237 3209 4301 gesta
3227 4232 3541 4304 sunt,quid
3556 4248 3704 4303 opus
3721 4238 3806 4289 est
3822 4232 3888 4287 in

2231 4323 2574 4380 memoriam
2600 4335 2880 4377 revocare
2904 4324 2930 4375 ?
2962 4321 3066 4376 ubi
3103 4322 3215 4377 alii
3253 4322 3566 4377 craticulis
3594 4322 3882 4391 impositi,

460 4414 693 4471 Idcirco
727 4428 828 4470 vos
856 4409 1157 4469 etiam'ad
1188 4412 1345 4480 ipsos
1383 4418 1731 4471 sanctorum
1765 4422 2111 4486 martyrum
2144 4441 2192 4496 ι)
2228 4410 3581 4482 nonadmortemusque,sedaddiuturnitatem
3596 4408 3887 4480 supplicii

458 4504 686 4561 (oculos
712 4500 1096 4569 adduximus,
1123 4505 1209 4569 ut,
1232 4504 1341 4557 etc.
1366 4502 1485 4558 Nec
1504 4502 1586 4561 ita
1605 4503 1796 4561 multo
1819 4509 1958 4577 post
1976 4506 2110 4564 haec

455 4590 766 4664 subjungit
801 4589 1266 4662 Chrysostomus
1308 4589 1477 4663 (ibid.
1509 4608 1571 4664 p,
1607 4592 1735 4664 686)
1768 4609 1782 4659 ;
1832 4596 1926 4647 Διά
1953 4602 2108 4649 τοῦτο

453 4686 541 4735 καὶ
611 4683 761 4753 ἡμεῖς
816 4679 1038 4733 ἐνταῦθα
1111 4678 1546 4755 συνεληλύθαμεν·
1612 4687 1774 4741 σκηνὴ
1831 4686 1931 4759 ’γάρ
1993 4685 2109 4740 ἐστι

456 4773 805 4846 στρατιωτικὴ
867 4776 963 4821 τῶν
1034 4771 1311 4843 μαρτύρων
1369 4772 1396 4822 ὁ
1467 4772 1720 4843 τάφος....
1789 4779 1951 4827 Ὅταν
2006 4778 2107 4850 γὰρ

452 4859 577 4935 ἴδῃς
626 4857 973 4933 δαιμονιῶντα
1008 4858 1276 4933 ἄνθρωπον
1310 4861 1453 4934 παρὰ
1496 4864 1583 4913 τόν
1627 4863 1786 4934 τάφον
1834 4869 1925 4915 τοῦ
1978 4867 2109 4939 μοίρ-

453 4971 607 5027 τυρος
625 4968 851 5025 κειμενον
871 4948 1074 5020 omo»,
1106 4955 1215 5007 etc.
1247 4951 1485 5008 Idcirco
1510 4966 1616 5006 nos
1646 4952 1826 5008 etiam
1857 4953 1950 5009 hic
1971 4970 2108 5010 con-

449 5023 717 5098 venimus
728 5056 749 5097 :
762 5040 1081 5098 tentorium
1098 5040 1257 5097 enim
1274 5046 1361 5097 est
1377 5040 1642 5097 militare
1655 5044 1996 5111 martyrum
2014 5023 2126 5098 tu:

446 5131 739 5187 mulus....
771 5130 917 5187 Cum
933 5130 1083 5187 enim
1102 5128 1397 5187 hominem
1419 5136 1763 5200 correptum
1780 5145 1819 5188 a
1838 5133 2106 5191 daemone

434 5222 627 5292 juxta
654 5222 941 5291 martyris
960 5222 1302 5292 sepulcrum
1331 5220 1553 5278 videris
1581 5221 1867 5291 supinum
1890 5224 2100 5293 jacen-

445 5316 580 5381 tem,
611 5312 728 5369 etc.
773 5312 1101 5384 Postquam
1128 5309 1290 5369 enim
1316 5308 1624 5369 institutus
1664 5325 1861 5369 sermo
1890 5310 2000 5370 fuit
2027 5312 2102 5369 de

515 5542 609 5612 (a)
644 5542 795 5612 Lege
817 5554 986 5597 num.
1013 5546 1065 5598 5.

526 5613 617 5686 (b)
650 5614 801 5686 Lege
825 5628 997 5674 num.
1021 5613 1326 5672 eumdem.

2230 4502 2649 4573 terrebantur;
2674 4501 2787 4557 alii
2803 4500 3051 4557 dextras
3077 4515 3217 4556 suas
3246 4501 3307 4555 in
3334 4501 3532 4570 ignem
3562 4500 3885 4556 immittere

2223 4592 2592 4659 maluerunt,
2647 4605 2826 4662 quam
2887 4591 3067 4659 impia
3120 4590 3449 4647 libamenta
3505 4590 3880 4659 contingere.

2221 4683 2410 4738 Nemo
2430 4681 2612 4745 enim,
2635 4679 2866 4753 opinor,
2880 4678 3065 4735 homo
3082 4677 3432 4735 ditﬁtebitur
3446 4673 3729 4749 marty‘ris
3750 4678 3882 4731 Bar-

2217 4771 2381 4828 luam
2426 4769 2738 4826 historiam
2786 4767 3008 4824 ultimis
3055 4767 3291 4824 Eusebii
3320 4767 3517 4824 verbis
3550 4767 3693 4822 satis
3737 4767 3879 4837 apte

2218 4858 2590 4918 adumbrari.
2604 4861 2719 4915 Nec
2734 4856 3061 4930 quisquam
3076 4856 3290 4914 dixerit
3303 4856 3363 4912 in
3378 4854 3614 4911 duabus
3630 4853 3726 4909 his
3747 4866 3882 4910 ora-

2217 4949 2478 5007 tionibus
2492 4947 2738 5021 reperiri
2753 4963 2892 5020 quae
2910 4946 3060 5003 inter
3082 4962 3143 5002 se
3165 4952 3269 5003 aut
3290 4944 3589 5002 contraria
3610 4945 3752 5011 sint,
3776 4948 3883 5000 aut

2218 5038 2517 5096 contraria
2536 5052 2666 5093 esse
2693 5036 3034 5104 videantur,
3065 5036 3145 5092 ob
3177 5036 3358 5107 idque
3388 5036 3551 5108 ipsas
3573 5034 3678 5090 uni
3706 5038 3765 5089 et
3796 5033 3879 5088 ei-

2216 5130 2357 5186 dem
2387 5125 2653 5199 scriptori
2686 5125 2867 5181 tribui
2906 5141 3034 5182 non
3062 5124 3300 5180 debere.
3335 5126 3557 5180 Notum
3601 5127 3689 5179 est
3718 5125 3884 5179 enim

2215 5223 2501 5289 oratores,
2538 5233 2676 5272 cum
2718 5215 3070 5289 quempiam
3105 5212 3483 5270 laudandum
3512 5213 3625 5269 sibi
3655 5227 3883 5285 propo-

2214 5311 2386 5373 nunt,
2405 5307 2551 5365 locis
2567 5305 2939 5381 quibusdam
2960 5302 3388 5360 communibus
3411 5302 3495 5360 uti
3513 5302 3740 5366 solitos,
3760 5316 3883 5359 eos-

2284 5544 2372 5614 (c)
2402 5540 2558 5597 Hist.
2593 5541 2736 5598 eccl.
2778 5535 2888 5592 lib.
2921 5551 3044 5607 vui,
3078 5552 3216 5611 cap.
3251 5539 3338 5594 t2.
