4058 6192
200 295 251 348 ﬂ
1741 284 1870 338 PRA

1981 285 2121 342 .TlO.
3570 291 3637 342 2'2

208 429 335 489 que
358 424 532 484 saepe,
549 410 591 464 si
602 407 691 464 bis
709 406 796 463 de
820 407 1241 464 unoeteodem
1261 418 1603 463 sermonem
1618 407 1869 478 habent,

1986 407 2250 475 δεὲξαντος
2274 409 2368 466 διὰ
2386 420 2480 473 τῆς
2522 411 2882 484 ἐμφυσήσεως,
2902 416 2982 464 ὅτι
3013 416 3070 464 τὸ
3108 407 3314 484 Πνεῦμα
3340 420 3435 473 τῆς
3463 413 3636 473 Osi-ai;

212 518 358 561 non
381 506 495 557 tam
521 504 736 561 curare,
765 500 837 553 ut
863 511 940 553 ea
981 512 1119 569 quae
1150 511 1222 552 ex
1251 495 1681 553 communibus
1719 496 1879 553 locis

228 591 412 666 petita
435 590 567 651 sunt,
593 585 972 641 conveniant
994 585 1150 642 inter
1172 598 1257 644 se.
1287 600 1472 658 quam
1494 590 1561 641 ut
1590 586 1663 656 is,
1687 601 1872 658 quem

246 678 458 736 iam
480 674 707 741 volunt,
738 688 997 748 quoquo
1026 674 1212 731 modo
1239 673 1533 731 laudetur.
1568 676 1760 740 Quare
1789 674 1875 731 ni-

252 768 325 826 hil
333 767 510 823 mirum
526 763 579 819 si
591 763 1094 836 Chrysos'tomus,
1109 763 1215 836 qui
1229 763 1304 819 de
1316 769 1581 836 martyre
1599 768 1674 819 Ba
1681 763 1876 821 rlaam‘

247 857 521 914 amonem
553 852 1007 926 panegyricam
1045 852 1140 909 bis
1188 852 1420 919 habuit,
1451 854 1734 911 contrarii
1764 854 1873 910 ali-

237 945 345 1018 quid
367 944 429 1001 in
454 942 900 1001 commumbus
925 942 1021 998 his
1050 942 1197 998 locis
1226 944 1330 999 aut
1353 942 1533 1011 dicat,
1556 947 1661 1000 aut
1675 942 1877 1000 dicere

226 1033 480 1091 videatur.
520 1034 829 1088 Praeterea
872 1031 922 1087 si
949 1030 1233 1104 martyris
1262 1030 1535 1088 Bai-leam
1559 1031 1879 1089 historiam

211 1121 405 1179 adius
426 1120 835 1195 postmodum
858 1120 1026 1177 novit
1042 1119 1531 1192 Chrysostomus,
1549 1134 1675 1177 non
1693 1121 1871 1179 video

211 1216 309 1270 cui"
329 1214 389 1269 in
416 1211 747 1285 posteriori
779 1223 897 1266 sua
926 1210 1215 1267 concione
1254 1210 1734 1268 circumstantias
1763 1212 1871 1269 ali-

205 1318 343 1375 quas
359 1301 531 1358 aliter
542 1306 804 1357 narrare
815 1314 941 1356 non
962 1299 1239 1373 potuerit.
1261 1299 1392 1357 imo
1410 1315 1551 1357 vero
1572 1300 1655 1357 ita
1674 1300 1873 1358 facere

205 1390 413 1449 debuit.
445 1390 610 1447 Nihil
638 1403 789 1460 ergo
811 1380 1000 1446 ofﬁcit
1028 1392 1249 1445 nostra;
1277 1389 1548 1463 opinioni
1576 1398 1869 1463 quarum-

200 1483 331 1537 dam
351 1478 960 1537 circumstantiarum
975 1479 1231 1535 varietas
1253 1495 1269 1533 ε
1293 1479 1400 1535 sed
1418 1477 1566 1535 illud
1589 1494 1723 1536 eam
1744 1496 1870 1536 ma-

198 1571 343 1627 xime
362 1570 723 1633 conﬁrmat,
738 1568 911 1642 quod
932 1569 1134 1641 ipsum
1154 1568 1427 1641 martyrii
1442 1583 1635 1641 genus
1654 1569 1873 1626 iisdem

197 1662 308 1717 fere
328 1660 553 1727 verbis,
580 1663 651 1716 ut
671 1674 751 1716 ex
776 1657 955 1715 dictis
972 1660 1224 1715 constat.
1250 1658 1357 1729 (α),
1380 1657 1445 1714 in
1462 1662 1719 1731 utraque
1742 1672 1871 1715 ora-

1996 501 2179 563 ou’m’ug
2209 502 2342 564 ἐστὶ,
2371 507 2459 553 καὶ
2502 500 2561 553 οὗ
2590 510 2685 562 τῆς
2717 509 2934 563 κτιστῆς
2961 504 3181 574 φύσεως,
3218 500 3444 573 aliquid
3464 514 3638 573 repe-

1979 590 2097 657 rio,
2123 592 2288 664 quod
2310 608 2340 647 e
2367 590 2799 647 consuetudine
2831 591 3027 646 Basilii
3055 590 3280 647 dictum
3306 590 3488 647 fuisse
3514 605 3637 646 non

1981 684 2148 752 puto.
2183 680 2301 735 Etsi
2331 680 2490 736 enim
2522 684 2724 736 orator
2754 680 3019 751 optimus
3052 679 3253 735 multis
3302 678 3635 736 admodum

1981 767 2126 824 locis
2175 767 2469 841 quiddam
2534 767 2808 823 divinum
2866 767 3179 840 exprimat,
3242 773 3443 824 tamen
3488 782 3636 823 voce

1986 859 2152 919 θεῑκός
2179 872 2508 929 nusquam,
2531 857 2697 929 quod
2728 855 2975 929 quidem
2997 856 3183 911 sciam
3207 856 3408 912 utitur.
3442 858 3635 922 Quare

1984 954 2121 1002 cum
2151 946 2410 1019 probare
2441 958 2691 1002 conarer
2726 944 2970 1001 ultimos
3001 944 3154 1001 duos
3183 947 3246 1000 in
3277 946 3633 1001 Eunomium

1980 1034 2165 1090 libros
2182 1034 2244 1089 in
2261 1034 2478 1107 spuriis
2505 1034 2651 1107 poni
2679 1033 2918 1097 debere,
2941 1034 3089 1090 inter
3110 1033 3228 1089 alia
3250 1037 3631 1103 argumenta,

1980 1123 2201 1197 quibus
2225 1122 2304 1180 ad
2332 1123 2395 1179 id
2423 1123 2947 1196 comprobandum
2977 1139 3123 1179 usus
3153 1139 3309 1189 sum,
3340 1123 3457 1178 hoc
3482 1139 3634 1195 quo-

1980 1226 2098 1285 que
2127 1213 2438 1284 reperitur,
2462 1211 2628 1284 quod
2648 1227 2768 1268 vox
2791 1214 2981 1283 οείκός,
3008 1226 3142 1284 qua:
3172 1210 3250 1267 ab
3278 1210 3635 1268 indubitatis

1981 1300 2478 1373 Basiliioperibus
2499 1300 2692 1372 abest,
2717 1302 2938 1373 sa‘pius
2956 1300 3018 1356 in
3033 1300 3127 1368 iis,
3146 1316 3299 1373 quos
3314 1298 3455 1366 dixi,
3469 1288 3652 1355 libris.

1980 1395 2275 1447 occurrat.
2309 1392 2374 1446 Et
2405 1390 2573 1462 quod
2602 1389 3006 1463 suspicionem
3032 1394 3233 1460 auget,
3263 1389 3327 1444 in
3353 1389 3467 1444 hoc
3503 1388 3637 1444 bre-

1978 1480 2226 1536 vissimo
2254 1479 2550 1552 opusculo
2579 1495 2697 1536 vox
2725 1481 2891 1542 θεῑκός
2911 1494 3035 1536 non
3055 1479 3135 1535 ita
3155 1477 3344 1534 multo
3359 1481 3496 1551 post
3511 1493 3637 1534 rur-

1982 1586 2088 1625 sus
2114 1568 2453 1625 adhibetur.
2486 1571 2551 1623 Et
2581 1567 2727 1623 illud
2748 1584 2992 1641 quoque
3016 1567 3288 1640 displicet
3308 1568 3466 1640 (pag.
3493 1567 3633 1637 584),

1980 1664 2041 1713 τὸ
2068 1661 2189 1732 γὰρ,
2223 1661 2401 1711 Πάντα
2449 1656 2523 1711 δι’
2565 1658 2724 1711 αὐτοῦ
2756 1659 2977 1729 ἐγένετο,
3015 1662 3131 1731 περὶ
3158 1657 3251 1710 τοῦ
3280 1656 3511 1718 πλήθους
3539 1665 3638 1708 τῶν

198 1750 346 1807 ﬁone
383 1748 749 1823 explicetur.
782 1750 867 1803 Ex
896 1747 1122 1820 quibus
1146 1727 1431 1803 omnibus
1456 1727 1870 1804 efﬁci—videtur

1981 1727 2283 1821 κτιέτμάτων
2332 1747 2469 1802 ἐστί.
2526 1749 2700 1803 Illud
2742 1727 2920 1815 enim,
2970 1727 3241 1803 «Omnia
3297 1760 3405 1816 per
3443 1746 3637 1816 ipsum

199 1843 517 1911 martyrem
570 1836 860 1894 Barlaam
915 1851 1115 1909 neque
1147 1838 1437 1894 Caesarea
1469 1836 1870 1910 Cappadociae

201 1934 494 1985 mortuum
514 1941 681 1997 esse,
701 1932 909 1998 neque
926 1924 1002 1981 de
1023 1940 1097 1981 eo
1117 1924 1398 1982 Basilium
1414 1926 1744 1982 orationem
1767 1926 1872 1982 ha-

202 2016 637 2088 buisse,neque
661 2024 742 2071 eo
774 2022 963 2088 quem
1011 2024 1155 2071 mox
1202 2014 1328 2071 dixi
1377 2015 1510 2072 loco
1564 2014 1870 2089 sepultum

219 2107 408 2161 iam.
439 2109 617 2162 nonet
647 2103 1105 2160 eruditissimus
1132 2103 1224 2158 vir
1246 2103 1674 2171 Tillemontius,
1706 2116 1867 2161 mar-

216 2194 613 2266 b'risﬂariaam
634 2194 871 2250 festum
888 2192 1048 2249 diem
1062 2192 1121 2248 in
1134 2193 1510 2265 quibusdam
1527 2196 1871 2250 Grascorum‘

195 2284 525 2355 lenologiis
553 2284 659 2339 die
688 2282 940 2339 decima
969 2286 1132 2339 sexta
1158 2283 1508 2339 Novembris
1532 2284 1755 2341 notari:
1804 2286 1875 2342 in-

194 2372 308 2430 aiiis
333 2387 507 2439 vero,
537 2370 1079 2445 quemadmodum
1108 2376 1165 2428 et
1202 2372 1264 2428 in
1304 2371 1727 2445 Martyrologio
1757 2376 1875 2432 Ro;

188 2479 389 2526 manu.
416 2463 522 2519 die
551 2462 795 2519 decima
825 2476 994 2518 nona
1030 2461 1252 2518 mensis
1282 2462 1574 2533 ejusdem.

212 2598 356 2669 §lll.
391 2598 486 2653 De
527 2584 790 2653 homilia
840 2595 903 2673 in
951 2602 1225 2652 sanctum
1278 2596 1597 2667 baptisma,
1629 2612 1731 2655 seu
1759 2590 1832 2654 de

810 2686 1055 2755 Spiritu
1101 2692 1325 2743 sancto.

254 2822 337 2877 tt.
379 2821 527 2877 Haec
558 2821 761 2878 oratio
782 2820 868 2876 ita
893 2819 958 2875 in
979 2826 1234 2893 utraque
1258 2819 1517 2876 editione
1542 2820 1863 2878 Parisiensi

185 2909 553 2975 inscribitur,
584 2909 811 2981 Ὀμιλίακ
832 2908 903 2970 εἰς
958 2911 1015 2960 τὸ
1062 2908 1209 2980 ἅγιον
1240 2907 1540 2982 βάπτισμα,
1592 2910 1861 2966 Homilia

1977 1839 2151 1908 facta
2174 1844 2312 1893 sunt
2334 1838 2406 1906 δ’,
2430 1855 2461 1890 ›
2492 1837 2575 1893 ad
2613 1842 3036 1893 creaturarum
3069 1836 3523 1892 multitudinem
3548 1851 3639 1891 re-

1974 1928 2135 1999 ferri
2154 1926 2341 1983 debet.
2362 1926 2626 1982 Primum
2645 1925 2803 1982 edim
2820 1925 3031 1981 ultima
3049 1924 3257 1996 verba,
3272 1929 3499 1999 περὶτοῦ
3515 1924 3640 1983 πλή-

1982 2020 2103 2080 θους
2128 2023 2229 2070 τῶν
2254 2017 2560 2088 κτισμάτων
2591 2015 2725 2084 ἐστὶ,
2752 2019 2818 2071 ut
2844 2018 3040 2071 Greece
3066 2019 3307 2088 repunt,
3337 2015 3420 2071 ita
3449 2019 3504 2070 et
3533 2015 3638 2071 La-

1978 2106 2120 2162 tine.
2152 2105 2241 2161 Ita
2267 2104 2429 2161 enim
2459 2104 2539 2160 ad
2579 2104 2836 2160 verbum
2865 2103 3233 2176 interpretari
3265 2103 3439 2160 licet:
3479 2104 3641 2160 illud

1978 2196 2157 2262 enim,
2191 2216 2220 2246 ‹‹
2238 2194 2452 2251 Omnia
2472 2208 2586 2263 per
2608 2195 2801 2264 ipsum
2819 2195 2994 2263 facta
3015 2199 3176 2262 sunt,
3192 2216 3220 2244 »
3242 2193 3313 2249 de
3334 2199 3642 2250 creatura-

1977 2300 2115 2340 rum
2139 2283 2530 2341 multitudine
2556 2289 2660 2339 est.
2691 2282 2854 2339 Certe
2876 2282 2945 2350 si,
2978 2283 3082 2356 qui
3106 2282 3307 2339 Latine
3324 2281 3541 2353 sciunt,
3554 2282 3640 2338 sic

1976 2374 2140 2446 loqui
2161 2388 2285 2430 non
2307 2372 2516 2439 solent,
2536 2372 2810 2441 Basilius,
2827 2372 2929 2446 qui
2947 2375 3290 2429 Graecarum
3304 2371 3639 2429 litterarum

1974 2463 2371 2537 peritissimus
2403 2465 2548 2531 erat,
2570 2462 2652 2519 ita
2678 2464 2874 2519 Graece
2894 2462 3130 2519 locutus
3152 2461 3335 2518 fuisse
3357 2477 3482 2518 non
3506 2477 3639 2517 cen-

1975 2552 2199 2609 sendus
2238 2556 2348 2609 est.
2390 2551 2613 2608 Deinde
2642 2550 2811 2618 illud,
2842 2552 3009 2624 quod
3036 2551 3202 2608 initio
3232 2550 3462 2624 periodi
3483 2549 3640 2623 posi-

1974 2646 2104 2698 tum
2116 2645 2222 2709 est,
2237 2655 2361 2697 non
2375 2640 2572 2711 magis
2603 2640 2841 2697 arridet.
2865 2640 3019 2696 Cum
3042 2640 3204 2697 enim
3232 2638 3478 2696 Basilius
3499 2654 3636 2712 proa-

1974 2731 2109 2804 pria
2136 2730 2450 2802 Scriptura:
2470 2729 2660 2787 verba
2673 2729 2870 2800 refert,
2893 2729 2955 2786 in
2977 2745 3087 2785 suo
3109 2744 3387 2786 sermone
3410 2726 3637 2800 aliquid

1976 2820 2198 2884 inserit,
2221 2833 2356 2892 quo
2371 2819 2476 2892 qui
2498 2819 2772 2883 audiunt,
2795 2823 2899 2876 aut
2915 2819 3143 2890 legunt,
3174 2818 3539 2891 Scripturam
3559 2817 3636 2874 ci-

1978 2909 2091 2966 tari
2111 2912 2513 2980 moneantur;
2536 2924 2647 2965 nec
2668 2912 2814 2981 puto
2835 2924 2975 2964 cum
2996 2908 3078 2965 ita
3094 2907 3435 2965 locuturum
3451 2906 3635 2963 fuisse

185 2999 549 3054 uisendum
584 2998 895 3066 baptisma
916 3011 937 3051 :
968 2995 1074 3051 sed
1103 2996 1322 3052 mirum
1340 2995 1528 3052 videri
1548 2995 1726 3052 debet
1744 2996 1871 3052 hoc-
1906 3038 1947 3095 Ο
1978 2998 2140 3055 nude
2178 3000 2236 3054 et
2273 2996 2635 3071 simpliciter,
2684 3002 2742 3050 τὸ
2775 3001 2895 3071 γὰρ,
2930 3001 3126 3066 Πάντα,
3160 3001 3269 3055 etc.
3310 2999 3396 3053 Me
3447 2995 3636 3052 movit

185 3087 556 3160 opusculum
595 3087 684 3142 sic
714 3086 778 3141 in
810 3084 1071 3156 vulgatis
1100 3084 1452 3157 inscriptum
1478 3085 1687 3153 fuisse,
1721 3099 1861 3141 cum

184 3177 245 3232 in
268 3177 366 3233 his
391 3190 593 3231 unum
624 3174 935 3230 duntaxat
959 3173 1207 3230 verbum
1235 3173 1426 3230 obiter
1453 3174 1529 3230 de
1557 3174 1861 3247 baptismo

186 3265 418 3323 dicatur
445 3264 528 3320 ad
557 3261 1067 3337 conprehendam
1100 3261 1346 3334 Spiritus
1375 3262 1565 3318 sancti
1591 3263 1863 3319 divinita-

192 3359 322 3410 tem.
355 3355 541 3409 Nunc
572 3352 651 3423 is,
678 3362 870 3424 quem
902 3365 1044 3406 mox
1093 3349 1320 3421 notavi,
1378 3350 1603 3419 titulus,
1652 3350 1865 3424 Ὁμιλία

197 3444 261 3503 si;
280 3447 337 3495 τὸ
359 3445 512 3513 ἅγιον
534 3440 841 3515 βάρτισμα,
864 3440 1135 3496 Homilia
1155 3440 1219 3495 in
1240 3445 1521 3496 sanctum
1548 3441 1860 3510 baptisma,

200 3530 347 3585 huic
366 3528 909 3586 lucubratiunculas
934 3526 1146 3584 melius
1170 3528 1528 3593 conveniret,
1555 3544 1694 3585 cum
1715 3544 1853 3586 non-

203 3616 376 3673 nulla
406 3632 439 3672 e
468 3619 632 3687 Regio
662 3617 877 3674 codice
912 3621 1045 3674 1907
1085 3616 1519 3684 addiderimus,
1549 3617 1611 3674 in
1641 3617 1864 3691 quibus

195 3706 472 3780 scriptor,
499 3706 786 3780 quisquis
816 3711 931 3777 est,
956 3706 1032 3762 de
1081 3705 1450 3778 baptismate
1492 3706 1638 3763 data
1683 3721 1869 3780 opera

190 3796 568 3851 mentionem
598 3795 761 3852 facit.
797 3795 913 3851 Sed
938 3795 1067 3851 haec
1090 3794 1246 3851 levia
1266 3797 1440 3864 sunt;
1471 3795 1603 3866 jam
1629 3795 1708 3852 ad
1737 3810 1868 3866 gra-

190 3886 355 3942 viora
373 3883 861 3959 properandum.
878 3884 1197 3941 Videamus
1226 3884 1404 3956 igitur
1423 3899 1573 3941 num
1588 3885 1717 3942 haec
1738 3901 1866 3942 ora-

190 3974 463 4031 tiuncula
490 3974 694 4030 Basilii
726 3974 822 4041 sit,
856 3973 1028 4045 cujus
1056 3973 1118 4029 in
1145 3973 1313 4030 libris
1344 3974 1663 4031 invenitur.
1697 3977 1763 4032 Et
1790 3989 1867 4032 ne

190 4063 295 4120 diu
320 4064 571 4120 animos
603 4077 937 4137 suspensos
962 4062 1303 4132 distineam,
1343 4063 1481 4120 dico
1536 4063 1684 4119 nihil
1718 4063 1867 4119 mihi

192 4152 381 4209 videri
410 4153 474 4208 in
497 4152 617 4208 hac
637 4151 928 4208 concione
949 4150 1165 4207 Basilio
1185 4154 1399 4221 Magno
1418 4152 1693 4222 dignum.
1717 4153 1866 4208 Cum

190 4242 355 4298 eum
375 4242 445 4296 in
469 4240 673 4297 Basilii
693 4239 1068 4296 orationibus
1086 4240 1448 4313 prooemium
1471 4239 1782 4314 quoddam
1811 4244 1868 4296 et

1977 3086 2178 3153 etiam,
2211 3086 2379 3159 quod
2408 3086 2661 3143 verbum
2693 3090 2906 3159 φάσκειν
2935 3087 2997 3143 in
3022 3087 3123 3143 illa
3147 3085 3521 3143 oratiuncula
3540 3083 3634 3140 bis

1974 3174 2301 3248 repererim
2327 3195 2340 3230 :
2373 3174 2540 3247 quod
2569 3174 2774 3232 nescio
2799 3179 3001 3232 tamen
3023 3190 3100 3232 an
3127 3175 3189 3230 in
3209 3172 3452 3230 sinceris
3475 3171 3633 3229 Basi-

1972 3264 2034 3321 lii
2059 3263 2432 3321 orationibus
2460 3263 2705 3320 totidem
2744 3264 2995 3336 legatur.
3048 3267 3164 3321 Nec
3202 3279 3346 3321 sane
3383 3262 3635 3319 meliora

1976 3356 2117 3409 sunt
2142 3368 2282 3425 quas
2314 3352 2548 3423 eRegio
2592 3352 2799 3409 codice
2838 3352 3221 3409 addidimus:
3271 3350 3441 3424 quod
3491 3350 3632 3407 satis

1975 3457 2047 3497 ex
2086 3441 2213 3498 solo
2253 3441 2422 3498 initio
2478 3442 2761 3511 cognosci
2814 3446 3030 3515 potest.
3090 3445 3175 3499 Ita
3216 3440 3378 3497 enim
3427 3439 3637 3512 incipit

1975 3531 2143 3604 (pag.
2185 3532 2313 3601 585)
2353 3548 2366 3585 :
2427 3535 2566 3583 Ἐπεὶ
2614 3528 2673 3584 δὲ
2731 3538 2865 3584 Θεοῦ
2917 3539 3009 3584 τοῦ
3055 3530 3253 3602 ἀγαθοῦ
3309 3530 3514 3603 χάριτι,
3565 3538 3628 3587 τῆ

1977 3625 2147 3693 μνήμῃ
2182 3627 2281 3671 τῶν
2325 3625 2419 3670 τοῦ
2458 3627 2761 3691 μονογενοῦς
2812 3623 2936 3672 Υἱοῦ
2994 3627 3086 3672 τοῦ
3129 3624 3255 3671 Θεοῦ
3308 3626 3400 3670 τοῦ
3449 3618 3632 3681 ζῶντος

1974 3710 2242 3783 ῥημάτων,
2292 3712 2379 3760 καὶ
2423 3716 2521 3759 τῶν
2577 3707 2735 3779 ἁγίων
2786 3710 2951 3760 αὑτοῦ
3000 3706 3374 3779 εὐαγγελιστῶν
3430 3724 3484 3757 τε
3542 3709 3631 3757 καὶ

1977 3795 2283 3850 ἀποστόλων
2361 3799 2451 3848 καὶ
2523 3804 2819 3870 προφητῶν,
2896 3796 3167 3868 αὐτάρκως
3223 3797 3348 3867 ἡμῖν
3411 3814 3633 3866 σαφηνι-

1980 3884 2181 3936 σοξντων
2232 3883 2320 3933 τὸν
2365 3885 2484 3955 περὶ
2524 3889 2615 3934 τοῦ
2664 3884 2801 3934 κατὰ
2842 3885 2899 3935 τὸ
2957 3880 3251 3954 εὐαγγέλιον
3297 3887 3389 3932 τοῦ
3437 3883 3632 3954 Κυρίου

1979 3976 2123 4046 ἡμῶν
2151 3972 2329 4030 Ἰησοῦ
2355 3977 2592 4045 Χριστοῦ
2624 3970 2996 4045 βαπτίσματος
3024 3970 3195 4043 λόγον,
3252 3967 3634 4042 ἐπαιδεύθημεν

1978 4062 2059 4114 ὃτι
2125 4064 2183 4114 τὸ
2247 4063 2338 4133 μὲν
2404 4059 2453 4113 ἓν
2518 4068 2592 4131 τῷ
2657 4064 2782 4135 πυρὶ
2851 4061 3133 4134 βάπτισμα
3198 4058 3487 4132 ἐλεγκτικὸν
3542 4062 3634 4131 μέν

1981 4150 2095 4205 ἐστι
2149 4152 2325 4212 πάσης
2384 4154 2594 4214 κακίας,
2657 4146 2895 4203 δεκτικὸν
2955 4148 3013 4203 δὲ
3059 4159 3155 4213 τῆς
3211 4153 3345 4202 κατά
3403 4152 3634 4223 Χριστὸν

1983 4236 2344 4304 δικαιοσύνης,
2377 4245 2531 4311 μῖσος
2562 4258 2653 4311 μιν
2698 4238 2944 4311 ἐμποιοῦν
2975 4248 3071 4301 τῆς
3105 4242 3311 4304 κακίας,
3361 4239 3635 4310 ἐπιθυμίαν

195 4331 677 4403 pulcherrimum
727 4334 783 4385 et
833 4304 1344 4400 elegantissimum
1395 4304 1608 4402 praeire
1655 4329 1865 4400 soleat,
1906 4304 1951 4360 Β
1985 4325 2045 4381 δὲ
2083 4337 2176 4390 τῆς
2206 4304 2414 4402 ἀρετῆξ,
2462 4304 2573 4383 etc;
2622 4304 2740 4385 Sed
2768 4329 2908 4384 enin
2939 4343 3009 4384 ea:
3032 4328 3145 4385 Dei
3173 4330 3385 4397 Optimi
3412 4304 3633 4399 gratia,

196 4421 349 4489 eius,
373 4419 453 4475 de
480 4434 613 4492 qua
631 4418 1042 4475 controversia
1065 4423 1171 4485 est,
1194 4418 1480 4475 orationis
1510 4423 1738 4488 auctor,
1772 4418 1866 4474 fri-

204 4507 339 4576 gide
361 4509 443 4563 ita
469 4506 705 4580 incipit
734 4508 812 4580 (p.
848 4508 975 4579 583)
1000 4525 1012 4563 :
1064 4515 1122 4560 '0
1155 4506 1541 4582 βαπτιζόμενος
1573 4509 1644 4571 εἰς
1668 4505 1875 4581 Τριάδα

219 4594 557 4667 βαπτίζεται,
608 4597 683 4658 εἰς
743 4601 948 4671 Πατέρα
1000 4603 1089 4650 καὶ
1143 4601 1262 4651 Υὶόν
1313 4603 1402 4651 καὶ
1447 4600 1593 4670 ἅγιον
1643 4606 1872 4672 Πνεῦμα,

214 4684 339 4738 οὗτε
357 4686 426 4747 ti;
452 4686 657 4760 ἀρχὰς,
692 4684 810 4738 οὗτε
841 4686 910 4748 εἰς
939 4683 1206 4759 δυνάμεις,
1235 4690 1343 4743 etc.
1381 4688 1495 4755 Qui
1515 4688 1876 4758 baptizatur,

221 4774 279 4827 in
312 4776 677 4831 Maiam
710 4774 1075 4844 baptizatur,
1108 4777 1173 4831 in
1200 4777 1476 4843 Patrem,
1527 4786 1581 4832 et
1629 4779 1876 4844 Filium,

223 4868 273 4916 et
298 4864 599 4932 Spiritum
624 4868 928 4931 sanctum,
962 4879 1150 4936 neque
1171 4866 1231 4921 in
1251 4866 1660 4935 principatus,
1693 4882 1884 4939 neque

230 4952 281 5004 in
310 4960 581 5015 virtutes,
606 4955 721 5017 etc,
755 4951 1025 5023 Basilius,
1065 4956 1129 5009 ut
1156 4953 1298 5018 dixi,
1332 4969 1671 5011 sermonem
1704 4971 1883 5011 suum

234 5042 576 5115 tptoaliquo
590 5041 869 5112 etelcgan
879 5042 917 5097 ti
930 5042 1175 5098 exordio
1186 5043 1627 5105 ornasset,etita
1637 5043 1885 5100 demum

238 5144 300 5183 ea
314 5128 386 5185 de
409 5146 471 5187 re
484 5147 676 5204 quam
692 5131 1073 5189 tractandam
1111 5132 1223 5189 sibi
1261 5139 1675 5206 proposuerat,
1706 5134 1889 5191 disse-

232 5230 337 5274 me
364 5222 669 5294 coepisset.
700 5226 771 5278 1n
795 5220 895 5293 iis,
908 5236 1048 5294 quae
1063 5237 1205 5280 mox
1223 5227 1556 5295 sequuntur
1567 5222 1781 5296 (ibid.),
1798 5228 1888 5277 καὶ

327 5424 370 5458 ³⁸
406 5426 578 5483 Joan.
621 5443 659 5484 ι.
705 5431 761 5484 3.

330 5604 413 5675 (α)
452 5606 599 5678 Lege
636 5621 701 5663 n.
744 5611 799 5663 9.

1982 4418 2397 4475 recordatione
2444 4418 2760 4474 verborum
2797 4418 3102 4488 unigeniti
3126 4418 3274 4475 Filii
3300 4419 3410 4473 Dei
3439 4418 3636 4473 viven-

1986 4509 2081 4577 tis,
2110 4513 2165 4564 et
2190 4512 2539 4565 sanctorum
2580 4510 2709 4578 ejus
2736 4510 3237 4580 evangelistarum
3263 4514 3319 4565 et
3344 4508 3640 4578 apostolo-

1986 4613 2123 4654 rum
2140 4602 2194 4653 et
2210 4597 2646 4668 prophetarum
2651 4598 2782 4669 ,qui
2797 4601 2852 4664 ei
2857 4614 2926 4654 us
2937 4598 3098 4669 quod
3108 4598 3433 4655 secundum
3445 4599 3642 4654 Evan-

1987 4687 2212 4759 gelium
2237 4687 2480 4742 Domini
2499 4688 2696 4742 nostri
2716 4688 2857 4743 Jesu
2884 4688 3115 4743 Christi
3134 4693 3237 4755 est,
3268 4687 3641 4757 baptismatis

1990 4776 2326 4832 doctrinam
2367 4776 2512 4831 satis
2551 4776 2720 4831 nobis
2751 4776 3182 4846 explanarunt,
3218 4777 3414 4833 cdocti
3440 4790 3643 4831 sumus

1996 4866 2296 4935 baptisma
2322 4865 2485 4922 illud
2510 4867 2755 4937 quodin
2784 4868 2921 4937 igne
2943 4868 3034 4935 ﬁt,
3064 4873 3128 4922 ut
3158 4868 3239 4923 ad
3268 4882 3494 4924 omnem
3521 4881 3644 4921 ma-

1998 4956 2193 5012 litiam
2210 4956 2610 5025 urguendum,
2624 4957 2711 5013 ita
2723 4956 2805 5013 ad
2818 4956 3348 5026 Christijuslitiam
3362 4956 3647 5024 recipien-

1997 5045 2137 5100 dam
2158 5045 2429 5101 idoneum
2457 5060 2597 5114 esse,
2618 5050 2726 5101 etc.
2754 5065 2766 5103 :
2801 5046 3020 5120 quibus
3041 5044 3324 5102 omnibus
3354 5043 3501 5099 nihil
3533 5043 3650 5100 dici

1998 5134 2199 5208 potuit
2229 5139 2333 5191 aut
2356 5134 2833 5205 languidius,aut
2876 5135 3165 5207 frigidius,
3217 5137 3320 5191 aut
3344 5133 3652 5206 inelegan-

2000 5224 2138 5281 tius.
2167 5225 2457 5288 Similiter,
2490 5225 2657 5298 quod
2681 5226 2797 5283 sub
2817 5226 3000 5283 ﬁnem
3018 5224 3253 5296 legitur,
3275 5230 3544 5281 Δεσπότσν
3569 5232 3654 5279 καὶ
