4058 6192
436 294 503 348 23
1949 298 2331 355 PRIEFATIO.
3776 315 3845 368 24

437 415 695 481 πλάστου,
725 415 1092 507 Basilianum
1116 433 1247 474 esse
1274 416 1374 473 vix
1403 416 1779 474 crediderim.
1830 421 1980 475 Nam
2008 418 2095 475 vir
2131 422 2180 476 Α
2211 421 2412 477 limius
2441 426 2731 494 expende.
2756 425 3040 499 Improbe
3065 398 3312 500 quidem
3332 429 3736 503 interpretem,
3757 438 3860 507 qui

439 503 963 578 eloquentissimus
977 505 1162 562 utitur
1172 505 1369 579 potius
1390 504 1508 562 alio
1524 505 1739 578 quovis
1754 507 1999 564 nomine
2017 507 2097 564 ad

435 611 638 652 rerum
669 596 1040 653 conditorem
1065 594 1552 667 signiﬁcandum,
1583 613 1773 670 quam
1796 613 1943 655 voce
1967 599 2097 653 πλά-

440 705 588 748 στης.
618 685 856 742 Accedit
880 686 1079 748 etiam,
1110 686 1278 759 quod
1301 701 1425 742 non
1457 686 1599 743 satis
1628 686 1989 758 intelligatur
2018 688 2099 745 ad

436 775 603 847 quod
634 774 969 848 scriptionis
1000 790 1190 845 genus
1225 776 1357 831 haec
1392 775 1918 833 lucubratiuncula
1944 777 2097 834 refe-

436 864 626 922 renda
655 865 747 921 sit.
781 864 1006 921 Etenim
1040 864 1087 921 si
1112 864 1372 937 primam
1393 869 1628 938 partem
1654 870 1904 939 spectes,
1931 866 2097 924 dicas

436 955 653 1012 rudem
677 954 1010 1027 quemdam
1033 970 1162 1010 esse
1181 954 1257 1010 de
1281 955 1499 1028 Spiritu
1518 959 1724 1012 sancto
1744 960 2091 1014 tractatum:

438 1046 489 1102 si
521 1046 796 1110 alteram,
828 1038 1176 1118 imperfecta
1194 1044 1480 1117 quaedam
1509 1043 1585 1100 de
1601 1044 1966 1117 baptismate
1988 1046 2095 1103 ho-

435 1139 603 1196 milia
634 1152 766 1193 esse
794 1135 1111 1193 videbitur.
1145 1135 1260 1193 Sed
1289 1139 1413 1192 tam
1441 1135 1504 1192 in
1533 1151 1658 1193 una
1685 1152 1873 1209 quam
1911 1137 1972 1194 in
2012 1138 2095 1195 al-

435 1233 560 1286 tera
583 1229 753 1301 parte
776 1224 926 1281 nihil
946 1225 1194 1281 omnino
1209 1224 1463 1298 reperio,
1478 1225 1645 1297 quod
1656 1225 1870 1283 Basilio
1882 1229 2093 1298 Magno

436 1316 694 1388 dignum
725 1315 816 1371 sit.
845 1314 1011 1369 Certe
1042 1313 1091 1368 si
1120 1316 1429 1370 oratorum
1448 1313 1713 1387 optimus
1743 1315 1994 1372 Basilius
2016 1317 2093 1375 de

438 1406 659 1479 Spiritu
685 1406 890 1460 sancto
918 1419 988 1459 ac
1010 1402 1085 1459 de
1109 1402 1476 1476 baptismate
1519 1403 1686 1477 loqui
1720 1403 2090 1479 instituisset,

434 1495 510 1552 de
528 1494 642 1564 his,
674 1497 739 1550 ut
766 1492 851 1549 rei
879 1491 1140 1562 dignitas
1160 1492 1524 1564 postulabat,
1552 1492 1949 1564 disseruisset,
1967 1511 2091 1553 non

376 1618 393 1627 -
432 1583 735 1649 indiserte,
767 1596 892 1638 non
921 1580 1310 1652 ineleganter,
1332 1596 1457 1639 non
1481 1581 1811 1639 inerudite:
1844 1600 1981 1656 qua:
2010 1589 2092 1642 ta-

433 1688 574 1730 men
598 1671 741 1729 vitia
769 1671 833 1728 in
862 1670 979 1728 hac
1009 1671 1389 1729 oratiuncula
1415 1670 1590 1729 facile
1628 1688 1665 1729 a
1694 1672 1963 1745 quolibet
1990 1674 2092 1732 de-

432 1759 726 1834 prehendi
744 1762 1019 1833 possunt.

538 1898 566 1965 §
599 1897 686 1951 1V.
716 1895 805 1951 De
830 1893 1082 1950 homilia
1119 1908 1252 1965 quae
1280 1895 1345 1951 in
1369 1894 1603 1975 Lacizis
1634 1894 1842 1953 habita
1872 1902 1977 1953 est.

508 2030 590 2087 t2.
635 2032 764 2096 Quo
793 2031 1085 2086 terrarum
1119 2028 1345 2100 angulo
1375 2028 1523 2085 situs
1561 2028 1735 2087 fuerit
1769 2029 1940 2087 locus
1968 2029 2085 2100 ille,

428 2119 534 2177 ubi
561 2120 691 2176 haac
720 2117 911 2176 oratio
935 2117 1144 2175 habita
1172 2117 1359 2174 fuisse
1380 2118 1616 2181 dicitur,
1639 2134 1714 2175 ne
1742 2121 2089 2191 conjectura

425 2209 674 2284 quidem
698 2208 970 2281 judicare
999 2223 1347 2282 possumus.
1379 2209 1478 2264 Vir
1505 2209 1894 2266 doctissimus
1924 2210 2089 2267 Tille-

425 2299 719 2370 montius,
749 2297 858 2372 qui
878 2298 1039 2355 hanc
1060 2297 1394 2354 orationem
1419 2298 1619 2356 Basilii
1639 2315 1769 2355 esse
1791 2300 2085 2357 existima-

423 2393 531 2460 ret,
556 2390 759 2446 Laciza
787 2388 991 2444 locum
1017 2386 1283 2460 aliquem
1305 2403 1434 2444 esse
1460 2387 1735 2445 diceeesis
1765 2390 2085 2446 Caesarien-

425 2477 881 2551 siszsuspicatus
910 2480 1036 2545 est;
1079 2492 1191 2534 nec
1221 2492 1378 2549 nego
1407 2492 1522 2549 ego
1548 2493 1689 2534 eum
1713 2479 1850 2550 jure
1876 2478 1959 2535 ita
1989 2496 2087 2535 su-

424 2572 497 2638 εὐ
580 2565 641 2639 tri
670 2565 964 2639 potuisse,
1012 2565 1280 2623 maxime
1340 2582 1479 2624 cum
1532 2581 1715 2624 nemo
1769 2568 2084 2635 hactenus,

420 2635 530 2728 qrv
576 2635 852 2727 (quidem
874 2655 1085 2725 sciam,
1109 2671 1245 2711 eam
1266 2648 1601 2713 orationem
1613 2659 1962 2729 suspectam
1981 2657 2086 2715 ha-

418 2744 636 2801 buerit.
669 2746 737 2800 Et
774 2747 930 2801 certe
957 2747 1219 2801 veterem
1248 2744 1414 2802 illam
1444 2744 1796 2819 opinionem
1825 2761 1949 2803 non
1977 2763 2086 2821 pa-

418 2848 557 2890 rum
589 2832 925 2897 conﬁrmat,
971 2833 1138 2906 quod
1166 2833 1295 2891 haec
1325 2834 1575 2891 homilia
1602 2834 1753 2891 inter
1790 2835 2084 2906 genuinas

419 2921 619 2980 Basilii
647 2921 948 2979 orationes
975 2921 1038 2978 in
1076 2922 1362 2980 omnibus
1399 2923 1570 2979 libris
1601 2928 1659 2981 et
1687 2938 1803 2980 aere
1840 2925 2081 2982 excusis

419 3016 477 3071 et
504 3013 740 3070 calamo
772 3012 994 3100 notatis
1014 3014 1323 3086 reperitur.
1353 3013 1468 3070 Sed
1498 3014 1545 3070 si
1574 3014 1711 3087 quis
1736 3030 1866 3071 rem
1895 3016 2083 3088 paulo
2122 3045 2163 3100 ρ

422 3103 704 3160 attentius
737 3099 1224 3173 consideraverit,
1264 3118 1388 3159 non
1414 3102 1593 3160 valde
1620 3103 1957 3160 admodum
1976 3104 2084 3161 du-

420 3190 549 3248 bito
573 3191 725 3265 quin
755 3207 893 3248 eam
915 3190 1250 3249 orationem
1279 3196 1385 3249 aut
1409 3192 1472 3249 in
1502 3194 1741 3267 spuriis,
1794 3198 1899 3251 aut
1930 3196 2084 3251 certe

346 3294 353 3299 ‘
420 3279 484 3336 in
513 3280 807 3353 suspectis
836 3281 1146 3354 positurus
1175 3283 1267 3338 sit.
1301 3281 1534 3339 Interea
1563 3281 1814 3339 aﬂ'eram
1845 3298 2082 3351 causas,

424 3384 531 3425 cur
559 3368 635 3426 de
659 3385 732 3426 ea
752 3369 1160 3426 dubitandum
1186 3374 1412 3443 putem.
1437 3370 1703 3427 Primum
1728 3372 1985 3429 occurrit
2003 3372 2086 3429 lo-

423 3474 533 3514 cus
558 3457 675 3529 ille,
710 3458 813 3515 ubi
842 3458 926 3516 ita
945 3457 1166 3528 legitur
1196 3464 1358 3532 (pag.
1391 3460 1514 3532 588)
1542 3476 1556 3516 :
1595 3461 1733 3514 Ἑπεὶ
1760 3464 1931 3514 τοίνυν
1960 3460 2087 3514 ἀνώ-

423 3546 583 3621 μαλός
643 3547 758 3601 ἔστι
817 3555 917 3600 τῶν
971 3549 1238 3622 ὁρωμένων
1296 3551 1326 3608 ἡ
1389 3551 1564 3621 φύσις,
1623 3557 1732 3612 πῶς
1789 3550 1989 3604 ἐπαινεῖ
2054 3553 2081 3611 ἡ

424 3641 601 3711 Γραφὴ
626 3638 713 3690 τὸν
746 3636 1008 3711 βλέποντα
1036 3636 1167 3703 λεῖα,
1201 3638 1330 3713 ὑπὲρ
1368 3644 1458 3692 τὸν
1495 3642 1734 3714 τραχέας
1780 3646 1882 3694 Καὶ
1920 3661 2085 3695 κατα-

425 3732 586 3801 κρίνει
614 3731 702 3781 τὸν
731 3732 825 3802 ὄρη
859 3732 947 3781 καὶ
978 3728 1282 3795 σκοπέλους,
1316 3732 1426 3786 etc.
1470 3730 1623 3788 Cum
1653 3731 1843 3803 igitur
1879 3747 2085 3790 eorum

424 3832 557 3889 quae
585 3817 888 3889 videntur,
926 3819 1239 3891 inavqualis
1266 3820 1343 3875 sit
1363 3824 1611 3890 natura,
1640 3821 1745 3892 qui
1764 3822 1834 3891 ﬁt
1861 3827 1927 3877 ut
1953 3838 2085 3879 eum

426 3908 535 3978 qui
553 3907 710 3963 levia
736 3907 918 3975 videt,
943 3914 1171 3979 praeter
1200 3909 1463 3965 alterum
1492 3910 1599 3980 qui
1613 3924 1832 3979 aspera
1858 3911 2087 3980 conspi-

426 3996 527 4066 cit,
565 3996 774 4053 laudet
798 3997 1128 4067 Scriptura
1160 3999 1188 4051 ?
1233 3997 1332 4053 Ita
1382 3997 1742 4054 condemnat
1785 3999 2084 4054 videntem

425 4091 655 4144 montes
681 4092 735 4144 et
759 4088 1053 4157 scopulos,
1083 4090 1193 4144 etc.
1228 4085 1383 4143 Illud
1410 4089 1498 4139 τόν
1522 4085 1692 4159 quod
1717 4086 1928 4142 ultimo
1948 4086 2083 4143 loco

425 4176 692 4250 positum
709 4181 816 4245 est,
839 4191 965 4233 non
983 4176 1200 4249 placet,
1214 4180 1273 4232 et
1290 4178 1382 4233 est
1395 4176 1532 4245 tale,
1545 4180 1611 4233 ut
1625 4176 1822 4248 primo
1835 4179 2085 4250 aspectu

427 4265 639 4322 credas
667 4265 788 4321 vitii
811 4264 1042 4339 aliquid
1072 4266 1264 4321 inesse
1295 4266 1358 4321 in
1391 4265 1627 4322 Graecis.
1676 4265 1810 4322 Scio
1833 4265 2081 4338 quidem

2207 526 2347 567 cum
2375 513 2561 571 verba
2586 518 2788 572 Graeca
2806 531 2929 573 non
2954 516 3152 573 statim
3168 517 3535 589 intelligeret,
3558 520 3756 595 inepte
3777 524 3861 581 in-

2208 603 2515 674 terpretari
2535 604 2764 676 maluit,
2780 622 2969 677 quam
2996 621 3204 669 eorum
3229 609 3585 666 sententiam
3604 610 3863 669 laborio-

2207 689 2330 746 sius
2356 691 2680 765 inquirerc;
2707 694 2813 751 sed
2850 694 3042 754 multo
3075 695 3271 766 magis
3294 698 3861 770 reprehendendum

2204 782 2351 851 puto
2377 785 2729 853 scriptorem
2757 782 2861 856 ip"
2897 800 2979 849 m,
3007 783 3111 856 qui
3140 784 3310 856 quod
3338 786 3597 858 pessime
3626 788 3862 845 locutus

2206 867 2301 937 sit,
2328 868 2505 924 malas
2535 869 3006 943 interpretationi
3050 871 3255 929 locum
3310 872 3561 931 dederit.
3607 877 3861 933 Basilius

2202 955 2401 1027 igitur,
2428 963 2534 1016 aut
2556 959 2755 1032 potius
2781 959 2936 1016 alius
2959 960 3183 1033 quivis,
3207 961 3257 1016 si
3271 961 3458 1020 modo
3472 980 3595 1020 non
3607 966 3858 1023 omnino

2200 1044 2490 1119 loquendi
2518 1048 2831 1121 imperitus
2860 1049 3086 1113 fuisset,
3116 1051 3200 1107 ita
3225 1051 3585 1124 scripsisset,
3616 1052 3746 1107 ἀλλά
3775 1059 3854 1121 τὸ,

2201 1142 2259 1188 Ὀ
2282 1135 2488 1209 βλέπων
2513 1138 2643 1210 λεῖα,
2666 1145 2769 1192 νόει
2798 1160 2887 1213 μοι
2910 1140 3142 1213 ὑψηλῶς,
3168 1157 3305 1214 quas
3327 1144 3512 1199 verba
3536 1160 3677 1200 cum
3701 1144 3862 1203 clara

2204 1223 2321 1281 sint
2348 1226 2464 1283 hoc
2493 1228 2678 1285 modo
2706 1230 2928 1302 posita,
2957 1230 3181 1285 nemini
3211 1230 3582 1288 oﬂ’endiculo
3608 1249 3740 1289 esse
3759 1250 3865 1307 po-

2202 1314 2455 1373 tuissent
2484 1333 2498 1372 :
2529 1318 2809 1391 quisquis
2835 1319 2997 1375 enim
3027 1335 3096 1377 ea
3122 1318 3218 1375 vel
3246 1319 3575 1377 oscitanter
3603 1321 3864 1394 legisset,

2202 1405 2403 1461 statim
2452 1406 2699 1464 vidisset
2737 1408 2874 1480 ipsa
2915 1408 3000 1464 sic
3043 1410 3195 1464 verti
3237 1408 3484 1480 debere,
3537 1413 3642 1467 sed
3679 1412 3862 1481 illud,

2202 1515 2231 1545 ‹‹
2261 1494 2375 1562 Qui
2405 1495 2564 1552 videt
2596 1497 2773 1564 levia,
2791 1519 2819 1547 ››
2846 1512 3022 1554 sensu
3050 1498 3270 1555 altiore
3298 1500 3589 1570 intellige.
3624 1503 3690 1556 Et
3718 1517 3866 1574 quo-

2198 1580 2367 1637 niam
2423 1598 2623 1639 sermo
2683 1586 2771 1640 est
2827 1584 2903 1640 de
2958 1583 3080 1640 illo.
3140 1591 3197 1637 Ὁ
3247 1584 3452 1658 βλέπων
3504 1586 3616 1640 λεῖα
3653 1588 3864 1648 ἐλεηθὴ-

2202 1689 2368 1738 σεται,
2402 1673 2666 1730 monebo
2695 1675 2783 1731 uti
2807 1679 2865 1731 et
2893 1675 3144 1731 Ducazus
3167 1675 3299 1746 jam
3330 1680 3507 1733 antea
3554 1678 3617 1734 in
3661 1679 3862 1736 erudi-

2130 1748 2171 1803 Β
2201 1760 2445 1816 tissimis
2472 1762 2597 1817 suis
2616 1763 2775 1819 notis
2805 1763 3063 1832 monuit,
3092 1764 3221 1819 haec
3244 1764 3430 1822 verba
3445 1766 3507 1822 in
3530 1767 3862 1824 Proverbiis

2198 1864 2505 1922 nusquam
2516 1852 2787 1924 reperiri.
2802 1852 3119 1916 Quomodo
3137 1868 3279 1924 ergo
3297 1860 3506 1912 auctor
3520 1857 3704 1928 paulo
3717 1861 3860 1914 ante

2197 1938 2363 2010 (pag.
2397 1940 2522 2011 587)
2550 1940 2633 1997 ita
2658 1940 2829 2014 loqui
2859 1941 3092 2014 potuit:
3127 1942 3346 2016 Εἴρηται
3374 1954 3575 2018 πρῶτος
3623 1945 3774 2019 λόγος
3805 1947 3858 1999 ἓν

2198 2032 2514 2100 Παροιμίαις
2564 2032 2698 2082 κατὰ
2755 2034 2811 2083 τὸ
2870 2027 3009 2093 εἶδος
3067 2035 3125 2083 τὸ
3169 2037 3538 2105 παροιμιακὸν,
3595 2039 3723 2108 πρὸς
3767 2056 3861 2107 γυ-

2196 2121 2424 2189 μνασίαν
2445 2127 2536 2171 τοῦ
2567 2127 2657 2172 νοῦ
2686 2128 2778 2172 τοῦ
2811 2123 3062 2194 ἡμετέρου
3092 2130 3187 2182 τῆς
3218 2120 3471 2194 ἀσαφείας
3514 2122 3858 2189 ἐπιτεθείσης,

2196 2205 2294 2270 ὅτι,
2323 2211 2380 2256 Ὁ
2409 2203 2611 2278 βλέπων
2657 2206 2767 2259 λεῖα
2835 2207 3193 2266 ἐλεηθήσει-αι·
3248 2210 3445 2266 Dictus
3498 2216 3583 2267 est
3624 2212 3863 2280 primus

2194 2308 2385 2350 sermo
2412 2296 2477 2351 in
2508 2297 2830 2353 Parcemiis
2855 2299 2919 2353 in
2958 2299 3201 2354 modum
3244 2300 3568 2369 proverbii,
3617 2302 3859 2371 adjecta

2197 2385 2465 2457 quadam
2493 2387 2862 2445 obscuritate
2890 2389 2972 2444 ad
2995 2395 3247 2446 mentem
3278 2397 3548 2447 nostram
3580 2407 3860 2448 exercen-

2194 2476 2360 2543 dam,
2415 2496 2446 2529 ‹
2487 2477 2601 2545 Qui
2630 2479 2790 2535 videt
2834 2479 3011 2546 levia,
3040 2481 3517 2537 misericordiam
3544 2497 3863 2554 conseque-

2195 2566 2348 2622 tur?
2380 2587 2410 2617 »
2474 2568 2590 2621 Nec
2648 2566 2976 2640 quisquam
3017 2568 3230 2625 dixerit
3277 2569 3494 2625 similia
3524 2569 3585 2625 in
3610 2574 3857 2627 Prover-

2191 2653 2307 2709 biis
2330 2655 2351 2689 ἰ
2381 2653 2655 2727 inveniri,
2686 2655 2791 2712 ubi
2815 2657 2897 2713 ita
2925 2657 3159 2728 legitur,
3212 2660 3279 2710 Oi
3306 2658 3564 2732 ὀφθαλμοί
3599 2678 3693 2711 σου
3723 2659 3857 2733 ὀρθὰ

2194 2740 2728 2814 βλεπὲτωσαυροαιί
2750 2748 2844 2802 tui
2868 2752 3037 2803 recta
3068 2746 3321 2804 videant.
3351 2747 3469 2803 Etsi
3500 2748 3658 2803 enim
3689 2764 3762 2803 ex
3788 2749 3856 2805 il-

2189 2831 2285 2901 lis,
2318 2834 2344 2885 6
2378 2832 2582 2905 βλέπων
2612 2833 2744 2906 λεῖα,
2775 2834 2986 2891 eadem
3018 2835 3175 2891 efﬁci
3199 2835 3391 2908 possit
3420 2837 3733 2908 sententia,
3765 2841 3853 2893 at-

2191 2937 2309 2994 que
2340 2937 2411 2978 ex
2441 2923 2560 2995 his,
2592 2926 2640 2976 οἱ
2662 2924 2917 2997 ὀφθαλμοί
2947 2944 3041 2991 σου
3073 2925 3203 2998 ὀρθὰ
3233 2924 3568 2998 βλεπέτωσαν
3597 2944 3610 2982 :
3644 2932 3855 2983 tamen

2190 3010 2337 3084 ipsas
2359 3027 2466 3085 per
2486 3028 2548 3069 se
2566 3029 2748 3069 voces
2774 3018 2900 3070 tam
2928 3014 3081 3071 inter
3106 3030 3166 3071 se
3188 3014 3494 3085 diﬂ‘erunt,
3524 3020 3590 3072 ut
3604 3016 3855 3086 diligen-

2191 3099 2460 3157 tissimus
2476 3102 2568 3157 vir
2587 3102 2840 3159 Basilius
2859 3103 3008 3160 alias
3028 3119 3137 3176 pro
3167 3104 3300 3160 aliis
3328 3106 3665 3177 sumpsisse
3690 3106 3855 3162 credi

2192 3190 2406 3247 merito
2433 3206 2559 3247 non
2587 3192 2795 3264 possit,
2838 3194 3171 3265 praesertim
3225 3210 3364 3250 cum
3399 3194 3697 3251 Proverbi<
3717 3211 3857 3251 rum

2191 3278 2363 3336 locus
2393 3280 2577 3337 modo
2603 3282 2793 3337 lectus
2818 3280 3003 3339 fuisse
3028 3283 3289 3340 dicatur.
3340 3287 3626 3341 Praeterea
3656 3284 3855 3341 libens

2192 3384 2526 3441 quaererem
2557 3371 2716 3426 unde
2747 3376 2959 3428 auctor
2988 3372 3158 3438 illud,
3182 3372 3539 3443 ἐλεηθήσεται,
3559 3374 3854 3431 hauserit.

2196 3458 2253 3517 Si
2281 3458 2356 3515 de
2380 3475 2494 3516 suo
2518 3460 2680 3517 hanc
2704 3476 2920 3518 vocem
2951 3462 3203 3534 addidit,
3236 3479 3363 3520 non
3400 3464 3483 3521 ita
3512 3463 3661 3520 solet
3692 3464 3858 3519 Basi-

2190 3546 2307 3604 lius
2333 3564 2346 3604 :
2373 3549 2465 3605 sin
2496 3565 2569 3606 ex
2590 3549 2795 3622 aliquo
2827 3552 3287 3609 Proverbiorum
3307 3552 3443 3610 loco
3467 3554 3667 3626 ipsam
3694 3568 3859 3608 sum-

2192 3639 2362 3709 ptam
2386 3636 2567 3695 fuisse
2594 3638 2786 3703 dicas,
2816 3640 3166 3710 jandudum
3193 3641 3285 3698 vir
3315 3641 3704 3697 doctissimus
3736 3640 3859 3696 Du-

2193 3742 2354 3783 eaeus
2382 3728 2433 3798 ej
2445 3728 2902 3786 usmodilocum
2920 3729 2979 3785 in
3002 3730 3335 3785 Proverbiis
3356 3743 3661 3799 nusquam
3693 3742 3861 3782 com-

2192 3830 2406 3888 parere
2439 3818 2584 3874 satis
2616 3822 2820 3889 aperte
2855 3816 3236 3887 signiﬁcavit,
3278 3831 3418 3870 cum
3447 3815 3529 3870 ita
3560 3814 3796 3886 scripsit
3837 3834 3853 3873 :

2196 3905 2439 3961 Citatur
2465 3908 2575 3961 hoc
2605 3926 2633 3953 «
2655 3906 2770 3972 Qui
2797 3906 2953 3961 levia
2979 3905 3219 3972 respicit
3244 3926 3270 3953 ν
3305 3917 3379 3960 ea:
3405 3904 3764 3973 Proverbiis,
3788 3905 3858 3963 in

2190 3993 2406 4062 quibus
2429 3999 2629 4049 tamen
2654 4008 2954 4063 nusquam
2975 3993 3235 4063 reperiri
3252 3994 3493 4062 poterit,
3529 3994 3605 4050 ab
3626 4009 3691 4050 eo
3721 3996 3859 4067 qui-

2191 4080 2325 4137 dem
2351 4088 2528 4149 certe,
2555 4083 2664 4153 qui
2682 4084 2886 4139 Graeco
2908 4083 3249 4139 Bibiiorum
3267 4082 3467 4139 indice
3488 4098 3525 4140 a
3553 4082 3857 4141 Kirchero

2190 4172 2525 4240 conscripto
2542 4172 2634 4226 uti
2655 4173 2934 4230 voluerit.
2956 4172 3161 4243 Neque
3176 4173 3331 4228 enim
3350 4187 3604 4243 usquam
3618 4174 3681 4228 in
3701 4174 3858 4229 Pro-

2192 4260 2408 4316 verbiis
2437 4261 2720 4329 occurrit,
2779 4267 2884 4317 aut
2931 4260 3042 4313 λεῖα
3085 4259 3315 4334 ﬁlium,
3365 4268 3473 4319 aut
3515 4261 3859 4321 ἐλεηθήσεται

426 4365 639 4407 vocem
666 4332 933 4423 βλέποντᾶ
972 4350 1090 4406 hoc
1117 4349 1251 4407 loco
1281 4349 1548 4423 suppleri
1572 4349 1791 4407 debere
1815 4368 1828 4406 ε
1851 4332 1961 4407 ἐθά
1983 4351 2082 4408 hic
2118 4332 2163 4388 Β
2194 4347 2420 4420 βλέπων.
2443 4349 2723 4405 Vidimus
2743 4332 3096 4423 scriptorem
3118 4351 3200 4407 ita
3218 4351 3631 4421 indiligentem
3646 4351 3855 4440 fuisse,

427 4439 716 4495 articulus
739 4441 865 4496 sine
893 4438 1014 4495 ullo
1036 4439 1224 4496 verbo
1244 4438 1572 4513 adhibitus,
1595 4438 1839 4496 obscuri
1851 4439 2083 4512 aliquid

428 4532 487 4585 et
509 4527 852 4584 inconcinni
867 4527 1072 4598 habet,
1089 4543 1201 4584 nec
1219 4531 1356 4602 apte
1375 4529 1493 4585 hoc
1520 4527 1656 4586 loco
1680 4528 1875 4602 posita
1895 4528 2083 4586 fuisse

426 4616 663 4673 videtur
687 4616 928 4690 ellipsis.
972 4617 1239 4674 Arbitror
1275 4617 1453 4688 igitur
1500 4618 1853 4691 scriptorem
1898 4617 2082 4690 paulo

428 4706 852 4764 humaniorem
881 4711 988 4764 aut
1014 4721 1224 4763 vocem
1254 4708 1451 4783 ὁρῶντα
1496 4706 1847 4764 additurum
1877 4706 2080 4776 fuisse,

430 4800 533 4855 aut
562 4795 681 4852 alio
710 4796 927 4868 quovis
965 4795 1288 4869 eloquendi
1334 4811 1550 4868 genere
1577 4812 1851 4853 usurum.
1911 4796 2085 4862 Quod

429 4886 631 4945 statim
662 4885 952 4958 sequitur,
984 4884 1113 4939 ἀλλὰ
1143 4891 1245 4939 νόει
1265 4905 1355 4960 μοι
1382 4886 1613 4958 ὑψηλῶς,
1644 4893 1702 4938 '0
1727 4886 1930 4960 βλέπων
1950 4886 2080 4953 λεῖα,

430 4977 630 5034 minus
678 4975 878 5033 adhuc
909 4975 1056 5032 mihi
1084 4975 1396 5050 probatur.
1431 4979 1498 5032 Et
1532 4991 1675 5032 vero
1706 4976 1870 5048 prior
1915 4976 2085 5032 locus

429 5072 519 5123 est
545 5066 868 5139 ejusmodi,
891 5069 957 5124 ut
980 5066 1348 5139 monui,[qui
1372 5081 1635 5123 errorem
1661 5065 1917 5122 incautis
1942 5065 2091 5138 obji-

427 5172 559 5213 cere
589 5157 815 5230 possit:
844 5155 1137 5231 posterior
1167 5156 1370 5228 reipsa
1387 5155 1573 5213 veteri
1601 5155 1906 5228 interpreti
1935 5170 2091 5213 erro-

426 5262 555 5304 rem
584 5246 823 5318 objecit.
855 5247 1085 5303 Etenim
1105 5231 1283 5319 quasi
1307 5245 1370 5301 in
1394 5244 1610 5314 mediis
1636 5244 1898 5302 tenebris
1923 5259 2092 5301 cons-

426 5337 631 5394 titutus
660 5335 891 5404 fuisset,
923 5336 1007 5393 ita
1033 5352 1106 5393 ea
1145 5350 1284 5410 quae
1316 5334 1440 5391 dixi
1468 5333 1656 5392 verba
1712 5333 1915 5391 Latine
1955 5335 2090 5391 red-

425 5425 596 5497 didit,
629 5424 879 5497 [Verum
907 5426 1068 5483 nihil
1098 5426 1300 5504 illud]
1344 5424 1460 5494 Qui
1513 5425 1669 5483 levia
1718 5423 1902 5495 videt,
1955 5424 2091 5481 sub-

534 5608 554 5641 ‘
569 5607 740 5662 Prov.
790 5620 867 5673 ιν,
906 5606 996 5661 25.

2191 4442 2257 4493 ut
2281 4453 2516 4508 eorum,
2549 4455 2686 4511 quae
2716 4455 2790 4495 ex
2827 4440 3164 4497 Proverbiis
3194 4440 3374 4513 paulo
3420 4444 3558 4498 ante
3608 4440 3861 4497 recitata

2189 4526 2446 4592 fuerant,
2486 4528 2707 4585 oblitus
2745 4534 2942 4586 esset:
2993 4546 3155 4586 nunc
3192 4530 3537 4586 videbimus
3562 4529 3856 4586 eumdem

2190 4617 2445 4676 oblitum
2471 4619 2653 4676 fuisse
2669 4635 2903 4690 eorum,
2926 4636 3063 4692 quae
3089 4620 3217 4693 ipse
3236 4621 3511 4694 proxime
3535 4624 3674 4677 ante
3694 4620 3861 4676 dixe-

2189 4713 2298 4766 rat.
2333 4712 2484 4766 Nam
2520 4702 2664 4782 post
2693 4710 2806 4765 has
2852 4725 3050 4779 voces,
3100 4714 3304 4784 εἴρηται
3351 4718 3552 4783 πρῶτος
3598 4709 3747 4779 λόγος
3795 4708 3853 4760 ἐν

2193 4804 2642 4873 Παροιμίαις......
2692 4807 2750 4851 Ὀ
2778 4798 2973 4872 βλέτων
3012 4798 3124 4852 λεῖα
3162 4799 3517 4867 ἐλεηθήσεται,
3557 4798 3661 4868 qui
3694 4796 3859 4855 levia

2192 4889 2372 4957 videt,
2386 4890 2862 4946 misericordiam
2884 4896 3307 4962 consequetur;
3325 4887 3565 4944 duobus
3581 4886 3861 4955 interjec-

2192 4978 2267 5035 tis
2289 4977 2564 5034 versibus
2586 4978 2877 5050 sequitur,
2901 4999 3011 5041 πως
3036 4978 3185 5031 ὁλεία
3206 4978 3407 5052 βλέπων
3430 4976 3823 5034 ἐπαινεθήσεται
3843 4986 3858 5035 ;

2195 5068 2487 5140 quomodo
2526 5067 2629 5138 qui
2673 5069 2829 5124 levia
2869 5069 3048 5133 videt,
3094 5068 3495 5123 laudabitur?
3544 5069 3694 5121 Nam
3736 5065 3861 5121 hoc

2199 5157 2409 5214 ultimo
2437 5157 2572 5213 loco
2610 5155 2726 5227 legi
2756 5157 2976 5213 debere
3020 5157 3432 5221 ἐπαινεθήσεται,
3467 5171 3607 5211 cum
3650 5170 3723 5210 ex
3751 5170 3862 5210 no-

2198 5248 2294 5316 tis,
2326 5251 2458 5303 tum
2487 5237 2559 5303 ex
2584 5247 2873 5303 orationis
2899 5247 3048 5304 serie
3076 5250 3332 5302 constat.
3353 5247 3443 5303 Sic
3470 5245 3630 5301 enim
3660 5260 3862 5317 perse-

2201 5337 2407 5409 quitur
2464 5337 2720 5409 seriptor
2767 5338 2937 5409 (pag.
2986 5336 3130 5407 587),
3183 5334 3428 5388 ἐπαινετὰ
3473 5338 3573 5409 γάρ
3617 5334 3733 5386 ἐστι
3792 5337 3863 5387 τὰ

2201 5426 2336 5479 κατά
2386 5429 2806 5499 προαίρεσιν.....
2851 5426 3008 5477 πόθεν
3077 5426 3104 5476 ὁ
3163 5426 3369 5487 ἔπαινος
3440 5432 3513 5495 τῷ
3562 5425 3745 5497 ὁρῶντι
3790 5427 3861 5476 τὰ
