4058 6192
236 273 295 324 ,5
1734 251 2123 311 ramulo.
3570 261 3641 315 26

240 392 356 444 ista
373 408 392 451 -.
412 390 516 443 etc.
539 384 766 440 Etenim
799 396 944 454 qua:
966 395 1006 439 a
1034 383 1341 438 votantate
1356 379 1639 450 pendent,
1661 393 1885 435 meren-
1916 381 1963 436 Α
1992 378 2164 434 dacto
2183 378 2410 450 decepit
2428 385 2605 452 atque
2620 380 3319 453 circumvenit,putasses
3334 383 3389 438 te
3400 381 3639 455 quidvis

257 486 363 535 tur
706 471 880 528 unde
928 471 1068 526 laus
1108 470 1408 526 tribuetur
1455 470 1608 525 levia
1651 468 1882 536 conspi-

271 565 574 624 cimli?ete.
610 559 762 627 Quis
797 564 1007 616 autem
1038 559 1206 615 facile
1236 558 1551 615 crediderit
1581 563 1703 614 tam
1733 556 1883 613 obli-

279 657 466 712 viosum
489 651 665 706 fuisse
696 649 1017 719 Basilium,
1060 655 1123 705 ut
1152 649 1203 705 ei
1237 648 1563 705 exciderint
1590 663 1727 721 quae
1755 651 1885 703 tan-

281 752 485 801 tumnon
511 739 865 812 proferebat
895 737 922 792 ‘t

330 838 383 887 tl
407 829 767 885 Audivimus
805 832 1119 885 auctorem
1165 830 1528 901 Scripturam
1567 827 1766 900 inepte
1800 826 1881 881 ci-

267 929 434 977 entem
449 938 461 974 :
475 935 645 975 nunc
656 917 948 975 eumdem
963 917 1285 974 audiamus
1298 918 1496 992 inepte
1512 917 1876 990 loquentem.

248 1012 312 1066 Ita
340 1009 510 1079 igitur
539 1006 861 1079 aliquanto
911 1010 1049 1079 post
1081 1006 1238 1079 (pag.
1281 1006 1406 1077 589)
1454 1006 1737 1080 loquitur,
1772 1005 1879 1058 εἰπὲ

245 1096 291 1151 9’:
323 1101 394 1149 ὅτι
438 1099 552 1150 ἐστι
609 1116 693 1158 τις
744 1097 797 1148 ἐν
852 1098 977 1167 ἡμῖν
1023 1092 1317 1167 φιλόδοξος,
1366 1100 1453 1148 καὶ
1501 1096 1559 1148 οὐ
1602 1098 1820 1168 θυμικὸς
1862 1098 1891 1147 ε’

234 1188 323 1243 ubi
358 1186 616 1242 verbum
664 1185 775 1238 εὶπέ
816 1200 929 1264 pro
966 1185 1168 1243 futuro
1206 1185 1469 1257 positum
1500 1184 1753 1251 videtur,
1796 1184 1879 1240 sic

230 1284 287 1333 ut
306 1278 393 1333 hic
419 1276 593 1332 locus
624 1275 710 1330 ita
740 1273 1069 1330 vertendus
1098 1275 1172 1330 sit
1204 1290 1217 1329 :
1250 1276 1353 1329 Est
1377 1279 1572 1331 autem
1604 1275 1878 1331 dicturus

228 1368 325 1422 Est
346 1368 504 1422 inter
528 1381 641 1421 nos
662 1365 773 1435 qui
795 1365 873 1420 sit
893 1364 1105 1435 gloria?
1124 1365 1396 1434 cupidus,
1428 1365 1532 1436 qui
1547 1370 1744 1421 tamen
1766 1366 1878 1420 ira-

225 1457 431 1513 cundus
463 1471 589 1510 non
620 1456 722 1510 sit.
750 1456 978 1509 Rursus
1007 1469 1131 1511 non
1162 1453 1339 1523 longe
1358 1453 1443 1510 ita
1468 1453 1754 1526 scriptum
1786 1453 1877 1509 in-

222 1545 436 1601 venitur
502 1547 682 1612 ;Ἐὰν
750 1552 1031 1617 παραστῇς
1090 1564 1161 1615 τῳ
1213 1544 1390 1616 ἰατρῳ,
1450 1548 1539 1595 καὶ
1606 1540 1728 1617 ἴδῃς
1783 1548 1877 1601 τὴν

221 1635 539 1688 πολυτέλειαν
582 1642 685 1687 τῶν
729 1635 1015 1707 φαρμάκων
1068 1633 1116 1686 ἐν
1167 1641 1279 1695 ταῖς
1334 1633 1696 1704 πολυπτύχοις
1749 1636 1877 1688 ἀπο-

1991 468 2189 538 potius
2220 469 2567 526 auditurum
2587 485 2776 541 quam
2799 468 2968 538 illud,
2992 471 3276 541 quoniam
3301 471 3416 526 iter
3443 472 3506 528 in
3532 486 3640 543 pa-

1991 557 2259 613 radisum
2286 560 2651 628 facientibus
2679 574 2886 615 murus
2916 559 3291 616 mendacium
3321 566 3425 616 est.

2061 648 2149 701 14.
2186 647 2358 711 Quod
2386 647 2433 702 si
2463 663 2642 703 voces
2670 662 2793 703 non
2825 648 2968 704 satis
2992 653 3147 719 aptae
3177 648 3477 720 optimum
3504 663 3639 705 ora.-

1992 739 2189 790 torum
2220 735 2502 792 Basilium
2532 751 2753 808 parum
2782 735 3014 804 decent,
3044 752 3137 792 res
3174 737 3321 809 ipsae
3348 752 3472 793 non
3497 736 3640 793 satis

1990 839 2203 893 graves
2214 826 2486 882 omnium
2500 825 2699 896 gravis
2710 826 2932 880 simum
2946 825 3181 882 Patrem
3200 842 3418 899 parum
3428 826 3640 883 decere

1987 913 2283 969 videntur.
2320 918 2644 987 Postquam
2676 914 2933 986 scriptor
2963 914 3137 987 plura
3161 931 3350 988 quam
3377 930 3489 988 par
3514 917 3638 972 erat

1987 1002 2061 1059 de
2081 1003 2344 1059 hominis
2373 1004 2725 1076 praestantia
2754 1004 3005 1074 dixerat,
3046 1009 3110 1060 ut
3135 1004 3410 1074 colligere
3434 1007 3639 1076 posset

1986 1091 2296 1148 diabolum
2326 1092 2379 1150 ei
2409 1092 2488 1149 ob
2508 1097 2704 1149 tantas
2727 1093 3157 1165 prterogativas
3182 1092 3486 1159 invidisse,
3509 1096 3638 1149 tum
3712 1158 3715 1159 ν

1985 1181 2232 1239 demum
2250 1183 2325 1239 de
2341 1183 2590 1239 muliere
2608 1199 2948 1240 sermonem
2965 1183 3267 1240 instituere
3282 1181 3508 1254 incipit,
3521 1181 3638 1237 hoc

1986 1269 2171 1325 modo
2211 1269 2399 1342 (ibid.)
2445 1287 2459 1325 :
2511 1277 2640 1332 Ἕως
2679 1274 2777 1345 γὰρ
2817 1276 2971 1344 μόνος
3021 1268 3082 1343 ᾖν
3126 1272 3151 1321 ὁ
3203 1272 3489 1342 ἄλθρωπος,
3544 1268 3637 1321 οὐκ

1988 1356 2099 1431 εἶχε
2139 1359 2301 1419 λαϐὴν
2344 1362 2369 1411 ὁ
2416 1358 2677 1423 διάϐολος·
2727 1361 2837 1413 ἐπεὶ
2886 1357 2945 1415 δὲ
2980 1360 3198 1418 ἐκτίσθη
3243 1362 3273 1418 ἡ
3311 1364 3459 1432 γυνὴ,
3503 1357 3637 1410 ἁπα-

1986 1448 2071 1501 λὸν
2123 1453 2268 1516 ζῶον,
2322 1448 2616 1521 ἀναγκαίοις
2664 1458 2756 1503 τοῦ
2817 1457 3143 1525 Δημιουργοῦ
3186 1455 3280 1507 τὴν
3333 1448 3637 1507 ἁπαλότητα

1987 1545 2209 1611 φυσικὴν
2253 1540 2661 1614 ἐμποιήσαντος,
2722 1542 2805 1596 ἳνα
2857 1545 2957 1595 ὑπὸ
3013 1549 3105 1593 τοῦ
3149 1540 3505 1613 φιλανθρώπου
3550 1539 3637 1593 εὖ·

1985 1636 2159 1701 μαρῶς
2206 1638 2375 1703 τραφῇ
2430 1633 2496 1683 τὰ
2546 1636 2720 1690 νήπια,
2766 1632 2825 1684 Εἰ
2860 1635 2958 1706 γὰρ
3011 1631 3250 1704 αὐστηρὰ
3294 1630 3355 1702 ᾖν
3403 1631 3431 1688 ἡ
3482 1632 3633 1701 γυνὴ,

218 1730 435 1796 ιειμένιςν
485 1722 710 1788 δέλτοις,
769 1729 1083 1797 περισκόπει
1133 1728 1184 1775 τί
1241 1728 1429 1776 οὶκεῖον
1478 1722 1750 1777 ἀπόκειται
1803 1744 1874 1794 τῳ
1907 1730 1947 1784 Β
1984 1718 2076 1770 οὐκ
2128 1720 2188 1769 ἄν
2226 1717 2627 1793 ἀποκλαιόμενον
2684 1724 2743 1773 τὸ
2796 1726 2972 1780 νήπιον
3024 1727 3133 1781 τοῖς
3192 1721 3437 1776 στήθεσιν
3485 1717 3637 1789 ἐνηγ-

224 1836 287 1885 es:
324 1817 519 1869 πάθςιε
570 1813 679 1870 ubi
726 1813 956 1886 pariter
998 1828 1117 1868 vox
1162 1818 1467 1887 περισκόπει
1532 1814 1731 1886 posita
1789 1816 1876 1868 est

222 1921 318 1977 pro
342 1911 614 1977 tempore
656 1904 887 1970 futuro,
924 1918 1064 1958 cum
1094 1918 1164 1959 ea
1199 1919 1335 1975 quin
1373 1902 1547 1959 retuli
1572 1902 1758 1960 verba
1794 1903 1874 1959 ita

233 1995 415 2049 latine
430 1993 753 2049 reddenda
774 1992 920 2048 sint:
945 1993 1116 2061 Quod
1128 1993 1181 2048 si
1194 1993 1373 2049 adeas
1386 1994 1697 2064 medicum,
1720 1998 1776 2049 et
1794 1994 1874 2049 vi-

245 2083 380 2138 deris
398 2085 648 2151 pretiosa
677 2082 1127 2138 medicamenta
1150 2082 1211 2137 in
1242 2083 1430 2138 variis
1451 2084 1676 2139 tabulis
1694 2084 1873 2139 collo-

240 2178 365 2235 cata,
387 2171 798 2227 mmiderabis
830 2170 979 2240 quid
1007 2176 1108 2226 tuo
1129 2172 1336 2227 morbo
1363 2173 1696 2228 conveniat.
1722 2170 1874 2226 Illud

221 2263 391 2315 autem
420 2259 724 2332 loquendi
751 2274 946 2327 genus
994 2258 1360 2315 Basilianum
1382 2275 1503 2315 non
1538 2275 1667 2316 esse
1690 2259 1786 2316 vel
1801 2276 1874 2316 ex

223 2363 279 2402 eo
302 2348 550 2418 intelligi
580 2352 812 2420 potest,
847 2346 1017 2419 quod
1046 2347 1432 2404 eruditissimi
1460 2348 1581 2404 duo
1611 2348 1738 2417 viri,
1770 2348 1875 2421 qui

213 2438 261 2492 in
292 2437 577 2508 legendis
607 2436 961 2508 gravissimi
999 2437 1183 2493 Patris
1222 2437 1455 2510 scriptis
1486 2437 1655 2494 multi
1683 2442 1873 2507 erant,

207 2527 460 2598 priorem
482 2526 694 2582 locum
724 2541 857 2582 non
884 2525 1296 2582 intellexerint.
1331 2526 1514 2583 Velim
1543 2527 1709 2597 legas
1737 2543 1875 2584 eam

205 2631 379 2687 quam
424 2615 488 2670 in
520 2614 587 2671 id
630 2614 844 2670 addidi
882 2618 1116 2671 notam.
1159 2616 1439 2689 Reperias
1477 2616 1726 2688 quidem
1770 2609 1876 2673 ubi

207 2720 367 2761 voces
399 2702 610 2778 δρᾶσον
640 2709 701 2760 et
735 2709 957 2763 ποίησον
986 2720 1098 2778 pro
1129 2705 1326 2761 futuro
1351 2706 1557 2778 positae
1590 2706 1725 2774 sint,
1745 2708 1874 2777 fac-

205 2799 367 2850 turus
389 2812 403 2849 :
428 2794 619 2867 idque
638 2794 783 2850 inde
803 2794 1301 2866 factumlvidetur,
1319 2795 1484 2868 quod
1502 2796 1876 2853 deducantur

201 2898 235 2938 a
261 2883 500 2954 futuro;
520 2880 735 2957 δράσω,
762 2890 969 2941 ποιήσω
1003 2901 1017 2940 :
1045 2884 1151 2940 sed
1174 2884 1281 2940 ubi
1310 2900 1489 2941 voces
1518 2886 1626 2938 εἰπέ
1647 2889 1702 2941 et
1731 2905 1874 2960 περι-

202 2978 378 3024 σκόπει
398 2978 507 3029 aut
526 2972 760 3028 similes
786 2972 1001 3029 eodem
1023 2973 1123 3029 illo
1145 2989 1322 3030 sensu
1340 2978 1723 3046 usurpentur,
1748 2974 1869 3043 vix,

1983 1806 2243 1873 καλίζετο,
2284 1808 2376 1860 οὐκ
2419 1811 2479 1860 οἷν
2522 1820 2616 1872 τῆς
2650 1807 2793 1871 ἰδίας
2832 1818 3027 1883 τροφῆς
3067 1808 3260 1882 ἡμέλει,
3295 1811 3381 1860 τὸν
3429 1804 3489 1860 δὲ
3526 1826 3637 1879 μα-

1987 1900 2073 1958 ζὸν
2109 1895 2276 1948 ἐπεῐκε
2315 1902 2444 1970 πρὸς
2494 1897 2731 1970 ὠφέλειαν
2761 1905 2853 1950 τοῦ
2894 1897 3188 1970 ὑπομαζίου
3237 1893 3477 1952 παιδίου.
3528 1902 3635 1947 Νῦν

1981 1989 2153 2057 μέντοι
2190 1990 2423 2059 μητέρων
2472 1986 2854 2061 εὐσπλαγχνίαι
2905 1992 2993 2039 τὸν
3038 1987 3193 2039 ὕπνον
3240 1984 3488 2048 πολλάκις
3534 1992 3636 2037 τῶν

1983 2072 2249 2147 βλεφάρων
2274 2072 2680 2143 ἀποδιώκουσιν,
2714 2072 2926 2129 ἐπειδὰν
2957 2079 3140 2151 μικρὸν
3167 2072 3533 2147 παρενοχληθῇ
3575 2075 3634 2124 τὸ

1980 2169 2182 2221 νήπιον.
2229 2168 2337 2216 ’Ίνα
2384 2170 2554 2217 τοίνυν
2592 2166 2899 2240 ἐκτρέφηται
2941 2172 3142 2232 νήπιον,
3186 2163 3358 2222 ἁπαλὴ
3402 2166 3431 2221 ἡ
3480 2165 3634 2235 φὺσις

1982 2252 2012 2311 ἠ
2071 2258 2339 2324 γυναικεία
2395 2258 2668 2328 παρήχθη,
2729 2255 2899 2314 ἁπαλὴ
2972 2260 3062 2308 καὶ
3121 2254 3490 2327 φιλάνθρωπος.
3549 2257 3634 2325 Τῳ

1982 2342 2090 2409 οὖν,
2122 2346 2236 2398 etc.
2274 2343 2511 2399 Etenim
2545 2346 2820 2416 quandiu
2855 2345 3017 2401 solus
3042 2345 3166 2414 fuit
3198 2345 3393 2413 homo,
3421 2355 3635 2398 ansam

1982 2446 2103 2487 non
2149 2432 2401 2490 habebat
2444 2435 2774 2507 diabolus;
2813 2436 2917 2492 sed
2960 2437 3117 2491 istuc
3154 2434 3422 2504 contigit,
3470 2448 3539 2507 κν
3589 2436 3635 2473 '-

1983 2536 2162 2593 quam
2193 2523 2437 2579 condita
2467 2530 2549 2580 est
2588 2504 2828 2592 mulier,
2865 2531 3147 2582 tenerum
3186 2524 3349 2579 illud
3376 2504 3543 2577 antuf

1983 2611 2083 2666 cui
2115 2612 2405 2669 Conditor
2432 2615 2768 2671 necessario
2802 2614 3262 2671 teneritudinem
3285 2599 3643 2677 natur‘g‘sm.

1981 2700 2224 2771 indidit,
2254 2710 2316 2758 ut
2355 2704 2426 2759 ob
2468 2705 2895 2774 benignitatem
2919 2719 3140 2774 pueros
3161 2716 3458 2774 propense
3494 2715 3635 2757 eau-

1982 2796 2165 2846 caret.
2189 2792 2427 2847 Etenim
2449 2794 2503 2848 si
2516 2799 2759 2851 austera
2779 2799 2925 2851 esset
2948 2795 3189 2859 mulier,
3212 2807 3333 2848 non
3351 2805 3497 2848 sane
3512 2789 3636 2860 plo-

1980 2885 2217 2937 rantem
2246 2883 2541 2953 infantem
2573 2885 2736 2940 ulnis
2775 2885 3092 2954 complexa
3124 2884 3186 2939 in
3212 2884 3350 2939 sinu
3377 2882 3631 2953 foveret,

1977 2984 2163 3039 neque
2177 2972 2464 3028 alimento
2479 2989 2586 3029 suo
2602 2989 2713 3044 neg
2723 2975 2890 3042 lecto,
2908 2989 3229 3031 mammam
3250 2974 3332 3029 ad
3350 2970 3634 3030 lactentis

199 3064 433 3135 opinor,
464 3063 635 3136 apud
678 3062 937 3119 idoneos
975 3064 1291 3136 scriptores
1319 3064 1570 3122 inveniri
1601 3065 1815 3138 poterit
1847 3084 1861 3133 ;
1895 3082 1936 3138 C
1971 3060 2153 3126 pueri
2171 3061 2528 3118 commodum
2541 3062 2860 3133 prteberet.
2883 3065 3061 3120 Nunc
3078 3078 3215 3120 vero
3232 3067 3501 3119 materna
3518 3062 3633 3117 illa

202 3157 293 3206 aut
320 3146 484 3206 Certe
515 3152 649 3223 ejus
680 3151 768 3207 rei
797 3151 1142 3223 exemplum
1171 3152 1361 3208 ullum
1391 3153 1555 3226 apud
1587 3153 1865 3210 Basilium

201 3246 431 3298 exstare
459 3257 587 3297 non
617 3245 791 3314 puto.
824 3243 941 3297 Nec
970 3241 1168 3313 aptius
1191 3241 1421 3299 dictum
1446 3242 1675 3298 videtur
1696 3241 1864 3315 quod

206 3328 510 3402 aliquanto
546 3324 713 3388 infra
759 3337 924 3404 (pag.
985 3336 1109 3400 591)
1159 3333 1446 3406 sequitur,
1500 3335 1762 3407 θησαυρὸς
1804 3329 1864 3386 δέ

206 3436 333 3470 εστιν
358 3423 388 3477 ἡ
422 3419 662 3473 deiecta
688 3423 1005 3494 χρημάτων,
1034 3420 1114 3476 ad
1143 3423 1421 3493 verbum,
1450 3436 1594 3478 nam
1626 3423 1859 3479 thesau-

220 3522 311 3560 rus
340 3514 421 3561 at
448 3510 626 3576 pietas
649 3511 1072 3579 pecuniarum.
1106 3510 1335 3574 Quibus
1365 3511 1429 3567 in
1458 3511 1657 3567 verbis
1686 3526 1858 3584 pere-

224 3594 375 3663 grini
406 3596 611 3669 aliquid
651 3602 713 3655 et
754 3597 969 3655 absoni
1004 3600 1199 3656 inesse
1236 3616 1437 3667 nemo,
1469 3601 1704 3674 opinor,
1736 3616 1860 3657 non

212 3683 368 3741 videt
416 3704 434 3741 :
472 3687 575 3743 sed
626 3688 930 3761 suspicari
975 3688 1223 3746 fortasse
1270 3691 1485 3762 poterit
1530 3689 1857 3763 quispiam,

208 3790 407 3831 vocem
467 3783 866 3853 προτιμότερος,
916 3782 1019 3834 aut
1064 3778 1318 3835 similem
1373 3795 1443 3835 eo
1489 3796 1671 3853 quem
1716 3796 1860 3837 mox

206 3858 321 3915 dixi
336 3862 471 3919 loco
487 3880 525 3920 a
539 3867 938 3939 typographis
953 3869 1242 3925 omissam
1253 3868 1456 3936 fuisse,
1472 3867 1861 3941 supplerique

204 3948 420 4007 debere
445 3953 565 4009 hoc
594 3956 802 4023 modo,
834 3958 1095 4030 θησαυρὸς
1129 3955 1188 4010 δέ
1217 3962 1358 4011 ἐστιν
1389 3961 1419 4016 η
1454 3956 1687 4011 εὐσέϐεια
1723 3977 1859 4033 χρη-

208 4044 380 4107 μάτων
408 4049 803 4117 προτιμότερος,
828 4047 1025 4115 pietas
1045 4052 1241 4104 autem
1271 4048 1590 4104 thesaurus
1620 4053 1704 4103 est
1726 4062 1864 4116 pre-

212 4131 413 4186 tiosior
422 4148 609 4202 quam
621 4134 867 4190 divitiae.
884 4138 1034 4205 Ergo
1051 4151 1125 4191 ne
1142 4136 1469 4209 quisquam
1486 4135 1546 4192 in
1563 4136 1862 4206 ejusmodi

206 4220 611 4292 suspicionem
661 4223 1017 4294 adducatur,
1068 4225 1329 4282 monebo
1376 4225 1459 4281 ita
1501 4241 1752 4298 prorsus
1802 4226 1863 4281 in

214 4311 487 4366 omnibus
520 4310 697 4367 libris
724 4318 781 4368 et
819 4313 1126 4386 impressis
1166 4319 1223 4370 et
1258 4315 1562 4371 veteribus
1596 4315 1733 4386 legi,
1777 4317 1863 4373 uti

1975 3148 2245 3205 charitas
2260 3166 2530 3208 somnum
2549 3167 2580 3208 e
2592 3153 2902 3223 palpebris
2918 3170 3038 3210 non
3060 3165 3206 3210 ναν-ο
3220 3154 3422 3223 fugat,
3445 3152 3550 3208 ubi
3565 3154 3631 3209 in

1973 3239 2342 3296 commodum
2359 3241 2482 3297 leve
2501 3242 2735 3310 infanti
2745 3243 2988 3299 accidit.
3010 3244 3083 3299 Ut
3101 3244 3289 3313 igitur
3300 3242 3508 3312 infans
3524 3258 3633 3298 nu-

1973 3325 2247 3397 triretur,
2264 3329 2576 3385 muliebris
2591 3345 2770 3386 sexus
2792 3336 2960 3388 tener
2976 3332 3250 3388 conditus
3268 3336 3374 3397 est,
3397 3336 3564 3387 tener
3574 3336 3631 3387 et

1970 3412 2284 3471 humanus.
2322 3417 2717 3485 Quamobrem
2757 3426 2975 3477 tenerae
2999 3436 3071 3477 ac
3100 3420 3291 3483 molli.
3328 3425 3437 3476 etc.
3473 3418 3631 3486 Quid

1969 3507 2077 3574 est,
2110 3520 2341 3578 quaeso,
2371 3508 2607 3579 nugari,
2642 3509 2693 3565 si
2720 3510 2838 3566 hoc
2870 3526 2995 3568 non
3029 3515 3118 3566 est
3144 3511 3172 3567 ?
3203 3510 3367 3566 Certe
3398 3510 3447 3566 si
3490 3509 3633 3567 talia

1968 3601 2273 3653 narrasset
2293 3597 2645 3655 muliercula
2669 3599 2894 3672 aliqua,
2914 3600 3166 3656 fortasse
3193 3615 3317 3656 non
3338 3604 3495 3657 esset
3523 3614 3632 3656 cur

1968 3684 2357 3742 miraremur:
2375 3688 2480 3744 sed
2496 3688 2592 3744 cui
2609 3689 2959 3761 persuaderi
2977 3690 3191 3762 poterit
3204 3689 3629 3759 gravissimum

1966 3774 2162 3830 virum
2180 3775 2471 3833 Basilium
2487 3778 2792 3849 ejusmodi
2803 3794 3001 3849 nugas
3020 3778 3341 3835 eﬂ'utivisse
3354 3780 3381 3835 ‘I
3400 3780 3631 3846 Quibus

1966 3864 2029 3920 in
2067 3864 2268 3922 verbis
2301 3865 2529 3941 aliquid
2561 3873 2696 3939 post
2724 3884 2940 3926 vocem
2977 3874 3139 3927 νήπια
3174 3872 3316 3943 poni
3347 3870 3631 3928 debuisse

1970 3969 2211 4023 moneo,
2240 3956 2418 4029 quale
2450 3962 2539 4014 est
2565 3958 2735 4024 illud,
2766 3964 2884 4012 τότε
2913 3961 3067 4012 τοῦτο
3098 3960 3312 4033 ἐγένετο,
3345 3964 3413 4017 ut
3439 3960 3629 4019 oratio

1970 4048 2027 4100 et
2062 4044 2275 4101 clarior
2315 4052 2490 4117 esset,
2524 4053 2580 4104 et
2619 4049 2833 4105 melius
2862 4049 3189 4108 cohaereret
3221 4069 3234 4106 :
3272 4066 3409 4124 quae
3445 4066 3629 4108 voces

1972 4133 2022 4189 si
2051 4133 2273 4191 additae
2300 4136 2554 4193 fuissent
2581 4153 2652 4194 eo
2684 4154 2868 4210 quem
2897 4139 3021 4195 dixi
3048 4139 3202 4208 loco,
3229 4140 3311 4197 ita
3338 4140 3627 4212 interpre-

1972 4223 2083 4279 tari
2110 4223 2376 4282 licuisset
2407 4245 2420 4282 :
2440 4228 2670 4284 Etenim
2690 4230 2963 4302 quandiu
2983 4231 3146 4286 solus
3157 4232 3281 4301 fuit
3300 4231 3495 4300 homo,
3525 4246 3627 4287 an-

1973 4329 2100 4370 sam
2122 4332 2239 4371 non
2272 4318 2528 4375 habebat
2551 4319 2826 4376 diabolus
2844 4321 2949 4377 sed
2963 4326 3353 4392 posteaquam
3384 4321 3630 4378 condita

215 4398 499 4488 edendum
533 4405 899 4458 curavimus.
926 4407 1210 4460 Praeterea
1228 4421 1368 4461 cum
1388 4405 1640 4478 scriptor
1659 4405 1862 4462 multis
1893 4434 1935 4488 ο
1974 4408 2057 4460 est
2071 4406 2305 4463 mulier.
2319 4448 2330 4461 .
2343 4450 2355 4462 .
2370 4413 2434 4463 ut
2447 4408 2518 4463 ob
2534 4408 2961 4480 benignitatem
2969 4425 3187 4480 pueros
3190 4426 3481 4481 prepense
3492 4411 3630 4469 edu-

224 4486 353 4540 locis
394 4491 595 4562 inepte
630 4491 932 4564 loquatur,
975 4494 1122 4566 quid
1165 4494 1387 4550 mirum
1433 4495 1622 4551 videri
1660 4496 1859 4567 debet,

224 4574 273 4627 si
309 4574 408 4631 hoc
436 4594 689 4652 quoque
731 4580 865 4637 loco
903 4582 1101 4654 inepte
1139 4583 1373 4641 locutus
1404 4584 1477 4638 sit
1513 4584 1540 4638 ?
1574 4584 1861 4659 Deinceps

221 4663 293 4719 de
319 4665 555 4725 diabolo
582 4669 844 4741 loquens
878 4677 1104 4741 auctor,
1140 4673 1225 4729 sic
1255 4674 1457 4730 scribit
1483 4677 1645 4745 (pag.
1682 4677 1805 4733 594)
1842 4692 1855 4729 :

224 4756 417 4810 liis-rat
435 4757 531 4811 διὰ
548 4768 642 4812 τοῦ
660 4758 911 4831 ψεύδους,
931 4760 1109 4823 ἐπειδὴ
1131 4769 1308 4836 τεῖχός
1325 4768 1439 4818 ἐστι
1460 4772 1566 4827 τοῖς
1584 4762 1858 4819 ὁδεύουσιν

228 4844 285 4905 εἰς
328 4846 653 4919 παράδεισον
694 4854 753 4903 τὸ
782 4848 1001 4921 ψεῦδος,
1058 4854 1283 4924 Decipit
1325 4854 1632 4911 mendacio
1684 4862 1861 4926 atque

223 4935 634 4993 circumvenit:
671 4941 964 5011 siquidem
997 4942 1106 4998 iter
1144 4944 1203 4999 in
1229 4943 1583 5012 paradisum
1624 4946 1857 5013 facien-

230 5024 367 5078 tibus
394 5042 603 5082 mum:
634 5031 1016 5086 mendacium
1049 5038 1154 5088 est.
1196 5032 1385 5087 Velim
1419 5032 1525 5104 qui
1560 5032 1767 5103 legunt
1798 5050 1858 5090 se

225 5112 317 5182 ipsi
344 5115 733 5187 interrogent,
757 5134 837 5174 an
864 5119 948 5175 ita
976 5119 1380 5192 loquerentur,
1405 5122 1681 5178 diabolus
1700 5138 1859 5179 men-

224 5200 373 5257 dacio
400 5206 650 5277 decepit,
686 5214 870 5280 atque
898 5210 1311 5280 circumvenit,
1345 5213 1625 5283 quoniam
1658 5214 1773 5269 iter
1795 5214 1859 5269 in

224 5293 548 5351 Μναιιίειιηι
560 5295 935 5362 facientibus
960 5312 1163 5354 murus
1183 5300 1556 5356 mendacium
1580 5306 1687 5370 est,
1717 5300 1862 5357 Scri-

227 5382 337 5443 Wir
363 5382 547 5450 solus,
578 5387 644 5439 ut
670 5383 1089 5456 mihiquidem
1111 5387 1365 5456 videtur,
1393 5392 1519 5444 tam
1540 5404 1695 5444 nove
1717 5394 1863 5445 tam-

228 5478 321 5533 que
346 5470 577 5528 insolita
608 5478 667 5528 et
694 5473 984 5544 cogitare,
1016 5480 1072 5531 et
1090 5475 1252 5549 loqui
1282 5477 1499 5549 potuit.
1530 5477 1861 5550 Postquam

234 5554 364 5612 θείω
377 5559 695 5619 audiveras
710 5560 916 5619 virum
930 5561 1014 5619 ita
1027 5561 1394 5636 loquentem,
1414 5565 1692 5623 diabolus
1706 5581 1863 5623 men-

1974 4500 2140 4552 caret
2184 4503 2329 4553 tunc
2361 4499 2611 4568 contigit
2638 4504 2705 4555 ut
2724 4514 2933 4556 ansam
2960 4500 3222 4558 haberet.
3247 4500 3398 4557 Illud
3425 4505 3629 4558 autem

1971 4598 2042 4640 eo
2064 4585 2289 4653 notavi,
2314 4592 2379 4642 ut
2407 4587 2602 4659 magis
2634 4592 2865 4660 pateret
2885 4605 3067 4658 error,
3096 4605 3279 4662 quem
3310 4588 3516 4646 similis
3544 4589 3631 4646 lo-

1968 4674 2196 4745 quendi
2237 4676 2390 4732 ratio
2430 4676 2572 4732 viris
2619 4676 2986 4734 doctissimis
3019 4678 3259 4750 objedit.
3303 4683 3354 4735 Is
3398 4684 3625 4742 autem.

1966 4778 2151 4834 quem
2170 4763 2324 4827 dico,
2351 4764 2518 4820 locus
2540 4781 2611 4822 ea
2628 4781 2764 4837 quae
2780 4766 2952 4823 retuli
2967 4766 3153 4825 verba
3174 4769 3445 4840 proxime
3462 4772 3628 4825 ante-

1967 4854 2141 4909 cedit.
2189 4853 2275 4909 lbi
2320 4858 2523 4910 autem
2570 4855 2655 4912 ita
2701 4856 2936 4928 legitur.
2981 4859 3146 4931 (pag.
3196 4861 3355 4932 593):
3412 4857 3621 4917 Ἐπειδὴ

1966 4946 2224 5015 κατέμαθε
2274 4944 2360 4995 τόν
2414 4945 2703 5017 ἄνθρωπον·
2762 4943 2942 5005 ἐπειδὴ
3003 4945 3136 5000 εἶδεν
3194 4950 3274 5001 ὅτι
3326 4953 3384 5001 τὸ
3440 4953 3626 5021 μικρὸν

1968 5040 2120 5085 τοῦτο
2171 5036 2298 5095 ζῶον
2341 5037 2470 5108 πρὸς
2512 5040 2607 5093 τὴν
2651 5043 2751 5088 τῶν
2790 5034 3014 5109 ἀγγέλων
3053 5039 3328 5109 ὀμοτιριίαν
3368 5038 3393 5089 ὁ
3436 5040 3626 5113 Κύριος

1967 5122 2317 5196 προεκαλεῖτο,
2376 5120 2468 5175 δ’ιά
2515 5133 2608 5187 τῆς
2665 5124 2850 5199 ἀρετῆς
2910 5125 3107 5196 ἀνάγων
3160 5125 3335 5191 αὐτὸν,
3392 5131 3483 5181 καὶ
3534 5125 3627 5182 διὰ

1971 5215 2307 5284 σωφροσύνης
2359 5220 2457 5264 τῶν
2510 5216 2645 5265 κατὰ
2710 5218 2797 5265 τὸν
2855 5212 2993 5285 βίον,
3056 5212 3163 5263 ἐπεὶ
3220 5217 3315 5272 τὴν
3368 5215 3627 5271 τελείωσιν

1968 5310 2063 5363 τῆς
2091 5300 2296 5373 ψυχῆς·
2334 5301 2522 5355 λείπει·
2555 5310 2685 5364 “Eoi;
2716 5306 2834 5377 γάρ,
2864 5307 2973 5357 etc.
3004 5304 3334 5377 Postquam
3364 5309 3629 5366 conside-

1969 5392 2129 5447 ravit
2144 5391 2432 5448 hominem
2454 5408 2467 5445 :
2479 5396 2795 5461 postquam
2808 5390 2951 5447 vidit
2967 5393 3242 5465 exiguum
3266 5397 3377 5453 hoc
3394 5399 3628 5456 animal

1971 5495 2010 5536 a
2047 5481 2295 5536 Domino
2333 5479 2416 5535 ad
2460 5480 2818 5549 angelorum
2860 5482 3275 5553 aequalitatem
3314 5486 3620 5555 advocari,

1969 5575 2038 5624 ut
2065 5568 2374 5639 quiipsum
2390 5581 2505 5637 per
2533 5568 2818 5626 virtutem
2839 5585 2913 5629 ac
2939 5586 3143 5629 rerum
3169 5573 3623 5633 mundanorum
