4058 6192
426 330 499 383 27
1924 316 2306 387 ΡΒΑΞΡᾺῬΙΟ.
3288 364 3295 367 ·
3774 339 3840 405 28

428 426 802 511 moderatum
826 450 998 513 usuin
1018 438 1281 515 evenerat
1297 448 1611 515 ddanimce
1624 455 2072 527 perfectionem,
2101 454 2151 507 A
2180 456 2314 528 ipsa
2337 456 2492 528 loca,
2520 458 2584 516 in'
2608 461 2830 533 quibus
2859 460 3119 520 Basilius
3134 468 3207 521 ea
3228 468 3421 539 quam
3439 462 3563 525 dixi
3582 468 3839 530 formula

427 544 547 597 etc.
570 542 682 599 Ubi
712 547 919 601 notare
945 560 1144 619 operte
1166 547 1428 618 pretium
1459 550 1567 614 est,
1593 546 1805 602 vocem
1830 544 1995 597 λείπει
2013 542 2076 599 in

429 630 747 689 Parisiensi
773 634 1031 692 editione
1052 635 1319 692 additam
1351 636 1552 706 fuisse,
1580 632 1648 692 ut
1667 638 2073 702 monerentur,

428 721 534 793 qui
560 720 845 791 legerent,
886 718 1114 798 aliquid
1141 725 1258 781 hoc
1285 725 1419 782 loco
1449 726 1657 784 deesse
1691 746 1704 797 ;
1737 727 1841 783 sed
1872 732 2075 783 tamen

427 809 577 866 nihil
596 810 784 883 deest,
812 824 1140 887 vocemque
1159 813 1319 868 λείπει
1349 815 1672 874 delendam
1689 832 1821 872 esse
1841 817 2077 872 constat

428 915 502 956 ex
529 900 697 957 libris
726 903 1049 973 veteribus,
1089 905 1150 959 in
1188 905 1411 978 quibus
1447 905 1607 963 illius
1640 921 1715 963 ne
1752 905 2072 974 vestigium

427 988 673 1061 quidem
706 995 915 1048 exstat.
946 994 1152 1066 Inepta
1178 1000 1379 1050 autem
1402 990 1503 1051 illa
1523 993 1813 1067 loquendi
1833 993 1985 1049 ratio
2007 995 2078 1048 ut

427 1078 781 1135 Parisiensis
819 1080 1100 1138 editionis
1152 1086 1440 1151 auctores,
1477 1084 1563 1139 ita
1601 1082 2071 1139 eruditissimum

426 1178 671 1240 quoque
692 1165 890 1225 virum
913 1168 1343 1227 Combeﬁsium
1358 1170 1612 1246 de‘cepit’.
1636 1175 1923 1229 Putarunt
1943 1171 2074 1227 haec

426 1253 636 1336 verba,
684 1247 863 1317 ἐπειδὴ
920 1256 1176 1332 κατέμαθε
1219 1260 1306 1313 τὸν
1349 1259 1638 1336 ἄνθρωπον,
1698 1257 1879 1320 ἐπειδὴ
1927 1256 2075 1329 ,εἶδεν

425 1333 525 1408 ἑτι,
550 1346 683 1415 etc.,
700 1338 904 1425 referri
924 1347 1002 1405 ad
1026 1343 1257 1422 aliquid
1273 1333 1633 1425 quod-sequi
1653 1344 1918 1419 deberet,
1936 1365 2077 1406 cum

424 1430 628 1491 tamen"
649 1423 727 1493 ad
747 1452 818 1493 ea
845 1442 982 1509 quae
1002 1428 1353 1511 praecedunt
1372 1423 1753 1497 referrentur.-
1777 1432 2079 1513 ltaQue‘ex

424 1522 499 1581 iis
529 1532 665 1598 quae
696 1525 879 1598 paulo
909 1528 1047 1584 ante
1075 1526 1366 1599 leguntur
1393 1524 1593 1585 verbis
1632 1522 1763 1601 ejus
1791 1529 1907 1586 luci
1948 1538 2079 1585 sen-

424 1615 608 1670 tentia
647 1615 765 1687 peti
794 1614 992 1685 debet,
1027 1618 1113 1673 sic
1152 1623 1218 1676 ut
1246 1626 1366 1675 v‘ox
1397 1620 1795 1694 ἒτξονήρέύάατο,
1823 1619 2080 1694 quaein-

423 1704 526 1761 itio
546 1705 779 1778 periodi
799 1708 1123 1780 superioris
1138 1709 1469 1780 invenitur,
1494 1706 1923 1769 s‘ubaudiatur:
1952 1711 2082 1785 qui-

2181 551 2328 602 ustis
2355 552 2444 605 est
2471 565 2484 603 :
2511 550 2728 632 quaesi
2755 552 3063 625 quispiam
3081 553 3307 625 legerit,
3336 557 3535 627 magis
3553 564 3629 614 ac"
3648 560 3845 629 magis

2178 632 2470 709 intelliget
2502 639 2787 697 Basilium
2816 634 2968 699 nihil
2994 637 3112 700 tale
3143 640 3388 711 dixisse,
3421 645 3602 719 quale
3631 647 3697 703 in
3724 649 3851 704 hac‘

2180 729 2471 785 c‘oncione
2517 731 2832 802 reperitur.
2893 732 3088 789 Unum
3138 724 3188 789 si
3233 728 3549 807 addidero,
3604 735 3841 811 reliqua

2178 818 2476 876 omittam.
2495 820 2708 876 Statim
2730 820 2907 891 igitur
2925 823 3007 879 ita
3035 813 3242 880 scribit
3261 827 3502 897 δυοῖσι(
3509 838 3650 899 pag.
3674 832 3834 893 595):

2182 909 2332 963 Οὓτω
2377 914 2465 962 καὶ
2506 912 2532 962 ὁ
2583 908 2825 975 διάϐολος
2865 912 2916 964 ἐν
2959 921 3021 986 τῇ
3064 913 3219 967 εἰκόνι
3261 918 3320 966 τὸ
3348 918 3590 988 μισόθεον
3621 915 3832 983 ἔδειξεν,

2179 996 2360 1058 ἐπειδὴ
2412 1003 2539 1054 Θεοῦ
2574 1001 2981 1075 ’προσάψασθαι
3034 1002 3126 1055 οὐκ
3174 1000 3414 1058 ἐδύνατο.
3462 1006 3640 1069 Οὕτως
3687 1008 3714 1059 ὀ
3762 1007 3834 1069 εἱς

2179 1090 2317 1162 ᾒμᾶς
2378 1089 2600 1163 πόλεμος
2651 1087 2919 1155 ἀπόδειξιν
2968 1094 3082 1163 ἔχει
3130 1101 3230 1146 τοῦ
3271 1094 3532 1167 θεομάχον
3580 1102 3708 1147 εἶναι
3748 1099 3845 1148 rév‘

2179 1182 2423 1254 πονηρὸν,
2477 1184 2563 1232 καὶ
2629 1189 2829 1254 πρῶτον
2886 1181 3123 1255 πολεμεῖν
3178 1202 3250 1256 τῳ
3304 1189 3560 1257 Aemi-1p.
3618 1189 3839 1249 ’Ez'sivog

2182 1274 2470 1341 κατήγαγεν
2487 1267 2588 1322 ἀπὸ
2623 1270 2955 1344 Ἰερουσαλὴμ
2980 1272 3050 1333 εἰς
3084 1273 3287 1346 Ἰεριχὼ
3312 1276 3407 1326 τὸν
3418 1275 3705 1348 ἄνθρωπον,
3734 1276 3837 1326 ἀπὸ

2182 1365 2284 1411 τῶν
2309 1355 2522 1429 ὑψηλῶν
2548 1357 2633 1412 ἐπὶ
2661 1362 2724 1412 τὰ
2749 1359 2916 1412 κοῖλα·
2946 1360 3032 1413 ἐπὶ
3059 1364 3151 1434 μὲν
3178 1371 3274 1424 τῆς
3299 1361 3496 1435 ὀρεινῆς
3527 1365 3557 1421 ἠ
3593 1367 3837 1436 lapsus-ot-

2183 1442 2310 1521 λὴμ,
2358 1448 2388 1506 ἡ
2434 1444 2495 1501 dt
2528 1446 2731 1523 Ἰσριχὼ
2776 1450 2915 1501 κάτω
2946 1449 2997 1502 ἐν
3026 1458 3089 1522 τῇ
3122 1449 3328 1525 ἁλμυρᾷ
3359 1450 3624 1524 θαλάσσῃ.
3669 1455 3731 1504 Εἴ
3759 1471 3849 1514 τις

2186 1539 2324 1610 ὑμῶν
2347 1533 2453 1591 εἶδε
2473 1541 2560 1590 ἑὸν
2589 1543 2765 1604 τόπον,
2791 1534 2906 1591 οἶδε
2926 1546 3026 1591 τῶν
3040 1538 3321 1613 λεγομένων
3344 1545 3443 1599 τὴν
3466 1538 3733 1607 ἀλήθειαν,
3759 1543 3839 1594 ὅτι

2189 1627 2393 1702 Ἰεριχὼ
2424 1629 2514 1700 μὲν
2541 1623 2654 1699 ἔχει
2684 1624 2747 1681 τὰ
2777 1627 2928 1680 κοῖλα
2956 1636 3057 1690 τῆς
3084 1627 3459 1695 Παλαιστίνης,
3499 1629 3839 1704 Ἰερουσαλὴμ

2186 1712 2246 1769 δὲ
2272 1716 2358 1769 ἐπὶ
2388 1725 2482 1779 τῆς
2511 1726 2740 1790 κορυφῆς
2768 1717 3085 1792 ἐρήρεισται·,
3119 1712 3390 1792 τὴνᾶκραν
3417 1721 3720 1790 κατέχουσα
3744 1726 3849 1771 1'05"

424 1794 540 1879 bn‘s
569 1796 758 1868 probe
783 1797 1117 1866 intellectis,
1163 1801 1557 1875 perspicuum
1595 1808 1687 1859 e‘s‘t‘
1724 1804 1906 1861 tctius
1948 1805 2075 1875 ejus

2185 1810 2334 1880 ὅρους
2365 1813 2456 1859 τοῦ
2484 1805 2518 1860 δ
2524 1809 2575 1858 ιὰ
2599 1809 2773 1869 πάσης
2805 1806 3001 1868 ἐκείνης
3020 1815 3113 1869 τῆς
3139 1814 3319 1883 χώρας
3349 1809 3711 1871 ἀνεστηκότος,
3737 1807 3839 1865 Sic

422 1875 542 1942 loci
553 1886 709 1943 hanc
724 1903 854 1944 esse
875 1891 1235 1947 sententiam
1253 1909 1265 1947 :
1286 1892 1574 1950 Diabolus
1587 1896 1863 1966 maligne
1879 1911 1943 1952 se
1957 1901 2080 1967 ges-

425 1976 523 2042 sit,
541 1992 675 2034 cum
692 1978 840 2034 vidit
857 1981 1115 2037 multum
1137 1981 1368 2038 homini
1385 1984 1641 2054 afﬂuere
1655 1987 2049 2053 voluptatis...
2062 2025 2075 2039 .

424 2066 657 2123 Rursus
684 2082 745 2124 se
770 2070 1034 2140 maligne
1068 2072 1271 2142 gessit,
1304 2088 1437 2129 cum
1465 2075 1862 2132 consideravit
1893 2074 2077 2132 homi-

426 2160 579 2228 nem,
605 2161 811 2215 etcum
831 2160 978 2215 vidit
1000 2162 1282 2233 exiguum
1300 2164 1406 2220 hoc
1420 2166 1652 2221 animal
1672 2180 1710 2221 a
1730 2166 1979 2221 Domino
1999 2166 2083 2222 ad-

425 2246 767 2317 angelorum
792 2251 1198 2321 aequalitatem
1219 2253 1525 2326 advocari,
1546 2257 1656 2310 etc.
1674 2256 1825 2324 Ergo
1847 2269 2078 2311 errave-

422 2340 566 2391 runt
592 2335 861 2410 quidem,
893 2339 999 2412 qui
1035 2340 1133 2397 hic
1162 2341 1391 2415 aliquid
1418 2358 1456 2399 a
1492 2342 1749 2400 librariis
1778 2345 2074 2401 omissum

424 2422 607 2484 fuisse
638 2426 910 2486 arbitrati
944 2434 1084 2487 sunt
1116 2448 1128 2487 :
1158 2432 1270 2488 sed
1293 2448 1397 2489 eos
1425 2433 1618 2490 multo
1647 2433 1848 2490 minus
1877 2450 2073 2507 repre-

422 2515 779 2574 hendendos
809 2535 941 2575 esse
972 2520 1200 2593 judico,
1234 2537 1423 2595 quam
1455 2523 1809 2596 scriptorem
1847 2524 2072 2596 ipsum,

423 2606 717 2683 quidquod
735 2609 893 2666 male
913 2609 1150 2667 locutus
1180 2618 1287 2681 est,
1312 2613 1553 2669 errandi
1572 2614 1957 2670 occasionem
1976 2614 2075 2671 de-

423 2694 528 2750 dit.
552 2698 666 2752 Nec
683 2696 766 2754 ita
788 2698 976 2756 multo
995 2699 1152 2756 infra
1177 2717 1316 2757 cum
1333 2707 1540 2759 auctor
1558 2703 2074 2775 pantherarumjn

421 2782 700 2842 homines
730 2787 940 2845 odium
971 2786 1309 2847 describere
1337 2790 1532 2861 vellet,
1574 2792 1667 2847 his
1696 2792 1894 2849 verbis
1925 2809 2072 2848 usus

422 2875 512 2928 est
531 2875 692 2947 (pag.
726 2876 883 2949 595):
914 2875 1071 2932 Εἶδον
1093 2879 1190 2951 ἐγὼ
1209 2883 1275 2933 τὰ
1300 2883 1777 2954 μισανθρωπὸτατα
1806 2890 1906 2934 τῶν
1932 2879 2071 2944 ζώων

422 2961 473 3015 ἐν
496 2971 605 3026 τοῖς
634 2963 871 3030 σταδίοις
895 2967 1162 3035 πολλάκις,
1198 2971 1227 3029 ἦ
1253 2967 1391 3024 εἶδον
1414 2971 1444 3030 ἡ
1469 2970 1674 3030 ἤκουσα
1698 2971 1800 3043 (1)*
1833 2969 2071 3044 ἀσφαλὴς

421 3055 519 3127 γὰρ
539 3056 673 3108 ἔστω
690 3057 714 3107 ὁ
736 3055 904 3129 λόγος.
932 3058 1066 3114 Vidi
1079 3068 1182 3130 ego
1198 3062 1355 3130 ‘sa’pe
1372 3061 1437 3115 in
1452 3061 1665 3117 stadiis
1684 3060 2077 3117 infestissima

2184 1896 2365 1953 etiam
2390 1889 2666 1953 diabolus
2693 1913 2866 1954 suum
2897 1898 2961 1953 in
2993 1898 3179 1954 Deum
3214 1897 3411 1953 odium
3443 1898 3739 1968 patefacit
3769 1899 3843 1955 in

2184 1986 2446 2057 imagine
2474 2001 2608 2043 cum
2639 1987 2817 2043 Deum
2843 1987 3142 2057 attingere
3166 1994 3287 2042 η’οη
3314 1987 3521 2056 possit.
3537 1986 3638 2043 Sic
3662 2002 3738 2043 ea:
3757 1988 3841 2043 il-‘

2188 2075 2311 2131 lato
2345 2075 2497 2131 bello
2531 2076 2714 2148 liquet
2743 2075 3077 2147 malignum
3098 2075 3273 2130 illum
3302 2074 3416 2130 Dei
3438 2073 3659 2129 hostem
3688 2089 3829 2141 esse,

2183 2180 2254 2222 ac
2286 2168 2553 2235 primum
2578 2166 2829 2221 Domino
2857 2167 2970 2237 ipsi
2999 2167 3221 2222 bellum
3249 2168 3477 2235 gerere.
3508 2154 3625 2220 Ille
3645 2164 3835 2220 homi-

2182 2269 2315 2311 nem
2340 2254 2416 2311 ab
2439 2254 2773 2310 Jerusalem
2803 2255 2866 2309 in
2904 2253 3147 2310 Jericho
3176 2253 3451 2322 abduxit,
3484 2252 3561 2308 ab
3590 2253 3732 2308 altis
3756 2251 3842 2308 ad

2181 2358 2350 2401 cava.
2373 2344 2675 2399 Nimirum
2696 2343 3031 2399 Jerusalem
3052 2342 3118 2397 in
3142 2348 3433 2398 montana
3453 2341 3699 2412 regione
3720 2342 3840 2397 sita

2182 2437 2267 2489 est
2312 2450 2325 2501 ;
2365 2431 2609 2488 Jericho
2641 2446 2780 2487 vero
2818 2432 2881 2487 in
2911 2430 3192 2500 depresso
3223 2444 3295 2486 ac
3326 2428 3550 2485 humili
3592 2431 3716 2486 loco
3757 2429 3848 2484 ad

2180 2523 2424 2579 Salsum
2472 2534 2656 2577 mare.
2687 2519 2755 2578 Si
2791 2521 2923 2592 quis
2964 2526 3228 2577 vestrum
3258 2519 3408 2575 vidit
3450 2520 3669 2586 locum,
3699 2528 3847 2575 vera”

2181 2628 2303 2671 esse
2331 2613 2497 2669 novit
2528 2626 2664 2683 qua?
2693 2611 3002 2679 dicuntur,
3031 2611 3268 2666 leris/to
3306 2608 3581 2666 videlicet
3619 2609 3682 2663 in
3720 2608 3842 2663 Pa-

2185 2703 2436 2760 laestina
2476 2703 2636 2758 cavis
2696 2701 2911 2767 locari,
2949 2700 3288 2756 Jerusalem
3334 2714 3476 2756 vero
3508 2699 3575 2754 in
3609 2712 3838 2753 summo

2184 2794 2314 2849 loco
2341 2792 2521 2848 sitam
2553 2804 2676 2848 esse
2711 2792 2932 2847 montis
2971 2792 3120 2860 ejus,
3153 2790 3260 2862 qui
3295 2804 3408 2859 per
3449 2793 3639 2844 totam
3661 2788 3837 2843 illam

2179 2885 2482 2955 regionem
2531 2882 2813 2951 assurgit,
2886 2886 3173 2937 cacumen
3228 2884 3651 2949 occupantem.»
3695 2876 3847 2933 Haec?

2179 2972 2328 3029 dum
2366 2972 2649 3042 legerem,
2687 2969 2834 3026 mihi
2868 2970 2995 3025 visa
3041 2972 3183 3026 sunt
3221 2983 3347 3025 non
3380 2969 3526 3024 satis
3566 2967 3719 3023 inter
3767 2982 3851 3023 se-

2179 3063 2498 3119 cohaerere.
2544 3061 2644 3117 Hic
2682 3060 2731 3115 si
2775 3074 2976 3115 sermo
3015 3062 3172 3115 esset
3196 3057 3272 3114 de
3302 3073 3509 3114 amore
3546 3056 3831 3130 proximi.

423 3142 652 3200 homini
671 3146 986 3217 animalia,
1008 3153 1117 3205 aut
1134 3149 1278 3218 vidi,
1309 3155 1415 3206 aut
1446 3150 1658 3206 audivi
1686 3167 1700 3206 :
1731 3155 1897 3206 tutus
1919 3150 2071 3207 enim
2099 3153 2140 3209 C
2178 3152 2394 3208 faterer
2420 3148 2768 3222 exemplum
2797 3149 2928 3219 ejus
2951 3146 3234 3213 hominis,
3263 3148 3365 3221 qui
3396 3146 3476 3204 ab
3503 3145 3831 3203 Jerusalem

419 3233 498 3288 sit
518 3234 684 3290 nobis
703 3246 917 3292 sermo.
937 3235 1206 3294 Primum
1231 3238 1486 3311 scriptor
1504 3239 1585 3295 ait
1598 3239 1823 3295 vidisse
1845 3255 1937 3295 se:
1964 3239 2072 3295 sed

418 3322 596 3394 quasi
624 3323 913 3395 religione
937 3329 1153 3396 tactus,
1183 3328 1384 3385 statim
1409 3328 1581 3384 addit
1608 3345 1671 3385 se
1700 3334 1804 3385 aut
1829 3327 2070 3397 vidisse,

417 3414 526 3468 aut
552 3412 879 3471 audivisse.
914 3418 998 3473 Ita
1025 3420 1228 3473 autem
1255 3417 1442 3490 loqui,
1470 3418 1699 3474 utmihi
1719 3417 1967 3491 quidem
1988 3416 2071 3473 vi-

418 3492 611 3573 detur,
663 3503 793 3574 ejus
842 3508 949 3572 est,
993 3505 1102 3578 qui
1145 3505 1209 3561 in
1254 3506 1504 3579 privatis
1553 3522 1625 3564 ac
1672 3504 2072 3564 familiaribus

418 3580 736 3664 colloquiis
769 3597 1006 3667 tempus
1031 3594 1302 3666 jucunde
1330 3598 1518 3652 terere
1548 3596 1733 3668 cupit,
1762 3612 1887 3654 non
1918 3598 2070 3668 ejus,

417 3679 525 3752 qui
553 3678 866 3753 publicam
891 3682 1249 3740 concionem
1279 3684 1358 3740 ad
1383 3686 1680 3758 populum
1700 3685 1903 3743 habet.
1927 3689 2075 3742 Prae-

417 3772 580 3827 terea
608 3771 711 3844 qui
749 3771 893 3829 dicit
918 3789 982 3829 se
1021 3773 1248 3847 aliquid
1283 3790 1443 3847 saepe
1483 3776 1721 3841 vidisse,
1761 3776 2076 3849 quomodo

418 3857 617 3916 dicere
641 3866 859 3934 potest,
891 3879 955 3920 se
985 3868 1092 3921 aut
1115 3863 1364 3935 vidisse,
1404 3869 1508 3922 aut
1536 3866 1843 3924 audivisse
1873 3871 1900 3923 ?
1928 3870 2078 3924 Nam

416 3946 549 4004 ﬁeri
576 3953 778 4022 potest
804 3951 1054 4024 quidem
1081 3952 1433 4025 aliquando,
1464 3958 1528 4011 ut
1557 3955 1609 4010 si
1636 3970 1765 4011 rem
1807 3955 2079 4028 aliquam

417 4038 604 4095 semel
622 4039 973 4109 viderimus,
987 4041 1335 4099 dubitemus
1355 4048 1553 4100 utrum
1575 4061 1713 4102 eam
1727 4045 2079 4114 viderimus,

417 4144 497 4185 an
540 4129 983 4189 audiverimus:
1018 4133 1125 4189 sed
1170 4133 1217 4190 si
1266 4151 1427 4208 saepe
1466 4135 1698 4209 aliquid
1726 4136 2079 4192 viderimus.

415 4218 617 4275 omnis
659 4225 719 4277 et
765 4220 1064 4279 dubitatio
1109 4228 1165 4279 et
1210 4223 1419 4295 religio
1458 4224 1700 4293 tollitur,
1734 4225 2080 4297 consciique

419 4325 632 4366 sumus
677 4311 874 4375 nobis,
916 4327 1028 4369 nos
1059 4313 1122 4369 id
1158 4313 1404 4371 vidisse.
1451 4316 1666 4372 Moneo
1710 4315 1932 4372 alicubi
1973 4315 2076 4387 (b),

416 4399 576 4456 hanc
604 4399 844 4457 dicendi
881 4400 1230 4468 formulam,
1258 4419 1364 4477 ego
1394 4405 1543 4474 vidi,
1574 4421 1680 4477 ego
1706 4406 1867 4471 novi,
1899 4403 2078 4460 fami-

2177 3241 2236 3297 in
2280 3240 2518 3298 Jericho
2562 3238 2971 3295 descendebat
3000 3239 3044 3308 ⁵,
3078 3241 3216 3310 apte
3245 3242 3302 3293 et
3329 3236 3651 3293 commode
3681 3235 3835 3292 alias

2177 3336 2308 3388 tum
2334 3332 2558 3388 fuisse:
2595 3329 2702 3385 sed
2732 3329 2848 3385 hoc
2875 3328 3011 3384 loco
3040 3326 3344 3399 ejusmodi
3372 3326 3720 3400 exemplum
3751 3327 3838 3383 ita

2177 3418 2951 3495 intempestiveradductum
2978 3421 3087 3487 est,
3118 3422 3183 3474 ut
3207 3418 3399 3475 oratio
3423 3432 3671 3491 prorsus
3709 3417 3837 3472 dis-

2180 3512 2377 3569 soluta
2406 3525 2538 3567 esse
2567 3509 2862 3565 videatur.
2897 3510 3062 3566 Certe
3092 3507 3142 3564 si
3170 3507 3325 3564 alius
3354 3506 3553 3581 quivis
3576 3505 3837 3562 idoneus

2183 3604 2393 3661 auctor
2416 3599 2644 3658 diaboli
2672 3599 2734 3656 in
2764 3602 2953 3657 Deum
2978 3601 3084 3656 aut
3107 3598 3171 3654 in
3194 3598 3471 3654 homines
3501 3596 3710 3654 odium
3736 3611 3839 3652 os-

2181 3691 2429 3751 tendere
2459 3689 2830 3754 instituisset,
2862 3689 2978 3746 hoc
3009 3687 3356 3759 exemplum
3388 3686 3654 3757 proferre
3682 3698 3855 3739 nun-~

2182 3794 2370 3856 quam
2415 3781 2753 3851 cogitasset,
2798 3792 2939 3834 cum
2976 3784 3256 3833 sexcenta
3285 3775 3401 3829 sint
3430 3779 3487 3829 et
3518 3772 3841 3842 aptissima

2185 3878 2245 3930 et
2279 3868 2866 3941 notissimaﬁpuibus
2903 3866 2983 3921 ad
3014 3864 3076 3919 id
3118 3858 3719 3919 commonstrandum
3748 3859 3843 3916 uti

2184 3962 2404 4019 liceret.
2441 3955 2760 4026 Quomodo
2789 3969 2932 4024 ergo
2958 3951 3207 4009 Basilius
3233 3949 3453 4006 horum
3480 3948 3693 4006 auctor
3717 3948 3844 4006 dici

2186 4050 2398 4107 merito
2429 4046 2637 4120 possit,
2668 4044 2775 4116 q‘ui
2794 4057 2951 4098 unus
2975 4040 3249 4098 omnium
3273 4040 3336 4095 in
3356 4039 3512 4112 aptis
3540 4038 3841 4112 exemplis

2186 4135 2561 4213 proferendis
2593 4133 2971 4190 felicissimus
2991 4129 3177 4186 fuisse
3198 4129 3565 4202 comperit'ur
3583 4131 3613 4185 ?
3634 4133 3845 4186 Praete-

2186 4245 2290 4285 rea
2318 4245 2455 4300 quae
2484 4229 2839 4298 sequuntur,
2871 4221 3156 4277 nimirum
3196 4221 3536 4277 Jerusalem
3580 4221 3644 4276 in
3676 4236 3849 4278 mon-

2187 4325 2330 4375 tana
2354 4317 2594 4387 regione
2622 4314 2738 4369 sita
2768 4317 2853 4370 est
2879 4324 2901 4383 ;
2932 4309 3172 4367 Je’richo
3204 4325 3341 4368 vero
3370 4311 3433 4365 in
3463 4316 3738 4381 depresso
3766 4326 3844 4368 ac

2187 4408 2406 4465 humili
2431 4407 2557 4462 loco
2585 4404 2666 4461 ad
2687 4402 2927 4459 Salsum
2946 4416 3114 4458 mare
3134 4415 3157 4473 ;
3177 4402 3231 4458 si
3250 4403 3382 4473 quis
3404 4408 3662 4459 vestrum
3689 4402 3843 4458 vidit

414 4488 805 4546 liarissimam
847 4490 1032 4548 fuisse
1080 4493 1297 4551 Basilio
1335 4497 1570 4565 Magno,
1606 4494 1686 4551 ob
1727 4494 1912 4566 idque
1952 4507 2075 4549 non
2108 4502 2153 4556 Β
2187 4500 2403 4565 locum,
2431 4496 2595 4551 novit
2631 4504 2773 4551 vera
2791 4507 2909 4550 esse
2928 4506 3058 4564 qua
3078 4492 3390 4559 dicuntur,
3415 4496 3550 4555 etc.,
3573 4492 3841 4549 hominis

415 4577 595 4635 valde
612 4578 948 4637 admodum
965 4580 1200 4652 dubito,
1213 4584 1362 4657 quin
1380 4583 1665 4641 orationis
1685 4587 1914 4648 auctor,
1935 4596 2075 4638 cum

416 4668 500 4725 ita
527 4668 766 4726 locutus
795 4675 921 4729 est:
963 4672 1095 4728 Vidi
1124 4687 1229 4745 ego
1258 4689 1415 4744 saepe
1443 4675 1505 4731 in
1530 4673 1765 4742 stadiis,
1794 4676 1929 4739 etc.,
1970 4675 2076 4727 aut

420 4758 672 4816 Basilius
700 4759 854 4833 ipse,
902 4766 1007 4819 aut
1042 4768 1199 4821 certe
1237 4763 1369 4835 ejus
1398 4762 1617 4835 aliquis
1653 4760 1917 4817 imitator
1955 4760 2076 4816 exi-

416 4848 577 4906 mius
608 4849 797 4907 videri
823 4850 1080 4910 voluerit
1112 4869 1125 4908 :
1152 4852 1259 4909 sed
1288 4866 1427 4908 cum
1457 4852 1538 4907 ita
1568 4850 1834 4906 futurum
1867 4865 2072 4922 spera-

415 4940 526 5010 ret',
554 4939 668 4997 sibi
695 4941 874 4997 nimis
904 4941 1351 4999 blandiebatur.
1384 4939 1617 4995 Nemini
1638 4939 1799 4995 enim
1828 4954 2073 5012 persua-

417 5028 545 5086 deri
577 5031 814 5103 poterit,
857 5032 1137 5088 Basilium
1181 5045 1320 5085 eum
1359 5028 1541 5085 fuisse
1570 5029 1692 5102 qui,
1728 5028 1951 5086 diceret
1986 5029 2071 5084 vi-

418 5118 586 5176 disse
616 5136 680 5177 se
718 5104 949 5194 aliquid
989 5134 1171 5190 saepe,
1204 5120 1262 5173 et
1287 5121 1487 5173 tamen
1519 5118 1717 5181 statim
1744 5117 2065 5189 dubitaret,

419 5223 501 5267 an
523 5198 881 5285 id‘unquam
904 5207 1184 5266 vidisset:
1215 5207 1393 5264 velim
1424 5207 1613 5266 oculis
1637 5208 2073 5281 perlustrantur

490 5392 514 5430 ⁸
555 5380 693 5449 Luc.
715 5407 773 5461 x,
807 5393 895 5447 30.

493 5518 585 5588 (a)
598 5514 950 5593 Emendatio
971 5514 1177 5593 obvia,
1205 5520 1293 5570 nui
1317 5514 1457 5572 εἶδον
1481 5522 1568 5572 καὶ
1594 5519 1818 5593 ἤκουσα,
1847 5526 1903 5578 et
1934 5521 2075 5593 vidi,

421 5594 477 5667 et
500 5588 712 5667 audivi
729 5588 883 5646 alios
911 5589 1019 5667 qui
1068 5589 1351 5667 viderant
1381 5609 1394 5659 ;
1426 5593 1457 5650 ἣ
1488 5606 1601 5662 pro
1631 5596 1728 5667 διας
1749 5588 2083 5667 descriptor

420 5658 666 5733 legerit;
697 5675 887 5738 prona
916 5658 1005 5719 est
1029 5662 1192 5721 enim
1221 5658 1536 5739 utriusque
1556 5663 1785 5722 voculae
1813 5664 1875 5725 in
1905 5658 2083 5722 codd.

2186 4592 2346 4653 sunt,
2380 4585 2487 4659 qui
2519 4599 2681 4641 vana
2711 4583 2866 4639 serio
2897 4581 3058 4643 dicit,
3088 4587 3214 4639 non
3246 4581 3585 4651 gravissimi
3632 4583 3843 4652 Patris,

2183 4676 2287 4749 qui
2318 4675 2546 4748 ubique
2567 4670 3135 4730 convenientissima
3163 4685 3424 4744 quaeque
3444 4674 3501 4727 et
3522 4670 3842 4728 utilissima

2182 4763 2376 4821 docet.

2257 4854 2341 4909 15.
2371 4855 2611 4918 Auctor,
2644 4849 2924 4924 quisquis
2955 4853 3066 4920 est,
3099 4851 3207 4905 aut
3233 4847 3485 4905 Basilius
3504 4846 3630 4919 ipse
3651 4843 3849 4900 videri

2181 4942 2389 5010 voluit,
2423 4945 2528 4998 aut
2556 4944 2711 4997 certe
2743 4938 3076 4995 Basilianus
3116 4948 3247 4994 esse
3277 4935 3522 4994 studuit.
3548 4936 3708 4990 Nam
3734 4931 3843 4990 ali-

2179 5032 2431 5107 quando
2447 5030 2630 5087 verba
2645 5029 2798 5103 ipsa,
2814 5045 2973 5102 saepe
2991 5027 3312 5085 sententias
3328 5026 3405 5083 ab
3422 5041 3492 5082 eo
3510 5023 3847 5097 sumpsisse

2179 5121 2671 5195 deprehenditur.
2698 5122 2841 5187 Quae
2862 5133 3007 5189 ergo
3028 5119 3124 5174 hic
3145 5117 3306 5174 dicta
3335 5121 3473 5173 sunt
3494 5120 3598 5172 aut
3627 5115 3700 5171 de
3730 5114 3847 5181 ira,

2180 5217 2283 5271 aut
2313 5213 2388 5270 de
2417 5210 2668 5281 invidia,
2695 5213 2799 5268 aut
2828 5210 2903 5268 de
2929 5206 3205 5274 avaritia,
3229 5221 3353 5264 non
3374 5205 3622 5264 aliunde
3644 5205 3853 5275 magis

2190 5536 2335 5594 mss.
2368 5518 2942 5594 permutatio._l_£mr.

2262 5593 2340 5664 (b)
2370 5592 2524 5664 Lege
2555 5606 2673 5647 nur
2757 5592 2845 5646 “9.
