  <div class='ocr_page' id='page_1' title='image "/cluster/home/n/w/nwhite01/storage/ocr_20150623/31/hvd.32044048272629/020.png"; bbox 0 0 4058 6192; ppageno 0'>
   <div class='ocr_carea' id='block_1_1' title="bbox 211 312 2067 391">
    <p class='ocr_par' dir='ltr' id='par_1_1' title="bbox 211 312 2067 391">
     <span class='ocr_line' id='line_1_1' title="bbox 211 312 2067 391; baseline 0.003 -16"><span class='ocrx_word' id='word_1_1' title='bbox 211 338 266 391; x_wconf 55' lang='lat'>:9</span> <span class='ocrx_word' id='word_1_2' title='bbox 1681 312 2067 383; x_wconf 59' lang='grc' dir='ltr'>ΡΒΑΞῘῩᾹἸἸΟ.</span> 
     </span>
    </p>
   </div>
   <div class='ocr_carea' id='block_1_2' title="bbox 3523 322 3600 391">
    <p class='ocr_par' dir='ltr' id='par_1_2' title="bbox 3523 322 3600 391">
     <span class='ocr_line' id='line_1_2' title="bbox 3523 322 3600 391; baseline 0 0"><span class='ocrx_word' id='word_1_3' title='bbox 3523 322 3600 391; x_wconf 64' lang='grc'>36</span> 
     </span>
    </p>
   </div>
   <div class='ocr_carea' id='block_1_3' title="bbox 219 448 3592 528">
    <p class='ocr_par' dir='ltr' id='par_1_3' title="bbox 219 448 3592 528">
     <span class='ocr_line' id='line_1_3' title="bbox 219 448 3592 528; baseline 0 -16"><span class='ocrx_word' id='word_1_4' title='bbox 219 459 439 528; x_wconf 74' lang='lat' dir='ltr'>sumpta</span> <span class='ocrx_word' id='word_1_5' title='bbox 467 462 583 508; x_wconf 61' lang='lat' dir='ltr'>asc</span> <span class='ocrx_word' id='word_1_6' title='bbox 612 448 886 521; x_wconf 84' lang='lat' dir='ltr'>constat,</span> <span class='ocrx_word' id='word_1_7' title='bbox 915 458 1102 525; x_wconf 81' lang='lat' dir='ltr'>quam</span> <span class='ocrx_word' id='word_1_8' title='bbox 1130 466 1165 507; x_wconf 87' lang='lat' dir='ltr'>e</span> <span class='ocrx_word' id='word_1_9' title='bbox 1190 449 1383 507; x_wconf 83' lang='lat' dir='ltr'>Basilii</span> <span class='ocrx_word' id='word_1_10' title='bbox 1410 448 1602 520; x_wconf 84' lang='lat' dir='ltr'>libris,</span> <span class='ocrx_word' id='word_1_11' title='bbox 1632 448 1758 522; x_wconf 87' lang='lat' dir='ltr'>qui,</span> <span class='ocrx_word' id='word_1_12' title='bbox 1779 452 1844 504; x_wconf 92' lang='lat' dir='ltr'>ut</span> <span class='ocrx_word' id='word_1_13' title='bbox 1873 450 1919 504; x_wconf 78' lang='grc' dir='ltr'><strong>Δ</strong></span> <span class='ocrx_word' id='word_1_14' title='bbox 1950 450 2197 508; x_wconf 87' lang='lat' dir='ltr'>illorum</span> <span class='ocrx_word' id='word_1_15' title='bbox 2220 458 2275 509; x_wconf 91' lang='lat' dir='ltr'>et</span> <span class='ocrx_word' id='word_1_16' title='bbox 2294 454 2535 522; x_wconf 75' lang='lat' dir='ltr'>proprii</span> <span class='ocrx_word' id='word_1_17' title='bbox 2551 460 2608 510; x_wconf 93' lang='lat' dir='ltr'>et</span> <span class='ocrx_word' id='word_1_18' title='bbox 2628 457 3071 513; x_wconf 78' lang='lat' dir='ltr'>consuetioculi</span> <span class='ocrx_word' id='word_1_19' title='bbox 3088 472 3209 513; x_wconf 85' lang='lat' dir='ltr'>non</span> <span class='ocrx_word' id='word_1_20' title='bbox 3230 471 3592 528; x_wconf 89' lang='lat' dir='ltr'>cognoscun-</span> 
     </span>
    </p>
   </div>
   <div class='ocr_carea' id='block_1_4' title="bbox 229 538 1842 613">
    <p class='ocr_par' dir='ltr' id='par_1_4' title="bbox 229 538 1842 613">
     <span class='ocr_line' id='line_1_4' title="bbox 229 538 1842 613; baseline -0.007 -10"><span class='ocrx_word' id='word_1_21' title='bbox 229 550 411 603; x_wconf 78' lang='lat' dir='ltr'>notum</span> <span class='ocrx_word' id='word_1_22' title='bbox 448 546 539 607; x_wconf 73' lang='lat' dir='ltr'>est,</span> <span class='ocrx_word' id='word_1_23' title='bbox 590 539 692 596; x_wconf 88' lang='lat' dir='ltr'>his</span> <span class='ocrx_word' id='word_1_24' title='bbox 744 540 827 596; x_wconf 91' lang='lat' dir='ltr'>de</span> <span class='ocrx_word' id='word_1_25' title='bbox 874 539 1036 598; x_wconf 79' lang='lat' dir='ltr'>vitiis</span> <span class='ocrx_word' id='word_1_26' title='bbox 1079 540 1514 613; x_wconf 87' lang='lat' dir='ltr'>pulcherrimas</span> <span class='ocrx_word' id='word_1_27' title='bbox 1541 538 1842 595; x_wconf 86' lang='lat' dir='ltr'>orationes</span> 
     </span>
    </p>
   </div>
   <div class='ocr_carea' id='block_1_5' title="bbox 238 629 1843 703">
    <p class='ocr_par' dir='ltr' id='par_1_5' title="bbox 238 629 1843 703">
     <span class='ocr_line' id='line_1_5' title="bbox 238 629 1843 703; baseline -0.003 -14"><span class='ocrx_word' id='word_1_28' title='bbox 238 634 423 694; x_wconf 76' lang='lat' dir='ltr'>habuit.</span> <span class='ocrx_word' id='word_1_29' title='bbox 445 631 565 687; x_wconf 81' lang='lat' dir='ltr'>Iino</span> <span class='ocrx_word' id='word_1_30' title='bbox 577 630 771 687; x_wconf 80' lang='lat' dir='ltr'>etiam</span> <span class='ocrx_word' id='word_1_31' title='bbox 785 630 838 686; x_wconf 88' lang='lat' dir='ltr'>si</span> <span class='ocrx_word' id='word_1_32' title='bbox 858 630 998 703; x_wconf 87' lang='lat' dir='ltr'>quis</span> <span class='ocrx_word' id='word_1_33' title='bbox 1023 629 1338 701; x_wconf 71' lang='lat' dir='ltr'>diligenter</span> <span class='ocrx_word' id='word_1_34' title='bbox 1357 630 1520 700; x_wconf 81' lang='lat' dir='ltr'>legat</span> <span class='ocrx_word' id='word_1_35' title='bbox 1543 644 1678 686; x_wconf 86' lang='lat' dir='ltr'>eam</span> <span class='ocrx_word' id='word_1_36' title='bbox 1704 643 1843 685; x_wconf 86' lang='lat' dir='ltr'>con-</span> 
     </span>
    </p>
   </div>
   <div class='ocr_carea' id='block_1_6' title="bbox 247 720 1846 789">
    <p class='ocr_par' dir='ltr' id='par_1_6' title="bbox 247 720 1846 789">
     <span class='ocr_line' id='line_1_6' title="bbox 247 720 1846 789; baseline -0.006 -7"><span class='ocrx_word' id='word_1_37' title='bbox 247 728 433 789; x_wconf 78' lang='lat' dir='ltr'>cionem,</span> <span class='ocrx_word' id='word_1_38' title='bbox 459 721 552 777; x_wconf 85' lang='lat' dir='ltr'>cui</span> <span class='ocrx_word' id='word_1_39' title='bbox 584 720 802 777; x_wconf 80' lang='lat' dir='ltr'>titulus</span> <span class='ocrx_word' id='word_1_40' title='bbox 833 724 925 776; x_wconf 86' lang='lat' dir='ltr'>est</span> <span class='ocrx_word' id='word_1_41' title='bbox 959 738 971 776; x_wconf 92' lang='lat'>:</span> <span class='ocrx_word' id='word_1_42' title='bbox 1006 721 1176 789; x_wconf 80' lang='lat' dir='ltr'>Quod</span> <span class='ocrx_word' id='word_1_43' title='bbox 1199 722 1350 777; x_wconf 76' lang='lat' dir='ltr'>Deus</span> <span class='ocrx_word' id='word_1_44' title='bbox 1373 734 1494 776; x_wconf 89' lang='lat' dir='ltr'>non</span> <span class='ocrx_word' id='word_1_45' title='bbox 1522 723 1607 776; x_wconf 89' lang='lat' dir='ltr'>est</span> <span class='ocrx_word' id='word_1_46' title='bbox 1633 724 1846 776; x_wconf 79' lang='lat' dir='ltr'>auctor</span> 
     </span>
    </p>
   </div>
   <div class='ocr_carea' id='block_1_7' title="bbox 246 806 1847 882">
    <p class='ocr_par' dir='ltr' id='par_1_7' title="bbox 246 806 1847 882">
     <span class='ocr_line' id='line_1_7' title="bbox 246 806 1847 882; baseline -0.004 -13"><span class='ocrx_word' id='word_1_47' title='bbox 246 813 489 872; x_wconf 68' lang='lat' dir='ltr'>natorum,</span> <span class='ocrx_word' id='word_1_48' title='bbox 523 809 673 865; x_wconf 88' lang='lat' dir='ltr'>inde</span> <span class='ocrx_word' id='word_1_49' title='bbox 712 823 965 882; x_wconf 84' lang='lat' dir='ltr'>quoque</span> <span class='ocrx_word' id='word_1_50' title='bbox 995 808 1225 882; x_wconf 86' lang='lat' dir='ltr'>aliquid</span> <span class='ocrx_word' id='word_1_51' title='bbox 1266 823 1618 882; x_wconf 82' lang='lat' dir='ltr'>expressum</span> <span class='ocrx_word' id='word_1_52' title='bbox 1664 806 1847 862; x_wconf 88' lang='lat' dir='ltr'>fuisse</span> 
     </span>
    </p>
   </div>
   <div class='ocr_carea' id='block_1_8' title="bbox 236 895 1850 975">
    <p class='ocr_par' dir='ltr' id='par_1_8' title="bbox 236 895 1850 975">
     <span class='ocr_line' id='line_1_8' title="bbox 236 895 1850 975; baseline -0.003 -19"><span class='ocrx_word' id='word_1_53' title='bbox 236 905 475 975; x_wconf 67' lang='lat' dir='ltr'>ignoscet.</span> <span class='ocrx_word' id='word_1_54' title='bbox 505 903 704 966; x_wconf 71' lang='lat' dir='ltr'>Nunc,</span> <span class='ocrx_word' id='word_1_55' title='bbox 736 900 806 954; x_wconf 86' lang='lat' dir='ltr'>ut</span> <span class='ocrx_word' id='word_1_56' title='bbox 836 912 911 954; x_wconf 84' lang='lat' dir='ltr'>ea</span> <span class='ocrx_word' id='word_1_57' title='bbox 937 897 1014 954; x_wconf 90' lang='lat' dir='ltr'>de</span> <span class='ocrx_word' id='word_1_58' title='bbox 1046 913 1112 954; x_wconf 86' lang='lat' dir='ltr'>re</span> <span class='ocrx_word' id='word_1_59' title='bbox 1152 897 1491 955; x_wconf 84' lang='lat' dir='ltr'>existimare</span> <span class='ocrx_word' id='word_1_60' title='bbox 1524 897 1740 970; x_wconf 87' lang='lat' dir='ltr'>cuique</span> <span class='ocrx_word' id='word_1_61' title='bbox 1782 895 1850 952; x_wconf 83' lang='lat' dir='ltr'>li-</span> 
     </span>
    </p>
   </div>
   <div class='ocr_carea' id='block_1_9' title="bbox 225 987 1850 1063">
    <p class='ocr_par' dir='ltr' id='par_1_9' title="bbox 225 987 1850 1063">
     <span class='ocr_line' id='line_1_9' title="bbox 225 987 1850 1063; baseline -0.004 -15"><span class='ocrx_word' id='word_1_62' title='bbox 225 990 647 1063; x_wconf 76' lang='lat' dir='ltr'>ceat,proferam</span> <span class='ocrx_word' id='word_1_63' title='bbox 663 989 873 1046; x_wconf 89' lang='lat' dir='ltr'>locum</span> <span class='ocrx_word' id='word_1_64' title='bbox 897 1003 1115 1055; x_wconf 86' lang='lat' dir='ltr'>unum,</span> <span class='ocrx_word' id='word_1_65' title='bbox 1136 1004 1209 1045; x_wconf 84' lang='lat' dir='ltr'>ex</span> <span class='ocrx_word' id='word_1_66' title='bbox 1229 1004 1352 1062; x_wconf 88' lang='lat' dir='ltr'>quo</span> <span class='ocrx_word' id='word_1_67' title='bbox 1364 987 1439 1044; x_wconf 91' lang='lat' dir='ltr'>de</span> <span class='ocrx_word' id='word_1_68' title='bbox 1457 988 1685 1045; x_wconf 64' lang='lat' dir='ltr'>castoris</span> <span class='ocrx_word' id='word_1_69' title='bbox 1708 1001 1850 1042; x_wconf 88' lang='lat' dir='ltr'>eon-</span> 
     </span>
    </p>
   </div>
   <div class='ocr_carea' id='block_1_10' title="bbox 211 1075 1851 1153">
    <p class='ocr_par' dir='ltr' id='par_1_10' title="bbox 211 1075 1851 1153">
     <span class='ocr_line' id='line_1_10' title="bbox 211 1075 1851 1153; baseline -0.002 -17"><span class='ocrx_word' id='word_1_70' title='bbox 211 1086 400 1153; x_wconf 71' lang='lat' dir='ltr'>jecturs</span> <span class='ocrx_word' id='word_1_71' title='bbox 442 1079 579 1136; x_wconf 81' lang='lat' dir='ltr'>ﬁeri</span> <span class='ocrx_word' id='word_1_72' title='bbox 641 1078 864 1151; x_wconf 83' lang='lat' dir='ltr'>possit.</span> <span class='ocrx_word' id='word_1_73' title='bbox 923 1082 1143 1134; x_wconf 80' lang='lat' dir='ltr'>Auctor</span> <span class='ocrx_word' id='word_1_74' title='bbox 1196 1078 1376 1149; x_wconf 82' lang='lat' dir='ltr'>igitur</span> <span class='ocrx_word' id='word_1_75' title='bbox 1438 1077 1524 1133; x_wconf 91' lang='lat' dir='ltr'>sic</span> <span class='ocrx_word' id='word_1_76' title='bbox 1584 1075 1851 1148; x_wconf 81' lang='lat' dir='ltr'>loquitur</span> 
     </span>
    </p>
   </div>
   <div class='ocr_carea' id='block_1_11' title="bbox 210 1164 1849 1243">
    <p class='ocr_par' dir='ltr' id='par_1_11' title="bbox 210 1164 1849 1243">
     <span class='ocr_line' id='line_1_11' title="bbox 210 1164 1849 1243; baseline -0.001 -18"><span class='ocrx_word' id='word_1_77' title='bbox 210 1169 340 1243; x_wconf 73' lang='lat' dir='ltr'>(pag.</span> <span class='ocrx_word' id='word_1_78' title='bbox 383 1174 512 1238; x_wconf 83' lang='lat'><strong>589)</strong></span> <span class='ocrx_word' id='word_1_79' title='bbox 542 1188 560 1226; x_wconf 85' lang='lat'><strong>:</strong></span> <span class='ocrx_word' id='word_1_80' title='bbox 626 1176 746 1231; x_wconf 83' lang='grc' dir='ltr'>Πῶς</span> <span class='ocrx_word' id='word_1_81' title='bbox 799 1166 1102 1240; x_wconf 74' lang='grc' dir='ltr'>ἀσχημονεῖ</span> <span class='ocrx_word' id='word_1_82' title='bbox 1134 1172 1160 1220; x_wconf 85' lang='grc' dir='ltr'><strong><em>ὁ</em></strong></span> <span class='ocrx_word' id='word_1_83' title='bbox 1193 1164 1482 1240; x_wconf 83' lang='grc' dir='ltr'><strong>θυμώδης;</strong></span> <span class='ocrx_word' id='word_1_84' title='bbox 1518 1169 1849 1224; x_wconf 75' lang='grc' dir='ltr'><strong>Ἀποτίθεται</strong></span> 
     </span>
    </p>
   </div>
   <div class='ocr_carea' id='block_1_12' title="bbox 206 1256 1849 1332">
    <p class='ocr_par' dir='ltr' id='par_1_12' title="bbox 206 1256 1849 1332">
     <span class='ocr_line' id='line_1_12' title="bbox 206 1256 1849 1332; baseline -0.002 -20"><span class='ocrx_word' id='word_1_85' title='bbox 206 1266 251 1313; x_wconf 77' lang='grc' dir='ltr'>τό</span> <span class='ocrx_word' id='word_1_86' title='bbox 294 1268 473 1332; x_wconf 64' lang='grc' dir='ltr'><strong>ο-χίμα</strong></span> <span class='ocrx_word' id='word_1_87' title='bbox 523 1263 587 1312; x_wconf 84' lang='grc' dir='ltr'>τό</span> <span class='ocrx_word' id='word_1_88' title='bbox 661 1261 1006 1332; x_wconf 77' lang='grc' dir='ltr'><strong>ἀνθρώπινον,</strong></span> <span class='ocrx_word' id='word_1_89' title='bbox 1071 1260 1255 1327; x_wconf 86' lang='grc' dir='ltr'><strong>θηρίου</strong></span> <span class='ocrx_word' id='word_1_90' title='bbox 1338 1266 1530 1330; x_wconf 80' lang='grc' dir='ltr'><strong>σχῆμα</strong></span> <span class='ocrx_word' id='word_1_91' title='bbox 1585 1256 1849 1330; x_wconf 85' lang='grc' dir='ltr'><strong>μεταλαμ-</strong></span> 
     </span>
    </p>
   </div>
   <div class='ocr_carea' id='block_1_13' title="bbox 202 1345 1848 1421">
    <p class='ocr_par' dir='ltr' id='par_1_13' title="bbox 202 1345 1848 1421">
     <span class='ocr_line' id='line_1_13' title="bbox 202 1345 1848 1421; baseline -0.003 -18"><span class='ocrx_word' id='word_1_92' title='bbox 202 1350 334 1403; x_wconf 64' lang='grc' dir='ltr'><strong>ϐάνει.</strong></span> <span class='ocrx_word' id='word_1_93' title='bbox 396 1351 683 1407; x_wconf 70' lang='grc' dir='ltr'><strong>Ἐννόησον</strong></span> <span class='ocrx_word' id='word_1_94' title='bbox 758 1352 845 1401; x_wconf 83' lang='grc' dir='ltr'>τόν</span> <span class='ocrx_word' id='word_1_95' title='bbox 927 1350 1265 1421; x_wconf 73' lang='grc' dir='ltr'>θυμούμενον·</span> <span class='ocrx_word' id='word_1_96' title='bbox 1326 1349 1563 1410; x_wconf 69' lang='grc' dir='ltr'><strong>ὶπέζεσεν</strong></span> <span class='ocrx_word' id='word_1_97' title='bbox 1616 1345 1759 1417; x_wconf 72' lang='grc' dir='ltr'><strong>αὐτῷ</strong></span> <span class='ocrx_word' id='word_1_98' title='bbox 1822 1348 1848 1398; x_wconf 85' lang='grc' dir='ltr'><strong><em>ὁ</em></strong></span> 
     </span>
    </p>
   </div>
   <div class='ocr_carea' id='block_1_14' title="bbox 202 1437 1848 1511">
    <p class='ocr_par' dir='ltr' id='par_1_14' title="bbox 202 1437 1848 1511">
     <span class='ocr_line' id='line_1_14' title="bbox 202 1437 1848 1511; baseline -0.003 -18"><span class='ocrx_word' id='word_1_99' title='bbox 202 1442 338 1511; x_wconf 67' lang='grc' dir='ltr'><strong>θυμός</strong></span> <span class='ocrx_word' id='word_1_100' title='bbox 385 1461 480 1491; x_wconf 72' lang='grc' dir='ltr'>και</span> <span class='ocrx_word' id='word_1_101' title='bbox 529 1442 586 1491; x_wconf 80' lang='grc' dir='ltr'>οἱ</span> <span class='ocrx_word' id='word_1_102' title='bbox 633 1438 901 1511; x_wconf 70' lang='grc' dir='ltr'><strong>ὀφθαλμοὶ</strong></span> <span class='ocrx_word' id='word_1_103' title='bbox 973 1437 1372 1509; x_wconf 77' lang='grc' dir='ltr'><strong>ὑπηλλάγησαν,</strong></span> <span class='ocrx_word' id='word_1_104' title='bbox 1454 1437 1547 1488; x_wconf 72' lang='grc' dir='ltr'><strong>οὐκ</strong></span> <span class='ocrx_word' id='word_1_105' title='bbox 1612 1440 1745 1488; x_wconf 86' lang='grc' dir='ltr'><strong>εισὶν</strong></span> <span class='ocrx_word' id='word_1_106' title='bbox 1800 1440 1848 1488; x_wconf 80' lang='grc' dir='ltr'>οἱ</span> 
     </span>
    </p>
   </div>
   <div class='ocr_carea' id='block_1_15' title="bbox 198 1519 1848 1600">
    <p class='ocr_par' dir='ltr' id='par_1_15' title="bbox 198 1519 1848 1600">
     <span class='ocr_line' id='line_1_15' title="bbox 198 1519 1848 1600; baseline -0.003 -19"><span class='ocrx_word' id='word_1_107' title='bbox 374 1527 668 1600; x_wconf 55' lang='grc' dir='ltr'><strong>ὀφθαλμοί·</strong></span> <span class='ocrx_word' id='word_1_108' title='bbox 726 1533 833 1600; x_wconf 74' lang='grc' dir='ltr'>πῦρ</span> <span class='ocrx_word' id='word_1_109' title='bbox 924 1525 1122 1599; x_wconf 74' lang='grc' dir='ltr'><strong>βλέπει,</strong></span> <span class='ocrx_word' id='word_1_110' title='bbox 1192 1519 1480 1597; x_wconf 72' lang='grc' dir='ltr'><strong>ἀνέδραμεν</strong></span> <span class='ocrx_word' id='word_1_111' title='bbox 1562 1524 1705 1596; x_wconf 74' lang='grc' dir='ltr'><strong>αὐτῷ</strong></span> <span class='ocrx_word' id='word_1_112' title='bbox 1790 1528 1848 1576; x_wconf 83' lang='grc' dir='ltr'><strong>τὸ</strong></span> 
     </span>
    </p>
   </div>
   <div class='ocr_carea' id='block_1_16' title="bbox 196 1612 1848 1691">
    <p class='ocr_par' dir='ltr' id='par_1_16' title="bbox 196 1612 1848 1691">
     <span class='ocr_line' id='line_1_16' title="bbox 196 1612 1848 1691; baseline -0.001 -22"><span class='ocrx_word' id='word_1_113' title='bbox 196 1617 323 1690; x_wconf 47' lang='lat' dir='ltr'>nilus,</span> <span class='ocrx_word' id='word_1_114' title='bbox 362 1621 641 1691; x_wconf 71' lang='grc' dir='ltr'><strong>περιέζεσε</strong></span> <span class='ocrx_word' id='word_1_115' title='bbox 690 1620 791 1675; x_wconf 74' lang='grc' dir='ltr'><strong>τὴν</strong></span> <span class='ocrx_word' id='word_1_116' title='bbox 843 1613 1088 1689; x_wconf 77' lang='grc' dir='ltr'>καρδίαν,</span> <span class='ocrx_word' id='word_1_117' title='bbox 1131 1612 1400 1690; x_wconf 75' lang='grc' dir='ltr'>ὑπέδραμε</span> <span class='ocrx_word' id='word_1_118' title='bbox 1449 1618 1570 1677; x_wconf 84' lang='grc' dir='ltr'><strong>τούς</strong></span> <span class='ocrx_word' id='word_1_119' title='bbox 1618 1623 1848 1686; x_wconf 78' lang='grc' dir='ltr'>χιτῶνας</span> 
     </span>
    </p>
   </div>
   <div class='ocr_carea' id='block_1_17' title="bbox 199 1705 1849 1780">
    <p class='ocr_par' dir='ltr' id='par_1_17' title="bbox 199 1705 1849 1780">
     <span class='ocr_line' id='line_1_17' title="bbox 199 1705 1849 1780; baseline 0 -21"><span class='ocrx_word' id='word_1_120' title='bbox 199 1717 279 1759; x_wconf 74' lang='grc' dir='ltr'><strong>τῶν</strong></span> <span class='ocrx_word' id='word_1_121' title='bbox 321 1708 620 1780; x_wconf 60' lang='grc' dir='ltr'><strong>ὀφθαλμῶν,</strong></span> <span class='ocrx_word' id='word_1_122' title='bbox 684 1710 883 1779; x_wconf 70' lang='grc' dir='ltr'><strong>ὶγένετο</strong></span> <span class='ocrx_word' id='word_1_123' title='bbox 952 1705 1175 1778; x_wconf 77' lang='grc' dir='ltr'><strong>ὒφαιμος</strong></span> <span class='ocrx_word' id='word_1_124' title='bbox 1247 1710 1493 1780; x_wconf 81' lang='grc' dir='ltr'><strong>έγχωρῶν</strong></span> <span class='ocrx_word' id='word_1_125' title='bbox 1566 1724 1640 1777; x_wconf 81' lang='grc' dir='ltr'><strong>τῳ</strong></span> <span class='ocrx_word' id='word_1_126' title='bbox 1695 1707 1849 1761; x_wconf 78' lang='grc' dir='ltr'><strong>πάθει</strong></span> 
     </span>
    </p>
   </div>
   <div class='ocr_carea' id='block_1_18' title="bbox 1955 542 3590 621">
    <p class='ocr_par' dir='ltr' id='par_1_18' title="bbox 1955 542 3590 621">
     <span class='ocr_line' id='line_1_18' title="bbox 1955 542 3590 621; baseline 0.004 -26"><span class='ocrx_word' id='word_1_127' title='bbox 1955 547 2077 609; x_wconf 89' lang='lat' dir='ltr'>tur,</span> <span class='ocrx_word' id='word_1_128' title='bbox 2134 542 2419 612; x_wconf 78' lang='lat' dir='ltr'>efferatus</span> <span class='ocrx_word' id='word_1_129' title='bbox 2450 549 2535 601; x_wconf 90' lang='lat' dir='ltr'>est</span> <span class='ocrx_word' id='word_1_130' title='bbox 2564 552 2856 615; x_wconf 88' lang='lat' dir='ltr'>aspectus,</span> <span class='ocrx_word' id='word_1_131' title='bbox 2882 553 3062 619; x_wconf 82' lang='lat' dir='ltr'>atque</span> <span class='ocrx_word' id='word_1_132' title='bbox 3081 548 3218 621; x_wconf 89' lang='lat' dir='ltr'>igne</span> <span class='ocrx_word' id='word_1_133' title='bbox 3224 550 3359 619; x_wconf 88' lang='lat' dir='ltr'>jam</span> <span class='ocrx_word' id='word_1_134' title='bbox 3389 547 3590 604; x_wconf 81' lang='lat' dir='ltr'>micat.</span> 
     </span>
    </p>
   </div>
   <div class='ocr_carea' id='block_1_19' title="bbox 1954 632 3595 703">
    <p class='ocr_par' dir='ltr' id='par_1_19' title="bbox 1954 632 3595 703">
     <span class='ocr_line' id='line_1_19' title="bbox 1954 632 3595 703; baseline 0.004 -17"><span class='ocrx_word' id='word_1_135' title='bbox 1954 632 2109 699; x_wconf 80' lang='lat' dir='ltr'>Quin</span> <span class='ocrx_word' id='word_1_136' title='bbox 2135 638 2191 688; x_wconf 92' lang='lat' dir='ltr'>et</span> <span class='ocrx_word' id='word_1_137' title='bbox 2217 636 2621 703; x_wconf 80' lang='lat' dir='ltr'>grassantium</span> <span class='ocrx_word' id='word_1_138' title='bbox 2652 652 2824 692; x_wconf 90' lang='lat' dir='ltr'>suum</span> <span class='ocrx_word' id='word_1_139' title='bbox 2846 653 3010 694; x_wconf 90' lang='lat' dir='ltr'>more</span> <span class='ocrx_word' id='word_1_140' title='bbox 3032 639 3235 695; x_wconf 84' lang='lat' dir='ltr'>dentes</span> <span class='ocrx_word' id='word_1_141' title='bbox 3264 638 3448 695; x_wconf 90' lang='lat' dir='ltr'>acuit.</span> <span class='ocrx_word' id='word_1_142' title='bbox 3480 638 3595 693; x_wconf 88' lang='lat' dir='ltr'>Fa-</span> 
     </span>
    </p>
   </div>
   <div class='ocr_carea' id='block_1_20' title="bbox 1953 722 3595 797">
    <p class='ocr_par' dir='ltr' id='par_1_20' title="bbox 1953 722 3595 797">
     <span class='ocr_line' id='line_1_20' title="bbox 1953 722 3595 797; baseline 0.003 -20"><span class='ocrx_word' id='word_1_143' title='bbox 1953 722 2068 778; x_wconf 84' lang='lat' dir='ltr'>cies</span> <span class='ocrx_word' id='word_1_144' title='bbox 2095 733 2183 778; x_wconf 85' lang='lat' dir='ltr'>est</span> <span class='ocrx_word' id='word_1_145' title='bbox 2205 724 2393 780; x_wconf 86' lang='lat' dir='ltr'>livida</span> <span class='ocrx_word' id='word_1_146' title='bbox 2416 730 2467 781; x_wconf 90' lang='lat' dir='ltr'>et</span> <span class='ocrx_word' id='word_1_147' title='bbox 2488 728 2782 796; x_wconf 74' lang='lat' dir='ltr'>sanguine</span> <span class='ocrx_word' id='word_1_148' title='bbox 2802 728 3125 797; x_wconf 68' lang='lat' dir='ltr'>suffusa...</span> <span class='ocrx_word' id='word_1_149' title='bbox 3150 726 3306 784; x_wconf 89' lang='lat' dir='ltr'>Nam</span> <span class='ocrx_word' id='word_1_150' title='bbox 3328 730 3391 783; x_wconf 85' lang='lat' dir='ltr'>in</span> <span class='ocrx_word' id='word_1_151' title='bbox 3418 726 3595 784; x_wconf 89' lang='lat' dir='ltr'>malis</span> 
     </span>
    </p>
   </div>
   <div class='ocr_carea' id='block_1_21' title="bbox 1952 813 3595 887">
    <p class='ocr_par' dir='ltr' id='par_1_21' title="bbox 1952 813 3595 887">
     <span class='ocr_line' id='line_1_21' title="bbox 1952 813 3595 887; baseline 0.004 -22"><span class='ocrx_word' id='word_1_152' title='bbox 1952 824 2173 881; x_wconf 76' lang='lat' dir='ltr'>pugnis</span> <span class='ocrx_word' id='word_1_153' title='bbox 2204 813 2483 869; x_wconf 76' lang='lat' dir='ltr'>miserior</span> <span class='ocrx_word' id='word_1_154' title='bbox 2511 820 2597 871; x_wconf 89' lang='lat' dir='ltr'>est</span> <span class='ocrx_word' id='word_1_155' title='bbox 2623 815 2730 887; x_wconf 91' lang='lat' dir='ltr'>qui</span> <span class='ocrx_word' id='word_1_156' title='bbox 2757 817 2964 872; x_wconf 88' lang='lat' dir='ltr'>vincit.</span> <span class='ocrx_word' id='word_1_157' title='bbox 2994 819 3127 873; x_wconf 72' lang='lat' dir='ltr'>Haec</span> <span class='ocrx_word' id='word_1_158' title='bbox 3160 821 3364 873; x_wconf 89' lang='lat' dir='ltr'>autem</span> <span class='ocrx_word' id='word_1_159' title='bbox 3404 830 3477 872; x_wconf 90' lang='lat' dir='ltr'>eo</span> <span class='ocrx_word' id='word_1_160' title='bbox 3506 829 3595 871; x_wconf 84' lang='lat' dir='ltr'>re-</span> 
     </span>
    </p>
   </div>
   <div class='ocr_carea' id='block_1_22' title="bbox 1957 898 3596 978">
    <p class='ocr_par' dir='ltr' id='par_1_22' title="bbox 1957 898 3596 978">
     <span class='ocr_line' id='line_1_22' title="bbox 1957 898 3596 978; baseline 0.003 -24"><span class='ocrx_word' id='word_1_161' title='bbox 1957 898 2060 955; x_wconf 86' lang='lat' dir='ltr'>tuli</span> <span class='ocrx_word' id='word_1_162' title='bbox 2077 900 2260 971; x_wconf 82' lang='lat' dir='ltr'>paulo</span> <span class='ocrx_word' id='word_1_163' title='bbox 2279 901 2489 973; x_wconf 84' lang='lat' dir='ltr'>fusius,</span> <span class='ocrx_word' id='word_1_164' title='bbox 2505 919 2577 959; x_wconf 91' lang='lat' dir='ltr'>ne</span> <span class='ocrx_word' id='word_1_165' title='bbox 2599 904 2734 977; x_wconf 88' lang='lat' dir='ltr'>quis</span> <span class='ocrx_word' id='word_1_166' title='bbox 2750 906 3066 960; x_wconf 78' lang='lat' dir='ltr'>miraretur</span> <span class='ocrx_word' id='word_1_167' title='bbox 3080 904 3246 978; x_wconf 88' lang='lat' dir='ltr'>quod</span> <span class='ocrx_word' id='word_1_168' title='bbox 3262 905 3390 961; x_wconf 62' lang='lat' dir='ltr'>hinc</span> <span class='ocrx_word' id='word_1_169' title='bbox 3405 903 3596 961; x_wconf 82' lang='lat' dir='ltr'>oratio</span> 
     </span>
    </p>
   </div>
   <div class='ocr_carea' id='block_1_23' title="bbox 1956 986 3601 1061">
    <p class='ocr_par' dir='ltr' id='par_1_23' title="bbox 1956 986 3601 1061">
     <span class='ocr_line' id='line_1_23' title="bbox 1956 986 3601 1061; baseline 0.003 -19"><span class='ocrx_word' id='word_1_170' title='bbox 1956 986 2107 1044; x_wconf 88' lang='lat' dir='ltr'>inter</span> <span class='ocrx_word' id='word_1_171' title='bbox 2132 1004 2303 1047; x_wconf 82' lang='lat' dir='ltr'>veras</span> <span class='ocrx_word' id='word_1_172' title='bbox 2325 1005 2396 1046; x_wconf 92' lang='lat' dir='ltr'>ac</span> <span class='ocrx_word' id='word_1_173' title='bbox 2426 1006 2747 1061; x_wconf 88' lang='lat' dir='ltr'>germanas</span> <span class='ocrx_word' id='word_1_174' title='bbox 2776 993 2969 1050; x_wconf 84' lang='lat' dir='ltr'>Basilii</span> <span class='ocrx_word' id='word_1_175' title='bbox 2992 993 3294 1050; x_wconf 87' lang='lat' dir='ltr'>orationes</span> <span class='ocrx_word' id='word_1_176' title='bbox 3314 994 3377 1049; x_wconf 91' lang='lat' dir='ltr'>in</span> <span class='ocrx_word' id='word_1_177' title='bbox 3398 992 3601 1049; x_wconf 52' lang='lat' dir='ltr'>omnia</span> 
     </span>
    </p>
   </div>
   <div class='ocr_carea' id='block_1_24' title="bbox 1955 1076 3600 1152">
    <p class='ocr_par' dir='ltr' id='par_1_24' title="bbox 1955 1076 3600 1152">
     <span class='ocr_line' id='line_1_24' title="bbox 1955 1076 3600 1152; baseline 0.002 -19"><span class='ocrx_word' id='word_1_178' title='bbox 1955 1076 2073 1133; x_wconf 85' lang='lat' dir='ltr'>bus</span> <span class='ocrx_word' id='word_1_179' title='bbox 2102 1076 2268 1134; x_wconf 86' lang='lat' dir='ltr'>libris</span> <span class='ocrx_word' id='word_1_180' title='bbox 2288 1080 2486 1152; x_wconf 88' lang='lat' dir='ltr'>posita</span> <span class='ocrx_word' id='word_1_181' title='bbox 2517 1081 2608 1137; x_wconf 89' lang='lat' dir='ltr'>sit.</span> <span class='ocrx_word' id='word_1_182' title='bbox 2635 1084 2783 1139; x_wconf 87' lang='lat' dir='ltr'>Cum</span> <span class='ocrx_word' id='word_1_183' title='bbox 2806 1082 2965 1139; x_wconf 89' lang='lat' dir='ltr'>enim</span> <span class='ocrx_word' id='word_1_184' title='bbox 2988 1081 3600 1139; x_wconf 78' lang='lat' dir='ltr'>anidmadvertis’sent</span> 
     </span>
    </p>
   </div>
   <div class='ocr_carea' id='block_1_25' title="bbox 1955 1166 3602 1245">
    <p class='ocr_par' dir='ltr' id='par_1_25' title="bbox 1955 1166 3602 1245">
     <span class='ocr_line' id='line_1_25' title="bbox 1955 1166 3602 1245; baseline 0.001 -21"><span class='ocrx_word' id='word_1_185' title='bbox 1955 1166 2203 1236; x_wconf 86' lang='lat' dir='ltr'>librarii,</span> <span class='ocrx_word' id='word_1_186' title='bbox 2239 1169 2431 1227; x_wconf 88' lang='lat' dir='ltr'>multa</span> <span class='ocrx_word' id='word_1_187' title='bbox 2458 1169 2520 1226; x_wconf 88' lang='lat' dir='ltr'>in</span> <span class='ocrx_word' id='word_1_188' title='bbox 2550 1185 2622 1227; x_wconf 90' lang='lat' dir='ltr'>ea</span> <span class='ocrx_word' id='word_1_189' title='bbox 2659 1171 2925 1244; x_wconf 85' lang='lat' dir='ltr'>reperiri,</span> <span class='ocrx_word' id='word_1_190' title='bbox 2959 1187 3096 1245; x_wconf 63' lang='lat' dir='ltr'>quan</span> <span class='ocrx_word' id='word_1_191' title='bbox 3126 1171 3189 1227; x_wconf 90' lang='lat' dir='ltr'>in</span> <span class='ocrx_word' id='word_1_192' title='bbox 3219 1169 3412 1227; x_wconf 79' lang='lat' dir='ltr'>Basilii</span> <span class='ocrx_word' id='word_1_193' title='bbox 3451 1184 3602 1226; x_wconf 81' lang='lat' dir='ltr'>eon-</span> 
     </span>
    </p>
   </div>
   <div class='ocr_carea' id='block_1_26' title="bbox 1958 1258 3598 1332">
    <p class='ocr_par' dir='ltr' id='par_1_26' title="bbox 1958 1258 3598 1332">
     <span class='ocr_line' id='line_1_26' title="bbox 1958 1258 3598 1332; baseline 0.001 -17"><span class='ocrx_word' id='word_1_194' title='bbox 1958 1258 2230 1316; x_wconf 89' lang='lat' dir='ltr'>cionibus</span> <span class='ocrx_word' id='word_1_195' title='bbox 2247 1260 2669 1332; x_wconf 86' lang='lat' dir='ltr'>reperirentur,</span> <span class='ocrx_word' id='word_1_196' title='bbox 2686 1262 2858 1319; x_wconf 85' lang='lat' dir='ltr'>facile</span> <span class='ocrx_word' id='word_1_197' title='bbox 2875 1258 3121 1318; x_wconf 86' lang='lat' dir='ltr'>adducti</span> <span class='ocrx_word' id='word_1_198' title='bbox 3136 1265 3295 1327; x_wconf 89' lang='lat' dir='ltr'>sunt,</span> <span class='ocrx_word' id='word_1_199' title='bbox 3316 1264 3377 1315; x_wconf 85' lang='lat' dir='ltr'>ut</span> <span class='ocrx_word' id='word_1_200' title='bbox 3396 1260 3598 1332; x_wconf 85' lang='lat' dir='ltr'>ipsam</span> 
     </span>
    </p>
   </div>
   <div class='ocr_carea' id='block_1_27' title="bbox 1956 1345 3277 1425">
    <p class='ocr_par' dir='ltr' id='par_1_27' title="bbox 1956 1345 3277 1425">
     <span class='ocr_line' id='line_1_27' title="bbox 1956 1345 3277 1425; baseline 0.002 -21"><span class='ocrx_word' id='word_1_201' title='bbox 1956 1348 2110 1404; x_wconf 87' lang='lat' dir='ltr'>inter</span> <span class='ocrx_word' id='word_1_202' title='bbox 2139 1346 2404 1418; x_wconf 86' lang='lat' dir='ltr'>genuina</span> <span class='ocrx_word' id='word_1_203' title='bbox 2434 1346 2594 1407; x_wconf 82' lang='lat' dir='ltr'>illius</span> <span class='ocrx_word' id='word_1_204' title='bbox 2634 1351 2857 1425; x_wconf 87' lang='lat' dir='ltr'>scripta</span> <span class='ocrx_word' id='word_1_205' title='bbox 2895 1345 3277 1408; x_wconf 65' lang='lat' dir='ltr'>collocarent.</span> 
     </span>
    </p>
   </div>
   <div class='ocr_carea' id='block_1_28' title="bbox 1954 1438 3588 1513">
    <p class='ocr_par' dir='ltr' id='par_1_28' title="bbox 1954 1438 3588 1513">
     <span class='ocr_line' id='line_1_28' title="bbox 1954 1438 3588 1513; baseline 0.002 -20"><span class='ocrx_word' id='word_1_206' title='bbox 1954 1440 1983 1507; x_wconf 68' lang='grc' dir='ltr'>ς</span> <span class='ocrx_word' id='word_1_207' title='bbox 2000 1441 2060 1494; x_wconf 85' lang='grc' dir='ltr'>ν.</span> <span class='ocrx_word' id='word_1_208' title='bbox 2083 1441 2164 1497; x_wconf 91' lang='lat' dir='ltr'>De</span> <span class='ocrx_word' id='word_1_209' title='bbox 2176 1438 2421 1497; x_wconf 87' lang='lat' dir='ltr'>homilia</span> <span class='ocrx_word' id='word_1_210' title='bbox 2436 1443 2501 1497; x_wconf 90' lang='lat' dir='ltr'>in</span> <span class='ocrx_word' id='word_1_211' title='bbox 2521 1440 2851 1499; x_wconf 82' lang='lat' dir='ltr'>humanam</span> <span class='ocrx_word' id='word_1_212' title='bbox 2872 1442 3103 1498; x_wconf 78' lang='lat' dir='ltr'>Christi</span> <span class='ocrx_word' id='word_1_213' title='bbox 3116 1441 3588 1513; x_wconf 71' lang='lat' dir='ltr'>generationem.</span> 
     </span>
    </p>
   </div>
   <div class='ocr_carea' id='block_1_29' title="bbox 2031 1528 3596 1603">
    <p class='ocr_par' dir='ltr' id='par_1_29' title="bbox 2031 1528 3596 1603">
     <span class='ocr_line' id='line_1_29' title="bbox 2031 1528 3596 1603; baseline 0 -19"><span class='ocrx_word' id='word_1_214' title='bbox 2031 1533 2115 1584; x_wconf 74' lang='lat'>16.</span> <span class='ocrx_word' id='word_1_215' title='bbox 2150 1529 2488 1603; x_wconf 82' lang='lat' dir='ltr'>Antequam</span> <span class='ocrx_word' id='word_1_216' title='bbox 2518 1531 2894 1588; x_wconf 88' lang='lat' dir='ltr'>eruditorum</span> <span class='ocrx_word' id='word_1_217' title='bbox 2932 1532 3007 1588; x_wconf 90' lang='lat' dir='ltr'>de</span> <span class='ocrx_word' id='word_1_218' title='bbox 3032 1532 3147 1588; x_wconf 87' lang='lat' dir='ltr'>hac</span> <span class='ocrx_word' id='word_1_219' title='bbox 3178 1529 3446 1587; x_wconf 81' lang='lat' dir='ltr'>oratione</span> <span class='ocrx_word' id='word_1_220' title='bbox 3474 1528 3596 1602; x_wconf 89' lang='lat' dir='ltr'>opi-</span> 
     </span>
    </p>
   </div>
   <div class='ocr_carea' id='block_1_30' title="bbox 1955 1617 3597 1693">
    <p class='ocr_par' dir='ltr' id='par_1_30' title="bbox 1955 1617 3597 1693">
     <span class='ocr_line' id='line_1_30' title="bbox 1955 1617 3597 1693; baseline 0 -20"><span class='ocrx_word' id='word_1_221' title='bbox 1955 1617 2168 1674; x_wconf 90' lang='lat' dir='ltr'>niones</span> <span class='ocrx_word' id='word_1_222' title='bbox 2190 1618 2541 1691; x_wconf 83' lang='lat' dir='ltr'>referamus,</span> <span class='ocrx_word' id='word_1_223' title='bbox 2565 1620 2674 1677; x_wconf 90' lang='lat' dir='ltr'>abs</span> <span class='ocrx_word' id='word_1_224' title='bbox 2693 1636 2755 1677; x_wconf 88' lang='lat' dir='ltr'>re</span> <span class='ocrx_word' id='word_1_225' title='bbox 2776 1635 2900 1677; x_wconf 91' lang='lat' dir='ltr'>non</span> <span class='ocrx_word' id='word_1_226' title='bbox 2926 1620 3034 1678; x_wconf 86' lang='lat' dir='ltr'>erit</span> <span class='ocrx_word' id='word_1_227' title='bbox 3053 1621 3262 1693; x_wconf 87' lang='lat' dir='ltr'>paucis</span> <span class='ocrx_word' id='word_1_228' title='bbox 3284 1618 3597 1685; x_wconf 78' lang='lat' dir='ltr'>adnotare,</span> 
     </span>
    </p>
   </div>
   <div class='ocr_carea' id='block_1_31' title="bbox 1957 1706 3603 1781">
    <p class='ocr_par' dir='ltr' id='par_1_31' title="bbox 1957 1706 3603 1781">
     <span class='ocr_line' id='line_1_31' title="bbox 1957 1706 3603 1781; baseline 0 -19"><span class='ocrx_word' id='word_1_229' title='bbox 1957 1722 2091 1780; x_wconf 78' lang='lat' dir='ltr'>quae</span> <span class='ocrx_word' id='word_1_230' title='bbox 2119 1706 2296 1764; x_wconf 89' lang='lat' dir='ltr'>nobis</span> <span class='ocrx_word' id='word_1_231' title='bbox 2324 1708 2387 1764; x_wconf 90' lang='lat' dir='ltr'>in</span> <span class='ocrx_word' id='word_1_232' title='bbox 2408 1724 2479 1766; x_wconf 88' lang='lat' dir='ltr'>ea</span> <span class='ocrx_word' id='word_1_233' title='bbox 2496 1709 2646 1766; x_wconf 86' lang='lat' dir='ltr'>scitu</span> <span class='ocrx_word' id='word_1_234' title='bbox 2671 1709 2858 1781; x_wconf 83' lang='lat' dir='ltr'>digna</span> <span class='ocrx_word' id='word_1_235' title='bbox 2878 1711 3008 1766; x_wconf 85' lang='lat' dir='ltr'>visa</span> <span class='ocrx_word' id='word_1_236' title='bbox 3033 1713 3189 1766; x_wconf 89' lang='lat' dir='ltr'>sunt.</span> <span class='ocrx_word' id='word_1_237' title='bbox 3210 1707 3473 1764; x_wconf 81' lang='lat' dir='ltr'>Primum</span> <span class='ocrx_word' id='word_1_238' title='bbox 3494 1706 3603 1778; x_wconf 79' lang='lat' dir='ltr'>igi-</span> 
     </span>
    </p>
   </div>
   <div class='ocr_carea' id='block_1_32' title="bbox 205 1792 1852 1872">
    <p class='ocr_par' dir='ltr' id='par_1_32' title="bbox 205 1792 1849 1869">
     <span class='ocr_line' id='line_1_32' title="bbox 205 1792 1849 1869; baseline -0.004 -15"><span class='ocrx_word' id='word_1_239' title='bbox 205 1797 461 1854; x_wconf 69' lang='grc' dir='ltr'><strong>ἑλλοίοιπν</strong></span> <span class='ocrx_word' id='word_1_240' title='bbox 507 1798 683 1850; x_wconf 65' lang='grc' dir='ltr'><strong>αὐταῦ</strong></span> <span class='ocrx_word' id='word_1_241' title='bbox 726 1801 849 1859; x_wconf 83' lang='grc' dir='ltr'><strong>τοὺς</strong></span> <span class='ocrx_word' id='word_1_242' title='bbox 897 1795 1219 1869; x_wconf 69' lang='grc' dir='ltr'><strong>ὀφθαλμούς.</strong></span> <span class='ocrx_word' id='word_1_243' title='bbox 1261 1795 1411 1868; x_wconf 83' lang='grc' dir='ltr'><strong>Ἀνὴρ</strong></span> <span class='ocrx_word' id='word_1_244' title='bbox 1458 1792 1708 1868; x_wconf 78' lang='grc' dir='ltr'>θυμώδης</span> <span class='ocrx_word' id='word_1_245' title='bbox 1757 1796 1849 1848; x_wconf 70' lang='grc' dir='ltr'><strong>οὐκ</strong></span> 
     </span>
    </p>
   </div>
   <div class='ocr_carea' id='block_1_33' title="bbox 1961 1792 3605 1872">
    <p class='ocr_par' dir='ltr' id='par_1_33' title="bbox 1961 1797 3605 1872">
     <span class='ocr_line' id='line_1_33' title="bbox 1961 1797 3605 1872; baseline 0 -20"><span class='ocrx_word' id='word_1_246' title='bbox 1961 1800 2054 1853; x_wconf 85' lang='lat' dir='ltr'>tur</span> <span class='ocrx_word' id='word_1_247' title='bbox 2078 1797 2350 1870; x_wconf 85' lang='lat' dir='ltr'>scriptor,</span> <span class='ocrx_word' id='word_1_248' title='bbox 2372 1800 2719 1872; x_wconf 89' lang='lat' dir='ltr'>quicunque</span> <span class='ocrx_word' id='word_1_249' title='bbox 2748 1800 2844 1856; x_wconf 87' lang='lat' dir='ltr'>ille</span> <span class='ocrx_word' id='word_1_250' title='bbox 2873 1800 3000 1865; x_wconf 84' lang='lat' dir='ltr'>fuit,</span> <span class='ocrx_word' id='word_1_251' title='bbox 3025 1799 3245 1856; x_wconf 87' lang='lat' dir='ltr'>multas</span> <span class='ocrx_word' id='word_1_252' title='bbox 3268 1797 3438 1855; x_wconf 76' lang='lat' dir='ltr'>aﬂ’ert</span> <span class='ocrx_word' id='word_1_253' title='bbox 3467 1804 3605 1853; x_wconf 58' lang='lat' dir='ltr'>caue</span> 
     </span>
    </p>
   </div>
   <div class='ocr_carea' id='block_1_34' title="bbox 204 1882 1849 1960">
    <p class='ocr_par' dir='ltr' id='par_1_34' title="bbox 204 1882 1849 1960">
     <span class='ocr_line' id='line_1_34' title="bbox 204 1882 1849 1960; baseline -0.001 -21"><span class='ocrx_word' id='word_1_254' title='bbox 204 1888 476 1960; x_wconf 59' lang='grc' dir='ltr'><strong>εὐσχήμων.</strong></span> <span class='ocrx_word' id='word_1_255' title='bbox 546 1890 682 1940; x_wconf 77' lang='grc' dir='ltr'>Ἕὰν</span> <span class='ocrx_word' id='word_1_256' title='bbox 742 1883 871 1959; x_wconf 72' lang='grc' dir='ltr'><strong>ἴδῃς</strong></span> <span class='ocrx_word' id='word_1_257' title='bbox 926 1889 1016 1938; x_wconf 84' lang='grc' dir='ltr'><strong>τὸν</strong></span> <span class='ocrx_word' id='word_1_258' title='bbox 1075 1886 1397 1958; x_wconf 79' lang='grc' dir='ltr'>θυμούμενον</span> <span class='ocrx_word' id='word_1_259' title='bbox 1454 1889 1575 1948; x_wconf 80' lang='grc' dir='ltr'><strong>τοὺς</strong></span> <span class='ocrx_word' id='word_1_260' title='bbox 1630 1882 1849 1949; x_wconf 75' lang='grc' dir='ltr'>ὀδόντας</span> 
     </span>
    </p>
   </div>
   <div class='ocr_carea' id='block_1_35' title="bbox 206 1975 1848 2052">
    <p class='ocr_par' dir='ltr' id='par_1_35' title="bbox 206 1975 1848 2052">
     <span class='ocr_line' id='line_1_35' title="bbox 206 1975 1848 2052; baseline 0.002 -25"><span class='ocrx_word' id='word_1_261' title='bbox 206 1981 567 2052; x_wconf 53' lang='grc' dir='ltr'><strong>κριθή-νοντα,</strong></span> <span class='ocrx_word' id='word_1_262' title='bbox 615 1976 952 2048; x_wconf 73' lang='grc' dir='ltr'>ἐνθυμήθητι</span> <span class='ocrx_word' id='word_1_263' title='bbox 996 1975 1077 2027; x_wconf 84' lang='grc' dir='ltr'>ὃτι</span> <span class='ocrx_word' id='word_1_264' title='bbox 1123 1977 1211 2027; x_wconf 77' lang='grc' dir='ltr'><strong>συὶ</strong></span> <span class='ocrx_word' id='word_1_265' title='bbox 1252 1977 1412 2027; x_wconf 84' lang='grc' dir='ltr'><strong>ἔοικεν</strong></span> <span class='ocrx_word' id='word_1_266' title='bbox 1456 1975 1481 2025; x_wconf 87' lang='grc' dir='ltr'>ό</span> <span class='ocrx_word' id='word_1_267' title='bbox 1520 1981 1848 2037; x_wconf 85' lang='grc' dir='ltr'><strong>τοιοῦτος....</strong></span> 
     </span>
    </p>
   </div>
   <div class='ocr_carea' id='block_1_36' title="bbox 216 2064 1847 2140">
    <p class='ocr_par' dir='ltr' id='par_1_36' title="bbox 216 2064 1847 2140">
     <span class='ocr_line' id='line_1_36' title="bbox 216 2064 1847 2140; baseline -0.001 -20"><span class='ocrx_word' id='word_1_268' title='bbox 216 2069 289 2120; x_wconf 64' lang='grc' dir='ltr'>ἐὰν</span> <span class='ocrx_word' id='word_1_269' title='bbox 333 2066 448 2140; x_wconf 62' lang='grc' dir='ltr'><strong>8ης</strong></span> <span class='ocrx_word' id='word_1_270' title='bbox 481 2070 575 2120; x_wconf 80' lang='grc' dir='ltr'>τόν</span> <span class='ocrx_word' id='word_1_271' title='bbox 629 2070 964 2140; x_wconf 72' lang='grc' dir='ltr'><strong>θυμούμενον</strong></span> <span class='ocrx_word' id='word_1_272' title='bbox 1001 2069 1196 2139; x_wconf 82' lang='grc' dir='ltr'><strong>πατρὸς</strong></span> <span class='ocrx_word' id='word_1_273' title='bbox 1370 2064 1847 2139; x_wconf 74' lang='grc' dir='ltr'>ἐπιλανθανόμενον,</span> 
     </span>
    </p>
   </div>
   <div class='ocr_carea' id='block_1_37' title="bbox 222 2155 1847 2229">
    <p class='ocr_par' dir='ltr' id='par_1_37' title="bbox 222 2155 1847 2229">
     <span class='ocr_line' id='line_1_37' title="bbox 222 2155 1847 2229; baseline 0.001 -21"><span class='ocrx_word' id='word_1_274' title='bbox 222 2155 379 2219; x_wconf 70' lang='grc' dir='ltr'><strong>παιδός</strong></span> <span class='ocrx_word' id='word_1_275' title='bbox 394 2155 761 2229; x_wconf 70' lang='grc' dir='ltr'><strong>δέἆγνοοῦντα</strong></span> <span class='ocrx_word' id='word_1_276' title='bbox 784 2163 1031 2228; x_wconf 82' lang='grc' dir='ltr'><strong>σῶμα....</strong></span> <span class='ocrx_word' id='word_1_277' title='bbox 1056 2158 1140 2207; x_wconf 78' lang='grc' dir='ltr'><strong>καὶ</strong></span> <span class='ocrx_word' id='word_1_278' title='bbox 1158 2158 1331 2227; x_wconf 84' lang='grc' dir='ltr'><strong>γέγονε</strong></span> <span class='ocrx_word' id='word_1_279' title='bbox 1349 2163 1520 2207; x_wconf 84' lang='grc' dir='ltr'><strong>κακῶν</strong></span> <span class='ocrx_word' id='word_1_280' title='bbox 1543 2155 1847 2227; x_wconf 80' lang='grc' dir='ltr'>φιλονεικία.</span> 
     </span>
    </p>
   </div>
   <div class='ocr_carea' id='block_1_38' title="bbox 218 2243 1846 2319">
    <p class='ocr_par' dir='ltr' id='par_1_38' title="bbox 218 2243 1846 2319">
     <span class='ocr_line' id='line_1_38' title="bbox 218 2243 1846 2319; baseline -0.001 -22"><span class='ocrx_word' id='word_1_281' title='bbox 218 2245 259 2297; x_wconf 74' lang='grc' dir='ltr'><em>Ὁ</em></span> <span class='ocrx_word' id='word_1_282' title='bbox 279 2243 330 2299; x_wconf 58' lang='lat'>0&#39;:</span> <span class='ocrx_word' id='word_1_283' title='bbox 351 2248 402 2300; x_wconf 76' lang='grc' dir='ltr'><strong>ἐν</strong></span> <span class='ocrx_word' id='word_1_284' title='bbox 430 2256 609 2299; x_wconf 75' lang='grc' dir='ltr'><strong>κακῶν</strong></span> <span class='ocrx_word' id='word_1_285' title='bbox 650 2244 907 2319; x_wconf 79' lang='grc' dir='ltr'><strong>ἁμίλλαις</strong></span> <span class='ocrx_word' id='word_1_286' title='bbox 938 2252 1110 2312; x_wconf 77' lang='grc' dir='ltr'><strong>νικῶν,</strong></span> <span class='ocrx_word' id='word_1_287' title='bbox 1167 2244 1316 2307; x_wconf 80' lang='grc' dir='ltr'><strong>οὗτος</strong></span> <span class='ocrx_word' id='word_1_288' title='bbox 1345 2243 1658 2319; x_wconf 78' lang='grc' dir='ltr'><strong>ἀθλὶὡτερός</strong></span> <span class='ocrx_word' id='word_1_289' title='bbox 1688 2243 1846 2298; x_wconf 80' lang='grc' dir='ltr'><strong>ἐστιν.</strong></span> 
     </span>
    </p>
   </div>
   <div class='ocr_carea' id='block_1_39' title="bbox 204 2335 1851 2406">
    <p class='ocr_par' dir='ltr' id='par_1_39' title="bbox 204 2335 1851 2406">
     <span class='ocr_line' id='line_1_39' title="bbox 204 2335 1851 2406; baseline -0.004 -11"><span class='ocrx_word' id='word_1_290' title='bbox 204 2336 475 2403; x_wconf 72' lang='lat' dir='ltr'>Quomodo</span> <span class='ocrx_word' id='word_1_291' title='bbox 492 2336 867 2394; x_wconf 80' lang='lat' dir='ltr'>inhonestus</span> <span class='ocrx_word' id='word_1_292' title='bbox 894 2341 1003 2403; x_wconf 88' lang='lat' dir='ltr'>est,</span> <span class='ocrx_word' id='word_1_293' title='bbox 1025 2336 1131 2406; x_wconf 86' lang='lat' dir='ltr'>qui</span> <span class='ocrx_word' id='word_1_294' title='bbox 1152 2335 1485 2391; x_wconf 82' lang='lat' dir='ltr'>iracundus</span> <span class='ocrx_word' id='word_1_295' title='bbox 1511 2340 1595 2391; x_wconf 90' lang='lat' dir='ltr'>est</span> <span class='ocrx_word' id='word_1_296' title='bbox 1614 2338 1644 2390; x_wconf 86' lang='lat'><strong><em>?</em></strong></span> <span class='ocrx_word' id='word_1_297' title='bbox 1660 2336 1851 2391; x_wconf 72' lang='lat' dir='ltr'>Exuit</span> 
     </span>
    </p>
   </div>
   <div class='ocr_carea' id='block_1_40' title="bbox 195 2424 1851 2490">
    <p class='ocr_par' dir='ltr' id='par_1_40' title="bbox 195 2424 1851 2490">
     <span class='ocr_line' id='line_1_40' title="bbox 195 2424 1851 2490; baseline -0.001 -9"><span class='ocrx_word' id='word_1_298' title='bbox 195 2426 441 2483; x_wconf 74' lang='lat' dir='ltr'>habitum</span> <span class='ocrx_word' id='word_1_299' title='bbox 491 2428 873 2490; x_wconf 87' lang='lat' dir='ltr'>humanum,</span> <span class='ocrx_word' id='word_1_300' title='bbox 936 2425 1266 2481; x_wconf 88' lang='lat' dir='ltr'>belluinum</span> <span class='ocrx_word' id='word_1_301' title='bbox 1312 2424 1580 2482; x_wconf 89' lang='lat' dir='ltr'>habitum</span> <span class='ocrx_word' id='word_1_302' title='bbox 1628 2425 1851 2481; x_wconf 84' lang='lat' dir='ltr'>induit.</span> 
     </span>
    </p>
   </div>
   <div class='ocr_carea' id='block_1_41' title="bbox 192 2515 1856 2586">
    <p class='ocr_par' dir='ltr' id='par_1_41' title="bbox 192 2515 1856 2586">
     <span class='ocr_line' id='line_1_41' title="bbox 192 2515 1856 2586; baseline -0.001 -14"><span class='ocrx_word' id='word_1_303' title='bbox 192 2515 354 2586; x_wconf 76' lang='lat' dir='ltr'>Pinge</span> <span class='ocrx_word' id='word_1_304' title='bbox 384 2516 499 2572; x_wconf 88' lang='lat' dir='ltr'>tibi</span> <span class='ocrx_word' id='word_1_305' title='bbox 520 2518 736 2572; x_wconf 88' lang='lat' dir='ltr'>animo</span> <span class='ocrx_word' id='word_1_306' title='bbox 762 2516 995 2571; x_wconf 84' lang='lat' dir='ltr'>iratum</span> <span class='ocrx_word' id='word_1_307' title='bbox 1030 2527 1054 2585; x_wconf 82' lang='lat'>,&#39;</span> <span class='ocrx_word' id='word_1_308' title='bbox 1084 2515 1351 2585; x_wconf 67' lang='lat' dir='ltr'>eﬂerbuit</span> <span class='ocrx_word' id='word_1_309' title='bbox 1382 2516 1447 2570; x_wconf 90' lang='lat' dir='ltr'>in</span> <span class='ocrx_word' id='word_1_310' title='bbox 1475 2516 1602 2584; x_wconf 88' lang='lat' dir='ltr'>ipso</span> <span class='ocrx_word' id='word_1_311' title='bbox 1640 2518 1758 2586; x_wconf 80' lang='lat' dir='ltr'>ira,</span> <span class='ocrx_word' id='word_1_312' title='bbox 1800 2520 1856 2571; x_wconf 87' lang='lat' dir='ltr'>et</span> 
     </span>
    </p>
   </div>
   <div class='ocr_carea' id='block_1_42' title="bbox 189 2603 1852 2674">
    <p class='ocr_par' dir='ltr' id='par_1_42' title="bbox 189 2603 1852 2674">
     <span class='ocr_line' id='line_1_42' title="bbox 189 2603 1852 2674; baseline 0.001 -15"><span class='ocrx_word' id='word_1_313' title='bbox 189 2606 337 2660; x_wconf 78' lang='lat' dir='ltr'>oculi</span> <span class='ocrx_word' id='word_1_314' title='bbox 348 2607 583 2662; x_wconf 86' lang='lat' dir='ltr'>mutati</span> <span class='ocrx_word' id='word_1_315' title='bbox 597 2611 776 2660; x_wconf 83' lang='lat' dir='ltr'>sunt:</span> <span class='ocrx_word' id='word_1_316' title='bbox 798 2619 921 2660; x_wconf 88' lang='lat' dir='ltr'>non</span> <span class='ocrx_word' id='word_1_317' title='bbox 943 2608 1090 2659; x_wconf 82' lang='lat' dir='ltr'>sunt</span> <span class='ocrx_word' id='word_1_318' title='bbox 1108 2603 1283 2659; x_wconf 86' lang='lat' dir='ltr'>iidem</span> <span class='ocrx_word' id='word_1_319' title='bbox 1302 2605 1480 2667; x_wconf 89' lang='lat' dir='ltr'>oculi,</span> <span class='ocrx_word' id='word_1_320' title='bbox 1505 2605 1852 2674; x_wconf 88' lang='lat' dir='ltr'>ignescunt:</span> 
     </span>
    </p>
   </div>
   <div class='ocr_carea' id='block_1_43' title="bbox 200 2691 1854 2763">
    <p class='ocr_par' dir='ltr' id='par_1_43' title="bbox 200 2691 1854 2763">
     <span class='ocr_line' id='line_1_43' title="bbox 200 2691 1854 2763; baseline 0.002 -16"><span class='ocrx_word' id='word_1_321' title='bbox 200 2695 457 2749; x_wconf 69' lang='lat' dir='ltr'>excurrit</span> <span class='ocrx_word' id='word_1_322' title='bbox 478 2695 681 2762; x_wconf 84' lang='lat' dir='ltr'>ipsius</span> <span class='ocrx_word' id='word_1_323' title='bbox 698 2693 972 2763; x_wconf 82' lang='lat' dir='ltr'>sanguis,</span> <span class='ocrx_word' id='word_1_324' title='bbox 996 2692 1220 2748; x_wconf 85' lang='lat' dir='ltr'>circum</span> <span class='ocrx_word' id='word_1_325' title='bbox 1238 2706 1342 2748; x_wconf 87' lang='lat' dir='ltr'>cor</span> <span class='ocrx_word' id='word_1_326' title='bbox 1361 2691 1593 2758; x_wconf 82' lang='lat' dir='ltr'>ebullit,</span> <span class='ocrx_word' id='word_1_327' title='bbox 1619 2694 1854 2750; x_wconf 84' lang='lat' dir='ltr'>tunicas</span> 
     </span>
    </p>
   </div>
   <div class='ocr_carea' id='block_1_44' title="bbox 195 2782 1853 2854">
    <p class='ocr_par' dir='ltr' id='par_1_44' title="bbox 195 2782 1853 2854">
     <span class='ocr_line' id='line_1_44' title="bbox 195 2782 1853 2854; baseline 0.002 -18"><span class='ocrx_word' id='word_1_328' title='bbox 195 2784 343 2839; x_wconf 78' lang='lat' dir='ltr'>subit</span> <span class='ocrx_word' id='word_1_329' title='bbox 365 2785 696 2840; x_wconf 82' lang='lat' dir='ltr'>oculorum</span> <span class='ocrx_word' id='word_1_330' title='bbox 723 2800 736 2838; x_wconf 92' lang='lat'>:</span> <span class='ocrx_word' id='word_1_331' title='bbox 768 2782 1144 2853; x_wconf 73' lang='lat' dir='ltr'>sil/funditur</span> <span class='ocrx_word' id='word_1_332' title='bbox 1167 2797 1464 2854; x_wconf 74' lang='lat' dir='ltr'>sanguine</span> <span class='ocrx_word' id='word_1_333' title='bbox 1486 2798 1620 2840; x_wconf 88' lang='lat' dir='ltr'>cum</span> <span class='ocrx_word' id='word_1_334' title='bbox 1649 2785 1853 2841; x_wconf 86' lang='lat' dir='ltr'>morbo</span> 
     </span>
    </p>
   </div>
   <div class='ocr_carea' id='block_1_45' title="bbox 194 2873 1853 2943">
    <p class='ocr_par' dir='ltr' id='par_1_45' title="bbox 194 2873 1853 2943">
     <span class='ocr_line' id='line_1_45' title="bbox 194 2873 1853 2943; baseline 0.002 -17"><span class='ocrx_word' id='word_1_335' title='bbox 194 2873 522 2929; x_wconf 78' lang='lat' dir='ltr'>succumbit</span> <span class='ocrx_word' id='word_1_336' title='bbox 554 2886 580 2943; x_wconf 87' lang='lat'><strong><em>;</em></strong></span> <span class='ocrx_word' id='word_1_337' title='bbox 606 2873 845 2930; x_wconf 78' lang='lat' dir='ltr'>atterat</span> <span class='ocrx_word' id='word_1_338' title='bbox 884 2873 1087 2928; x_wconf 88' lang='lat' dir='ltr'>oculos</span> <span class='ocrx_word' id='word_1_339' title='bbox 1114 2887 1271 2927; x_wconf 89' lang='lat' dir='ltr'>suos.</span> <span class='ocrx_word' id='word_1_340' title='bbox 1316 2890 1347 2925; x_wconf 87' lang='grc'><strong>‹</strong></span> <span class='ocrx_word' id='word_1_341' title='bbox 1389 2874 1494 2928; x_wconf 84' lang='lat' dir='ltr'>Vir</span> <span class='ocrx_word' id='word_1_342' title='bbox 1521 2874 1853 2931; x_wconf 88' lang='lat' dir='ltr'>iracundus</span> 
     </span>
    </p>
   </div>
   <div class='ocr_carea' id='block_1_46' title="bbox 197 2960 1851 3031">
    <p class='ocr_par' dir='ltr' id='par_1_46' title="bbox 197 2960 1851 3031">
     <span class='ocr_line' id='line_1_46' title="bbox 197 2960 1851 3031; baseline 0.003 -15"><span class='ocrx_word' id='word_1_343' title='bbox 197 2969 274 3016; x_wconf 80' lang='lat' dir='ltr'>est</span> <span class='ocrx_word' id='word_1_344' title='bbox 290 2963 677 3019; x_wconf 77' lang='lat' dir='ltr'>inhonestus.</span> <span class='ocrx_word' id='word_1_345' title='bbox 696 2983 725 3010; x_wconf 69' lang='grc' dir='ltr'>τι</span> <span class='ocrx_word' id='word_1_346' title='bbox 743 2961 814 3017; x_wconf 76' lang='lat' dir='ltr'>Si</span> <span class='ocrx_word' id='word_1_347' title='bbox 828 2960 1045 3017; x_wconf 85' lang='lat' dir='ltr'>videris</span> <span class='ocrx_word' id='word_1_348' title='bbox 1065 2961 1287 3017; x_wconf 80' lang='lat' dir='ltr'>iratum</span> <span class='ocrx_word' id='word_1_349' title='bbox 1306 2961 1508 3018; x_wconf 81' lang='lat' dir='ltr'>dentes</span> <span class='ocrx_word' id='word_1_350' title='bbox 1521 2970 1851 3031; x_wconf 88' lang='lat' dir='ltr'>acuentem,</span> 
     </span>
    </p>
   </div>
   <div class='ocr_carea' id='block_1_47' title="bbox 195 3050 1857 3122">
    <p class='ocr_par' dir='ltr' id='par_1_47' title="bbox 195 3050 1857 3122">
     <span class='ocr_line' id='line_1_47' title="bbox 195 3050 1857 3122; baseline 0.003 -17"><span class='ocrx_word' id='word_1_351' title='bbox 195 3053 392 3122; x_wconf 81' lang='lat' dir='ltr'>cogita</span> <span class='ocrx_word' id='word_1_352' title='bbox 434 3051 746 3107; x_wconf 83' lang='lat' dir='ltr'>hominem</span> <span class='ocrx_word' id='word_1_353' title='bbox 786 3050 1083 3120; x_wconf 79' lang='lat' dir='ltr'>ejusmodi</span> <span class='ocrx_word' id='word_1_354' title='bbox 1106 3063 1256 3120; x_wconf 87' lang='lat' dir='ltr'>apro</span> <span class='ocrx_word' id='word_1_355' title='bbox 1277 3051 1531 3108; x_wconf 86' lang='lat' dir='ltr'>similem</span> <span class='ocrx_word' id='word_1_356' title='bbox 1561 3067 1770 3109; x_wconf 92' lang='lat' dir='ltr'>esse....</span> <span class='ocrx_word' id='word_1_357' title='bbox 1802 3055 1857 3110; x_wconf 87' lang='lat' dir='ltr'>si</span> 
     </span>
    </p>
   </div>
   <div class='ocr_carea' id='block_1_48' title="bbox 1958 1887 3604 1962">
    <p class='ocr_par' dir='ltr' id='par_1_48' title="bbox 1958 1887 3604 1962">
     <span class='ocr_line' id='line_1_48' title="bbox 1958 1887 3604 1962; baseline 0.001 -21"><span class='ocrx_word' id='word_1_358' title='bbox 1958 1901 2077 1953; x_wconf 87' lang='lat' dir='ltr'>sas,</span> <span class='ocrx_word' id='word_1_359' title='bbox 2111 1903 2218 1942; x_wconf 90' lang='lat' dir='ltr'>cur</span> <span class='ocrx_word' id='word_1_360' title='bbox 2237 1889 2418 1944; x_wconf 83' lang='lat' dir='ltr'>Maria</span> <span class='ocrx_word' id='word_1_361' title='bbox 2446 1889 2817 1961; x_wconf 84' lang='lat' dir='ltr'>desponsata</span> <span class='ocrx_word' id='word_1_362' title='bbox 2843 1892 2920 1946; x_wconf 87' lang='lat' dir='ltr'>sit</span> <span class='ocrx_word' id='word_1_363' title='bbox 2947 1889 3074 1947; x_wconf 88' lang='lat' dir='ltr'>viro</span> <span class='ocrx_word' id='word_1_364' title='bbox 3106 1906 3119 1941; x_wconf 90' lang='lat'><strong>:</strong></span> <span class='ocrx_word' id='word_1_365' title='bbox 3145 1904 3319 1962; x_wconf 87' lang='lat' dir='ltr'>quas,</span> <span class='ocrx_word' id='word_1_366' title='bbox 3348 1887 3398 1944; x_wconf 89' lang='lat' dir='ltr'>si</span> <span class='ocrx_word' id='word_1_367' title='bbox 3416 1893 3604 1943; x_wconf 88' lang='lat' dir='ltr'>unam</span> 
     </span>
    </p>
   </div>
   <div class='ocr_carea' id='block_1_49' title="bbox 1959 1976 3604 2052">
    <p class='ocr_par' dir='ltr' id='par_1_49' title="bbox 1959 1976 3604 2052">
     <span class='ocr_line' id='line_1_49' title="bbox 1959 1976 3604 2052; baseline 0.001 -21"><span class='ocrx_word' id='word_1_368' title='bbox 1959 1976 2248 2048; x_wconf 80' lang='lat' dir='ltr'>excipias,</span> <span class='ocrx_word' id='word_1_369' title='bbox 2268 1977 2342 2033; x_wconf 90' lang='lat' dir='ltr'>de</span> <span class='ocrx_word' id='word_1_370' title='bbox 2358 1994 2482 2050; x_wconf 88' lang='lat' dir='ltr'>qua</span> <span class='ocrx_word' id='word_1_371' title='bbox 2493 1978 2677 2051; x_wconf 88' lang='lat' dir='ltr'>paulo</span> <span class='ocrx_word' id='word_1_372' title='bbox 2694 1984 2831 2052; x_wconf 89' lang='lat' dir='ltr'>post</span> <span class='ocrx_word' id='word_1_373' title='bbox 2846 1980 3230 2036; x_wconf 84' lang='lat' dir='ltr'>commodius</span> <span class='ocrx_word' id='word_1_374' title='bbox 3246 1978 3467 2041; x_wconf 86' lang='lat' dir='ltr'>dicam,</span> <span class='ocrx_word' id='word_1_375' title='bbox 3487 1976 3604 2033; x_wconf 87' lang='lat' dir='ltr'>hoc</span> 
     </span>
    </p>
   </div>
   <div class='ocr_carea' id='block_1_50' title="bbox 1958 2064 3609 2142">
    <p class='ocr_par' dir='ltr' id='par_1_50' title="bbox 1958 2064 3609 2142">
     <span class='ocr_line' id='line_1_50' title="bbox 1958 2064 3609 2142; baseline 0.001 -22"><span class='ocrx_word' id='word_1_376' title='bbox 1958 2064 2094 2121; x_wconf 91' lang='lat' dir='ltr'>loco</span> <span class='ocrx_word' id='word_1_377' title='bbox 2124 2066 2463 2123; x_wconf 79' lang='lat' dir='ltr'>exscribere</span> <span class='ocrx_word' id='word_1_378' title='bbox 2498 2082 2620 2123; x_wconf 89' lang='lat' dir='ltr'>non</span> <span class='ocrx_word' id='word_1_379' title='bbox 2660 2068 2906 2141; x_wconf 81' lang='lat' dir='ltr'>pigebit.</span> <span class='ocrx_word' id='word_1_380' title='bbox 2948 2072 3013 2126; x_wconf 90' lang='lat' dir='ltr'>Et</span> <span class='ocrx_word' id='word_1_381' title='bbox 3044 2069 3339 2142; x_wconf 87' lang='lat' dir='ltr'>quoniam</span> <span class='ocrx_word' id='word_1_382' title='bbox 3361 2066 3609 2140; x_wconf 76' lang='lat' dir='ltr'>praestat</span> 
     </span>
    </p>
   </div>
   <div class='ocr_carea' id='block_1_51' title="bbox 1927 2154 3607 2231">
    <p class='ocr_par' dir='ltr' id='par_1_51' title="bbox 1927 2154 3607 2231">
     <span class='ocr_line' id='line_1_51' title="bbox 1927 2154 3607 2231; baseline -0.001 -21"><span class='ocrx_word' id='word_1_383' title='bbox 1927 2154 2126 2228; x_wconf 80' lang='lat' dir='ltr'>ipsos</span> <span class='ocrx_word' id='word_1_384' title='bbox 2165 2161 2444 2212; x_wconf 85' lang='lat' dir='ltr'>auctores</span> <span class='ocrx_word' id='word_1_385' title='bbox 2488 2156 2718 2226; x_wconf 89' lang='lat' dir='ltr'>audire,</span> <span class='ocrx_word' id='word_1_386' title='bbox 2762 2158 2897 2231; x_wconf 88' lang='lat' dir='ltr'>ipsa</span> <span class='ocrx_word' id='word_1_387' title='bbox 2934 2161 3137 2216; x_wconf 65' lang='lat' dir='ltr'>Graeca</span> <span class='ocrx_word' id='word_1_388' title='bbox 3173 2157 3361 2215; x_wconf 82' lang='lat' dir='ltr'>verba</span> <span class='ocrx_word' id='word_1_389' title='bbox 3388 2154 3607 2212; x_wconf 87' lang='lat' dir='ltr'>referre</span> 
     </span>
    </p>
   </div>
   <div class='ocr_carea' id='block_1_52' title="bbox 1959 2244 3603 2321">
    <p class='ocr_par' dir='ltr' id='par_1_52' title="bbox 1959 2244 3603 2321">
     <span class='ocr_line' id='line_1_52' title="bbox 1959 2244 3603 2321; baseline -0.001 -21"><span class='ocrx_word' id='word_1_390' title='bbox 1959 2244 2158 2301; x_wconf 86' lang='lat' dir='ltr'>statui.</span> <span class='ocrx_word' id='word_1_391' title='bbox 2195 2245 2288 2302; x_wconf 90' lang='lat' dir='ltr'>Sic</span> <span class='ocrx_word' id='word_1_392' title='bbox 2311 2245 2490 2315; x_wconf 84' lang='lat' dir='ltr'>igitur</span> <span class='ocrx_word' id='word_1_393' title='bbox 2518 2246 2783 2319; x_wconf 86' lang='lat' dir='ltr'>loquitur</span> <span class='ocrx_word' id='word_1_394' title='bbox 2812 2252 2978 2321; x_wconf 85' lang='lat' dir='ltr'>(pag.</span> <span class='ocrx_word' id='word_1_395' title='bbox 3012 2251 3139 2316; x_wconf 85' lang='lat'>598)</span> <span class='ocrx_word' id='word_1_396' title='bbox 3172 2252 3313 2303; x_wconf 76' lang='grc' dir='ltr'><strong>εΚαὶ</strong></span> <span class='ocrx_word' id='word_1_397' title='bbox 3333 2247 3603 2320; x_wconf 84' lang='grc' dir='ltr'><strong>παρθένος,</strong></span> 
     </span>
    </p>
   </div>
   <div class='ocr_carea' id='block_1_53' title="bbox 1960 2333 3607 2411">
    <p class='ocr_par' dir='ltr' id='par_1_53' title="bbox 1960 2333 3607 2411">
     <span class='ocr_line' id='line_1_53' title="bbox 1960 2333 3607 2411; baseline -0.001 -25"><span class='ocrx_word' id='word_1_398' title='bbox 1960 2339 2049 2386; x_wconf 87' lang='grc' dir='ltr'>καὶ</span> <span class='ocrx_word' id='word_1_399' title='bbox 2080 2339 2501 2409; x_wconf 72' lang='grc' dir='ltr'><strong>μεμνηπευμένη</strong></span> <span class='ocrx_word' id='word_1_400' title='bbox 2535 2333 2703 2411; x_wconf 83' lang='grc' dir='ltr'><strong>ἀνδρὶ,</strong></span> <span class='ocrx_word' id='word_1_401' title='bbox 2746 2334 3022 2396; x_wconf 80' lang='grc' dir='ltr'><strong>ἐπιτηδεία</strong></span> <span class='ocrx_word' id='word_1_402' title='bbox 3059 2341 3188 2411; x_wconf 86' lang='grc' dir='ltr'><strong>πρὸς</strong></span> <span class='ocrx_word' id='word_1_403' title='bbox 3216 2341 3310 2395; x_wconf 76' lang='grc' dir='ltr'><strong>τὴν</strong></span> <span class='ocrx_word' id='word_1_404' title='bbox 3340 2344 3434 2398; x_wconf 85' lang='grc' dir='ltr'><strong>τῆς</strong></span> <span class='ocrx_word' id='word_1_405' title='bbox 3473 2334 3607 2387; x_wconf 87' lang='grc' dir='ltr'><strong>οἰκο-</strong></span> 
     </span>
    </p>
   </div>
   <div class='ocr_carea' id='block_1_54' title="bbox 1961 2422 3609 2502">
    <p class='ocr_par' dir='ltr' id='par_1_54' title="bbox 1961 2422 3609 2502">
     <span class='ocr_line' id='line_1_54' title="bbox 1961 2422 3609 2502; baseline 0 -27"><span class='ocrx_word' id='word_1_406' title='bbox 1961 2430 2144 2497; x_wconf 86' lang='grc' dir='ltr'><strong>νομίας</strong></span> <span class='ocrx_word' id='word_1_407' title='bbox 2172 2422 2439 2479; x_wconf 74' lang='grc' dir='ltr'><strong>διακονίαν</strong></span> <span class='ocrx_word' id='word_1_408' title='bbox 2470 2425 2672 2500; x_wconf 80' lang='grc' dir='ltr'><strong>ἐκρίθη,</strong></span> <span class='ocrx_word' id='word_1_409' title='bbox 2716 2426 2798 2480; x_wconf 75' lang='grc' dir='ltr'><strong>ἳνα</strong></span> <span class='ocrx_word' id='word_1_410' title='bbox 2822 2432 2910 2480; x_wconf 86' lang='grc' dir='ltr'>καὶ</span> <span class='ocrx_word' id='word_1_411' title='bbox 2932 2430 2962 2486; x_wconf 79' lang='grc' dir='ltr'><strong>ἠ</strong></span> <span class='ocrx_word' id='word_1_412' title='bbox 2994 2429 3245 2502; x_wconf 86' lang='grc' dir='ltr'><strong>παρθενία</strong></span> <span class='ocrx_word' id='word_1_413' title='bbox 3273 2427 3490 2499; x_wconf 80' lang='grc' dir='ltr'>τιμηθῇ,</span> <span class='ocrx_word' id='word_1_414' title='bbox 3519 2427 3609 2476; x_wconf 77' lang='grc' dir='ltr'><strong>καὶ</strong></span> 
     </span>
    </p>
   </div>
   <div class='ocr_carea' id='block_1_55' title="bbox 1963 2510 3610 2591">
    <p class='ocr_par' dir='ltr' id='par_1_55' title="bbox 1963 2510 3610 2591">
     <span class='ocr_line' id='line_1_55' title="bbox 1963 2510 3610 2591; baseline -0.001 -25"><span class='ocrx_word' id='word_1_415' title='bbox 1963 2515 1988 2565; x_wconf 87' lang='grc' dir='ltr'>ό</span> <span class='ocrx_word' id='word_1_416' title='bbox 2013 2516 2176 2586; x_wconf 74' lang='grc' dir='ltr'><strong>γάμος</strong></span> <span class='ocrx_word' id='word_1_417' title='bbox 2208 2519 2279 2587; x_wconf 76' lang='grc' dir='ltr'><strong>μὴ</strong></span> <span class='ocrx_word' id='word_1_418' title='bbox 2314 2515 2595 2590; x_wconf 72' lang='grc' dir='ltr'><strong>φαυλισθῇ·</strong></span> <span class='ocrx_word' id='word_1_419' title='bbox 2632 2518 2690 2570; x_wconf 81' lang='grc' dir='ltr'><strong>Ἠ</strong></span> <span class='ocrx_word' id='word_1_420' title='bbox 2716 2520 2967 2591; x_wconf 86' lang='grc' dir='ltr'><strong>παρθενία</strong></span> <span class='ocrx_word' id='word_1_421' title='bbox 2998 2519 3087 2589; x_wconf 72' lang='grc' dir='ltr'>μὲν</span> <span class='ocrx_word' id='word_1_422' title='bbox 3116 2519 3214 2589; x_wconf 82' lang='grc' dir='ltr'><strong>γὰρ</strong></span> <span class='ocrx_word' id='word_1_423' title='bbox 3241 2518 3309 2577; x_wconf 84' lang='grc' dir='ltr'><strong>ὡς</strong></span> <span class='ocrx_word' id='word_1_424' title='bbox 3337 2510 3610 2572; x_wconf 79' lang='grc' dir='ltr'><strong>ἐπιτηδεία</strong></span> 
     </span>
    </p>
   </div>
   <div class='ocr_carea' id='block_1_56' title="bbox 1960 2601 3609 2680">
    <p class='ocr_par' dir='ltr' id='par_1_56' title="bbox 1960 2601 3609 2680">
     <span class='ocr_line' id='line_1_56' title="bbox 1960 2601 3609 2680; baseline -0.002 -23"><span class='ocrx_word' id='word_1_425' title='bbox 1960 2608 2089 2678; x_wconf 82' lang='grc' dir='ltr'><strong>πρὸς</strong></span> <span class='ocrx_word' id='word_1_426' title='bbox 2121 2605 2378 2679; x_wconf 73' lang='grc' dir='ltr'><strong>ἁγιασμόν</strong></span> <span class='ocrx_word' id='word_1_427' title='bbox 2409 2606 2630 2680; x_wconf 83' lang='grc' dir='ltr'><strong>ἐξελέγη·</strong></span> <span class='ocrx_word' id='word_1_428' title='bbox 2667 2606 2758 2661; x_wconf 72' lang='grc' dir='ltr'><strong>διὰ</strong></span> <span class='ocrx_word' id='word_1_429' title='bbox 2798 2605 2857 2660; x_wconf 70' lang='grc' dir='ltr'><strong>δὲ</strong></span> <span class='ocrx_word' id='word_1_430' title='bbox 2895 2616 2989 2669; x_wconf 81' lang='grc' dir='ltr'><strong>τῆς</strong></span> <span class='ocrx_word' id='word_1_431' title='bbox 3028 2610 3312 2680; x_wconf 74' lang='grc' dir='ltr'><strong>μνηστείας</strong></span> <span class='ocrx_word' id='word_1_432' title='bbox 3355 2606 3410 2656; x_wconf 84' lang='grc' dir='ltr'>αἱ</span> <span class='ocrx_word' id='word_1_433' title='bbox 3440 2601 3609 2678; x_wconf 81' lang='grc' dir='ltr'><strong>ἀρχαί</strong></span> 
     </span>
    </p>
   </div>
   <div class='ocr_carea' id='block_1_57' title="bbox 1962 2693 3609 2771">
    <p class='ocr_par' dir='ltr' id='par_1_57' title="bbox 1962 2693 3609 2771">
     <span class='ocr_line' id='line_1_57' title="bbox 1962 2693 3609 2771; baseline -0.016 -2"><span class='ocrx_word' id='word_1_434' title='bbox 1962 2702 2053 2745; x_wconf 61' lang='grc' dir='ltr'>τοῦ</span> <span class='ocrx_word' id='word_1_435' title='bbox 2091 2699 2263 2768; x_wconf 68' lang='grc' dir='ltr'><strong>γάμου</strong></span> <span class='ocrx_word' id='word_1_436' title='bbox 2306 2697 2840 2771; x_wconf 69' lang='grc' dir='ltr'><strong>πμπαρελήφθησαν·</strong></span> <span class='ocrx_word' id='word_1_437' title='bbox 2880 2699 3008 2770; x_wconf 80' lang='grc' dir='ltr'><strong>ὁμοῦ</strong></span> <span class='ocrx_word' id='word_1_438' title='bbox 3051 2693 3110 2749; x_wconf 73' lang='grc' dir='ltr'>δε</span> <span class='ocrx_word' id='word_1_439' title='bbox 3145 2696 3228 2747; x_wconf 83' lang='grc' dir='ltr'>ἶνα</span> <span class='ocrx_word' id='word_1_440' title='bbox 3269 2698 3358 2747; x_wconf 85' lang='grc' dir='ltr'>καὶ</span> <span class='ocrx_word' id='word_1_441' title='bbox 3408 2695 3609 2767; x_wconf 72' lang='grc' dir='ltr'><strong>μάρτυς</strong></span> 
     </span>
    </p>
   </div>
   <div class='ocr_carea' id='block_1_58' title="bbox 1961 2783 3606 2864">
    <p class='ocr_par' dir='ltr' id='par_1_58' title="bbox 1961 2783 3606 2864">
     <span class='ocr_line' id='line_1_58' title="bbox 1961 2783 3606 2864; baseline 0 -28"><span class='ocrx_word' id='word_1_442' title='bbox 1961 2783 2145 2848; x_wconf 81' lang='grc' dir='ltr'><strong>οἰκεῖος</strong></span> <span class='ocrx_word' id='word_1_443' title='bbox 2269 2796 2365 2849; x_wconf 85' lang='grc' dir='ltr'><strong>τῆς</strong></span> <span class='ocrx_word' id='word_1_444' title='bbox 2409 2790 2764 2862; x_wconf 82' lang='grc' dir='ltr'><strong>καθαρότητος</strong></span> <span class='ocrx_word' id='word_1_445' title='bbox 2812 2794 3018 2864; x_wconf 80' lang='grc' dir='ltr'><strong>Μαρίας</strong></span> <span class='ocrx_word' id='word_1_446' title='bbox 3070 2789 3096 2840; x_wconf 85' lang='grc' dir='ltr'>ὁ</span> <span class='ocrx_word' id='word_1_447' title='bbox 3147 2787 3357 2858; x_wconf 70' lang='grc' dir='ltr'><strong>Ἰωσὴφ,</strong></span> <span class='ocrx_word' id='word_1_448' title='bbox 3400 2788 3489 2837; x_wconf 82' lang='grc' dir='ltr'><strong>καὶ</strong></span> <span class='ocrx_word' id='word_1_449' title='bbox 3535 2788 3606 2856; x_wconf 80' lang='grc' dir='ltr'><strong>μὴ</strong></span> 
     </span>
    </p>
   </div>
   <div class='ocr_carea' id='block_1_59' title="bbox 1959 2870 3612 2951">
    <p class='ocr_par' dir='ltr' id='par_1_59' title="bbox 1959 2870 3612 2951">
     <span class='ocr_line' id='line_1_59' title="bbox 1959 2870 3612 2951; baseline -0.001 -25"><span class='ocrx_word' id='word_1_450' title='bbox 1959 2871 2171 2938; x_wconf 63' lang='grc' dir='ltr'><strong>ἔκδοτος</strong></span> <span class='ocrx_word' id='word_1_451' title='bbox 2203 2879 2277 2933; x_wconf 81' lang='grc' dir='ltr'><strong>εἴη</strong></span> <span class='ocrx_word' id='word_1_452' title='bbox 2320 2885 2427 2940; x_wconf 87' lang='grc' dir='ltr'><strong>τοῖς</strong></span> <span class='ocrx_word' id='word_1_453' title='bbox 2458 2881 2802 2951; x_wconf 69' lang='grc' dir='ltr'><strong>συκοφάνταις</strong></span> <span class='ocrx_word' id='word_1_454' title='bbox 2832 2880 2898 2941; x_wconf 80' lang='grc' dir='ltr'><strong>ὡς</strong></span> <span class='ocrx_word' id='word_1_455' title='bbox 2928 2884 3021 2937; x_wconf 76' lang='grc' dir='ltr'><strong>τὴν</strong></span> <span class='ocrx_word' id='word_1_456' title='bbox 3049 2879 3327 2951; x_wconf 82' lang='grc' dir='ltr'><strong>παρθενίαν</strong></span> <span class='ocrx_word' id='word_1_457' title='bbox 3367 2870 3612 2948; x_wconf 82' lang='grc' dir='ltr'>βεβηλὼ-</span> 
     </span>
    </p>
   </div>
   <div class='ocr_carea' id='block_1_60' title="bbox 1963 2963 3611 3041">
    <p class='ocr_par' dir='ltr' id='par_1_60' title="bbox 1963 2963 3611 3041">
     <span class='ocr_line' id='line_1_60' title="bbox 1963 2963 3611 3041; baseline 0.001 -25"><span class='ocrx_word' id='word_1_458' title='bbox 1963 2983 2123 3030; x_wconf 87' lang='grc' dir='ltr'><strong>σασα,</strong></span> <span class='ocrx_word' id='word_1_459' title='bbox 2165 2975 2443 3039; x_wconf 79' lang='grc' dir='ltr'><strong>μνηστῆρα</strong></span> <span class='ocrx_word' id='word_1_460' title='bbox 2480 2963 2596 3039; x_wconf 78' lang='grc' dir='ltr'><strong>εἶχε</strong></span> <span class='ocrx_word' id='word_1_461' title='bbox 2640 2976 2731 3021; x_wconf 71' lang='grc' dir='ltr'><strong>τοῦ</strong></span> <span class='ocrx_word' id='word_1_462' title='bbox 2772 2966 2895 3041; x_wconf 81' lang='grc' dir='ltr'><strong>βίου</strong></span> <span class='ocrx_word' id='word_1_463' title='bbox 2938 2966 3158 3041; x_wconf 75' lang='grc' dir='ltr'><strong>φύλακα.</strong></span> <span class='ocrx_word' id='word_1_464' title='bbox 3205 2966 3279 3021; x_wconf 80' lang='lat' dir='ltr'>Et</span> <span class='ocrx_word' id='word_1_465' title='bbox 3319 2966 3513 3035; x_wconf 90' lang='lat' dir='ltr'>virgo,</span> <span class='ocrx_word' id='word_1_466' title='bbox 3553 2966 3611 3019; x_wconf 91' lang='lat' dir='ltr'>et</span> 
     </span>
    </p>
   </div>
   <div class='ocr_carea' id='block_1_61' title="bbox 1962 3052 3604 3125">
    <p class='ocr_par' dir='ltr' id='par_1_61' title="bbox 1962 3052 3604 3125">
     <span class='ocr_line' id='line_1_61' title="bbox 1962 3052 3604 3125; baseline -0.002 -15"><span class='ocrx_word' id='word_1_467' title='bbox 1962 3055 2090 3110; x_wconf 89' lang='lat' dir='ltr'>viro</span> <span class='ocrx_word' id='word_1_468' title='bbox 2129 3054 2510 3124; x_wconf 82' lang='lat' dir='ltr'>desponsata,</span> <span class='ocrx_word' id='word_1_469' title='bbox 2555 3056 2761 3113; x_wconf 87' lang='lat' dir='ltr'>habita</span> <span class='ocrx_word' id='word_1_470' title='bbox 2798 3063 2881 3114; x_wconf 90' lang='lat' dir='ltr'>est</span> <span class='ocrx_word' id='word_1_471' title='bbox 2919 3057 3136 3113; x_wconf 89' lang='lat' dir='ltr'>idonea</span> <span class='ocrx_word' id='word_1_472' title='bbox 3164 3055 3247 3111; x_wconf 82' lang='lat' dir='ltr'>ad</span> <span class='ocrx_word' id='word_1_473' title='bbox 3276 3054 3459 3125; x_wconf 87' lang='lat' dir='ltr'>hujus</span> <span class='ocrx_word' id='word_1_474' title='bbox 3489 3052 3604 3107; x_wconf 87' lang='lat' dir='ltr'>dis-</span> 
     </span>
    </p>
   </div>
   <div class='ocr_carea' id='block_1_62' title="bbox 198 3138 3610 3216">
    <p class='ocr_par' dir='ltr' id='par_1_62' title="bbox 198 3138 3610 3216">
     <span class='ocr_line' id='line_1_62' title="bbox 198 3138 3610 3216; baseline 0 -21"><span class='ocrx_word' id='word_1_475' title='bbox 198 3141 413 3196; x_wconf 74' lang='lat' dir='ltr'>rideris</span> <span class='ocrx_word' id='word_1_476' title='bbox 434 3142 668 3197; x_wconf 82' lang='lat' dir='ltr'>iratum</span> <span class='ocrx_word' id='word_1_477' title='bbox 690 3140 890 3211; x_wconf 85' lang='lat' dir='ltr'>patris</span> <span class='ocrx_word' id='word_1_478' title='bbox 916 3138 1511 3206; x_wconf 82' lang='lat' dir='ltr'>obliviscentcm,non</span> <span class='ocrx_word' id='word_1_479' title='bbox 1533 3155 1845 3211; x_wconf 86' lang='lat' dir='ltr'>agnoscen-</span> <span class='ocrx_word' id='word_1_480' title='bbox 1883 3157 1925 3215; x_wconf 70' lang='grc' dir='ltr'>α</span> <span class='ocrx_word' id='word_1_481' title='bbox 1950 3144 2323 3213; x_wconf 86' lang='lat' dir='ltr'>pensationis</span> <span class='ocrx_word' id='word_1_482' title='bbox 2361 3146 2782 3216; x_wconf 83' lang='lat' dir='ltr'>ministerium,</span> <span class='ocrx_word' id='word_1_483' title='bbox 2833 3151 2900 3201; x_wconf 89' lang='lat' dir='ltr'>ut</span> <span class='ocrx_word' id='word_1_484' title='bbox 2941 3150 2997 3202; x_wconf 92' lang='lat' dir='ltr'>et</span> <span class='ocrx_word' id='word_1_485' title='bbox 3029 3143 3354 3215; x_wconf 89' lang='lat' dir='ltr'>virginitas</span> <span class='ocrx_word' id='word_1_486' title='bbox 3390 3139 3610 3198; x_wconf 84' lang='lat' dir='ltr'>honori</span> 
     </span>
    </p>
   </div>
   <div class='ocr_carea' id='block_1_63' title="bbox 203 3230 1852 3301">
    <p class='ocr_par' dir='ltr' id='par_1_63' title="bbox 203 3230 1852 3301">
     <span class='ocr_line' id='line_1_63' title="bbox 203 3230 1852 3301; baseline 0.002 -17"><span class='ocrx_word' id='word_1_487' title='bbox 203 3236 310 3287; x_wconf 81' lang='lat' dir='ltr'>tem</span> <span class='ocrx_word' id='word_1_488' title='bbox 344 3246 571 3301; x_wconf 70' lang='lat' dir='ltr'>corpus</span> <span class='ocrx_word' id='word_1_489' title='bbox 614 3230 809 3298; x_wconf 80' lang='lat' dir='ltr'>ﬁlii..,</span> <span class='ocrx_word' id='word_1_490' title='bbox 848 3230 1049 3301; x_wconf 86' lang='lat' dir='ltr'>sicque</span> <span class='ocrx_word' id='word_1_491' title='bbox 1084 3231 1381 3286; x_wconf 86' lang='lat' dir='ltr'>malorum</span> <span class='ocrx_word' id='word_1_492' title='bbox 1423 3231 1493 3300; x_wconf 78' lang='lat' dir='ltr'>ﬁt</span> <span class='ocrx_word' id='word_1_493' title='bbox 1533 3234 1852 3290; x_wconf 88' lang='lat' dir='ltr'>contentio.</span> 
     </span>
    </p>
   </div>
   <div class='ocr_carea' id='block_1_64' title="bbox 204 3319 1856 3394">
    <p class='ocr_par' dir='ltr' id='par_1_64' title="bbox 204 3319 1856 3394">
     <span class='ocr_line' id='line_1_64' title="bbox 204 3319 1856 3394; baseline 0.001 -17"><span class='ocrx_word' id='word_1_494' title='bbox 204 3319 313 3386; x_wconf 82' lang='lat' dir='ltr'>Qui</span> <span class='ocrx_word' id='word_1_495' title='bbox 338 3324 539 3377; x_wconf 69' lang='lat' dir='ltr'>mitem</span> <span class='ocrx_word' id='word_1_496' title='bbox 570 3320 765 3377; x_wconf 82' lang='lat' dir='ltr'>vincit</span> <span class='ocrx_word' id='word_1_497' title='bbox 782 3319 848 3375; x_wconf 89' lang='lat' dir='ltr'>in</span> <span class='ocrx_word' id='word_1_498' title='bbox 873 3319 1170 3376; x_wconf 89' lang='lat' dir='ltr'>malorum</span> <span class='ocrx_word' id='word_1_499' title='bbox 1202 3322 1550 3388; x_wconf 85' lang='lat' dir='ltr'>certamine,</span> <span class='ocrx_word' id='word_1_500' title='bbox 1583 3322 1633 3378; x_wconf 89' lang='lat' dir='ltr'>is</span> <span class='ocrx_word' id='word_1_501' title='bbox 1663 3324 1856 3394; x_wconf 88' lang='lat' dir='ltr'>magis</span> 
     </span>
    </p>
   </div>
   <div class='ocr_carea' id='block_1_65' title="bbox 204 3407 1853 3482">
    <p class='ocr_par' dir='ltr' id='par_1_65' title="bbox 204 3407 1853 3482">
     <span class='ocr_line' id='line_1_65' title="bbox 204 3407 1853 3482; baseline 0.001 -16"><span class='ocrx_word' id='word_1_502' title='bbox 204 3412 378 3466; x_wconf 68' lang='lat' dir='ltr'>miser</span> <span class='ocrx_word' id='word_1_503' title='bbox 424 3415 529 3466; x_wconf 85' lang='lat' dir='ltr'>est.</span> <span class='ocrx_word' id='word_1_504' title='bbox 576 3407 780 3465; x_wconf 84' lang='lat' dir='ltr'>Basilii</span> <span class='ocrx_word' id='word_1_505' title='bbox 822 3413 1024 3464; x_wconf 86' lang='lat' dir='ltr'>autem</span> <span class='ocrx_word' id='word_1_506' title='bbox 1072 3409 1255 3466; x_wconf 86' lang='lat' dir='ltr'>verba</span> <span class='ocrx_word' id='word_1_507' title='bbox 1307 3414 1449 3466; x_wconf 88' lang='lat' dir='ltr'>sunt</span> <span class='ocrx_word' id='word_1_508' title='bbox 1511 3410 1641 3467; x_wconf 76' lang='lat' dir='ltr'>haec</span> <span class='ocrx_word' id='word_1_509' title='bbox 1690 3412 1853 3482; x_wconf 88' lang='lat' dir='ltr'>(pag.</span> 
     </span>
    </p>
   </div>
   <div class='ocr_carea' id='block_1_66' title="bbox 208 3496 1855 3573">
    <p class='ocr_par' dir='ltr' id='par_1_66' title="bbox 208 3496 1855 3573">
     <span class='ocr_line' id='line_1_66' title="bbox 208 3496 1855 3573; baseline 0 -20"><span class='ocrx_word' id='word_1_510' title='bbox 208 3500 300 3563; x_wconf 69' lang='lat'>83,</span> <span class='ocrx_word' id='word_1_511' title='bbox 340 3504 400 3553; x_wconf 83' lang='lat' dir='ltr'>et</span> <span class='ocrx_word' id='word_1_512' title='bbox 425 3502 493 3555; x_wconf 65' lang='grc'>84</span> <span class='ocrx_word' id='word_1_513' title='bbox 523 3502 585 3555; x_wconf 85' lang='lat' dir='ltr'>et</span> <span class='ocrx_word' id='word_1_514' title='bbox 614 3500 780 3571; x_wconf 85' lang='lat' dir='ltr'>seq.)</span> <span class='ocrx_word' id='word_1_515' title='bbox 812 3514 827 3550; x_wconf 69' lang='grc' dir='ltr'>ε</span> <span class='ocrx_word' id='word_1_516' title='bbox 858 3500 952 3550; x_wconf 79' lang='grc' dir='ltr'><strong>Διά</strong></span> <span class='ocrx_word' id='word_1_517' title='bbox 988 3506 1171 3551; x_wconf 73' lang='grc' dir='ltr'><strong>τοῦτον</strong></span> <span class='ocrx_word' id='word_1_518' title='bbox 1214 3496 1426 3571; x_wconf 67' lang='grc' dir='ltr'><strong>ἀδελφοὶ</strong></span> <span class='ocrx_word' id='word_1_519' title='bbox 1465 3503 1554 3573; x_wconf 73' lang='grc' dir='ltr'><strong>μὲν</strong></span> <span class='ocrx_word' id='word_1_520' title='bbox 1604 3499 1855 3565; x_wconf 75' lang='grc' dir='ltr'><strong>ἀλλήλους</strong></span> 
     </span>
    </p>
   </div>
   <div class='ocr_carea' id='block_1_67' title="bbox 228 3585 1854 3660">
    <p class='ocr_par' dir='ltr' id='par_1_67' title="bbox 228 3585 1854 3660">
     <span class='ocr_line' id='line_1_67' title="bbox 228 3585 1854 3660; baseline 0.004 -22"><span class='ocrx_word' id='word_1_521' title='bbox 228 3588 488 3656; x_wconf 64' lang='grc' dir='ltr'><strong>ἡγοοιςτοα·</strong></span> <span class='ocrx_word' id='word_1_522' title='bbox 513 3595 691 3660; x_wconf 82' lang='grc' dir='ltr'><strong>γονεῖς</strong></span> <span class='ocrx_word' id='word_1_523' title='bbox 722 3585 783 3640; x_wconf 66' lang='grc' dir='ltr'>δε</span> <span class='ocrx_word' id='word_1_524' title='bbox 812 3591 900 3639; x_wconf 77' lang='grc' dir='ltr'>καὶ</span> <span class='ocrx_word' id='word_1_525' title='bbox 925 3591 1075 3640; x_wconf 78' lang='grc' dir='ltr'><strong>τέκνα</strong></span> <span class='ocrx_word' id='word_1_526' title='bbox 1104 3596 1197 3650; x_wconf 82' lang='grc' dir='ltr'><strong>τῆς</strong></span> <span class='ocrx_word' id='word_1_527' title='bbox 1227 3591 1422 3651; x_wconf 77' lang='grc' dir='ltr'><strong>ζὺσεως</strong></span> <span class='ocrx_word' id='word_1_528' title='bbox 1455 3588 1854 3647; x_wconf 75' lang='grc' dir='ltr'><strong>ἐπελάθοντο....</strong></span> 
     </span>
    </p>
   </div>
   <div class='ocr_carea' id='block_1_68' title="bbox 220 3681 1855 3761">
    <p class='ocr_par' dir='ltr' id='par_1_68' title="bbox 220 3681 1855 3761">
     <span class='ocr_line' id='line_1_68' title="bbox 220 3681 1855 3761; baseline 0.004 -27"><span class='ocrx_word' id='word_1_529' title='bbox 220 3689 304 3735; x_wconf 72' lang='grc' dir='ltr'><strong>καὶ</strong></span> <span class='ocrx_word' id='word_1_530' title='bbox 348 3688 476 3747; x_wconf 74' lang='grc' dir='ltr'><strong>τίνος</strong></span> <span class='ocrx_word' id='word_1_531' title='bbox 529 3685 663 3756; x_wconf 67' lang='grc' dir='ltr'><strong>οὐχὶ</strong></span> <span class='ocrx_word' id='word_1_532' title='bbox 715 3681 925 3737; x_wconf 78' lang='grc' dir='ltr'><strong>ἰοϐόλων</strong></span> <span class='ocrx_word' id='word_1_533' title='bbox 982 3682 1346 3760; x_wconf 77' lang='grc' dir='ltr'><strong>ἀναιδέστερον</strong></span> <span class='ocrx_word' id='word_1_534' title='bbox 1399 3686 1740 3761; x_wconf 75' lang='grc' dir='ltr'><strong>ἐφορμῶντες,</strong></span> <span class='ocrx_word' id='word_1_535' title='bbox 1796 3688 1855 3740; x_wconf 75' lang='grc' dir='ltr'><strong>οὐ</strong></span> 
     </span>
    </p>
   </div>
   <div class='ocr_carea' id='block_1_69' title="bbox 212 3771 1856 3848">
    <p class='ocr_par' dir='ltr' id='par_1_69' title="bbox 212 3771 1856 3848">
     <span class='ocr_line' id='line_1_69' title="bbox 212 3771 1856 3848; baseline 0.004 -24"><span class='ocrx_word' id='word_1_536' title='bbox 212 3780 451 3848; x_wconf 59' lang='grc' dir='ltr'><strong>πρότερον</strong></span> <span class='ocrx_word' id='word_1_537' title='bbox 496 3773 752 3826; x_wconf 78' lang='grc' dir='ltr'><strong>ἱστανται</strong></span> <span class='ocrx_word' id='word_1_538' title='bbox 795 3772 914 3847; x_wconf 67' lang='grc' dir='ltr'><strong>πρὶν</strong></span> <span class='ocrx_word' id='word_1_539' title='bbox 961 3776 992 3831; x_wconf 77' lang='grc' dir='ltr'>ἦ</span> <span class='ocrx_word' id='word_1_540' title='bbox 1036 3771 1127 3827; x_wconf 75' lang='grc' dir='ltr'>διὰ</span> <span class='ocrx_word' id='word_1_541' title='bbox 1171 3775 1396 3848; x_wconf 77' lang='grc' dir='ltr'><strong>μεγάλου</strong></span> <span class='ocrx_word' id='word_1_542' title='bbox 1441 3782 1530 3828; x_wconf 80' lang='grc' dir='ltr'><strong>καὶ</strong></span> <span class='ocrx_word' id='word_1_543' title='bbox 1570 3776 1856 3836; x_wconf 79' lang='grc' dir='ltr'><strong>ἀνηκέστου</strong></span> 
     </span>
    </p>
   </div>
   <div class='ocr_carea' id='block_1_70' title="bbox 208 3860 1857 3943">
    <p class='ocr_par' dir='ltr' id='par_1_70' title="bbox 208 3860 1857 3943">
     <span class='ocr_line' id='line_1_70' title="bbox 208 3860 1857 3943; baseline 0.004 -30"><span class='ocrx_word' id='word_1_544' title='bbox 208 3870 431 3920; x_wconf 64' lang='grc' dir='ltr'><strong>καλώ...</strong></span> <span class='ocrx_word' id='word_1_545' title='bbox 483 3860 813 3936; x_wconf 79' lang='grc' dir='ltr'><strong>διαπνευσθῇ</strong></span> <span class='ocrx_word' id='word_1_546' title='bbox 855 3867 911 3915; x_wconf 87' lang='grc' dir='ltr'>τό</span> <span class='ocrx_word' id='word_1_547' title='bbox 946 3862 1319 3937; x_wconf 69' lang='grc' dir='ltr'><strong>φλεγμαῖνον...</strong></span> <span class='ocrx_word' id='word_1_548' title='bbox 1369 3865 1719 3940; x_wconf 83' lang='grc' dir='ltr'><strong>Ὀρεγομένοις</strong></span> <span class='ocrx_word' id='word_1_549' title='bbox 1757 3869 1857 3943; x_wconf 81' lang='grc' dir='ltr'><strong>γοῖρ</strong></span> 
     </span>
    </p>
   </div>
   <div class='ocr_carea' id='block_1_71' title="bbox 210 3951 1858 4030">
    <p class='ocr_par' dir='ltr' id='par_1_71' title="bbox 210 3951 1858 4030">
     <span class='ocr_line' id='line_1_71' title="bbox 210 3951 1858 4030; baseline 0.003 -25"><span class='ocrx_word' id='word_1_550' title='bbox 210 3962 298 4015; x_wconf 66' lang='grc' dir='ltr'><strong>τῆς</strong></span> <span class='ocrx_word' id='word_1_551' title='bbox 324 3953 737 4017; x_wconf 56' lang='lat' dir='ltr'>bal-missam,</span> <span class='ocrx_word' id='word_1_552' title='bbox 770 3957 971 4029; x_wconf 80' lang='grc' dir='ltr'><strong>περιζεῖ</strong></span> <span class='ocrx_word' id='word_1_553' title='bbox 991 3956 1080 4026; x_wconf 65' lang='grc' dir='ltr'>μὲν</span> <span class='ocrx_word' id='word_1_554' title='bbox 1101 3963 1163 4028; x_wconf 74' lang='grc' dir='ltr'>τῇ</span> <span class='ocrx_word' id='word_1_555' title='bbox 1195 3951 1394 4029; x_wconf 78' lang='grc' dir='ltr'><strong>καρδίᾳ</strong></span> <span class='ocrx_word' id='word_1_556' title='bbox 1418 3959 1474 4006; x_wconf 87' lang='grc' dir='ltr'>τό</span> <span class='ocrx_word' id='word_1_557' title='bbox 1504 3952 1653 4029; x_wconf 84' lang='grc' dir='ltr'><strong>αἷμα,</strong></span> <span class='ocrx_word' id='word_1_558' title='bbox 1684 3955 1858 4030; x_wconf 79' lang='grc' dir='ltr'><strong>ὣσπερ</strong></span> 
     </span>
    </p>
   </div>
   <div class='ocr_carea' id='block_1_72' title="bbox 214 4039 1859 4117">
    <p class='ocr_par' dir='ltr' id='par_1_72' title="bbox 214 4039 1859 4117">
     <span class='ocr_line' id='line_1_72' title="bbox 214 4039 1859 4117; baseline 0.003 -24"><span class='ocrx_word' id='word_1_559' title='bbox 214 4041 305 4114; x_wconf 64' lang='grc' dir='ltr'>βίᾳ</span> <span class='ocrx_word' id='word_1_560' title='bbox 322 4048 484 4114; x_wconf 68' lang='grc' dir='ltr'><strong>πυρός</strong></span> <span class='ocrx_word' id='word_1_561' title='bbox 500 4049 794 4114; x_wconf 77' lang='grc' dir='ltr'><strong>κυκώμενον</strong></span> <span class='ocrx_word' id='word_1_562' title='bbox 810 4047 898 4095; x_wconf 88' lang='grc' dir='ltr'>καὶ</span> <span class='ocrx_word' id='word_1_563' title='bbox 918 4042 1208 4115; x_wconf 73' lang='grc' dir='ltr'><strong>παφλάζον·</strong></span> <span class='ocrx_word' id='word_1_564' title='bbox 1224 4048 1354 4117; x_wconf 84' lang='grc' dir='ltr'><strong>πρός</strong></span> <span class='ocrx_word' id='word_1_565' title='bbox 1378 4039 1413 4096; x_wconf 90' lang='grc' dir='ltr'>δ</span> <span class='ocrx_word' id='word_1_566' title='bbox 1414 4046 1437 4095; x_wconf 63' lang='grc' dir='ltr'>ξ</span> <span class='ocrx_word' id='word_1_567' title='bbox 1453 4044 1859 4117; x_wconf 55' lang='grc' dir='ltr'><strong>τὴνέπιφάνειαν</strong></span> 
     </span>
    </p>
   </div>
   <div class='ocr_carea' id='block_1_73' title="bbox 214 4128 1858 4206">
    <p class='ocr_par' dir='ltr' id='par_1_73' title="bbox 214 4128 1858 4206">
     <span class='ocr_line' id='line_1_73' title="bbox 214 4128 1858 4206; baseline 0.002 -24"><span class='ocrx_word' id='word_1_568' title='bbox 214 4132 517 4198; x_wconf 51' lang='lat' dir='ltr'>Eia-#570,</span> <span class='ocrx_word' id='word_1_569' title='bbox 570 4129 619 4182; x_wconf 79' lang='grc' dir='ltr'><strong>ἐν</strong></span> <span class='ocrx_word' id='word_1_570' title='bbox 667 4129 792 4204; x_wconf 74' lang='grc' dir='ltr'><strong>ἄλλη</strong></span> <span class='ocrx_word' id='word_1_571' title='bbox 839 4139 1006 4206; x_wconf 59' lang='grc' dir='ltr'><strong>μοροῇ</strong></span> <span class='ocrx_word' id='word_1_572' title='bbox 1043 4135 1131 4183; x_wconf 86' lang='grc' dir='ltr'>τόν</span> <span class='ocrx_word' id='word_1_573' title='bbox 1166 4131 1495 4205; x_wconf 83' lang='grc' dir='ltr'><strong>ὀργιζόμενον</strong></span> <span class='ocrx_word' id='word_1_574' title='bbox 1540 4128 1721 4195; x_wconf 58' lang='grc' dir='ltr'><strong>ἓδειξν</strong></span> <span class='ocrx_word' id='word_1_575' title='bbox 1764 4139 1858 4192; x_wconf 73' lang='grc' dir='ltr'><strong>τὴν</strong></span> 
     </span>
    </p>
   </div>
   <div class='ocr_carea' id='block_1_74' title="bbox 218 4221 1857 4295">
    <p class='ocr_par' dir='ltr' id='par_1_74' title="bbox 218 4221 1857 4295">
     <span class='ocr_line' id='line_1_74' title="bbox 218 4221 1857 4295; baseline 0.002 -24"><span class='ocrx_word' id='word_1_576' title='bbox 218 4224 406 4278; x_wconf 55' lang='lat' dir='ltr'>math</span> <span class='ocrx_word' id='word_1_577' title='bbox 446 4226 584 4272; x_wconf 76' lang='grc' dir='ltr'><strong>πᾶσι</strong></span> <span class='ocrx_word' id='word_1_578' title='bbox 627 4224 718 4271; x_wconf 83' lang='grc' dir='ltr'>καὶ</span> <span class='ocrx_word' id='word_1_579' title='bbox 756 4226 1038 4293; x_wconf 83' lang='grc' dir='ltr'><strong>γνωρίμην,</strong></span> <span class='ocrx_word' id='word_1_580' title='bbox 1086 4221 1259 4295; x_wconf 87' lang='grc' dir='ltr'><strong>ὥσπερ</strong></span> <span class='ocrx_word' id='word_1_581' title='bbox 1307 4240 1360 4273; x_wconf 87' lang='grc' dir='ltr'>τι</span> <span class='ocrx_word' id='word_1_582' title='bbox 1401 4230 1725 4294; x_wconf 82' lang='grc' dir='ltr'><strong>προσωπεῖον</strong></span> <span class='ocrx_word' id='word_1_583' title='bbox 1770 4222 1857 4275; x_wconf 85' lang='grc' dir='ltr'>ἐπὶ</span> 
     </span>
    </p>
   </div>
   <div class='ocr_carea' id='block_1_75' title="bbox 218 4309 1856 4386">
    <p class='ocr_par' dir='ltr' id='par_1_75' title="bbox 218 4309 1856 4386">
     <span class='ocr_line' id='line_1_75' title="bbox 218 4309 1856 4386; baseline 0.002 -24"><span class='ocrx_word' id='word_1_584' title='bbox 218 4319 371 4368; x_wconf 61' lang='grc' dir='ltr'>ςπξῆ</span> <span class='ocrx_word' id='word_1_585' title='bbox 383 4331 424 4371; x_wconf 77' lang='grc' dir='ltr'><strong>ς,</strong></span> <span class='ocrx_word' id='word_1_586' title='bbox 456 4309 778 4372; x_wconf 52' lang='lat' dir='ltr'>unanimi.</span> <span class='ocrx_word' id='word_1_587' title='bbox 814 4309 1098 4383; x_wconf 65' lang='grc' dir='ltr'><strong>Ὀφθαλμοὶ</strong></span> <span class='ocrx_word' id='word_1_588' title='bbox 1129 4312 1217 4384; x_wconf 70' lang='grc' dir='ltr'>μὲν</span> <span class='ocrx_word' id='word_1_589' title='bbox 1245 4315 1345 4386; x_wconf 80' lang='grc' dir='ltr'><strong>γὰρ</strong></span> <span class='ocrx_word' id='word_1_590' title='bbox 1367 4314 1578 4373; x_wconf 66' lang='grc' dir='ltr'><strong>ἐκείνοις</strong></span> <span class='ocrx_word' id='word_1_591' title='bbox 1604 4314 1652 4364; x_wconf 85' lang='grc' dir='ltr'>οἱ</span> <span class='ocrx_word' id='word_1_592' title='bbox 1673 4316 1856 4366; x_wconf 75' lang='grc' dir='ltr'><strong>οἰκεῖοί</strong></span> 
     </span>
    </p>
   </div>
   <div class='ocr_carea' id='block_1_76' title="bbox 224 4397 1853 4474">
    <p class='ocr_par' dir='ltr' id='par_1_76' title="bbox 224 4397 1853 4474">
     <span class='ocr_line' id='line_1_76' title="bbox 224 4397 1853 4474; baseline 0.002 -24"><span class='ocrx_word' id='word_1_593' title='bbox 224 4418 272 4449; x_wconf 80' lang='grc' dir='ltr'>τι</span> <span class='ocrx_word' id='word_1_594' title='bbox 312 4404 395 4451; x_wconf 66' lang='lat' dir='ltr'>uti</span> <span class='ocrx_word' id='word_1_595' title='bbox 427 4401 673 4460; x_wconf 61' lang='grc' dir='ltr'><strong>συνήθεις</strong></span> <span class='ocrx_word' id='word_1_596' title='bbox 703 4399 999 4471; x_wconf 73' lang='grc' dir='ltr'><strong>ὴγνόηνται,</strong></span> <span class='ocrx_word' id='word_1_597' title='bbox 1039 4406 1336 4473; x_wconf 61' lang='grc' dir='ltr'><strong>παρήγορον</strong></span> <span class='ocrx_word' id='word_1_598' title='bbox 1376 4397 1435 4453; x_wconf 68' lang='grc' dir='ltr'>δὲ</span> <span class='ocrx_word' id='word_1_599' title='bbox 1471 4404 1528 4452; x_wconf 85' lang='grc' dir='ltr'><strong>τὸ</strong></span> <span class='ocrx_word' id='word_1_600' title='bbox 1560 4405 1721 4474; x_wconf 81' lang='grc' dir='ltr'><strong>ὄμμα,</strong></span> <span class='ocrx_word' id='word_1_601' title='bbox 1764 4407 1853 4454; x_wconf 80' lang='grc' dir='ltr'>καὶ</span> 
     </span>
    </p>
   </div>
   <div class='ocr_carea' id='block_1_77' title="bbox 1964 3230 3609 3302">
    <p class='ocr_par' dir='ltr' id='par_1_77' title="bbox 1964 3230 3609 3302">
     <span class='ocr_line' id='line_1_77' title="bbox 1964 3230 3609 3302; baseline -0.002 -12"><span class='ocrx_word' id='word_1_602' title='bbox 1964 3239 2129 3300; x_wconf 89' lang='lat' dir='ltr'>esset,</span> <span class='ocrx_word' id='word_1_603' title='bbox 2160 3238 2217 3290; x_wconf 90' lang='lat' dir='ltr'>et</span> <span class='ocrx_word' id='word_1_604' title='bbox 2244 3232 2695 3292; x_wconf 76' lang='lat' dir='ltr'>matrimonium</span> <span class='ocrx_word' id='word_1_605' title='bbox 2730 3251 2850 3293; x_wconf 90' lang='lat' dir='ltr'>non</span> <span class='ocrx_word' id='word_1_606' title='bbox 2876 3238 3376 3293; x_wconf 82' lang='lat' dir='ltr'>contemneretur.</span> <span class='ocrx_word' id='word_1_607' title='bbox 3417 3230 3609 3302; x_wconf 88' lang='lat' dir='ltr'>Virgi-</span> 
     </span>
    </p>
   </div>
   <div class='ocr_carea' id='block_1_78' title="bbox 1962 3323 3657 3394">
    <p class='ocr_par' dir='ltr' id='par_1_78' title="bbox 1962 3323 3657 3394">
     <span class='ocr_line' id='line_1_78' title="bbox 1962 3323 3657 3394; baseline 0 -15"><span class='ocrx_word' id='word_1_608' title='bbox 1962 3324 2122 3380; x_wconf 89' lang='lat' dir='ltr'>nitas</span> <span class='ocrx_word' id='word_1_609' title='bbox 2147 3324 2302 3381; x_wconf 88' lang='lat' dir='ltr'>enim</span> <span class='ocrx_word' id='word_1_610' title='bbox 2332 3330 2397 3380; x_wconf 90' lang='lat' dir='ltr'>ut</span> <span class='ocrx_word' id='word_1_611' title='bbox 2426 3325 2509 3380; x_wconf 85' lang='lat' dir='ltr'>ad</span> <span class='ocrx_word' id='word_1_612' title='bbox 2534 3325 2990 3382; x_wconf 88' lang='lat' dir='ltr'>sanctimoniam</span> <span class='ocrx_word' id='word_1_613' title='bbox 3020 3329 3187 3394; x_wconf 88' lang='lat' dir='ltr'>apta,</span> <span class='ocrx_word' id='word_1_614' title='bbox 3219 3323 3439 3379; x_wconf 77' lang='lat' dir='ltr'>selecto</span> <span class='ocrx_word' id='word_1_615' title='bbox 3470 3325 3561 3378; x_wconf 85' lang='lat' dir='ltr'>est</span> <span class='ocrx_word' id='word_1_616' title='bbox 3592 3336 3607 3375; x_wconf 87' lang='lat'><strong>:</strong></span> <span class='ocrx_word' id='word_1_617' title='bbox 3656 3374 3657 3379; x_wconf 45' lang='grc' dir='ltr'>η</span> 
     </span>
    </p>
   </div>
   <div class='ocr_carea' id='block_1_79' title="bbox 1960 3408 3611 3484">
    <p class='ocr_par' dir='ltr' id='par_1_79' title="bbox 1960 3408 3611 3484">
     <span class='ocr_line' id='line_1_79' title="bbox 1960 3408 3611 3484; baseline -0.002 -15"><span class='ocrx_word' id='word_1_618' title='bbox 1960 3427 2070 3483; x_wconf 87' lang='lat' dir='ltr'>per</span> <span class='ocrx_word' id='word_1_619' title='bbox 2097 3412 2612 3484; x_wconf 88' lang='lat' dir='ltr'>desponsationem</span> <span class='ocrx_word' id='word_1_620' title='bbox 2642 3429 2780 3471; x_wconf 88' lang='lat' dir='ltr'>vero</span> <span class='ocrx_word' id='word_1_621' title='bbox 2814 3414 3241 3483; x_wconf 86' lang='lat' dir='ltr'>comprehensa</span> <span class='ocrx_word' id='word_1_622' title='bbox 3265 3413 3408 3468; x_wconf 84' lang='lat' dir='ltr'>sunt</span> <span class='ocrx_word' id='word_1_623' title='bbox 3434 3408 3611 3465; x_wconf 87' lang='lat' dir='ltr'>initia</span> 
     </span>
    </p>
   </div>
   <div class='ocr_carea' id='block_1_80' title="bbox 1962 3497 3610 3573">
    <p class='ocr_par' dir='ltr' id='par_1_80' title="bbox 1962 3497 3610 3573">
     <span class='ocr_line' id='line_1_80' title="bbox 1962 3497 3610 3573; baseline -0.004 -15"><span class='ocrx_word' id='word_1_624' title='bbox 1962 3504 2338 3573; x_wconf 81' lang='lat' dir='ltr'>nuptiarum.</span> <span class='ocrx_word' id='word_1_625' title='bbox 2380 3504 2582 3561; x_wconf 90' lang='lat' dir='ltr'>Simul</span> <span class='ocrx_word' id='word_1_626' title='bbox 2621 3510 2843 3571; x_wconf 88' lang='lat' dir='ltr'>autem,</span> <span class='ocrx_word' id='word_1_627' title='bbox 2884 3509 2951 3559; x_wconf 86' lang='lat' dir='ltr'>ut</span> <span class='ocrx_word' id='word_1_628' title='bbox 2981 3508 3035 3560; x_wconf 90' lang='lat' dir='ltr'>et</span> <span class='ocrx_word' id='word_1_629' title='bbox 3063 3502 3285 3573; x_wconf 86' lang='lat' dir='ltr'>Joseph</span> <span class='ocrx_word' id='word_1_630' title='bbox 3323 3497 3610 3571; x_wconf 84' lang='lat' dir='ltr'>puritatis</span> 
     </span>
    </p>
   </div>
   <div class='ocr_carea' id='block_1_81' title="bbox 1962 3587 3610 3659">
    <p class='ocr_par' dir='ltr' id='par_1_81' title="bbox 1962 3587 3610 3659">
     <span class='ocr_line' id='line_1_81' title="bbox 1962 3587 3610 3659; baseline -0.004 -12"><span class='ocrx_word' id='word_1_631' title='bbox 1962 3591 2178 3650; x_wconf 77' lang='lat' dir='ltr'>Mariae</span> <span class='ocrx_word' id='word_1_632' title='bbox 2220 3599 2367 3649; x_wconf 88' lang='lat' dir='ltr'>esset</span> <span class='ocrx_word' id='word_1_633' title='bbox 2398 3596 2560 3650; x_wconf 86' lang='lat' dir='ltr'>testis</span> <span class='ocrx_word' id='word_1_634' title='bbox 2599 3594 2974 3659; x_wconf 85' lang='lat' dir='ltr'>domesticus,</span> <span class='ocrx_word' id='word_1_635' title='bbox 3008 3598 3063 3649; x_wconf 87' lang='lat' dir='ltr'>et</span> <span class='ocrx_word' id='word_1_636' title='bbox 3102 3605 3177 3647; x_wconf 85' lang='lat' dir='ltr'>ne</span> <span class='ocrx_word' id='word_1_637' title='bbox 3214 3587 3610 3646; x_wconf 86' lang='lat' dir='ltr'>calumniato-</span> 
     </span>
    </p>
   </div>
   <div class='ocr_carea' id='block_1_82' title="bbox 1964 3674 3607 3754">
    <p class='ocr_par' dir='ltr' id='par_1_82' title="bbox 1964 3674 3607 3754">
     <span class='ocr_line' id='line_1_82' title="bbox 1964 3674 3607 3754; baseline -0.005 -17"><span class='ocrx_word' id='word_1_638' title='bbox 1964 3681 2131 3737; x_wconf 84' lang='lat' dir='ltr'>ribus</span> <span class='ocrx_word' id='word_1_639' title='bbox 2166 3683 2326 3751; x_wconf 86' lang='lat' dir='ltr'>foret</span> <span class='ocrx_word' id='word_1_640' title='bbox 2367 3683 2649 3744; x_wconf 71' lang='lat' dir='ltr'>obnoxia,</span> <span class='ocrx_word' id='word_1_641' title='bbox 2682 3683 2854 3754; x_wconf 86' lang='lat' dir='ltr'>quasi</span> <span class='ocrx_word' id='word_1_642' title='bbox 2879 3681 3291 3752; x_wconf 82' lang='lat' dir='ltr'>virginitatem</span> <span class='ocrx_word' id='word_1_643' title='bbox 3321 3674 3607 3732; x_wconf 89' lang='lat' dir='ltr'>contami-</span> 
     </span>
    </p>
   </div>
   <div class='ocr_carea' id='block_1_83' title="bbox 1963 3761 3610 3840">
    <p class='ocr_par' dir='ltr' id='par_1_83' title="bbox 1963 3761 3610 3840">
     <span class='ocr_line' id='line_1_83' title="bbox 1963 3761 3610 3840; baseline -0.005 -14"><span class='ocrx_word' id='word_1_644' title='bbox 1963 3775 2200 3839; x_wconf 90' lang='lat' dir='ltr'>nasset;</span> <span class='ocrx_word' id='word_1_645' title='bbox 2244 3786 2527 3840; x_wconf 88' lang='lat' dir='ltr'>sponsum</span> <span class='ocrx_word' id='word_1_646' title='bbox 2559 3770 2817 3827; x_wconf 88' lang='lat' dir='ltr'>habebat</span> <span class='ocrx_word' id='word_1_647' title='bbox 2847 3770 2984 3827; x_wconf 65' lang='lat' dir='ltr'>vitae</span> <span class='ocrx_word' id='word_1_648' title='bbox 3018 3768 3336 3825; x_wconf 87' lang='lat' dir='ltr'>custodem.</span> <span class='ocrx_word' id='word_1_649' title='bbox 3370 3767 3487 3821; x_wconf 85' lang='lat' dir='ltr'>Nec</span> <span class='ocrx_word' id='word_1_650' title='bbox 3524 3761 3610 3818; x_wconf 85' lang='lat' dir='ltr'>ita</span> 
     </span>
    </p>
   </div>
   <div class='ocr_carea' id='block_1_84' title="bbox 1965 3856 3607 3934">
    <p class='ocr_par' dir='ltr' id='par_1_84' title="bbox 1965 3856 3607 3934">
     <span class='ocr_line' id='line_1_84' title="bbox 1965 3856 3607 3934; baseline -0.004 -19"><span class='ocrx_word' id='word_1_651' title='bbox 1965 3858 2156 3916; x_wconf 88' lang='lat' dir='ltr'>multo</span> <span class='ocrx_word' id='word_1_652' title='bbox 2203 3859 2382 3930; x_wconf 85' lang='lat' dir='ltr'>infra,</span> <span class='ocrx_word' id='word_1_653' title='bbox 2422 3858 2657 3934; x_wconf 88' lang='lat' dir='ltr'>antiqui</span> <span class='ocrx_word' id='word_1_654' title='bbox 2703 3858 3027 3932; x_wconf 88' lang='lat' dir='ltr'>cujusdam</span> <span class='ocrx_word' id='word_1_655' title='bbox 3068 3856 3429 3914; x_wconf 88' lang='lat' dir='ltr'>sententiam</span> <span class='ocrx_word' id='word_1_656' title='bbox 3465 3867 3607 3926; x_wconf 89' lang='lat' dir='ltr'>pro-</span> 
     </span>
    </p>
   </div>
   <div class='ocr_carea' id='block_1_85' title="bbox 1964 3942 3609 4022">
    <p class='ocr_par' dir='ltr' id='par_1_85' title="bbox 1964 3942 3609 4022">
     <span class='ocr_line' id='line_1_85' title="bbox 1964 3942 3609 4022; baseline -0.007 -17"><span class='ocrx_word' id='word_1_657' title='bbox 1964 3963 2218 4022; x_wconf 89' lang='lat' dir='ltr'>ponens,</span> <span class='ocrx_word' id='word_1_658' title='bbox 2266 3949 2428 4005; x_wconf 86' lang='lat' dir='ltr'>idem</span> <span class='ocrx_word' id='word_1_659' title='bbox 2470 3955 2680 4007; x_wconf 89' lang='lat' dir='ltr'>auctor</span> <span class='ocrx_word' id='word_1_660' title='bbox 2719 3949 2806 4005; x_wconf 91' lang='lat' dir='ltr'>sic</span> <span class='ocrx_word' id='word_1_661' title='bbox 2850 3948 3091 4005; x_wconf 90' lang='lat' dir='ltr'>scribit:</span> <span class='ocrx_word' id='word_1_662' title='bbox 3139 3948 3357 4022; x_wconf 82' lang='grc' dir='ltr'><strong>Εἱρηται</strong></span> <span class='ocrx_word' id='word_1_663' title='bbox 3403 3942 3462 3998; x_wconf 75' lang='grc' dir='ltr'>δὲ</span> <span class='ocrx_word' id='word_1_664' title='bbox 3508 3950 3609 3995; x_wconf 86' lang='grc' dir='ltr'>τῶν</span> 
     </span>
    </p>
   </div>
   <div class='ocr_carea' id='block_1_86' title="bbox 1964 4034 3610 4115">
    <p class='ocr_par' dir='ltr' id='par_1_86' title="bbox 1964 4034 3610 4115">
     <span class='ocr_line' id='line_1_86' title="bbox 1964 4034 3610 4115; baseline -0.002 -24"><span class='ocrx_word' id='word_1_665' title='bbox 1964 4037 2196 4091; x_wconf 82' lang='grc' dir='ltr'><strong>παλαιῶν</strong></span> <span class='ocrx_word' id='word_1_666' title='bbox 2233 4059 2334 4092; x_wconf 86' lang='grc' dir='ltr'><strong>τινι</strong></span> <span class='ocrx_word' id='word_1_667' title='bbox 2370 4044 2460 4092; x_wconf 83' lang='grc' dir='ltr'>καὶ</span> <span class='ocrx_word' id='word_1_668' title='bbox 2501 4039 2668 4115; x_wconf 71' lang='grc' dir='ltr'><strong>ἕτερος</strong></span> <span class='ocrx_word' id='word_1_669' title='bbox 2701 4039 2872 4113; x_wconf 88' lang='grc' dir='ltr'><strong>λόγος,</strong></span> <span class='ocrx_word' id='word_1_670' title='bbox 2907 4040 2986 4093; x_wconf 84' lang='grc' dir='ltr'>ὅτι</span> <span class='ocrx_word' id='word_1_671' title='bbox 3024 4040 3151 4112; x_wconf 71' lang='grc' dir='ltr'><strong>ὑπὲρ</strong></span> <span class='ocrx_word' id='word_1_672' title='bbox 3185 4044 3278 4091; x_wconf 73' lang='grc' dir='ltr'><strong>τοῦ</strong></span> <span class='ocrx_word' id='word_1_673' title='bbox 3315 4034 3486 4088; x_wconf 79' lang='grc' dir='ltr'><strong>λαθεῖν</strong></span> <span class='ocrx_word' id='word_1_674' title='bbox 3524 4036 3610 4087; x_wconf 86' lang='grc' dir='ltr'><strong>τὸν</strong></span> 
     </span>
    </p>
   </div>
   <div class='ocr_carea' id='block_1_87' title="bbox 1964 4124 3605 4203">
    <p class='ocr_par' dir='ltr' id='par_1_87' title="bbox 1964 4124 3605 4203">
     <span class='ocr_line' id='line_1_87' title="bbox 1964 4124 3605 4203; baseline -0.005 -21"><span class='ocrx_word' id='word_1_675' title='bbox 1964 4128 2202 4201; x_wconf 80' lang='grc' dir='ltr'><strong>ἄρχοντα</strong></span> <span class='ocrx_word' id='word_1_676' title='bbox 2232 4136 2323 4181; x_wconf 79' lang='grc' dir='ltr'><strong>τοῦ</strong></span> <span class='ocrx_word' id='word_1_677' title='bbox 2351 4128 2533 4192; x_wconf 82' lang='grc' dir='ltr'><strong>αἰῶνος</strong></span> <span class='ocrx_word' id='word_1_678' title='bbox 2563 4133 2749 4182; x_wconf 85' lang='grc' dir='ltr'><strong>τούτου</strong></span> <span class='ocrx_word' id='word_1_679' title='bbox 2789 4134 2882 4187; x_wconf 76' lang='grc' dir='ltr'><strong>τὴν</strong></span> <span class='ocrx_word' id='word_1_680' title='bbox 2910 4131 3188 4203; x_wconf 81' lang='grc' dir='ltr'><strong>παρθενίαν</strong></span> <span class='ocrx_word' id='word_1_681' title='bbox 3228 4135 3320 4187; x_wconf 82' lang='grc' dir='ltr'><strong>τῆς</strong></span> <span class='ocrx_word' id='word_1_682' title='bbox 3346 4127 3551 4196; x_wconf 84' lang='grc' dir='ltr'><strong>Μαρίας</strong></span> <span class='ocrx_word' id='word_1_683' title='bbox 3576 4124 3605 4183; x_wconf 77' lang='grc' dir='ltr'>ἡ</span> 
     </span>
    </p>
   </div>
   <div class='ocr_carea' id='block_1_88' title="bbox 1964 4215 3611 4293">
    <p class='ocr_par' dir='ltr' id='par_1_88' title="bbox 1964 4215 3611 4293">
     <span class='ocr_line' id='line_1_88' title="bbox 1964 4215 3611 4293; baseline -0.005 -17"><span class='ocrx_word' id='word_1_684' title='bbox 1964 4226 2056 4271; x_wconf 80' lang='grc' dir='ltr'><strong>τοῦ</strong></span> <span class='ocrx_word' id='word_1_685' title='bbox 2091 4219 2276 4291; x_wconf 75' lang='grc' dir='ltr'>Ἰωσὴφ</span> <span class='ocrx_word' id='word_1_686' title='bbox 2308 4218 2558 4278; x_wconf 77' lang='grc' dir='ltr'><strong>ἐπενοήθη</strong></span> <span class='ocrx_word' id='word_1_687' title='bbox 2585 4225 2860 4293; x_wconf 82' lang='grc' dir='ltr'><strong>μνηστεία.</strong></span> <span class='ocrx_word' id='word_1_688' title='bbox 2884 4220 3097 4275; x_wconf 85' lang='lat' dir='ltr'>Allata</span> <span class='ocrx_word' id='word_1_689' title='bbox 3119 4222 3203 4274; x_wconf 89' lang='lat' dir='ltr'>est</span> <span class='ocrx_word' id='word_1_690' title='bbox 3222 4221 3280 4272; x_wconf 84' lang='lat' dir='ltr'>et</span> <span class='ocrx_word' id='word_1_691' title='bbox 3302 4215 3429 4271; x_wconf 89' lang='lat' dir='ltr'>alia</span> <span class='ocrx_word' id='word_1_692' title='bbox 3452 4216 3611 4269; x_wconf 86' lang='lat' dir='ltr'>ratio</span> 
     </span>
    </p>
   </div>
   <div class='ocr_carea' id='block_1_89' title="bbox 1964 4302 3614 4381">
    <p class='ocr_par' dir='ltr' id='par_1_89' title="bbox 1964 4302 3614 4381">
     <span class='ocr_line' id='line_1_89' title="bbox 1964 4302 3614 4381; baseline -0.005 -16"><span class='ocrx_word' id='word_1_693' title='bbox 1964 4323 2000 4365; x_wconf 87' lang='grc' dir='ltr'>α</span> <span class='ocrx_word' id='word_1_694' title='bbox 2021 4309 2279 4379; x_wconf 86' lang='lat' dir='ltr'>quodam</span> <span class='ocrx_word' id='word_1_695' title='bbox 2305 4323 2380 4365; x_wconf 69' lang='lat' dir='ltr'>ex</span> <span class='ocrx_word' id='word_1_696' title='bbox 2400 4310 2686 4381; x_wconf 84' lang='lat' dir='ltr'>antiquis,</span> <span class='ocrx_word' id='word_1_697' title='bbox 2710 4309 2985 4366; x_wconf 74' lang='lat' dir='ltr'>videlicet</span> <span class='ocrx_word' id='word_1_698' title='bbox 3006 4307 3409 4376; x_wconf 72' lang='lat' dir='ltr'>excogitatam</span> <span class='ocrx_word' id='word_1_699' title='bbox 3424 4302 3614 4373; x_wconf 81' lang='lat' dir='ltr'>fuisse</span> 
     </span>
    </p>
   </div>
   <div class='ocr_carea' id='block_1_90' title="bbox 1962 4393 3614 4469">
    <p class='ocr_par' dir='ltr' id='par_1_90' title="bbox 1962 4393 3614 4469">
     <span class='ocr_line' id='line_1_90' title="bbox 1962 4393 3614 4469; baseline -0.004 -15"><span class='ocrx_word' id='word_1_700' title='bbox 1962 4399 2205 4469; x_wconf 87' lang='lat' dir='ltr'>Josephi</span> <span class='ocrx_word' id='word_1_701' title='bbox 2258 4399 2798 4469; x_wconf 88' lang='lat' dir='ltr'>desponsationem,</span> <span class='ocrx_word' id='word_1_702' title='bbox 2869 4403 2935 4453; x_wconf 87' lang='lat' dir='ltr'>ut</span> <span class='ocrx_word' id='word_1_703' title='bbox 2993 4397 3213 4453; x_wconf 68' lang='grc' dir='ltr'><strong>Μανία»</strong></span> <span class='ocrx_word' id='word_1_704' title='bbox 3286 4393 3614 4466; x_wconf 74' lang='lat' dir='ltr'>virginitas</span> 
     </span>
    </p>
   </div>
   <div class='ocr_carea' id='block_1_91' title="bbox 230 4482 1852 4574">
    <p class='ocr_par' dir='ltr' id='par_1_91' title="bbox 230 4485 1852 4563">
     <span class='ocr_line' id='line_1_91' title="bbox 230 4485 1852 4563; baseline 0.004 -28"><span class='ocrx_word' id='word_1_705' title='bbox 230 4498 317 4559; x_wconf 55' lang='lat' dir='ltr'>ti?</span> <span class='ocrx_word' id='word_1_706' title='bbox 359 4485 458 4546; x_wconf 70' lang='grc' dir='ltr'>ἤδη</span> <span class='ocrx_word' id='word_1_707' title='bbox 510 4486 712 4560; x_wconf 70' lang='grc' dir='ltr'><strong>βλὲπει,</strong></span> <span class='ocrx_word' id='word_1_708' title='bbox 753 4492 841 4540; x_wconf 82' lang='grc' dir='ltr'>καὶ</span> <span class='ocrx_word' id='word_1_709' title='bbox 893 4490 1180 4563; x_wconf 78' lang='grc' dir='ltr'><strong>παραθήγει</strong></span> <span class='ocrx_word' id='word_1_710' title='bbox 1221 4492 1309 4541; x_wconf 83' lang='grc' dir='ltr'>τόν</span> <span class='ocrx_word' id='word_1_711' title='bbox 1348 4486 1540 4542; x_wconf 82' lang='grc' dir='ltr'><strong>ὀδόντα</strong></span> <span class='ocrx_word' id='word_1_712' title='bbox 1585 4493 1719 4542; x_wconf 85' lang='grc' dir='ltr'>κατά</span> <span class='ocrx_word' id='word_1_713' title='bbox 1758 4499 1852 4542; x_wconf 79' lang='grc' dir='ltr'>τῶν</span> 
     </span>
    </p>
   </div>
   <div class='ocr_carea' id='block_1_92' title="bbox 1961 4482 3612 4574">
    <p class='ocr_par' dir='ltr' id='par_1_92' title="bbox 1971 4482 3612 4560">
     <span class='ocr_line' id='line_1_92' title="bbox 1971 4482 3612 4560; baseline -0.004 -15"><span class='ocrx_word' id='word_1_714' title='bbox 1971 4490 2183 4547; x_wconf 87' lang='lat' dir='ltr'>lateret</span> <span class='ocrx_word' id='word_1_715' title='bbox 2213 4488 2390 4560; x_wconf 87' lang='lat' dir='ltr'>hujus</span> <span class='ocrx_word' id='word_1_716' title='bbox 2427 4488 2643 4546; x_wconf 90' lang='lat' dir='ltr'>mundi</span> <span class='ocrx_word' id='word_1_717' title='bbox 2660 4489 3011 4558; x_wconf 85' lang='lat' dir='ltr'>principem.</span> <span class='ocrx_word' id='word_1_718' title='bbox 3048 4488 3155 4542; x_wconf 82' lang='lat' dir='ltr'>Vix</span> <span class='ocrx_word' id='word_1_719' title='bbox 3192 4489 3397 4543; x_wconf 88' lang='lat' dir='ltr'>autem</span> <span class='ocrx_word' id='word_1_720' title='bbox 3434 4482 3612 4540; x_wconf 91' lang='lat' dir='ltr'>dubi-</span> 
     </span>
    </p>
   </div>
   <div class='ocr_carea' id='block_1_93' title="bbox 238 4576 1854 4653">
    <p class='ocr_par' dir='ltr' id='par_1_93' title="bbox 238 4576 1854 4653">
     <span class='ocr_line' id='line_1_93' title="bbox 238 4576 1854 4653; baseline 0.004 -27"><span class='ocrx_word' id='word_1_721' title='bbox 238 4584 353 4626; x_wconf 61' lang='grc' dir='ltr'><strong>τήν.</strong></span> <span class='ocrx_word' id='word_1_722' title='bbox 395 4584 513 4639; x_wconf 70' lang='grc' dir='ltr'><strong>τοὺς</strong></span> <span class='ocrx_word' id='word_1_723' title='bbox 569 4579 729 4649; x_wconf 85' lang='grc' dir='ltr'><strong>ὁμόσε</strong></span> <span class='ocrx_word' id='word_1_724' title='bbox 776 4585 1097 4650; x_wconf 73' lang='grc' dir='ltr'><strong>χωροῦντας.</strong></span> <span class='ocrx_word' id='word_1_725' title='bbox 1131 4582 1413 4653; x_wconf 82' lang='grc' dir='ltr'><strong>Πρόσωπον</strong></span> <span class='ocrx_word' id='word_1_726' title='bbox 1468 4576 1708 4633; x_wconf 81' lang='grc' dir='ltr'><strong>πελιδνὸν</strong></span> <span class='ocrx_word' id='word_1_727' title='bbox 1765 4584 1854 4633; x_wconf 89' lang='grc' dir='ltr'>καὶ</span> 
     </span>
    </p>
   </div>
   <div class='ocr_carea' id='block_1_94' title="bbox 232 4664 1854 4743">
    <p class='ocr_par' dir='ltr' id='par_1_94' title="bbox 232 4664 1854 4743">
     <span class='ocr_line' id='line_1_94' title="bbox 232 4664 1854 4743; baseline 0.005 -29"><span class='ocrx_word' id='word_1_728' title='bbox 232 4664 492 4736; x_wconf 46' lang='lat' dir='ltr'>ﬁnium.&quot;</span> <span class='ocrx_word' id='word_1_729' title='bbox 553 4667 605 4719; x_wconf 75' lang='grc' dir='ltr'><strong>ἐν</strong></span> <span class='ocrx_word' id='word_1_730' title='bbox 666 4670 764 4739; x_wconf 80' lang='grc' dir='ltr'>γὰρ</span> <span class='ocrx_word' id='word_1_731' title='bbox 820 4666 1061 4739; x_wconf 81' lang='grc' dir='ltr'><strong>ἁμίλλαις</strong></span> <span class='ocrx_word' id='word_1_732' title='bbox 1116 4676 1387 4743; x_wconf 81' lang='grc' dir='ltr'><strong>πονηραῖς,</strong></span> <span class='ocrx_word' id='word_1_733' title='bbox 1459 4668 1767 4743; x_wconf 77' lang='grc' dir='ltr'><strong>ἀθλιώτερος</strong></span> <span class='ocrx_word' id='word_1_734' title='bbox 1828 4673 1854 4722; x_wconf 88' lang='grc' dir='ltr'><strong><em>ὸ</em></strong></span> 
     </span>
    </p>
   </div>
   <div class='ocr_carea' id='block_1_95' title="bbox 228 4757 1853 4830">
    <p class='ocr_par' dir='ltr' id='par_1_95' title="bbox 228 4757 1853 4830">
     <span class='ocr_line' id='line_1_95' title="bbox 228 4757 1853 4830; baseline 0.007 -25"><span class='ocrx_word' id='word_1_735' title='bbox 228 4765 441 4819; x_wconf 55' lang='lat' dir='ltr'>mica;</span> <span class='ocrx_word' id='word_1_736' title='bbox 464 4758 592 4814; x_wconf 90' lang='lat' dir='ltr'>Per</span> <span class='ocrx_word' id='word_1_737' title='bbox 621 4759 775 4813; x_wconf 88' lang='lat' dir='ltr'>iram</span> <span class='ocrx_word' id='word_1_738' title='bbox 799 4757 1029 4826; x_wconf 82' lang='lat' dir='ltr'>fratres</span> <span class='ocrx_word' id='word_1_739' title='bbox 1067 4772 1128 4815; x_wconf 89' lang='lat' dir='ltr'>se</span> <span class='ocrx_word' id='word_1_740' title='bbox 1154 4760 1407 4816; x_wconf 88' lang='lat' dir='ltr'>invicem</span> <span class='ocrx_word' id='word_1_741' title='bbox 1445 4761 1808 4830; x_wconf 84' lang='lat' dir='ltr'>ignoravere</span> <span class='ocrx_word' id='word_1_742' title='bbox 1840 4777 1853 4816; x_wconf 90' lang='lat'><strong>:</strong></span> 
     </span>
    </p>
   </div>
   <div class='ocr_carea' id='block_1_96' title="bbox 227 4848 1854 4921">
    <p class='ocr_par' dir='ltr' id='par_1_96' title="bbox 227 4848 1854 4921">
     <span class='ocr_line' id='line_1_96' title="bbox 227 4848 1854 4921; baseline 0.003 -18"><span class='ocrx_word' id='word_1_743' title='bbox 227 4853 483 4913; x_wconf 77' lang='lat' dir='ltr'>parentes</span> <span class='ocrx_word' id='word_1_744' title='bbox 531 4862 768 4921; x_wconf 83' lang='lat' dir='ltr'>quoque</span> <span class='ocrx_word' id='word_1_745' title='bbox 816 4852 871 4904; x_wconf 92' lang='lat' dir='ltr'>et</span> <span class='ocrx_word' id='word_1_746' title='bbox 931 4848 1104 4905; x_wconf 86' lang='lat' dir='ltr'>liberi</span> <span class='ocrx_word' id='word_1_747' title='bbox 1131 4854 1374 4905; x_wconf 58' lang='lat' dir='ltr'>natura</span> <span class='ocrx_word' id='word_1_748' title='bbox 1423 4851 1599 4909; x_wconf 86' lang='lat' dir='ltr'>obliti</span> <span class='ocrx_word' id='word_1_749' title='bbox 1644 4857 1854 4908; x_wconf 91' lang='lat' dir='ltr'>sunt...</span> 
     </span>
    </p>
   </div>
   <div class='ocr_carea' id='block_1_97' title="bbox 229 4937 1852 5010">
    <p class='ocr_par' dir='ltr' id='par_1_97' title="bbox 229 4937 1852 5010">
     <span class='ocr_line' id='line_1_97' title="bbox 229 4937 1852 5010; baseline 0.004 -20"><span class='ocrx_word' id='word_1_750' title='bbox 229 4949 287 4990; x_wconf 79' lang='lat' dir='ltr'>ac</span> <span class='ocrx_word' id='word_1_751' title='bbox 320 4937 715 5009; x_wconf 75' lang='lat' dir='ltr'>impudentius</span> <span class='ocrx_word' id='word_1_752' title='bbox 738 4943 1027 4994; x_wconf 76' lang='lat' dir='ltr'>venenata</span> <span class='ocrx_word' id='word_1_753' title='bbox 1065 4941 1275 5010; x_wconf 90' lang='lat' dir='ltr'>quavis</span> <span class='ocrx_word' id='word_1_754' title='bbox 1311 4940 1494 4996; x_wconf 85' lang='lat' dir='ltr'>bestia</span> <span class='ocrx_word' id='word_1_755' title='bbox 1532 4943 1852 5006; x_wconf 86' lang='lat' dir='ltr'>irruentes,</span> 
     </span>
    </p>
   </div>
   <div class='ocr_carea' id='block_1_98' title="bbox 230 5029 1854 5100">
    <p class='ocr_par' dir='ltr' id='par_1_98' title="bbox 230 5029 1854 5100">
     <span class='ocr_line' id='line_1_98' title="bbox 230 5029 1854 5100; baseline 0.004 -18"><span class='ocrx_word' id='word_1_756' title='bbox 230 5042 331 5082; x_wconf 80' lang='lat' dir='ltr'>non</span> <span class='ocrx_word' id='word_1_757' title='bbox 362 5032 541 5097; x_wconf 81' lang='lat' dir='ltr'>prius</span> <span class='ocrx_word' id='word_1_758' title='bbox 574 5029 871 5084; x_wconf 85' lang='lat' dir='ltr'>desistunt</span> <span class='ocrx_word' id='word_1_759' title='bbox 914 5042 1093 5099; x_wconf 90' lang='lat' dir='ltr'>quam</span> <span class='ocrx_word' id='word_1_760' title='bbox 1141 5030 1534 5099; x_wconf 86' lang='lat' dir='ltr'>inﬂammatio</span> <span class='ocrx_word' id='word_1_761' title='bbox 1575 5045 1686 5100; x_wconf 85' lang='lat' dir='ltr'>per</span> <span class='ocrx_word' id='word_1_762' title='bbox 1732 5047 1854 5089; x_wconf 88' lang='lat' dir='ltr'>ma-</span> 
     </span>
    </p>
   </div>
   <div class='ocr_carea' id='block_1_99' title="bbox 230 5117 1855 5189">
    <p class='ocr_par' dir='ltr' id='par_1_99' title="bbox 230 5117 1855 5189">
     <span class='ocr_line' id='line_1_99' title="bbox 230 5117 1855 5189; baseline 0.005 -19"><span class='ocrx_word' id='word_1_763' title='bbox 230 5132 390 5181; x_wconf 71' lang='lat' dir='ltr'>gnam</span> <span class='ocrx_word' id='word_1_764' title='bbox 426 5117 1037 5189; x_wconf 86' lang='lat' dir='ltr'>immedicabilemque</span> <span class='ocrx_word' id='word_1_765' title='bbox 1062 5119 1417 5187; x_wconf 87' lang='lat' dir='ltr'>perniciem.</span> <span class='ocrx_word' id='word_1_766' title='bbox 1441 5162 1452 5174; x_wconf 92' lang='lat'>.</span> <span class='ocrx_word' id='word_1_767' title='bbox 1476 5161 1488 5173; x_wconf 92' lang='lat'>.</span> <span class='ocrx_word' id='word_1_768' title='bbox 1512 5163 1525 5175; x_wconf 97' lang='lat'>.</span> <span class='ocrx_word' id='word_1_769' title='bbox 1575 5120 1855 5178; x_wconf 83' lang='lat' dir='ltr'>discutia-</span> 
     </span>
    </p>
   </div>
   <div class='ocr_carea' id='block_1_100' title="bbox 232 5206 1878 5280">
    <p class='ocr_par' dir='ltr' id='par_1_100' title="bbox 232 5206 1878 5280">
     <span class='ocr_line' id='line_1_100' title="bbox 232 5206 1878 5280; baseline 0.006 -23"><span class='ocrx_word' id='word_1_770' title='bbox 444 5207 603 5263; x_wconf 80' lang='lat' dir='ltr'>Nam</span> <span class='ocrx_word' id='word_1_771' title='bbox 635 5208 800 5263; x_wconf 86' lang='lat' dir='ltr'>circa</span> <span class='ocrx_word' id='word_1_772' title='bbox 840 5221 948 5262; x_wconf 89' lang='lat' dir='ltr'>cor</span> <span class='ocrx_word' id='word_1_773' title='bbox 986 5206 1223 5278; x_wconf 87' lang='lat' dir='ltr'>quidem</span> <span class='ocrx_word' id='word_1_774' title='bbox 1262 5208 1328 5264; x_wconf 89' lang='lat' dir='ltr'>in</span> <span class='ocrx_word' id='word_1_775' title='bbox 1367 5208 1439 5264; x_wconf 83' lang='lat' dir='ltr'>iis</span> <span class='ocrx_word' id='word_1_776' title='bbox 1483 5211 1589 5280; x_wconf 89' lang='lat' dir='ltr'>qui</span> <span class='ocrx_word' id='word_1_777' title='bbox 1626 5211 1878 5267; x_wconf 83' lang='lat' dir='ltr'>vindic-‘</span> 
     </span>
    </p>
   </div>
   <div class='ocr_carea' id='block_1_101' title="bbox 230 5295 1858 5370">
    <p class='ocr_par' dir='ltr' id='par_1_101' title="bbox 230 5295 1858 5370">
     <span class='ocr_line' id='line_1_101' title="bbox 230 5295 1858 5370; baseline 0.004 -20"><span class='ocrx_word' id='word_1_778' title='bbox 230 5296 331 5350; x_wconf 70' lang='lat' dir='ltr'>tam</span> <span class='ocrx_word' id='word_1_779' title='bbox 388 5295 700 5361; x_wconf 87' lang='lat' dir='ltr'>anhelant,</span> <span class='ocrx_word' id='word_1_780' title='bbox 769 5297 1100 5366; x_wconf 66' lang='lat' dir='ltr'>effervescit</span> <span class='ocrx_word' id='word_1_781' title='bbox 1164 5298 1442 5370; x_wconf 90' lang='lat' dir='ltr'>sanguis,</span> <span class='ocrx_word' id='word_1_782' title='bbox 1512 5305 1721 5369; x_wconf 88' lang='lat' dir='ltr'>utpote</span> <span class='ocrx_word' id='word_1_783' title='bbox 1793 5302 1858 5357; x_wconf 88' lang='lat' dir='ltr'>vi</span> 
     </span>
    </p>
   </div>
   <div class='ocr_carea' id='block_1_102' title="bbox 232 5387 1852 5461">
    <p class='ocr_par' dir='ltr' id='par_1_102' title="bbox 232 5387 1852 5461">
     <span class='ocr_line' id='line_1_102' title="bbox 232 5387 1852 5461; baseline 0.007 -24"><span class='ocrx_word' id='word_1_784' title='bbox 232 5387 365 5451; x_wconf 64' lang='lat' dir='ltr'>quis</span> <span class='ocrx_word' id='word_1_785' title='bbox 440 5387 784 5457; x_wconf 71' lang='lat' dir='ltr'>exagitatus</span> <span class='ocrx_word' id='word_1_786' title='bbox 853 5400 928 5443; x_wconf 91' lang='lat' dir='ltr'>ac</span> <span class='ocrx_word' id='word_1_787' title='bbox 994 5391 1257 5444; x_wconf 68' lang='lat' dir='ltr'>cestuans</span> <span class='ocrx_word' id='word_1_788' title='bbox 1316 5404 1330 5439; x_wconf 91' lang='lat'><strong>:</strong></span> <span class='ocrx_word' id='word_1_789' title='bbox 1410 5389 1473 5444; x_wconf 91' lang='lat' dir='ltr'>in</span> <span class='ocrx_word' id='word_1_790' title='bbox 1539 5391 1852 5461; x_wconf 84' lang='lat' dir='ltr'>superﬁcie</span> 
     </span>
    </p>
   </div>
   <div class='ocr_carea' id='block_1_103' title="bbox 232 5473 1850 5549">
    <p class='ocr_par' dir='ltr' id='par_1_103' title="bbox 232 5473 1850 5549">
     <span class='ocr_line' id='line_1_103' title="bbox 232 5473 1850 5549; baseline 0.007 -24"><span class='ocrx_word' id='word_1_791' title='bbox 232 5479 403 5531; x_wconf 73' lang='lat' dir='ltr'>autem</span> <span class='ocrx_word' id='word_1_792' title='bbox 456 5473 854 5544; x_wconf 79' lang='lat' dir='ltr'>efﬂorescens,</span> <span class='ocrx_word' id='word_1_793' title='bbox 927 5475 1285 5534; x_wconf 84' lang='lat' dir='ltr'>irascentem</span> <span class='ocrx_word' id='word_1_794' title='bbox 1337 5479 1404 5534; x_wconf 88' lang='lat' dir='ltr'>in</span> <span class='ocrx_word' id='word_1_795' title='bbox 1462 5479 1591 5536; x_wconf 90' lang='lat' dir='ltr'>alia</span> <span class='ocrx_word' id='word_1_796' title='bbox 1643 5480 1850 5549; x_wconf 83' lang='lat' dir='ltr'>forma</span> 
     </span>
    </p>
   </div>
   <div class='ocr_carea' id='block_1_104' title="bbox 231 5564 1848 5639">
    <p class='ocr_par' dir='ltr' id='par_1_104' title="bbox 231 5564 1848 5639">
     <span class='ocr_line' id='line_1_104' title="bbox 231 5564 1848 5639; baseline 0.008 -25"><span class='ocrx_word' id='word_1_797' title='bbox 231 5564 483 5629; x_wconf 65' lang='lat' dir='ltr'>ostendit,</span> <span class='ocrx_word' id='word_1_798' title='bbox 528 5570 874 5622; x_wconf 79' lang='lat' dir='ltr'>consuetam</span> <span class='ocrx_word' id='word_1_799' title='bbox 929 5568 984 5620; x_wconf 89' lang='lat' dir='ltr'>et</span> <span class='ocrx_word' id='word_1_800' title='bbox 1027 5571 1228 5623; x_wconf 90' lang='lat' dir='ltr'>notam</span> <span class='ocrx_word' id='word_1_801' title='bbox 1266 5567 1539 5630; x_wconf 57' lang='lat' dir='ltr'>omnibus</span> <span class='ocrx_word' id='word_1_802' title='bbox 1582 5570 1848 5639; x_wconf 81' lang='lat' dir='ltr'>formam</span> 
     </span>
    </p>
   </div>
   <div class='ocr_carea' id='block_1_105' title="bbox 235 5654 1847 5727">
    <p class='ocr_par' dir='ltr' id='par_1_105' title="bbox 235 5654 1847 5727">
     <span class='ocr_line' id='line_1_105' title="bbox 235 5654 1847 5727; baseline 0.004 -18"><span class='ocrx_word' id='word_1_803' title='bbox 235 5654 492 5724; x_wconf 65' lang='lat' dir='ltr'>tanquam</span> <span class='ocrx_word' id='word_1_804' title='bbox 532 5669 858 5727; x_wconf 83' lang='lat' dir='ltr'>personam</span> <span class='ocrx_word' id='word_1_805' title='bbox 904 5654 971 5711; x_wconf 89' lang='lat' dir='ltr'>in</span> <span class='ocrx_word' id='word_1_806' title='bbox 1017 5668 1193 5714; x_wconf 84' lang='lat' dir='ltr'>scena</span> <span class='ocrx_word' id='word_1_807' title='bbox 1243 5664 1636 5717; x_wconf 82' lang='lat' dir='ltr'>commutans.</span> <span class='ocrx_word' id='word_1_808' title='bbox 1690 5656 1847 5716; x_wconf 90' lang='lat' dir='ltr'>Nam</span> 
     </span>
    </p>
   </div>
   <div class='ocr_carea' id='block_1_106' title="bbox 1970 4574 3615 4653">
    <p class='ocr_par' dir='ltr' id='par_1_106' title="bbox 1970 4574 3615 4653">
     <span class='ocr_line' id='line_1_106' title="bbox 1970 4574 3615 4653; baseline -0.004 -16"><span class='ocrx_word' id='word_1_809' title='bbox 1970 4580 2081 4637; x_wconf 87' lang='lat' dir='ltr'>tari</span> <span class='ocrx_word' id='word_1_810' title='bbox 2111 4584 2326 4653; x_wconf 88' lang='lat' dir='ltr'>potest,</span> <span class='ocrx_word' id='word_1_811' title='bbox 2354 4579 2503 4652; x_wconf 88' lang='lat' dir='ltr'>quin</span> <span class='ocrx_word' id='word_1_812' title='bbox 2540 4577 2774 4651; x_wconf 87' lang='lat' dir='ltr'>antiqui</span> <span class='ocrx_word' id='word_1_813' title='bbox 2806 4576 3050 4634; x_wconf 89' lang='lat' dir='ltr'>nomine</span> <span class='ocrx_word' id='word_1_814' title='bbox 3080 4575 3507 4647; x_wconf 86' lang='lat' dir='ltr'>intelligendus</span> <span class='ocrx_word' id='word_1_815' title='bbox 3537 4574 3615 4631; x_wconf 91' lang='lat' dir='ltr'>sit</span> 
     </span>
    </p>
   </div>
   <div class='ocr_carea' id='block_1_107' title="bbox 1967 4662 3614 4743">
    <p class='ocr_par' dir='ltr' id='par_1_107' title="bbox 1967 4662 3614 4743">
     <span class='ocr_line' id='line_1_107' title="bbox 1967 4662 3614 4743; baseline -0.004 -16"><span class='ocrx_word' id='word_1_816' title='bbox 1967 4675 2199 4743; x_wconf 82' lang='lat' dir='ltr'>martyr</span> <span class='ocrx_word' id='word_1_817' title='bbox 2224 4668 2509 4740; x_wconf 84' lang='lat' dir='ltr'>Ignatius,</span> <span class='ocrx_word' id='word_1_818' title='bbox 2537 4669 2711 4740; x_wconf 88' lang='lat' dir='ltr'>cujus</span> <span class='ocrx_word' id='word_1_819' title='bbox 2730 4669 2859 4724; x_wconf 73' lang='lat' dir='ltr'>haec</span> <span class='ocrx_word' id='word_1_820' title='bbox 2887 4670 3029 4722; x_wconf 91' lang='lat' dir='ltr'>sunt</span> <span class='ocrx_word' id='word_1_821' title='bbox 3049 4665 3232 4723; x_wconf 88' lang='lat' dir='ltr'>verba</span> <span class='ocrx_word' id='word_1_822' title='bbox 3255 4662 3614 4736; x_wconf 29' lang='lat' dir='ltr'>inE‘pistola</span> 
     </span>
    </p>
   </div>
   <div class='ocr_carea' id='block_1_108' title="bbox 1967 4755 3613 4834">
    <p class='ocr_par' dir='ltr' id='par_1_108' title="bbox 1967 4755 3613 4834">
     <span class='ocr_line' id='line_1_108' title="bbox 1967 4755 3613 4834; baseline -0.007 -18"><span class='ocrx_word' id='word_1_823' title='bbox 1967 4759 2049 4816; x_wconf 89' lang='lat' dir='ltr'>ad</span> <span class='ocrx_word' id='word_1_824' title='bbox 2093 4759 2409 4830; x_wconf 79' lang='lat' dir='ltr'>Ephesios:</span> <span class='ocrx_word' id='word_1_825' title='bbox 2465 4760 2522 4811; x_wconf 86' lang='grc' dir='ltr'>Ὀ</span> <span class='ocrx_word' id='word_1_826' title='bbox 2566 4761 2664 4834; x_wconf 83' lang='grc' dir='ltr'>γὰρ</span> <span class='ocrx_word' id='word_1_827' title='bbox 2718 4762 2847 4820; x_wconf 80' lang='grc' dir='ltr'><strong>Θεὸς</strong></span> <span class='ocrx_word' id='word_1_828' title='bbox 2884 4762 3028 4830; x_wconf 78' lang='grc' dir='ltr'><strong>ἡμῶν</strong></span> <span class='ocrx_word' id='word_1_829' title='bbox 3080 4755 3283 4819; x_wconf 76' lang='grc' dir='ltr'><strong>Ἰησοῦς</strong></span> <span class='ocrx_word' id='word_1_830' title='bbox 3323 4756 3348 4806; x_wconf 82' lang='grc' dir='ltr'>ὁ</span> <span class='ocrx_word' id='word_1_831' title='bbox 3386 4757 3613 4829; x_wconf 75' lang='grc' dir='ltr'><strong>Χριστὸς</strong></span> 
     </span>
    </p>
   </div>
   <div class='ocr_carea' id='block_1_109' title="bbox 1966 4842 3614 4923">
    <p class='ocr_par' dir='ltr' id='par_1_109' title="bbox 1966 4842 3614 4923">
     <span class='ocr_line' id='line_1_109' title="bbox 1966 4842 3614 4923; baseline -0.004 -22"><span class='ocrx_word' id='word_1_832' title='bbox 1966 4848 2288 4923; x_wconf 67' lang='grc' dir='ltr'><strong>ἐκυοφορηθη</strong></span> <span class='ocrx_word' id='word_1_833' title='bbox 2330 4851 2430 4901; x_wconf 73' lang='grc' dir='ltr'>ὑπὸ</span> <span class='ocrx_word' id='word_1_834' title='bbox 2460 4853 2666 4922; x_wconf 82' lang='grc' dir='ltr'><strong>Μαρίας</strong></span> <span class='ocrx_word' id='word_1_835' title='bbox 2697 4848 2811 4900; x_wconf 84' lang='grc' dir='ltr'><strong>κατ’</strong></span> <span class='ocrx_word' id='word_1_836' title='bbox 2842 4848 3137 4920; x_wconf 82' lang='grc' dir='ltr'><strong>οἰκονομίαν</strong></span> <span class='ocrx_word' id='word_1_837' title='bbox 3169 4852 3322 4910; x_wconf 74' lang='grc' dir='ltr'><strong>Θεοῦ,</strong></span> <span class='ocrx_word' id='word_1_838' title='bbox 3366 4845 3422 4896; x_wconf 83' lang='grc' dir='ltr'><strong>ἐκ</strong></span> <span class='ocrx_word' id='word_1_839' title='bbox 3459 4842 3614 4913; x_wconf 78' lang='grc' dir='ltr'><strong>σπέρ-</strong></span> 
     </span>
    </p>
   </div>
   <div class='ocr_carea' id='block_1_110' title="bbox 1966 4933 3614 5012">
    <p class='ocr_par' dir='ltr' id='par_1_110' title="bbox 1966 4933 3614 5012">
     <span class='ocr_line' id='line_1_110' title="bbox 1966 4933 3614 5012; baseline -0.005 -21"><span class='ocrx_word' id='word_1_840' title='bbox 1966 4959 2127 5011; x_wconf 84' lang='grc' dir='ltr'><strong>ματος</strong></span> <span class='ocrx_word' id='word_1_841' title='bbox 2159 4942 2250 5012; x_wconf 71' lang='grc' dir='ltr'>μὲν</span> <span class='ocrx_word' id='word_1_842' title='bbox 2282 4934 2462 5003; x_wconf 77' lang='grc' dir='ltr'><strong>Δαϐὶδ,</strong></span> <span class='ocrx_word' id='word_1_843' title='bbox 2496 4940 2793 5011; x_wconf 72' lang='grc' dir='ltr'><strong>Ῐῐνεόματος</strong></span> <span class='ocrx_word' id='word_1_844' title='bbox 2826 4935 2885 4990; x_wconf 77' lang='grc' dir='ltr'>δε</span> <span class='ocrx_word' id='word_1_845' title='bbox 2916 4937 3156 5010; x_wconf 83' lang='grc' dir='ltr'><strong>ἀγίου....</strong></span> <span class='ocrx_word' id='word_1_846' title='bbox 3194 4940 3294 4987; x_wconf 80' lang='grc' dir='ltr'><strong>Καὶ</strong></span> <span class='ocrx_word' id='word_1_847' title='bbox 3324 4933 3496 4985; x_wconf 81' lang='grc' dir='ltr'><strong>ἔλαθεν</strong></span> <span class='ocrx_word' id='word_1_848' title='bbox 3526 4935 3614 4984; x_wconf 87' lang='grc' dir='ltr'>τόν</span> 
     </span>
    </p>
   </div>
   <div class='ocr_carea' id='block_1_111' title="bbox 1965 5021 3615 5103">
    <p class='ocr_par' dir='ltr' id='par_1_111' title="bbox 1965 5021 3615 5103">
     <span class='ocr_line' id='line_1_111' title="bbox 1965 5021 3615 5103; baseline -0.003 -24"><span class='ocrx_word' id='word_1_849' title='bbox 1965 5030 2202 5103; x_wconf 79' lang='grc' dir='ltr'><strong>ἄρχοντα</strong></span> <span class='ocrx_word' id='word_1_850' title='bbox 2244 5029 2335 5080; x_wconf 73' lang='grc' dir='ltr'>τοῦ</span> <span class='ocrx_word' id='word_1_851' title='bbox 2368 5027 2551 5089; x_wconf 83' lang='grc' dir='ltr'><strong>αἰῶνος</strong></span> <span class='ocrx_word' id='word_1_852' title='bbox 2590 5029 2776 5079; x_wconf 83' lang='grc' dir='ltr'><strong>τούτου</strong></span> <span class='ocrx_word' id='word_1_853' title='bbox 2823 5030 2851 5085; x_wconf 77' lang='grc' dir='ltr'><strong>ἠ</strong></span> <span class='ocrx_word' id='word_1_854' title='bbox 2900 5029 3153 5101; x_wconf 86' lang='grc' dir='ltr'><strong>παρθενία</strong></span> <span class='ocrx_word' id='word_1_855' title='bbox 3196 5026 3422 5097; x_wconf 84' lang='grc' dir='ltr'><strong>Μαρίας,</strong></span> <span class='ocrx_word' id='word_1_856' title='bbox 3464 5025 3551 5073; x_wconf 84' lang='grc' dir='ltr'>καὶ</span> <span class='ocrx_word' id='word_1_857' title='bbox 3587 5021 3615 5074; x_wconf 86' lang='grc' dir='ltr'><strong><em>ὀ</em></strong></span> 
     </span>
    </p>
   </div>
   <div class='ocr_carea' id='block_1_112' title="bbox 1964 5112 3616 5190">
    <p class='ocr_par' dir='ltr' id='par_1_112' title="bbox 1964 5112 3616 5190">
     <span class='ocr_line' id='line_1_112' title="bbox 1964 5112 3616 5190; baseline 0 -21"><span class='ocrx_word' id='word_1_858' title='bbox 1964 5121 2172 5180; x_wconf 82' lang='grc' dir='ltr'><strong>τοκετὸς</strong></span> <span class='ocrx_word' id='word_1_859' title='bbox 2208 5117 2337 5177; x_wconf 74' lang='grc' dir='ltr'><strong>αὐτῆ</strong></span> <span class='ocrx_word' id='word_1_860' title='bbox 2349 5138 2390 5182; x_wconf 87' lang='grc' dir='ltr'>ς,</span> <span class='ocrx_word' id='word_1_861' title='bbox 2426 5118 2618 5190; x_wconf 87' lang='grc' dir='ltr'><strong>ὁμοίως</strong></span> <span class='ocrx_word' id='word_1_862' title='bbox 2657 5121 2746 5168; x_wconf 83' lang='grc' dir='ltr'>καὶ</span> <span class='ocrx_word' id='word_1_863' title='bbox 2777 5118 2802 5168; x_wconf 89' lang='grc' dir='ltr'>ό</span> <span class='ocrx_word' id='word_1_864' title='bbox 2848 5118 3062 5176; x_wconf 72' lang='grc' dir='ltr'><strong>θάνατος</strong></span> <span class='ocrx_word' id='word_1_865' title='bbox 3093 5120 3185 5165; x_wconf 82' lang='grc' dir='ltr'><strong>τοῦ</strong></span> <span class='ocrx_word' id='word_1_866' title='bbox 3212 5114 3427 5187; x_wconf 79' lang='grc' dir='ltr'><strong>Κυρίου.</strong></span> <span class='ocrx_word' id='word_1_867' title='bbox 3456 5112 3616 5169; x_wconf 89' lang='lat' dir='ltr'>Deus</span> 
     </span>
    </p>
   </div>
   <div class='ocr_carea' id='block_1_113' title="bbox 1965 5204 3613 5272">
    <p class='ocr_par' dir='ltr' id='par_1_113' title="bbox 1965 5204 3613 5272">
     <span class='ocr_line' id='line_1_113' title="bbox 1965 5204 3613 5272; baseline -0.004 -6"><span class='ocrx_word' id='word_1_868' title='bbox 1965 5209 2119 5266; x_wconf 90' lang='lat' dir='ltr'>enim</span> <span class='ocrx_word' id='word_1_869' title='bbox 2182 5214 2384 5264; x_wconf 90' lang='lat' dir='ltr'>noster</span> <span class='ocrx_word' id='word_1_870' title='bbox 2435 5208 2605 5264; x_wconf 85' lang='lat' dir='ltr'>Jesus</span> <span class='ocrx_word' id='word_1_871' title='bbox 2679 5204 2958 5263; x_wconf 88' lang='lat' dir='ltr'>Christus</span> <span class='ocrx_word' id='word_1_872' title='bbox 3017 5206 3341 5272; x_wconf 87' lang='lat' dir='ltr'>conceptus</span> <span class='ocrx_word' id='word_1_873' title='bbox 3385 5208 3471 5259; x_wconf 83' lang='lat' dir='ltr'>est</span> <span class='ocrx_word' id='word_1_874' title='bbox 3536 5215 3613 5259; x_wconf 75' lang='lat' dir='ltr'>e1:</span> 
     </span>
    </p>
   </div>
   <div class='ocr_carea' id='block_1_114' title="bbox 1962 5290 3618 5368">
    <p class='ocr_par' dir='ltr' id='par_1_114' title="bbox 1962 5290 3618 5368">
     <span class='ocr_line' id='line_1_114' title="bbox 1962 5290 3618 5368; baseline -0.001 -13"><span class='ocrx_word' id='word_1_875' title='bbox 1962 5299 2190 5368; x_wconf 79' lang='lat' dir='ltr'>Maria,</span> <span class='ocrx_word' id='word_1_876' title='bbox 2229 5297 2556 5354; x_wconf 89' lang='lat' dir='ltr'>secundum</span> <span class='ocrx_word' id='word_1_877' title='bbox 2594 5294 3095 5365; x_wconf 82' lang='lat' dir='ltr'>dispensationem</span> <span class='ocrx_word' id='word_1_878' title='bbox 3134 5290 3247 5350; x_wconf 86' lang='lat' dir='ltr'>Dei</span> <span class='ocrx_word' id='word_1_879' title='bbox 3282 5308 3358 5351; x_wconf 75' lang='lat' dir='ltr'>ea:</span> <span class='ocrx_word' id='word_1_880' title='bbox 3393 5293 3618 5353; x_wconf 81' lang='lat' dir='ltr'>semine</span> 
     </span>
    </p>
   </div>
   <div class='ocr_carea' id='block_1_115' title="bbox 1962 5382 3611 5461">
    <p class='ocr_par' dir='ltr' id='par_1_115' title="bbox 1962 5382 3611 5461">
     <span class='ocr_line' id='line_1_115' title="bbox 1962 5382 3611 5461; baseline -0.004 -16"><span class='ocrx_word' id='word_1_881' title='bbox 1962 5388 2204 5461; x_wconf 90' lang='lat' dir='ltr'>quidem</span> <span class='ocrx_word' id='word_1_882' title='bbox 2233 5387 2452 5454; x_wconf 87' lang='lat' dir='ltr'>David,</span> <span class='ocrx_word' id='word_1_883' title='bbox 2483 5386 2716 5456; x_wconf 88' lang='lat' dir='ltr'>Spiritu</span> <span class='ocrx_word' id='word_1_884' title='bbox 2746 5390 2946 5443; x_wconf 89' lang='lat' dir='ltr'>autem</span> <span class='ocrx_word' id='word_1_885' title='bbox 2983 5389 3287 5442; x_wconf 65' lang='lat' dir='ltr'>sanctam.</span> <span class='ocrx_word' id='word_1_886' title='bbox 3319 5384 3397 5441; x_wconf 88' lang='lat' dir='ltr'>Et</span> <span class='ocrx_word' id='word_1_887' title='bbox 3426 5382 3611 5441; x_wconf 88' lang='lat' dir='ltr'>latuit</span> 
     </span>
    </p>
   </div>
   <div class='ocr_carea' id='block_1_116' title="bbox 1955 5473 3613 5549">
    <p class='ocr_par' dir='ltr' id='par_1_116' title="bbox 1955 5473 3613 5549">
     <span class='ocr_line' id='line_1_116' title="bbox 1955 5473 3613 5549; baseline -0.004 -14"><span class='ocrx_word' id='word_1_888' title='bbox 1955 5479 2296 5549; x_wconf 88' lang='lat' dir='ltr'>principem</span> <span class='ocrx_word' id='word_1_889' title='bbox 2324 5476 2535 5532; x_wconf 65' lang='lat' dir='ltr'>saeculi</span> <span class='ocrx_word' id='word_1_890' title='bbox 2569 5473 2750 5544; x_wconf 86' lang='lat' dir='ltr'>hujus</span> <span class='ocrx_word' id='word_1_891' title='bbox 2780 5474 3111 5546; x_wconf 88' lang='lat' dir='ltr'>virginitas</span> <span class='ocrx_word' id='word_1_892' title='bbox 3132 5474 3451 5541; x_wconf 57' lang='lat' dir='ltr'>Marias,“</span> <span class='ocrx_word' id='word_1_893' title='bbox 3470 5487 3613 5543; x_wconf 83' lang='lat' dir='ltr'>par-</span> 
     </span>
    </p>
   </div>
   <div class='ocr_carea' id='block_1_117' title="bbox 1962 5563 3614 5639">
    <p class='ocr_par' dir='ltr' id='par_1_117' title="bbox 1962 5563 3614 5639">
     <span class='ocr_line' id='line_1_117' title="bbox 1962 5563 3614 5639; baseline -0.002 -13"><span class='ocrx_word' id='word_1_894' title='bbox 1962 5576 2057 5626; x_wconf 89' lang='lat' dir='ltr'>tus</span> <span class='ocrx_word' id='word_1_895' title='bbox 2102 5569 2308 5639; x_wconf 87' lang='lat' dir='ltr'>ipsius,</span> <span class='ocrx_word' id='word_1_896' title='bbox 2358 5565 2587 5622; x_wconf 88' lang='lat' dir='ltr'>similer</span> <span class='ocrx_word' id='word_1_897' title='bbox 2637 5570 2693 5622; x_wconf 89' lang='lat' dir='ltr'>et</span> <span class='ocrx_word' id='word_1_898' title='bbox 2744 5581 2904 5622; x_wconf 89' lang='lat' dir='ltr'>mors</span> <span class='ocrx_word' id='word_1_899' title='bbox 2959 5566 3221 5624; x_wconf 85' lang='lat' dir='ltr'>Domini.</span> <span class='ocrx_word' id='word_1_900' title='bbox 3274 5563 3384 5620; x_wconf 91' lang='lat' dir='ltr'>Ubi</span> <span class='ocrx_word' id='word_1_901' title='bbox 3435 5563 3614 5636; x_wconf 82' lang='lat' dir='ltr'>quasi</span> 
     </span>
    </p>
   </div>
   <div class='ocr_carea' id='block_1_118' title="bbox 1956 5653 3613 5737">
    <p class='ocr_par' dir='ltr' id='par_1_118' title="bbox 1956 5653 3613 5737">
     <span class='ocr_line' id='line_1_118' title="bbox 1956 5653 3613 5737; baseline -0.002 -20"><span class='ocrx_word' id='word_1_902' title='bbox 1956 5658 2299 5737; x_wconf 75' lang='lat' dir='ltr'>praeteriens</span> <span class='ocrx_word' id='word_1_903' title='bbox 2329 5653 2613 5728; x_wconf 89' lang='lat' dir='ltr'>monebo,</span> <span class='ocrx_word' id='word_1_904' title='bbox 2630 5654 2957 5733; x_wconf 84' lang='lat' dir='ltr'>deceptum</span> <span class='ocrx_word' id='word_1_905' title='bbox 2976 5655 3169 5714; x_wconf 77' lang='lat' dir='ltr'>videri</span> <span class='ocrx_word' id='word_1_906' title='bbox 3192 5653 3613 5713; x_wconf 70' lang='lat' dir='ltr'>doctiSsimum</span> 
     </span>
    </p>
   </div>
  </div>
