4058 6192
402 310 464 365 31
1901 294 2277 353 ΡΒίΕΡΆΤῐΟ
3735 305 3805 358 32

401 428 599 485 virum
644 426 1116 494 Tillemontium,
1149 425 1297 482 'cum
1342 425 1579 498 scripsit
1619 425 1698 497 (a)
1733 423 2051 494 Origenem

2161 429 2254 483 τῆς
2275 423 2552 496 παρθενίας
2579 422 2634 475 ἐκ
2658 431 2754 486 τῆς
2779 427 3064 496 μνηστείας
3084 421 3479 496 παραϐλαϐείσή
3491 444 3532 485 ς.
3561 424 3809 483 Possum

400 517 461 573 in
490 517 604 572 hac
635 515 882 572 bomilia
912 515 1159 572 nomine
1180 513 1502 585 cujusdam
1521 514 1755 587 antiqui
1780 511 2050 569 indicari.

404 609 550 662 Nam
575 604 821 674 intelligi
855 605 1074 660 debere
1104 608 1436 674 martyrem
1469 604 1790 672 lgnatium,
1822 617 1893 658 ex
1925 615 2056 671 gra-

405 695 656 750 vissimo
690 699 932 750 auctore
952 693 1319 764 Hieronymo
1335 691 1684 748 conﬁrmari
1711 694 1930 764 potest:
1949 688 2056 762 qui

403 800 542 841 cum
569 783 834 856 primum
855 787 1036 854 caput
1053 781 1318 837 Matthaei
1342 781 1831 854 interpretaretur
1853 780 1950 846 (b),
1973 779 2054 834 ita

408 873 683 946 scripsit:
708 874 954 942 Martyr
983 871 1261 942 Ignatius
1297 872 1476 928 etiam
1502 877 1784 943 quartam
1815 867 2053 924 addidit

400 979 664 1030 causam,
693 978 804 1019 cur
823 977 859 1018 a
875 963 1237 1032 desponsata
1258 968 1575 1031 conceptus
1596 962 1707 1031 sit;
1728 966 1791 1015 ut
1807 964 2049 1029 partus,

399 1053 692 1124 inquiens,
711 1053 837 1121 ejus
853 1052 1155 1108 celaretur
1167 1051 1428 1121 diabolo,
1443 1051 1584 1106 dum
1599 1065 1728 1106 eum
1745 1055 1923 1118 putat
1934 1065 2054 1105 non

401 1143 473 1198 de
493 1142 746 1212 virgine,
769 1141 871 1197 sed
888 1141 962 1197 de
982 1156 1172 1197 uxore
1190 1145 1566 1211 generatum.
1598 1143 1714 1196 Nec
1730 1138 2050 1210 indignum

400 1234 546 1302 puto
568 1229 734 1302 quod
759 1229 1143 1299 notetur,duo
1171 1229 1459 1301 mysteria
1488 1227 1634 1284 olim
1660 1243 1783 1284 uno
1808 1228 2052 1284 eodem-

399 1335 518 1391 que
535 1319 629 1374 die
651 1319 832 1374 fuisse
854 1317 1175 1388 celebrata,
1194 1323 1392 1374 ortum
1415 1317 1648 1373 Domini
1670 1321 1728 1374 et
1743 1320 2051 1387 Magorum

400 1409 840 1466 adorationem.
881 1411 1104 1464 Auctor
1132 1408 1296 1464 enim
1330 1407 1454 1464 duo
1496 1408 1626 1463 haec
1656 1407 1941 1479 mysteria
1969 1408 2052 1464 ita

400 1497 646 1572 exponit
671 1513 741 1553 ac
773 1497 1105 1568 conjungit,
1129 1501 1194 1553 ut
1223 1497 1554 1553 obscurum
1580 1511 1704 1552 non
1733 1497 1807 1552 sit
1826 1500 2053 1552 utrum-

399 1603 517 1659 que
547 1585 660 1641 illis
687 1585 1060 1658 temporibus
1089 1587 1271 1642 simul
1295 1585 1664 1642 celebratum
1685 1585 1893 1642 fuisse.
1918 1589 2055 1643 Erat

401 1680 605 1732 autem
641 1689 867 1730 nomen
906 1674 1024 1731 diei
1055 1676 1232 1744 festo,
1270 1675 1680 1745 Theophania.
1714 1678 1861 1732 Cum
1890 1675 2052 1730 enim

2159 517 2214 567 et
2267 513 2455 568 aliam
2519 512 2838 584 quamdam
2887 513 3182 569 rationem
3237 514 3549 583 proferre,
3617 513 3808 570 nihilo

2160 600 2252 656 his
2278 616 2427 673 quas
2450 601 2832 672 protulimus
2850 603 3145 668 viliorem,
3188 603 3350 672 quod
3378 602 3660 659 videlicet
3688 602 3813 659 ido-

2160 705 2334 746 neum
2389 692 2471 747 ad
2526 692 3013 748 incarnationem
3070 692 3316 748 Domini
3367 697 3596 762 tempus
3666 693 3812 749 olim

2157 781 2525 850 pne/initum
2559 786 2616 837 et
2655 787 2799 837 ante
2834 782 3138 838 conditum
3178 781 3380 838 orbem
3410 783 3810 852 praedestina-

2159 875 2285 924 tum
2327 875 2468 926 tunc
2516 871 2792 940 instaret,
2841 871 2906 925 in
2945 885 3061 942 quo
3096 870 3392 940 Spiritum
3435 877 3714 928 sanctum
3753 875 3810 928 et

2157 959 2458 1015 Altissimi
2502 962 2779 1016 virtutem
2831 960 3141 1029 oportebat
3186 975 3429 1018 carnem
3470 962 3642 1018 illam
3700 960 3814 1017 Dei

2157 1052 2538 1118 gestatricem
2589 1049 2995 1119 con/armare.
3029 1050 3325 1117 Quoniam
3370 1065 3508 1106 vero
3551 1051 3666 1106 illa
3705 1049 3809 1106 ho-

2159 1139 2387 1194 minum
2435 1143 2614 1196 testas
2662 1139 2824 1194 nihil
2863 1139 3127 1208 puritati
3171 1139 3390 1196 Mariae
3445 1139 3811 1210 aequandum

2159 1226 2435 1295 habebat,
2481 1229 2565 1284 sic
2595 1235 2662 1284 ut
2714 1229 2982 1298 Spiritus
3023 1229 3225 1285 sancti
3257 1229 3576 1298 susciperet
3606 1243 3815 1298 opera-

2159 1317 2396 1383 tionem,
2439 1323 2733 1387 occupata
2770 1323 2970 1374 autem
2999 1320 3133 1388 jam
3173 1322 3306 1374 erat
3351 1332 3464 1388 per
3498 1317 3814 1387 desponsa-

2157 1406 2394 1477 tionem,
2436 1407 2625 1463 electa
2675 1412 2760 1463 est
2804 1406 2976 1463 beata
3017 1409 3207 1477 virgo,
3250 1407 3408 1462 nihil
3457 1421 3533 1463 ea:
3566 1407 3816 1478 despon-

2155 1495 2384 1550 satione
2425 1495 2783 1565 virginitate
2834 1496 3000 1552 laesa.
3051 1498 3270 1551 Auctor
3314 1495 3696 1567 promiserat,
3750 1499 3815 1552 ut

2156 1583 2300 1649 dixi,
2321 1582 2647 1640 allaturum
2666 1600 2731 1640 se
2753 1584 3037 1640 eximiam
3057 1583 3394 1657 quamdam
3415 1601 3683 1646 causam,
3708 1601 3815 1642 cur

2157 1671 2530 1744 desponsata
2557 1673 2767 1730 fuisset
2795 1673 2968 1743 virgo
3007 1674 3187 1730 Maria
3220 1690 3233 1728 :
3269 1673 3376 1729 sed
3418 1689 3542 1730 non
3574 1674 3816 1731 videtur

400 1767 610 1821 auctor
624 1764 752 1834 jam
773 1763 1029 1820 orationi
1050 1781 1174 1820 sum
1197 1764 1386 1821 ﬁnem
1409 1765 1717 1836 imponere
1744 1763 2050 1834 cogitaret,
2082 1775 2121 1829 Β
2158 1761 2480 1832 promissis
2519 1761 2772 1818 stetisse.
2809 1762 3061 1830 Etenim,
3095 1762 3146 1817 si
3175 1778 3272 1818 res
3304 1763 3588 1819 attentius
3614 1763 3813 1820 consi-

403 1853 488 1908 sic
520 1852 786 1924 loquitur
831 1854 990 1924 (pag.
1026 1855 1152 1925 60?)
1185 1873 1196 1909 :
1241 1853 1579 1926 Φθεγξώμεθοί
1615 1873 1731 1905 τινα
1769 1858 1858 1905 καὶ
1902 1855 2051 1925 ἡμεῖς

402 1947 568 2014 φωνὴν
627 1940 1000 2012 ἀγαλλιάσεως.
1070 1947 1230 2015 ὄνομα
1289 1944 1495 2016 θώμεθα
1551 1951 1613 2015 τῇ
1678 1941 1824 2014 ἑορτῇ
1885 1944 2051 2014 ἡμῶν,

401 2033 677 2102 Θεοφάνια.
706 2031 1088 2102 Eloquamur
1108 2038 1164 2088 et
1193 2047 1302 2088 nos
1329 2047 1524 2088 vocem
1559 2032 1829 2103 aliquam
1857 2033 2052 2087 exsul-

401 2119 644 2175 tationis
683 2135 695 2172 :
737 2120 957 2189 festum
1013 2127 1286 2176 nostrum
1326 2121 1696 2190 appellemus
1749 2119 2056 2189 Theopha-

398 2209 581 2276 niam,
617 2210 703 2276 Et,
731 2208 980 2280 quando
1000 2209 1144 2265 talia
1163 2208 1442 2280 colligere
1467 2209 1636 2280 caapi,
1661 2208 1886 2264 addam
1907 2207 2055 2264 illud

399 2313 668 2370 quoque.
703 2297 999 2368 virginem
1028 2299 1273 2356 Mariam
1303 2299 1642 2354 Theotocon
1669 2297 1981 2371 appellari.

474 2391 558 2441 17.
590 2387 726 2442 Jam
757 2402 926 2443 more
956 2393 1163 2444 nostro
1193 2387 1572 2460 disputemus
1594 2387 1810 2442 merito
1839 2402 1917 2442 an
1945 2387 2054 2442 im-

400 2475 612 2531 merito
648 2475 780 2531 hinc
823 2478 1017 2533 oratio
1047 2477 1346 2534 tribuatur
1377 2475 1611 2534 Basilio.
1656 2475 2056 2531 Eruditissimi

399 2563 508 2620 viri
551 2564 954 2621 Combeﬁsius
985 2570 1043 2623 et
1081 2567 1350 2639 Dupinus
1385 2581 1460 2622 ne
1498 2565 1778 2621 videntur
1805 2564 2055 2638 quidem

397 2653 558 2709 hanc
587 2655 924 2711 orationem
949 2662 1295 2728 suspectam
1316 2655 1626 2712 habuisse.
1650 2653 2057 2711 Tillcmontius

398 2759 561 2808 vero,
602 2743 689 2800 vir
726 2745 1022 2801 acerrimo
1059 2745 1287 2816 judicio
1327 2745 1640 2818 praeditus,
1687 2745 1768 2800 ait
1819 2759 1956 2800 eam
1993 2743 2056 2799 in

399 2832 600 2888 dubiis
610 2833 757 2906 poni
774 2850 976 2906 posse.
993 2839 1106 2892 Nec
1122 2834 1611 2908 praetereundum
1625 2833 1882 2902 silentio,
1894 2833 2055 2888 hanc

399 2921 752 2978 concionem
776 2923 987 2980 deesse
1001 2924 1060 2980 in
1080 2924 1385 2998 aliquibus
1403 2923 1571 2980 libris
1592 2921 1920 2980 veteribus:
1945 2921 2055 2978 sed

398 3009 544 3065 nihil
574 3010 714 3066 inde
737 3012 881 3068 satis
901 3013 1061 3068 ﬁrmi
1091 3013 1169 3070 ad
1202 3029 1336 3070 eam
1358 3012 1752 3084 rejiciendam
1774 3009 2056 3067 concludi

401 3114 600 3172 posse,
647 3101 876 3167 vident,
913 3104 1152 3174 opinor,
1193 3119 1426 3159 omnes.
1478 3105 1673 3168 Quare
1711 3100 2052 3157 necessario

399 3189 832 3246 recurrendum
857 3190 937 3246 ad
952 3191 1071 3248 alia
1085 3191 1402 3264 principia,
1420 3191 1676 3265 ipsaque
1694 3189 1884 3246 oratio
1900 3189 1962 3244 in
1991 3203 2054 3244 se
2082 3200 2123 3253 ο

400 3277 870 3346 consideranda;
891 3295 1040 3336 num
1057 3281 1202 3354 quid
1222 3281 1282 3336 in
1300 3297 1372 3337 ea
1387 3279 1640 3336 inveniri
1659 3279 1872 3352 possit,
1886 3276 2055 3350 quod

397 3365 574 3421 nobis
600 3367 679 3423 ad
691 3368 1096 3439 judicandum
1116 3369 1311 3427 facem
1330 3369 1635 3442 praeferat.
1665 3367 1931 3424 Primum
1953 3382 2053 3422 oc-

400 3455 584 3511 currit
628 3457 774 3513 illud
805 3462 966 3530 (pag.
1017 3460 1143 3528 596)
1175 3477 1188 3514 :
1229 3467 1344 3522 Πῶς
1377 3459 1464 3511 οὖν
1498 3455 1570 3511 δι’
1601 3459 1730 3522 ἐνὸς,
1775 3461 1952 3530 φησὶν,
1982 3455 2053 3517 εἰς

397 3543 593 3608 πάντας
611 3543 733 3605 ἦλθε
754 3551 810 3600 τὸ
827 3547 1176 3622 λαμπτὴριον;
1194 3549 1495 3617 Quomodo
1511 3548 1826 3617 igiturgper
1843 3561 2050 3605 unum.

398 3635 615 3707 inquit,
647 3637 709 3691 in
753 3652 953 3694 omnes
991 3639 1282 3708 splendor
1310 3639 1548 3696 devenit
1578 3643 1605 3694 ?
1642 3637 1816 3704 Quod
1847 3641 1912 3693 ut
1955 3653 2053 3693 ve-

397 3739 534 3780 rum
563 3724 772 3790 fatear,
815 3740 1065 3798 prorsus
1113 3728 1503 3800 peregrinum
1527 3732 1586 3784 et
1615 3743 1651 3783 a
1684 3727 1879 3784 Basilii
1909 3742 2052 3783 con-

399 3813 718 3869 suetudine
749 3814 1022 3872 alienum
1054 3817 1203 3872 mihi
1232 3817 1490 3873 videtur.
1524 3819 1696 3885 Nam,
1732 3816 1848 3872 nisi
1877 3815 2055 3872 valde

399 3901 594 3969 fallor,
625 3907 688 3960 ut
717 3903 885 3974 apud
923 3909 1172 3961 caateros
1212 3905 1408 3962 bonos
1441 3910 1741 3971 auctores,
1773 3905 1854 3960 ita
1887 3905 2055 3977 apud

400 3991 682 4048 Basilium
726 3992 970 4067 λαμπτήρ
1003 3994 1215 4051 usitate
1253 3995 1488 4062 dicitur,
1531 4009 1654 4050 non
1695 3993 2043 4067 λαμπτήρων.

398 4082 722 4156 Aliquanto
752 4091 890 4158 post
916 4086 1123 4156 magni
1157 4084 1386 4156 aliquid
1409 4085 1712 4140 dicturum
1745 4099 1806 4138 se
1831 4083 2055 4154 pollici-

402 4177 498 4229 tus
545 4179 776 4244 auctor,
830 4179 1035 4230 tamen
1084 4179 1300 4246 praeter
1352 4173 1862 4246 exspectationem
1907 4171 2055 4228 nihil

399 4264 696 4334 ejusmodi
740 4264 905 4320 dicit.
947 4267 1277 4335 Postquam
1316 4262 1478 4318 enim
1517 4262 1795 4318 attulerat
1826 4262 2054 4336 aliquot

395 4368 631 4416 causas,
665 4368 771 4408 cur
794 4352 976 4408 Maria
1003 4353 1177 4423 Virgo
1197 4352 1567 4423 desponsata
1589 4351 1683 4417 sit,
1710 4350 1892 4407 aliam
1914 4367 2051 4422 pro-

395 4442 650 4509 laturus,
679 4442 764 4497 sic
787 4441 1054 4513 loquitur
1080 4443 1238 4513 (pag.
1272 4441 1400 4512 598)
1427 4458 1439 4496 :
1473 4447 1622 4512 Ἕχω
1643 4444 1759 4492 τινὰ
1782 4447 1870 4494 καὶ
1900 4441 2052 4494 ἄλλον

2159 1850 2418 1914 deretur,
2437 1865 2562 1906 non
2582 1851 2824 1923 proprie
2845 1850 3017 1907 affert
3032 1866 3305 1921 causam,
3324 1867 3430 1908 cur
3443 1852 3816 1924 desponsata

2160 1939 2371 1996 fuerit:
2400 1939 2506 1995 sed
2529 1940 2614 1996 ait
2644 1939 2838 1996 solum
2862 1956 3018 2004 eam,
3042 1957 3182 1996 cum
3201 1940 3444 1998 inventa
3463 1941 3670 1998 fuisset
3682 1943 3814 2012 jam

2160 2043 2270 2100 per
2292 2028 2831 2102 desponsationem
2862 2033 3180 2102 occupata,
3214 2034 3534 2102 propterea
3560 2029 3818 2086 electam

2160 2117 2361 2190 fuisse,
2383 2119 2551 2191 quod
2577 2119 2694 2175 alia
2724 2119 2892 2175 nulla
2915 2119 3087 2190 virgo
3118 2120 3170 2175 ei
3198 2119 3299 2176 illa
3324 2125 3498 2178 aetate
3526 2135 3638 2192 par
3661 2123 3822 2177 esset

2160 2209 2441 2280 puritate.
2484 2211 2565 2264 Ex
2595 2209 2858 2264 auctoris
2887 2208 3071 2278 igitur
3107 2209 3307 2266 verbis
3344 2209 3654 2280 discimus,
3692 2225 3818 2266 non

2161 2313 2267 2354 cur
2293 2298 2468 2354 fuerit
2494 2297 2616 2354 viro
2642 2298 3032 2370 desponsata,
3061 2299 3168 2354 sed
3199 2315 3306 2355 cur
3336 2299 3671 2370 virginibus
3700 2316 3818 2355 cae-

2161 2387 2300 2443 teris
2330 2387 2668 2459 anteposita
2699 2387 2794 2451 sit,
2839 2387 3113 2444 videlicet
3144 2387 3224 2444 ob
3255 2389 3598 2461 puritatem.
3643 2389 3821 2455 Quod

2163 2476 2333 2532 addit
2360 2480 2592 2546 auctor,
2620 2476 2946 2548 puritatem
2977 2476 3172 2532 Maria
3203 2477 3353 2533 nihil
3394 2477 3604 2534 laesam
3634 2478 3820 2534 fuisse

2161 2581 2235 2634 ex
2263 2565 2753 2638 desponsatione,
2783 2565 2845 2620 id
2875 2571 2942 2622 ut
2969 2565 3048 2622 ad
3069 2581 3197 2622 rem
3226 2581 3350 2622 non
3378 2567 3650 2640 pertinet,
3681 2568 3762 2624 ita
3781 2584 3822 2625 a

2162 2654 2404 2711 nemine
2434 2655 2495 2710 in
2540 2653 2800 2712 dubium
2831 2659 3171 2712 revocatur.
3205 2660 3319 2712 Aut
3349 2656 3499 2712 nihil
3531 2657 3645 2713 tale
3678 2672 3820 2728 pro-

2163 2743 2424 2799 misisset
2491 2743 2771 2810 Basilius,
2831 2749 2954 2810 aut,
3023 2744 3072 2799 si
3129 2745 3511 2817 promisisset
3563 2746 3821 2816 dignum

2162 2832 2392 2904 aliquid
2404 2832 2726 2905 promissis
2748 2832 3017 2889 dixisset.
3051 2831 3202 2889 Illud
3217 2849 3464 2907 quoque
3484 2834 3650 2907 quod
3675 2850 3823 2892 mox

2160 2921 2378 2993 legitur
2420 2941 2432 2978 :
2466 2922 2759 2996 Ἀμφότεροι
2787 2922 2926 2996 εὗρεν
2958 2925 2982 2974 ό
3018 2923 3230 2996 Ἰωσὴφ,
3267 2928 3356 2976 καὶ
3385 2929 3480 2982 τὴν
3519 2927 3703 2983 κύησιν
3727 2930 3821 2977 καὶ

2162 3015 2255 3068 τὴν
2281 3011 2475 3076 αἰτίαν,
2505 3012 2585 3064 ὃτι
2613 3010 2671 3064 ἐκ
2702 3015 2998 3085 Πνεύματος
3024 3012 3200 3084 ἁγίου.
3234 3012 3564 3085 Utrumque
3589 3013 3823 3070 invenit

2160 3101 2406 3172 Joseph,
2448 3109 2502 3158 et
2528 3103 2981 3173 graviditatem,
3013 3109 3070 3158 et
3101 3117 3369 3170 causam,
3402 3102 3555 3174 quod
3584 3118 3659 3160 ex
3686 3104 3821 3173 Spi-

2164 3191 2289 3245 ritu
2318 3196 2549 3258 sancto,
2594 3189 2744 3246 mihi
2787 3189 3082 3263 displicet.
3125 3193 3192 3247 Et
3224 3206 3367 3248 vero
3397 3190 3457 3247 in
3496 3190 3590 3247 his
3619 3191 3822 3247 verbis

2164 3279 2400 3335 videtur
2437 3280 2632 3336 inesse
2674 3280 2928 3336 insuave
2966 3279 3196 3353 aliquid
3237 3284 3294 3337 et
3321 3280 3630 3352 inelegans
3659 3300 3672 3350 ;
3706 3296 3822 3337 nec

2165 3369 2501 3426 admodum
2531 3369 2744 3425 dubito
2773 3369 2921 3441 quin
2953 3369 3109 3425 alius
3135 3370 3336 3444 quivis
3367 3371 3627 3443 scriptor
3655 3369 3823 3426 addi-

2164 3459 2354 3516 disset
2368 3459 2650 3516 voculam
2666 3459 2954 3532 aliquam,
2967 3475 3093 3532 qua
3107 3461 3440 3518 orationem
3453 3477 3628 3518 suam
3644 3475 3823 3517 orna-

2165 3549 2376 3606 tiorem
2429 3548 2811 3606 reddidisset.
2843 3552 2960 3606 Nec
2999 3550 3196 3620 magis
3245 3550 3442 3623 placet
3493 3550 3664 3606 locus
3720 3549 3821 3606 ille

2164 3637 2384 3710 (ibid.),
2398 3638 2504 3696 ubi
2523 3640 2779 3712 scriptor
2799 3638 3086 3710 angelum
3107 3639 3190 3695 ita
3209 3655 3349 3695 cum
3367 3639 3824 3709 Josephocollo-

2166 3733 2451 3799 quentem
2491 3729 2668 3784 facit:
2708 3733 2791 3786 Μὴ
2833 3727 3062 3799 φοϐηθῇς
3101 3725 3415 3801 παραλαϐεῖν
3460 3728 3674 3797 Μαριὰμ
3721 3731 3820 3782 τὴν

2165 3821 2385 3890 γυναῖκά
2416 3815 2672 3890 σου·μηδ’
2699 3818 2858 3869 ἐκεῖνο
2891 3816 3179 3887 ἕιθυμηθῇς
3207 3816 3286 3866 ὅτι
3313 3815 3579 3876 ὑπονοίαις
3601 3812 3820 3878 ἀτόποις

2168 3910 2472 3958 συσκιάσειδ
2505 3910 2564 3957 τὸ
2595 3905 2900 3976 ἁμάρτημα.
2933 3908 3136 3964 Δίκαιος
3174 3905 3272 3977 γὰρ
3302 3904 3821 3975 προσηγορεύθης-ου

2164 3999 2313 4066 πρός,
2357 3997 2470 4048 etc.
2519 3993 2663 4049 Noli
2685 3994 2892 4048 timere
2917 3991 3190 4060 accipere
3215 3991 3475 4046 Mariam
3502 3993 3824 4062 conjugem

2167 4089 2351 4153 tuam,
2387 4096 2574 4153 neque
2612 4080 2776 4136 illud
2822 4080 3182 4150 cogitaveris
3227 4079 3732 4138 obumbraturum
3765 4090 3825 4141 te

2163 4177 2477 4242 peccatum
2526 4169 2764 4227 absonis
2810 4169 3166 4240 quibusdam
3230 4174 3597 4226 commentis.
3661 4171 3822 4230 Nam

2166 4268 2412 4319 vocatus
2451 4277 2510 4318 es
2549 4263 2776 4330 justus,
2807 4274 2927 4315 non
2966 4265 3051 4316 est
3084 4265 3306 4326 autem,
3337 4264 3448 4315 etc.
3487 4263 3637 4317 Nam
3671 4261 3822 4318 illud

2163 4351 2410 4424 quidem
2446 4365 2459 4403 ζ
2493 4354 2576 4407 Μὴ
2612 4347 2839 4421 φοϐηθῇς
2877 4347 3192 4421 παραλαϐεῖν
3223 4351 3441 4422 Μαριὰμ
3470 4355 3562 4407 τὴν
3599 4354 3822 4421 γυναῖκα

2166 4462 2281 4511 σου,
2323 4441 2485 4497 unde
2526 4443 2839 4512 sumptum
2888 4439 2962 4495 sit
3008 4441 3050 4507 ⁸,
3094 4439 3284 4511 probe
3325 4439 3448 4496 scio
3488 4457 3501 4496 :
3545 4439 3652 4495 sed
3688 4440 3820 4496 reli-

399 4531 546 4602 λόγον
610 4531 764 4583 εἰπεῖν
825 4528 974 4583 οὐδὲν
1027 4529 1329 4604 ἀτιμότερον
1383 4539 1482 4582 τῶν
1540 4531 1836 4605 εἰρημένων,
1887 4533 1966 4583 ὅτι
2026 4533 2051 4582 ό

2162 4548 2286 4605 qua
2311 4531 2417 4587 ubi
2446 4529 2746 4601 legantur,
2773 4527 2999 4594 nescio,
3026 4528 3145 4584 nisi
3173 4528 3323 4584 forte
3352 4528 3413 4584 in
3445 4529 3817 4602 apocryphis

401 4619 699 4683 ἐπιτήδειος
745 4625 876 4695 πρὸς
907 4626 1001 4678 τὴν
1046 4620 1432 4693 ἐνανθρώπησιν
1477 4629 1566 4673 του
1607 4626 1800 4692 Κυρίου
1849 4627 2049 4695 καιρὸς,

397 4710 558 4762 πάλαι
582 4714 964 4785 προωρισμένος
986 4715 1075 4762 καὶ
1099 4707 1600 4785 προδιατεταγμένος
1631 4716 1728 4784 πρὸ
1759 4711 2051 4774 καταϐολῆς

399 4805 618 4874 κόσμου,
655 4805 768 4854 τότε
797 4800 1094 4867 ἐνειστήκει,
1129 4802 1246 4854 καθ’
1273 4801 1326 4853 ὃν
1357 4797 1464 4854 ἔδει
1496 4805 1554 4853 τό
1589 4807 1796 4874 Πνεῦμα
1820 4806 1878 4854 τὸ
1908 4803 2052 4874 ἅγιον

400 4895 489 4942 καὶ
541 4895 633 4949 τὴν
685 4887 904 4964 δύναμιν
951 4899 1043 4942 τοῦ
1105 4890 1359 4961 Ὑψίστου
1411 4895 1502 4948 τὴν
1544 4896 1801 4965 Θεοφόρον
1857 4893 2053 4951 ἐκείνην

403 4983 776 5039 συστήσασθαι
803 4983 992 5054 σάρκα.
1022 4977 1231 5038 Ἐπειδὴ
1269 4977 1327 5034 δέ
1360 4982 1609 5054 ὁμότιμον
1641 4989 1734 5042 τῆς
1761 4985 2052 5055 καθαρότη-

407 5089 491 5132 τος
522 5077 726 5143 Μαρίας
759 5071 850 5124 οὐκ
878 5068 1017 5142 εἶχεν
1045 5073 1072 5129 ἡ
1100 5078 1209 5123 κατ’
1240 5071 1435 5128 ἐκείνην
1456 5074 1600 5142 γενεὰ
1622 5079 1720 5123 τῶν
1746 5069 2048 5144 ἀνθρώπων,

405 5159 539 5211 ὥστε
555 5158 803 5233 ἐνέργειαν
820 5160 909 5213 τοῦ
930 5163 1224 5233 Πνεύματος
1242 5157 1619 5228 ὑποδέξασθαι,
1637 5159 2054 5234 προκατείληπτο

409 5246 467 5304 δὲ
495 5245 584 5303 διὰ
605 5259 698 5313 τῆς
723 5256 1027 5323 μνηστείας,
1055 5249 1254 5323 ἐξελὴη
1283 5253 1312 5308 ἡ
1339 5255 1573 5323 μακαρία
1601 5252 1874 5323 Παρθενος,
1904 5248 2054 5304 οὐδὶν

481 5455 502 5490 δ
532 5452 731 5511 Matth.
762 5471 800 5510 ι.
824 5456 914 5509 20.

479 5610 564 5680 (a)
608 5607 706 5664 Vie
724 5607 797 5665 de
823 5606 883 5664 S.
911 5607 1134 5672 Basile,
1169 5621 1228 5680 p.
1262 5605 1386 5662 301.

2160 4619 2533 4694 quibusdam
2586 4617 2918 4690 scripturis,
2978 4617 3203 4690 quibus
3252 4622 3463 4674 auctor
3513 4617 3631 4672 alio
3679 4617 3817 4674 loco

2160 4709 2476 4766 manifeste
2523 4725 2672 4764 usus
2710 4712 2818 4770 est,
2859 4709 2934 4763 ob
2964 4707 3148 4779 idque
3193 4706 3459 4780 idipsum
3497 4721 3568 4761 ex
3598 4704 3816 4760 iisdem

2162 4800 2432 4857 fontibus
2460 4799 2735 4856 hausisse
2765 4799 2978 4854 merito
3018 4797 3181 4854 credi
3211 4801 3426 4870 potest.
3465 4799 3536 4850 At
3564 4793 3817 4850 Basilius

2163 4895 2227 4947 ut
2253 4907 2428 4947 veras
2457 4889 2792 4961 Scripturas
2825 4888 3070 4944 assiduo
3100 4888 3379 4944 versabat
3402 4887 3462 4941 in
3492 4899 3702 4954 manu,
3734 4884 3821 4942 ita

2163 4979 2548 5051 apocryphas
2575 4993 2696 5034 non
2727 4977 2966 5048 legebat
2996 4995 3010 5033 :
3044 4981 3148 5034 aut
3176 4977 3225 5032 si
3243 4976 3482 5046 legeret,
3505 4989 3607 5030 eas
3629 4978 3823 5031 tanto.

2163 5085 2304 5141 pere
2336 5067 2786 5137 contemnebat,
2818 5071 2883 5122 ut
2919 5067 3064 5138 ipsis
3097 5066 3182 5121 uti
3220 5081 3460 5138 semper
3497 5063 3811 5136 puduerit.

2164 5163 2292 5216 Mox
2310 5157 2665 5230 suspicabar
2675 5157 3025 5229 scriptorem
3038 5154 3266 5227 aliquid
3282 5160 3625 5210 mutuatum
3639 5153 3823 5210 fuisse

2165 5264 2238 5304 ex
2279 5245 2644 5320 apocryphis
2680 5263 2691 5301 :
2748 5260 2910 5301 nunc
2949 5243 3011 5300 id
3047 5243 3099 5298 ei
3147 5243 3473 5314 contigisse
3515 5241 3822 5300 aﬂirmare

2232 5604 2310 5676 (b)
2337 5603 2681 5674 ttieronym.
2714 5601 2777 5657 in
2802 5599 3022 5658 Matth.
3062 5600 3167 5660 lib.
3197 5619 3238 5673 ι,
3270 5615 3405 5674 cap.
3445 5605 3491 5656 ι.
