4058 6192
219 245 282 300 33
1761 242 2146 303 ΡΒΕΡΑΤΙΟ.
3589 258 3658 311 34

224 437 495 495 possum.
520 420 662 492 Ejus
693 421 833 478 haec
867 426 1009 480 sunt
1041 423 1228 481 verba
1276 427 1446 496 (pag.
1483 426 1620 480 600:
1655 423 1808 481 Δηλοί
1835 419 1894 475 δὲ
1931 426 1978 480 Α
2006 439 2142 497 quae
2166 426 2313 484 mihi
2337 427 2766 500 discipliceant,
2793 427 2938 484 nihil
2961 433 3166 486 tamen
3187 445 3283 486 me
3305 431 3501 500 magis
3530 447 3658 488 mo-

233 516 330 564 καὶ
387 515 415 566 ἡ
469 513 590 562 κατὰ
631 514 724 563 τὸν
767 516 1054 586 Ζαχαρίαν
1099 517 1324 586 ιστορία,
1373 514 1453 565 ὃτι
1496 516 1656 587 μέχρι
1705 516 1896 574 παντὸς

243 603 537 673 παρθέεοςὲ
582 604 796 675 Μαρία·
852 606 1025 672 Λόγος
1068 604 1169 676 γάρ
1217 601 1294 664 τίς
1340 601 1475 668 ἐστι,
1521 607 1610 654 καὶ
1643 603 1793 664 οὗτος
1842 603 1898 653 ὲκ

251 688 564 764 paucissimi;
631 696 701 752 εἰς
763 693 906 763 ἡμᾶς
961 689 1258 765 ἀφιγμένος,
1315 693 1396 744 ὅτι
1444 693 1469 744 ὁ
1528 695 1800 766 Ζαχαρίας
1849 696 1900 745 ἓν

258 789 309 850 τῇ
352 788 440 830 τῶν
475 782 760 854 παρθένων
807 786 969 854 χώρᾳ
1015 785 1112 838 τὴν
1155 782 1373 855 Μαριὰμ
1422 781 1717 844 κατατάξας
1770 784 1902 854 μετὰ

244 890 314 925 7p
365 876 454 920 τοῦ
517 875 724 942 Κυρίου
780 873 992 934 κύησιν,
1053 872 1154 922 ὑπὸ
1206 878 1308 922 τῶν
1358 867 1630 923 Ἰουδαίων
1690 890 1904 943 κατεφο-

237 960 366 1014 τενθη
414 959 625 1030 μεταξὺ
674 966 773 1011 τοῦ
826 967 954 1011 ναοῦ
999 963 1086 1012 καὶ
1129 968 1220 1012 τοῦ
1266 963 1668 1033 θυσιαστηρίου,
1715 959 1900 1032 ἐγκλη-

233 1051 322 1110 Ξεις
375 1051 488 1102 ὑπὸ
538 1058 639 1101 τοῦ
691 1049 823 1102 λαοῦ
873 1051 942 1111 ὡς
1004 1046 1097 1102 διὰ
1147 1053 1332 1103 τούτου
1385 1053 1790 1113 κατασκευάζων
1844 1054 1901 1103 τὸ

225 1135 526 1210 παράδοξον
573 1138 740 1191 ἐκεῖνο
800 1143 892 1190 καὶ
945 1137 1307 1211 πολυύμνητον
1361 1146 1596 1213 σημεῖον,
1651 1142 1901 1213 παρθένον

218 1234 568 1300 γεννήσασα-δ,
605 1232 694 1278 καὶ
724 1232 822 1286 τὴν
850 1229 1135 1300 παρθενίαν
1160 1233 1229 1299 μὴ
1262 1225 1658 1301 διαφθείρασαν.
1692 1229 1902 1285 Decla-

220 1323 308 1374 rat
345 1325 556 1373 autem
585 1323 647 1373 et
673 1317 1002 1374 Zacharia:
1024 1318 1298 1386 historia,
1330 1319 1591 1375 Mariam
1611 1325 1900 1388 perpetuo

223 1409 518 1477 virginem
562 1408 992 1476 permansisse.
1025 1407 1247 1464 Ferunt
1273 1407 1452 1478 enim,
1485 1413 1538 1464 et
1576 1407 1640 1462 id
1677 1423 1752 1464 ex
1781 1414 1904 1464 tra-

223 1496 445 1552 ditione
461 1495 540 1551 ad
571 1511 683 1551 nos
705 1509 890 1567 usque
902 1495 1202 1566 pervenit,
1225 1497 1596 1554 Zachariam
1617 1511 1752 1552 cum
1766 1497 1899 1553 Μα-

229 1585 374 1640 riam
395 1585 458 1639 in
492 1585 807 1654 virginum
837 1585 966 1640 loco
985 1590 1124 1655 post
1146 1585 1384 1642 Domini
1398 1591 1650 1656 partum
1665 1587 1899 1656 posuis-

231 1681 328 1740 set,
401 1674 692 1743 templum
753 1675 917 1730 inter
965 1680 1021 1730 et
1069 1689 1241 1731 aram
1289 1677 1548 1732 occisum
1593 1691 1631 1732 a
1677 1676 1900 1734 Judceis

231 1765 421 1831 fuisse,
463 1763 747 1820 videlicet
769 1769 1121 1820 accusatum
1144 1778 1181 1820 α
1196 1765 1444 1834 populo,
1477 1766 1639 1836 quod
1665 1765 1776 1822 hac
1805 1780 1902 1821 ra-

240 1854 378 1908 tione
407 1853 807 1920 conﬁrmaret
836 1853 1201 1911 admirabile
1224 1853 1386 1910 illud
1415 1860 1468 1911 et
1496 1869 1778 1925 percuam
1804 1855 1898 1912 de-

240 1949 530 1999 cantatum
572 1945 844 2014 signum,
893 1945 1187 2015 virginem
1210 1946 1532 2016 peperisse,
1564 1961 1672 2002 nec
1701 1951 1898 2002 tamen

248 2033 634 2101 virginitatem
671 2033 1040 2102 corrupisse.
1063 2033 1270 2090 Mirum
1290 2033 1475 2090 videri
1509 2033 1899 2091 debettantas

259 2121 485 2191 ineptias
511 2121 566 2175 in
588 2136 658 2177 re
691 2121 858 2178 seria
878 2120 997 2177 dici
1016 2122 1313 2194 potuisse:
1341 2138 1452 2178 nec
1468 2122 1672 2178 minus
1693 2122 1900 2178 mirari

256 2208 396 2264 subit
426 2209 730 2280 ejusmodi
769 2210 1112 2267 orationem
1140 2215 1263 2268 tam
1300 2212 1407 2268 diu
1443 2212 1655 2269 Basilio
1686 2215 1900 2283 Magno

239 2297 400 2354 fuisse
438 2299 756 2354 tributam.
804 2298 958 2356 Olim
997 2305 1180 2372 caput
1219 2301 1577 2358 vicesimum
1615 2300 1898 2373 quintum

233 2387 466 2444 ἰδιὼεί
509 2404 834 2460 exponens
869 2389 1295 2462 Hieronymus,
1329 2390 1589 2447 similem
1614 2389 1900 2446 fabellam

231 2476 573 2534 confutavit.
626 2478 778 2534 Cum
819 2493 966 2550 ergo
997 2479 1262 2536 venisset
1281 2479 1358 2536 ad
1381 2496 1521 2536 eum
1545 2479 1770 2548 locum,
1794 2478 1900 2535 ubi

226 2567 440 2623 mentio
460 2565 528 2622 ﬁt
545 2567 686 2636 ejus
703 2567 1032 2636 Zachariae,
1052 2568 1156 2640 qui
1169 2569 1624 2642 intertemplum
1644 2569 1898 2626 etaltare

227 2655 455 2710 occisus
487 2660 607 2724 est,
631 2662 1055 2730 quereretque
1081 2659 1216 2729 quis
1236 2658 1309 2713 sit
1329 2658 1439 2715 iste
1456 2658 1795 2729 Zacharias,
1815 2657 1900 2714 ita

218 2742 488 2816 loquitur
513 2763 528 2799 :
564 2745 1075 2803 AliiZachariam
1098 2753 1330 2819 patrem
1359 2749 1617 2805 Joannis
1638 2748 1901 2819 intelligi

221 2833 451 2902 volunt,
471 2848 550 2890 ea:
559 2834 670 2905 qui
673 2833 751 2888 bu
763 2835 936 2891 sdam
949 2835 1436 2907 apocryphorum
1448 2839 1693 2894 somniis
1705 2852 1898 2907 appro

217 2921 448 2988 bantes,
478 2923 650 2992 quod
672 2930 1000 2993 propterea
1023 2925 1248 2982 occisus
1267 2926 1362 2996 sit,
1396 2927 1539 2998 quia
1559 2925 1898 2984 Saluatoris

207 3011 568 3080 praedicarit
583 3012 907 3069 adventum
917 3015 1064 3070 .Hoc
1075 3015 1216 3086 quia
1227 3015 1645 3086 deScripturis
1662 3031 1781 3072 non
1795 3014 1899 3072 ha-

216 3099 307 3155 bet
322 3102 784 3165 auctoritatem,
800 3103 1005 3159 eadem
1024 3105 1319 3174 facilitate
1339 3106 1760 3172 contemnitur,
1775 3117 1896 3176 qua

205 3191 532 3258 probatur.
561 3192 737 3247 Certe
759 3190 898 3246 duae
923 3191 1035 3248 illae
1059 3192 1294 3250 fabellae
1315 3195 1398 3252 ita
1418 3195 1570 3252 inter
1587 3212 1648 3252 se
1670 3211 1887 3253 conve-

206 3278 402 3344 niunt,
420 3283 579 3335 utex
595 3295 725 3336 uno
737 3279 1080 3354 eodemque
1093 3282 1255 3340 fonte
1273 3285 1554 3355 profectae
1577 3301 1708 3342 esse
1724 3285 1884 3343 vide-

208 3374 407 3424 antur.
425 3371 559 3440 Ego
581 3374 790 3425 autem
811 3370 970 3427 male
993 3371 1068 3428 de
1096 3375 1307 3442 Magno
1323 3373 1425 3431 illo
1447 3375 1664 3431 Basilio
1683 3375 1885 3432 existi-

209 3472 376 3514 mare
389 3459 545 3516 mihi
559 3457 827 3530 viderer,
841 3461 891 3517 si
909 3477 1049 3518 eum
1062 3466 1339 3534 putarem
1353 3467 1476 3519 tam
1490 3463 1646 3519 foede
1667 3463 1884 3520 somni-

221 3561 380 3606 asse.
400 3553 466 3603 ut
480 3563 600 3620 pro
630 3548 792 3604 veris
821 3550 1310 3624 apocryphorum
1336 3553 1574 3609 somnia
1600 3556 1876 3610 narrarit.

229 3633 337 3690 L'bi
350 3641 406 3691 et
425 3635 566 3693 illud
588 3641 891 3709 prmierea
907 3640 1102 3696 notari
1123 3644 1336 3713 potest,
1365 3643 1625 3699 auctoris
1647 3648 1881 3700 senten-

219 3725 360 3780 tiam
371 3726 520 3782 nihil
532 3743 614 3784 ex
624 3727 746 3784 hoc
760 3734 1103 3786 commento
1109 3731 1129 3801 j
1141 3731 1328 3788 uvari.
1338 3735 1484 3789 Nam
1497 3733 1756 3805 probare
1768 3734 1886 3790 ins-

211 3813 458 3871 tituerat
485 3816 743 3873 Mariam
764 3816 1170 3887 virginitatem
1196 3819 1492 3877 illibatam
1511 3837 1752 3896 semper
1768 3840 1886 3880 ser-

208 3919 418 3960 vasse:
447 3905 512 3961 id
532 3905 705 3977 quod
727 3921 852 3963 non
874 3908 1176 3981 probavit.
1206 3910 1325 3967 Etsi
1341 3911 1502 3967 enim
1521 3911 1584 3968 in
1606 3913 1885 3971 ordinem

209 3994 524 4063 virginum
563 3993 782 4052 allecta
808 3995 1017 4054 fuisset
1045 3999 1246 4067 Maria,
1274 4002 1456 4057 etiam
1483 4007 1620 4073 post
1647 4003 1884 4066 Domini

210 4089 484 4152 partum,
508 4087 721 4139 tamen
743 4100 984 4160 semper
1002 4089 1189 4161 quaeri
1227 4094 1448 4162 posset,
1490 4096 1695 4149 utrum
1719 4093 1781 4150 in
1811 4111 1884 4152 eo

213 4172 413 4240 gradu
439 4188 634 4245 quem
661 4180 985 4233 consecuta
1028 4177 1242 4250 fuerat,
1273 4179 1352 4236 ad
1395 4185 1656 4238 mortem
1687 4199 1884 4256 usque

211 4262 650 4332 permanserit.
672 4263 900 4321 Etenim
931 4265 980 4320 si
1002 4266 1186 4338 paulo
1213 4274 1353 4341 post
1375 4271 1611 4327 Domini
1641 4277 1883 4344 partum

219 4351 291 4406 ab
344 4367 424 4408 eo
473 4351 699 4408 ordine
751 4355 1058 4426 exciderit,
1111 4357 1388 4432 aliosque
1429 4360 1651 4419 liberos
1695 4379 1769 4420 ex
1813 4380 1886 4420 ea

223 4445 564 4512 susceperit
585 4441 905 4514 Josephus,
937 4444 1137 4516 ipsam
1165 4463 1289 4506 non
1325 4465 1566 4523 semper
1586 4451 1883 4524 virginem

231 4529 521 4585 exstitisse
566 4534 821 4587 constat.
868 4533 1064 4598 Quare
1112 4535 1161 4591 si
1209 4541 1420 4595 auctor
1456 4539 1633 4598 ﬁrma
1656 4542 1886 4599 ratione

225 4614 481 4686 probare
495 4615 710 4682 vellet,
723 4620 963 4679 Mariam
977 4639 1216 4697 semper
1230 4627 1526 4698 virginem
1543 4629 1746 4694 fuisse,
1761 4647 1887 4688 non

225 4707 372 4761 satis
388 4713 518 4764 erat
538 4706 768 4775 dicere,
791 4725 926 4767 eam
964 4711 1027 4768 in
1049 4714 1354 4786 virginum
1380 4716 1516 4774 loco
1544 4735 1580 4776 a
1598 4720 1888 4778 Zacharia

224 4800 360 4864 post
402 4795 650 4852 Domini
682 4803 928 4870 partum
957 4801 1217 4873 positam
1247 4820 1399 4876 esse,
1432 4807 1538 4864 sed
1567 4811 1887 4868 ostendere

226 4882 561 4954 debuisset,
583 4886 786 4958 ipsam
813 4889 876 4946 in
903 4906 974 4947 eo
1000 4892 1210 4951 ordine
1233 4895 1294 4951 in
1324 4912 1448 4969 quo
1478 4899 1663 4956 semel
1693 4899 1889 4959 fuerat

228 4973 554 5040 collocata,
585 4992 780 5049 usque
819 4977 902 5035 ad
933 4987 1270 5040 extremum
1302 4987 1577 5058 spiritum
1609 5005 1888 5062 perseve-

227 5077 427 5119 rasse:
461 5065 527 5121 id
551 5066 716 5139 quod
736 5083 862 5124 non
891 5071 1182 5142 praestitit.
1205 5080 1522 5135 Auctorem
1543 5077 1604 5135 in
1621 5095 1685 5136 re
1707 5081 1888 5138 simili

231 5166 264 5206 ε
281 5169 474 5226 scopo
495 5171 732 5213 errasse
750 5158 886 5230 jam
907 5159 1200 5218 vidimus:
1231 5165 1479 5222 Basilius
1500 5173 1704 5228 autem
1727 5187 1886 5228 unus

231 5244 502 5301 omnium
523 5245 866 5305 felicissime
887 5248 1178 5322 attingere
1199 5268 1452 5327 scopum
1466 5259 1653 5332 novit,
1668 5266 1724 5318 et
1747 5279 1888 5319 cum

236 5334 411 5424 semel
426 5334 662 5408 aliquid
677 5336 793 5393 sibi
810 5338 1207 5410 probandum
1223 5345 1556 5417 proposuit,
1571 5361 1886 5424 nunquam

237 5419 388 5479 aliud
407 5425 649 5496 probat.
671 5429 863 5484 Porro
885 5443 1029 5484 cum
1045 5432 1236 5488 multa
1255 5433 1373 5490 sint
1389 5433 1452 5492 in
1461 5435 1577 5495 hac
1591 5419 1885 5513 oratione,

333 5549 406 5626 (α)
445 5549 620 5613 Hom.
655 5556 688 5609 6
719 5554 787 5612 in
817 5551 1010 5624 Hem,
1043 5568 1101 5626 p.
1137 5557 1199 5613 55
1225 5560 1281 5618 et
1311 5573 1438 5632 seq.

2005 514 2110 585 vit,
2131 531 2319 587 quam
2349 517 2515 590 quod
2536 517 2609 572 de
2625 518 2882 572 'cometis
2920 518 3158 574 dicitur.
3183 519 3375 576 Verba
3395 521 3657 576 auctoris

2008 609 2148 659 sunt
2166 605 2294 662 haec
2315 606 2478 678 (pag.
2503 606 2659 677 601):
2697 609 2771 657 Οὐ
2797 611 2900 678 μὴν
2923 605 3039 659 οὐδ’
3061 607 3219 660 ἐκεῖνο
3242 615 3350 670 τοῖς
3377 613 3655 684 περιέργως

2008 695 2075 745 τὰ
2127 697 2260 747 κατὰ
2319 699 2408 747 τὸν
2467 701 2618 748 τόκον
2693 694 3108 768 ἐκλαμϐάνουσιν
3170 699 3328 750 εἰπεῖν
3400 701 3652 771 ὑπάρχει,

2010 781 2090 833 ὃτι
2147 785 2171 833 ὁ
2226 782 2390 858 ἀστὴρ
2448 792 2555 847 τοῖς
2605 789 2860 856 κομήταις
2920 786 3283 858 παραπλήσιος
3359 785 3444 857 ἦν,
3511 787 3655 858 οἱπερ

2008 870 2240 942 μάλιστα
2299 870 2517 926 δοκοῦσι
2569 872 2826 945 βασιλέων
2887 870 3155 946 διαδοχὰς
3215 872 3492 940 δηλοῦντες
3539 877 3656 928 κατ’

2010 959 2222 1034 οὐρανὸν
2251 964 2522 1016 ἵστασθαι.
2563 963 2768 1033 Neque
2812 978 2949 1019 vero
2980 963 3054 1018 iis
3091 964 3198 1033 qui
3225 966 3455 1021 curiose
3482 980 3656 1034 expo-

2009 1054 2160 1104 nunt
2188 1066 2318 1121 quae
2347 1051 2428 1108 ait
2452 1057 2699 1121 partum
2724 1053 3052 1121 pertinent,
3081 1053 3244 1107 illud
3269 1053 3466 1109 dicere
3497 1055 3654 1121 licet,

2007 1139 2246 1194 stellam
2295 1141 2485 1210 fuisse
2513 1143 2753 1196 cometis
2780 1142 3122 1208 assimilem,
3149 1141 3256 1212 qui
3282 1142 3541 1197 maxime
3575 1142 3658 1198 ad

2008 1228 2430 1296 signiﬁcandas
2461 1244 2670 1299 regum
2700 1230 3092 1285 successiones
3114 1229 3396 1285 videntur
3425 1231 3485 1285 in
3509 1232 3656 1286 caelo

2008 1318 2347 1374 consistere.
2381 1320 2546 1374 Certe
2582 1318 2664 1374 ita
2693 1317 2882 1373 videri
2911 1318 3106 1390 potuit
3137 1317 3324 1373 cuivis
3354 1317 3522 1374 alteri
3553 1334 3657 1391 po-

2007 1405 2124 1461 tius
2153 1423 2342 1480 quam
2377 1407 2590 1464 Basilio
2616 1410 2848 1477 Magno.
2885 1407 3114 1463 Etenim
3143 1407 3192 1462 is
3218 1423 3343 1462 non
3372 1413 3520 1475 erat,
3551 1408 3658 1480 qui

2008 1496 2389 1553 autcrederet
2401 1511 2611 1567 regum
2621 1496 3037 1552 successiones
3049 1495 3296 1552 cometis
3311 1495 3655 1566 signiﬁcari,

2009 1589 2115 1640 aut
2133 1586 2213 1641 ad
2242 1585 2302 1640 id
2324 1585 2695 1642 credendum
2727 1585 2880 1642 alios
2905 1584 3233 1642 induceret.
3266 1589 3351 1642 lta
3380 1586 3541 1642 enim
3568 1601 3658 1642 er-

2007 1689 2175 1730 rores
2207 1673 2721 1744 genethliacorum
2761 1679 2941 1747 atque
2981 1679 3328 1731 commenta
3365 1674 3656 1741 confutet,

1938 1751 1978 1804 Β
2009 1767 2073 1818 ut
2087 1763 2385 1834 ejusmodi
2403 1768 2775 1820 cometarum
2790 1763 3062 1820 fabulam
3079 1766 3312 1819 tantum
3324 1778 3448 1819 non
3464 1763 3654 1819 nomi-

2005 1852 2194 1907 natim
2221 1851 2516 1925 repudiet.
2551 1855 2747 1908 Pauca
2777 1868 2848 1908 ex
2880 1851 3086 1908 multis
3118 1852 3376 1908 referam
3411 1853 3514 1923 (a).
3563 1851 3659 1908 Sic

2005 1939 2187 2011 igitur
2212 1941 2518 2014 loquitur:
2577 1942 2679 1994 Οἷα
2722 1939 2780 1996 δὲ
2828 1945 2917 1994 καὶ
2962 1944 3027 1993 τὰ
3074 1941 3527 2014 ἀποτελεσματικά
3558 1960 3569 2005 ;
3596 1947 3656 1993 Ὁ

2009 2026 2154 2084 δεῖνα
2183 2027 2348 2097 οὖλος,
2385 2035 2530 2103 φησὶ,
2563 2036 2652 2089 τὴν
2684 2037 2866 2104 τρίχα,
2898 2030 2986 2084 καί
3038 2034 3299 2104 χαροπός,
3350 2038 3509 2105 Κριοῦ
3555 2033 3655 2103 γὰρ

2007 2121 2120 2192 ἔχει
2177 2124 2265 2178 τὴν
2322 2123 2477 2195 ὥραν·
2538 2128 2769 2174 τοιοῦτον
2833 2119 2893 2174 δέ
2948 2140 3056 2182 πως
3114 2120 3336 2192 ὀφθῆναι
3393 2124 3451 2173 τὸ
3504 2125 3650 2184 ζῶον·

2011 2209 2168 2263 ’Λλλὰ
2226 2215 2312 2263 καὶ
2367 2211 2720 2286 μεγαλόφρων,
2781 2208 2959 2269 ἐπειδὴ
3018 2213 3323 2283 ἡγεμονικόν
3384 2213 3410 2263 ό
3487 2216 3656 2286 κριός·

2005 2304 2093 2352 καὶ
2137 2304 2427 2374 προετικός,
2480 2307 2570 2354 καὶ
2617 2301 2771 2354 πάλιν
2810 2306 3137 2375 ποριστικός,
3193 2297 3371 2359 ἐπειδὴ
3415 2304 3474 2353 τὸ
3525 2305 3655 2364 ζῶον

2004 2397 2159 2443 τοῦτο
2207 2395 2294 2442 καὶ
2349 2394 2654 2444 ἀποτίθεται
2712 2390 2920 2452 ἀλύπως
2973 2395 3032 2443 τὸ
3098 2393 3253 2462 ἔριον,
3335 2396 3424 2444 καὶ
3500 2391 3656 2443 πάλιν

2005 2483 2147 2554 παρὰ
2202 2489 2296 2542 τῆς
2363 2484 2564 2553 φύσεως
2609 2477 2805 2554 ῥᾳδίως
2863 2480 3288 2552 ἐπαμφιέννυταυ
3351 2479 3506 2532 Ἀλλὰ
3564 2486 3653 2532 καὶ

2005 2573 2031 2622 ό
2083 2576 2366 2642 Ταυριανός
2426 2569 2718 2635 τληπαθὴς,
2777 2573 2930 2641 φησὶ,
2990 2575 3078 2620 καὶ
3140 2566 3403 2635 δουλικὸς,
3465 2565 3646 2626 ἐπειδὴ

2004 2662 2104 2713 ὑπὸ
2133 2665 2285 2733 ζυγὸν
2341 2662 2367 2712 ὁ
2428 2666 2636 2732 ταῦροςο
2699 2662 2797 2709 Καὶ
2853 2659 2878 2709 ό
2927 2662 3239 2730 Σκορπιανὸς
3277 2656 3509 2718 πλήκτης
3561 2653 3654 2709 διὰ

2004 2754 2093 2808 τὴν
2138 2754 2266 2824 πρὸς
2305 2753 2362 2802 τὸ
2415 2750 2590 2822 θηρίον
2638 2748 2903 2820 ὁμοίωσιν·
2945 2753 3002 2798 Ὀ
3045 2743 3102 2799 δὲ
3133 2745 3379 2808 Ζυλιανός
3422 2742 3650 2810 δίκαιος,

2008 2836 2096 2893 ὃίά
2117 2845 2211 2898 τὴν
2234 2838 2358 2913 παρ’
2389 2840 2512 2911 ἡμῖν
2543 2846 2643 2889 τῶν
2697 2840 2864 2908 ζυγῶν
2921 2835 3162 2895 ἱσότητα⁴
3221 2838 3430 2888 Τούτων
3485 2838 3536 2886 τί
3592 2835 3654 2886 οἶν

2003 2933 2200 3000 γένοιτο
2271 2927 2778 3001 καταγελαστότερον
2804 2945 2816 2991 ;
2851 2967 2864 2982 .
2887 2969 2899 2981 .
2923 2969 2935 2981 .
2960 2969 2973 2982 .
2995 2968 3008 2982 .
3094 2933 3208 2987 Πῶς
3291 2921 3380 2976 οὖν
3464 2923 3652 2976 ἐκεῖθεν

2005 3021 2097 3080 τὰς
2164 3022 2555 3092 προηγουμένας
2616 3017 2785 3078 αἰτίας
2851 3015 3010 3088 λέγων
3064 3016 3322 3089 ὑπάρχειν
3378 3021 3486 3076 τοῖς
3553 3022 3652 3066 τῶν

2002 3111 2282 3183 ἀνθρώπων
2326 3107 2485 3182 βίοις,
2533 3108 2589 3160 ἐκ
2636 3115 2737 3160 τῶν
2792 3107 2916 3181 παρ’
2974 3112 3098 3178 ἡμῖν
3149 3105 3503 3178 βοσκημάτων
3549 3112 3651 3156 τῶν

1999 3203 2319 3272 γεννωμένων
2364 3198 2645 3271 ἀνθρώπων
2707 3199 2774 3249 τὰ
2827 3198 2928 3255 ἤθη
2998 3198 3411 3268 χαρακτηρίζεις
3437 3211 3450 3261 ;
3485 3237 3498 3250 .
3521 3236 3532 3250 .
3555 3237 3568 3250 .
3591 3237 3606 3251 .
3626 3236 3642 3251 ,

1995 3293 2056 3340 Τί
2085 3283 2174 3340 οὖν
2213 3285 2477 3349 δυσωπείς
2530 3289 2621 3360 μὲν
2679 3287 2816 3359 ἡμᾶς
2869 3282 2973 3337 ἀπὸ
3025 3292 3119 3345 τῆς
3164 3281 3499 3347 ἀξιοπιστίας
3549 3291 3651 3334 τῶν

1991 3377 2232 3452 alui-pm;
2266 3382 2374 3434 etc.
2421 3376 2638 3444 Quales
2667 3381 2866 3432 autem
2893 3373 3321 3444 producuntur
3349 3374 3600 3443 effectus
3623 3371 3652 3428 ?

1987 3468 2176 3537 Hujus
2195 3468 2430 3538 capilli,
2458 3465 2768 3538 inquiunt,
2786 3464 2996 3534 futuri
3018 3469 3158 3518 sunt
3187 3464 3392 3532 crispi,
3421 3463 3654 3519 oculive

1986 3557 2213 3614 decori:
2223 3557 2272 3612 A
2281 3557 2449 3613 rietis
2461 3556 2684 3612 scilicet
2697 3553 2874 3610 habet
2888 3553 3136 3610 horam:
3149 3567 3405 3622 namque
3416 3553 3650 3608 animal

1985 3643 2150 3704 illud
2169 3645 2605 3718 quodammodo
2623 3645 2738 3700 tali
2756 3648 2840 3698 est
2863 3648 3127 3711 aspectu.
3155 3641 3309 3708 Quin
3329 3642 3507 3697 etiam
3535 3641 3649 3698 erit

1985 3737 2214 3808 grandi
2222 3737 2424 3792 animo
2437 3740 2489 3790 et
2506 3735 2682 3800 elato,
2698 3732 2920 3803 quippe
2929 3745 3106 3799 penes
3123 3732 3369 3786 arietem
3383 3735 3466 3786 est
3475 3731 3646 3799 prin-

1989 3827 2225 3896 cipatus
2241 3840 2264 3881 ,ο
2283 3825 2395 3881 erit
2413 3828 2466 3880 et
2485 3825 2715 3892 largus,
2740 3826 2794 3877 et
2815 3834 3028 3874 rursus
3048 3825 3441 3890 quwstuosus,
3458 3834 3649 3891 quan-

1989 3915 2306 3987 doquidem
2324 3915 2434 3970 hoc
2454 3912 2688 3969 animal
2707 3915 2760 3966 et
2780 3911 2935 3966 citra
2956 3909 3288 3966 molestiam
3306 3909 3544 3978 deponit
3565 3910 3649 3966 la-

1988 4021 2153 4074 nam,
2183 4010 2237 4061 et
2261 4018 2473 4060 rursus
2493 4002 2683 4072 facile
2702 4015 2739 4058 a
2761 4005 2988 4057 natura
3004 4000 3276 4055 vestitur.
3303 3998 3420 4054 Sed
3437 4004 3646 4054 natum

1990 4097 2054 4152 in
2087 4097 2306 4158 Tauro,
2336 4093 2689 4150 tolerantem
2729 4105 2847 4147 esse
2886 4089 3158 4144 laborum
3191 4088 3420 4154 dicunt,
3470 4093 3650 4157 atque

1991 4187 2295 4242 servilem:
2321 4183 2602 4256 quoniam
2613 4181 2766 4252 jugo
2781 4186 2995 4235 taurus
3008 4177 3352 4247 subjicitur.
3380 4174 3496 4241 Qui
3510 4190 3648 4231 vero

1991 4276 2183 4333 editus
2205 4279 2289 4331 est
2308 4273 2415 4330 sub
2427 4271 2767 4341 Scorpione,
2785 4269 2897 4324 erit
2902 4282 3000 4337 per
3017 4265 3448 4334 cussor,obeam
3465 4279 3647 4335 quam

1996 4380 2131 4422 cum
2155 4365 2268 4420 isto
2298 4362 2560 4419 animali
2595 4359 2772 4416 habet
2797 4355 3274 4414 similitudinem.
3307 4353 3421 4421 Qui
3448 4359 3648 4410 autem

1995 4457 2058 4511 in
2079 4453 2263 4510 Libra
2274 4456 2454 4508 natus
2470 4454 2577 4517 est,
2590 4449 2840 4518 futurus
2862 4451 2945 4502 est
2955 4443 3444 4516 justus,'propter
3460 4443 3648 4500 libra-

1994 4559 2131 4599 rum
2151 4541 2318 4612 apud
2336 4555 2442 4596 nos
2463 4538 2889 4609 wqualitatem.
2919 4534 3067 4602 Quid
3089 4534 3180 4591 his
3210 4533 3400 4604 magis
3422 4533 3650 4588 ridicu-

1997 4635 2120 4689 lum
2135 4647 2254 4688 esse
2262 4631 2448 4701 possit
2463 4632 2506 4684 .9.
2519 4667 2554 4683 ..
2576 4625 2878 4694 Quomodo
2899 4625 3090 4696 igitur
3111 4623 3284 4679 illinc
3310 4638 3650 4692 praecipuas

1994 4724 2132 4781 vitae
2149 4721 2430 4778 humanm
2446 4733 2659 4775 causas
2675 4715 2981 4786 proﬁcisci
2997 4715 3194 4780 doces,
3219 4719 3271 4769 et
3301 4728 3376 4770 ex
3396 4713 3649 4770 terrenis

1992 4811 2319 4883 pecudibus
2335 4809 2707 4866 nascentium
2731 4805 3032 4861 hominum
3055 4817 3244 4859 mores
3260 4802 3546 4872 exprimis
3563 4806 3652 4857 at-

1994 4916 2106 4974 que
2127 4899 2365 4972 efﬁngis
2377 4901 2470 4953 ?...
2497 4895 2645 4956 Ouid
2663 4909 2800 4964 ergo
2815 4893 2990 4950 fidem
3007 4907 3082 4950 ex
3097 4892 3277 4949 astris
3295 4890 3406 4946 tibi
3415 4890 3648 4959 faciens

1991 4989 2419 5062 perterrefacis
2444 5002 2548 5043 nos
2569 4989 2597 5040 ?
2635 4984 2767 5055 Qui,
2793 4983 2960 5057 quod
2989 4982 3070 5040 ad
3097 4980 3418 5039 hominum
3446 4981 3649 5033 ortum

1995 5080 2224 5148 attinet,
2247 5093 2370 5134 non
2391 5075 2583 5149 pluris
2609 5074 2748 5130 fecit
2777 5078 2942 5130 astra
2966 5085 3300 5142 eorumque
3327 5071 3547 5136 motus,
3573 5065 3646 5138 is,

1995 5175 2062 5227 ut
2084 5169 2234 5226 mihi
2263 5165 2512 5241 quidem
2540 5164 2795 5236 videtur,
2827 5162 3076 5222 minime
3119 5157 3397 5216 omnium
3450 5155 3648 5214 dicere

1994 5259 2188 5333 potuit
2206 5273 2418 5328 regum
2440 5254 2849 5312 successiones
2865 5247 3546 5308 cometisindicariJam
3568 5245 3650 5303 ad

1995 5349 2114 5408 alia
2137 5345 2625 5421 properabimus,
2650 5342 2757 5398 sed
2783 5341 2832 5396 si
2872 5339 3038 5414 prius
3063 5337 3214 5394 illud
3251 5354 3443 5395 unum
3490 5335 3649 5407 adje-

1995 5441 2276 5511 cerimus,
2300 5439 2533 5496 tantam
2563 5431 2926 5492 variantium
2955 5431 3288 5488 lectionum
3317 5427 3557 5502 cOpiam
3585 5424 3648 5482 in
