4058 6192
445 185 514 242 39
1960 186 2339 263 puerulo.
3450 213 3457 221 -
3780 193 3850 248 ιο

434 307 612 371 αὐτός·
664 309 868 374 Ἰησοῦς
924 316 1153 386 Χριστὸς
1214 309 1365 370 ἦλθεν
1423 314 1493 376 εἰς
1542 317 1629 367 τὸν
1687 319 1884 388 κόσμον
1922 313 2161 388 άμαρ-Α
2194 311 2486 383 καμάτωνς
2543 311 2652 362 Οὐκ
2713 310 2921 382 ἄγγελοί
2982 311 3155 383 ἐσμεν,
3229 310 3341 363 ἀλλ’
3395 311 3677 385 ἄνθρωποι.
3746 320 3846 368 Καὶ

432 396 625 460 τωλούς
665 406 854 466 σῶσαι,
884 397 951 452 ὧν
979 404 1181 474 πρῶτός
1221 401 1326 474 εἰμι
1373 400 1492 473 ἐγώ·
1533 407 1603 456 Τό
1650 402 1787 458 ἴδιον
1817 404 2089 477 ἐλάττωμα

432 495 656 561 φανεροῖ,
691 489 773 542 ἵνα
803 486 944 563 δείξῃ
977 493 1037 542 τὸ
1062 492 1275 563 μέγεθος
1306 499 1400 553 τῆς
1431 494 1673 566 χάριτος·
1712 493 1868 546 Ἀλλὰ
1898 496 2088 569 Πέτρος

431 576 585 628 εἰπὼν
636 582 726 630 καὶ
794 579 1111 652 εὐλογηθεὶς,
1178 580 1351 633 εἰπὼν·
1411 586 1491 634 ὅτι
1548 583 1669 646 Υἱός
1721 581 1901 637 εἰτοῦ
1955 592 2088 637 Θεοῦ

427 674 521 723 τοῦ
550 666 799 739 ὑψίστου,
841 674 930 722 καὶ
962 669 1214 735 ἀκούσας,
1242 672 1345 724 ὃτι·
1378 676 1548 746 Πέτρα
1576 675 1639 740 εἷ,
1674 674 2083 747 ἐνεγκωμιάσθη·

428 763 491 815 Εἰ
517 765 617 837 γὰρ
664 765 749 814 καὶ
786 762 970 832 πέτρα,
1004 761 1110 830 οὐχ
1158 762 1226 821 ὡς
1267 765 1499 835 Χριστὸς
1548 766 1729 838 πέτρα,
1791 766 1861 825 ὠς
1894 768 2085 837 Πέτρος

423 856 607 927 πέτρα·
666 852 895 924 Χριστὸς
945 851 1043 923 γὰρ
1097 851 1253 912 ὄντως
1308 855 1473 925 πέτρα
1527 851 1830 916 ἀσάλευτος,
1892 856 2083 926 Πέτρος

427 938 487 994 δὲ
509 939 601 994 διὰ
625 944 719 997 τήν
747 942 957 1012 πέτραν·
981 939 1202 995 Petrus
1222 946 1313 996 ter
1332 947 1535 1011 negat,
1552 946 1753 999 tamen
1777 944 1840 998 in
1856 943 2083 1012 funda-

422 1034 621 1085 mento
650 1027 1007 1083 collocatur.
1029 1026 1257 1082 Paulus
1282 1042 1359 1083 ex
1377 1029 1860 1097 persecutoribus
1878 1031 2084 1101 factus

421 1122 507 1175 est
524 1116 919 1187 prmdicator.
943 1115 1062 1171 bed
1090 1114 1189 1170 hic
1233 1117 1483 1186 qud’stio
1521 1123 1629 1173 est.
1674 1117 1832 1185 Quid
1882 1125 2082 1177 autem

419 1207 569 1264 dicit
596 1208 776 1275 ipse?
842 1205 1068 1260 «Jesus
1116 1203 1394 1261 Christus
1441 1209 1603 1263 venit
1647 1208 1711 1263 in
1767 1209 2078 1277 mundum,

418 1302 487 1352 ut
541 1300 886 1366 peccatores
960 1293 1159 1349 salvos
1218 1294 1481 1363 faceret,
1535 1310 1790 1366 quorum
1844 1298 2081 1367 primus

417 1401 548 1442 sum
605 1399 703 1454 ego
737 1384 757 1417 ⁸
800 1404 828 1433 ››
880 1382 1171 1438 Declarat
1232 1398 1408 1439 suum
1462 1385 1653 1453 ipsius
1716 1387 1955 1455 vitium,
2014 1394 2081 1444 ut

414 1476 634 1547 gratiae
656 1472 1135 1544 magnitudinem
1159 1474 1453 1531 ostendat.
1483 1476 1816 1534 Atdia‘erat
1834 1477 2077 1546 Petrus,

415 1570 472 1623 et
500 1564 963 1621 benedictionem
984 1573 1329 1619 consecutus
1351 1565 1603 1637 fuerat;
1627 1566 1905 1624 dixerat:
1935 1591 1962 1619 ‹‹
1980 1570 2081 1624 Fi-

416 1656 532 1712 lius
556 1668 614 1710 es
632 1654 734 1710 Dei
758 1653 1042 1709 altissimi
1063 1654 1084 1687 9
1112 1665 1133 1722 ,‘
1167 1675 1195 1703 »
1237 1668 1490 1725 cumque
1518 1657 1804 1725 audisset,
1833 1677 1864 1711 ‹
1889 1658 2077 1716 Petra

413 1759 492 1809 es,
527 1765 554 1792 »
606 1742 915 1812 prteconio
962 1741 1321 1798 nobilitatus
1378 1749 1484 1799 est.
1549 1744 1906 1817 Quanquam
1964 1763 2071 1804 au-

414 1838 528 1889 tem
551 1836 731 1901 petra
756 1836 862 1899 est,
895 1845 1017 1885 non
1055 1835 1122 1885 ut
1151 1830 1433 1887 Christus
1475 1838 1674 1902 petra,
1725 1840 1794 1890 ut
1853 1836 2073 1893 Petrus

410 1928 604 1994 petra.
653 1921 930 1977 Christus
960 1923 1117 1977 enim
1149 1935 1287 1977 vere
1311 1926 1493 1990 petra
1537 1929 1621 1979 est
1664 1924 2071 1981 inconcussa:

406 2013 626 2071 Petrus
652 2025 791 2068 vero
811 2016 1067 2080 propter
1086 2015 1343 2079 petram.
1380 2011 1608 2085 Ubique
1645 2012 1951 2085 abjectum
1983 2020 2071 2072 est

407 2095 648 2154 dicendi
680 2109 896 2166 genus,
928 2097 986 2151 et
1012 2094 1241 2150 humile
1267 2115 1281 2163 ;
1329 2095 1440 2151 sed
1469 2101 1876 2169 praeterquam
1901 2100 2070 2172 quod

404 2185 523 2243 hoc
550 2185 685 2241 loco
717 2197 916 2239 sermo
942 2182 1190 2238 humilis
1223 2188 1311 2240 est
1340 2188 1397 2241 et
1422 2184 1716 2257 abjectus,
1748 2186 1954 2260 aliqua
1983 2189 2067 2245 di-

406 2278 504 2331 cta
531 2276 673 2329 sunt
699 2271 1099 2344 ineptissime.
1131 2271 1279 2338 Quid
1309 2273 1471 2329 enim
1515 2274 1621 2330 illa
1654 2274 1945 2348 loquendi
1973 2293 2069 2334 ra-

402 2363 592 2431 tione,
619 2360 751 2414 ἆλλὰ
797 2364 987 2435 Πέτρος
1045 2360 1198 2413 εἰπὼν
1253 2367 1344 2414 καὶ
1394 2362 1709 2436 εὐλογηθεὶς,
1762 2365 1916 2418 εἰπὼν
1961 2369 2060 2439 ὅτι,

405 2458 471 2510 at
495 2454 714 2509 Petrus
765 2452 1022 2520 locutus,
1065 2457 1121 2507 et
1172 2451 1639 2510 benedictionem
1691 2463 2061 2528 consecutus,

405 2544 662 2613 locutus,
695 2544 798 2597 aut
825 2540 1091 2613 ineptius
1118 2544 1225 2607 est,
1256 2546 1361 2598 aut
1386 2542 1710 2599 absurdius
1728 2546 1756 2601 ?
1786 2547 2062 2605 Fortasse

397 2646 524 2688 non
556 2630 923 2687 videbuntur
951 2629 1204 2687 meliora
1223 2647 1360 2703 quae
1383 2637 1737 2704 sequuntur,
1768 2637 1838 2696 ὡς
1869 2640 2060 2711 Πέτρος

398 2724 590 2796 πέτρα,
642 2726 709 2775 ut
739 2720 961 2775 Petrus
1006 2724 1205 2788 petra.
1256 2721 1621 2794 Scriptorcm
1666 2725 2060 2795 quaestionem

395 2809 735 2884 quamdam
766 2809 865 2865 hic
893 2810 1310 2883 proposuisse,
1350 2827 1460 2867 nec
1507 2816 1711 2869 tamen
1758 2814 2058 2872 imitatum

391 2899 577 2956 fuisse
600 2898 796 2956 bonos
818 2898 1161 2971 scriptores,
1191 2899 1313 2973 qui,
1345 2917 1487 2958 cum
1528 2902 1926 2975 quaestionem
1956 2905 2057 2962 ali-

2191 405 2449 473 πίπτομεν
2504 404 2590 452 καὶ
2662 402 2982 474 ἓγειρόμεθα,
3058 405 3146 452 καὶ
3205 399 3451 463 πολλάκις
3520 410 3614 463 τῆς
3686 403 3845 467 αὐτῆς

2194 491 2419 563 ὧρας....
2452 489 2514 541 Εἰ
2545 486 2604 542 δὲ
2632 486 2842 551 οὐδενὸς
2891 489 3293 563 ἁμαρτήσαντος
3327 492 3357 547 ἡ
3407 491 3612 562 ἄφεσις,
3662 493 3692 549 ἡ
3736 490 3845 545 δια-

2194 581 2324 652 φορὰ
2352 576 2413 637 ἧν
2441 578 2491 630 ἐν
2517 598 2579 652 τη
2608 578 2862 651 ποικιλίᾳ·
2900 578 3054 632 Ἀλλά
3082 575 3282 637 ἐπειδὴ·
3318 581 3592 636 Unumne
3618 581 3846 638 malum

2189 675 2434 739 reputat
2461 674 2638 738 Deus,
2660 670 2858 725 multa
2879 682 3020 726 vero
3043 668 3200 725 bona
3229 684 3345 725 non
3358 675 3605 737 reputat
3628 675 3653 725 .9
3698 671 3845 739 Quot

2188 763 2490 828 martyres
2517 758 2622 830 qui
2645 760 2911 826 primum
2967 763 3289 828 negarant,
3320 773 3535 813 rursus
3584 760 3844 818 redinte-

2187 853 2368 918 grata
2382 862 2592 918 pugna
2618 846 2851 903 cladem
2874 861 3175 904 resarsere
3192 851 3220 902 ?
3270 847 3383 904 Sed
3410 856 3702 917 negarant
3722 866 3842 906 non

2186 939 2406 1004 animo,
2424 936 2526 993 sed
2539 937 2769 1007 lingua.
2787 937 2947 992 Caro
2958 937 3465 1007 namqueinﬁrma
3477 942 3582 993 est.
3596 939 3842 995 Excidit

2186 1028 2294 1098 qui
2320 1027 2597 1098 abnegat,
2629 1042 2842 1083 rursus
2871 1043 3007 1083 cum
3047 1027 3390 1094 conﬁtetur,
3429 1027 3835 1084 instauratur.

2184 1116 2307 1172 Nec
2333 1116 2485 1172 enim
2505 1115 2667 1172 mala
2685 1115 2957 1172 observat
2979 1116 3158 1183 Deus,
3183 1115 3339 1171 bona
3355 1130 3490 1172 vero
3514 1116 3688 1172 nullo
3712 1117 3838 1173 loco

2184 1211 2486 1262 numerat:
2539 1205 2619 1261 Et
2645 1220 2779 1261 cum
2830 1205 2963 1276 quis
3004 1209 3396 1275 torqueretur,
3435 1218 3839 1272 saepenumero

2184 1295 2375 1364 cessit,
2394 1309 2525 1351 cum
2544 1296 2704 1364 ferre
2723 1309 2845 1349 non
2867 1297 3086 1364 posset,
3108 1308 3231 1348 non
3247 1298 3620 1348 commutans
3635 1293 3839 1349 volun-

2186 1384 2327 1440 tatis
2342 1385 2739 1454 propositum,
2765 1383 2868 1440 sed
2881 1384 3086 1440 labore
3107 1384 3328 1439 victus:
3352 1387 3417 1438 at
3441 1382 3743 1453 dimissus,
3765 1398 3839 1441 ac

2183 1476 2442 1545 requiem
2463 1483 2701 1547 nactus,
2728 1479 3136 1532 restauratur.
3161 1473 3597 1530 Servabiturne
3608 1474 3835 1530 dictum

2184 1564 2357 1621 breve
2386 1565 2673 1622 adversus
2696 1566 2892 1629 illum,
2913 1569 3211 1620 tormenta
3232 1578 3370 1619 vero
3390 1578 3512 1620 non
3524 1578 3833 1621 enumera-

2183 1652 2409 1710 buntur
2429 1659 2457 1709 ?
2474 1656 2555 1710 At
2583 1657 2742 1712 Deus
2754 1653 2953 1724 judea:
2968 1659 3071 1724 est,
3093 1669 3213 1709 non
3232 1654 3538 1709 hominum
3550 1653 3829 1710 audacia.

2177 1744 2381 1801 Audes
2414 1746 2596 1815 legem
2619 1744 3013 1814 prtescribere
3024 1744 3166 1814 Deo,
3188 1744 3294 1815 qui
3304 1744 3716 1811 inﬁrmitatem
3728 1760 3831 1799 no-

2176 1834 2282 1901 vit,
2316 1839 2370 1890 et
2399 1833 2745 1904 suppeditat
2777 1835 3103 1904 auxilium,
3155 1832 3439 1904 dabitque
3478 1834 3832 1889 victoriam?

2177 1925 2328 1992 Quot
2349 1931 2490 1979 sunt
2512 1925 2618 1995 qui
2630 1930 2765 1994 post
2790 1925 2978 1980 vitam
3010 1924 3235 1979 malam
3261 1923 3623 1992 martyrium
3641 1923 3827 1980 susti-

2172 2013 2436 2066 nuerunt
2457 2011 2652 2065 7Num
2669 2010 2949 2081 quoniam
2966 2008 3260 2078 cupiditas
3273 2008 3833 2077 illexit,privabun—

2175 2102 2276 2153 tur
2301 2098 2607 2154 laboribus
2635 2102 2662 2153 ?
2686 2099 2822 2154 Non
2846 2097 3054 2168 angeli
3081 2112 3302 2163 sumus,
3328 2096 3432 2152 sed
3462 2096 3747 2163 homines,
3773 2102 3829 2153 et

2171 2187 2441 2243 radimus
2467 2192 2519 2242 et
2538 2187 2928 2256 resurgimus,
2943 2186 3119 2256 idque
3134 2199 3541 2254 saepenumero
3562 2184 3713 2241 hora
3732 2198 3830 2241 ea-

2169 2272 2370 2327 dem...
2399 2270 2567 2338 Quod
2588 2272 2642 2326 si
2662 2272 2890 2327 nemini
2907 2270 3013 2341 qui
3017 2275 3341 2340 peccasset,
3357 2269 3606 2327 daretur
3626 2270 3823 2336 venia,

2169 2368 2315 2418 esset
2341 2361 2657 2418 discrimen
2685 2361 2749 2416 in
2782 2360 3094 2417 varietate.
3137 2361 3293 2425 Quot
3316 2373 3517 2427 voces,
3572 2361 3657 2414 tot
3706 2356 3825 2414 fere

2167 2450 2606 2523 peregrinitatis
2638 2455 2819 2522 atque
2861 2452 3060 2511 νοθείας
3109 2454 3489 2519 argumenta.
3553 2450 3828 2505 Unumne

2164 2543 2417 2609 malum,
2447 2539 2662 2613 inquit,
2690 2546 2931 2610 reputat
2951 2541 3131 2609 Deus,
3148 2541 3344 2595 multa
3365 2554 3502 2595 vero
3525 2538 3678 2594 bona
3697 2554 3821 2594 non

2163 2636 2405 2701 reputat
2437 2635 2465 2686 ?
2493 2631 2580 2686 Ita
2608 2633 2717 2698 est,
2746 2646 2933 2686 unum
2962 2632 3192 2687 malum
3218 2628 3551 2702 aliquando
3576 2634 3819 2698 reputat

2162 2724 2339 2785 Deus,
2389 2722 2581 2777 multa
2621 2735 2760 2776 vero
2808 2720 2964 2777 bona
3005 2735 3127 2776 non
3174 2725 3461 2791 reputat;
3502 2734 3702 2790 neque
3752 2717 3817 2773 id

2159 2811 2438 2880 ignorare
2458 2809 2654 2882 potuit
2678 2808 2947 2864 Basilius.
2971 2811 3224 2865 Noverat
3242 2807 3403 2864 cnim
3424 2806 3635 2863 doctor
3651 2821 3817 2876 egre-

2161 2898 2313 2968 gius,
2345 2897 2657 2953 hominem
2687 2912 3131 2969 nonnunquam
3161 2896 3240 2952 ob
3271 2896 3521 2952 unicum
3559 2894 3817 2951 mortale

393 3004 583 3062 quam
604 2988 942 3056 instituunt,
976 2988 1108 3059 ejus
1137 2988 1437 3046 rationem
1466 2973 1678 3063 paucis
1708 2992 2052 3070 explanant,
2090 2973 2130 3029 (ἶ
2158 2990 2474 3060 peccatum
2499 2986 2663 3057 justo
2697 2986 2798 3042 Dei
2817 2985 3048 3057 judicio
3074 2990 3131 3042 et
3159 2985 3355 3042 deseri
3378 2988 3436 3041 et
3455 2986 3667 3058 perire.
3692 2982 3815 3038 Sed

396 3077 780 3135 dissimulare
809 3077 994 3133 volui.
1049 3080 1302 3148 Magnus
1349 3078 1448 3135 ille
1490 3079 1731 3137 dicendi
1768 3083 2058 3153 magister

391 3166 670 3239 quisquis
696 3170 805 3237 est,
836 3165 1170 3239 aliquando
1200 3171 1337 3240 post
1362 3167 1446 3223 ita
1469 3167 1736 3241 loquitur
1768 3180 1850 3243 (p.
1884 3174 2011 3244 60?)
2037 3199 2051 3238 τ

388 3258 564 3328 Μέγας
590 3253 651 3314 ἧν
681 3256 837 3317 ὅντως
872 3254 1126 3329 Ἀϐραάμ·
1154 3256 1317 3319 οὓτως
1346 3255 1408 3316 ἦν
1437 3261 1615 3331 μέγας,
1651 3256 1791 3312 διότι
1838 3270 1902 3333 γῆ
1933 3262 2046 3314 ἐστι

386 3350 479 3398 καὶ
511 3342 734 3406 σποδός·
790 3346 935 3402 Vere
977 3360 1235 3417 magnus
1274 3355 1404 3403 erat
1442 3347 1796 3406 Abraham:
1841 3355 2045 3407 tantus

387 3440 543 3505 erat,
568 3436 855 3506 quoniam
888 3440 1055 3491 terra
1084 3448 1169 3492 est
1197 3441 1254 3492 et
1282 3437 1451 3492 cinis.
1486 3437 1594 3493 Ubi
1650 3454 1776 3494 non
1831 3439 2044 3496 obscu-

381 3538 517 3579 rum
551 3527 640 3579 est
667 3539 882 3581 vocem
912 3520 1052 3576 διότι
1078 3524 1341 3597 positam
1372 3525 1558 3582 fuisse
1605 3542 1718 3599 pro
1765 3529 1927 3601 ὅμως,
1976 3533 2042 3586 ut

383 3612 476 3679 sit,
510 3618 707 3670 tamen
738 3619 904 3670 terra
931 3618 1015 3670 est
1036 3614 1207 3670 cinis.
1241 3614 1389 3670 Cum
1420 3617 1676 3688 scriptor
1696 3616 1841 3673 talia
1867 3634 2040 3691 supe-

376 3701 505 3757 rius
527 3701 602 3758 de
623 3701 937 3774 multiplici
952 3703 1183 3773 justitia
1204 3702 1425 3760 dixisse
1445 3719 1570 3760 non
1596 3705 1741 3761 satis
1766 3706 2034 3776 haberet,

377 3789 462 3848 ita
484 3791 867 3863 persequitur
909 3791 1105 3862 (ibid.)
1139 3810 1152 3849 :
1201 3798 1270 3845 Τό
1310 3797 1400 3865 μὲν
1451 3793 1499 3846 ἓν
1541 3794 1807 3868 λογίζεται
1852 3802 2029 3863 κακόν,

376 3883 444 3934 τὰ
474 3877 533 3933 δὲ
574 3879 740 3933 πολλὰ
780 3879 953 3953 ἀγαθὰ
994 3882 1053 3933 οὐ
1107 3880 1371 3953 λογίζεται
1421 3889 1591 3951 Θεός;
1634 3891 1797 3939 Πόσοι
1836 3890 2031 3962 μάρτυ-

374 3988 458 4044 ρες
528 3977 731 4043 πρῶτον
788 3968 1153 4043 ἀρνησάμενοι,
1222 3976 1281 4024 τὸ
1354 3968 1590 4048 δεύτερον
1658 3974 2028 4029 ἀνεκαλέσαντο

372 4079 468 4118 την
538 4056 757 4118 ἧττανε
833 4058 968 4112 Ἀλλ’
1033 4059 1398 4134 ἀρνησάμενοι,
1467 4064 1594 4135 οὐχὶ
1664 4074 1728 4138 τῇ
1799 4063 2021 4139 ὃιανοιᾳ,

372 4147 503 4201 ἀλλὰ
556 4158 620 4222 τῇ
674 4148 903 4222 γλώττῃ·
961 4149 1018 4202 Ἠ
1086 4151 1219 4224 σὰρξ
1271 4154 1369 4225 γὰρ
1426 4151 1664 4216 ἀσθενής·
1746 4156 2024 4230 Ἀπαρνού-

2158 3076 2500 3134 audiendus
2545 3081 2635 3132 est
2670 3077 2819 3148 ipse,
2850 3076 2957 3148 qui
2984 3091 3123 3131 cum
3150 3074 3553 3148 quadraginta
3584 3076 3814 3144 marty-

2155 3182 2292 3222 rum
2321 3165 2533 3221 laudes
2564 3165 2912 3235 celebraret,
2944 3166 3027 3222 ita
3057 3166 3131 3221 de
3154 3165 3375 3222 misero
3404 3164 3676 3237 quodam
3699 3161 3813 3218 mi-

2152 3254 2253 3312 lite
2280 3255 2517 3312 locutus
2537 3259 2627 3311 est
2654 3255 2739 3326 (a)
2761 3272 2773 3310 :
2797 3255 2881 3317 Ὠς
2915 3251 2975 3307 δὲ
3004 3257 3053 3307 οἱ
3078 3257 3166 3328 μεν
3188 3256 3516 3327 ἠγωνίζοντο,
3551 3256 3576 3305 ό
3609 3249 3668 3305 δὲ
3695 3251 3809 3304 ἐπε-

2152 3347 2297 3418 τήρει
2367 3350 2427 3397 τὸ
2496 3343 2859 3416 ἐκϐησόμενον,
2921 3341 3028 3397 εἶδε
3099 3347 3265 3417 θέαμα
3331 3344 3485 3408 ξένον,
3556 3338 3807 3413 δυνάμεις

2147 3438 2292 3498 τινας
2341 3434 2395 3498 ἐξ
2436 3434 2664 3507 οὐρανῶν
2719 3437 3024 3501 κατιούσας,
3077 3440 3167 3487 καὶ
3198 3431 3302 3487 οἷον
3355 3435 3496 3507 παρὰ
3542 3430 3805 3504 βασιλέως

2149 3521 2346 3599 δωρεὰς
2421 3523 2646 3598 μεγάλας
2715 3521 3063 3598 διανεμούσας
3131 3532 3239 3587 τοῖς
3300 3528 3664 3600 στρατιώταις·
3744 3523 3805 3572 αἵ

2144 3623 2253 3677 τοῖς
2302 3618 2391 3688 μὲν
2432 3614 2609 3678 ἄλλοις
2646 3621 2778 3667 πᾶσι
2824 3612 3041 3688 διῄρουν
3080 3616 3145 3667 τὰ
3197 3611 3363 3687 δῶρκ,
3405 3613 3493 3664 ἕνα
3540 3608 3599 3662 δὲ
3640 3614 3803 3682 μόνον

2143 3702 2347 3776 ἀφῆκαν
2421 3702 2723 3779 ἀγέραστον,
2795 3702 2999 3764 ἀνάξιον
3071 3706 3313 3775 κρίνασαι
3388 3707 3486 3751 τῶν
3544 3697 3800 3771 οὐρανίων

2142 3802 2323 3866 τιμῶν·
2391 3793 2445 3855 ὃς
2517 3794 2667 3853 εὐθὺς
2734 3796 2862 3864 πρὸς
2938 3794 3058 3851 τοὺς
3145 3795 3331 3849 πόνους
3403 3787 3798 3861 ἀπαγορεύσας,

2137 3885 2432 3955 πρὸςοτους
2493 3880 2747 3941 ἐναντίους
2805 3877 3255 3951 ἀπηυτομόλησεν·
3322 3876 3562 3929 Ἐλεεινόν
3627 3878 3800 3949 θέαμα

2136 3979 2243 4033 τοῖς
2295 3969 2546 4039 δικαίοις,
2606 3973 2630 4021 ό
2699 3975 3025 4043 στρατιώτης
3093 3971 3279 4041 φυγὰς,
3333 3970 3359 4019 ὁ
3413 3965 3655 4041 ἀριστεὺς
3709 3966 3797 4017 αἰ-

2134 4060 2437 4134 χμάλωτος,
2491 4064 2549 4112 τὸ
2599 4065 2831 4133 Χριστοῦ
2868 4058 3127 4131 πρόϐατον
3185 4056 3523 4132 θηριάλωτον·
3586 4059 3672 4108 καὶ
3729 4060 3793 4108 τό

2131 4170 2187 4222 γε
2237 4150 2585 4223 ἐλεεινότερον,
2641 4150 2720 4202 ὅτι
2772 4152 2859 4200 καὶ
2918 4157 3012 4210 τῆς
3055 4147 3267 4200 αἰωνίου
3318 4151 3455 4210 ζωῆς
3506 4143 3789 4218 διήμαρτε,

370 4255 520 4308 μενος
590 4240 846 4303 ἓκπίπτει,
941 4238 1095 4291 πάλιν
1173 4239 1435 4313 ὁμολογῶν
1513 4241 1861 4296 ἀνακαλεῖται·
1947 4246 2023 4299 Οὐ
2055 4273 2099 4327 D
2132 4244 2222 4292 καὶ
2282 4236 2404 4292 οὖδέ
2462 4242 2659 4301 ταύτης
2712 4237 3018 4302 ἀπέλαυσεν,
3071 4238 3220 4299 εὗθὺς
3271 4238 3413 4310 αὑτῳ
3458 4246 3555 4298 τῆς
3595 4237 3791 4307 σαρκός

413 4324 426 4335 ν

368 4326 469 4398 γὰρ
520 4328 585 4378 τὰ
631 4328 766 4379 κακὰ
816 4326 1058 4399 φυλάττει
1115 4329 1141 4380 ὁ
1198 4333 1347 4395 Θεὸς,
1402 4332 1469 4383 τὰ
1536 4327 1595 4383 δὲ
1648 4331 1780 4385 καλὰ
1832 4331 2019 4388 ἀθετεῖ·

370 4418 473 4468 Καὶ
530 4413 945 4490 βασανιζόμενός
997 4437 1096 4484 τις,
1156 4418 1402 4482 πολλάκις
1456 4418 1672 4474 ἐνέδωκε
1744 4428 1814 4496 μή
1891 4424 2026 4498 ἐνεγ-

365 4506 488 4569 κὼν,
548 4505 607 4556 οὐ
660 4510 749 4565 τὴν
802 4508 1112 4580 προθυμίαν,
1168 4507 1299 4561 ἀλλὰ
1353 4513 1439 4561 τόν
1486 4514 1660 4563 πόνον·
1718 4510 1849 4565 ἀλλὰ
1896 4534 2021 4567 κατ-

366 4595 595 4664 ενεχθεὶς
650 4597 738 4647 καὶ
794 4595 965 4647 ἄνεσιν
1038 4595 1206 4650 λαϐὼν
1279 4595 1631 4651 ἀνακαλεῖται·
1699 4605 1768 4653 Τὸ
1840 4608 2022 4678 μικρὸν

360 4676 508 4750 ῥῆμα
552 4677 951 4751 φυλαχθὴσεται
999 4681 1160 4754 αὐτῳ,
1216 4684 1272 4735 αἱ
1340 4680 1399 4735 δὲ
1465 4681 1690 4754 βάσανοι
1747 4685 1840 4737 οὐκ
1910 4676 2022 4762 ἄριο

364 4768 772 4839 θμηθὴσονταις
832 4770 985 4823 Ἀλλὰ
1043 4775 1170 4834 Θεὸς
1214 4777 1415 4847 κριτὴς,
1480 4773 1573 4824 οὐκ
1643 4773 1924 4849 ἀνθρώπων
1987 4781 2017 4839 η

359 4855 547 4930 τόλμα·
602 4858 806 4933 Τολμᾴς
862 4862 1151 4934 νομοθετεῖν
1210 4870 1322 4934 Θεῳ
1393 4862 1447 4923 ὃς
1522 4860 1635 4916 οἶδε
1707 4871 1796 4924 τήν
1868 4866 2018 4922 ἀσθέ-

357 4966 515 5019 νειαν,
569 4955 661 5002 καὶ
722 4959 948 5025 χορηγεῖ
994 4957 1087 5009 τὴν
1137 4950 1404 5023 βοήθειαν,
1465 4958 1553 5005 καὶ
1596 4951 1756 5008 δώσει
1811 4963 1906 5016 τὴν
1943 4964 2015 5011 νί-

358 5050 492 5102 κην;
532 5040 698 5088 Πόσοι
747 5036 840 5088 οὐκ
898 5034 1000 5088 ἀπὸ
1050 5034 1209 5087 καλοῦ
1263 5034 1384 5108 βιου
1443 5036 1810 5113 ἐμαρτύρησαν
1841 5061 1854 5111 ;
1883 5048 2017 5116 Ἄρα

358 5118 540 5180 ἐπειδὴ
616 5123 930 5197 ἐπέστρεψεν
994 5123 1267 5198 ἐπιθυμία,
1333 5124 1852 5200 ἀποστερηθήσονται
1912 5142 2014 5187 τῶν

461 5301 484 5339 ⁸
521 5302 717 5359 ITim.
745 5317 793 5391 ι,
822 5307 906 5362 15.
984 5306 1005 5339 9
1046 5304 1222 5364 Math.
1254 5321 1370 5375 xw,
1406 5309 1467 5362 16
1499 5310 1556 5364 et
1580 5309 1670 5365 18.

460 5460 536 5533 (a)
574 5462 739 5520 Tom.
770 5466 844 5531 ll,
871 5464 1039 5524 hom.
1074 5466 1161 5534 19,
1185 5483 1246 5526 n.
1278 5472 1331 5526 7.

2132 4328 2183 4381 ἐν
2224 4348 2287 4402 τη
2334 4327 2595 4403 προσϐολῃ
2653 4337 2746 4390 τῆς
2803 4329 2995 4400 θέρμης
3050 4324 3408 4388 διαλυθείσης·
3470 4330 3572 4379 Καὶ
3620 4326 3645 4376 ό
3694 4324 3789 4395 μὲν

2133 4418 2383 4491 φιλόζωος
2411 4422 2587 4471 ἔπεσεν
2618 4417 2885 4491 ἀνομήσας
2914 4415 3175 4484 διακενῆς,
3208 4419 3234 4468 ὀ
3262 4415 3338 4489 δέ,
3361 4421 3471 4473 etc.
3500 4416 3647 4473 Cum
3678 4428 3788 4469 au-

2132 4515 2246 4565 tem
2267 4510 2313 4564 ii
2332 4508 2733 4575 decertarent,
2748 4513 2940 4563 custos
2963 4523 3100 4564 vero
3122 4513 3396 4563 eventum
3417 4506 3784 4569 observaret,

2129 4598 2537 4667 spectaculum
2558 4598 2780 4653 mirum
2802 4597 2971 4663 vidit,
2986 4598 3239 4653 virtutes
3254 4597 3543 4668 quasdam
3564 4609 3595 4649 e
3613 4592 3781 4649 cwlis

2129 4686 2563 4753 descendentes,
2588 4691 2644 4741 et
2660 4687 2820 4742 velut
2841 4700 2881 4742 a
2901 4701 3038 4757 rege
3056 4701 3310 4743 munera
3331 4698 3556 4755 magna
3577 4680 3779 4735 distri-

2130 4777 2370 4833 buentes
2384 4790 2406 4832 .·
2425 4790 2560 4846 quae
2584 4776 2723 4832 aliis
2738 4775 2978 4846 quidem
2998 4777 3271 4832 omnibus
3285 4775 3443 4830 dona
3468 4769 3782 4840 dispertie-

2126 4865 2293 4933 bant,
2307 4865 2409 4923 sed
2424 4868 2621 4921 tamen
2640 4882 2824 4921 unum
2837 4867 3213 4937 reliquerunt
3231 4879 3351 4920 non
3365 4863 3671 4931 donatum,
3687 4860 3782 4917 in-

2124 4956 2372 5026 dignum
2396 4970 2528 5010 eum
2541 4955 2891 5024 judicantes
2912 4956 3240 5012 honoribus
3261 4951 3629 5011 coelestibus:
3670 4953 3784 5021 qui

2122 5046 2325 5101 statim
2338 5044 2410 5100 ob
2421 5044 2682 5101 dolorem
2698 5044 3168 5116 cedens,transfu
3178 5046 3269 5114 git
3280 5044 3361 5099 ad
3371 5042 3779 5099 adversarios.

2120 5134 2467 5193 Miserabile
2484 5136 2893 5205 spectaculum
2900 5135 3110 5205 justis,’
3128 5134 3300 5190 miles
3321 5134 3666 5205 transfuga,
3683 5133 3783 5188 vir
