4058 6192
155 245 211 300 ιι
1695 240 2056 296 pursue
3506 259 3577 313 42

152 366 570 423 strenuissimus
587 366 912 435 captivus,
925 366 1380 436 direptaalupo
1401 365 1526 422 ovis
1549 364 1807 421 Christi:
1841 366 1890 419 Α
1929 364 2062 419 ullo
2095 367 2490 424 tentationum
2521 368 2743 438 impetu
2783 373 3103 430 vulnerari
3124 381 3460 444 poterat....
3501 380 3582 436 Et

159 463 335 528 atque
356 454 499 510 illud
519 455 982 526 miserabilius,
1025 457 1186 527 quod
1211 462 1267 512 et
1305 459 1593 513 aeternam
1627 455 1815 510 vitam

168 548 374 609 amisit,
391 553 515 602 etne
528 547 660 602 hac
683 547 942 618 quidem
955 547 1190 615 fruitus
1210 552 1314 614 est,
1333 561 1518 602 carne
1529 545 1714 615 ipsius
1738 543 1819 600 ad

182 623 677 692 caloruaccessum
693 636 912 691 statim
928 636 1309 692 exsoluta.Et
1323 636 1420 691 hic
1430 635 1667 707 quidem
1680 635 1820 690 vita

188 742 364 790 amans,
375 727 632 794 frustra
651 726 935 782 admisso
955 727 1177 782 scelere
1191 726 1402 782 cecidit
1418 741 1442 782 ,ο
1458 726 1636 782 lictor
1657 739 1818 792 vero,

189 821 270 870 etc.
293 815 411 869 Ecce
432 830 610 870 unus
633 815 850 885 miles,
874 815 1194 888 multiplici
1217 814 1450 885 justitia
1468 814 1646 887 quasi
1675 829 1825 870 onu-

186 911 290 969 stus,
307 901 401 974 qui
420 902 537 957 diu
561 903 924 975 pertulerat
941 904 1066 958 vim
1087 906 1548 973 tormentorum,
1568 902 1672 975 qui
1698 905 1828 957 tan-

177 999 263 1048 tum
288 1008 400 1048 non
434 993 521 1048 ad
561 999 848 1049 mortem
875 1007 1081 1065 usque
1108 993 1420 1060 restiterat,
1450 991 1557 1064 qui
1584 994 1826 1046 tantum

165 1097 256 1138 non
281 1082 477 1138 fuerat
502 1087 884 1150 coronatus,
918 1081 1106 1138 semel
1137 1081 1396 1152 negavit,
1430 1085 1486 1137 et
1511 1081 1573 1136 in
1602 1080 1827 1152 sempi-

159 1181 363 1228 ternum
385 1178 651 1244 tempus
674 1173 877 1244 periit.
894 1176 1026 1228 Non
1045 1176 1476 1244 comparantur
1495 1187 1634 1227 cum
1653 1170 1828 1226 malis

155 1263 314 1328 bona,
338 1277 550 1334 neque
589 1265 1049 1318 numerantur:
1077 1265 1138 1317 at
1153 1264 1309 1317 Deus
1327 1262 1494 1331 justo
1523 1264 1580 1317 et
1605 1275 1830 1318 arcano

152 1350 359 1422 judicio
388 1350 595 1407 semel
630 1351 888 1424 lapsum
927 1351 1178 1407 militem
1217 1350 1414 1424 paenis
1447 1351 1685 1407 aeternis
1723 1350 1831 1406 ad-

155 1441 303 1496 dixit.
336 1441 682 1506 Quomodo
714 1457 866 1510 ergo
897 1440 1172 1512 Basilius,
1204 1457 1241 1498 a
1269 1457 1392 1512 quo
1415 1441 1600 1511 hujus
1626 1439 1832 1496 militis

156 1531 460 1587 historiam
522 1530 918 1599 audivimus,
976 1529 1177 1586 dicere
1231 1531 1531 1602 potuisset
1576 1545 1714 1602 quae
1771 1530 1834 1584 in

158 1629 538 1678 controversa
581 1621 708 1676 hac
755 1620 1034 1677 oratione
1071 1619 1355 1690 leguntur
1389 1638 1402 1676 :
1439 1621 1836 1688 Quantumvis

1927 468 2063 508 vero
2074 455 2494 523 spiritualibus
2505 458 2690 513 oculis
2701 460 3260 520 circumcurrentem
3272 467 3585 526 diabolum

1926 557 2062 598 cum
2108 552 2397 614 cerneret,
2433 550 2834 606 concitantem
2875 552 3064 607 alium
3111 554 3192 609 ad
3233 556 3582 628 lugendum,

1928 633 2319 701 adjuvantem
2349 637 2537 693 alium
2561 639 2642 694 ad
2665 641 3177 710 persuadendum,
3201 645 3586 712 plorantibus

1930 723 2169 793 quidem
2200 725 2360 780 illud
2384 728 2629 783 Domini
2655 730 2897 784 verbum
2929 731 3119 787 dixit:
3156 754 3182 782 «
3217 735 3419 792 Nolite
3444 739 3590 807 ﬂere

1931 827 2112 881 super
2127 829 2217 870 me
2243 815 2309 881 '°,
2339 836 2364 863 η
2387 816 2492 871 sed
2513 818 2652 884 [lete
2673 833 2856 887 super
2878 819 3068 875 hostes
3089 821 3220 892 Dei,
3247 826 3353 893 qui
3380 826 3442 880 in
3465 827 3588 895 pie-

1934 903 2073 958 tatis
2099 906 2359 960 cultores
2393 907 2545 961 talia
2569 907 2815 975 audent,
2848 910 3068 980 quique
3093 926 3205 980 per
3235 913 3396 969 hanc
3417 916 3592 984 ﬂam-

1934 1005 2092 1046 mam
2113 1007 2290 1061 quam
2316 994 2398 1048 ad
2418 1009 2526 1049 nos
2548 995 2974 1052 comburendos
3000 1000 3360 1068 accendunt,
3382 1003 3598 1071 gehen-

1935 1096 2032 1137 me
2051 1081 2250 1150 ignem
2282 1083 2514 1139 sibimet
2534 1091 2855 1153 parant....
2886 1088 3043 1143 Aliis
3073 1103 3232 1152 vero,
3265 1093 3374 1160 qui
3395 1098 3458 1146 ut
3485 1094 3598 1149 lin-

1937 1185 2058 1239 gua
2088 1177 2334 1240 negaret
2357 1172 2715 1236 suadebant,
2739 1177 3070 1244 respondit,
3102 1179 3373 1248 linguam
3397 1196 3532 1252 quae
3561 1197 3600 1238 a

1943 1259 2183 1314 Christo
2200 1266 2404 1316 creata
2422 1267 2574 1327 erat,
2589 1263 2920 1334 quidquam
2942 1266 3006 1319 in
3030 1265 3411 1325 Conditorem
3437 1271 3605 1341 loqui

1941 1363 2062 1404 non
2081 1363 2271 1417 posse.
2301 1371 2329 1398 ‹‹
2355 1349 2549 1407 Corde
2563 1352 2720 1407 enim
2744 1353 3044 1409 credimus
3065 1355 3146 1410 ad
3149 1358 3479 1427 justitiam,
3499 1374 3603 1416 ore

1943 1452 2082 1494 vero
2103 1439 2459 1506 conﬁtemur
2479 1441 2562 1495 ad
2583 1441 2840 1498 salutem
2875 1445 3019 1512 ¹¹...,
3047 1465 3075 1493 ››
3102 1447 3394 1516 quomodo
3419 1449 3607 1518 igitur

1943 1529 2173 1598 negabo
2194 1529 2379 1585 Deum
2400 1545 2593 1586 meum
2616 1546 2790 1600 quem
2815 1547 2852 1588 a
2872 1548 3059 1602 puero
3081 1535 3375 1592 adoravi?
3393 1538 3608 1596 Nonne

1947 1617 2251 1674 horrescet
2293 1620 2505 1674 caelum
2543 1621 2794 1690 desuper
2824 1626 2852 1676 ?
2890 1639 3090 1680 nonne
3117 1626 3610 1684 obscurabuntur

157 1727 290 1767 sane
316 1711 507 1767 cadat
527 1712 754 1780 fortis,
777 1711 899 1766 cito
928 1712 1212 1780 resurgit,
1237 1727 1375 1766 cum
1394 1711 1526 1782 ipse
1550 1711 1665 1767 hoc
1687 1710 1834 1766 mili-
1867 1718 1908 1772 Β
1945 1722 2076 1763 mea
2103 1723 2288 1764 causa
2318 1709 2519 1764 sidera
2537 1713 2564 1764 ?
2583 1725 2728 1765 num
2757 1712 2937 1767 tellus
2967 1728 3058 1769 me
3091 1715 3218 1770 ullo
3240 1717 3414 1772 modo
3431 1719 3609 1773 susti-

159 1802 226 1856 tis
235 1799 520 1872 exemplo
533 1799 826 1856 docuerit
839 1800 1034 1861 virum
1046 1801 1524 1857 strenuissimum
1539 1801 1832 1864 cecidisse,

163 1905 262 1945 nec
283 1896 488 1944 tamen
512 1905 810 1960 unquam
825 1889 1227 1944 resurrexisse
1242 1889 1270 1945 ?
1289 1889 1608 1954 Quomodo
1627 1906 1838 1946 rursus

167 1979 242 2033 ita
259 1977 420 2048 loqui
447 1976 800 2048 potuisset:
829 1978 988 2044 Quid
1016 1978 1174 2033 enim
1202 1979 1309 2048 vis,
1337 1994 1603 2034 unumne
1628 1993 1840 2048 pecca-

179 2073 298 2120 tum
323 2067 622 2134 iraputari
639 2067 902 2134 sanctis,
926 2081 1006 2122 an
1025 2068 1324 2135 iustitiam
1355 2068 1612 2124 multam
1627 2071 1653 2121 .9
1672 2069 1838 2124 Fecit

186 2162 482 2223 peccatum,
507 2160 580 2210 at
609 2156 767 2223 fecit
798 2157 979 2211 etiam
1007 2157 1276 2224 iustitias
1298 2157 1546 2212 multas.
1570 2157 1726 2224 Quid
1731 2160 1836 2226 ju-

177 2250 319 2300 stum
334 2250 416 2300 est
432 2245 618 2314 apud
618 2247 658 2314 j
663 2250 870 2299 ustum
889 2246 1101 2313 Deum,
1111 2261 1529 2315 paucorumne
1545 2248 1841 2303 meminis-

170 2350 244 2393 se.
279 2351 354 2389 an
396 2336 750 2390 multorum
788 2335 1243 2390 oblivisci
1285 2337 1356 2392 Si
1376 2343 1626 2406 peccata
1647 2337 1840 2406 plura

171 2434 319 2491 sunt,
357 2426 438 2479 sit
469 2429 771 2492 peccat-vr
804 2441 816 2478 :
851 2425 946 2479 sin
968 2425 1227 2492 justitiae
1253 2426 1484 2494 plures,
1512 2427 1590 2482 sit
1608 2428 1838 2496 justus,

167 2530 296 2569 cum
322 2514 464 2586 ipse
493 2518 713 2568 narret
740 2512 916 2568 militi
932 2513 1096 2582 justo
1126 2514 1260 2575 (nisi
1289 2515 1448 2570 enim
1480 2515 1694 2571 fuisset
1706 2516 1840 2587 jus-

163 2608 277 2668 tus,
302 2603 440 2672 ejus
469 2601 837 2674 exemplum
853 2603 1032 2672 justis
1053 2618 1175 2659 non
1206 2603 1414 2660 fuisset
1435 2605 1839 2677 propositum)

160 2694 533 2764 imputatum
579 2708 716 2748 esse
752 2707 948 2748 unum
992 2698 1336 2764 peccatum,
1379 2709 1503 2750 non
1539 2695 1834 2765 justitiam

162 2781 422 2836 multam
446 2783 475 2835 ‘?
503 2783 738 2836 Rursus
758 2781 1074 2853 quomodo
1105 2781 1184 2838 ita
1215 2783 1478 2838 scribere
1505 2784 1834 2856 potuisset:

158 2871 234 2926 Et
255 2887 396 2926 cum
427 2871 571 2942 quis
601 2876 1012 2942 torqueretur,
1040 2886 1450 2940 scepenumero
1473 2876 1665 2941 cessit,
1699 2890 1835 2931 cum

151 2963 321 3028 [me
335 2975 464 3015 non
482 2966 711 3029 posset,
735 2976 854 3015 non
872 2967 1246 3017 commutans
1265 2963 1600 3020 voluntatis
1610 2979 1835 3033 propo-

1948 1796 2152 1852 nebit?
2176 1819 2203 1846 ‹‹
2225 1798 2426 1854 Nolite
2456 1814 2684 1866 errare,
2718 1800 2878 1856 Deus
2906 1817 3025 1857 non
3045 1803 3347 1860 irridetur
3367 1808 3433 1860 υ.
3457 1827 3485 1857 »
3507 1809 3611 1864 Ea:

1947 1900 2048 1942 ore
2084 1890 2288 1942 nostro
2319 1903 2425 1942 nos
2447 1888 2718 1957 judicat,
2751 1905 2826 1946 ea:
2856 1891 3053 1947 verbis
3064 1894 3388 1964 justiﬁcat,
3421 1911 3611 1968 exque

1947 1975 2142 2031 verbis
2163 1976 2546 2034 condemnat.
2568 1979 2793 2035 Annon
2817 1981 3044 2050 legistis
3061 1985 3432 2041 tremendam
3451 1985 3611 2042 hanc

1948 2065 2192 2119 Domini
2207 2067 2725 2122 comminationem
2743 2068 2771 2122 ι’
2787 2089 2814 2118 «
2833 2068 2952 2135 Qui
2963 2073 3273 2140 negaverit
3296 2088 3386 2128 me
3406 2089 3609 2130 coram

1950 2153 2311 2221 hominibus,
2345 2155 2574 2224 negabo
2605 2162 2659 2212 et
2690 2172 2797 2227 ego
2828 2173 2960 2214 eum
3001 2175 3202 2216 coram
3238 2163 3428 2218 Patre
3457 2179 3610 2239 meo,

1947 2242 2054 2312 qui
2079 2243 2142 2297 in
2181 2243 2344 2298 caelis
2373 2250 2456 2299 est
2476 2244 2542 2298 ³³.
2569 2266 2599 2294 υ
2631 2244 2756 2301 Cur
2783 2253 2981 2302 autem
3015 2248 3142 2304 haec
3171 2251 3448 2307 simulem
3476 2267 3615 2308 sua-

1949 2331 2096 2387 detis
2119 2331 2146 2386 ?
2174 2342 2236 2385 ut
2259 2333 2412 2389 mihi
2429 2334 2742 2403 quidpiam
2763 2350 2838 2392 ea:
2854 2337 2970 2392 tali
2987 2345 3123 2394 arte
3141 2355 3478 2409 comparem
3495 2346 3523 2396 ?
3545 2347 3613 2398 ut

1943 2435 2172 2489 paucos
2189 2420 2312 2476 dies
2331 2423 2720 2491 lucrifaciam
2738 2425 3161 2494 ?atjacturam
3174 2429 3408 2497 faciam
3430 2432 3614 2487 totius

1950 2511 2307 2566 aeternitatis
2329 2526 2342 2564 :
2367 2517 2430 2566 ut
2452 2512 2741 2582 e/fugiam
2758 2515 2960 2570 carnis
2977 2517 3251 2572 dolores?
3265 2519 3370 2573 sed
3389 2534 3614 2590 nequa-

1949 2614 2128 2671 quam
2151 2600 2358 2656 videbo
2386 2600 2541 2657 bona
2560 2605 2893 2671 juslorum.
2911 2605 3125 2661 Perire
3149 2607 3422 2674 solerter,
3447 2614 3502 2665 et
3523 2624 3612 2664 as-

1949 2694 2077 2744 tute
2111 2704 2183 2744 ac
2202 2690 2404 2746 dolose
2434 2697 2724 2747 aeternum
2751 2692 2868 2748 sibi
2897 2695 3257 2763 supplicium
3287 2711 3611 2764 accersere,

1947 2779 2273 2848 manifesta
2288 2780 2478 2848 fuerit
2503 2781 2828 2838 dementia.
2850 2785 3004 2849 Haec,
3031 2788 3087 2839 et
3108 2786 3157 2839 si
3175 2784 3468 2856 longiora.
3492 2787 3607 2844 hoc

1944 2867 2078 2924 loco
2106 2869 2327 2925 referre
2351 2869 2544 2936 libuit,
2570 2877 2632 2927 ut
2664 2871 2976 2945 utriusque
3001 2873 3295 2944 doctrina,
3331 2877 3528 2932 Basilii
3549 2882 3607 2934 et

1944 2957 2226 3026 auctoris,
2241 2957 2428 3014 altera
2445 2974 2582 3014 cum
2597 2959 2786 3016 altera
2799 2962 3179 3018 commodius
3195 2971 3601 3036 comparetur,

151 3054 359 3116 situm,
393 3051 503 3105 sed
525 3051 742 3106 dolore
760 3051 975 3117 victus,
993 3050 1168 3122 quasi
1188 3067 1284 3106 res
1312 3051 1481 3108 nihili
1509 3052 1604 3119 sit,
1625 3053 1676 3107 si
1696 3055 1834 3125 quis
1865 3066 1906 3122 ο
1947 3054 2129 3119 utque
2171 3064 2244 3103 ex
2283 3049 2719 3104 sententiarum
2751 3050 3100 3107 diversitate
3139 3052 3318 3123 plane
3368 3059 3603 3111 constet

151 3140 231 3195 ob
262 3138 552 3194 dolorem
586 3137 773 3193 ﬁdem
796 3142 996 3208 neget,
1028 3155 1169 3194 cum
1195 3139 1327 3212 ipse
1349 3141 1657 3197 tradiderit
1683 3142 1836 3198 mili-

152 3234 296 3294 tem,
328 3227 443 3300 qui
471 3227 690 3283 dolore
721 3227 912 3283 victus
933 3232 1216 3297 cesserat,
1240 3234 1445 3285 tamen
1461 3231 1652 3286 vitam
1671 3236 1835 3287 ceter-

149 3333 296 3374 nam
337 3318 660 3373 amisisse.
704 3316 819 3375 Sed
847 3316 928 3373 ad
968 3317 1197 3385 locum,
1238 3334 1423 3390 quem
1458 3319 1670 3381 ultimo
1699 3320 1833 3376 loco

149 3408 628 3480 proposuimus,
670 3407 1014 3464 redeamus.
1047 3411 1133 3463 lta
1162 3407 1345 3479 igitur
1382 3413 1594 3466 auctor
1622 3410 1832 3482 loque-

155 3499 333 3554 batur
354 3517 368 3551 :
404 3502 578 3550 Πόσοι
607 3500 867 3570 μάρτυρες
890 3505 1092 3570 πρῶτον
1117 3497 1487 3571 ἀρνησάμενοι,
1511 3503 1569 3551 τὸ
1594 3497 1833 3573 δεύτερον

167 3584 539 3637 ἐπιτελὲς-*ιντο
591 3591 692 3642 τήν
738 3581 938 3653 ἧτταν;
990 3585 1126 3637 Ἀλλ’
1165 3584 1534 3660 ἀρνησάμενοι,
1585 3588 1713 3660 οὐχὶ
1767 3598 1828 3661 τῇ

171 3670 404 3745 simis,
434 3674 569 3726 ἀεὶλά
602 3683 667 3745 τῇ
697 3672 918 3747 γλώττῃ.
948 3675 1098 3743 Quot
1120 3681 1425 3746 martyres
1445 3678 1552 3748 qui
1567 3680 1832 3746 primum

156 3772 496 3835 negarant,
533 3779 754 3818 rursus
783 3763 1198 3834 redintegrata
1236 3780 1448 3836 pugna
1477 3766 1711 3823 cladem
1744 3782 1832 3823 re-

155 3859 490 3910 sarserunt
517 3857 547 3906 ?
576 3853 696 3909 Sed
721 3859 1020 3922 negarant
1047 3869 1170 3909 non
1199 3855 1424 3925 animo,
1457 3856 1564 3911 sed
1598 3857 1832 3926 lingua.

145 3943 345 4006 Quasi
378 3957 530 3997 vero
564 3955 784 4012 parum
815 3945 970 3996 esset
993 3941 1200 4012 lingua
1228 3957 1471 4012 negare,
1499 3944 1684 4000 modo
1709 3960 1834 4000 non

147 4035 496 4099 negaretur
526 4031 759 4085 animo.
801 4031 1002 4100 Longe
1032 4030 1151 4086 alia
1189 4035 1278 4086 est
1305 4031 1582 4088 doctrina
1614 4033 1828 4104 Basilii,

145 4123 332 4191 cujus
386 4120 528 4175 haec
563 4124 701 4175 sunt
736 4120 799 4175 in
831 4135 906 4176 ea
945 4136 1133 4192 quam
1172 4121 1248 4176 de
1297 4127 1562 4193 martyre
1613 4122 1832 4179 Gordio

146 4209 370 4264 habuit
407 4208 686 4264 oratione
709 4211 789 4274 (a)
812 4208 949 4264 Jam
971 4209 1162 4278 igitur
1183 4209 1421 4265 beatum
1445 4209 1607 4266 hunc
1637 4211 1827 4266 virum

147 4301 334 4353 morti
365 4297 460 4354 ad
488 4298 678 4352 vitam
704 4303 1128 4366 properantem
1159 4299 1619 4355 circumstantes
1649 4301 1832 4356 amici

153 4403 284 4443 cum
300 4386 642 4458 gemitibus
663 4386 1203 4456 amplectebantur,
1222 4402 1294 4444 ac
1313 4395 1640 4445 extremam
1663 4391 1828 4446 salu-
1862 4419 1902 4472 ο

176 4481 278 4530 tem
313 4477 635 4543 dicebant,
667 4483 846 4547 atque
882 4478 1083 4548 effusis
1107 4478 1481 4548 ferventibus
1517 4480 1826 4551 lacrymis,

169 4567 590 4631 precabantur
607 4580 688 4621 ne
715 4575 887 4622 semet
912 4567 1178 4624 traderet
1196 4569 1344 4638 igni,
1369 4583 1442 4625 ne
1458 4583 1628 4624 suam
1653 4567 1827 4626 absu-

162 4661 361 4710 meret
377 4658 793 4724 juventutem,
821 4671 891 4712 ne
910 4657 1256 4725 jucundum
1281 4657 1440 4712 hunc
1466 4659 1647 4714 solem
1669 4658 1832 4714 dere-

161 4745 485 4815 linqueret.
518 4745 658 4799 Alii
687 4745 950 4799 consiliis
979 4746 1060 4800 ad
1083 4747 1576 4814 persuadendum
1605 4747 1832 4803 idoneis

155 4849 288 4888 eum
339 4834 619 4903 decipere
665 4831 1064 4889 nitebantur:
1108 4835 1280 4904 Nega
1328 4835 1505 4891 verbo
1543 4836 1717 4891 solo:
1769 4836 1834 4890 in

151 4925 372 4978 animo
395 4937 556 4990 vero,
574 4928 640 4976 ut
663 4923 845 4987 voles,
864 4936 1037 4977 serva
1049 4921 1248 4989 ﬁdem.
1274 4923 1482 4995 Utique
1503 4939 1622 4979 non
1644 4929 1834 4980 atten-

149 5011 242 5066 dit
275 5013 452 5066 Deus
484 5013 788 5081 linguam,
815 5010 920 5066 sed
947 5011 1237 5081 loquentis
1267 5018 1540 5068 mentem.
1559 5013 1655 5069 Ita
1676 5015 1834 5069 enim

151 5102 266 5156 tibi
298 5099 513 5156 licebit
541 5106 597 5156 et
608 5100 882 5168 judicem
901 5100 1200 5169 mitigare,
1227 5107 1282 5157 et
1302 5103 1489 5157 Deum
1502 5103 1835 5171 propitium

143 5188 446 5246 reddere.
471 5191 555 5246 At
585 5189 692 5245 ille
718 5188 1072 5258 inﬂexibilis
1100 5195 1229 5247 erat
1259 5195 1312 5246 et
1342 5191 1688 5263 indomitus,
1728 5207 1835 5248 nec

1943 3137 2102 3192 hanc
2131 3136 2205 3192 de
2249 3153 2372 3209 qua
2401 3138 2815 3194 controversia
2857 3145 2965 3207 est,
3011 3140 3346 3197 orationem
3387 3143 3601 3200 Basilio

1943 3224 2127 3281 tribui
2155 3225 2368 3280 merito
2407 3241 2532 3281 non
2576 3241 2777 3298 posse.
2823 3229 2890 3281 Et
2919 3243 3060 3283 vero
3092 3229 3364 3298 Basilius,
3393 3231 3499 3304 qui
3527 3248 3601 3289 ea

1941 3331 2078 3387 quae
2091 3315 2393 3371 edidimus
2406 3315 2704 3371 dicentem
2717 3317 3270 3390 Gordiuminduxit,
3290 3322 3598 3393 quomodo

1943 3404 2028 3459 ita
2066 3403 2230 3477 loqui
2267 3405 2560 3476 potuisset
2591 3422 2603 3461 :
2640 3405 2790 3472 Quot
2827 3415 3148 3478 martyres,
3191 3411 3296 3480 qui
3326 3412 3595 3480 primum

1941 3499 2264 3562 negarant,
2307 3509 2509 3548 rursus
2547 3494 2962 3564 redintegrata
2998 3511 3206 3566 pugna
3235 3498 3466 3553 cladem
3507 3515 3596 3554 re-

1941 3597 2173 3639 sarsere
2201 3586 2226 3636 .9
2253 3587 2553 3652 negarant
2583 3589 2781 3638 autem
2813 3599 2933 3639 non
2972 3585 3194 3653 animo,
3224 3587 3327 3640 sed
3354 3587 3588 3654 lingua,

1941 3678 2234 3744 tanquam
2269 3671 2319 3725 si
2343 3687 2436 3726 res
2455 3670 2604 3725 levis
2627 3670 2703 3725 sit
2725 3670 2932 3742 lingua
2949 3687 3190 3741 negare.
3223 3677 3508 3730 Praeterea
3526 3675 3594 3730 li-

1941 3764 2152 3820 benter
2175 3775 2507 3833 quaererem
2531 3758 2609 3815 ab
2630 3764 2896 3828 auctore,
2919 3760 2967 3816 si
2987 3761 3224 3832 viveret,
3255 3768 3404 3836 quot
3425 3770 3588 3834 sunt,

1943 3853 2047 3926 qui
2063 3867 2202 3907 cum
2219 3848 2404 3905 semel
2418 3851 2764 3920 negassent,
2778 3865 3094 3922 nunquam
3111 3852 3595 3924 redintegrarunt

1941 3955 2236 4016 pugnam,
2265 3954 2374 3994 nec
2410 3953 2683 4010 unquam
2715 3937 2951 3995 cladem
2983 3946 3374 3998 resarserunt.
3406 3944 3594 4001 Velim

1942 4037 2144 4088 autem
2177 4028 2325 4084 illud
2356 4031 2597 4084 notetur
2623 4027 2910 4097 maxime,
2941 4028 3146 4084 militis
3177 4031 3528 4102 exemplum
3555 4050 3592 4090 a

1944 4120 2160 4177 Basilio
2190 4117 2453 4192 proponi
2492 4133 2615 4172 non
2642 4116 3088 4189 peccatoribus,
3115 4118 3220 4174 sed
3247 4119 3423 4189 justis
3449 4123 3595 4194 (spe-

1941 4209 2266 4278 ctaculum,
2290 4206 2508 4278 inquit,
2522 4207 2707 4276 justis
2727 4206 3089 4276 miserabile)
3119 4223 3131 4260 :
3152 4206 3236 4262 sic
3254 4212 3317 4262 ut
3337 4208 3519 4265 simul
3538 4217 3596 4268 et

1939 4297 2343 4372 perniciosam
2361 4294 2524 4350 illam
2540 4295 2800 4350 auctoris
2812 4294 2887 4350 de
2903 4294 3456 4367 mulliplicijustitia
3468 4315 3598 4356 sen-

1942 4388 2190 4445 tentiam
2220 4384 2494 4441 funditus
2528 4389 2776 4451 evertat,
2813 4388 2871 4440 et
2897 4385 3098 4455 justos
3129 4392 3374 4444 moneat
3403 4393 3467 4444 ut
3497 4405 3597 4446 ca-

1941 4483 2123 4533 veant
2144 4475 2280 4544 sibi,
2304 4490 2378 4529 ne
2400 4473 2548 4528 forte
2565 4476 2622 4528 et
2641 4473 2758 4546 ipsi
2776 4471 2857 4528 ob
2879 4474 3128 4530 unicum
3151 4475 3345 4531 scelus
3373 4483 3598 4534 aeterno

1940 4567 2066 4636 igni
2083 4564 2416 4621 tradantur.
2439 4561 2573 4632 Sed,
2599 4567 2665 4617 ut
2679 4562 2810 4632 jam
2834 4562 2978 4630 dixi,
3003 4563 3214 4619 sinihil
3232 4565 3394 4620 aliud
3413 4567 3599 4639 impc-

1940 4651 2429 4726 diretquominus
2439 4650 2632 4707 oratio
2645 4651 2772 4706 haec
2787 4650 2998 4707 Basilio
3012 4651 3598 4727 tribueretur,ipsum

1942 4750 2097 4803 certe
2117 4741 2356 4798 dicendi
2383 4755 2572 4812 genus
2594 4755 2702 4812 per
2729 4757 2793 4796 se
2815 4743 2956 4796 satis
2979 4747 3138 4798 esset
3161 4759 3174 4796 :
3201 4743 3369 4815 quod
3389 4760 3599 4799 rursus

1942 4852 2015 4892 ex
2035 4833 2244 4890 ultimo
2265 4831 2400 4887 loco
2424 4829 2775 4886 conﬁrmari
2793 4835 3010 4902 potest.
3035 4834 3119 4888 lta
3143 4831 3305 4887 enim
3327 4831 3600 4888 locutum

1943 4930 2252 4982 auctorem
2272 4919 2558 4987 vidimus,
2580 4924 2669 4971 καὶ
2693 4918 3104 4993 βασανιζόμενός
3127 4942 3207 4984 τις
3228 4920 3475 4982 πολλάκις
3497 4921 3597 4972 ἐνέ-

1946 5009 2081 5066 δωκε
2109 5017 2180 5084 μὴ
2224 5010 2458 5081 ἐνεγκὼν,
2500 5007 2558 5060 οὐ
2590 5014 2682 5067 τὴν
2711 5011 3024 5082 προθυμίαν,
3065 5009 3192 5061 ἀλλὰ
3221 5014 3308 5062 τὸν
3339 5014 3514 5080 πόνον,
3543 5015 3599 5067 ει

1945 5118 2080 5159 cum
2126 5099 2260 5172 quis
2309 5102 2712 5167 torqueretur,
2767 5112 3172 5166 saepenumero
3217 5099 3413 5163 cessit,
3464 5114 3600 5155 cum

1940 5193 2110 5261 ferre
2138 5203 2259 5243 non
2282 5190 2504 5256 posset,
2553 5200 2673 5241 non
2711 5190 3077 5241 commutans
3108 5186 3442 5246 voluntatis
3464 5203 3604 5259 pro-

223 5317 282 5354 ιθ
331 5314 478 5372 Luc.
515 5330 681 5386 mn,
723 5316 816 5368 28.
898 5313 941 5348 ¹¹
973 5313 1140 5370 Rom.
1170 5329 1231 5384 κ,
1266 5317 1350 5370 to.
1433 5316 1477 5350 ¹²
1517 5315 1708 5375 Galat.
1747 5331 1829 5386 v1,

1997 5314 2043 5350 ¹³
2074 5310 2274 5371 Matth.
2301 5325 2363 5379 x,
2395 5311 2490 5364 33.

218 5443 319 5512 (a)
363 5439 532 5498 Hom.
568 5443 656 5512 t8,
687 5454 758 5497 n.
793 5440 828 5493 6
859 5439 920 5492 et
944 5440 998 5492 7.

390 5568 624 5628 PATROL.
661 5568 772 5626 Gn.
811 5560 1000 5622 XXXI.
