4058 6192
484 258 550 312 43
1988 269 2377 335 PREFATIO.

474 382 758 451 positum,
785 385 888 440 sed
915 384 1120 442 labore
1145 387 1366 445 victus:
1401 388 1509 447 ubi
1535 390 1708 464 illud,
1731 391 1788 444 οὐ
1811 395 1900 451 τὴν
1929 396 2129 467 προθυ-
2161 399 2210 454 Α

480 476 626 544 μίαν,
659 470 787 524 ἀλλὰ
822 477 908 525 τὸν
951 479 1124 540 πόνον,
1168 493 1273 549 per
1303 478 1561 552 ellipsim
1605 482 1856 554 dictum,
1891 483 2132 540 violenti

478 562 702 634 aliquid
754 567 809 618 et
850 563 1118 621 inusitati
1166 582 1289 638 prae
1326 584 1388 624 se
1426 569 1560 626 fert.
1594 571 1841 627 Basilius
1886 589 2027 628 cum
2055 573 2132 628 de

479 653 698 708 misero
734 651 836 708 illo
884 653 1066 710 milite
1121 654 1489 730 loqueretur,
1532 660 1614 716 ita
1658 661 1934 733 superius
1986 661 2131 718 scri-

477 748 702 815 pserat,
732 746 859 818 πρὸς
887 748 1006 807 τοὺς
1031 751 1216 808 πόνους
1254 747 1636 824 ἀπαγορεύσας,
1668 767 1792 806 non
1821 767 1929 824 per
1966 751 2134 824 ellip-

477 831 614 898 δίων
654 837 773 895 τοὺς
802 840 1010 898 πόνους.
1040 838 1170 892 Mox
1199 839 1470 910 sequitur
1498 859 1510 896 :
1542 845 1603 891 Εἰ
1637 837 1696 892 δὲ
1725 837 1933 901 οὐδενὸς
1965 841 2131 914 ἁμαρ-

474 926 727 985 τήσαντος
757 925 784 982 ἡ
819 926 1022 996 ἄφεσις,
1056 929 1084 985 ἡ
1122 924 1347 1002 διαφορὰ
1369 925 1428 1000 ᾖν
1450 928 1500 980 ἐν
1523 938 1582 1002 τῇ
1609 929 1865 1002 ποικιλίᾳ*
1894 931 2055 1000 quod
2078 932 2132 988 εἰ

472 1027 604 1068 nem
613 1015 701 1069 ini
715 1016 822 1086 qui
824 1024 1145 1086 peccasset,
1168 1019 1422 1074 daretur
1439 1022 1625 1082 venia,
1643 1020 1964 1076 discrimen
1982 1027 2128 1078 esset

473 1103 538 1164 in
562 1109 895 1165 varietate:
928 1107 1095 1180 quod
1124 1112 1181 1163 et
1208 1108 1713 1164 obscurissimum
1744 1112 1800 1164 et
1831 1109 2128 1181 ineptissi-

472 1214 646 1256 mum
676 1215 806 1254 esse
836 1213 1016 1253 nemo
1043 1213 1166 1253 non
1195 1197 1376 1253 videt.
1411 1197 1542 1254 Scio
1571 1197 1822 1271 quidem
1857 1198 2132 1254 doctissi-

471 1305 643 1346 mum
655 1289 852 1344 virum
865 1286 1296 1343 Combetisium
1309 1291 1372 1343 ut
1387 1287 1538 1344 alios
1553 1287 1857 1360 quosdam
1871 1288 1952 1343 ita
1965 1288 2128 1344 hunc

468 1377 748 1434 ultimum
767 1377 968 1433 locum
986 1376 1310 1433 emendare
1326 1376 1618 1433 voluisse:
1640 1377 1746 1433 sed
1765 1393 1902 1432 cum
1921 1377 1978 1432 id
2002 1392 2128 1434 non

465 1469 670 1525 fecerit
684 1483 756 1523 ex
770 1471 1038 1522 veterum
1061 1465 1354 1523 librorum
1375 1466 1747 1534 auctoritate,
1770 1466 1878 1522 sed
1895 1466 1970 1522 dc
1989 1483 2124 1536 suo,

463 1557 962 1614 emendationum
981 1555 1137 1612 illius
1153 1571 1277 1613 non
1297 1555 1586 1613 habenda
1609 1560 1698 1612 est
1715 1555 1888 1623 ratio,
1906 1556 2126 1625 magis-

457 1663 581 1720 que
597 1645 814 1702 vellem
833 1645 1028 1702 fassus
1050 1646 1279 1716 fuisset,
1296 1645 1357 1701 id
1377 1646 1545 1719 quod
1565 1662 1661 1702 res
1681 1650 1790 1714 est,
1813 1646 1971 1703 hanc
1992 1659 2125 1701 ora-

459 1737 686 1793 tionem
701 1737 911 1808 optimi
929 1735 1234 1808 scriptoris
1249 1735 1448 1791 Basilii
1461 1751 1585 1791 non
1606 1751 1761 1792 esse.
1776 1738 1940 1792 Tunc
1959 1734 2120 1791 enim
2151 1759 2192 1815 Β
2233 1765 2380 1818 rem,
2402 1759 2457 1809 ει
2475 1755 2928 1819 lamentationes
2939 1767 3080 1823 Jere

456 1826 533 1882 de
545 1842 616 1882 ea
629 1825 1016 1881 emendanda
1026 1840 1149 1880 non
1164 1825 1936 1897 tantoperelaborassetnec
1949 1824 1997 1880 ei
2014 1824 2119 1880 mi-

454 1930 591 1970 rum
608 1913 821 1970 fuisset
840 1913 1070 1969 malum
1087 1918 1398 1970 auctorem
1416 1913 1574 1970 male
1595 1913 1762 1970 mala
1783 1913 2114 1985 scripsisse.

453 2025 484 2090 ς
517 2023 630 2079 VII.
665 2024 751 2079 De
779 2021 1025 2078 humilia
1065 2022 1355 2078 adversus
1394 2037 1487 2078 eos
1516 2022 1621 2093 qui
1654 2021 2118 2078 calumniantur

810 2126 940 2178 nos,
968 2111 1129 2182 quod
1154 2117 1270 2166 tres
1301 2111 1440 2167 deos
1467 2112 1760 2168 colamus.

521 2222 610 2274 20.
644 2219 809 2274 Hanc
826 2217 1160 2274 orationem
1181 2233 1362 2274 nemo
1381 2217 1697 2281 hactenus,
1719 2215 1886 2289 quod
1903 2215 2112 2286 sciam,

451 2307 514 2364 in
552 2308 772 2380 spuriis
803 2307 1025 2379 posuit.
1057 2305 1468 2362 Tillemontius
1500 2308 1602 2377 (α),
1648 2305 1753 2360 ubi
1786 2304 1936 2362 alias
1979 2320 2112 2360 ora-

451 2398 646 2454 tiones
670 2401 958 2468 recenset,
993 2395 1068 2452 de
1098 2396 1292 2468 iisque
1318 2395 1618 2466 judicium
1646 2395 1896 2467 profert,
1927 2394 2110 2465 hujus

452 2487 552 2543 vix
577 2486 868 2549 meminit,
902 2485 1010 2542 sed
1035 2485 1117 2541 sic
1138 2489 1362 2552 tamen,
1396 2489 1461 2540 ut
1485 2484 1601 2541 alio
1623 2484 1756 2541 loco
1777 2485 1979 2558 ipsam
2007 2486 2112 2540 Ba-

452 2575 584 2632 silio
601 2579 803 2648 aperte
825 2575 1066 2631 tribuat.
1092 2577 1212 2645 ligo
1229 2577 1426 2630 autem
1451 2575 1531 2631 ob
1556 2576 1895 2645 argumenti
1919 2577 2111 2644 gravi-

451 2669 640 2722 tatem
669 2665 963 2738 optabam
1001 2665 1274 2738 phrasim
1307 2671 1487 2737 atque
1526 2666 1853 2722 sententias
1893 2667 2110 2724 Basilio

454 2759 667 2828 Magno
706 2755 922 2825 dignas
963 2756 1024 2811 in
1057 2755 1174 2812 hac
1205 2756 1475 2812 oratione
1503 2755 1770 2813 invenire
1805 2774 1817 2813 :
1851 2759 1955 2814 sed
1987 2775 2111 2831 quo

454 2848 652 2916 magis
676 2861 810 2901 eam
831 2845 971 2916 legi,
996 2861 1066 2901 eo
1090 2845 1284 2915 magis
1300 2845 1447 2900 mihi
1464 2845 1594 2917 ipse
1617 2847 1892 2918 persuasi
1911 2847 2110 2919 ipsam

455 2935 772 3006 indignam
813 2951 962 2999 esse,
995 2952 1132 3008 qua:
1173 2939 1338 2992 tanto
1375 2935 1505 2992 viro
1529 2936 1906 2994 tribueretur.
1933 2937 2111 3012 Apud

455 3026 740 3082 Basilium
756 3025 962 3082 omnia
985 3025 1242 3098 propriis
1260 3028 1315 3080 et
1330 3026 1742 3082 accomodatis
1763 3027 1841 3082 ad
1857 3027 1917 3082 id
1943 3026 2111 3100 quod

3825 321 3898 376 44

2245 401 2306 454 in
2334 401 2465 460 aliis
2497 409 2620 466 suis
2653 415 3028 476 orationibus
3049 433 3324 496 unquam
3356 443 3536 489 usum
3566 433 3751 494 fuisse
3775 451 3892 497 non

2468 499 2588 554 Vox
2633 517 2776 560 vero
2820 517 2995 581 κτῆμα
3032 512 3256 571 idcirco
3294 517 3591 593 displicet,
3623 527 3787 598 quod
3816 496 3895 586 ad

2239 578 2403 680 hunc
2421 584 2623 680 locum
2642 607 2767 680 non
2792 578 2934 653 satis
2960 578 3420 666 accommodata
3439 578 3874 675 esse'videawtiir

2242 671 2346 776 Qui
2390 675 2553 733 enim
2592 679 2742 780 illud
2781 687 2970 759 audit,
3004 687 3079 753 οἷς
3126 701 3422 768 περισσεύει
3471 706 3529 754 τὸ
3579 671 3900 780 κτῆμα

2239 762 2825 862 ξιίσουςῖιαφξαᾴ-ᾳιιοε
2850 777 3124 837 abundat
3151 762 3436 852 possessio
3466 793 3612 860 odii,
3644 762 3715 862 is,
3749 799 3799 854 si
3830 762 3892 856 in

2236 846 2725 958 legendis‘Ba-sil‘ii
2742 862 2910 921 libris
2930 846 3244 939 diligenter
3260 846 3535 936 versatus
3552 846 3889 958 siin-statim:

2238 944 2566 1045 nisivvalde
2592 947 2789 1045 fallor,
2825 970 3056 1045 novum
3094 963 3389 1033 quiddam
3419 973 3476 1026 et
3503 944 3889 1045 peregrinum

2240 1031 2457 1140 quam:
2474 1036 2605 1137 sibi
2635 1040 2951 1140 videbitur.
2986 1031 3196 1108 Totum
3227 1054 3376 1112 illud
3405 1031 3601 1131 (ibid)
3635 1031 3768 1129 ξ’τίς
3796 1031 3888 1140 ,1;

2241 1115 2400 1174 δώσει
2430 1125 2640 1199 θέατρον
2661 1134 2754 1188 τὴν
2779 1132 3082 1207 οἰκουμένην
3102 1139 3330 1209 ἃπασαν,
3355 1152 3444 1198 καὶ
3470 1115 3640 1220 omni)»
3668 1115 3888 1229 σάλπῖγ-

2237 1228 2339 1316 ζος.
2371 1221 2730 1316 ευτονωτέραν,
2783 1227 2868 1274 καὶ
2917 1227 3134 1299 θρήνους
3182 1236 3450 1306 Ἱερεμίου,
3509 1246 3599 1292 καὶ
3657 1211 3886 1316 δάκρυον

2239 1294 2457 1406 δαψιλὲρ
2509 1307 2831 1381 καταῤῥῆξαι
2876 1312 3104 1390 καρδίαν
3160 1294 3372 1388 ὀδθναις
3425 1294 3882 1406 συντετριμμένην,

2235 1395 2602 1462 καταχέασθαι
2631 1403 2769 1451 κόνιν
2798 1407 2892 1460 τὴν
2911 1414 2999 1456 νῦν
3015 1406 3070 1459 ἐκ
3092 1418 3186 1472 τῆς
3203 1410 3415 1485 ἀτιμίας
3440 1419 3565 1490 ἡμῖν
3588 1395 3886 1495 narratu/zu-

2233 1482 2410 1582 ξένην,
2442 1486 2701 1544 πενθῆσαι
2731 1509 2786 1542 τε
2814 1496 2901 1550 τὴν
2925 1501 3094 1554 κοινὴν
3117 1507 3385 1577 συμφοράν
3413 1521 3426 1572 ;
3459 1509 3538 1560 ὃτι
3568 1482 3898 1567 ἐπιλέλοιπεν

2234 1573 2264 1626 ἡ
2287 1573 2463 1670 ἀγάπη
2485 1576 2512 1632 ἡ
2535 1575 2782 1670 ῥίζαῗτῶν
2803 1580 3037 1640 ἐντολῶν.
3063 1588 3205 1655 Quis
3223 1573 3376 1651 mihi
3393 1597 3562 1654 dabit
3583 1601 3880 1660 theatrum

2233 1669 2577 1722 universum
2593 1669 2792 1726 orbem
2813 1675 3130 1749 terrarum,
3155 1687 3209 1736 et
3236 1696 3431 1742 vocem
3463 1689 3608 1746 tuba
3632 1693 3884 1750 validio-

2330 1770 2380 1854 τι,
2402 1770 2457 1809 et
2475 1770 2928 1854 lamentationes
2939 1770 3229 1841 Jeremia’,
3257 1779 3311 1828 et
3330 1775 3633 1848 lacrymas
3652 1782 3886 1854 uberes,

2233 1842 2445 1912 quibus
2469 1861 2571 1901 cor
2591 1847 2900 1940 doloribus
2925 1859 3249 1916 contritum
3271 1842 3634 1936 dirumpam,
3673 1842 3881 1940 pulve;

2230 1947 2474 2032 remque
2517 1937 2686 1993 nobis
2739 1957 2902 1998 nunc
2940 1945 3360 2014 igniaminiose
3397 1937 3704 2026 aspersum
3740 1979 3876 2032 per-

2221 2023 2503 2095 fuudam,
2556 2031 2610 2083 et
2649 2030 2952 2098 deplorem
2994 2038 3405 2100 calamitatem
3449 2023 3815 2109 communem
3845 2055 3875 2110 ‘I

2223 2115 2446 2184 quippe
2512 2117 2731 2187 defecit
2798 2125 3223 2185 mandatorum
3288 2134 3475 2190 radix
3531 2138 3802 2198 charitas
3860 2160 3874 2199 :

2222 2208 2439 2270 totum,
2485 2206 2760 2280 inquam,
2809 2211 2955 2268 illud
3000 2216 3410 2287 fragmentum
3452 2225 3512 2281 in
3565 2228 3870 2290 hominem

2222 2294 2694 2368 grandiloquum
2733 2303 3058 2359 convenire
3095 2313 3311 2378 potest,
3344 2328 3467 2370 non
3497 2316 3559 2372 in
3591 2320 3871 2380 Basilium

2221 2385 2521 2452 Magnum,
2556 2389 2660 2459 qui
2690 2391 2896 2447 omnia
2943 2393 3303 2466 eloquentia
3343 2415 3702 2467 ornamenta
3731 2427 3868 2470 cum

2220 2471 2373 2571 mira
2397 2475 2670 2571 quadam
2693 2478 3069 2550 simplicitate
3090 2485 3476 2548 solertissime
3504 2497 3638 2568 conj
3651 2515 3870 2571 ungere

2220 2561 2386 2618 solet.
2430 2565 2497 2619 Et
2533 2571 2597 2620 ut
2635 2569 2830 2637 magis
2860 2571 3228 2645 intelligatur
3262 2593 3452 2650 quam
3493 2561 3765 2644 alienum
3797 2592 3872 2648 sit

2219 2667 2256 2751 ιι
2306 2653 2808 2751 Basilii-moribus
2858 2660 3158 2731 ejusmodi
3196 2665 3439 2726 dicendi
3469 2686 3660 2742 genus
3689 2681 3871 2751 turgi-

2219 2742 2367 2797 dum
2413 2746 2470 2799 et
2506 2743 2803 2819 inﬂatum,
2853 2752 3200 2823 exemplum
3256 2774 3444 2816 unum
3495 2779 3568 2820 ex
3623 2781 3749 2838 quo
3787 2742 3870 2827 de

2221 2835 2351 2892 aliis
2400 2835 2661 2905 judicari
2718 2839 2925 2912 possit,
2979 2841 3042 2897 in
3097 2846 3368 2905 medium
3425 2835 3693 2924 proferre
3748 2873 3871 2917 non

2219 2927 2464 2999 pigebit,
2507 2931 2622 2986 Etsi
2668 2932 2848 3002 igitur
2897 2932 3142 2989 Basilius
3183 2953 3344 3010 saepe
3401 2943 3871 3007 Christianorum

2219 3017 2372 3072 inter
2407 3035 2470 3074 se
2510 3019 2921 3078 dissensiones
2950 3040 3020 3079 ac
3044 3025 3250 3096 jurgia
3295 3038 3614 3103 memorat,
3667 3041 3870 3096 tamen

457 3117 654 3186 agitur
673 3115 922 3172 vocibus
940 3115 1386 3187 exprimuntur:
1412 3118 1486 3177 et,
1511 3115 1615 3170 ubi
1634 3131 1759 3171 non
1780 3122 2108 3189 exspectes,

2221 3105 2372 3161 libro
2424 3109 2510 3163 De
2562 3110 2799 3178 Spiritu
2837 3119 3047 3169 sancto
3091 3115 3394 3186 copiosius
3425 3124 3482 3176 et
3529 3127 3870 3184 accuratius

455 3205 686 3278 aliquid
736 3205 1095 3277 plerumque
1147 3203 1474 3260 recondita:
1533 3205 1889 3261 eruditionis
1944 3207 2106 3265 latet.

456 3297 772 3366 Nusquam
803 3293 1053 3350 Basilius
1087 3293 1178 3348 sui
1209 3293 1520 3348 dissimilis
1551 3299 1640 3349 est
1673 3312 1685 3349 :
1733 3293 1841 3349 sed
1879 3295 2109 3368 ubique

455 3399 520 3440 se
543 3387 786 3456 praestat
805 3399 966 3446 eum,
989 3382 1239 3454 quijure
1260 3387 1567 3438 oratorum
1584 3383 1849 3454 optimus
1865 3383 2107 3441 habitus

453 3472 554 3527 sit.
595 3474 1004 3543 Praetereaque
1046 3470 1204 3526 illius
1243 3471 1434 3526 oratio
1474 3471 1557 3526 ita
1585 3471 1878 3528 naturalis
1907 3478 2016 3546 est,
2043 3479 2110 3531 ut

452 3561 600 3617 nihil
643 3565 859 3634 praeter
901 3560 1416 3633 exspectationem
1457 3561 1714 3617 audias:
1755 3561 1863 3618 sed
1901 3563 2109 3622 omnia

449 3656 575 3708 tam
607 3657 744 3724 apte
773 3655 1020 3724 tamque
1046 3651 1467 3707 convenienter
1487 3651 1637 3707 inter
1658 3667 1723 3706 se
1748 3659 2107 3710 connectun-

450 3746 546 3797 tur
591 3745 656 3796 ut
702 3741 925 3797 fateare
965 3755 1214 3796 necesse
1262 3739 1335 3795 sit
1386 3739 1537 3795 nihil
1589 3745 1694 3796 aut
1730 3740 1946 3797 melius
2004 3748 2107 3800 aut

447 3830 899 3887 convenientius
929 3830 1047 3885 dici
1075 3829 1362 3903 potuisse.
1392 3829 1620 3886 Horum
1651 3836 1850 3887 autem
1877 3832 2024 3888 nihil
2043 3833 2103 3889 in

447 3921 562 3976 hac
584 3921 874 3975 concione
895 3919 1170 3988 inveniri,
1193 3935 1424 3988 omnes,
1453 3919 1688 3991 opinor,
1712 3921 1883 3976 facile
1899 3921 2104 3978 intelli-

447 4015 606 4080 gent,
623 4010 670 4064 si
691 4024 826 4065 eam
837 4007 1020 4081 paulo
1039 4007 1317 4064 attentius
1335 4008 1531 4078 legere
1547 4009 1858 4066 voluerint.
1878 4016 2103 4069 lnterea

445 4115 558 4171 ego
588 4099 722 4156 loca
741 4099 1047 4170 quaedam,
1072 4095 1296 4169 quibus
1326 4097 1584 4152 maxime
1611 4099 1740 4154 haec
1760 4101 1952 4156 oratio
1973 4119 2097 4156 sus-

444 4194 618 4262 pecta
639 4187 808 4244 reddi
836 4187 1046 4260 possit,
1070 4191 1134 4242 ut
1161 4191 1494 4257 occurrent,
1519 4186 1580 4242 in
1603 4188 1874 4244 medium
1905 4189 2094 4247 addu-

441 4279 875 4336 cam.Primum
897 4277 1076 4346 igitur
1096 4275 1210 4332 sub
1229 4275 1590 4349 principium
1610 4278 1895 4334 orationis
1918 4279 1999 4337 ita
2018 4280 2097 4338 lc-

442 4369 604 4440 gitur
623 4376 788 4442 (pag.
816 4368 968 4440 609):
997 4371 1082 4419 Διὸ
1115 4367 1157 4418 εἰ
1178 4368 1202 4417 ὁ
1231 4365 1500 4437 ἀγαπητὸς
1531 4375 1785 4438 μισεῖται,
1811 4374 1865 4421 τί
1891 4375 2023 4442 μέγα
2049 4372 2092 4424 εὶ

2218 3211 2408 3268 quam
2439 3196 2570 3253 aliis
2600 3197 2749 3254 locis
2779 3201 3186 3260 miserabilem
3234 3206 3405 3264 illum
3447 3212 3722 3272 Ecclesiaa
3755 3223 3871 3276 sta-

2218 3290 2342 3340 tum
2376 3288 2678 3344 describit.
2727 3291 2878 3360 Ergo
2919 3292 3135 3361 sicubi,
3170 3294 3288 3351 illic
3324 3299 3588 3358 maxime
3634 3307 3870 3366 tumido

2215 3375 2316 3431 illo
2346 3375 2633 3448 loquendi
2657 3393 2874 3448 genere
2904 3382 2986 3436 uti
3017 3383 3300 3440 Basilium
3331 3388 3585 3448 decebat
3611 3411 3625 3449 :
3649 3395 3754 3450 sed
3785 3402 3871 3454 ta-

2215 3480 2355 3521 men
2385 3481 2459 3520 ne
2486 3466 2570 3558 ibi
2599 3467 2848 3539 quidem
2871 3473 3064 3540 turget
3091 3471 3248 3530 illius
3280 3479 3492 3550 oratio,
3523 3486 3585 3538 at
3609 3483 3869 3558 simplex

2215 3560 2321 3646 est,
2364 3560 2422 3611 et
2455 3555 2534 3612 ab
2571 3558 2740 3613 omni
2775 3560 3054 3631 emphasi
3098 3562 3488 3625 alienissima.
3531 3555 3862 3646 Postquam

2213 3644 2376 3700 enim
2406 3650 2492 3702 tot
2520 3662 2591 3702 ac
2619 3653 2782 3704 tanta
2803 3650 2966 3707 mala
2987 3655 3404 3720 recensuisset.
3426 3659 3542 3716 hoc
3567 3644 3749 3720 modo
3776 3665 3867 3723 lo-

2212 3736 2418 3807 quitur
2459 3736 2540 3807 (b)
2573 3754 2585 3792 :
2622 3739 2714 3789 Διὰ
2752 3747 2920 3792 ταῦτα
2958 3739 3384 3821 λυσιτελεστέραν
3433 3759 3524 3802 τοῦ
3566 3751 3722 3825 λόγου
3771 3762 3864 3816 τὴν

2215 3830 2416 3883 σιωπὴν
2447 3826 2708 3899 ἐτιθέμην,
2742 3831 2809 3890 ὡς
2849 3830 2906 3881 οὐ
2940 3827 3231 3905 δυναμένης
3262 3846 3432 3908 φωνῆς
3465 3838 3734 3915 ἀνθρώπου
3767 3843 3865 3902 διὰ

2212 3919 2471 4003 τοσούτων
2504 3917 2734 3989 θορύϐων
2763 3919 3190 3981 εἰσακουσθῆναι.
3224 3931 3284 3978 Εἰ
3317 3931 3415 4003 γὰρ
3442 3927 3609 3990 ἀληθῆ
3644 3936 3708 3986 τὰ
3743 3935 3864 3988 Ἐκ-

2210 4002 2302 4062 κλη
2313 4012 2534 4056 σιαστοῡ
2557 4005 2784 4077 ῥήματα,
2813 4009 2891 4059 ὅτι
2916 4007 3062 4081 λόγοι
3081 4021 3250 4086 σοφῶν
3272 4013 3322 4068 ἐν
3339 4018 3627 4074 ἀναπαύσει
3651 4021 3867 4078 ἀκούονο

2208 4115 2312 4166 ται,
2348 4095 2540 4148 πολλοῦ
2570 4095 2630 4148 ἄν
2664 4094 2774 4151 δέοι
2812 4104 3022 4174 πρέπειν
3067 4112 3129 4176 τῇ
3172 4115 3258 4158 vita
3290 4114 3611 4166 καταστάσει
3650 4119 3708 4168 τὸ
3738 4123 3861 4191 περὶ

2205 4189 2401 4238 τούτων
2451 4186 2632 4259 λέγειν.
2677 4189 2808 4246 Has
2854 4193 2926 4247 ob
2965 4207 3059 4249 res
3101 4196 3278 4253 silere
3315 4201 3526 4258 utilius
3553 4186 3861 4281 judicavi,

2203 4292 2380 4347 quam
2433 4278 2614 4348 loqui,
2667 4284 2957 4352 tanquam
3011 4281 3268 4340 hominis
3332 4301 3451 4344 vna:
3493 4306 3610 4360 per
3656 4278 3863 4356 tantos

2205 4367 2500 4422 tumultus
2566 4369 2851 4425 exaudiri
2919 4387 3038 4427 non
3105 4375 3312 4442 possit.
3376 4375 3534 4436 Nam
3599 4385 3656 4441 si
3714 4402 3861 4448 vera

443 4461 591 4532 ἡμεῖς
611 4467 700 4510 τοῦ
722 4463 912 4531 μίσους
945 4455 1228 4528 ἀξιούμεθα
1248 4454 1776 4532 παρ’ἁνθρνέ›ποις,οἷς
1794 4466 2090 4533 περισσεύει

2221 4464 2362 4521 ἀπε,
2407 4473 2536 4529 qua:
2573 4459 2732 4516 dixit
2766 4461 3142 4518 Ecclesiastes
3183 4464 3250 4535 ίι,
3291 4467 3473 4526 verba
3515 4476 3859 4543 sapientum

439 4553 498 4602 τὸ
517 4557 692 4621 κτῆμα
707 4555 796 4600 τοῦ
818 4551 1036 4619 μίσουςς
1071 4548 1449 4616 Quapropter
1476 4547 1530 4602 εἰ
1555 4548 1806 4605 dilectus
1820 4550 1954 4606 odio
1985 4552 2091 4609 ha-

441 4639 633 4706 betur,
665 4638 812 4710 quid
840 4643 922 4692 est
953 4638 1164 4705 magni
1198 4637 1253 4692 si
1277 4651 1382 4691 nos
1413 4637 1580 4706 apud
1609 4637 1894 4707 homines,
1926 4643 2094 4712 apud

437 4744 584 4800 quos
610 4728 735 4783 odii
746 4728 1034 4796 possessio
1057 4725 1353 4795 abundat,
1376 4726 1511 4781 odio
1534 4727 1709 4796 digni
1725 4727 2092 4789 habeamur?

435 4821 578 4875 Duas
606 4817 700 4873 hae
731 4829 927 4884 voces,
959 4813 1228 4887 ἀγαπητός
1253 4819 1308 4870 et
1336 4823 1528 4887 κτῆμα,
1563 4815 1711 4870 mihi
1734 4831 1858 4873 non
1887 4819 2092 4876 viden-

435 4914 531 4964 tur
581 4907 726 4986 satis
787 4921 998 4978 sapere
1059 4920 1288 4960 morem
1359 4921 1429 4960 ac
1485 4905 1798 4975 ingenium
1865 4909 2085 4966 Basilii.

432 4999 707 5054 Fortasse
760 4995 1038 5059 Basilius,
1081 5012 1222 5050 cum
1259 4993 1529 5050 Psalmos
1571 4994 2082 5069 interpretaretur,

427 5104 576 5144 voce
617 5085 874 5160 simplici
921 5083 1186 5157 ἀγαπητός
1229 5085 1310 5140 uti
1350 5084 1544 5157 potuit
1587 5085 1663 5140 ad
1709 5086 2083 5156 unigenitum

428 5178 531 5234 Dei
574 5177 784 5232 Filium
842 5173 1307 5246 significandum
1343 5189 1356 5227 :
1400 5173 1503 5230 sed
1553 5174 1754 5247 ipsum
1793 5174 1907 5231 hac
1950 5177 2084 5247 ipsa

423 5283 572 5324 voce
623 5265 752 5322 sola
806 5275 862 5321 et
918 5263 1172 5336 simplici
1225 5263 1306 5320 ad
1343 5263 1626 5320 eumdem
1681 5263 2080 5322 indicandum

496 5409 542 5445 η
573 5406 864 5478 Eccle.1x,
902 5411 988 5462 17.

492 5533 572 5606 (α)
602 5534 767 5590 Tom.
803 5532 903 5600 1X,
929 5546 990 5604 p.
1018 5533 1114 5589 30t
1152 5533 1208 5587 et
1231 5533 1357 5587 263.

2201 4549 2264 4604 in
2323 4550 2517 4620 quiete
2572 4550 2799 4618 audiri,
2851 4552 3185 4620 plurimum
3243 4555 3428 4627 abest,
3498 4567 3564 4617 ut
3619 4565 3682 4622 in
3743 4568 3860 4627 hoc

2201 4653 2403 4693 rerum
2437 4643 2601 4694 statu
2655 4639 2729 4694 de
2767 4639 2861 4693 his
2896 4640 3057 4709 loqui
3083 4646 3420 4703 conveniat.
3463 4652 3526 4705 In
3562 4667 3630 4709 eo
3664 4669 3852 4727 quem

2199 4744 2342 4784 mox
2386 4727 2726 4783 exscribam
2767 4727 2901 4784 loco
2933 4729 3168 4788 variant
3201 4733 3355 4792 inter
3396 4753 3458 4794 se
3497 4739 3651 4809 libri,
3698 4757 3851 4803 nam

2199 4818 2428 4888 aliquot
2473 4817 2710 4873 codices
2759 4822 2816 4873 et
2863 4817 3004 4875 editi
3042 4820 3123 4878 ita
3165 4822 3394 4882 habent
3443 4831 3598 4899 (pag.
3654 4832 3779 4902 809)
3831 4853 3848 4892 ε

2196 4909 2393 4957 Τούτου
2435 4907 2534 4979 γὰρ
2578 4907 2720 4956 ἕνεκα
2759 4905 2939 4959 ἐκεῖνοι
2989 4911 3079 4971 τὰς
3123 4915 3435 4986 πανηγύρεις
3475 4918 3667 4980 ταύτας
3717 4919 3854 4994 ἐμη-

2195 5000 2516 5067 χανήσαντο,
2552 4993 2633 5045 ἵνα
2661 4999 2755 5053 τὴν
2785 4995 2840 5048 ἐκ
2862 5006 2960 5049 τῶν
2982 5003 3186 5072 χρόνων
3208 5001 3531 5073 ἐγγινομένην
3557 5003 3853 5082 ἁλλοτρίω-

2196 5105 2276 5136 σιν
2331 5081 2420 5136 διὰ
2471 5092 2566 5144 τῆς
2623 5093 2720 5136 τῶν
2779 5096 2968 5164 καιρῶν
3021 5088 3285 5163 ἐπιμιξίας
3345 5089 3697 5164 ἀνανεώσωσι,
3760 5107 3855 5157 καὶ

2193 5177 2310 5234 τοὺς
2372 5176 2464 5229 τὴν
2530 5174 2806 5249 ὑπερορίαν
2874 5177 3144 5241 οἰκοῦντας
3202 5182 3289 5234 ἕνα
3367 5191 3550 5237 τοῦτον
3619 5188 3853 5244 καταλα-

2193 5263 2375 5324 ϐόντας
2440 5265 2629 5333 τόπον,
2712 5263 2914 5328 ἑαυτοῖς
2981 5265 3155 5339 ἀρχὴν
3228 5269 3402 5342 φιλίας
3477 5275 3564 5326 καὶ
3632 5275 3852 5348 ἀγάπης

2250 5529 2334 5602 (ὁ)
2363 5529 2487 5588 Lib.
2518 5531 2606 5588 De
2631 5530 2867 5602 Spiritu
2887 5531 2978 5605 S.,
3011 5547 3145 5608 cap.
3171 5538 3260 5594 30.
