4058 6192
186 250 240 308 ιδ
1703 250 2088 315 ΡΗΕΕἋΤΙΟ.
3533 272 3602 336 to

183 382 252 435 τὸ
280 378 573 446 svo-ﬁxis"
601 378 943 449 τταρέχοεενε
995 376 1080 433 sic
1118 390 1256 434 vero
1296 379 1469 434 vetus
1507 376 1657 434 liber
1703 380 1822 435 Har

1950 387 2263 455 προφανοῦς,
2335 385 2416 438 ὅτι
2481 388 2632 460 ἡμεῖς
2712 389 2866 463 ἐσμεν
2933 393 2982 445 οἱ
3055 396 3175 458 τοὺς
3261 398 3462 473 κτίσμα
3546 407 3603 457 τὸ

184 467 407 535 imus,
450 464 566 518 ἵνα.
592 508 607 519 .
632 509 648 520 .
672 510 686 521 .
712 509 728 522 .
794 468 1169 521 amco-30001:.
1192 506 1205 522 .
1227 509 1241 522 .
1264 508 1277 522 .
1299 508 1313 522 .
1367 469 1640 541 παρέχειν.
1693 470 1842 524 Neu-

189 560 329 611 tram
351 559 536 610 autem
573 553 892 627 loquendi
920 556 1215 612 rationem
1245 555 1502 612 arbitror
1531 556 1676 613 satis
1709 556 1841 613 ido-

199 660 348 701 nam
394 659 546 699 esse.
613 643 863 700 Etenim
919 645 971 700 si
1018 643 1209 714 legas,
1268 646 1441 702 ἶνα...
1626 643 1844 698 ἀνανεώ-

204 741 475 789 cestu"...
507 736 841 808 παρέχοιεν,
883 733 969 790 ita
996 733 1175 790 scribi
1217 733 1603 806 oportuisset,
1652 737 1744 788 καὶ
1791 737 1842 788 οἱ

205 829 277 882 τῇ
328 826 609 896 ὑπερορίαν
680 823 975 887 οἰκοῦντες,
1048 826 1137 875 ἕνα
1214 831 1396 876 τοῦτον
1462 822 1841 887 καταλαϐόντες

200 921 336 977 τόπον,
380 919 471 970 etc
502 956 519 979 ,
584 929 709 969 nec
762 913 939 970 aliter
993 912 1330 986 scripsisset
1381 913 1630 971 Basilius
1673 928 1686 971 ξ
1749 914 1841 971 sin

187 1005 337 1076 legas,
391 1002 632 1059 334......
685 1001 1503 1077 ἆνανεοῦσθαι.......παρέχειν,
1555 1018 1679 1059 non
1733 1003 1844 1059 erit

182 1094 397 1166 quidem
427 1100 634 1148 causa
657 1090 813 1162 ulla,
844 1107 956 1147 cur
990 1106 1173 1151 voces
1225 1088 1493 1154 οἰκοῦντας
1522 1096 1581 1148 et
1616 1092 1841 1145 καταλα-

179 1182 334 1245 ϐόντες
358 1180 810 1255 reprobentur,
843 1180 951 1237 sed
981 1180 1169 1237 alium
1198 1181 1480 1254 quemvis
1509 1181 1709 1253 potius
1738 1198 1840 1240 au-

175 1279 371 1330 ctorem
401 1271 778 1344 loquentem
807 1269 1065 1326 induces
1101 1286 1285 1343 quam
1318 1271 1621 1342 Basilium,
1674 1271 1841 1345 apud

172 1378 353 1437 quem,
378 1361 632 1434 opinor,
666 1358 894 1415 vocula
924 1360 1006 1410 ἱνα
1032 1374 1171 1415 cum
1193 1357 1488 1416 inﬁnitivo
1515 1361 1840 1432 conjuncta

170 1466 274 1510 non
309 1449 648 1508 invenitur.
705 1448 847 1519 Sed,
894 1448 1063 1521 quod
1092 1448 1315 1505 multos
1355 1450 1553 1521 magis
1593 1465 1839 1507 movere

168 1542 379 1616 poterit,
444 1538 632 1607 illud,
703 1537 1052 1591 ἀνανεοῦσθαι
1124 1543 1184 1594 et
1252 1542 1526 1614 παρέχειν,
1600 1539 1839 1596 videtur

168 1628 494 1688 emendatio
526 1642 672 1684 esse
707 1626 938 1683 librarii
967 1625 1249 1697 alicujus,
1279 1626 1384 1699 qui
1419 1642 1562 1682 cum
1592 1626 1837 1697 _vtderet

1953 476 2161 544 Πνεῦμα
2222 477 2280 526 τό
2351 474 2497 547 ἅγιον
2548 477 2787 550 λέγοντας
2841 479 3318 556 ἀναθεματίζοντες.
3396 494 3604 552 Ταύτην

1950 563 2045 617 τὴν
2065 566 2380 637 κατηγορίαν
2417 562 2669 639 δέχομαισ
2699 567 2786 622 ἐπὶ
2816 574 2984 644 τούτῳ
3013 581 3115 647 πῦρ
3146 581 3231 628 καί
3268 578 3409 651 ξίφος
3430 580 3604 642 ἕκονη-

1951 650 2100 719 μένον
2129 651 2444 743 ὑφίσταμαι·
2486 651 2580 706 κᾶν
2614 657 2641 707 ὁ
2676 662 2872 731 τρόχος
2909 660 3276 739 καταρῥάσση,
3307 650 3402 720 κᾶν
3431 668 3606 743 βασα-

1949 743 2194 812 νιστήρια
2223 739 2305 792 ἐπ’
2335 741 2424 815 ἐμὲ
2454 752 2679 811 κινῆται,
2728 747 2777 798 ἐν
2806 755 2868 819 τῇ
2910 749 3040 822 αὐτῇ
3084 751 3405 831 πληροφορίᾳ
3432 739 3603 833 *δέχο-

1950 846 2046 898 μαι
2074 831 2140 880 τὰ
2170 826 2582 905 βασανιστήρια,
2615 834 2666 886 ἐν
2771 836 2860 888 καί
2898 839 2947 889 οἱ
2984 826 3334 915 μάρτυρεςγοί
3380 826 3603 904 ivi-abeat

1950 915 2171 983 κείμενοι
2200 923 2301 966 τῶν
2327 920 2586 989 στεφάνων
2606 918 2925 981 ἠξιώθησαν.
2949 923 3073 979 Nec
3101 935 3308 995 aperte
3326 932 3475 990 dicis
3495 952 3604 993 nos

1951 1000 2108 1069 ipsos
2148 1018 2290 1074 esse,
2342 1006 2448 1077 qui
2492 1020 2586 1061 eos
2626 1009 2733 1078 qui
2785 1009 3082 1079 Spiritum
3120 1024 3395 1076 sanctum
3434 1039 3601 1082 crea-

1951 1095 2153 1147 turam
2174 1092 2409 1161 dicunt,
2432 1097 2815 1155 anathemate
2830 1100 3105 1169 ferimus.
3150 1105 3328 1164 Hanc
3357 1125 3603 1171 accusa-

1951 1180 2170 1259 tionem
2191 1183 2492 1240 admitto:
2537 1200 2665 1242 eam
2697 1187 2769 1243 ob
2798 1204 3041 1246 causam
3089 1193 3287 1263 ignem
3312 1201 3520 1259 subibo
3545 1210 3603 1262 ct

1948 1269 2224 1339 gladium
2254 1279 2577 1330 exacutum
2600 1290 2623 1331 ,ο
2659 1277 2781 1332 sive
2826 1284 2964 1335 rota
2995 1281 3267 1349 collidat,
3307 1290 3430 1346 sive
3482 1298 3605 1349 tor-

1949 1363 2150 1447 menta
2198 1360 2261 1415 in
2306 1375 2399 1417 me
2448 1370 2827 1433 moveantur,
2868 1367 3071 1424 eadem
3114 1373 3308 1430 animi
3352 1391 3600 1447 persua-

1948 1446 2112 1503 sione
2160 1449 2466 1518 perferam
2533 1457 2855 1521 tormenta,
2929 1472 3049 1527 qua
3133 1446 3433 1534 martyres
3503 1469 3601 1529 hic

1937 1534 2212 1632 iacentes
2256 1552 2507 1632 coronas
2556 1543 2860 1599 consecuti
2897 1554 3059 1603 sunt.
3110 1552 3415 1612 Praevideo
3465 1561 3600 1632 qui-

1947 1623 2084 1680 dem
2113 1640 2236 1681 non
2266 1625 2599 1695 defuturos,
2632 1630 2857 1704 quibus
2886 1633 3017 1691 hinc
3045 1638 3232 1697 verba
3276 1623 3599 1714 primo-as-

168 1737 321 1778 voces
365 1719 658 1779 οἰκοῦντας
710 1719 774 1773 et
820 1714 1211 1778 καταλαϐόντας
1263 1715 1607 1772 necessario
1641 1714 1822 1772 inﬁni-

1947 1714 2707 1811 pectunvalde-admodum
2720 1720 3011 1792 placitura
3046 1725 3181 1795 sint,
3213 1705 3439 1805 quique
3466 1735 3601 1811 ipsa

168 1814 330 1867 tivum
408 1821 788 1881 exposcere,
873 1818 986 1878 pro
1056 1803 1386 1858 ἂνανεὼσωσι
1442 1809 1499 1861 et
1551 1808 1834 1879 παρέχοιεν

164 1900 376 1974 scripsit
416 1898 788 1951 ἀνανεοῦσθαι
830 1899 889 1950 et
926 1898 1204 1967 παρέχειν.
1252 1896 1396 1951 Cum
1425 1894 1587 1951 enim
1616 1895 1832 1950 unicus

166 1990 438 2047 duntaxat
496 1987 672 2044 liber
726 1988 900 2041 vetus
951 1983 1175 2041 habeat
1227 1982 1568 2037 ἀνανεοῦσθαι
1606 1988 1666 2041 et
1701 2002 1833 2059 παρ·

176 2088 315 2150 ι-ιῑῠ,
356 2079 452 2134 alii
512 2079 747 2133 autem
798 2088 1013 2130 omnes
1071 2072 1335 2130 habeant
1389 2071 1722 2125 ἀνανεώσωσι
1772 2077 1832 2130 et

178 2178 437 2241 παρέχοιτο,
468 2181 616 2223 non
648 2163 958 2220 immerito
988 2166 1198 2219 auctor
1236 2161 1365 2234 ipse
1403 2162 1487 2218 ita
1517 2162 1828 2234 scripsisse

161 2256 445 2331 putandus
474 2258 603 2312 est.
639 2252 806 2310 Satis
824 2251 901 2307 de
930 2251 1128 2307 verbis
1158 2250 1340 2321 hujus
1371 2250 1603 2323 periodi
1624 2267 1637 2305 :
1661 2264 1826 2308 nunc

158 2346 365 2420 deipsa
393 2342 716 2401 sententia
740 2340 1089 2413 loquamur.
1136 2338 1305 2404 Quod
1347 2339 1530 2409 igitur
1567 2338 1826 2411 scriptor

154 2438 243 2506 ait,
260 2438 633 2492 adinventos
650 2432 850 2502 fuisse
869 2434 1209 2497 conventus,
1233 2433 1298 2482 ut
1318 2430 1657 2484 animorum
1679 2429 1823 2485 alie-

152 2529 302 2583 natio
340 2528 715 2591 renovetur,
772 2518 835 2575 id
884 2534 1009 2574 non
1061 2516 1387 2589 prudenter
1437 2516 1664 2573 dictum
1707 2520 1818 2576 est.

151 2617 261 2671 Dici
284 2614 658 2688 oportuerat
687 2608 817 2666 fieri
845 2612 1202 2674 conventus,
1242 2622 1365 2662 non
1404 2610 1469 2662 ut
1517 2606 1820 2677 ejusmodi

148 2706 418 2764 alienatio
444 2705 855 2764 instauratur,
886 2698 994 2754 sed
1020 2700 1089 2753 ut
1111 2696 1346 2769 penitus
1364 2711 1396 2752 e
1418 2696 1621 2753 medio
1646 2696 1818 2753 tolla-

146 2804 249 2853 tur.
268 2800 426 2854 ﬁam
438 2790 816 2851 renovanda
836 2791 963 2844 erat
976 2801 1095 2859 pax
1110 2790 1287 2861 atque
1300 2784 1627 2842 concordia
1647 2803 1659 2841 :
1680 2784 1817 2842 alie-

142 2885 298 2943 natio
310 2900 483 2955 vero,
494 2896 642 2955 quae
652 2892 875 2953 pacem
893 2880 1073 2948 atque
1089 2874 1474 2931 concordiam
1488 2876 1549 2930 in
1558 2878 1815 2948 terrupe-

138 2982 512 3050 rahpmrsus
525 2966 865 3060 abolenda.
867 2967 1062 3060 Quare
1074 2978 1213 3060 cum
1226 2961 1506 3060 scriptori
1514 2966 1570 3060 ta
1579 2963 1815 3060 locutus
1853 3005 1895 3060 ϐ

141 3071 244 3134 est,
260 3063 508 3120 videtur
534 3057 708 3127 aliud
731 3055 1055 3127 cogitasse,
1074 3052 1246 3108 aliud
1272 3053 1653 3125 expressisse.
1683 3055 1814 3109 Non

141 3154 297 3209 enim
317 3149 545 3207 dubito
562 3146 715 3220 quin
729 3141 985 3200 voluerit
1001 3140 1217 3205 dicere,
1242 3140 1662 3197 renovandam
1678 3154 1815 3196 esse

144 3235 678 3305 concordiam,sed
688 3230 1128 3289 dixitrenovari
1138 3228 1357 3286 debere
1368 3228 1809 3309 alienationem.

144 3330 466 3403 Aliquanto
489 3329 637 3400 post
657 3339 802 3380 cum
816 3323 1030 3377 auctor
1054 3318 1396 3389 signiﬁcare
1423 3317 1614 3381 vellet,
1637 3333 1812 3374 accu-

146 3420 257 3475 sari
277 3434 347 3475 se
378 3434 419 3473 a
441 3411 854 3489 quibusdam,
879 3406 1046 3483 quod
1061 3406 1281 3463 multos
1299 3406 1446 3463 deos
1469 3406 1812 3463 introduce-

148 3514 249 3577 ret,
274 3508 362 3564 ita
382 3503 670 3578 loquitur
684 3502 854 3574 (pag.
882 3499 1008 3569 610)
1032 3513 1047 3552 :
1075 3501 1462 3571 Μαρτυρήσατε
1489 3504 1553 3569 τῇ
1593 3494 1813 3566 ἀληθείᾳ

154 3604 237 3649 ni
296 3601 450 3669 ἠμῖν,
540 3595 674 3666 πρὸς
750 3593 872 3651 τοὺς
939 3586 1371 3660 ίπιθρυλλοῡντας
1438 3588 1503 3638 τὰ
1569 3592 1809 3651 τοιαῦτα,

148 3690 228 3739 ὅτι
286 3688 396 3761 ἄρα
462 3686 624 3756 ἡμεῖς
683 3684 781 3737 τήν
840 3676 1067 3731 παλαιὰν
1132 3671 1329 3750 δωρεὰν
1401 3672 1810 3747 ἀνεπαυσάμεθα.

146 3776 397 3833 Reddite
442 3769 859 3830 testimonium
902 3766 1148 3823 veritati
1193 3770 1248 3821 et
1280 3763 1471 3831 nobis,
1523 3762 1812 3820 adversus

146 3878 233 3922 eos
275 3865 394 3938 qui
427 3861 592 3918 talia
645 3857 989 3927 divulgant,
1038 3854 1311 3911 videlicet
1358 3853 1520 3924 quod
1565 3867 1674 3909 nos
1712 3852 1814 3908 do-

141 3972 285 4012 nam
326 3959 508 4010 vetus
551 3946 1048 4005 imlauravimus.
1097 3942 1209 4000 Ubi
1246 3957 1428 3999 nemo
1480 3957 1605 3998 non
1653 3941 1813 3998 videt

144 4060 357 4101 vocem
391 4039 597 4114 δωρεάν
624 4033 956 4108 improprie
975 4037 1034 4089 et
1050 4033 1247 4105 inepte
1273 4030 1352 4087 ad
1379 4029 1442 4086 id
1472 4019 1837 4103 signiﬁcam'

142 4135 286 4191 dum
316 4132 597 4207 positam
624 4127 848 4183 fuisse:
889 4123 1047 4180 alius
1081 4121 1300 4195 quivis,
1341 4136 1554 4177 eorum
1598 4120 1811 4177 saltem

139 4227 242 4299 qui
273 4228 421 4299 apte
450 4219 627 4293 loqui
669 4215 929 4285 student,
958 4228 1102 4270 voce
1130 4211 1298 4270 πλάνη
1343 4215 1450 4267 aut
1493 4209 1671 4267 simili
1717 4208 1808 4266 usi

1943 1800 2249 1898 inveniant
2286 1803 2665 1898 dignissima,
2707 1823 2846 1880 quae
2895 1812 3142 1869 Basilius
3178 1800 3424 1889 Magnus
3457 1800 3599 1898 pro-
3698 1833 3711 1846 ‘

1941 1890 2249 1963 nuntiarit,
2282 1908 2422 1948 cum
2460 1909 2498 1949 ιι
2524 1895 2675 1965 viro,
2707 1898 2812 1970 qui
2842 1900 3049 1957 animo
3092 1906 3327 1964 excelso
3357 1890 3512 1972 esset
3538 1921 3597 1974 et

1940 1977 2116 2049 elato,
2148 1979 2380 2052 prolata
2402 1982 2592 2040 fuisse
2621 1987 2832 2056 negari
2860 2004 2983 2044 non
3009 1993 3229 2063 possit:
3263 1999 3368 2055 sed
3390 2007 3595 2063 tamen

1938 2066 2037 2164 illi.
2066 2068 2204 2141 ipsi,
2255 2070 2305 2164 si
2341 2086 2468 2164 rem
2526 2074 2805 2131 attentius
2857 2079 3315 2151 considerarint,
3368 2093 3590 2164 statim,

1936 2157 2172 2229 opinor,
2203 2158 2700 2227 animadvertent,
2744 2164 2875 2222 haec
2920 2182 3051 2225 esse
3089 2173 3279 2232 verba
3322 2157 3589 2241 hominis

1935 2248 2267 2347 constantia
2285 2254 2479 2347 atque
2505 2251 2857 2347 fortitudine
2896 2273 3008 2315 sua
3037 2262 3427 2343 praeﬁdentis,
3458 2276 3590 2347 qui-

1930 2350 2051 2408 que
2074 2336 2395 2407 jactantior
2423 2339 2608 2397 videri
2656 2344 2861 2414 possit.
2911 2348 2977 2402 Et
3020 2353 3086 2405 ut
3123 2353 3336 2412 melius
3370 2336 3585 2421 intelli-

1930 2430 2080 2521 gant
2261 2426 2564 2521 longiuspa
2595 2431 2789 2521 Basilii
2817 2434 3115 2495 modestia
3130 2441 3362 2515 abesse,
3394 2464 3581 2521 quam

1930 2516 1995 2569 ut
2029 2513 2310 2609 ei-ll'ilJ-lll
2354 2517 2609 2590 possint,
2664 2520 2844 2578 velim
2881 2523 3193 2595 diligenter
3230 2513 3584 2609 comparent

1927 2618 2065 2675 quae
2094 2603 2191 2661 hic
2219 2605 2520 2680 dicuntur,
2549 2624 2689 2665 cum
2716 2610 2788 2666 iis
2813 2627 2951 2684 quin
2975 2615 3109 2673 aliis
3133 2618 3281 2678 locis
3310 2603 3488 2686 simili
3515 2631 3578 2689 in

1924 2694 2267 2793 rescripsit
2302 2696 2576 2793 Basilius.
2602 2701 3040 2793 Potestautem
3084 2705 3202 2780 legi
3248 2729 3321 2770 ea
3363 2721 3576 2793 oratio,

1926 2781 2023 2837 cui
2053 2781 2277 2854 titulus,
2327 2784 2557 2843 Contra
2588 2786 2967 2848 Sabellianos
3005 2800 3063 2851 et
3089 2799 3305 2858 Arium
3331 2812 3385 2861 et
3413 2781 3578 2867 Αηοί

1924 2886 2102 2970 mmo:
2128 2872 2303 2945 (a)-,,in
2318 2890 2444 2947 qua
2457 2875 2549 2931 vir
2563 2877 2954 2947 gravissimus
2975 2884 3289 2947 modestius
3304 2909 3429 2953 sua:
3447 2915 3577 2972 spe-

1924 2957 2146 3016 cimina
2195 2962 2481 3033 quaedam
2534 2964 2786 3037 reliquit.
2845 2972 2908 3026 ln
2946 2971 3063 3029 hac
3098 2974 3280 3047 igitur
3306 2957 3577 3045 oratidne

1926 3047 2178 3104 Basilius
2220 3051 2442 3122 pariter
2498 3057 2884 3126 conqueritur
2930 3059 3146 3121 instrui
3193 3068 3306 3124 sibi
3352 3073 3576 3132 calum.

1921 3135 2111 3208 niam,
2157 3138 2218 3194 in
2262 3139 2597 3214 eademque
2636 3145 2860 3215 pariter
2914 3150 3229 3220 proﬁtetur
3289 3159 3574 3232 Spiritum

1923 3231 2201 3325 sanctum
2219 3233 2555 3325 creaturam
2574 3247 2699 3288 non
2719 3249 2871 3304 csse,
2890 3251 3001 3294 nec
3018 3244 3217 3300 tamen
3237 3231 3574 3325 quidquam

1921 3315 1997 3372 de
2023 3332 2085 3409 se
2113 3317 2599 3409 magniﬁcentius
2634 3322 2940 3393 praedicat,
2974 3329 3079 3386 sed
3116 3315 3463 3409 simpliciter
3502 3359 3575 3401 ac

1921 3405 2195 3463 modeste
2222 3408 2304 3464 ita
2324 3407 2592 3501 loquitur
2628 3411 2708 3483 (b)
2739 3430 2753 3468 :
2803 3412 2957 3468 Ἀλλά
2993 3420 3093 3494 γὰρ
3124 3405 3287 3477 πάλαι
3312 3428 3413 3501 ὁρῶ
3444 3428 3576 3486 δυσ-

1921 3504 2345 3568 ανασχετοῦντας
2392 3497 2527 3571 ὑμᾶς
2583 3504 2713 3574 πρὸς
2760 3506 2848 3555 τόν
2893 3503 3062 3578 λόγον,
3116 3517 3206 3565 καὶ
3266 3497 3576 3594 μονονουγὶ-

1922 3581 2125 3637 ἀκούειν
2201 3583 2361 3652 δοκῶ,
2427 3589 2507 3640 ὃτι
2560 3595 2669 3651 τοῖς
2726 3591 3155 3668 ὁμολογουμένοις
3214 3581 3569 3682 ἐνδιατρὶϐιῖν,

1922 3680 2022 3725 τῶν
2071 3674 2506 3749 πολυθρυλλήτων
2562 3681 2875 3752 ζητημάτων
2947 3685 3054 3757 οὐχ
3124 3674 3573 3765 ἅπτομαι,-πᾱσά

1920 3763 2021 3835 γὰρ
2072 3761 2201 3822 ἀκοὴ
2257 3772 2345 3816 νῦν
2390 3769 2521 3840 πρὸς
2585 3773 2680 3826 τὴν
2755 3767 3007 3843 ἀκρόασιν
3073 3785 3176 3830 τῶν
3248 3761 3411 3856 λόγων
3471 3798 3574 3843 τῶν

1920 3855 2039 3924 περὶ
2115 3858 2208 3904 τοῦ
2283 3852 2434 3924 ἁγίου
2515 3857 2813 3929 Πνεύματος
2881 3859 3239 3936 (impiam-rm,
3314 3852 3446 3947 ἶεγὼ
3513 3876 3573 3933 δὲ

1921 3938 2153 4033 μάλιστα
2218 3941 2535 4033 ἠϐουλόμην,
2623 3948 2691 4009 ὡς
2775 3950 3064 4024 παρέλαϐον
3139 3938 3417 4031 ἁπλοϊκῶς,
3504 3971 3574 4033 ὡς

1923 4032 2205 4103 συνεθέμην
2279 4030 2715 4103 ἀνεπιτηδεύτως,
2811 4038 2947 4093 οὕτω
3034 4044 3390 4120 παραδιδόναι
3463 4030 3572 4122 τοῖς

1920 4116 2332 4173 ἀκούουσι.......
2378 4120 2589 4183 Ἐπειδὴ
2634 4122 2693 4178 δὲ
2720 4116 3282 4209 περιεστήκατεῇήμᾰς,
3320 4116 3572 4200 δικασταὲ

1921 4208 2113 4282 μᾶλλον
2165 4211 2195 4269 ἣ
2250 4213 2503 4283 μαθηταὶ,
2564 4215 2702 4287 ἡμᾶς
2760 4213 3051 4293 δοκιμάσαι
3105 4208 3431 4302 βουλόμενοι,
3480 4237 3574 4290 οὐκ

150 4311 736 4383 luissent,adversus
755 4320 850 4363 eos
868 4306 975 4376 qui
992 4303 1145 4359 talia
1165 4301 1510 4370 divulgant,
1533 4299 1809 4357 videlicet

1931 4299 2071 4363 aurci
2099 4318 2151 4352 τι
2179 4299 2353 4353 λαϐεῖν
2385 4300 2773 4371 ἐπιζητοῦντες,
2807 4304 3003 4381 ἀνάγκη
3037 4314 3177 4385 ἡμεῖς
3207 4299 3380 4374 ὥσπερ
3412 4322 3462 4375 ἐν
3494 4323 3576 4379 δι-

2141 4393 2149 4397 .
2265 4394 2272 4397 .
2357 4389 2365 4397 .
2459 4389 2473 4397 .
2568 4396 2574 4397 ,
3350 4379 3359 4397 .

150 4407 303 4476 quod
322 4414 603 4462 errorem
617 4402 871 4454 veterem
884 4391 1380 4449 instauravimus.
1402 4392 1467 4445 ln
1483 4403 1554 4445 eo
1566 4403 1811 4461 quoque

152 4496 313 4568 quod
336 4508 492 4551 mox
523 4486 874 4559 subjiciam,
895 4486 1125 4550 auctor,
1156 4479 1400 4554 quiquis
1439 4482 1545 4568 est,
1590 4476 1812 4568 longis-

150 4566 295 4641 sime
318 4579 611 4639 discessit
637 4592 674 4633 a
703 4570 1135 4632 consuetudine
1167 4568 1384 4638 Basilii,
1420 4567 1526 4640 qui
1564 4581 1688 4623 non
1729 4566 1813 4624 ita

146 4675 366 4731 acerbe
386 4673 453 4729 in
488 4682 637 4725 suos
665 4662 1041 4724 adversarios
1077 4658 1281 4717 invehi
1310 4657 1477 4714 solet.
1527 4655 1814 4713 Studebat

146 4766 231 4820 vir
254 4758 772 4822 humanissimus,
789 4767 913 4809 non
931 4750 1218 4807 insultare
1239 4762 1384 4803 suos
1406 4748 1811 4810 accusatores,

150 4854 249 4910 sed
292 4868 407 4909 eos
446 4848 534 4907 ad
578 4842 854 4903 veritatis
900 4836 1305 4909 cognitionem
1358 4834 1681 4892 adducere.
1731 4835 1812 4889 Eo

153 4950 370 5014 autem,
400 4952 596 5015 quem
626 4935 788 5005 dico,
817 4932 953 4988 loco
979 4929 1063 4985 ita
1092 4928 1380 5015 scriptum
1407 4924 1730 4982 invenitur:
1753 4927 1814 4976 Τί

534 5031 765 5081 σεαυτοῦ
792 5027 891 5080 τὴν
924 5018 1195 5092 ἐπήρειανς
1233 5011 1434 5089 Ψιύὸῃ,
1468 5017 1808 5089 κατηραμένε,

397 5127 528 5197 παρ’
628 5119 754 5189 ἡμῖν
853 5118 994 5186 τρεῖς
1087 5110 1231 5169 θεοὺς
1351 5103 1812 5176 καταγγελλεσθαι.

160 5192 305 5280 Quid
325 5192 602 5270 occultas
632 5212 803 5262 tuam
839 5200 1031 5272 ipsius
1070 5194 1480 5254 calumniam?
1511 5192 1809 5265 Mentiris,

164 5298 648 5364 recrea-mide,
687 5306 828 5351 cum
867 5286 960 5346 ais
989 5287 1124 5344 deos
1152 5292 1270 5342 tres
1308 5298 1347 5341 a
1388 5283 1559 5339 nobis
1590 5282 1817 5352 praedi-

163 5396 296 5450 at.
338 5397 425 5451 ita
470 5392 689 5449 auctor
734 5375 1141 5456 persequitur.
1182 5379 1274 5427 καὶ
1318 5373 1379 5426 οὐ
1424 5371 1587 5444 λιγεις
1624 5370 1683 5424 ἐκ
1720 5378 1813 5426 τοῦ

249 5574 326 5646 (α)
360 5574 530 5630 Tom.
567 5569 640 5639 Il,
664 5563 841 5623 hom.
876 5558 968 5615 24.

1920 4393 2191 4462 καστηρίῳ
2219 4394 2313 4448 τὴν
2342 4389 2639 4463 ἀντιλογίαν
2665 4400 3045 4467 προτεινεσθαι,
3078 4408 3168 4456 καὶ
3202 4404 3282 4460 ἀεὶ
3317 4389 3408 4483 μὲν
3453 4412 3576 4469 ἀνα-

1920 4476 2206 4550 κρίνεσθαι,
2235 4476 2311 4529 ἀεὶ
2351 4474 2411 4531 δε
2444 4477 2603 4550 λέγειν
2642 4478 2678 4532 ἃ
2712 4484 3119 4562 παρειλήφαμεν.
3173 4495 3297 4554 Sed
3317 4474 3576 4570 'jamdiu

1918 4579 2247 4622 sermonem
2295 4570 2570 4624 nostrum
2613 4570 2857 4629 moleste
2906 4577 3073 4644 ferre
3126 4596 3228 4639 vos
3276 4589 3468 4655 video,
3520 4598 3579 4650 et

1924 4658 2162 4711 tantum
2190 4670 2312 4711 non
2336 4655 2552 4713 audire
2568 4672 2664 4714 me
2688 4667 2857 4729 puto,
2880 4667 3043 4735 quod
3060 4674 3343 4742 confessis
3373 4680 3579 4739 immo-

1923 4744 2472 4838 rans,_qutestiones
2510 4747 2690 4804 valde
2716 4749 3070 4812 decantatas
3108 4776 3229 4818 non
3253 4767 3576 4838 attingam.

1926 4833 2200 4889 Omnium
2229 4836 2385 4890 enim
2415 4849 2593 4892 aures
2613 4846 2866 4897 arrectae
2886 4858 3049 4902 nunc
3075 4857 3239 4920 sunt,
3271 4860 3337 4909 ut
3359 4833 3433 4913 de
3447 4858 3581 4928 Spi-

1924 4924 2048 4979 ritu
2085 4928 2294 4979 sancto
2318 4925 2554 4995 aliquid
2579 4927 2857 4985 audiant.
2890 4932 3019 5004 Ego
3066 4952 3203 4995 vero
3243 4945 3418 5001 velim
3447 4924 3579 5006 ma-

1922 5013 2104 5081 xime,
2149 5015 2304 5069 sicut
2335 5014 2627 5071 traditum
2671 5018 3026 5087 simpliciter
3053 5031 3278 5098 accepi,
3308 5035 3461 5092 sicut
3491 5039 3580 5097 in-

1924 5115 2116 5171 genue
2140 5107 2193 5157 et
2217 5102 2475 5160 candide
2508 5119 2780 5163 assensus
2807 5124 2958 5175 sum,
2990 5113 3079 5169 sic
3106 5120 3163 5170 et
3199 5120 3583 5186 auditoribus

1927 5190 2305 5247 tradere......
2343 5192 2639 5259 Quoniam
2668 5202 2866 5253 autem
2897 5200 3303 5264 circumstatis
3332 5219 3582 5287 nos,ju-

1926 5282 2086 5339 dices
2110 5282 2303 5352 magis
2333 5297 2513 5355 quam
2545 5285 2846 5359 discipuli,
2878 5291 2986 5359 qui
3017 5294 3281 5360 probare
3329 5282 3455 5362 nos
3475 5282 3588 5366 γυρ-

1927 5371 2072 5440 litis,
2098 5385 2222 5428 non
2251 5375 2450 5428 autem
2488 5371 2819 5444 quidquam
2865 5377 3096 5441 discere
3126 5394 3440 5464 quaeratis,
3483 5414 3586 5458 ne-

2026 5547 2107 5620 (b)
2137 5548 2402 5614 Num.,b,
2434 5560 2499 5619 p.
2533 5551 2671 5605 £93.
