4058 6192
472 270 542 325 47
1974 258 2128 313 ΡΗΕ

2237 257 2359 313 l‘lO.
3807 244 3873 301 48

475 409 629 452 cesse
646 392 816 450 nobis
846 396 929 447 est
956 390 1116 447 velut
1145 388 1210 443 in
1225 384 1462 458 judicio
1491 384 1565 440 iis
1592 397 1727 455 qua:
1751 381 2125 452 objiciuntur
2153 392 2200 446 Α
2230 381 2385 437 duas
2416 380 2529 436 has
2554 379 2854 436 orationes
2877 376 3192 449 diligenter
3212 372 3424 447 legerit
3438 373 3608 444 (tom.
3624 373 3693 438 ιι,
3715 368 3867 426 hom.

474 484 853 555 respondere,
882 493 1228 550 semperque
1251 475 1643 546 interrogari,
1664 479 1718 530 et
1743 488 1973 542 semper
1989 487 2125 543 quae

475 575 810 645 accepimus
839 573 1056 628 dicere.
1090 566 1375 639 Ejusdem
1402 563 1711 620 modestiae
1749 560 2027 635 exempla
2061 564 2126 616 ut

473 668 536 723 in
567 666 679 722 hac
699 663 993 729 oratione,
1020 660 1103 716 ita
1131 659 1342 715 multis
1371 655 1501 712 aliis
1524 653 1672 710 locis
1702 653 1919 726 cuique
1958 650 2126 723 apud

473 753 921 813 sanctissimum
951 752 1181 806 Patrem
1210 745 1413 802 videre
1436 744 1590 800 licet.
1619 744 1811 808 Quare
1837 740 1981 797 mihi
2000 739 2127 812 qui-

471 846 613 902 dem
650 838 1177 917 persuasissimum
1210 838 1298 892 est
1333 834 1417 891 ita
1441 832 1721 889 affectum
1746 830 1928 887 fuisse
1970 828 2124 885 Basi-

466 937 637 1004 lium,
672 938 735 989 ut
763 933 1060 989 tormenta
1082 926 1290 983 omnia
1319 924 1577 998 perferre
1603 926 1851 994 paratus
1870 923 2025 976 esset
2043 918 2124 975 ad

467 1021 913 1084 defendendam
936 1016 1188 1091 Spiritus
1211 1012 1400 1071 sancti
1423 1011 1828 1069 divinitatem:
1864 1008 1971 1065 sed
1999 1022 2123 1064 non

465 1113 637 1171 facile
666 1109 956 1177 adducar,
1000 1109 1066 1162 ut
1108 1104 1357 1162 credam
1382 1099 1893 1158 modestissimum
1923 1097 2122 1153 virum

462 1203 607 1260 talia
636 1198 843 1273 qualia
871 1194 1236 1257 audivimus,
1267 1191 1342 1247 de
1381 1190 1580 1262 seipso
1609 1186 2121 1273 jactantius‘pree-

460 1264 715 1350 dicasse.
764 1291 1055 1344 Praeterea
1108 1283 1260 1340 inter
1304 1284 1549 1338 caeteras
1602 1277 1829 1349 ingenii
1883 1264 2117 1344 laudes,

458 1396 614 1456 quas
634 1376 1019 1436 doctissimus
1048 1373 1137 1429 vir
1175 1375 1458 1428 Erasmus
1489 1367 1705 1425 Basilio
1734 1366 1959 1433 tribuit,
1990 1364 2120 1421 haec

457 1453 703 1545 quoque
726 1463 1040 1538 reperitur,
1066 1462 1268 1535 ipsum
1302 1458 1743 1531 Scripturarum
1772 1453 2119 1511 testimonia

456 1549 583 1612 tam
612 1558 905 1612 concinne
936 1551 1267 1608 admiscere
1289 1545 1546 1605 orationi
1575 1561 1722 1616 suae,
1750 1548 1817 1600 ut
1845 1557 2117 1615 gemmas

452 1660 737 1719 purpura:
766 1658 894 1699 non
930 1644 1188 1712 assutas,
1233 1637 1340 1694 sed
1381 1636 1467 1693 ibi
1510 1638 1687 1692 natas
1722 1633 1919 1689 dicas:
1969 1646 2117 1704 quo-

2231 472 2342 536 24).
2370 469 2562 526 Velim
2588 473 2789 525 autem
2807 466 3060 524 studiosi
3083 465 3396 523 attendant
3419 462 3681 519 maxime
3700 459 3778 517 ad
3793 460 3870 516 in-

2231 558 2427 628 signia
2454 557 2736 630 quaedam
2766 556 2923 623 loca,
2941 571 3078 628 quae
3107 554 3204 610 hic
3233 566 3539 626 apponere
3568 564 3694 606 non
3726 547 3873 621 pige—

2231 647 2336 703 bit.
2369 646 2621 704 Basilius
2644 645 2824 725 igitur
2852 644 2936 701 sic
2960 644 3224 716 loquitur
3255 648 3411 715 (pag.
3458 644 3552 697 191
3598 643 3664 725 et
3694 636 3869 710 seq.):

2232 740 2374 794 Δεινὴ
2406 739 2505 810 γὰρ
2536 723 2874 807 ἀγνωμοσύνη
2907 738 2978 806 μὴ
3026 728 3422 802 καταδέχεσθαι
3463 732 3529 781 τὰ
3576 723 3873 799 διδάγματα

2229 832 2321 878 τοῦ
2354 831 2564 898 Κυρίου,
2589 824 2828 899 εὐκρινῶς
2860 820 2895 875 δ
2900 830 3170 883 ιιστῶντος
3201 823 3325 893 ἡμῖν
3349 826 3448 871 τῶν
3473 823 3765 892 προσώπων
3792 820 3872 874 τὴν

2231 913 2527 988 ἑτερότητα.
2609 915 2725 966 Ἐὰν
2801 915 2900 985 γὰρ
2988 910 3212 975 ἀπέλθω,
3294 913 3447 982 φησὶ,
3535 905 3872 981 παρακαλέσω

2227 1007 2315 1056 τόν
2390 1007 2618 1078 Πατέρα,
2686 1006 2777 1054 καὶ
2859 1000 3012 1053 ἄλλον
3069 998 3264 1073 πέμψει
3337 994 3676 1071 Παράκλητον
3736 996 3865 1068 ὑμῖν.

2229 1092 2431 1145 Οὐκοῦν
2478 1096 2597 1154 Υιός
2627 1094 2718 1165 μὲν
2756 1092 2782 1142 6
2827 1088 3161 1164 παρακαλῶν,
3219 1090 3401 1160 Πατὴρ
3451 1082 3510 1139 δὲ
3576 1086 3602 1136 6
3646 1102 3872 1159 παρακα-

2226 1175 2490 1251 λούμενος,
2564 1163 2909 1250 Παράκλητος
2949 1171 3009 1227 δε
3054 1175 3080 1225 6
3123 1170 3584 1244 instaurandum“.
3633 1169 3750 1243 Ἆρ’
3789 1163 3872 1220 οὖν

2227 1267 2286 1319 οὗ
2331 1275 2557 1342 φανερῶς
2604 1264 2971 1337 ἆναισχυντεῖς
3015 1260 3236 1328 ἁκούων,
3284 1261 3383 1333 ἐγὼ
3430 1264 3550 1334 περὶ
3597 1266 3691 1311 τοῦ
3734 1264 3872 1326 Troia,

2227 1356 2415 1419 ἐκεῖνος
2438 1353 2497 1410 δὲ
2521 1360 2637 1430 περὶ
2666 1363 2757 1409 τοῦ
2791 1358 3015 1428 Πατρός,
3069 1351 3222 1414 ἄλλος
3267 1351 3386 1425 περῖ
3441 1358 3534 1403 τοῦ
3585 1356 3871 1422 Πνενματος

2225 1454 2318 1500 τοῦ
2364 1447 2536 1520 ἁγίου,
2591 1450 2683 1499 καὶ
2739 1447 2910 1498 πάντα
2950 1446 3120 1517 φύρων
3373 1444 3476 1494 Καὶ
3513 1444 3585 1513 μή
3617 1458 3709 1513 μοι
3738 1455 3871 1511 περι-

2228 1534 2534 1612 δραμόντες,
2579 1538 2695 1589 ὅσοι
2742 1536 2772 1594 ἣ
2821 1540 2892 1607 μὴ
2934 1532 3135 1595 τελείως
3176 1539 3286 1594 τοῖς
3324 1530 3616 1603 λεγομένοις
3663 1527 3870 1587 ἠκολου-

2229 1629 2440 1696 θήσατε,
2490 1626 2520 1684 ἢ
2566 1629 2695 1699 πρὸς
2752 1624 2995 1698 ἐπήρειαν
3055 1625 3195 1695 ἡμᾶς
3240 1625 3635 1695 περιεστήκατε,
3682 1619 3741 1671 οὐ
3789 1618 3875 1671 λα-

453 1707 637 1793 ἶῐιοάο
665 1748 809 1803 ergo
836 1707 1206 1804 ineptissime
1235 1726 1384 1784 illud
1410 1721 1679 1792 Joannis,
1715 1723 1864 1779 Cum
1890 1722 2115 1779 venerit

2237 1715 2332 1769 ξεῖν
2390 1735 2440 1769 τι
2491 1716 2616 1789 παρ’
2672 1717 2819 1787 ἡμῶν
2880 1712 3133 1786 ὠφέλιμον
3177 1710 3563 1774 ἐπιζητοῦντες,
3621 1707 3750 1761 ἀλλὰ
3792 1708 3876 1760 λα-

460 1824 841 1887 Paracletus,
868 1820 952 1877 ita
999 1819 1254 1885 citasset,
1304 1823 1462 1868 Ὅταν
1500 1813 1620 1887 ἔλθῃ
1671 1815 1697 1865 ὁ
1746 1810 2114 1881 Παράκλητος,

452 1922 540 1967 νῦν
566 1913 952 1985 ἀνεγινώσκετο.
984 1912 1050 1961 Σὺ
1082 1904 1204 1960 δέ...
1237 1905 1383 1962 Cum
1411 1904 1642 1961 venerit
1662 1902 2026 1960 Paracletus
2046 1901 2114 1968 ιδ,

451 2020 617 2061 nunc
640 2002 966 2075 legebatur.
988 2000 1075 2055 Tu
1099 2012 1260 2066 vero,
1287 2000 1402 2052 etc.
1441 1994 1539 2051 Vir
1558 1992 1777 2065 aliquis
1799 1990 2117 2064 imperitus

456 2094 827 2167 Scripturam
886 2089 970 2145 ita
1021 2090 1384 2160 praepostere
1451 2083 1633 2139 citare
1700 2080 1915 2154 potuit,
1991 2094 2115 2134 non

451 2199 714 2256 magnus
755 2180 851 2237 ille
888 2177 1166 2246 Basilius,
1205 2174 1311 2248 qui
1340 2173 1661 2246 Scripturae
1691 2170 1879 2227 verba
1917 2168 2115 2256 aptius

450 2255 650 2331 locare
697 2269 928 2343 optime
984 2269 1256 2322 noverat.
1313 2265 1431 2318 Nec
1477 2260 1625 2317 illud
1667 2259 1962 2325 omittam,
2009 2255 2116 2312 ubi

451 2362 638 2437 paulo
662 2363 799 2433 post
826 2356 1041 2427 legitur
1067 2355 1227 2427 (pag.
1249 2349 1742 2423 611);Ὥ.σπερούκ
1768 2350 1840 2401 ἔνι
1872 2349 2115 2418 σῠναγέν-

453 2472 606 2513 νητος
646 2452 775 2511 Θεὸς
815 2449 1004 2521 ἔτερος,
1054 2444 1241 2510 οὕτως,
1296 2445 1407 2497 etc.
1450 2441 1623 2497 Sicut
1666 2453 1785 2494 non
1829 2442 1914 2494 est
1959 2438 2114 2492 Deus

454 2543 634 2607 alter,
664 2540 773 2611 qui
796 2550 1028 2610 quoque
1058 2546 1183 2589 una
1209 2546 1345 2587 cum
1372 2531 1500 2598 ipso
1538 2530 1614 2584 sit
1641 2527 1966 2598 ingenitus,
2004 2526 2113 2590 ita,

455 2636 592 2700 etc.,
642 2629 729 2685 ibi
774 2624 947 2684 mihil
986 2621 1175 2679 videri
1218 2618 1520 2676 exoticum
1562 2616 1856 2690 quiddam
1893 2614 2113 2671 inesse.

458 2720 708 2777 Basilius
732 2717 897 2774 enim
931 2716 1003 2767 ἔνι
1048 2727 1160 2785 pro
1193 2710 1309 2762 ἐστί
1337 2707 1423 2764 uti
1451 2722 1576 2763 non
1624 2706 1793 2762 solet.
1846 2705 2019 2771 Quod
2069 2703 2118 2759 si

460 2808 725 2883 cuipiam
751 2822 823 2862 ex
847 2819 962 2861 suo
993 2816 1175 2858 sensu
1211 2799 1286 2855 de
1328 2797 1457 2854 aliis
1489 2796 1764 2868 judicare
1812 2796 1903 2852 fas
1942 2799 2116 2864 esset,

462 2895 873 2957 testimonium
898 2891 1064 2965 quod
1093 2887 1397 2963 proferam
1415 2885 1509 2943 vel
1530 2885 1777 2941 unicum
1800 2884 1943 2941 satis
1966 2900 2121 2952 esset

466 2989 546 3047 ad
567 2989 726 3044 hanc
754 2982 1088 3041 orationem
1116 2976 1583 3052 repudiandum.
1612 2980 1666 3031 1s
1694 2981 1917 3045 autem,
1937 2989 2121 3047 quem

2228 1804 2411 1858 ϐέσθαι
2479 1807 2616 1866 τινὸς
2695 1811 2796 1856 τῶν
2856 1802 3139 1875 λεγομένων
3218 1799 3602 1874 ἐπιτηροῦντες,
3676 1802 3871 1855 εἴπητε·

2228 1891 2324 1947 δύο
2366 1896 2511 1956 θεοὺς
2556 1896 2839 1968 κηρύσσει.
2860 1935 2873 1947 .
2895 1934 2908 1948 .
2931 1934 2945 1949 .
2966 1934 2980 1947 .
3003 1933 3016 1947 .
3039 1934 3051 1947 .
3117 1887 3329 1948 Ἐπειδὴ
3391 1886 3449 1943 δε
3504 1894 3874 1964 περιεστήκατε
3922 1896 3931 1899 i

2225 1986 2383 2057 ἡμᾶς,
2434 1981 2685 2037 δικασταὶ
2749 1982 2942 2056 μᾶλλον
2999 1981 3029 2041 ἢ
3089 1983 3343 2055 μαθηταὶ,
3399 1983 3537 2053 ἡμᾶς
3585 1975 3871 2052 δοκιμάσαι

2226 2072 2552 2146 βουλόμενοι,
2598 2073 2692 2125 οὐκ
2724 2073 2876 2125 αὐτοί
2919 2092 2971 2124 τι
3009 2070 3181 2124 λαϐεῖν
3230 2071 3621 2132 ἐπιζητοῦντες.
3643 2111 3657 2125 .
3679 2110 3692 2124 .
3714 2110 3727 2124 .
3751 2110 3765 2123 .
3808 2069 3874 2119 Οἱ

2226 2158 2285 2215 δε
2313 2165 2632 2236 χωρίζοντες
2662 2164 2865 2236 Πατρός
2900 2164 2988 2213 καὶ
3012 2167 3156 2224 Υιοῦ,
3189 2164 3279 2212 καὶ
3337 2167 3400 2231 τῇ
3449 2162 3617 2211 κτίσει
3665 2176 3876 2230 συναρι-

2222 2252 2471 2329 θμοῦντες
2511 2254 2570 2303 τό
2604 2257 2809 2323 Ηνεῡμα
2855 2248 3027 2310 ἀτελὲς
3072 2250 3162 2321 μὲν
3210 2255 3424 2301 ποιοῦσι
3463 2250 3522 2299 τό
3574 2245 3874 2319 βάπτισμα,

2224 2338 2402 2398 ἐλλιπῆ
2481 2336 2542 2392 δε
2616 2344 2704 2398 τὴν
2778 2338 3047 2412 όμιλογίαν
3129 2347 3223 2399 τῆς
3304 2340 3666 2399 πίστεως....
3726 2334 3878 2387 Οὕτω

2224 2431 2312 2501 μεν
2339 2427 2426 2480 οὖν
2465 2430 2582 2481 οὔτε
2611 2435 2902 2500 καινοτομῶ
2940 2428 3169 2500 ῥήματα,
3200 2426 3318 2478 οὔτε
3356 2423 3523 2478 ἀθετῶ
3573 2428 3669 2482 τὴν
3707 2421 3878 2486 ἀξίαν

2223 2522 2345 2580 τοὺς
2373 2514 2432 2570 δὲ
2469 2517 2764 2591 τολμῶντας
2795 2522 2993 2589 κτίσμα
3032 2518 3457 2590 προσαγορεύειν,
3509 2516 3739 2578 στενάζω
3786 2518 3877 2567 καὶ

2226 2603 2510 2679 οδύρομαι.
2566 2607 2726 2662 Nam
2767 2606 2978 2677 ingens
3006 2605 3359 2674 improbitas
3387 2610 3492 2676 est,
3536 2620 3658 2661 non
3697 2605 3879 2660 susci-

2226 2709 2368 2763 pere
2386 2695 2739 2752 documenta
2757 2694 3016 2757 Domini,
3041 2695 3146 2766 qui
3173 2693 3341 2750 nobis
3355 2694 3672 2764 perspicue
3689 2694 3876 2751 aliam

2222 2799 2544 2855 personam
2574 2784 2650 2841 ab
2697 2785 2824 2841 alia
2872 2784 3214 2854 distinguit.
3270 2805 3299 2833 ‹‹
3329 2782 3396 2839 Si
3448 2784 3604 2840 enim
3653 2783 3880 2853 abiero,

2228 2876 2449 2946 inquit,
2475 2874 2699 2945 rogabo
2736 2874 3004 2940 Patrem,
3027 2879 3086 2930 et
3104 2873 3296 2930 alium
3325 2873 3716 2930 Paracletum
3741 2873 3884 2928 mit-

2232 2969 2313 3020 tet
2341 2963 2505 3019 vobis
2528 2964 2597 3022 1⁸.
2631 2985 2660 3013 ››
2710 2962 2924 3034 Itaque
2949 2962 3147 3018 Filius
3175 2967 3262 3018 est
3303 2962 3410 3033 qui
3449 2967 3648 3032 rogat,
3697 2963 3889 3019 Pater

466 3080 602 3137 dico
629 3077 801 3133 locus
831 3068 1132 3144 ejusmodi
1155 3049 1244 3124 est
1275 3065 1507 3138 (ibid):
1554 3064 1662 3118 Λιὰ
1698 3069 1756 3117 τὸ
1787 3073 1939 3137 σῶμα
1975 3062 2124 3116 ἔλαϐε
2162 3049 2202 3105 C
2232 3058 2318 3110 est
2361 3055 2467 3125 qui
2506 3057 2783 3124 rogatur,
2831 3053 3188 3109 Paractetus
3226 3066 3385 3120 vero,
3445 3054 3550 3125 qui
3602 3052 3888 3108 mittitur,

467 3175 614 3243 νέφος
650 3171 710 3219 τό
743 3173 897 3237 σῶμα
923 3164 948 3214 6
988 3165 1178 3231 Λόγος,
1222 3158 1304 3210 ἱνα
1331 3161 1401 3231 μὴ
1435 3155 1723 3229 καταφλέξῃ
1767 3157 1832 3207 τὰ
1870 3157 2121 3228 ὁρώμενα.

470 3262 736 3328 Propter
772 3266 990 3322 corpus
1036 3248 1290 3305 Verbum
1334 3247 1551 3303 nubem
1600 3245 1943 3314 assumpsit,
1995 3260 2124 3300 cor-

2232 3145 2446 3201 Nonne
2497 3158 2639 3214 ergo
2685 3148 2890 3213 aperte
2940 3141 3257 3211 impudens
3314 3157 3391 3213 es,
3442 3142 3549 3213 qui
3602 3158 3737 3199 cum
3782 3157 3895 3198 au-

2235 3234 2389 3303 dias,
2420 3249 2526 3304 ego
2556 3233 2630 3290 de
2655 3233 2837 3302 Filio,
2887 3232 2994 3288 ille
3036 3232 3109 3287 de
3132 3232 3340 3300 Patre,
3365 3232 3525 3288 alius
3551 3233 3627 3289 de
3652 3232 3898 3302 Spiritu

2236 3332 2464 3394 sancto,
2491 3327 2699 3381 misces
2727 3330 2927 3381 tamen
2947 3324 3214 3381 omnia7.
3236 3366 3249 3380 .
3272 3367 3321 3380 ..
3372 3324 3455 3379 Et
3505 3324 3675 3393 mihi,
3719 3330 3901 3396 quot-

2241 3421 2384 3488 quot
2414 3420 2522 3471 aut
2549 3430 2669 3470 non
2684 3414 2954 3483 perfecte
2977 3412 3146 3470 dicta
3175 3414 3438 3470 assecuti
3459 3414 3618 3483 estis,
3657 3420 3768 3470 aut
3793 3429 3902 3471 ca-

2245 3504 2589 3561 lumniandi
2611 3518 2795 3560 causa
2822 3518 2930 3558 nos
2960 3504 3381 3569 circumstatis,
3410 3519 3533 3560 non
3561 3510 3905 3575 quaerentes

470 3362 587 3418 pus
616 3344 911 3403 videlicet,
938 3354 1014 3395 ne
1059 3352 1156 3393 res
1204 3334 1465 3391 visibiles
1506 3332 1900 3389 combureret.
1948 3330 2129 3387 Pauci

476 3450 645 3506 sane,
668 3432 716 3488 si
731 3429 1043 3504 publicam
1066 3424 1402 3481 orationem
1423 3421 1501 3478 ad
1512 3420 1805 3495 populum
1818 3420 2128 3490 haberent,

478 3526 562 3583 ita
582 3521 753 3596 loqui
780 3518 1014 3582 vellent,
1048 3512 1141 3568 διόι
1170 3517 1228 3565 τὸ
1261 3520 1414 3585 σῶμα
1449 3509 1596 3563 ἔλαϐε
1623 3513 1769 3583 νέφος
1817 3513 1875 3562 τό
1915 3518 2066 3582 σῶμα
2106 3510 2131 3560 ό

482 3618 672 3685 Λόγος,
696 3623 879 3667 causa
900 3605 1191 3676 corporis,
1244 3602 1496 3659 Verbum
1535 3600 1748 3657 nubem
1786 3596 2133 3667 assumpsit,

483 3684 703 3773 corpus
723 3697 1022 3760 videlicet,
1047 3710 1182 3750 cum
1208 3692 1269 3748 in
1286 3691 1380 3747 his
1396 3689 1594 3746 verbis
1618 3688 1758 3745 insit
1774 3686 2012 3759 mystici
2028 3684 2134 3741 ali-

481 3792 655 3866 quid,
682 3787 852 3863 quod
887 3783 1219 3842 oratorium
1248 3779 1488 3837 dicendi
1517 3794 1710 3850 genus
1739 3792 1864 3832 non
1893 3775 2135 3831 deceat:

486 3865 595 3937 Sed
622 3877 847 3945 nullus,
876 3874 995 3930 nisi
1008 3872 1184 3928 valde
1206 3870 1402 3933 fallor,
1434 3869 1727 3924 hactenus
1752 3865 1920 3929 dixit,
1943 3878 2139 3937 neque

488 3968 642 4026 serio
689 3967 752 4022 in
787 3968 1100 4037 posterum
1148 3959 1323 4026 dicet,
1373 3957 1510 4013 ideo
1551 3971 1773 4028 corpus
1815 3970 1852 4010 a
1887 3952 2140 4008 Domino

492 4060 875 4129 assumptum
904 4051 1106 4117 fuisse,
1135 4063 1211 4104 ne
1237 4063 1333 4103 res
1362 4044 1622 4101 visibiles
1653 4042 2050 4099 combureret.
2077 4042 2144 4096 Et

490 4163 634 4205 vero
663 4140 964 4217 ejusmodi
990 4134 1424 4196 lncarnationis
1451 4148 1642 4190 causa
1670 4131 1816 4187 mihi
1844 4129 2079 4187 videtur
2108 4145 2145 4186 a

494 4233 804 4293 communi
831 4229 1149 4287 hominum
1178 4240 1360 4281 sensu
1380 4227 1504 4279 tam
1524 4220 1739 4288 aliena,
1762 4224 1827 4276 ut
1842 4235 1978 4276 eam
1997 4217 2147 4274 nulli

2242 3599 2309 3648 ut
2336 3608 2411 3649 ea:
2438 3592 2605 3648 nobis
2642 3591 2881 3663 aliquid
2922 3592 3178 3661 capiatis
3205 3592 3608 3662 emolumenti,
3646 3592 3751 3649 sed
3794 3592 3908 3648 ob-

2244 3687 2550 3739 servantes
2578 3685 2648 3736 ut
2667 3681 2903 3752 aliquid
2920 3696 3125 3738 eorum
3155 3696 3290 3753 qua?
3321 3680 3576 3738 dicimus
3605 3683 3906 3752 carpatis,

2247 3788 2322 3828 ne
2396 3772 2942 3828 circumcursantes
3014 3770 3320 3828 dixeritis:
3386 3772 3695 3830 Prcedicat
3761 3773 3910 3829 deos

2249 3861 2515 3918 duos.....
2543 3861 2834 3928 Quoniam
2860 3865 3054 3916 autem
3081 3860 3484 3917 circumstatis
3513 3876 3640 3931 nos,
3661 3862 3915 3932 judice:

2249 3950 2441 4020 magis
2483 3964 2664 4021 quam
2714 3948 3017 4017 discipuli,
3067 3948 3173 4020 qui
3219 3948 3479 4019 probare
3518 3966 3625 4007 nos
3682 3951 3915 4020 vetitis,

2221 4025 2372 4094 ‘non
2427 4044 2627 4095 autem
2667 4038 2996 4110 quidquam
3053 4038 3282 4096 discere
3324 4041 3727 4111 quaeratis"...
3792 4041 3922 4109 Qui

2253 4130 2410 4185 enim
2436 4133 2726 4199 separant
2749 4144 2787 4185 a
2817 4128 3005 4186 Patre
3027 4134 3083 4186 et
3105 4129 3288 4199 Filio,
3321 4132 3377 4186 et
3403 4130 3566 4187 inter
3593 4135 3924 4190 creaturas

2254 4225 2581 4275 numerant
2606 4218 2926 4288 Spiritum,
2957 4224 3023 4274 ut
3058 4218 3418 4289 baptismum
3465 4220 3932 4292 imperfectum,

495 4324 664 4382 alteri
692 4335 963 4394 unquam
989 4318 1052 4373 in
1078 4317 1343 4372 mentem
1366 4311 1604 4368 venisse
1640 4314 1871 4383 putem.
1914 4308 2050 4378 Sed,
2084 4310 2149 4364 ut
2178 4320 2221 4373 1)
2256 4309 2345 4364 ita
2369 4309 2615 4377 faciunt
2644 4298 3079 4378 confessionem
3102 4308 3250 4378 ﬁdei
3278 4309 3787 4380 imperfectam...
3820 4311 3936 4370 Sic

497 4430 661 4472 nunc
688 4414 763 4469 de
793 4408 1022 4467 caeteris
1041 4410 1293 4473 taceam,
1308 4402 1608 4461 afﬁrmare
1629 4399 1824 4457 ausim
1843 4397 2145 4467 Basiliam,

498 4505 808 4564 hominem
824 4498 1113 4557 acerrimo
1130 4494 1357 4566 judicio
1369 4491 1689 4567 praeditum
1698 4533 1712 4559 ,
1727 4489 1802 4545 de
1815 4494 1937 4546 tam
1948 4488 2152 4562 inepta

497 4598 731 4656 ratione
759 4608 834 4649 ne
871 4604 979 4664 per
1015 4585 1324 4643 somnium
1367 4581 1614 4655 quidem
1651 4579 1967 4651 cogitasse.
2011 4581 2150 4635 For-

503 4696 659 4748 tasse
704 4687 911 4743 auctor
938 4678 1209 4745 timebat,
1252 4691 1330 4732 ne
1375 4673 1631 4729 Verbum
1674 4674 1985 4737 aeternum,
2034 4668 2153 4726 nisi

502 4766 778 4837 indueret
821 4785 1087 4832 carnem,
1137 4770 1331 4823 totum
1368 4768 1665 4820 terrarum
1721 4759 1931 4817 orbem
1969 4759 2152 4816 Phae-

504 4867 730 4928 thontis
760 4858 1037 4933 exemplo
1065 4855 1498 4913 concremaret.

577 4964 667 5016 21.
708 4952 973 5012 Arbitror
999 4947 1178 5019 igitur
1215 4944 1373 5000 hanc
1417 4940 1769 4998 concionem
1801 4937 1998 4996 Basilii
2030 4952 2155 4994 non

509 5065 672 5107 esse:
704 5042 812 5101 sed
839 5038 1112 5110 alicujus,
1158 5033 1262 5107 qui
1289 5048 1430 5089 eum
1460 5030 1682 5087 imitari
1716 5022 1987 5085 voluerit.
2020 5027 2155 5084 Mihi

512 5140 672 5196 enim
716 5128 1036 5191 verisimile
1059 5126 1127 5183 ﬁt
1154 5124 1284 5196 ejus
1323 5125 1650 5183 auctorem,
1683 5118 2030 5191 quicunque
2057 5116 2156 5172 ille

510 5227 640 5295 fuit,
673 5224 791 5280 sibi
818 5215 1179 5278 imitandam
1207 5211 1602 5288 proposuisse
1629 5206 1964 5265 orationem
1995 5221 2152 5270 eam,

510 5332 649 5390 qua:
676 5310 1041 5380 inscribitur,
1062 5308 1291 5365 Contra
1311 5301 1713 5390 Sabellianos,
1741 5302 1797 5355 et
1837 5297 2054 5353 Arium
2098 5300 2156 5390 et

511 5382 860 5464 Ᾰηοηιωοεε
901 5414 1027 5472 qua
1054 5396 1129 5454 de
1157 5411 1221 5454 re
1247 5393 1346 5451 vix
1369 5389 1784 5449 dubitaturum
1831 5390 1999 5460 puto,
2049 5382 2156 5456 qui

616 5583 666 5663 ξε
705 5583 878 5641 Joan.
908 5594 1001 5652 xv,
1035 5580 1122 5635 '26.
1201 5576 1248 5612 ¹⁶
1285 5576 1455 5633 Joan.
1487 5586 1603 5642 xxv,
1639 5568 1727 5632 16.

2256 4398 2450 4468 igitur
2492 4412 2682 4468 neque
2730 4412 2862 4453 sum
2911 4397 3228 4461 verborum
3283 4398 3674 4471 architectus,
3726 4416 3939 4472 neque

2257 4489 2633 4558 majestatem
2658 4487 2920 4559 Spiritus
2948 4487 3202 4557 reprobo
3231 4502 3253 4542 .'
3299 4487 3406 4544 sed
3432 4503 3526 4546 eos
3552 4491 3658 4562 qui
3683 4497 3940 4549 creatu-

2257 4591 2392 4634 ram
2416 4577 2730 4646 appellarc
2758 4576 3005 4644 audent,
3036 4575 3287 4646 deploro
3311 4576 3638 4651 deﬂeoque.
3687 4583 3938 4638 Auctor

2257 4681 2401 4723 vero
2424 4666 2509 4723 ita
2535 4664 2774 4740 scripsit
2813 4667 2977 4737 (pag.
3021 4669 3145 4734 610,
3205 4669 3373 4739 612):
3425 4670 3492 4721 Οἱ
3526 4668 3761 4721 πλεῖστοι
3811 4677 3933 4721 τῶν

2258 4761 2526 4832 παρόντων
2552 4757 2898 4825 κατάσκοποι,
2929 4753 3123 4828 μᾶλλόν
3160 4755 3263 4809 εἰσι
3291 4761 3614 4811 κατάσκοποι
3642 4765 3738 4809 τῶν
3766 4756 3934 4829 λεγο-

2262 4850 2442 4921 μένων,
2467 4846 2496 4904 ἦ
2531 4847 2764 4919 μαθηταὶ
2789 4852 2890 4897 τῶν
2922 4840 3285 4919 διδαγμάτωνο
3325 4851 3411 4899 καὶ
3456 4846 3603 4918 λόγος
3645 4845 3936 4910 ἐπιζητεῖ-

2262 4956 2350 4989 ται
2393 4935 2451 4987 οὗ
2480 4939 2611 5008 πρὸς
2663 4929 2949 5007 οἰκοδομὴν
2980 4941 3082 4986 τῶν
3114 4939 3404 5010 παρόντων,
3449 4932 3582 4987 ἀλλὰ
3626 4933 3758 5008 πρός
3821 4934 3938 4989 ἰπ-

2265 5031 2441 5100 ήρειαν
2489 5031 2587 5076 τῶν
2625 5018 3021 5097 ἕφεδρευόντωψ
3072 5021 3165 5076 κᾶν
3218 5027 3308 5097 μέν
3363 5042 3415 5076 τι
3469 5021 3635 5097 λεχθῇ
3689 5023 3947 5098 συμϐαῖ.

2263 5134 2346 5167 νον
2396 5120 2511 5175 ταῖς
2549 5111 2852 5186 ἐπιθυμίαις
2921 5121 3020 5166 τῶν
3093 5113 3563 5187 ἐξοστρακιζόντων
3633 5117 3729 5173 τὴν
3785 5121 3946 5188 γνώ-

2263 5222 2386 5275 μην,
2438 5199 2640 5261 ἀπῆλθε
2683 5197 3097 5274 καταδεξάμενος
3142 5202 3211 5262 ὡς
3257 5204 3316 5254 τό
3375 5198 3514 5255 ἴδιον
3561 5202 3720 5275 εὑρὼν
3797 5204 3951 5279 παρ’

2264 5293 2527 5364 ἡμῖν......
2593 5289 2729 5342 Ἐκεῖ
2790 5288 3334 5348 ἁντικαταστήσονταί
3397 5310 3489 5365 μοι
3551 5293 3603 5345 οἰ
3670 5295 3771 5351 τὴν
3842 5291 3956 5347 ἕπ-

2264 5386 2439 5457 ήρείαν
2479 5373 2675 5451 ταύτην
2701 5379 3167 5456 ῥάπτοντες........
3197 5384 3449 5437 Τί........
3483 5380 3601 5458 ἐμοὶ
3629 5381 3899 5459 πολεμεῖς
3934 5399 3955 5458 ;
