4058 6192
183 326 240 379 ,9
1692 302 2080 361 PREFATIO.
3537 313 3608 368 so

184 446 221 498 εἰ
246 460 466 496 storem
496 441 575 502 εἰς
604 445 844 514 Πατέρα,
879 439 927 515 εξ
956 438 1194 512 ὁμολογῶ
1221 441 1307 491 τὸν
1336 439 1475 501 Υἰὸν,
1508 433 1553 487 εἰ
1577 437 1646 506 μὴ
1677 429 1841 484 ἀθετῶ

1964 428 2316 499 opusculum
2355 430 2472 504 ipsi
2510 433 2839 506 ascriptum
2884 435 2973 492 sit.
3016 437 3155 493 Haec
3201 440 3400 494 autem
3441 437 3607 493 lucu-

182 540 240 588 τὸ
261 540 475 603 Πνεῦμα.
512 531 580 583 Εἰ
610 533 640 582 ὀ
672 525 889 603 Τριάδα
919 528 1204 602 ὁμολογῶν,
1235 534 1371 601 τρεῖς
1403 525 1645 597 ὀνομάζει
1676 523 1840 585 θεοὺς,

189 624 347 678 ἀθετεῖ
367 626 421 674 τό
446 620 770 695 βάπτισμα,
799 624 890 672 καὶ
912 618 1131 692 πολεμεῖ
1153 627 1216 691 τῇ
1248 622 1537 671 πίστειυ...
1568 618 1632 666 σὺ
1652 608 1710 665 δὲ
1732 618 1845 672 ταῖς

186 718 539 786 συκοφαντίαις
572 709 825 785 ἀφορμὴν
856 710 931 773 εἰς
962 709 1201 783 ἐπήρειαν
1228 710 1553 767 τέθεικας....
1584 702 1660 755 Οὐ
1705 697 1841 773 δέχῃ

182 822 332 856 τοι-αντ
367 808 462 853 τοῦ
494 799 865 876 Παραλὴτου
906 803 1004 857 τήν
1033 798 1343 872 εὐεργεσίαν
1376 795 1408 854 ἢ
1441 798 1571 865 οῦχὶ
1602 794 1627 844 ὁ
1659 793 1847 864 Κύριος

360 894 573 950 ταύτην
626 895 728 948 τήν
771 892 1136 963 προσηγορίαν
1185 889 1394 958 πρέπειν
1449 883 1790 956 ἐνομοθέτησε
1832 897 1845 943 ;

190 983 361 1055 Πάμφω
391 984 525 1054 ὑμῖν
557 985 655 1032 καὶ
688 978 846 1032 ἄλλον
879 975 1239 1052 ιῐαροίκλητον.
1285 982 1342 1029 Ὀ
1375 978 1463 1027 καὶ
1490 972 1643 1025 ἄλλον
1674 971 1847 1035 εἰπὼν,

187 1074 274 1143 ε’ὶχ
299 1072 490 1125 ἑαυτὸν
522 1067 699 1133 ἔδειξε
719 1072 825 1144 πρὸ
842 1075 936 1120 τοῦ
956 1066 1227 1121 ἄλλουηη.
1258 1064 1318 1117 Εἰ
1339 1062 1399 1118 δε
1420 1067 1491 1136 μὴ
1515 1061 1694 1128 θελεις,
1722 1058 1853 1111 ἀλλὰ

182 1162 493 1235 ξιλονιιιείς,
538 1157 821 1231 καταγελῶ
866 1176 963 1210 σου
1003 1164 1097 1218 τῆς
1130 1157 1326 1223 ἀνοίας,
1357 1150 1550 1226 μᾶλλον
1593 1147 1651 1203 δὲ
1688 1147 1851 1200 κλαίω

183 1271 265 1304 σον
304 1256 396 1309 τὴν
434 1248 669 1323 τόλμαν.
703 1247 977 1304 Plurimi
1003 1260 1206 1302 eorum
1235 1244 1343 1315 qui
1365 1242 1613 1311 adsunt,
1659 1238 1852 1309 magis

178 1347 305 1398 sunt
336 1341 781 1411 exploratores
808 1352 1013 1394 eorum
1047 1349 1180 1407 quae
1208 1331 1464 1389 dicenda
1491 1335 1645 1391 sunt,
1671 1343 1852 1400 quam

180 1431 467 1500 discipuli
494 1438 711 1486 eorum
742 1442 882 1500 qute
911 1426 1225 1482 docentur.
1269 1423 1467 1494 Atque
1512 1419 1855 1490 exquiritur

181 1523 403 1587 concio,
460 1535 595 1575 non
637 1524 709 1574 ut
754 1516 1157 1585 aedificentur,
1210 1513 1314 1570 sed
1354 1517 1421 1568 ut
1472 1510 1853 1567 insidiatores

185 1613 372 1667 locum
425 1609 708 1666 habeant
754 1604 1196 1663 calumniandi.
1257 1603 1427 1671 Quod
1461 1600 1518 1657 si
1557 1600 1720 1669 forte
1767 1598 1850 1652 di-

183 1713 331 1757 ctum
374 1706 465 1756 est
502 1698 853 1770 quidpiam,
894 1695 1056 1768 quod
1091 1692 1605 1750 accommodatum
1646 1688 1723 1744 sit
1771 1686 1853 1743 ad

1952 517 2335 578 bratiuncula
2364 521 2426 577 in
2456 522 2712 594 vulgatis
2741 525 2987 597 quidem
3013 526 3168 583 inter
3196 527 3476 584 homilias
3502 544 3607 601 po-

1955 606 2067 664 sita
2097 613 2187 666 est
2212 626 2223 664 :
2259 610 2368 667 sed
2388 616 2592 668 tamen
2616 614 2666 669 si
2687 614 2948 672 duorum
2974 617 3274 674 codicum.
3302 618 3363 674 in
3383 618 3608 692 quibus

1954 698 2268 770 reperitur,
2305 701 2594 759 habenda
2633 708 2721 759 est
2759 704 2961 778 aliqua
3003 706 3177 777 ratio,
3209 723 3332 764 non
3360 708 3610 765 homilia

1958 790 2065 854 est,
2098 787 2204 843 sed
2237 789 2525 861 prologue
2557 793 2869 850 asceticus.
2902 798 3022 866 Ego
3063 813 3283 868 parum
3320 797 3609 855 interesse

1957 881 2124 949 puto,
2167 882 2369 934 utrum
2410 881 2526 937 hoc
2559 883 2920 954 opusculum
2958 886 3209 943 homilia
3244 886 3497 953 dicatur,
3531 904 3611 945 an

1959 967 2246 1041 prologus
2275 970 2570 1027 asceticus
2601 988 2614 1026 :
2651 964 2851 1031 utrum
2876 976 3070 1031 Basilii
3096 976 3189 1046 sit,
3221 993 3431 1049 necne,
3462 979 3611 1036 scire

1959 1058 2801 1135 magisOrefert-Opusculum
2847 1063 2911 1119 in
2959 1081 3022 1121 se
3066 1065 3214 1122 dum
3268 1067 3610 1137 considero,

1958 1162 2099 1203 vere
2129 1147 2245 1204 dici
2290 1164 2469 1221 posse
2513 1149 2789 1221 arbitror,
2829 1168 2940 1208 nec
2968 1155 3289 1226 prologum
3320 1172 3473 1227 esse,
3502 1173 3613 1213 nec

1961 1236 2296 1293 homiliam.
2336 1237 2488 1294 Illud
2523 1239 2683 1295 enim
2732 1245 2896 1313 (pag.
2930 1244 3077 1313 615),
3114 1250 3355 1317 Μίμησαι
3393 1248 3610 1311 ταύτην,

1964 1322 2003 1377 ὦ
2070 1330 2262 1393 τέκνον,
2314 1331 2566 1402 μίμησαι.
2615 1330 2862 1387 Imitare
2929 1333 3106 1399 hanc,
3170 1336 3306 1404 ﬁlii,
3372 1337 3616 1393 imitare

1963 1419 2166 1488 aperte
2215 1419 2476 1475 ostendit
2516 1419 2677 1476 hanc
2721 1420 3309 1480 lucubratiunculam
3348 1441 3472 1481 non
3509 1426 3614 1482 ho-

1961 1506 2214 1575 miliam,
2254 1507 2361 1564 sed
2399 1507 2668 1565 libellum
2711 1511 3077 1582 peculiarem
3108 1529 3257 1585 esse,
3292 1514 3397 1587 qui
3439 1515 3617 1572 unius

1961 1596 2225 1653 hominis
2254 1614 2440 1655 causa
2480 1599 2738 1672 scriptus
2781 1601 2878 1657 sit.
2923 1604 3328 1676 Praetereaque
3371 1606 3618 1661 Basilius

1963 1702 2104 1742 cum
2128 1685 2189 1742 in
2222 1688 2345 1743 suis
2376 1689 2748 1745 orationibus
2772 1690 3099 1764 alloquitur
3123 1692 3440 1764 populum,
3473 1711 3619 1751 voce
3694 1692 3699 1699 ’

184 1790 559 1860 cupiditates
627 1802 836 1843 eorum
906 1785 1011 1857 qui
1072 1782 1425 1840 sententiam
1493 1778 1848 1849 explodunt,
1882 1781 1922 1836 Β
1962 1774 2206 1850 ἀδελφὸς,
2253 1793 2376 1834 non
2410 1794 2558 1835 voce
2604 1783 2778 1832 τέκνον
2819 1781 3024 1836 utitur.
3065 1781 3229 1837 Prius
3281 1789 3492 1840 auctor
3537 1784 3621 1842 ita

182 1881 321 1937 abiit
367 1880 482 1951 qui
526 1876 793 1941 audivit,
828 1879 1119 1946 tanquam
1157 1872 1212 1928 si
1245 1871 1309 1927 id
1345 1869 1503 1943 quod
1535 1883 1709 1925 suum
1742 1873 1846 1935 est,

182 1969 343 2037 apud
370 1983 487 2023 nos
521 1966 897 2036 reperisset..
920 2004 933 2018 .
955 2004 1004 2018 ..
1048 1963 1154 2018 Illi
1178 1960 1328 2017 mihi
1353 1976 1428 2017 ea:
1458 1959 1708 2016 adverso
1738 1957 1849 2012 sis-

186 2064 383 2113 tentur
412 2057 530 2129 qui
558 2055 716 2111 hanc
733 2053 1097 2110 calumniam
1119 2056 1434 2106 consuunt.
1451 2091 1464 2104 .
1486 2089 1500 2103 .
1522 2091 1535 2103 .
1553 2062 1731 2103 .cur..
1754 2087 1767 2101 .
1791 2090 1803 2102 .
1826 2087 1838 2101 .

190 2163 277 2203 me
306 2146 466 2202 bello
500 2145 663 2217 petis
693 2144 723 2199 ?
757 2142 826 2199 Si
859 2141 1037 2199 credo
1077 2142 1141 2196 in
1179 2141 1446 2205 Patrem,
1483 2138 1538 2194 si
1565 2137 1851 2206 conﬁteor

188 2237 429 2298 ﬁlium,
462 2236 524 2290 si
562 2249 687 2290 non
722 2231 977 2302 reprobo
1009 2231 1326 2299 Spiritum.
1362 2228 1714 2284 Trinitatem
1747 2225 1852 2297 qui

188 2328 535 2395 conﬁtetur,
578 2324 634 2378 si
670 2322 807 2379 deos
846 2327 966 2377 tres
1000 2321 1283 2385 nominet,
1324 2318 1580 2388 abrogat
1625 2316 1847 2385 baptis-

183 2432 361 2484 mum,
408 2420 466 2470 et
506 2412 692 2482 ﬁdem
721 2412 1089 2482 impugnat..
1237 2409 1321 2463 Tu
1359 2421 1495 2463 vero
1520 2407 1663 2462 inde
1685 2421 1851 2462 occa-

182 2508 409 2561 sionem
438 2502 776 2571 arripuisti
804 2499 1242 2564 calumniandi,
1275 2503 1342 2552 ut
1368 2497 1662 2566 injuriam
1699 2497 1852 2566 infe-

182 2611 333 2651 ras..
356 2637 373 2650 .
395 2636 411 2649 .
433 2636 448 2649 .
497 2593 642 2648 Non
672 2591 862 2662 igitur
888 2590 1143 2660 suscipis
1172 2587 1484 2645 Paracleti
1526 2586 1849 2656 beneﬁcen-

184 2686 381 2740 tiam?
417 2698 506 2738 an
560 2695 686 2736 non
739 2679 1034 2735 Dominus
1074 2679 1233 2735 hanc
1283 2678 1338 2734 ei
1384 2677 1851 2746 appellationem

184 2785 528 2844 congruere
554 2771 769 2826 sanxit
790 2770 818 2825 ?
848 2790 876 2818 «
907 2768 1148 2825 Mittam
1172 2768 1335 2824 vobis
1363 2774 1416 2824 et
1447 2768 1638 2823 alium
1657 2768 1853 2823 Para-

181 2863 409 2918 cletum
433 2861 507 2915 ιτ.
542 2882 571 2909 ιι
599 2859 717 2927 Qui
735 2874 869 2915 cum
891 2863 948 2914 et
972 2858 1163 2914 alium
1182 2857 1358 2925 dixit,
1377 2872 1578 2913 nonne
1595 2857 1851 2926 seipsum

182 2958 323 3007 ante
341 2951 544 3007 alium
571 2948 1003 3011 ostendit,?.....
1029 2947 1197 3015 Quod
1214 2949 1267 3003 si
1294 2949 1470 3015 nolis,
1488 2946 1593 3002 sed
1615 2951 1852 3002 conten-

183 3043 317 3110 das,
351 3040 599 3097 derideo
630 3046 799 3096 tuam
828 3038 1154 3095 amentiam
1183 3054 1206 3092 :
1234 3038 1352 3094 imo
1374 3038 1578 3111 potius
1606 3036 1852 3106 deploro

1957 1868 2089 1938 jam
2135 1865 2373 1923 locutus
2421 1867 2656 1925 fuerat:
2708 1876 2995 1943 Τοιγαροῦν
3046 1869 3350 1924 σπούδασον
3403 1876 3619 1948 ἄμωμον

1960 1960 2134 2008 τέκνον
2161 1963 2295 2008 Θεοῦ
2317 1959 2575 2029 γενέσθαι.
2603 1959 2826 2015 Curam
2854 1960 3043 2030 igitur
3059 1961 3122 2015 in
3151 1976 3213 2017 eo
3225 1977 3403 2032 pone,
3424 1970 3488 2019 ut
3508 1965 3622 2033 ﬁas

1961 2046 2354 2103 intemeratus
2380 2047 2549 2116 ﬁlius
2575 2048 2688 2104 Dei
2719 2067 2731 2117 ;
2765 2064 2889 2121 quo
2920 2049 3263 2107 testimonio
3295 2053 3622 2110 conﬁrma-

1961 2138 2056 2190 tur
2094 2135 2263 2208 quod
2293 2135 2579 2205 diximus,
2612 2142 2941 2199 auctorem.
2975 2155 3114 2194 cum
3152 2140 3282 2196 haec
3318 2141 3620 2199 scriberet:

1961 2224 2041 2281 ad
2070 2224 2314 2281 unicam
2343 2241 2672 2298 personam
2716 2227 3077 2299 respexisse.
3108 2231 3223 2285 Nec
3257 2230 3456 2286 minus
3487 2248 3621 2304 per-

1962 2316 2239 2389 spicuum
2265 2319 2372 2384 est,
2401 2315 2600 2388 ipsam
2629 2316 2786 2373 hanc
2808 2317 3396 2376 lucubratiunculam
3424 2321 3622 2394 prolo-

1962 2422 2108 2477 gum
2147 2404 2468 2462 asceticum
2502 2406 2717 2462 merito
2744 2408 2951 2463 vocari
2988 2424 3111 2464 non
3142 2425 3339 2482 posse,
3377 2426 3516 2467 cum
3558 2412 3622 2467 in

1963 2512 2035 2553 ea
2074 2495 2225 2551 nihil
2265 2495 2618 2568 reperiatur,
2649 2496 2818 2569 quod
2859 2498 2938 2554 ad
2966 2497 3114 2554 illud
3150 2499 3391 2555 vivendi
3428 2516 3619 2570 genus

1963 2586 2277 2659 speciatim
2317 2585 2523 2642 referri
2572 2586 2837 2656 debeat;
2895 2592 2953 2644 et
2989 2588 3257 2661 alioquin
3305 2590 3399 2644 cui
3450 2590 3618 2662 operi

1964 2675 2263 2748 ejusmodi
2294 2675 2583 2750 prologus
2612 2676 2845 2749 praeﬁgi
2874 2682 3098 2750 posset,
3130 2694 3255 2735 non
3282 2678 3477 2736 video.
3503 2680 3618 2737 Sed

1961 2764 2056 2822 his
2085 2765 2345 2834 omissis,
2379 2765 2458 2821 ad
2487 2766 2550 2821 id
2577 2766 2745 2838 quod
2772 2767 2955 2838 hujus
2987 2768 3409 2841 disputationis
3435 2774 3618 2842 caput

1963 2858 2072 2922 est,
2107 2853 2344 2910 festinet
2381 2854 2601 2911 oratio.
2655 2858 2896 2923 Auctor,
2948 2856 3298 2929 quicunque
3340 2856 3435 2913 ille
3483 2857 3613 2928 fuit,

1963 2944 2069 3017 qui
2104 2944 2263 3000 hanc
2307 2942 2899 3000 lucubratiunculam
2947 2945 3322 3018 conscripsit,
3377 2946 3617 3003 videtur

1964 3033 2077 3088 sibi
2106 3031 2545 3105 disputandum
2574 3033 2963 3105 proposuisse
3000 3034 3076 3090 de
3103 3034 3291 3091 libero
3322 3035 3565 3092 arbitrio
3597 3054 3610 3091 :

184 3139 350 3187 tuam
374 3130 727 3187 audaciam.
758 3127 871 3195 Qui
897 3143 1039 3199 ergo
1068 3128 1196 3184 haec
1213 3131 1272 3185 et
1299 3126 1521 3183 similia
1547 3126 1681 3182 loca
1700 3126 1855 3181 inter
1883 3137 1924 3194 α
1961 3121 2025 3177 id
2052 3119 2222 3195 quod
2245 3119 2613 3191 judicarunt,
2647 3120 2753 3193 qui
2777 3120 2959 3177 breve
2986 3121 3135 3178 illud
3167 3122 3457 3195 scriptum
3488 3123 3614 3179 edi-

185 3220 669 3293 secomparavit,
683 3219 855 3275 facile
879 3217 1165 3289 intelliget
1184 3234 1341 3286 eam,
1365 3217 1441 3274 de
1462 3233 1585 3290 qua
1613 3220 1853 3273 contro-

185 3310 387 3366 versia
406 3315 522 3380 est,
545 3309 882 3366 orationem
914 3324 987 3364 ex
1007 3307 1125 3364 alia
1144 3307 1474 3364 imitatione
1501 3321 1853 3380 expressam

184 3399 405 3456 fuisse:
437 3399 553 3456 sed
581 3400 669 3456 ita
697 3404 922 3469 tamen,
951 3403 1015 3454 ut
1042 3398 1383 3471 exemplum
1414 3396 1493 3453 ab
1519 3396 1852 3469 archetypo

185 3488 366 3546 distet
390 3505 590 3563 quam
629 3488 1002 3560 longissime.
1031 3489 1222 3553 Quare
1260 3503 1401 3560 quas
1443 3485 1661 3542 similia
1691 3490 1850 3552 sunt,

188 3585 391 3650 aperte
414 3577 755 3635 ostendunt
774 3576 953 3633 aliam
976 3575 1311 3633 orationem
1331 3592 1400 3631 ex
1420 3574 1538 3632 alia
1554 3574 1852 3631 deforma-

186 3673 309 3724 tam
359 3674 417 3725 et
451 3667 724 3725 efﬁctam
758 3683 930 3723 esse:
971 3683 1109 3739 quas
1147 3682 1292 3723 vero
1333 3665 1674 3734 dissimilia,
1714 3680 1855 3720 cum

182 3759 377 3816 multa
395 3762 461 3816 et
486 3757 703 3828 gravia
725 3757 859 3826 sint,
883 3756 1196 3830 utriusque
1216 3755 1525 3812 concionis
1552 3771 1674 3812 non
1694 3771 1858 3811 eum-

186 3846 326 3904 dem
356 3852 684 3905 auctorem
714 3862 845 3903 esse
875 3845 1192 3903 manifeste
1221 3844 1504 3918 probant.
1533 3847 1597 3900 Et
1622 3861 1764 3902 vero
1794 3845 1858 3901 in

186 3944 447 4010 utraque
480 3934 757 3993 oratione
803 3940 929 3992 tam
957 3934 1199 3992 diversa
1235 3938 1326 3990 est
1350 3934 1655 3991 scribendi
1682 3934 1835 3991 ratio

186 4035 247 4083 nt
281 4000 429 4083 eam
478 4024 963 4097 discrepantiam
1001 4023 1107 4097 qui
1135 4039 1262 4081 non
1291 4023 1514 4096 videat,
1548 4041 1692 4081 suos
1724 4000 1861 4097 sibi:

186 4116 397 4172 oculos
430 4113 687 4172 claudat
710 4130 952 4171 necesse
973 4113 1065 4170 sit.
1089 4114 1382 4170 Caeterum
1406 4114 1715 4171 neminem
1736 4131 1864 4173 mo-

186 4220 319 4261 vere
348 4204 563 4271 debet,
588 4203 760 4276 quod
772 4204 903 4260 haec
924 4202 1451 4260 lucubratiuncula
1471 4202 1533 4259 in
1557 4203 1862 4261 veteribus

186 4292 357 4350 libris
638 4308 862 4350 nomen
899 4292 1199 4366 praeferat.
1243 4296 1393 4350 Cum
1432 4293 1594 4350 enim
1625 4299 1856 4364 auctor,

190 4390 498 4455 quantum
527 4384 596 4439 in
630 4399 695 4439 se
732 4382 859 4455 fuit,
902 4382 1232 4439 Basilianus
1271 4400 1406 4441 esse
1435 4385 1747 4454 studuerit,
1779 4385 1858 4442 ab

196 4490 385 4548 coque
419 4472 758 4529 sententias
785 4472 1022 4545 aliquas
1070 4473 1420 4546 sumpserit,
1450 4473 1599 4530 nihil
1635 4474 1857 4531 mirum
1886 4490 1932 4544 1)

196 4564 379 4622 videri
410 4562 624 4623 debet,
671 4562 724 4618 si
758 4577 830 4618 ea
866 4561 980 4635 ipsi
1013 4563 1238 4620 tributa
1277 4562 1372 4622 sit.
1411 4564 1653 4637 Aliquid
1693 4563 1861 4620 aliud

192 4653 317 4724 iam
348 4650 705 4724 aggrediar,
747 4650 853 4706 sed
893 4650 944 4706 si
985 4652 1153 4723 prius
1183 4668 1480 4709 monuero
1509 4654 1731 4710 multas
1767 4671 1864 4711 va-

194 4742 417 4799 riantes
450 4740 744 4798 lectiones
772 4739 835 4795 in
864 4738 1030 4795 libris
1061 4741 1325 4813 antiquis
1352 4741 1611 4798 inveniri
1645 4759 1658 4797 :
1691 4743 1864 4814 cujus

196 4833 279 4886 rei
312 4832 481 4888 hanc
519 4844 657 4886 esse
694 4844 944 4885 causam
991 4827 1373 4899 arbitramur,
1413 4830 1581 4902 quod
1616 4831 1863 4903 librarii,

198 4921 299 4992 qui
322 4921 489 4977 hanc
517 4917 970 4975 oratiunculam
989 4933 1112 4973 non
1135 4919 1278 4976 satis
1300 4923 1436 4992 apte
1458 4921 1866 4994 conscriptam

199 5008 488 5078 viderent,
524 5007 627 5064 alii
652 5006 824 5064 aliter
853 5021 992 5062 eam
1015 5008 1335 5065 emendare
1355 5009 1555 5067 conati
1584 5010 1721 5067 sint.

407 5138 439 5205 §
468 5134 622 5190 Vlll.
656 5133 746 5190 De
775 5131 1033 5209 homilia
1062 5132 1135 5189 de
1162 5133 1349 5191 libero
1378 5134 1653 5201 arbitrio,

269 5284 354 5336 22.
402 5279 557 5336 Cum
597 5292 791 5335 nemo
820 5275 1116 5351 hactenus
1149 5277 1416 5348 genuina
1456 5278 1658 5336 Basilii
1686 5296 1869 5354 opera

208 5367 277 5425 ab
299 5369 655 5428 adulterinis
683 5381 1008 5425 secernere
1037 5367 1150 5424 sibi
1178 5368 1321 5426 satis
1353 5370 1512 5426 serio
1537 5385 1868 5443 proposue~

211 5460 291 5531 rit,
314 5476 436 5518 non
456 5464 552 5519 est
578 5457 760 5534 quod
780 5456 1089 5531 quispiam
1114 5458 1384 5529 miretur,
1414 5458 1466 5515 si
1489 5458 1608 5517 hoc
1628 5474 1871 5533 quoque

276 5604 314 5638 π
342 5605 514 5663 toan.
543 5619 673 5672 xxv,
714 5602 811 5656 16.

1962 3211 2123 3277 dere,
2161 3226 2301 3266 cum
2332 3209 2386 3265 ei
2415 3208 2653 3266 titulum
2680 3209 2945 3281 fecerint,
2988 3214 3067 3269 De
3110 3212 3296 3269 libero
3335 3214 3612 3270 arbitrio.

1964 3300 2218 3357 Basilius
2265 3304 2489 3370 autem,
2539 3304 2605 3356 ut
2644 3303 2858 3356 notum
2893 3304 2999 3373 est,
3044 3301 3108 3357 in
3160 3302 3448 3358 omnibus
3490 3303 3615 3358 suis

1961 3388 2247 3462 operibus
2276 3389 2541 3462 aliquem
2579 3388 2696 3446 sibi
2724 3390 2910 3446 ﬁnem
2948 3391 3253 3464 proponit,
3294 3407 3402 3448 nec
3435 3391 3513 3447 ab
3542 3407 3615 3448 eo

1961 3476 2215 3533 discedit
2230 3475 2323 3532 vel
2348 3481 2762 3534 transversum
2784 3493 3073 3548 unguem,
3102 3479 3218 3535 nisi
3245 3480 3410 3552 prius
3441 3494 3618 3549 argu-

1960 3570 2304 3623 mentorum
2326 3565 2616 3636 gravitate
2633 3570 2814 3640 atque
2835 3567 3216 3624 multitudine
3236 3568 3615 3641 propositum

1965 3660 2278 3713 assecutus
2308 3654 2383 3711 sit
2412 3672 2426 3711 :
2466 3659 2677 3712 auctor
2712 3671 2877 3725 vero,
2923 3656 3197 3728 quisquis
3228 3662 3336 3725 est,
3374 3660 3615 3729 postea-

1964 3760 2153 3818 quam
2191 3759 2390 3817 pauca
2417 3743 2705 3816 quaedam
2735 3744 2811 3801 de
2838 3744 3063 3802 invicta
3097 3744 3159 3801 vi
3189 3744 3374 3802 divini
3413 3745 3619 3803 auxilii

1965 3835 2137 3907 dixit,
2159 3850 2409 3909 prorsus
2434 3834 2600 3892 aliud
2619 3836 2763 3906 agit,
2782 3835 2967 3908 idque
2987 3836 3070 3893 ita
3100 3836 3367 3905 confuse,
3401 3842 3467 3894 ut
3493 3853 3617 3911 quo

1969 3925 2344 3999 spectaverit,
2380 3925 2641 3982 nescias.
2684 3924 2795 3981 Ubi
2821 3924 3002 3996 igitur
3042 3926 3118 3982 de
3153 3926 3343 3984 libero
3373 3927 3617 3986 arbitrio

1969 4018 2183 4093 paucis
2239 4017 2476 4073 locutus
2514 4019 2624 4085 est,
2672 4015 2874 4073 statim
2919 4017 3119 4088 potius
3156 4016 3399 4090 quidvis
3451 4017 3619 4074 aliud

1969 4113 2203 4168 tractat.
2248 4112 2334 4165 Ita
2390 4102 2553 4163 enim
2600 4105 2805 4162 scribit
2850 4109 3014 4179 (pag.
3075 4111 3201 4176 613)
3251 4124 3263 4161 ;
3331 4115 3615 4182 Τοιγαροῦν

1972 4200 2110 4273 εἰπερ
2143 4197 2322 4272 βούλει
2351 4196 2555 4270 μαθεῖν,
2584 4201 2718 4259 τίνος
2749 4196 2908 4248 ἕνεκεν
2938 4198 3228 4259 κτισθέντες
3267 4201 3355 4250 καὶ
3392 4200 3615 4260 τεθέντες

1972 4289 2022 4342 ἐν
2050 4284 2381 4362 παραδείσῳ,
2412 4285 2702 4340 τελευταῖον
2733 4285 3230 4359 συμπαρεϐλήθημεν
3252 4294 3358 4349 τοῖς
3380 4285 3616 4350 ἀνοήτοις

1971 4385 2198 4447 κτήνεσι,
2251 4384 2339 4431 καὶ
2395 4379 2736 4451 ὡμοιώθημεν
2792 4376 2988 4441 αὐτοῖς,
3048 4375 3476 4453 ἀποπεπτωκὸτες
3523 4387 3618 4441 τῆς

1972 4470 2237 4544 ἁχράντου
2297 4466 2476 4533 δόξης,
2531 4472 2768 4539 γίνωσκε,
2823 4463 3002 4524 ἐπειδὴ
3065 4463 3156 4519 διὰ
3201 4477 3296 4530 τῆς
3351 4477 3620 4542 παρακοῆς

1973 4557 2175 4613 δούλοις
2210 4567 2304 4620 τῆς
2374 4560 2566 4632 σαρκὸς
2624 4563 2733 4618 τοῖς
2797 4553 2987 4609 πάθεσι
3052 4558 3331 4630 γενόμενοι,
3405 4558 3620 4621 ἑαυτοὺς

1972 4647 2307 4721 ἁπῳκίσαμεν
2363 4655 2457 4708 τῆς
2514 4651 2777 4721 μακαρὶας
2840 4653 2938 4698 τῶν
3004 4648 3206 4709 ζὼντων
3265 4654 3469 4722 χώρας,
3531 4653 3620 4701 καὶ

1973 4737 2024 4789 ἐν
2048 4735 2396 4809 αἰχμαλωσίᾳ
2418 4739 2699 4807 γενόμενοι,
2726 4738 2803 4788 ἔτι
2832 4734 2917 4788 ἐπι
2936 4742 3035 4788 τῶν
3059 4745 3305 4809 ποταμῶν
3327 4736 3621 4798 Βαϐυλῶνος

1972 4829 2283 4890 καθέζεσθαι
2310 4847 2322 4859 ·
2356 4830 2443 4877 καὶ
2468 4823 2559 4878 διὰ
2587 4830 2645 4878 τὸ
2669 4828 2746 4878 ἔτι
2775 4824 2826 4879 ἐν
2855 4827 3103 4899 Αἰγύπτῳ
3128 4830 3266 4900 ἡμᾶς
3282 4830 3620 4899 κατέχεσθαι,

1975 4920 2118 4969 οὔπω
2166 4915 2655 4989 ἐκληρονομήσαμεν
2702 4920 2797 4973 τὴν
2833 4926 2931 4989 7er
2968 4927 3063 4979 τῆς
3103 4916 3425 4989 ἐπαγγελίας.
3481 4918 3624 4981 Quae

1973 5005 2161 5063 verba
2208 5004 2291 5061 sic
2337 5004 2511 5061 vertit
2555 5004 2849 5078 interpres
2890 5022 2903 5061 :
2954 5008 3028 5063 Si
3073 5008 3245 5075 cupis
3287 5005 3479 5075 igitur
3533 5019 3627 5060 co-

1974 5110 2280 5167 gnoscere,
2338 5096 2513 5166 cujus
2569 5096 2774 5165 gratia
2830 5095 3077 5161 conditi,
3137 5095 3318 5164 inque
3378 5093 3629 5162 paradi-

1976 5201 2109 5242 snm
2168 5185 2374 5249 locati,
2433 5184 2853 5253 insipientibus
2920 5183 3159 5239 tandem
3218 5182 3630 5240 animantibus

1978 5275 2319 5346 comparati
2356 5280 2415 5332 et
2467 5274 2791 5331 assimilatz
2845 5273 3047 5344 simus,
3107 5271 3182 5329 ab
3235 5273 3633 5331 immaculata

1978 5368 2094 5426 illa
2134 5367 2337 5438 gloria
2374 5365 2640 5434 relapsi:
2681 5362 2987 5419 sciendum
3031 5368 3114 5419 est
3150 5365 3307 5436 quod
3349 5366 3633 5435 quoniam

1973 5472 2088 5528 per
2130 5456 2594 5514 inobedientiam
2639 5452 2798 5509 servi
2840 5453 3181 5511 carnalium
3225 5455 3634 5526 concupiscen-
