4058 6192
458 289 517 343 5t
1991 289 2107 343 PR}:

2217 286 2378 345 LTIO.
3813 292 3879 347 52

458 408 681 466 tiarum
700 409 860 481 facti
873 426 1098 480 sumus,
1122 428 1228 469 nos
1249 408 1461 483 ipsosa
1483 412 1659 470 beata
1680 412 2119 470 viventiumre-
2146 447 2195 502 Α
2232 428 2354 486 que
2389 412 2739 486 usurpatur.
2779 412 2845 468 Et
2880 424 3024 467 vero
3062 424 3187 484 quo
3233 408 3483 467 consilio
3512 409 3595 466 ita
3625 409 3882 466 scribere

454 499 630 569 gione
644 506 910 558 extorres
925 502 1219 559 reddidim
1227 508 1504 574 us,atque
1517 503 1603 560 ita
1620 502 1684 558 in
1706 502 2107 572 captivitatem

2230 501 2471 574 potuit:
2505 509 2624 564 Πῶς
2659 503 2759 575 γὰρ
2801 499 2893 555 οὐκ
2933 503 3070 573 ὄφεις
3100 539 3113 567 ,
3146 499 3196 550 οἱ
3235 499 3319 552 ἐπὶ
3361 508 3462 575 γῆς
3494 503 3768 573 σνρὸμενοι
3793 503 3881 551 καὶ

455 588 723 658 abducti,
752 591 834 647 ad
853 592 1110 661 ﬂumina
1138 592 1470 662 Babylonis
1498 591 1703 648 adhuc
1720 591 2009 648 sedemus.
2036 591 2119 647 Et

456 680 740 752 quoniam
770 680 974 737 adhuc
997 682 1061 735 in
1090 681 1374 751 Λαυρίο
1395 681 1758 750 detinemur,
1773 682 2115 751 promisszo-

456 769 547 823 nis
574 774 800 824 terram
831 771 1099 826 nondum
1121 772 1327 827 sortiti
1342 785 1568 828 sumus.
1591 776 1679 827 Ita
1694 771 1887 843 pergit
1907 774 2117 826 auctor

457 861 617 931 (pag.
651 862 754 915 614-
784 863 841 915 et
870 860 1020 933 seq.)
1056 876 1068 914 :
1108 862 1267 913 Οὔπω
1298 864 1722 935 συνεφυράθημεν
1750 870 1813 934 τῇ
1850 864 1985 933 ζύμῃ
2018 869 2113 923 τῆς

452 947 777 1022 εἰλικρινείας
799 947 911 1000 ἀλλ’
935 951 1011 1003 ἔτι
1037 948 1192 1022 ἐσμὲν
1216 949 1266 1002 ἐν
1297 959 1359 1023 τῇ
1392 959 1487 1012 τῆς
1516 955 1769 1025 πονηρίας
1802 950 2113 1023 ζύμῃόὕπω

448 1036 761 1112 ὲῤῥαντίσθη
809 1040 957 1112 ἡμῶν
1001 1041 1029 1098 ἡ
1080 1036 1275 1113 καρδία
1319 1048 1391 1111 τῷ
1434 1040 1620 1113 αἵματι
1659 1036 1751 1092 τοῦ
1790 1035 1979 1114 Ἀρ.νοῦ
2018 1039 2111 1093 τού

451 1131 671 1182 Θεοῦ....
705 1129 847 1179 οὔπω
877 1126 1230 1201 ἀπειλήφαμεν
1261 1133 1350 1186 τήν
1380 1126 1692 1199 ἀγαλλίασιν
1723 1137 1814 1182 τοῦ
1847 1134 2112 1203 σωτηρίου

446 1217 538 1268 τοῦ
568 1223 894 1289 Χριστοῦ....
938 1219 1079 1269 οὔπω
1112 1213 1472 1290 ἐνεδυσιίμεθα
1500 1221 1587 1271 τὸν
1616 1222 1789 1271 καινὸν
1816 1219 2109 1293 ἄνθρωπον,

442 1309 554 1361 etc.
585 1306 871 1363 Nondum
913 1307 1212 1376 fermento
1248 1307 1615 1365 sinceritatis
1646 1309 2114 1378 confermentati

438 1410 667 1465 sumus,
697 1396 800 1452 sed
823 1395 1026 1453 adhuc
1051 1398 1353 1467 fermento
1385 1398 1665 1469 nequitiae
1691 1413 2061 1468 occupamur
2088 1415 2104 1453 :

439 1485 713 1542 nondum
772 1500 1082 1555 aspersum
1147 1492 1231 1544 est
1296 1502 1402 1545 cor
1466 1492 1741 1545 nostrum
1805 1488 2106 1558 sanguine

439 1575 606 1646 Agni
640 1575 840 1632 Dei....
889 1576 1159 1633 nondum
1200 1577 1474 1635 laetitiam
1527 1577 1822 1634 salutaris
1877 1577 2108 1634 Christi

373 1684 384 1694 -
440 1665 957 1733 recuperavimus.
980 1708 993 1721 .
1016 1708 1064 1721 ..
1110 1666 1377 1723 nondum
1408 1666 1720 1723 induimus
1749 1682 1969 1724 novum
2000 1666 2105 1724 ho-

443 1754 686 1821 minem,
719 1758 832 1812 etc.
867 1753 983 1810 Ubi
1023 1770 1166 1812 voce
1204 1758 1348 1809 οὕπω
1388 1771 1582 1829 usque
1613 1756 1769 1813 adeo
1812 1756 2100 1826 abutitur,
2131 1794 2172 1848 Β

433 1845 498 1900 ut
519 1858 655 1900 eam
689 1843 875 1900 vicies
903 1847 962 1901 et
983 1845 1190 1901 novies
1208 1844 1297 1901 vel
1327 1845 1559 1902 circiter
1576 1848 1828 1919 repetat,
1848 1845 2102 1903 ibidem-

432 1947 553 2005 que
586 1948 702 1989 vox
744 1935 820 1985 ἔτι
859 1949 1019 2006 saepe
1056 1934 1309 2007 repetita
1343 1938 1454 2005 est,
1484 1950 1623 2008 quae
1664 1934 1800 1991 voci
1842 1938 1985 1989 οὔπω
2012 1951 2101 1993 re-

434 2021 758 2095 sponderet
772 2040 784 2091 ;
798 2038 994 2095 neque
1009 2023 1205 2079 solum
1220 2023 1366 2080 nihil
1380 2023 1459 2080 ad
1471 2025 1856 2097 propositum
1873 2024 2102 2082 faciunt

429 2126 568 2189 quae
619 2110 864 2185 profert,
906 2111 1015 2168 sed
1064 2112 1314 2168 taedium
1367 2113 1708 2171 maximum
1758 2113 2099 2186 legentibus

432 2204 656 2258 creant.
699 2199 924 2258 Deinde
972 2201 1191 2257 harum
1236 2217 1458 2257 vocum
1502 2207 1797 2274 pertaesus
1842 2203 2100 2277 scriptor

430 2288 581 2361 ipse,
601 2289 851 2363 jamque
879 2306 1107 2364 parans
1137 2307 1199 2347 se
1230 2290 1307 2348 ad
1330 2291 1493 2347 aliud
1516 2291 1756 2349 dicendi
1777 2307 1990 2364 genus,
2014 2293 2099 2351 sic

429 2378 623 2451 pergit
655 2379 825 2451 (pag.
883 2380 1007 2451 614)
1041 2397 1054 2432 :
1090 2381 1250 2432 Οὔπω
1282 2379 1437 2453 ἐσμεν
1471 2384 1612 2453 γένος
1645 2380 1902 2448 ἐκλεκτὸν,
1938 2381 2098 2456 βασί-

427 2468 559 2521 λειον
587 2470 887 2543 ἱεράτευμα,
915 2472 1056 2532 ἔθνος
1087 2470 1254 2541 ἅγιον,
1276 2468 1398 2535 λαὸς
1430 2470 1501 2534 εἰς
1527 2476 1881 2546 περιποίησιν,
1912 2470 2093 2534 ἐπειδὴ

429 2560 505 2611 ἔτι
543 2557 697 2632 ἐσμὲν
727 2562 889 2631 ὄφεις,
928 2565 1222 2632 ’γεννήματα
1253 2557 1502 2632 ἐχιδνῶν.
1538 2567 1655 2623 Πῶς
1684 2563 1784 2635 γὰρ
1812 2561 1904 2614 οὐκ
1935 2563 2097 2636 ὄφεις,

427 2648 478 2700 οἱ
509 2646 595 2700 ἐπὶ
617 2656 713 2719 γῆς
742 2651 1038 2721 συρόμενὸι,
1072 2651 1160 2699 καὶ
1184 2651 1249 2700 τὰ
1274 2657 1367 2711 τῆς
1397 2657 1493 2723 γῆς
1528 2658 1854 2724 φρονοῦντες,
1886 2656 1974 2704 καὶ
2005 2652 2099 2705 οὐκ

428 2737 479 2790 ἐν
511 2738 747 2813 οὐρανοῖς
790 2744 880 2797 τήν
909 2738 1167 2791 πολιτείαν
1202 2741 1413 2811 ἔχοντες
1443 2759 1456 2804 ;
1489 2748 1596 2803 πῶς
1630 2738 1688 2794 δὲ
1718 2740 1777 2794 ού
1805 2748 2100 2817 γεννήματα

430 2823 683 2900 ὶχιδνῶν,
712 2829 761 2880 οἱ
791 2832 861 2901 μή
897 2827 947 2880 ἐν
978 2836 1040 2901 τῇ
1065 2831 1267 2902 ὑπακοῇ
1298 2837 1389 2882 τοῦ
1417 2836 1551 2882 Θεοῦ
1573 2832 1953 2905 εύφιοτκόμενοι,
1987 2816 2098 2885 ἀλλ⁹

428 2916 479 2969 ἐν
521 2926 583 2990 τῇ
628 2913 721 2970 διὰ
760 2924 849 2970 τοῦ
891 2917 1053 2991 ὄφεως
1083 2927 1322 2991 παρακοῇ
1361 2937 1374 2983 ;
1423 2916 1634 2978 Ἐπειδὴ
1667 2926 1840 2973 τοίνυν
1868 2930 1978 2985 πῶς
2004 2922 2097 2995 μέν

429 3004 589 3069 ἀξίως
621 3002 897 3080 ὀδύρωμαι
928 3012 1021 3065 τήν
1048 3010 1319 3081 συμφορὰν
1347 3011 1542 3068 ταύτην
1573 3009 1679 3082 οὐχ
1710 3013 1954 3085 εὑρίσκω,
1987 3020 2097 3074 πῶς

433 3092 491 3148 δὲ
524 3094 781 3160 ἐκϐοήσας
814 3094 1063 3171 δακρύσω
1099 3102 1228 3171 πρὸς
1271 3101 1358 3151 τὸν
1392 3095 1675 3173 δυνάμενον
1734 3101 1977 3165 ἓξελοίσαι
2007 3106 2101 3161 τήν

431 3182 773 3257 αύλιζομένην
795 3184 845 3238 ἐν
872 3184 988 3259 ἐμοὶ
1008 3184 1226 3256 πλάνην,
1250 3184 1439 3258 ἀγνοῶ·
1465 3190 1678 3251 καὶπῶς
1700 3190 1814 3261 ᾄσω
1842 3195 1929 3249 τὴν
1957 3186 2101 3262 ᾠδήν

434 3277 632 3347 Κυρίου
682 3274 769 3326 ἐπὶ
822 3284 920 3348 γῆς
965 3274 1276 3350 ἀλ).οτρίας;
1319 3286 1427 3339 πῶς
1483 3280 1728 3350 θρηνήσω
1776 3283 1865 3336 τήν
1913 3284 2102 3354 Ἰερου-

436 3361 614 3436 σαλήμ
643 3381 656 3431 ;
692 3364 831 3429 Quae
867 3363 1052 3422 verba
1095 3365 1179 3423 ita
1223 3366 1426 3423 Latine
1453 3366 1717 3423 reddidit
1754 3366 2053 3441 interpres
2085 3367 2099 3406 ³

433 3451 720 3509 Nondum
745 3468 951 3510 sumus
964 3470 1152 3525 genus
1174 3457 1448 3523 electum,
1473 3458 1679 3527 regale
1698 3458 2105 3516 sacerdotium

435 3556 581 3612 gens
610 3547 848 3609 sancta,
892 3545 1159 3614 populus
1202 3548 1307 3615 qui
1350 3547 1414 3601 in
1462 3547 1704 3605 lucrum
1754 3551 2002 3606 accessit
2051 3554 2105 3606 et

438 3631 745 3693 peculium
772 3650 785 3688 :
841 3633 1128 3703 quoniam
1158 3633 1362 3692 adhuc
1391 3640 1716 3707 serpentes,
1742 3651 1944 3694 sumus
1970 3652 2105 3708 pro-

439 3721 641 3793 genies
696 3722 1067 3793 viperarum.
1136 3722 1440 3791 Quomodo
1501 3726 1658 3783 enim
1726 3741 1847 3782 non
1903 3742 2107 3785 sumus

441 3814 764 3881 serpentes,
802 3811 909 3882 qui
935 3827 1116 3883 super
1157 3818 1384 3870 terram
1415 3816 1731 3886 serpimus,
1771 3822 1825 3873 et
1870 3822 2110 3877 terrena

443 3898 732 3967 sapimus,
792 3915 900 3957 nec
946 3904 1456 3961 conversationem
1509 3913 1779 3961 nostram
1833 3906 1897 3961 in
1947 3908 2110 3964 acetis

448 3985 731 4044 habemus
777 3991 805 4043 ?
856 3990 1150 4061 quomodo
1208 4006 1330 4047 non
1388 3994 1707 4063 progenies
1760 3994 2111 4065 viperarum

447 4091 677 4149 sumus,
699 4078 805 4151 qui
826 4093 943 4134 non
964 4080 1026 4134 in
1048 4078 1386 4137 obedientia
1406 4081 1536 4150 Dei,
1558 4082 1663 4138 sed
1683 4082 1746 4138 in
1774 4082 2114 4141 inobedien-

452 4169 558 4235 tia,
586 4184 721 4240 qua:
743 4183 853 4238 per
880 4173 1210 4238 serpentem
1241 4174 1347 4237 est,
1381 4170 1883 4242 deprehendimur
1903 4176 1931 4227 ?
1956 4173 2111 4241 Quo-

452 4258 618 4314 niam
674 4258 862 4328 igitur
903 4273 1025 4313 non
1068 4259 1302 4314 invenio
1345 4260 1639 4330 quomodo
1700 4261 2110 4320 calamitatem

454 4346 626 4401 istam
648 4345 974 4417 deplorem,
1001 4354 1053 4404 et
1082 4347 1313 4419 ignoro,
1342 4348 1632 4420 quomodo
1663 4364 1797 4406 cum
1822 4350 2109 4422 lacrymis

457 4448 589 4491 eum
619 4436 723 4506 qui
741 4435 1150 4494 demorantem
1173 4439 1235 4493 in
1257 4453 1348 4495 me
1377 4437 1778 4497 seductionem
1798 4439 2035 4512 abigere
2052 4446 2110 4498 et

2228 594 2295 644 τὰ
2322 600 2417 655 τῆς
2443 600 2544 663 γῆς
2574 597 2892 666 φρονοῦντες,
2918 593 3006 642 καὶ
3034 589 3129 642 οὐκ
3154 587 3204 641 ἐν
3234 588 3471 662 οὐρανοῖς
3500 594 3593 648 τήν
3624 588 3879 642 πολιτείαν

2226 683 2472 754 ﬁxos-reg;
2504 689 2615 742 πῶς
2646 678 2792 735 δὲὀὐ
2820 685 3113 759 γεννήματα
3141 675 3370 752 ἐχιδνῶν
3397 698 3409 745 ;
3441 683 3550 736 etc.
3582 680 3880 748 Quomodo

2225 774 2381 829 enim
2400 789 2522 829 non
2553 788 2756 829 sumus
2787 777 3088 842 serpentes
3114 772 3220 843 qui
3245 784 3426 840 super
3450 777 3676 827 terram
3701 771 3882 841 serpi-

2222 877 2377 933 mus,
2408 868 2464 919 et
2493 867 2737 920 terrena
2766 862 3049 934 sapimus,
3084 850 3192 921 nec
3225 861 3727 917 conversationem
3752 876 3883 917 nos-

2224 954 2383 1007 tram
2416 950 2699 1008 habemus
2739 952 2801 1007 in
2833 950 2997 1008 cwlis
3028 953 3057 1005 Σ)
3081 948 3373 1022 quomodo
3411 963 3533 1005 non
3569 950 3880 1020 progenies

2223 1040 2570 1110 viperarum
2588 1045 2613 1095 .9
2628 1043 2738 1099 etc.
2765 1042 3058 1110 Fortasse,
3080 1042 3142 1095 ut
3163 1038 3253 1094 vis
3273 1037 3458 1094 divini
3477 1037 3679 1095 auxilii
3700 1043 3895 1114 atque.

2221 1128 2547 1186 necessitas
2577 1128 2992 1186 ostenderetur
3016 1127 3143 1201 (qui
3163 1127 3344 1198 hujus
3375 1127 3634 1184 auctoris
3660 1142 3875 1200 scopus

2220 1216 2414 1277 fuisse
2438 1217 2753 1289 creditur):
2774 1217 2880 1273 sed
2902 1232 3091 1290 quam
3112 1231 3332 1289 parum
3361 1216 3486 1274 haec
3507 1217 3713 1273 omnia
3731 1216 3877 1272 inter

2223 1322 2287 1363 se
2313 1307 2675 1376 cohercent,
2698 1305 2926 1375 vident,
2960 1307 3201 1380 opinor,
3234 1322 3469 1366 omnes.
3487 1307 3694 1364 Finem
3712 1306 3872 1364 lucu-

2216 1395 2614 1453 bratiunculas
2635 1412 2759 1452 suae
2780 1411 2923 1452 mox
2943 1395 3339 1469 impositurus
3361 1400 3589 1465 auctor,
3615 1395 3876 1467 confugit

2216 1485 2298 1542 ad
2311 1485 2460 1543 illud
2481 1502 2680 1554 suum,
2711 1490 2774 1543 ut
2795 1484 3122 1558 repetenda
3138 1485 3344 1559 aliqua
3362 1501 3509 1543 voce
3536 1500 3874 1543 sermonem

2214 1575 2609 1647 protraheret.
2636 1577 2791 1646 Ergo
2821 1579 3037 1647 praeter
3065 1573 3580 1648 exspectationem
3602 1590 3748 1631 voce
3771 1582 3871 1650 πῦρ

2212 1663 2416 1733 utitur,
2440 1679 2699 1738 eamque
2727 1662 3187 1737 quatuordecies
3215 1662 3460 1720 adhibet
3489 1682 3502 1732 ;
3531 1666 3587 1720 et
3615 1667 3682 1720 ut
3708 1663 3871 1733 alias,

2211 1752 2295 1811 ita
2323 1753 2422 1810 hic
2451 1770 2698 1828 quoque
2726 1769 2851 1810 non
2881 1753 3023 1811 satis
3052 1752 3398 1825 intelligitur
3430 1753 3508 1809 ad
3536 1752 3704 1827 quid,
3737 1769 3874 1810 cum

2209 1843 2341 1901 haec
2366 1842 2674 1912 scriberet,
2702 1843 3053 1917 respexerit.
3085 1845 3213 1900 Non
3242 1858 3383 1914 ergo
3404 1842 3523 1900 alio
3544 1842 3741 1913 magis
3764 1858 3870 1899 no-

2211 1932 2375 1990 mine
2413 1932 2720 2007 repudiari
2751 1933 2973 1990 debere
3010 1932 3127 1989 hoc
3155 1932 3338 1989 breve
3368 1932 3659 2007 scriptum
3700 1936 3868 2005 puto,

2209 2036 2401 2097 quam
2429 2020 2599 2094 quod
2619 2021 2879 2078 auctoris
2902 2036 3124 2095 scopus
3145 2019 3345 2076 nullus
3374 2020 3559 2076 fuisse
3579 2019 3868 2079 videatur.

2209 2109 2410 2168 Verba
2434 2113 2915 2184 sunt,'prreterea
2938 2109 3123 2166 nihil:
3157 2124 3269 2166 nec
3298 2107 3480 2167 verba
3506 2107 3870 2182 simpliciter,

2210 2198 2318 2255 sed
2350 2198 2538 2256 verba
2564 2198 2720 2255 male
2750 2198 2902 2255 inter
2933 2213 2997 2254 se
3027 2197 3411 2255 cohaerentia.

2279 2292 2369 2346 23.
2405 2289 2527 2345 Etsi
2557 2288 2700 2346 satis
2731 2288 2919 2361 liquet
2948 2303 3021 2344 ex
3057 2288 3254 2353 dictis,
3281 2287 3345 2343 id
3377 2287 3743 2361 opusculum
3771 2290 3875 2344 Ba-

2210 2378 2340 2436 silio
2372 2379 2555 2438 tribui
2581 2379 2796 2436 merito
2827 2394 2949 2435 non
2981 2393 3163 2450 posse
3192 2395 3204 2433 :
3235 2383 3441 2435 tamen
3471 2377 3764 2435 nonnulla
3792 2377 3875 2434 ad

2207 2469 2325 2526 hoc
2350 2468 2515 2525 idem
2536 2467 3068 2541 comprobandum
3085 2466 3411 2524 ascribam.
3441 2469 3649 2525 Fateor
3673 2472 3871 2524 autem

2208 2557 2449 2629 singula
2470 2573 2704 2626 eorum,
2726 2572 2860 2630 quas
2877 2557 3153 2613 dicturus
3177 2573 3334 2626 sum,
3359 2556 3409 2612 si
3434 2572 3709 2612 seorsum
3731 2572 3872 2612 con-

2209 2646 2569 2718 siderentur,
2612 2662 2735 2702 non
2772 2646 2856 2705 ita
2892 2645 3152 2702 multum
3188 2645 3423 2702 roboris
3461 2662 3531 2703 ac
3586 2645 3873 2702 momenti

2206 2735 2489 2793 habitura
2521 2752 2534 2791 :
2571 2738 2681 2792 sed
2727 2736 2777 2791 si
2813 2736 3090 2793 omnium
3135 2734 3319 2791 simul
3366 2734 3663 2792 habeatur
3700 2733 3870 2806 ratio,

2209 2841 2386 2900 spero
2414 2830 2686 2883 nostram
2708 2824 3060 2897 opinionem
3090 2824 3231 2882 inde
3255 2824 3519 2880 maxime
3546 2824 3870 2881 conﬁrma-

2207 2919 2338 2972 tum
2356 2914 2447 2972 iri.
2472 2914 2799 2971 Exordium
2823 2931 3062 2970 sumam
3083 2914 3162 2970 ab
3182 2913 3276 2970 his
3294 2913 3495 2971 verbis
3519 2916 3681 2987 (pag.
3706 2916 3833 2982 613)
3854 2923 3869 2960 ε

2206 3009 2507 3078 Ἀμήχανον
2537 3008 2638 3081 γὰρ
2666 3003 2909 3063 ἐπιϐῆναι
2943 3002 3027 3056 ἐπὶ
3054 2999 3264 3056 ἀσπίὸἀ
3291 3009 3381 3056 καὶ
3414 3001 3748 3077 βασίλισκον,
3779 3008 3873 3056 καὶ

2210 3103 2586 3154 καταπατῆσαι
2633 3093 2811 3147 λέοντα
2845 3099 2933 3146 καὶ
2981 3090 3260 3167 δράκοντα,
3310 3099 3381 3166 μή
3428 3098 3695 3169 πρότερον,
3738 3094 3870 3146 καθὸ

2214 3181 2434 3238 δυνατὸν
2454 3183 2727 3258 ἀνθρώπῳ,
2750 3183 3109 3257 ἐκκαθάραντα
3126 3183 3325 3250 ἑαυτὸν,
3344 3180 3714 3257 δυναμωθῆναι
3729 3186 3873 3256 παρὰ

2213 3281 2305 3328 τοῦ
2346 3274 2577 3337 εἰπόντος
2629 3281 2738 3335 τοῖς
2793 3272 3125 3336 ἀποστόλοις·
3176 3269 3333 3339 Ἰδού,
3374 3277 3485 3329 etc.
3534 3277 3869 3346 lnterpres:

2212 3362 2584 3434 Impossibile
2620 3378 2881 3435 namque
2909 3368 2996 3419 est
3032 3361 3347 3419 ambulare
3382 3377 3562 3432 super
3604 3360 3871 3431 aspidem

2216 3458 2272 3510 et
2318 3453 2687 3523 basiliscum,
2733 3458 2788 3509 et
2844 3452 3087 3509 calcare
3140 3452 3367 3509 leonem
3426 3457 3482 3508 et
3527 3451 3874 3519 draconem,

2217 3557 2371 3610 eum,
2401 3543 2508 3616 qui
2524 3558 2645 3599 non
2660 3543 2837 3612 prius
2865 3542 3146 3611 seipsum,
3180 3547 3473 3614 quatenus
3504 3540 3732 3597 homini
3749 3554 3878 3611 pos-

2216 3633 2390 3690 sibile
2418 3639 2523 3702 est,
2553 3633 2931 3703 repurgauit,
2972 3638 3037 3688 ut
3064 3633 3252 3703 possit
3283 3631 3672 3689 corroborari
3707 3630 3781 3686 ab
3808 3644 3878 3687 eo

2218 3722 2327 3793 qui
2360 3722 2647 3792 apostolis
2685 3721 2887 3778 discit:
2934 3742 2961 3771 ‹‹
3008 3721 3165 3778 Ecce
3211 3743 3239 3770 »
3283 3724 3394 3776 etc.
3435 3718 3622 3776 Velim
3669 3722 3878 3776 autem

2218 3808 2404 3884 paulo
2435 3810 2718 3866 attentius
2747 3808 3126 3883 expendatur
3152 3808 3320 3880 illud,
3356 3805 3728 3882 δυναμωθῆναι
3758 3824 3771 3863 :
3804 3813 3878 3864 ut

2213 3898 2405 3967 possit
2427 3897 2829 3965 corroborari,
2884 3896 2945 3952 in
2966 3912 3089 3969 quo
3111 3895 3237 3952 vitii
3257 3895 3489 3970 aliquid
3517 3896 3713 3953 inesse
3742 3913 3878 3952 sus-

2218 3985 2407 4059 picor.
2450 3984 2604 4041 Nihil
2632 3984 2794 4042 enim
2824 3984 3000 4042 video
3034 3985 3096 4040 in
3132 3989 3259 4041 tota
3286 3985 3556 4059 periodo,
3588 4001 3626 4041 a
3658 4001 3780 4059 quo
3809 3985 3879 4043 id

2220 4074 2474 4132 verbum
2505 4078 2608 4132 aut
2635 4074 2762 4144 regi
2792 4079 2897 4132 aut
2923 4073 3266 4146 dependere
3295 4075 3485 4148 possit
3514 4093 3527 4130 :
3562 4075 3668 4132 sed
3692 4075 3880 4150 quasi

2224 4180 2591 4237 suspensum
2629 4168 2898 4249 est,.nec
2947 4164 3092 4221 satis
3136 4164 3382 4237 reliquae
3440 4165 3698 4223 orationi
3735 4180 3883 4221 con-

2219 4269 2468 4311 nexum.
2524 4253 2801 4328 Sequitur
2851 4269 2863 4309 :
2928 4253 3147 4327 Ὀφείλει
3205 4253 3468 4329 ἀκορέστῳ
3524 4263 3717 4328 στοργῇ
3783 4260 3882 4309 καὶ

2223 4342 2472 4416 ἀπλήστῴ
2495 4340 2731 4397 διαθέσει
2757 4343 2811 4406 ἐξ
2839 4343 2961 4405 ὅλης
2989 4342 3218 4420 καρδίας
3237 4349 3327 4396 καὶ
3358 4340 3645 4417 δυνάμεως,
3669 4346 3881 4418 νύκτωρ

2220 4453 2275 4485 τε
2317 4439 2407 4486 καὶ
2439 4433 2752 4507 μεθ’ἡμέραν
2792 4433 2965 4493 ζητεῖν
3010 4437 3103 4491 τήν
3142 4431 3197 4483 ἐκ
3238 4431 3329 4484 τοῦ
3357 4436 3482 4485 Θεοῦ
3515 4431 3791 4504 ἀντίληψιν
3824 4432 3881 4485 ἐν

457 4501 754 4595 erpellere
806 4530 1019 4595 potest,
1084 4528 1424 4599 implerem,
1493 4530 1785 4601 quomodo
1851 4501 2107 4590 cantabo
2138 4501 2185 4558 D
2223 4501 2463 4597 δυνάμει.
2508 4501 2604 4578 Ad
2644 4501 2921 4590 verbum,
2965 4522 3135 4579 debet
3174 4536 3379 4578 amore
3415 4501 3773 4587 insatiabili,
3821 4529 3884 4578 et

459 4615 763 4672 canticum
800 4616 1045 4673 Domini
1087 4617 1150 4673 in
1183 4622 1346 4674 terra
1378 4619 1583 4676 aliena
1608 4621 1634 4672 1’
1679 4620 1971 4691 quomodo
2022 4623 2111 4679 ta-

459 4704 762 4760 mentator
792 4719 863 4761 ac
880 4704 1105 4774 deﬂebo
1120 4706 1457 4763 Jerusalem
1489 4710 1517 4762 ?
1545 4708 1681 4763 Haec
1715 4708 2110 4780 eo:copiosius

460 4792 652 4860 retuli,
692 4809 816 4867 quo
862 4794 1059 4865 magis
1109 4793 1415 4867 scriptoris
1464 4794 1656 4852 idoles
1713 4801 2112 4867 cognoscatur

462 4886 643 4955 atque
662 4882 974 4953 ingenium
995 4884 1255 4941 hominis
1281 4900 1534 4957 scopum
1557 4884 1790 4941 nullum
1810 4886 2111 4958 habentis,

462 4977 519 5029 et
538 4972 683 5030 nihil
704 4972 889 5041 aliud,
922 4972 1039 5031 nisi
1063 4979 1126 5031 ut
1154 4974 1340 5032 verba
1360 4974 1704 5048 perfundat,
1736 4977 2021 5033 curantis.
2050 4980 2117 5035 Et

459 5062 685 5135 nequis
702 5062 1021 5131 falleretur,
1035 5062 1301 5120 tribuens
1314 5062 1550 5130 Basilio,
1568 5064 1733 5138 quod
1751 5065 2115 5123 Basilianum

461 5166 585 5209 non
630 5156 736 5219 est,
769 5151 1061 5227 particula
1088 5161 1197 5215 πῶς
1223 5152 1340 5210 hoc
1370 5153 1501 5226 ipso
1540 5154 1602 5210 in
1638 5151 1772 5210 loco
1801 5154 1984 5211 vicies
2021 5171 2117 5213 oc-

464 5239 665 5309 currit,
693 5243 775 5298 slc
797 5246 862 5298 ut
877 5240 1123 5301 taedium
1147 5241 1316 5317 quod
1334 5257 1514 5299 voces
1539 5245 1682 5294 οὔπω
1703 5247 1762 5301 et
1778 5246 1853 5296 ἔτι
1869 5258 2114 5318 pepere-

459 5334 611 5399 rant,
655 5331 844 5388 altera
871 5331 1115 5394 alterius
1146 5332 1306 5390 vocis
1332 5331 1682 5406 repetitione
1711 5332 1971 5390 multum
2004 5349 2111 5391 au-

460 5425 688 5495 geatur.
723 5423 842 5478 Nec
865 5421 1064 5480 solum
1082 5422 1302 5481 vocula
1320 5430 1427 5485 πῶς
1457 5422 1536 5480 ad
1566 5422 1900 5481 satietatem
1924 5439 2113 5497 usque

458 5512 809 5570 adhibetur:
840 5512 966 5580 sed,
995 5513 1161 5586 quod
1185 5512 1379 5585 magis
1400 5512 1478 5571 ad
1494 5530 1623 5570 rem
1648 5513 1806 5582 facit,
1839 5513 1968 5571 sine
1990 5514 2112 5573 ullo

460 5602 731 5673 consilio,
753 5601 880 5660 sine
899 5601 1023 5660 ullo
1044 5601 1296 5675 delectu,
1323 5603 1450 5662 sine
1471 5602 1833 5675 ullojudicio
1854 5604 2113 5678 plerum-

2221 4612 2412 4668 animi
2429 4611 2650 4681 affectu
2675 4610 3052 4680 inexplebili,
3075 4625 3150 4666 ea:
3170 4612 3333 4667 omni
3357 4611 3531 4667 corde
3549 4616 3605 4667 et
3628 4610 3882 4681 virtute,

2220 4707 2420 4758 noctes
2436 4706 2616 4773 atque
2631 4701 2774 4768 dies,
2798 4701 2909 4757 Dei
2924 4701 3227 4757 auxilium
3241 4716 3512 4774 quterere
3531 4701 3593 4756 in
3612 4701 3843 4756 virtute
3864 4719 3879 4756 :

2219 4790 2327 4846 ubi
2350 4788 2500 4846 illud
2530 4788 2579 4841 ἐν
2613 4786 2856 4862 δυνάμει,
2902 4792 2964 4846 in
2994 4790 3238 4860 virtute,
3264 4806 3389 4847 non
3416 4789 3570 4846 belle
3598 4788 3678 4845 ibi
3706 4789 3882 4861 posi-

2222 4883 2350 4936 tum
2380 4882 2469 4935 est
2490 4896 2504 4947 ;
2525 4894 2638 4934 nec
2659 4877 2832 4935 valde
2861 4877 3197 4935 admodum
3221 4879 3456 4949 dubito,
3481 4879 3628 4953 quin
3660 4876 3886 4933 melius

2223 4966 2477 5024 abesset.
2499 4969 2648 5023 Nam
2664 4970 3069 5041 praeterquam
3087 4968 3254 5041 quod
3276 4967 3355 5024 ita
3384 4967 3592 5024 ultimo
3610 4966 3746 5023 loco
3769 4982 3887 5040 po—

2221 5055 2426 5121 situm,
2457 5053 2571 5111 fert
2598 5071 2722 5128 prae
2764 5071 2826 5111 se
2856 5055 3106 5112 insuave
3135 5056 3365 5128 aliquid
3393 5060 3450 5112 et
3477 5055 3887 5123 inurbanum,

2222 5148 2513 5217 praeterea
2539 5144 2881 5201 redundare
2906 5144 3050 5201 mihi
3078 5144 3328 5201 videtur.
3360 5149 3684 5218 Postquam
3709 5143 3891 5200 enim

2222 5238 2434 5291 auctor
2466 5233 2788 5309 scripserat
2826 5234 3224 5308 quaerendum
3253 5250 3384 5292 esse
3425 5237 3616 5293 Deum
3643 5249 3716 5290 ex
3748 5239 3891 5292 toto

2222 5324 2402 5381 corde
2427 5328 2606 5398 atque
2635 5324 2870 5394 virtute,
2903 5322 3071 5397 quid,
3093 5339 3324 5397 quaeso,
3348 5323 3516 5397 illud,
3541 5326 3605 5381 in
3627 5325 3890 5395 virtute,

2223 5414 2446 5472 addere
2474 5429 2721 5471 necesse
2748 5414 2925 5471 erat?
2960 5412 3149 5470 Paulo
3182 5418 3322 5487 post
3348 5413 3432 5471 ita
3459 5413 3675 5485 legitur
3701 5414 3892 5487 (pag.

2222 5505 2349 5576 614)
2400 5519 2414 5557 ε
2468 5506 2627 5556 Οὔπω
2676 5503 2987 5579 ἐρῥαντίσθη
3034 5504 3177 5576 ἡμῶν
3226 5506 3256 5562 ἡ
3307 5500 3505 5579 καρδία
3554 5512 3626 5575 τῷ
3688 5504 3898 5578 αἵματι

2220 5602 2314 5648 τοῦ
2364 5594 2556 5666 Ἀμνοῦ
2601 5600 2693 5647 τοῦ
2737 5598 2885 5648 Θεοῦο
2925 5594 3002 5647 ἔτι
3048 5596 3150 5670 γὰρ
3189 5597 3247 5647 τὸ
3290 5596 3546 5667 πέταυρον
3592 5602 3685 5648 τοῦ
3735 5593 3893 5667 ᾅδου
