4058 6192
220 268 282 325 53
1727 273 2123 332 PREFATIO.
3553 287 3624 341 54

223 402 302 450 ηδ
320 399 379 449 τί
404 397 709 467 ἄγκιστρον
735 402 832 457 τῆς
854 398 1043 457 κακίας
1063 394 1399 468 ipa-macrae
1419 397 1575 474 adn}.
1598 400 1884 458 Nondum

2004 399 2220 457 humile
2239 400 2301 457 in
2332 416 2403 459 eo
2419 402 2704 476 reperias,
2726 408 3084 461 cumtamen
3102 405 3161 463 in
3174 421 3313 464 vere
3330 406 3642 465 Basilianis

224 501 525 557 aspersum
577 490 669 543 est
724 499 832 542 cor
874 490 1151 542 nostrum
1202 489 1499 558 sanguine
1535 490 1701 561 Agni
1738 491 1881 547 Dei:

227 576 419 634 adhuc
439 574 607 633 enim
634 574 742 632 illi
768 574 1022 646 laqueus
1049 575 1283 644 inferni
1306 581 1360 633 et
1390 578 1600 635 hamus
1636 579 1887 636 malitia:

231 666 435 735 inﬁt“
462 670 578 721 est.
611 663 888 723 Primum
924 663 1187 723 hominis
1215 671 1356 723 sunt
1383 667 1591 735 verba,
1622 667 1729 740 qui
1760 682 1886 724 non

220 760 572 813 ceterorum
592 752 924 815 homnnum
946 768 1117 815 more
1140 753 1427 828 loquitur.
1475 756 1656 813 Pauci
1698 756 1883 824 enim,

219 845 315 917 qui
342 843 899 913 interrogarentur,
945 858 1056 903 cur
1105 859 1209 903 cor
1265 850 1545 902 nostrum
1590 845 1885 916 sanguine

226 933 358 1005 Δειιὶ
386 933 498 990 Dei
527 931 820 993 nondum
841 948 1163 1007 aspersum
1186 933 1280 1005 sit,
1309 934 1393 991 ita
1416 935 1882 1009 responderent:

218 1024 433 1085 Adhuc
451 1024 627 1081 enim
651 1023 911 1095 laqueus
935 1023 1171 1093 inferni
1198 1030 1255 1081 et
1282 1024 1497 1082 hamus
1521 1026 1776 1082 malitias
1798 1026 1887 1081 in-

216 1116 368 1183 ﬁxus
399 1120 493 1171 est
512 1113 643 1169 illi.
673 1111 903 1171 Deinde
926 1128 1141 1171 vocem
1172 1117 1429 1190 πέτανρον
1454 1129 1567 1187 pro
1593 1130 1692 1183 eo,
1719 1112 1889 1187 quod

220 1203 421 1277 βρόχος
454 1204 683 1259 usitate
700 1200 934 1267 dicitur,
954 1216 1312 1274 nusquama
1328 1202 1545 1260 Basilio
1553 1202 1886 1260 adhibitam

217 1291 479 1355 invenio.
524 1294 652 1351 Nec
681 1289 764 1349 ita
793 1290 988 1352 multo
1014 1290 1172 1350 infra
1188 1291 1271 1350 ita
1296 1295 1507 1350 auctor
1531 1291 1771 1349 locutus
1799 1296 1891 1348 est

219 1381 443 1453 (ibid.):
477 1383 651 1434 Οὕτω
680 1385 963 1454 γεγόναμεν
983 1377 1173 1443 ἄδολος
1196 1384 1435 1457 πορφύρα
1466 1380 1742 1454 βασιλικὴ,
1766 1377 1891 1436 οὐδὲ

221 1471 492 1535 uerno:
527 1471 687 1527 ιεκὼν
716 1473 883 1531 Buzzi.
908 1470 1195 1530 Nondum
1212 1472 1371 1542 facti
1396 1487 1599 1528 sumus
1622 1472 1766 1543 fuco
1796 1486 1891 1528 ca-

221 1578 353 1620 reas
369 1575 674 1632 purpura
696 1562 887 1631 regia,
904 1574 1096 1633 neque
1116 1576 1408 1630 germana
1428 1561 1626 1632 imago
1649 1562 1891 1619 diuina:

223 1651 321 1711 ubi
346 1650 731 1718 notandum,
751 1649 919 1723 quod
933 1649 1065 1720 jam
1076 1649 1218 1707 alibi
1228 1650 1598 1714 notavimus,
1613 1648 1895 1709 Basilium

1993 490 2110 546 illis
2136 490 2396 547 exordiis
2426 492 2653 561 grande
2681 493 2996 566 quoddam
3026 499 3084 551 et
3118 496 3375 553 sublime
3402 497 3643 553 dicendi

1995 593 2185 648 genus
2216 594 2453 651 semper
2474 579 2849 637 adhibeatur.
2877 583 3204 656 Postquam
3220 589 3420 642 autem
3435 584 3645 655 frigide

1995 682 2248 723 exorsus
2275 672 2364 723 est
2392 667 2663 741 scriptor,
2686 668 2961 739 frigidius
2986 670 3067 727 ita
3086 674 3463 745 persequitur
3479 674 3641 747 (pag.

1993 757 2151 828 617):
2180 762 2243 810 Ti
2271 760 2396 810 εἴπω
2420 773 2436 824 ;
2457 766 2565 820 πῶς
2595 760 2730 831 ὑμᾶς
2774 760 3240 834 προσφθέγξομαις
3293 771 3401 824 πῶς
3444 782 3647 836 προκα-

1994 845 2299 919 ταλήψομαι
2326 849 2392 899 τὰ
2416 847 2734 921 παρελθόντα
2757 867 2771 915 ς
2795 856 2893 900 τῶν
2918 848 3203 921 μελλόντων
3230 854 3289 903 τὸ
3320 856 3478 925 χρέος
3501 870 3513 907 ε
3551 856 3651 906 Καὶ

1994 937 2094 1009 γὰρ
2125 935 2481 1009 παρελθόντων
2506 938 2789 1000 ὑπεύθυνός
2807 938 2930 1011 εἰμι,
2952 943 3040 990 καὶ
3052 938 3335 1011 μελλόντων
3346 948 3595 1016 χρεώστη
3606 964 3644 1004 ς.

1999 1025 2157 1092 Quid
2175 1026 2415 1083 dicam?
2463 1042 2581 1098 quo
2613 1042 2711 1083 vos
2740 1029 2914 1084 modo
2946 1031 3277 1101 alloquar?
3328 1036 3650 1100 quopacto

1998 1122 2371 1173 antevertam
2399 1118 2713 1186 praeterita
2732 1120 2761 1172 ?
2795 1119 3148 1188 futurorum
3179 1119 3440 1176 debitum
3461 1124 3490 1175 ?
3515 1121 3655 1177 Ete-

1998 1206 2123 1265 nim
2148 1206 2605 1275 praeteritorum
2624 1220 2762 1262 reus
2777 1222 2927 1277 sum,
2952 1212 3005 1263 et
3023 1209 3374 1277 futurorum
3396 1208 3649 1265 debitor.

2000 1293 2205 1350 Dicam
2229 1293 2507 1363 vicissim,
2537 1294 2765 1351 nescire
2781 1312 2879 1351 me
2900 1312 3021 1369 quo
3042 1297 3171 1353 haec
3189 1297 3431 1355 nomine
3453 1297 3657 1371 appel-

1999 1383 2139 1440 lem.
2175 1383 2330 1449 Quid
2371 1384 2533 1440 enim
2563 1384 2677 1441 sibi
2703 1385 2843 1442 velit
2878 1385 3047 1442 illud.
3106 1386 3229 1454 Quo
3272 1393 3455 1456 pacto
3493 1393 3656 1444 ante-

2003 1478 2235 1529 vertam
2252 1474 2564 1541 prater-ita
2589 1477 2616 1527 .9
2647 1475 3002 1543 futurorum
3031 1475 3291 1533 debitum
3312 1479 3337 1529 .9
3364 1490 3487 1532 non
3517 1475 3658 1532 satis

2002 1561 2267 1632 intelligo
2289 1561 2385 1634 (c).
2417 1563 2734 1628 Quomodo
2754 1563 2932 1635 igitur
2947 1565 3075 1621 11th
3094 1568 3197 1621 aut
3217 1564 3496 1621 vocanda
3518 1564 3657 1635 sint,

2004 1653 2106 1706 aut
2120 1649 2528 1720 intelligenda,
2553 1650 2653 1706 alii
2674 1651 2950 1708 viderint.
2966 1652 3284 1726 Aliquanto
3300 1658 3436 1726 post
3455 1657 3662 1709 auctor

223 1758 363 1801 voce
394 1744 573 1804 me;
591 1756 919 1814 nunquam
931 1740 995 1797 in
1006 1740 1131 1797 suis
1149 1740 1382 1814 scriptis
1399 1740 1487 1797 uti
1499 1742 1600 1813 (α).
1614 1738 1896 1797 Nonnihil

2004 1738 2087 1796 ita
2111 1737 2315 1795 scribit
2344 1740 2505 1810 (pag.
2541 1740 2664 1812 618)
2702 1758 2716 1795 :
2770 1742 2907 1794 Ἐπεὶ
2952 1742 3039 1793 οὖν
3088 1744 3138 1795 οἱ
3189 1745 3279 1815 μὲν
3324 1742 3482 1816 βαθεί
3529 1762 3661 1795 κατ-

223 1838 306 1891 est
331 1847 617 1905 quoque,
661 1830 833 1904 quod
865 1845 985 1888 vox
1018 1838 1311 1905 τοιγαροῦν,
1338 1846 1475 1904 qum
1513 1833 1637 1887 tam
1676 1844 1895 1903 parum

225 1920 436 1980 Basilio
462 1918 795 1981 familiaris
821 1924 967 1989 erat,
1000 1925 1067 1976 ut
1091 1935 1275 1993 opere
1296 1919 1358 1975 in
1383 1919 1569 1990 longo
1600 1919 1677 1991 ψ)
1706 1935 1784 1975 ne
1809 1934 1897 1975 se-

227 2011 340 2068 mel
360 2010 629 2083 quidem
653 2024 731 2067 ea
761 2024 906 2067 usus
938 2009 1031 2080 sit,
1068 2008 1201 2082 ipsa
1237 2013 1441 2065 tamen
1478 2008 1543 2064 in
1579 2011 1703 2065 tam
1726 2007 1897 2065 brevi

232 2098 528 2171 opusculo
556 2102 649 2156 ter
671 2100 779 2155 aut
800 2102 1014 2170 quater
1041 2096 1389 2170 reperiatur.
1446 2096 1673 2163 Quodsi
1702 2096 1765 2153 in
1796 2095 1899 2155 ali-

234 2188 401 2259 cujus
430 2190 647 2248 mente
683 2184 1007 2258 scrupulus
1041 2189 1220 2258 atque
1249 2184 1547 2243 dubitatio
1574 2184 1777 2243 adhuc
1807 2200 1897 2241 re-

228 2276 439 2338 sideat,
467 2274 662 2332 velim
688 2273 847 2333 hanc
874 2273 1462 2333 lucubratiunculam
1491 2291 1632 2335 cum
1659 2273 1897 2332 indubi-

230 2366 366 2423 tati:
638 2362 879 2435 scriptis
902 2366 1239 2436 comparet:
1267 2362 1439 2436 quod
1461 2363 1566 2420 ubi
1585 2362 1900 2433 diligenter

228 2455 454 2523 iecerit,
484 2452 665 2513 brevi
701 2467 1101 2510 assensurum
1132 2451 1395 2522 conﬁdo,
1440 2452 1729 2513 Basilium
1767 2452 1899 2523 ejus

224 2542 571 2614 legitimum
600 2545 922 2614 parentem
949 2555 1077 2599 non
1108 2556 1260 2601 esse.

262 2725 292 2792 δ
318 2725 410 2781 II.
448 2723 546 2783 De
573 2722 832 2781 humilia
860 2722 926 2784 in
955 2720 1137 2789 illud,
1169 2741 1197 2775 α
1219 2721 1310 2779 Ne
1328 2720 1565 2780 dederis
1594 2735 1864 2779 somnum

780 2812 975 2869 oculis
1006 2811 1146 2880 tuis,
1174 2834 1205 2863 υ
1238 2817 1348 2869 etc.

293 2997 389 3052 at.
430 2996 601 3052 Hanc
628 2992 948 3050 homiliam
997 3007 1121 3049 non
1169 2992 1253 3050 ita
1300 2991 1536 3066 pridem
1582 2990 1898 3051 ediderunt

226 3082 587 3142 Franciseus
615 3081 1015 3141 Combeﬁsius
1051 3086 1108 3139 et
1142 3085 1402 3141 Joannes
1432 3082 1695 3156 Baptista
1729 3082 1897 3140 Cote-
1935 3067 1983 3125 C-

224 3173 443 3239 larius;
472 3171 575 3229 ille
606 3172 814 3231 Latine
843 3171 1062 3241 solum,
1091 3171 1189 3229 hic
1212 3174 1407 3229 Grazce
1428 3178 1484 3229 et
1512 3171 1731 3231 Latine.
1757 3171 1897 3242 Ejus

224 3266 308 3321 ita
335 3263 719 3321 mentionem
746 3260 975 3318 faciunt
1001 3260 1336 3318 doctissimi
1359 3261 1466 3318 viri
1494 3259 1899 3318 Tillemontius

226 3357 285 3410 et
313 3352 617 3426 Dupinus,
653 3355 718 3408 ut
740 3350 937 3423 ipsam
955 3349 1168 3407 Basilio
1188 3365 1416 3421 magno
1437 3365 1560 3406 non
1580 3348 1899 3419 indignam

226 3458 363 3500 esse
390 3440 810 3515 pronuntient.
844 3442 962 3497 Hoc
992 3439 1153 3497 idem
1180 3454 1256 3496 ea
1279 3438 1354 3495 de
1374 3436 1901 3496 lucubratiuncula

229 3532 357 3603 jam
386 3536 577 3587 antea
606 3533 918 3587 senserant
930 3528 1055 3585 duo
1068 3528 1109 3584 ii
1120 3543 1277 3602 quos
1300 3527 1566 3601 primum
1588 3525 1900 3588 nominavi

232 3620 337 3677 viri
358 3618 777 3677 eruditissimi.
801 3617 965 3675 Dolet
984 3617 1151 3688 mihi,
1182 3616 1348 3691 quod
1369 3617 1498 3673 haec
1523 3614 1902 3673 oratiuncula

230 3709 347 3767 hos
376 3718 681 3782 patronos
713 3706 954 3765 habeat.
1002 3708 1218 3764 Vereor
1246 3706 1432 3774 enim,
1471 3721 1549 3762 ne
1587 3721 1795 3763 eorum
1837 3702 1900 3761 in

225 3799 439 3857 litteris
453 3796 788 3858 auctoritas
808 3801 1039 3855 tantum
1064 3796 1229 3870 apud
1249 3796 1485 3870 aliquos
1504 3795 1721 3865 valeat,
1740 3798 1805 3853 ut
1823 3809 1900 3850 ne

224 3888 415 3946 velint
451 3886 712 3961 quidem
748 3890 956 3944 nostra
996 3890 1354 3957 argumenta
1404 3884 1632 3943 audire.
1687 3885 1900 3951 Quare,

226 3979 345 4036 nisi
367 3994 471 4035 res
502 3976 643 4049 ipsa
669 3975 749 4033 ad
771 3974 1146 4048 loquendum
1171 3974 1439 4047 adigeret
1478 3989 1599 4039 me,
1640 3978 1901 4033 tacerem

226 4066 452 4124 libens.
495 4068 703 4138 Neque
741 4065 900 4122 enim
939 4064 1178 4135 ignoro,
1218 4079 1407 4137 quam
1441 4062 1516 4120 sit
1547 4061 1901 4135 periculosae

226 4158 490 4231 plenum
518 4170 680 4228 opus
709 4154 875 4223 aleae,
920 4152 1218 4225 ejusmodi
1240 4152 1385 4209 viris
1415 4151 1742 4208 adversari.
1787 4150 1903 4208 Sed

228 4247 537 4321 quoniam
567 4243 906 4317 quidquam
936 4241 1315 4300 dissimulare
1343 4256 1455 4297 nec
1488 4255 1758 4313 possum,
1791 4255 1904 4298 nec

232 4336 455 4409 debeo,
490 4332 645 4408 quid
672 4331 750 4389 de
769 4331 1191 4405 hocopusculo
1212 4329 1488 4400 sentiam,
1511 4328 1740 4402 aperire
1767 4344 1908 4389 con-

2007 1833 2223 1901 έχονται
2253 1829 2418 1900 ὕπνῳ,
2458 1828 2877 1905 λνθαργήσαντες
2928 1840 3027 1882 τῶν
3057 1838 3149 1884 τοῦ
3180 1840 3314 1886 Θεοῦ
3355 1829 3581 1908 δωριώνο
3614 1834 3664 1885 οἱ

2007 1915 2067 1971 δὲ
2099 1919 2309 1991 ἀναμὶξ,
2337 1921 2462 1971 ποτὲ
2492 1921 2583 1993 μὴν
2610 1919 2977 1995 ἐγρηγόρασιν,
3008 1924 3131 1974 ποτὶ
3173 1919 3233 1976 ὸνε
3263 1926 3437 1997 ὥσπερ
3482 1922 3663 1976 ἐπινυ-

2008 2007 2316 2068 στάζουσινο
2354 2006 2472 2060 οὒτε
2493 2011 2581 2060 τὸν
2618 2007 2884 2085 ἀλλότριον
2931 2007 3201 2082 δέχονται,
3245 2013 3361 2065 οὔτε
3413 2016 3498 2065 τόν
3540 2032 3664 2067 ποτε

2007 2097 2403 2171 ἐπιστρέφοντα,
2451 2096 2569 2150 οὒτε
2616 2102 2704 2150 τὸν
2754 2106 3010 2151 νοσοῦντα
3064 2104 3131 2163 ὡς
3186 2102 3500 2173 ὑγιαίνοντω
3553 2108 3667 2155 ’Ἰνα

2009 2190 2157 2259 σώζῃ
2186 2188 2360 2261 ὥσπερ
2390 2182 2585 2260 δορκὰς
2614 2186 2672 2239 ἐκ
2704 2186 2941 2262 βροχῶν.
2996 2196 3054 2241 Ἦ
3096 2185 3291 2263 δορκὰς
3345 2191 3474 2252 ζῶόν
3523 2191 3664 2244 ἐστιν

2007 2271 2307 2350 ὀξυδερκὲς,
2339 2274 2605 2348 ἐπώνυμον
2638 2284 2699 2350 τῇ
2745 2276 2933 2329 ἑαυτοῦ
2983 2274 3288 2355 ὀξυδορκίᾳυ
3341 2277 3492 2333 οὐδὲν
3539 2280 3665 2332 λαν-

2008 2366 2148 2418 θάνει
2202 2368 2289 2416 τὸν
2353 2363 2613 2437 ὀφθαλμόν
2686 2374 2783 2426 τῆς
2833 2362 3117 2443 δορκάδος,
3171 2365 3309 2422 οἶδεν
3362 2370 3389 2422 ὃ
3445 2370 3665 2443 φυλάξε-

2004 2473 2112 2520 ται,
2146 2459 2237 2506 καὶ
2266 2450 2405 2507 οἶδεν
2432 2458 2560 2507 ὅπου
2585 2462 2679 2507 τοῦ
2710 2452 2912 2529 δρόμου
2958 2461 3016 2509 τὸ
3062 2457 3450 2532 κυϐερνητικὸν.
3514 2460 3667 2526 Quia

2002 2545 2194 2615 igitur
2222 2544 2336 2600 alii
2352 2544 2591 2616 quidem
2613 2546 2924 2615 profundo
2948 2548 3301 2604 detinentur
3320 2564 3542 2620 somno,
3562 2549 3663 2605 do-

2002 2648 2220 2689 norum
2240 2634 2353 2689 Dei
2375 2633 2675 2690 oblivione
2704 2635 2880 2707 quasi
2918 2642 3160 2693 veterno
3201 2639 3513 2707 occupati;
3552 2639 3667 2694 alii

2003 2738 2149 2780 vero
2165 2724 2473 2792 permiste,
2505 2724 2813 2780 interdum
2845 2724 3130 2796 vigilant,
3170 2728 3664 2808 interdumeelut

2002 2812 2446 2883 indomitam;
2469 2827 2657 2885 neque
2669 2814 2934 2870 alienum
2955 2814 3306 2885 admittunt,
3328 2830 3518 2888 neque
3530 2831 3664 2872 eum

2004 2901 2457 2973 quialiquando
2486 2917 2802 2959 conversus
2831 2908 2939 2973 est,
2970 2919 3162 2976 neque
3198 2909 3489 2976 cegrotum
3529 2910 3661 2960 tan-

2004 3006 2184 3062 quam
2213 3005 2448 3047 sanum.
2478 3013 2507 3042 ‹‹
2537 2992 2609 3048 Ut
2642 2993 2896 3049 salveris
2929 2998 3218 3065 tanquam
3248 2993 3499 3051 damula
3521 3009 3551 3051 e
3576 2995 3664 3052 la-

2003 3082 2190 3152 queis.
2226 3102 2256 3130 ››
2287 3081 2552 3137 Damula
2572 3096 2674 3137 seu
2696 3089 2936 3147 dorcas,
2962 3084 3196 3140 animal
3214 3089 3298 3140 est
3318 3084 3446 3140 acie
3465 3085 3665 3141 oculo-

2004 3184 2142 3226 rum
2164 3170 2390 3234 valens,
2415 3184 2491 3226 ex
2503 3185 2622 3242 qua
2632 3170 2915 3228 dorcadis
2927 3185 3140 3228 nomen
3158 3172 3332 3233 tulit:
3347 3171 3504 3228 nihil
3518 3172 3665 3229 latet

2004 3258 2283 3316 dorcadis
2297 3259 2539 3315 oculum
2550 3275 2573 3316 .'
2584 3260 2751 3316 novit
2762 3260 2908 3332 quid
2918 3275 3129 3318 cavere
3138 3261 3372 3333 debeat;
3386 3262 3551 3318 novit
3564 3261 3670 3318 ubi

2004 3350 2080 3406 sit
2098 3364 2311 3405 cursus
2330 3348 2837 3420 gubernaculum.
2871 3350 2956 3406 Ita
2985 3349 3243 3407 scribere
3267 3350 3462 3423 potuit
3479 3350 3665 3407 homo

2004 3438 2230 3494 ultimas
2249 3438 2443 3506 sortis,
2468 3452 2597 3494 non
2618 3437 2866 3495 Basilius
2882 3442 3189 3495 oratorum
3210 3438 3498 3511 Optimus.
3513 3439 3667 3506 Quid

2005 3531 2098 3585 est
2112 3527 2292 3593 enim,
2316 3543 2546 3601 quaeso,
2563 3531 2760 3584 totum
2779 3526 3258 3599 illud,interdum
3280 3530 3561 3599 vigilant,
3578 3530 3667 3584 in-

2007 3617 2241 3673 terdum
2256 3617 2695 3686 indormitant;
2724 3632 2911 3688 neque
2929 3618 3192 3673 alienum
3211 3619 3557 3685 admittunt,
3571 3632 3669 3674 ne-

2006 3721 2120 3778 que
2129 3721 2260 3763 eum
2274 3706 2421 3778 quia
2428 3706 2718 3777 liquanda
2730 3720 3049 3762 conversus
3060 3711 3363 3778 est,neque
3372 3712 3666 3777 aegrotum

2008 3804 2298 3867 tanquam
2315 3810 2550 3866 sanum,
2564 3794 2680 3850 nisi
2700 3793 3023 3851 verborum
3039 3794 3449 3868 quorumdam
3463 3795 3669 3852 incon-

2007 3884 2132 3941 dita
2149 3883 2432 3957 quaedam
2445 3882 2796 3954 congeries?
2816 3884 3048 3953 Quaero,
3072 3883 3421 3954 vigilaretne
3437 3888 3666 3956 auctor,

2010 3989 2150 4031 cum
2171 3973 2255 4030 ita
2284 3972 2544 4046 scripsit,
2567 3987 2648 4029 an
2669 3971 3055 4029 dormitaret?
3100 3989 3365 4030 sanusne
3391 3976 3563 4044 esset,
3588 3989 3667 4031 an

2008 4062 2313 4135 aegrotus?
2327 4066 2441 4119 Nec
2462 4060 2654 4119 multo
2670 4061 2885 4119 melius
2907 4063 3173 4136 estquod
3195 4062 3486 4137 sequitur,
3500 4065 3669 4119 novit

2010 4153 2307 4227 [damula]
2329 4152 2433 4208 ubi
2445 4152 2523 4208 sit
2545 4166 2758 4208 cursus
2776 4151 3276 4223 gubernaculum.
3300 4153 3401 4208 llic
3422 4166 3666 4208 monere

2007 4244 2199 4315 juvat,
2227 4241 2579 4315 scriptorem
2601 4256 2633 4297 e
2656 4241 2855 4298 Basilii
2884 4241 3172 4309 oratione,
3196 4241 3293 4298 cui
3313 4241 3537 4315 titulus,
3561 4242 3669 4298 At-

2012 4332 2186 4389 tende
2216 4332 2324 4388 tibz
2354 4331 2489 4401 ipsi,
2529 4329 2824 4388 nonnulla
2854 4334 3191 4387 mutuatum
3212 4330 3426 4388 fuisse:
3458 4333 3562 4389 sed
3584 4332 3667 4389 sic

236 4426 423 4494 stitui,
450 4428 526 4480 ut
551 4421 638 4479 ab
666 4420 908 4479 eruditis
937 4420 1305 4482 hominibus,
1339 4419 1553 4476 merito
1583 4434 1662 4477 an
1691 4418 1904 4479 imme-
1939 4414 1983 4469 D
2012 4425 2236 4490 tamen,
2259 4423 2325 4477 ut
2346 4420 2470 4477 suis
2491 4419 2789 4477 Basiliana
2811 4419 3119 4492 depravet.
3137 4423 3461 4495 Postquam
3483 4423 3663 4490 enim,

237 4515 350 4571 rito
376 4514 467 4571 ab
497 4512 590 4570 eis
619 4510 993 4579 dissentiam,
1025 4509 1344 4581 judicetur.
1378 4512 1442 4566 In
1471 4506 1742 4581 qualibet
1774 4523 1904 4565 ora-

242 4605 424 4669 tione,
446 4601 548 4659 vel
569 4601 773 4675 potius
790 4600 853 4657 in
871 4599 1140 4673 quolibet
1161 4599 1382 4673 scripto
1400 4598 1523 4657 duo
1539 4597 1909 4656 considerari

242 4698 530 4766 possunt,
557 4689 752 4747 verba
777 4693 835 4747 et
853 4691 1177 4747 sententiae.
1204 4691 1461 4761 Utraque
1482 4692 1681 4747 autem
1708 4687 1769 4743 in
1789 4687 1904 4744 hoc

240 4781 566 4857 opusculo,
613 4783 678 4835 ut
716 4778 864 4836 mihi
919 4778 1166 4851 quidem
1210 4777 1466 4843 videtur,
1519 4776 1904 4850 peregrinum

244 4872 547 4947 quiddam
577 4874 637 4926 et
665 4885 705 4925 a
729 4867 935 4933 Basilii,
958 4867 1389 4925 consuetudine
1417 4866 1682 4924 alienum
1704 4867 1909 4941 praefe-

246 4968 403 5019 runt.
439 4964 507 5018 Et
536 4965 608 5016 ut
634 4957 787 5016 ordo
812 4957 1032 5030 aliquis
1059 4963 1347 5027 servetur,
1376 4957 1639 5031 primum
1669 4957 1745 5015 de
1777 4973 1909 5014 sen-

250 5049 467 5121 tentiis,
503 5046 731 5107 deinde
776 5046 853 5103 de
897 5045 1095 5103 verbis
1140 5046 1603 5120 disputabimus.
1656 5050 1811 5118 Ergo
1858 5047 1908 5103 si

251 5138 451 5213 ipsum
468 5136 793 5198 exordium
824 5134 1188 5207 consideres,
1217 5135 1366 5195 nihil
1388 5135 1503 5194 nisi
1522 5136 1825 5208 abjectum
1851 5140 1909 5195 et

357 5393 441 5463 (α)
470 5392 645 5449 Tom.
678 5391 727 5460 Ι,
754 5387 820 5445 in
850 5384 1021 5443 Prasf.
1052 5400 1113 5443 n.
1150 5389 1234 5443 18.

354 5592 433 5663 (c)
463 5588 610 5648 Vide
632 5589 856 5647 notam
885 5583 966 5644 ad
989 5585 1153 5644 hunc
1177 5584 1397 5644 locum.
1428 5587 1581 5642 Em.

2014 4509 2210 4567 Basilii
2248 4506 2547 4582 exemplo,
2587 4506 2801 4565 eadem
2838 4507 2941 4565 illa
2976 4508 3293 4581 Scripturaa
3329 4510 3535 4579 verba,
3594 4513 3667 4568 Ut

2010 4600 2266 4657 salveris
2296 4606 2589 4671 tanquam
2626 4598 2881 4656 damula
2921 4614 2952 4656 e
2995 4599 3242 4672 laqueis,
3287 4599 3349 4656 in
3396 4600 3666 4657 medium

2011 4688 2273 4764 protulit,
2303 4689 2502 4745 statim
2528 4687 2715 4758 addit,
2748 4692 2833 4746 Μὴ
2876 4690 2964 4740 ἔσο
3008 4688 3168 4762 ἀργός
3194 4694 3312 4763 περὶ
3341 4692 3433 4752 τὰς
3463 4689 3667 4751 ἐντολὰς

2011 4787 2103 4832 τοῦ
2129 4783 2343 4852 Κυρίου·
2373 4782 2444 4851 μὴ
2470 4781 2527 4830 τὸ
2558 4781 2648 4851 μὲν
2679 4782 2836 4845 ποίει,
2870 4781 2927 4829 τὸ
2952 4774 3010 4830 δὲ
3044 4776 3349 4832 ἁναϐάλλου.
3397 4785 3665 4832 Δανειστι-

2011 4872 2101 4921 κόν
2126 4888 2177 4921 τι
2206 4874 2375 4929 ποιεῖς
2404 4867 2695 4941 ἀφοσίωμα,
2722 4870 2791 4929 ὡς
2811 4868 2869 4919 τό
2892 4867 3003 4919 ὅλον
3029 4866 3328 4941 πληρώσας.
3353 4867 3503 4921 Ἀλλά
3532 4866 3668 4939 βού-

2011 4958 2173 5026 λεται,
2203 4961 2313 5014 etc.
2339 4958 2485 5013 Noli
2507 4972 2626 5014 esse
2654 4958 2813 5014 circa
2835 4957 3128 5015 mandata
3148 4956 3391 5013 Domini
3412 4957 3626 5011 otiosus
3644 4972 3666 5012 .'

2015 5049 2146 5105 noli
2182 5048 2293 5105 hoc
2323 5047 2560 5119 quidem
2588 5048 2815 5118 facere,
2858 5046 3020 5104 illud
3064 5061 3201 5103 vero
3254 5045 3519 5114 diﬁ'erre.
3561 5046 3669 5103 Fe-

2016 5137 2376 5195 neraticiam
2398 5137 2724 5209 quamdam
2752 5138 2885 5209 agis
2929 5136 3421 5207 satisfactionem,
3466 5139 3533 5191 ut
3564 5137 3669 5208 qui

2130 5388 2213 5462 (b)
2242 5388 2425 5447 Primi
2452 5391 2571 5446 tres
2591 5387 2657 5445 in
2686 5388 2944 5444 Eunom.
2975 5384 3080 5444 lib.
