4058 6192
404 278 472 331 55
1912 270 2309 329 PREFATIO.
3761 276 3833 329 56

405 403 593 455 totum
617 397 975 469 impleveris.
990 399 1112 456 Sed
1124 400 1271 467 vult,
1285 401 1395 456 etc.
1412 401 1637 456 Rursus
1654 396 1805 472 quid
1819 396 2057 467 esthoc,
2092 406 2132 457 A
2170 393 2452 452 mandati
2471 376 2878 453 violationem.
2902 416 2930 447 «
2943 395 3121 452 Nulli
3132 394 3359 453 malum
3372 409 3491 466 pro
3515 396 3676 452 malo
3696 398 3838 454 red-

405 491 734 541 Δανειστικόν
764 507 816 542 τι
845 495 1010 551 ποιεῖς
1040 487 1336 562 ἀφοσίωμα,
1377 490 1448 550 ὡς
1493 492 1551 541 τὸ
1594 489 1708 543 ὅλον
1753 487 2058 560 πληρώσας,

403 577 844 634 Feneraticiam
864 577 1181 650 quamdam
1199 578 1330 649 agis
1350 578 1848 648 satisfactionem,
1869 581 1939 633 ut
1958 575 2064 648 qui

406 671 595 721 totum
617 667 972 737 impleveris,
998 666 1112 723 nisi
1131 665 1446 739 quoddam
1463 666 1641 740 quasi
1661 665 1921 736 amigma
1941 663 2063 736 (a)?
2100 718 2105 727 .

406 754 476 808 Et
494 752 644 809 illud
667 753 923 810 maxime
945 753 1303 825 notandum,
1330 754 1694 828 Scripturam
1714 754 1798 811 ita
1819 752 1981 809 citari
2001 751 2064 807 in

407 857 480 898 ea
507 841 582 897 de
615 858 737 914 qua
761 842 1103 914 disputatur
1128 842 1678 909 lucubratiuncula,
1709 846 1776 899 ut
1821 841 1884 897 in
1931 840 2066 913 ipsa

407 930 632 987 citandi
658 932 886 988 ratione
915 931 1300 1004 peregrinum
1331 932 1627 1006 quiddam
1665 936 1723 989 et
1765 930 2065 987 exoticum

406 1021 564 1079 insit.
586 1025 653 1079 Et
671 1027 736 1078 ut
761 1039 856 1079 res
876 1023 1152 1097 exemplo
1174 1023 1387 1080 clarior
1406 1024 1531 1092 ﬁat,
1554 1023 1865 1096 utriusque
1880 1019 2067 1078 verba

408 1111 746 1183 subjiciam,
772 1111 1035 1185 primum
1069 1112 1287 1180 Basilii,
1315 1112 1533 1169 deinde
1564 1111 1874 1186 anonymi.
1899 1108 2065 1166 Basi-

404 1200 522 1257 lius
553 1215 695 1272 ergo
721 1199 804 1256 sic
827 1199 1092 1273 loquitur
1146 1201 1316 1270 (tom.
1375 1204 1445 1271 ll,
1491 1201 1659 1257 hom.
1711 1204 1765 1270 3,
1817 1215 1879 1273 p.
1936 1197 2062 1269 l8):

408 1289 586 1343 Πάντα
625 1286 710 1342 οὖν
753 1293 1079 1365 περισκόπει,
1145 1288 1255 1343 Ἵνα
1309 1290 1454 1363 σώζῃ
1521 1290 1695 1362 ὥσπερ
1761 1285 1957 1364 δορκὰς
2012 1286 2068 1339 ἐκ

409 1378 646 1452 βρόχων.
673 1379 1081 1448 Circumspice
1110 1379 1303 1450 igitur
1340 1384 1395 1435 et
1435 1380 1630 1435 lustra
1676 1378 1896 1445 omnia,
1937 1398 1966 1427 «
1993 1377 2068 1433 Ut

405 1468 655 1525 serveris
674 1472 961 1538 tanquam
982 1467 1234 1524 damula
1252 1482 1282 1524 e
1300 1468 1545 1539 laqueis.
1560 1489 1589 1517 »
1611 1464 2068 1539 Anonymivero

322 1590 333 1595 κ
404 1556 610 1625 verba,
640 1560 705 1612 ut
725 1556 856 1627 jam
882 1556 1161 1624 vidimus,
1189 1557 1320 1614 haec
1348 1561 1505 1629 sunt,
1537 1560 1670 1611 Οὔτε
1686 1560 1773 1608 τὸν
1804 1554 2068 1628 ἀλλότριον

409 1642 679 1717 δέχονται,
713 1648 829 1698 οὔτε
858 1649 945 1698 τὸν
976 1666 1101 1699 ποτε
1127 1644 1520 1722 ἐπιστρέφοντα,
1555 1649 1672 1700 οὔτε
1702 1648 1788 1699 τὸν
1818 1651 2071 1698 νοσοῦντα

407 1737 475 1797 ὡς
532 1736 850 1806 ὑγιαίνοντα·
901 1734 1011 1789 Ἰνα
1060 1736 1203 1809 σώζῃ
1259 1738 1434 1812 ὥσπερ
1482 1732 1677 1812 δορκὰς
1727 1734 1780 1787 ἐκ
1831 1733 2066 1810 βρόχων.

405 1823 613 1894 Neque
641 1824 909 1880 alienum
957 1824 1310 1893 admittunt,
1373 1836 1564 1897 neque
1619 1840 1751 1882 eum
1798 1824 1906 1896 qui
1957 1824 2068 1880 ali-

407 1912 652 1984 quando
696 1929 1018 1971 conversus
1060 1919 1166 1986 est,
1207 1930 1399 1987 neque
1440 1920 1736 1986 aegrotum
1778 1920 2069 1986 tanquam

407 2018 645 2060 sanum.
680 2026 709 2054 ‹‹
733 2005 805 2061 Ut
826 2006 1081 2062 salveris
1113 2011 1403 2077 tanquam
1423 2006 1677 2063 damula
1707 2021 1738 2064 e
1763 2005 2009 2077 laqueis.
2040 2023 2069 2055 π

413 2092 524 2150 Ubi
562 2092 832 2164 Basilius,
863 2094 968 2168 qui
1008 2096 1138 2166 ejus
1180 2111 1315 2152 mos
1353 2099 1461 2165 est,
1508 2095 1827 2169 Scriptura
1867 2094 2071 2151 locum

412 2199 554 2239 cum
582 2183 657 2239 iis
689 2201 826 2258 quae
846 2185 1197 2258 praecedunt
1223 2185 1421 2242 verbis
1433 2189 1568 2259 apte
1583 2185 1920 2243 admodum
1934 2199 2074 2240 con-

411 2274 629 2331 nectit:
672 2275 735 2331 in
765 2291 1072 2349 anonymo
1103 2291 1247 2332 vero
1274 2276 1391 2333 hoc
1420 2275 1583 2332 idem
1611 2274 2074 2332 Proverbiorum

414 2364 829 2421 testimonium
864 2381 1004 2421 cum
1038 2365 1331 2439 superiori
1362 2364 1633 2421 oratione
1674 2363 1840 2421 nullo
1888 2362 2075 2419 modo

418 2453 753 2525 copulatur.
796 2453 1020 2511 Deinde
1050 2453 1171 2511 alia
1199 2453 1303 2511 illa
1334 2453 1688 2511 eorumdem
1730 2450 2076 2509 Proverbia-

421 2556 559 2599 rum
615 2542 822 2607 verba,
864 2544 1026 2600 Vade
1054 2543 1136 2600 ad
1156 2544 1496 2614 formicam,
1529 2560 1562 2600 ο
1587 2543 1840 2613 piger",
1872 2539 2076 2615 expla-

423 2646 581 2687 nans
606 2647 908 2705 anoymus
940 2631 1058 2701 ille,
1088 2631 1173 2688 sic
1202 2632 1407 2688 scribit
1437 2633 1596 2705 (pag.
1624 2633 1748 2703 619)
1772 2649 1786 2687 :
1826 2632 1891 2683 Ti
1916 2648 2077 2682 κατοι-

408 2727 626 2794 ιφρονεῖς
657 2721 751 2773 τοῦ
779 2721 1003 2794 μεγάλου
1036 2717 1365 2774 διδασκάλου
1392 2738 1405 2789 ;
1435 2720 1494 2773 Ὀ
1523 2720 1740 2796 μύρμηξ
1771 2738 1828 2772 σε
1859 2714 2079 2794 διερεθι-

428 2813 560 2872 ζὲτω
615 2813 745 2886 πρὸς
807 2815 902 2869 τὴν
957 2810 1230 2884 ἐνέργειαν.
1309 2816 1410 2865 Καὶ
1479 2811 1605 2886 παρ’
1664 2809 1858 2863 ἐκείνοὺ
1924 2809 2077 2881 μάθε.

432 2902 650 2963 Ἐκεῖνος
692 2900 751 2953 οὐ
809 2897 1133 2954 διδάσκαλον
1178 2898 1336 2972 οἶδεν,
1395 2900 1489 2954 οὐκ
1542 2897 1840 2973 ἀποδημίαν
1887 2896 2080 2959 ἀπεδή-

429 3009 614 3063 μησεν,
643 2989 739 3043 οὑκ
769 2989 927 3062 ἔμαθε
950 2994 1265 3064 γεωργικοὺς
1311 2989 1629 3062 λόγους......
1679 2986 1847 3042 Οὐδὲν
1885 2992 2080 3042 τούτων

2173 485 2378 541 dentes
2400 485 2468 538 ⁸ο.
2486 502 2518 538 ι
2556 484 2773 541 Vidisti
2787 485 3075 557 quomodo
3096 487 3229 556 apis
3254 485 3438 542 vitam
3461 500 3596 542 cum
3622 489 3838 545 aculeo

2167 574 2456 644 projiciat
2469 576 2495 628 .7
2519 573 2622 630 Hic
2635 572 2785 630 illud
2801 574 3093 647 Apostoli,
3111 576 3275 631 nulli
3293 576 3521 631 malum
3536 591 3655 645 pro
3674 575 3840 632 malo

2175 663 2510 732 reddentes,
2538 662 2614 719 ad
2646 662 2876 720 nullam
2902 663 3190 720 orationis
3224 668 3457 737 partem
3491 664 3696 721 referri
3727 680 3841 737 po-

2174 758 2307 823 test,
2328 769 2452 811 non
2470 752 3006 827 regitEquidquam,
3038 769 3076 811 a
3101 769 3415 827 quoquam
3440 769 3564 811 non
3585 753 3841 825 regitur,

2176 843 2286 902 sed
2315 843 2506 901 oratio
2535 846 2624 899 est
2650 843 2829 917 quasi
2858 843 3156 912 absoluta,
3182 858 3320 916 qua:
3353 858 3391 900 a
3417 843 3586 900 nulla
3625 859 3690 900 re
3726 843 3842 900 de-

2173 932 2457 1008 pendeat,
2489 948 2629 988 cum
2664 931 2913 989 Basilius
2946 936 3172 1003 tamen,
3202 936 3270 988 ut
3298 936 3508 989 notum
3537 936 3645 1002 est,
3676 934 3843 1006 ejus-

2174 1023 2344 1081 modi
2357 1022 2670 1097 Scripturae
2680 1021 2815 1079 loca
2830 1022 2909 1079 ad
2928 1022 3226 1096 reliquam
3244 1022 3577 1080 orationem
3591 1039 3836 1081 accom-

2175 1113 2428 1171 modare
2464 1111 2895 1184 soleat._Plura
2926 1128 3309 1186 paraveram,
3341 1113 3447 1170 sed
3477 1129 3553 1169 ne
3580 1115 3673 1171 his
3697 1115 3839 1189 plus

2178 1202 2322 1260 satis
2343 1202 2702 1259 immoratus
2727 1200 2982 1272 viderer,
3010 1217 3083 1259 ea
3111 1202 3408 1259 ascribere
3433 1202 3619 1259 nolui.

2246 1295 2340 1348 25.
2378 1293 2548 1348 Nunc
2583 1306 2930 1365 proponam
2966 1290 3244 1364 exempla
3281 1291 3586 1364 quaedam,
3616 1292 3847 1365 quibus

2176 1380 2437 1456 probare
2475 1380 2764 1444 conabor,
2804 1380 3032 1437 alienas
3074 1380 3379 1453 quasdam
3405 1384 3463 1438 et
3491 1382 3847 1454 peregrinas

2177 1486 2358 1529 voces
2386 1471 2450 1527 in
2477 1470 2593 1526 hac
2633 1468 2904 1526 oratione
2952 1469 3220 1542 reperiri.
3265 1472 3400 1542 Ipso
3448 1470 3629 1541 igitur
3678 1470 3850 1528 initio

2179 1560 2345 1633 (pag.
2378 1563 2502 1627 617)
2537 1562 2747 1615 auctor
2770 1558 2854 1614 sic
2886 1557 3122 1615 scribit:
3179 1557 3313 1612 Ἀλλ’
3372 1557 3602 1620 ἐπιζητῶ
3656 1559 3849 1633 ψυχὰς

2182 1650 2429 1724 φιληκόου
2439 1648 2673 1720 ς,ξεύσχη
2680 1652 2817 1721 μόνω
2827 1669 2848 1710 ς
2865 1667 2959 1724 περ
2968 1654 3225 1710 ιεστώσας
3239 1651 3297 1701 τὸ
3313 1652 3659 1722 πνευματικὸν
3676 1650 3844 1723 ἀκρο-

2111 1746 2151 1799 Β
2182 1744 2313 1814 ατὴρ
2323 1758 2413 1792 ιον.
2441 1737 2559 1795 Sed
2582 1738 2817 1795 animas
2841 1738 3086 1808 requiro
3110 1737 3432 1795 auditionis
3454 1739 3724 1810 cupidas,
3742 1739 3845 1796 de-

2181 1833 2385 1887 center
2411 1829 2869 1884 circumstantes
2887 1827 3211 1897 spirituale
3223 1827 3593 1885 auditorium
3616 1831 3845 1885 Caetera

2179 1932 2306 1974 non
2328 1915 2654 1989 improbo:
2701 1914 2809 1971 sed
2848 1930 3063 1971 vocem
3101 1914 3441 1990 ἀκροατήριον
3484 1916 3648 1990 apud
3677 1916 3843 1972 Basi-

2179 2007 2331 2063 lium
2358 2004 2706 2062 inusitatam
2737 2020 2875 2061 esse
2901 2004 3178 2062 arbitror.
3230 2004 3501 2075 Basilius,
3542 2005 3592 2061 si
3618 2005 3843 2062 horum

2179 2111 2403 2171 parens
2431 2098 2608 2166 esset,
2626 2094 2709 2151 ita
2728 2094 3170 2167 composuisset
3195 2094 3528 2152 orationem
3555 2110 3753 2161 suam,
3775 2098 3847 2151 ut

2181 2187 2382 2260 potius
2408 2185 2655 2242 nomine
2686 2182 2940 2242 ἐκκλησία
2969 2200 3112 2240 usus
3142 2183 3367 2241 fuisset.
3402 2184 3610 2242 Statim
3641 2183 3846 2257 sequi-

2181 2280 2279 2334 tur
2311 2276 2472 2348 (pag.
2502 2277 2652 2343 618),
2688 2274 2943 2328 Ἐντεῦθεν
2974 2272 3250 2349 ἀρξώμεθα
3275 2282 3372 2335 τῆς
3397 2277 3529 2349 πρὸς
3558 2276 3693 2346 ὑμᾶς
3716 2275 3844 2346 ὁμι-

2183 2364 2318 2426 λίας.
2380 2365 2544 2421 Hinc
2601 2363 2946 2420 inchoemus
2993 2364 3171 2419 istam
3219 2363 3303 2420 ad
3351 2378 3450 2420 vos
3501 2363 3837 2420 homiliam.

2186 2453 2319 2511 Scio
2346 2452 2617 2526 quidem,
2661 2454 2729 2507 ut
2771 2450 3028 2508 aliorum
3068 2456 3415 2508 sanctorum
3456 2454 3718 2524 Patrum,
3760 2451 3850 2509 ita

2186 2541 2382 2599 Basilii
2408 2540 2602 2614 ipsius
2632 2540 2932 2597 orationes
2955 2541 3087 2612 jam
3128 2555 3165 2596 a
3208 2540 3392 2611 longo
3432 2544 3700 2613 tempore
3736 2540 3846 2597 ho-

2185 2630 2384 2688 milias
2410 2629 2644 2686 vocari:
2678 2628 2786 2686 sed
2811 2629 2917 2686 ubi
2946 2629 3195 2687 Basilius
3220 2629 3348 2703 ipse
3376 2629 3494 2686 hoc
3525 2644 3707 2686 sensu
3735 2644 3851 2686 no-

2185 2735 2328 2781 men
2360 2719 2538 2793 ὁμίλια
2555 2734 2831 2792 unquam
2859 2718 3184 2791 usurparit,
3206 2718 3440 2789 ignoro.
3474 2721 3595 2775 Hoc
3621 2718 3751 2792 ipso
3779 2717 3849 2775 in

2186 2810 2322 2868 loco
2357 2810 2591 2882 legitur,
2624 2810 2859 2885 ἑκάτερον
2890 2812 3083 2862 τούτων
3116 2814 3413 2883 παρίστησι
3451 2806 3636 2871 δυῐκὸς
3670 2808 3845 2881 λόγος,

2192 2900 2406 2957 horum
2434 2905 2761 2971 utrumque
2788 2898 3026 2956 exhibet
3055 2898 3288 2968 duplex
3312 2913 3525 2955 sermo.
3564 2900 3691 2954 Vox
3718 2894 3847 2949 δυε-

2190 2995 2281 3053 κός
2305 2988 2840 3062 grammaticorum
2862 2992 2974 3060 est,
3004 3002 3129 3044 non
3159 2992 3488 3044 oratorum.
3516 2990 3644 3043 Imo
3662 2986 3848 3043 etiam

430 3058 699 3153 πᾶρεστιν·
747 3058 877 3132 ἀλλὰ
916 3058 1109 3153 φυσικῆ
1152 3100 1232 3143 τις
1267 3058 1463 3151 ἀνάγκη
1503 3082 1562 3133 τὸ
1606 3080 1738 3140 ζῶον
1782 3075 2077 3153 ὃιερεθίζει.

2190 3097 2267 3140 ne
2298 3058 2675 3152 grammatici
2698 3078 2943 3152 quidem
2957 3058 3033 3136 ea
3050 3078 3166 3135 hoc
3186 3093 3391 3146 sensu,
3414 3078 3649 3151 opinor,
3666 3081 3849 3133 utun-

432 3168 634 3221 Οὐκοῦν
661 3171 691 3228 ἡ
729 3172 884 3242 φύσις
910 3173 1045 3222 τότεο
1076 3173 1167 3221 καὶ
1200 3173 1266 3222 σὺ
1295 3169 1361 3240 (ι.
1397 3174 1503 3237 σοι)
1532 3176 1629 3230 τῆς
1665 3171 1866 3241 φύσεως
1906 3171 2085 3243 παρίει

431 3257 590 3329 λόγσς
621 3260 807 3321 αἴτιος.
860 3257 1017 3326 Quid
1052 3260 1381 3315 contemnis
1424 3273 1714 3328 magnum
1760 3263 2089 3327 pracepto-

432 3360 558 3403 rem
578 3346 606 3402 ?
634 3347 913 3404 Formica
932 3351 991 3403 te
1009 3340 1328 3404 excitet'ad
1346 3347 1773 3417 operationem.
1800 3346 1867 3401 Et
1888 3345 1967 3400 ab
1986 3343 2089 3402 illa

434 3434 615 3491 disce.
646 3434 769 3491 Illa
796 3450 918 3493 non
943 3437 1108 3493 novit
1137 3436 1517 3506 magistrum,
1543 3450 1664 3491 non
1681 3448 1936 3506 peregre
1953 3448 2089 3504 pro-

433 3525 597 3595 fecta
617 3529 724 3594 est,
750 3539 869 3580 non
898 3524 1111 3581 didicit
1148 3524 1550 3595 agricultura:
1596 3529 1882 3582 artem....
1922 3521 2091 3579 Nihil

437 3614 653 3671 horum
692 3614 893 3671 adest:
937 3614 1042 3670 sed
1086 3614 1388 3671 naturalis
1443 3613 1722 3685 quwdam
1770 3611 2090 3668 necessitas

437 3704 669 3762 animal
696 3704 942 3760 excitat.
966 3703 1176 3776 Itaque
1201 3708 1430 3759 natura
1453 3708 1628 3759 tunc:
1652 3708 1708 3760 et
1736 3701 1846 3758 tibi
1862 3700 2093 3758 accedit

439 3795 619 3862 ratio,
658 3808 795 3865 quae
822 3798 1056 3849 naturae
1087 3808 1315 3863 parens
1358 3798 1464 3850 est.
1517 3791 1743 3859 Quibus
1789 3791 1852 3847 in
1894 3789 2094 3847 verbis

440 3881 589 3938 nihil
633 3881 882 3939 omnino
909 3880 1345 3939 Basilianarum
1373 3881 1663 3939 virtutum
1686 3878 2092 3954 deprehendo.

441 3974 507 4028 In
535 3970 659 4042 illo,
688 3976 745 4028 et
771 3970 848 4028 ab
868 3972 981 4027 illa
1002 3971 1185 4040 disce,
1211 3985 1334 4027 non
1356 3970 1776 4027 animadverto
1796 3968 2012 4026 miram
2033 3967 2097 4024 il-

439 4060 563 4118 lam
593 4063 782 4117 artem
811 4059 1030 4125 Basilii,
1064 4075 1188 4132 qua
1215 4058 1597 4116 solertissime
1627 4061 2096 4132 consequentem

442 4150 776 4209 orationem
805 4149 1086 4208 anteriori
1115 4147 1529 4206 connectebat.
1557 4152 1622 4205 ln
1645 4148 1977 4222 illo,itaque
1990 4164 2096 4206 na-

442 4249 586 4300 tura
614 4248 777 4307 tunc,
810 4240 960 4298 nihil
1002 4244 1108 4303 est,
1158 4239 1324 4313 quod
1354 4239 1577 4296 summi
1629 4239 1811 4312 hujus
1836 4238 1944 4295 viri
1980 4238 2098 4296 elo-

2193 3175 2308 3244 tur,
2342 3169 2473 3239 sed,
2504 3169 2622 3225 nisi
2650 3167 2829 3225 valde
2867 3167 3063 3235 fallor,
3100 3167 3301 3241 ipsam
3335 3167 3532 3224 solum
3562 3164 3858 3224 adhibent

2192 3263 2322 3318 tum
2352 3275 2492 3315 cum
2510 3272 2834 3314 numerum
2848 3255 3116 3313 duadem
3136 3256 3474 3327 signiﬁcare
3493 3255 3721 3312 volunt.
3742 3254 3859 3311 Ba-

2197 3347 2366 3404 silius
2409 3345 2587 3403 simili
2615 3345 2677 3402 in
2708 3360 2771 3402 re
2809 3359 2934 3402 non
2968 3360 3117 3402 voce
3157 3342 3341 3408 δυῑκὸς
3369 3345 3570 3412 utitur,
3611 3343 3716 3401 sed
3744 3358 3857 3400 no-

2196 3438 2359 3495 mine
2388 3432 2621 3497 διπλόος.
2663 3434 2750 3491 Ita
2787 3433 2950 3491 enim
2979 3434 3041 3490 in
3074 3434 3342 3508 quadam
3382 3433 3651 3491 oratione
3681 3437 3857 3502 (tom.

2198 3527 2267 3597 ΙΙ,
2296 3527 2464 3585 hom.
2496 3530 2548 3590 3,
2579 3541 2641 3599 p.
2677 3525 2761 3597 i8)
2801 3524 3105 3598 loquitur:
3154 3521 3367 3583 Ἐπειδὴ
3424 3520 3484 3577 δι
3536 3520 3752 3576 διπλοῦν
3793 3526 3858 3576 τὸ

2198 3621 2502 3693 προσέχεινυ
2534 3620 2595 3669 τὸ
2625 3619 2714 3689 μὲν
2748 3622 3068 3688 σωματικοῖς
3097 3614 3380 3688 ὀφθαλμοῖς
3410 3611 3709 3674 ἕνατενίζειν
3746 3620 3862 3675 τοῖς

2201 3708 2427 3783 ὁρατοῖς,
2459 3709 2518 3759 τὸ
2551 3703 2629 3771 δὲ,
2658 3708 2762 3761 etc.
2793 3704 3085 3774 Quoniam
3117 3709 3315 3761 autem
3358 3704 3587 3773 duplex
3633 3707 3720 3759 est
3765 3707 3863 3758 at-

2203 3798 2388 3855 tentio
2408 3809 2432 3868 ;
2455 3796 2669 3862 altera,
2701 3810 2835 3851 cum
2860 3794 3321 3850 considerantur
3344 3793 3534 3850 oculis
3556 3792 3862 3862 corporeis

2202 3886 2462 3944 visibilia
2533 3885 2748 3951 altera,
2776 3889 2891 3938 etc.
2922 3885 3038 3939 Nec
3064 3881 3147 3939 ita
3169 3880 3361 3939 multo
3379 3885 3521 3955 post
3547 3880 3609 3937 in
3641 3879 3862 3937 eadem

2201 3973 2324 4043 illa,
2349 3987 2539 4046 quam
2568 3971 2710 4040 dixi,
2741 3970 3009 4028 oratione
3029 3970 3310 4029 eamdem
3328 3986 3541 4028 vocem
3569 3969 3731 4026 idem
3752 3971 3863 4026 Ba-

2205 4062 2375 4120 silius
2404 4060 2735 4134 usurpavit.
2768 4061 2908 4132 Ejus
2935 4065 3140 4117 autem
3168 4061 3299 4117 hinc
3330 4065 3472 4116 sunt
3496 4058 3719 4117 verba:
3749 4057 3865 4121 Ἐξ·-

2206 4157 2387 4206 έτασον
2416 4154 2650 4217 σεαυτὸν,
2675 4155 2756 4213 τίς
2786 4146 2846 4203 εἴ·
2879 4152 3041 4223 γνῶθι
3064 4158 3283 4204 σεαυτοῦ
3308 4155 3403 4209 τὴν
3426 4152 3602 4223 φύσιν,
3628 4149 3708 4201 ὅτι
3730 4149 3863 4206 θνη-

2206 4246 2293 4296 τὸν
2322 4244 2411 4316 μὶν
2440 4261 2533 4294 σου
2560 4244 2618 4294 τὸ
2652 4248 2821 4314 σῶμα,
2857 4238 3111 4303 ἀθάνατος
3150 4236 3209 4292 δὲ
3233 4242 3262 4298 ἠ
3295 4239 3475 4311 ψυχή’
3506 4244 3596 4291 καὶ
3634 4240 3714 4290 ὅτι
3766 4232 3863 4289 δι-

442 4332 751 4405 quentiam
780 4329 993 4402 sapiat.
1024 4332 1087 4385 In
1116 4327 1237 4397 illo,
1269 4334 1325 4385 et
1365 4328 1473 4385 tibi
1499 4329 1730 4386 accedit
1757 4329 1937 4397 ratio,
1965 4342 2077 4400 qua

2206 4332 2306 4392 πλῆ
2330 4352 2412 4392 τις
2427 4330 2566 4385 ἐστὶν
2589 4332 2733 4403 ἡμῶν
2750 4332 2779 4389 ἡ
2797 4329 2929 4390 ζωή.
2953 4330 3346 4387 Perscrutare
3362 4335 3418 4385 te
3432 4330 3576 4399 ipse,
3598 4328 3731 4401 quis
3746 4327 3868 4383 sis?

443 4427 686 4478 naturae
703 4434 926 4490 parens
947 4424 1051 4488 est,
1073 4433 1149 4475 ne
1169 4418 1491 4488 vestigium
1517 4417 1765 4492 quidem
1796 4420 1987 4475 exstat
2001 4433 2099 4474 ex-
2132 4410 2176 4464 Ι)
2204 4423 2309 4494 fac
2337 4436 2548 4478 noscas
2570 4426 2736 4477 tuam
2757 4420 2947 4488 ipsius
2972 4424 3282 4489 naturam,
3320 4419 3602 4474 nimirum
3643 4431 3868 4485 corpus

442 4508 645 4583 quisiti
664 4508 819 4565 illius
833 4507 1061 4579 judicii,
1085 4523 1209 4581 quo
1229 4507 1557 4565 excellebat
1581 4507 1833 4564 Basilius
1876 4511 2098 4566 Natura
2206 4512 2441 4584 quidem
2471 4510 2728 4567 mortale
2750 4523 2889 4575 esse,
2926 4509 3192 4564 animam
3225 4523 3364 4565 vero
3411 4506 3809 4564 immortalem
3844 4522 3869 4562 ,υ

440 4596 689 4655 rationis
718 4611 940 4670 parens
981 4600 1087 4666 est,
1127 4612 1251 4654 non
1279 4597 1428 4654 ratio
1458 4612 1679 4671 parens
1710 4602 1798 4654 est
1838 4600 2091 4654 naturas.
2202 4602 2365 4668 item,
2428 4600 2727 4670 duplicem
2784 4613 2908 4654 esse
2965 4598 3151 4653 vitam
3208 4602 3499 4654 nostram.
3568 4594 3683 4652 Sed
3754 4592 3868 4651 ubi

441 4684 610 4742 Ratio
634 4689 865 4742 naturae
890 4683 1123 4742 frenum
1151 4688 1262 4758 est,
1283 4688 1334 4757 ej
1346 4702 1538 4760 usque
1562 4685 1948 4757 moderatrix,
1970 4701 2094 4742 non
2202 4705 2323 4746 vox
2353 4686 2536 4750 δυῐκός
2563 4688 2625 4743 in
2658 4686 2854 4743 Basilii
2886 4685 3121 4759 scriptis
3146 4684 3396 4758 legatur,
3413 4684 3674 4740 necdum
3693 4681 3865 4740 novi.

441 4789 651 4843 causa,
679 4789 801 4831 non
827 4774 1015 4846 origo.
1046 4773 1367 4847 Aliquanto
1397 4778 1531 4848 post
1559 4777 1767 4832 auctor
1795 4774 1877 4831 ita
1902 4774 2093 4848 loqui-
2205 4778 2296 4836 Sic
2342 4778 2538 4852 pergit
2578 4778 2787 4833 auctor
2834 4775 3011 4849 (pag.
3063 4777 3231 4844 619):
3277 4782 3392 4837 Πῶς
3437 4780 3751 4848 μιμήσωμαι
3792 4774 3864 4823 τὰ

442 4869 537 4923 tur
616 4873 699 4938 (p.
783 4864 952 4936 620):
1031 4864 1246 4918 Ἐκεῖνον
1340 4867 1430 4938 μὲν
1512 4868 1697 4940 μικρὸν
1791 4860 2077 4929 ὠνείδισας1

2203 4869 2340 4922 ἁπλᾶ
2369 4871 2434 4920 τὰ
2461 4886 2535 4939 τῳ
2578 4867 2782 4939 μεγέθει
2816 4872 2908 4918 τοῦ
2950 4871 3231 4938 culparet;
3285 4865 3588 4934 Quomodo
3629 4862 3867 4919 imitari

444 4958 661 5009 σεαυτὸν
692 4951 752 5008 δὲ
792 4953 1092 5015 ἀπέκτεινας
1121 4962 1183 5027 τῇ
1216 4962 1453 5030 παρακοῇ
1486 4961 1580 5015 τῆς
1612 4953 1783 5013 ἐντολῆ
1796 4974 1835 5016 ς.
1887 4952 2077 5013 Μηδενί

2197 4965 2408 5030 potero
2434 4971 2571 5029 qua:
2602 4958 2758 5014 mole
2787 4958 3058 5026 corporis
3096 4956 3367 5026 ingentia
3399 4961 3537 5010 sunt
3562 4958 3589 5008 .9
3612 4956 3738 5010 Non
3762 4966 3869 5007 ne-

439 5050 599 5101 κακόν
653 5045 765 5099 ἀντὶ
802 5053 966 5098 κακοῦ
1021 5042 1382 5107 ἀποδιδόντες.
1442 5041 1592 5106 Εἶδες
1637 5054 1748 5108 πῶς
1785 5046 1815 5104 ὴ
1865 5046 2077 5119 μελισσο

2201 5047 2360 5119 gabo
2381 5045 2627 5120 quidem
2643 5060 2852 5103 vocem
2875 5045 3064 5107 ἁπλόος
3079 5044 3193 5114 legi
3216 5044 3275 5099 in
3300 5042 3497 5100 Basilii
3530 5041 3727 5099 libris:
3754 5039 3870 5096 sed

438 5144 513 5209 τῷ
537 5141 729 5211 κέντρῳ
767 5140 862 5194 τὴν
903 5135 1035 5196 ζωὴν
1066 5132 1333 5207 ἑναφίησις
1386 5135 1571 5191 Illum
1609 5134 1845 5205 quidem
1869 5137 2077 5204 paulu-

2199 5137 2306 5194 ubi
2320 5136 2383 5193 in
2406 5135 2554 5208 ipsis
2579 5134 2659 5193 ad
2684 5134 3165 5206 magnitudinem
3197 5131 3661 5203 signiﬁcandam
3685 5145 3870 5185 usur-

444 5228 567 5284 lum
608 5227 838 5296 probro
886 5224 1162 5296 a/I‘ecisli,
1202 5229 1265 5281 at
1317 5224 1563 5295 teipsum
1594 5225 1949 5283 interemisli
1978 5241 2092 5298 per
2199 5224 2446 5300 patasit,
2465 5238 2590 5281 non
2606 5223 2874 5281 memini.
2902 5217 3668 5294 Etalioquinillaloquendi
3687 5215 3866 5288 ratio,

554 5352 600 5387 ¹⁸
638 5354 811 5408 Prov.
844 5366 921 5419 v1,
953 5354 1007 5409 6.
1090 5351 1133 5386 ιθ
1175 5353 1347 5407 Rom.
1379 5364 1476 5422 xu,
1510 5353 1594 5406 l7.

546 5474 1109 5553 (a_)_Alludit.auctor
1126 5475 1216 5553 ad
1244 5475 1650 5553 feneratorum
1681 5475 2204 5553 consuetudinem,
2231 5475 2339 5550 qui
2366 5473 2689 5553 pecuniam
2707 5475 2933 5553 mutuo
2963 5469 3206 5553 dantes,
3230 5484 3537 5553 summam
3566 5467 3869 5553 integram

438 5536 774 5606 inscribunt
801 5546 975 5618 cujus
1004 5551 1238 5620 partem
1267 5547 1490 5605 fenoris
1524 5562 1709 5606 causa
1735 5549 1992 5608 retinent
2018 5567 2031 5618 ;

438 5623 505 5678 D.
540 5623 599 5680 L.
632 5619 708 5679 de
733 5619 944 5678 Sinner
975 5617 1039 5678 in
1075 5618 1172 5677 ed.
1202 5618 1389 5678 Paris.
1423 5622 1579 5678 1839.

2187 5536 2297 5606 [ιόο
2326 5536 2436 5620 est,
2466 5552 2534 5604 ut
2561 5546 2668 5620 qui
2695 5549 2883 5602 totum
2907 5536 3251 5615 inpleveris.
3274 5543 3419 5598 'Haec
3458 5540 3592 5614 jam
3636 5536 3873 5598 viderat
