4058 6192
213 277 262 328 5Ἶ
1743 272 2124 329 ΡΒΛΕΡΑΤῙΟ.
3569 281 3638 335 58

211 400 264 449 τὰ
291 396 420 448 ἁπλᾶ
442 400 508 448 τὰ
540 404 624 467 τῷ
668 399 890 469 μεγέθει
919 405 1014 451 τοῦ
1045 404 1305 472 σώματος,
1357 413 1467 471 per
1523 413 1589 453 se
1635 395 1875 453 insolita
1901 399 1948 452 Α
1989 416 2105 457 σης.
2150 396 2424 469 Ἐξάγωνοι
2471 402 2571 473 γὰρ
2615 404 2785 451 πᾶσαι
2833 406 2922 453 καὶ
2965 400 3265 476 ἰσόπλευροι
3301 409 3399 453 τῶν
3448 406 3638 475 κηρίων

208 485 420 542 videtur
441 490 497 540 et
522 500 707 542 nova
744 487 1067 560 ;mihique
1104 488 1251 545 satis
1289 484 1612 543 verisimile
1651 484 1738 552 ﬁt,
1768 483 1875 557 qui

214 575 562 646 hactegent,
603 592 723 633 eos
760 578 918 635 nihil
949 578 1066 636 tale
1109 579 1273 651 apud
1311 578 1568 634 idoneos
1598 579 1875 632 auctores

208 664 395 734 legisse
444 679 513 719 se
560 664 758 722 facile
813 666 1227 723 confessuros.
1271 669 1395 722 Vox
1436 667 1870 741 στρατηγάρχας,

212 770 321 826 qu:
346 751 687 826 aliquanto
719 761 867 829 post
894 760 1063 828 (pag.
1095 757 1220 826 620)
1246 756 1536 829 sequitur,
1566 769 1691 810 non
1716 752 1877 808 vide-

216 850 294 900 tur
314 844 503 914 magis
536 845 876 902 familiaris
900 845 1086 902 fuisse
1113 845 1293 902 bonis
1323 842 1740 917 scriptoribus,
1771 839 1877 913 qui

215 947 581 988 cumnomen
614 937 731 990 aut
759 933 1021 990 verbum
1050 948 1412 1006 componere
1433 931 1649 988 vellent
1680 946 1754 987 ex
1777 944 1876 985 vo-

210 1022 350 1076 cibus
378 1026 630 1095 στρατός
653 1026 721 1078 et
750 1021 916 1097 ἀρχή,
940 1022 1200 1079 litteram
1220 1043 1253 1093 γ
1280 1036 1405 1077 non
1432 1016 1873 1077 immiscebant.

208 1109 455 1168 Vidimus
503 1112 687 1169 enim
726 1112 850 1169 dici
898 1112 1167 1183 solitum,
1211 1115 1576 1187 στρατάρχης,
1620 1112 1876 1185 στράταρ-

204 1219 302 1269 χει,
350 1205 754 1275 στραταρχὶω,
798 1206 1154 1275 στραταρχία,
1187 1217 1224 1258 8.
1265 1200 1490 1274 quibus
1525 1199 1812 1257 omnibus
1841 1217 1875 1267 γ

194 1287 368 1345 littera
391 1288 607 1359 abest,
641 1290 713 1345 in
756 1290 970 1363 eisque
1009 1293 1299 1363 praeterea
1326 1310 1361 1341 α
1386 1288 1681 1361 reperitur
1708 1288 1772 1343 in
1790 1302 1876 1342 se-

194 1378 379 1434 cunda
404 1377 689 1450 syllaba.
746 1381 989 1449 Contra,
1022 1379 1074 1435 si
1116 1378 1362 1452 quando
1390 1377 1607 1434 vellent
1638 1382 1742 1433 aut
1769 1391 1877 1433 no-

191 1483 317 1524 men
360 1471 474 1524 aut
515 1466 791 1524 verbum
834 1484 910 1525 ex
955 1467 1207 1525 vocibus
1253 1473 1479 1544 στρατός
1522 1471 1579 1524 et
1627 1468 1875 1538 ἡγεῖσθαι

192 1556 466 1625 conﬂare,
510 1562 671 1614 tunc
702 1562 772 1614 ut
802 1558 1062 1615 litteram
1107 1579 1136 1617 η
1166 1559 1480 1631 ponebant
1510 1558 1574 1613 in
1604 1555 1875 1613 secunda

193 1646 439 1718 syllaba,
470 1646 566 1703 ita
605 1646 873 1704 litteram
902 1669 936 1721 γ
970 1648 1341 1712 inserebant,
1382 1652 1450 1704 ut
1486 1647 1649 1704 cerni
1682 1650 1876 1718 potest

1984 487 2039 536 αἱ
2090 488 2355 560 σύριγγες,
2412 485 2506 538 οὐκ
2544 486 2622 539 ἐπ’
2668 488 2863 550 εὐθείας
2914 487 3157 551 ἀλλήλαις
3203 494 3637 562 κατεπικείμεναι,

1984 575 2065 626 ἵνα
2107 580 2179 646 μὴ
2217 578 2481 647 κάμνωσιν
2522 579 2570 628 οἱ
2607 580 2861 651 πυθμένες
2908 587 3018 640 τοῖς
3069 576 3328 642 διακένοις
3371 579 3638 655 ἐφηρμοσ-

1981 667 2145 735 μένοι·
2195 662 2302 717 ἀλλ’
2351 668 2405 717 αἱ
2450 671 2636 739 γωνίαι
2679 677 2778 719 τῶν
2831 670 3058 721 κάτωθεν
3110 668 3393 741 ἐξαγὼνων,
3442 668 3638 743 βάθρον

1982 757 2073 805 καὶ
2117 755 2331 828 ἔρεισμα
2374 763 2473 806 τῶν
2512 757 2886 832 ὑπερκειμένων
2933 758 3082 822 εἰσὶν,
3129 762 3195 820 ὡς
3229 757 3472 831 ἀσφαλῶς
3511 760 3637 832 ὑπὲρ

1984 842 2175 895 ἑαυτῶν
2218 846 2547 920 μετεωρίζειν
2594 850 2660 898 τὰ
2718 846 2883 922 βάρη,
2929 854 3019 901 καὶ
3078 845 3389 911 ἰδιαζόντως
3441 849 3632 922 ἑκάστη

1983 931 2248 991 κοιλότητι
2294 939 2353 986 rb
2393 936 2546 1009 ὑγρόν
2594 934 2996 1008 ἐγκατέχεσθαι.
3041 938 3152 993 H3
3188 943 3328 993 sunt
3363 938 3638 1009 quaedam

1981 1027 2222 1078 natura
2261 1023 2416 1094 leges
2455 1025 2701 1082 minime
2740 1026 3006 1094 scriptas,
3059 1030 3125 1081 ut
3188 1026 3357 1081 tardi
3397 1032 3519 1081 sint
3556 1025 3639 1081 ad

1984 1111 2333 1179 vindictam,
2404 1114 2510 1185 qui
2561 1115 2645 1170 ad
2708 1115 3038 1172 maximam
3102 1116 3434 1185 potentiam
3495 1119 3638 1169 sunt

1984 1202 2189 1257 evecti.
2232 1202 2353 1258 Sed
2389 1208 2445 1259 et
2486 1218 2860 1276 quaecunque
2896 1220 3037 1274 apes
3090 1206 3249 1275 regis
3301 1203 3636 1272 exemplum

1982 1303 2101 1344 non
2130 1297 2485 1361 sequuntur,
2533 1307 2632 1349 eas
2667 1294 2869 1349 statim
2904 1293 3253 1350 temeritatis
3287 1308 3412 1349 sua:
3438 1291 3633 1362 pleni-

1983 1382 2083 1449 tet,
2126 1386 2445 1450 propterea
2491 1383 2651 1453 quod
2706 1384 2905 1439 aculei
2951 1385 3078 1440 ictu
3123 1385 3445 1439 intereunt.
3501 1383 3633 1436 Au-

1980 1468 2154 1525 diant
2223 1469 2574 1540 Christiani,
2648 1475 2748 1545 qui
2807 1474 2971 1530 nulli
3029 1474 3258 1530 malum
3304 1487 3418 1541 pro
3473 1471 3634 1526 malo

1982 1558 2250 1626 reddere,
2307 1560 2412 1617 sed
2463 1563 2525 1617 in
2568 1562 2716 1618 bono
2758 1564 2985 1620 malum
3041 1564 3279 1619 vincere
3317 1560 3631 1631 jubentur.

1983 1648 2233 1704 Imitare
2272 1651 2592 1719 propriam
2639 1651 2769 1719 apis
2815 1652 3099 1721 indolem,
3145 1664 3280 1722 qua:
3317 1648 3479 1705 nulli
3508 1647 3632 1717 ofﬁ-

192 1738 245 1793 in
291 1737 387 1793 his
424 1736 724 1801 vocibus,
765 1742 1179 1813 πρατηγὲομαι,
1231 1741 1606 1813 στρατηγικὸς,
1649 1754 1868 1810 στρατη-

1981 1737 2162 1803 ciens,
2192 1752 2381 1809 neque
2405 1739 2677 1808 fructum
2707 1742 2971 1797 alienum
3001 1754 3407 1809 corrumpens,
3457 1738 3632 1807 favos

192 1834 295 1895 τὸς,
339 1832 765 1900 amatr/uirus,
802 1827 1058 1901 aliisque
1104 1827 1328 1895 multis,
1359 1842 1514 1899 quas
1540 1841 1755 1883 omnes
1780 1839 1874 1880 re-

192 1932 429 1973 censere
464 1923 529 1974 et
562 1917 832 1989 longum
862 1923 921 1974 et
944 1917 1157 1975 inutile
1186 1922 1362 1975 esset.
1397 1919 1594 1983 Quare
1633 1931 1759 1973 non
1802 1930 1873 1971 eo

198 2006 385 2062 solum
424 2007 700 2063 nomine
728 2023 852 2064 vox
901 2010 1317 2083 στρατηγάρχας
1344 2004 1726 2079 repudianda
1760 2008 1870 2089 est,

196 2095 352 2166 quod
374 2110 541 2152 nova
566 2096 645 2153 sit
675 2096 1020 2160 etinsolita,
1057 2096 1165 2153 sed
1192 2096 1359 2169 quod
1384 2100 1602 2168 praeter
1629 2099 1871 2150 caetero-

192 2199 319 2240 rum
359 2184 703 2241 nominum
733 2186 1235 2242 consuetudinem
1275 2185 1613 2258 composita
1640 2199 1769 2239 esse
1790 2182 1872 2238 vi.

192 2272 422 2329 deatur.
450 2275 600 2330 Jam
631 2275 849 2330 monui
872 2274 1226 2347 scriptorem
1252 2273 1547 2330 nonnulla
1567 2290 1641 2329 ex
1665 2288 1738 2329 ea
1769 2275 1871 2329 Ba-

191 2362 293 2418 ειᾟὶ
307 2364 629 2433 oratione,
642 2380 784 2436 quae
803 2364 1168 2432 inscribitur,
1183 2365 1445 2422 Attende
1461 2364 1573 2421 tibi
1585 2364 1722 2433 ipsi,
1742 2378 1871 2418 mu-

190 2456 424 2507 tuatum
453 2453 672 2510 fuisse.
700 2454 803 2510 Hic
828 2458 1036 2511 autem
1058 2470 1267 2511 rursus
1298 2469 1546 2510 monere
1568 2454 1763 2524 juvat,
1786 2452 1845 2508 vi

187 2539 312 2596 deri
339 2541 669 2610 eumdem,
696 2542 802 2598 ubi
826 2542 1174 2616 exemplum
1205 2544 1338 2616 apis
1359 2547 1415 2599 et
1434 2542 1704 2599 formicae
1734 2556 1871 2613 pro-

189 2631 416 2701 posuit,
459 2631 619 2687 satis
661 2631 860 2689 multa
907 2648 980 2689 ex
1020 2648 1201 2706 opere
1246 2650 1352 2690 sex
1390 2632 1626 2689 dierum
1668 2630 1870 2686 Basilii

192 2721 567 2793 sumpsisse.
607 2724 681 2779 Et
726 2724 1022 2794 quoniam
1062 2723 1280 2780 horum
1307 2724 1583 2780 locorum
1621 2722 1774 2778 inter
1802 2736 1869 2777 se

189 2811 583 2883 comparatio
617 2810 803 2868 nobis
832 2811 1013 2868 alicui
1037 2812 1172 2868 usui
1203 2827 1333 2869 esse
1361 2811 1598 2884 poterit,
1639 2808 1869 2883 aliquid

185 2913 258 2954 ex
288 2904 562 2974 utroque
587 2905 839 2958 auctore
864 2902 981 2958 hoc
1004 2900 1135 2959 loco
1164 2902 1523 2958 exscribam.
1558 2904 1764 2972 Itaque
1794 2897 1871 2953 de

186 2990 413 3063 apibus
435 2990 704 3064 loquens
735 2991 994 3048 Basilius
1020 2991 1187 3048 hom.
1211 2996 1243 3047 8
1264 2992 1327 3048 in
1358 2992 1670 3059 Hexaem.,
1696 3004 1866 3044 num.

1981 1828 2277 1882 construit
2306 1842 2380 1884 ac
2404 1843 2545 1898 com,
2576 1830 2749 1900 ingit.
2780 1831 2937 1886 Nam
2967 1834 3035 1885 ut
3059 1843 3257 1886 ceram
3286 1842 3362 1884 ea:
3380 1826 3633 1897 ﬂoribus

1980 1923 2187 1987 aperte
2227 1919 2481 1988 colligit,
2525 1921 2614 1976 ita
2653 1921 2793 1985 mel,
2853 1920 3159 1976 humorem
3196 1918 3423 1975 scilicet
3475 1915 3633 1971 roris

1979 2008 2174 2063 instar
2199 2008 2450 2077 floribus
2495 2009 2855 2080 inspersum,
2895 2024 2996 2065 ore
3036 2007 3316 2077 attrahit,
3359 2011 3539 2077 atque
3567 2004 3631 2057 in

1974 2099 2262 2167 favorum
2327 2113 2476 2155 cava
2539 2100 2903 2155 immittit....
2968 2099 3117 2169 Apis
3168 2097 3507 2167 praeclaras
3574 2099 3632 2150 et

1979 2188 2393 2245 convenientes
2432 2188 2641 2245 laudes
2686 2204 2726 2245 a
2770 2188 3097 2245 Proverbia
3152 2190 3471 2245 consecuta
3521 2188 3627 2246 est,

1976 2292 2112 2348 quae
2138 2277 2363 2333 scilicet
2392 2279 2736 2347 appelletur
2761 2278 3021 2347 sapiens,
3063 2281 3117 2333 et
3149 2276 3468 2332 laboriosa.
3498 2273 3630 2328 Hoc

1973 2365 2148 2421 modo
2180 2372 2243 2421 ut
2274 2365 2601 2436 diligenter
2627 2368 2758 2437 apis
2786 2367 3079 2437 pabulum
3114 2365 3379 2435 congerit
3416 2365 3487 2433 (ιι
3512 2362 3629 2417 Cu-

1964 2456 2071 2524 jus
2091 2454 2342 2522 labores,
2361 2457 2579 2527 inquit,
2600 2472 2766 2526 reges
2786 2462 2841 2514 et
2854 2457 3088 2526 privati
3104 2456 3187 2512 ad
3198 2454 3517 2511 sanitatem
3537 2465 3630 2506 as-

1973 2549 2217 2599 sumunt
2248 2545 2385 2616 '0»),
2414 2546 2503 2601 ita
2528 2547 2830 2614 sapienter
2857 2548 2911 2601 et
2936 2545 3258 2613 artiﬁciose
3284 2541 3480 2598 mellis
3506 2540 3627 2595 cel-

1977 2632 2139 2689 lulas
2168 2634 2447 2689 exstruit.
2477 2634 2746 2691 Extenta
2778 2635 2939 2691 enim
2980 2635 3041 2690 in
3066 2640 3299 2691 tenuem
3327 2630 3627 2687 membra-

1975 2735 2116 2778 nam
2146 2736 2281 2778 cera
2316 2722 2529 2779 crebra
2567 2728 2621 2779 et
2659 2724 2819 2779 inter
2854 2739 2914 2781 se
2954 2724 3245 2780 continua
3280 2734 3428 2777 cava
3465 2734 3628 2775 cons-

1978 2811 2150 2874 truit,
2179 2816 2245 2865 ut
2268 2812 2615 2881 frequentia
2644 2812 2758 2868 illa
2786 2818 2840 2869 et
2870 2812 3156 2877 densitas,
3197 2825 3320 2883 qua
3348 2808 3629 2865 minutis-

1975 2900 2127 2956 sima
2183 2914 2433 2972 quteque
2471 2902 2677 2958 sedum
2711 2903 2961 2959 invicem
3008 2903 3394 2972 colligantur,
3463 2896 3632 2967 operi

1979 2989 2090 3043 toti
2128 2988 2402 3058 fulcrum
2457 2989 2537 3046 sit
2587 2995 2640 3046 et
2686 2992 3155 3059 ﬁrmamentum.
3200 2990 3356 3046 Nam
3403 2988 3628 3044 cellula

184 3083 241 3146 4,
273 3080 367 3134 sic
395 3080 676 3153 loquitur
696 3083 874 3152 (tom.
904 3085 947 3151 Ι,
979 3096 1041 3153 p.
1066 3083 1157 3151 74)
1183 3096 1197 3135 ε
1228 3084 1397 3153 Νόμοι
1422 3084 1554 3140 τινές
1569 3080 1697 3130 εἰσιν
1725 3076 1868 3129 οὗτοι

1979 3077 2258 3149 quaelibet
2304 3080 2489 3135 alteri
2534 3080 2828 3147 adliteret,
2881 3081 3049 3137 tenui
3087 3085 3249 3149 septo
3292 3078 3368 3135 ab
3420 3091 3489 3133 ea
3539 3090 3633 3132 se-

188 3177 283 3229 τξς
327 3173 539 3240 φύσεως
577 3172 831 3243 ἄγραφοι,
877 3169 1068 3244 ἀργοὺς
1114 3167 1245 3224 εἶναι
1282 3174 1413 3245 πρός
1453 3172 1705 3243 τιμωρίαν
1751 3168 1873 3235 τοὺς

190 3267 289 3310 τῶν
318 3268 590 3331 μεγίστων
635 3257 960 3313 δυναστειῶν
999 3260 1379 3322 ἐπιϐαίνοντας.
1423 3259 1577 3314 Ἀλλά
1623 3264 1712 3313 καὶ
1754 3262 1871 3311 ταῖς

191 3347 498 3417 μελίσσαις,
544 3350 674 3402 ὅσαι
725 3351 789 3401 οἷν
832 3355 903 3423 μὴ
947 3348 1348 3408 ἀκολουθήσωσι
1394 3359 1467 3422 τῷ
1516 3347 1869 3423 ὑποδείγματι

195 3446 287 3488 τοῦ
344 3437 638 3511 βασιλέως,
686 3443 831 3511 ταχύ
883 3439 1156 3513 μεταμέλει
1210 3448 1308 3502 τῆς
1360 3438 1624 3502 ἀϐουλίας,
1667 3442 1749 3492 ὅτι
1801 3449 1863 3513 τῇ

195 3528 365 3601 πληγῇ
398 3538 500 3583 τοῦ
526 3534 742 3604 κέντρου
777 3529 1269 3588 ἐναποθνήσκουσιν.
1309 3530 1661 3584 Ἀκουέτωσαν
1690 3536 1866 3605 Χρισ-

194 3628 385 3687 τιανοὶ,
431 3619 517 3679 οἷς
565 3621 888 3692 πρόσταγμα
927 3617 1038 3670 ἔστι
1068 3614 1278 3691 ’μηδενὶ
1326 3624 1483 3671 κακὸν
1538 3618 1652 3672 ἀντὶ
1702 3626 1866 3672 κακοῦ

190 3706 541 3773 ἀποδιδόναι,
574 3707 702 3761 ἀλλά
729 3714 876 3779 νικᾲν
906 3706 957 3760 ἓν
988 3717 1059 3781 τῷ
1088 3707 1269 3781 ἀγαθῷ
1294 3712 1353 3762 τὸ
1390 3714 1737 3768 κακόν........
1766 3714 1864 3763 Τόν

188 3804 279 3869 μὲν
312 3802 418 3872 γὰρ
452 3802 621 3870 κηρόν
649 3797 753 3850 ἀπὸ
784 3806 883 3850 τῶν
923 3796 1086 3851 ἀνθῶν
1115 3804 1682 3873 φανερῶςσυναγείρει,
1716 3802 1775 3851 rb
1806 3795 1865 3852 δε

188 3888 305 3959 μέλι
346 3893 449 3945 τήν
499 3884 826 3963 δροσοειδῶς
857 3885 1236 3963 ἕνεστταρμένην
1280 3884 1464 3942 νοτίδα
1505 3895 1612 3950 τοῖς
1655 3890 1863 3942 ἄνθεσιν

192 3974 604 4048 ἐπισπασαμένη
643 3985 718 4047 τῷ
758 3980 1000 4048 στόματι,
1045 3980 1241 4034 ταύτην
1288 3983 1403 4037 ταῖς
1438 3976 1712 4035 κοιλότησι
1763 3987 1863 4030 τῶν

190 4069 389 4137 κηρίων
442 4063 806 4122 irinum”...
872 4063 1048 4117 Καλῶν
1089 4070 1180 4117 καὶ
1234 4069 1531 4137 πρεπόντων
1580 4064 1711 4123 αὓτη
1763 4075 1863 4118 τῶν

190 4151 415 4204 ἐπαίνων
448 4155 596 4227 παρά
623 4160 720 4214 τῆς
748 4158 1042 4226 Παροιμίας
1067 4156 1346 4225 τετύχηκε,
1383 4158 1515 4225 σοφὴ
1546 4158 1636 4206 καὶ
1658 4152 1864 4227 ἐργάτις

192 4240 579 4313 ὀνομασθεῖσα.
622 4241 776 4294 Οὕτω
804 4246 895 4314 μὶν
933 4242 1215 4315 φιλοπόνως
1251 4247 1347 4300 τὴν
1382 4247 1574 4317 τροφὴν
1617 4248 1863 4314 συναγεί-

192 4349 361 4400 ρουσι
413 4331 535 4401 (Ἥς
582 4333 701 4392 τοὺς
749 4336 959 4395 πόνους,
1011 4336 1162 4403 φησι,
1220 4330 1460 4404 βασιλεῖς
1508 4335 1599 4383 καὶ
1656 4327 1865 4397 ἰδιῶται

1969 3169 2207 3237 juncta.
2240 3168 2458 3225 Deinde
2482 3170 2704 3238 ﬁstulae
2742 3170 2835 3226 lim
2862 3170 3001 3227 alia:
3037 3183 3219 3238 super
3246 3168 3403 3224 alias
3441 3166 3632 3234 adiﬁ-

1980 3263 2151 3326 catte,
2191 3258 2344 3315 duas
2381 3263 2574 3316 tresve
2620 3259 2843 3316 habent
2891 3259 3387 3330 contignationes.
3447 3257 3634 3314 Cavet

1978 3349 2135 3405 enim
2188 3348 2537 3405 continuam
2592 3363 2778 3406 unam
2822 3349 3061 3419 efﬁcere
3098 3347 3509 3411 cavernulam,
3558 3359 3633 3401 ne

1978 3436 2195 3493 humor
2229 3437 2401 3507 foras
2443 3444 2695 3507 propter
2741 3440 3108 3509 gravitatem
3150 3437 3417 3507 dif/luat.
3456 3434 3633 3489 Disce

1974 3526 2267 3597 quomodo
2322 3529 2663 3597 geometria:
2715 3529 2961 3584 inventa
3011 3527 3265 3583 accessio
3315 3525 3438 3580 sint
3489 3536 3629 3591 ope-

1973 3630 2060 3671 ra:
2105 3630 2179 3671 ac
2218 3616 2441 3671 laboris
2470 3618 2617 3685 ejus,
2653 3631 2825 3688 quem
2856 3617 2986 3685 apis
3030 3613 3468 3685 sapientissima
3494 3625 3629 3666 sus-

1966 3706 2140 3777 picit.
2175 3706 2388 3762 Omnes
2414 3706 2568 3761 enim
2583 3706 2864 3774 favorum
2881 3705 3227 3762 cavernulte
3246 3708 3387 3758 sunt
3407 3715 3629 3757 sexan-

1971 3795 2153 3866 gulae,
2192 3800 2249 3852 et
2289 3795 2553 3865 tequalia
2598 3795 2793 3851 latera
2838 3794 3107 3851 habent:
3144 3808 3265 3849 non
3314 3791 3452 3849 alite
3489 3790 3630 3847 aliis

1971 3884 2201 3941 directo
2254 3882 2629 3954 incumbunt,
2684 3898 2759 3941 ne
2800 3884 2979 3955 fundi
3026 3882 3371 3939 intervallis
3425 3879 3631 3936 vacuis

1970 3972 2251 4044 adjuncti
2272 3972 2613 4046 fatiscant;
2638 3973 2743 4030 sed
2761 3973 3239 4043 sexangularum
3266 3969 3628 4027 cavernula-

1969 4078 2108 4119 rum
2126 4063 2490 4133 inferiorum
2508 4064 2743 4134 anguli,
2778 4063 2932 4119 basis
2951 4068 3091 4119 sunt
3112 4077 3184 4117 ac
3205 4061 3628 4131 fulcimentum

1969 4154 2367 4223 superiorum,
2390 4160 2457 4210 ut
2492 4159 2620 4210 tuto
2666 4167 2853 4223 supra
2902 4169 2963 4209 se
2998 4166 3184 4208 onera
3216 4149 3526 4215 attollant,
3571 4150 3629 4202 et

1969 4244 2299 4312 separatim
2326 4245 2393 4299 in
2424 4259 2778 4315 unoquoque
2797 4257 3056 4299 concavo
3080 4241 3295 4297 humor
3321 4240 3628 4294 continea-

1973 4338 2095 4388 tur.
2137 4336 2358 4388 Auctor
2394 4348 2538 4388 vero
2578 4329 3124 4388 lucubratiunculas
3166 4329 3317 4399 ejus,
3349 4343 3538 4400 quam
3565 4326 3629 4381 in

194 4426 319 4495 πρὸς
349 4425 538 4492 ὑγείαν
568 4421 994 4496 προσφέρονται),
1031 4420 1165 4474 οὓτω
1196 4417 1256 4474 δὲ
1286 4430 1458 4493 σοφῶς
1485 4420 1865 4493 φιλοτεχνοῦσα

1976 4421 2095 4477 suis
2116 4421 2403 4478 Ecclesia!
2424 4422 2651 4478 Graeca-
2675 4418 3077 4478 Monumentis
3098 4418 3287 4476 edidit
3307 4416 3630 4475 Cotelerius

198 4512 288 4571 ri;
332 4511 618 4572 ἀποθήκας
668 4517 762 4561 τοῦ
807 4509 1031 4581 μελιτοςο
1081 4511 1152 4573 εἰς
1193 4509 1379 4563 λεπτόν
1422 4509 1520 4584 γὰρ
1571 4512 1732 4582 ὑμένα
1778 4512 1865 4561 τόν

198 4606 353 4673 κηρόν
380 4595 721 4667 διατείνασα,
749 4601 947 4661 πυκνὰς
977 4605 1065 4653 καὶ
1088 4607 1329 4672 συνεχεῖς
1360 4598 1605 4661 ἀλλήλαις
1632 4618 1863 4652 συνοικο-

198 4685 349 4760 {oud
374 4692 474 4749 τὰς
503 4688 834 4753 κοιλότητας,
877 4691 947 4752 ὡς
975 4692 1031 4741 rb
1061 4692 1254 4741 πυκνόν
1283 4698 1379 4750 τῆς
1409 4696 1508 4740 τῶν
1538 4691 1864 4763 μικροτάτων

197 4784 323 4851 πρὸς
354 4777 562 4837 ἄλληλα
591 4773 810 4843 δέσεως,
843 4780 1059 4853 ἔρεισμα
1080 4779 1319 4850 γίνεσθαι
1344 4786 1418 4850 τῷ
1438 4783 1609 4833 παντί.
1637 4777 1861 4835 Ἐκάστη

194 4869 293 4939 γὰρ
349 4872 575 4942 φρεατία
631 4876 731 4928 τῆς
787 4867 963 4941 ἐτέρας
1025 4870 1220 4939 ἔχεται,
1282 4867 1449 4938 λεπτῷ
1506 4870 1636 4940 πρὸς
1702 4866 1863 4925 αὐτὴν

198 4952 529 5030 διειργομένη
573 4977 630 5010 τε
669 4959 801 5030 ὁμοῦ
846 4960 936 5009 καὶ
981 4962 1336 5031 συναπτομένη
1374 4967 1446 5029 τῷ
1477 4953 1860 5031 διαφράγματι.

198 5052 407 5099 Ἔπειτα
467 5044 726 5122 διώροφοι
786 5052 879 5099 καὶ
943 5053 1218 5121 τριώροφοι
1282 5049 1339 5099 ai
1405 5050 1653 5121 σύριγγες
1708 5046 1864 5097 αὗται

200 5133 443 5198 ἀλλήλαις
485 5133 950 5208 ἔπῳκοδόμηνται.
984 5134 1301 5207 Ἐφυλείξατο
1342 5138 1444 5208 γὰρ
1482 5140 1601 5207 μίαν
1642 5142 1864 5193 ποιῆσαι

203 5222 479 5300 διαμπερες
527 5232 626 5285 τὴν
672 5225 984 5291 κοιλότητα,
1027 5225 1109 5277 ἶνα
1151 5230 1222 5299 μὴ
1271 5234 1344 5297 τῷ
1393 5224 1547 5298 βάρει
1590 5229 1649 5278 rb
1706 5227 1863 5300 ὑγρόν

202 5321 323 5389 πρὸς
366 5321 423 5368 τὸ
463 5317 613 5381 ἐκτός
653 5313 969 5388 διεκπίπτη.
1013 5317 1292 5389 Κατάμαθε
1332 5324 1443 5378 πῶς
1480 5318 1545 5368 τὰ
1585 5324 1681 5379 τῆς
1726 5335 1861 5387 γεω-

202 5408 405 5477 μετρίας
438 5408 717 5483 εὑρήματα
762 5403 1008 5479 πάρεργᾶ
1040 5403 1154 5458 ίστι
1198 5413 1294 5469 τῆς
1332 5407 1637 5477 σοφωτάτης
1675 5405 1860 5480 μελίσ-

266 5533 315 5569 ²⁰
340 5534 497 5594 Prov.
527 5550 608 5607 vi,
641 5537 702 5603 6,
731 5544 863 5588 sec.
897 5530 1042 5589 LXX.

1970 4510 2227 4582 loquens
2258 4514 2316 4566 et
2347 4509 2480 4581 ipse
2521 4510 2597 4566 de
2634 4509 2854 4583 apibus
2893 4510 2973 4566 ita
3012 4508 3219 4565 scribit
3258 4509 3416 4581 (pag.
3452 4507 3576 4577 620)
3609 4522 3623 4560 :

1972 4604 2243 4673 χρήσιμον
2267 4602 2325 4651 τὸ
2354 4594 2655 4671 ὑπόδειγμα
2675 4607 2769 4661 τῆς
2790 4598 3071 4671 μελίσσης,
3096 4595 3279 4651 δοῦναι
3298 4600 3385 4649 τὸν
3408 4596 3623 4666 καρπὸν,

1974 4692 2065 4739 καὶ
2096 4689 2415 4759 ἀμύνασθαι·
2452 4694 2552 4741 Καὶ
2576 4690 2675 4761 γὰρ
2707 4693 2795 4740 καὶ
2825 4690 2855 4747 ἡ
2886 4688 3112 4761 μέλισσα
3150 4687 3463 4760 ἀμυνομένη,
3496 4682 3625 4735 ἐπα-

1974 4779 2259 4835 ποθνήσκει
2304 4785 2365 4849 τῇ
2406 4776 2605 4850 πληγῇ·
2643 4783 2732 4830 καὶ
2764 4786 3082 4851 Χριστιανοῦ
3126 4780 3359 4841 θάνατος,
3402 4776 3430 4832 ἠ
3465 4772 3625 4825 ἀντα-

1973 4862 2200 4928 πόδοσις
2215 4873 2305 4917 τοῦ
2327 4874 2512 4921 κακοῦ.
2535 4867 2750 4920 Ἐκεῖνον
2770 4870 2862 4940 μὲν
2881 4872 3066 4942 μικρὸν
3089 4864 3383 4928 ὠνείδισας·
3410 4866 3625 4917 σεαυτόν

1977 4954 2036 5009 δὲ
2071 4956 2373 5017 ἀπέκτεινας
2409 4964 2471 5029 τῇ
2510 4966 2747 5030 παρακοῇ
2794 4966 2890 5019 τῆς
2934 4956 3157 5023 ἐντολῆς,
3209 4952 3410 5013 Μηδενὶ
3465 4957 3624 5017 καηὸν

1975 5044 2088 5099 ἀντὶ
2117 5052 2280 5099 κακοῦ
2306 5042 2446 5098 ἀποδ
2453 5041 2507 5098 ιδ
2511 5050 2670 5109 όντες.
2698 5043 2850 5108 Εἶδες
2878 5054 2989 5107 πῶς
3018 5046 3046 5104 ὴ
3079 5044 3305 5117 μέλισσα
3332 5061 3403 5116 τῳ
3432 5046 3626 5115 κέντρῳ

1974 5140 2067 5193 την
2109 5137 2247 5196 ζωὴν
2296 5134 2605 5207 ἐναφίησιν;
2644 5135 2796 5188 Οὕτω
2830 5140 2918 5188 καὶ
2963 5134 3278 5206 Χριστιανός
3316 5134 3402 5184 τὸν
3433 5129 3625 5207 ἐχθρὸν

1975 5223 2308 5299 ἀμυνόμενος,
2362 5222 2455 5278 διὰ
2502 5233 2595 5287 τῆς
2638 5224 2842 5296 πληγῆς
2888 5232 2984 5285 τῆς
3032 5222 3103 5284 εἰς
3149 5226 3236 5274 τόν
3289 5221 3480 5298 ἐχθρὸν
3531 5226 3625 5281 τὴν

1974 5316 2157 5369 ἑαυτοῦ
2226 5315 2364 5376 ζωὴν
2418 5312 2816 5370 ἀποϐάλλει....
2882 5316 2986 5370 Τὴν
3044 5308 3103 5366 δι
3155 5310 3405 5386 ἕνέργειαν
3462 5311 3626 5372 αὐτῆς

1970 5410 2271 5483 προτίθεται
2341 5404 2411 5467 εἰς
2482 5404 2770 5459 ἀπόλαυσιν
2844 5399 3127 5477 βασιλεῦσι
3208 5407 3297 5457 καὶ
3362 5398 3624 5474 ἰδιώταις,
