4058 6192
436 319 503 372 59
1956 304 2333 364 ΡΩΜΑἮο
3785 312 3858 368 60

436 441 672 512 τρυφῶσί
693 456 749 491 τι
771 442 861 490 καὶ
882 435 1187 511 ὰρῥὼστοιςο
1218 442 1282 508 τῇ
1314 436 1403 507 μὲν
1430 428 1784 502 ἐπιτηδεύσει,
1815 435 1905 484 καὶ
1928 436 2083 485 παντὶ
2113 435 2161 490 Α
2197 432 2263 488 in
2300 432 2618 504 Hexaem.,
2665 448 2726 489 n.
2772 436 2860 494 ωε
2911 441 3041 488 Εστι
3081 430 3141 487 δέ
3179 452 3295 488 τινα
3339 439 3430 488 καὶ
3466 433 3710 487 πολιτικὰ
3752 443 3861 487 τῶν

438 533 510 580 τώ
549 526 648 600 βίῳ
676 528 996 601 χρησιμεύει
1028 529 1192 599 μέχρι
1221 532 1316 586 τῆς
1346 524 1535 596 ὀσμῆς.
1566 522 1625 575 Ἡ
1671 518 1731 575 δὲ
1767 520 1995 595 μελισσα
2020 528 2083 594 τῇ

438 615 670 689 ποικιλίᾳ
706 615 800 678 τῆς
838 619 1029 687 τέχνης
1066 619 1156 666 καὶ
1194 612 1311 686 μελε
1347 611 1647 684 ἐκλέγεσθαι
1684 606 1823 663 οἶδεν
1859 608 1960 666 ἀπὸ
1998 615 2088 661 τοῦ

440 705 600 758 αὑτοῦ
638 706 847 766 ἄνθουςο
876 709 966 756 καὶ
1003 706 1065 754 τὰ
1093 705 1182 775 μὲν
1214 701 1286 762 εἰς
1328 701 1444 774 μῦ.ι
1475 699 1798 766 ἀποτίθεται,
1831 703 1887 752 τὸ
1932 695 1992 752 δὲ
2020 697 2091 758 εἰς

439 798 639 869 κηρίον.
662 798 752 847 καὶ
771 796 857 846 τὸν
878 794 1037 867 κηρὸν
1062 795 1415 866 περιπήγνυσι
1444 811 1515 863 τῳ
1545 789 1733 864 μελιτι.
1760 794 1850 851 Τίς
1877 783 2093 850 ἐδίδαξε

440 888 528 941 τήν
558 883 810 956 μέλισσαν
833 881 1025 940 ἐκείνην
1051 888 1215 934 ποιεῖν
1239 883 1333 943 τὰς
1364 884 1638 956 σύριγγας,
1672 881 1900 952 ὑφαίνειν
1926 873 1985 930 δὲ
2004 881 2091 931 τὸν

440 972 624 1026 λεπτὸν
653 973 814 1045 ὑμένα
840 988 854 1039 ;
885 975 974 1034 Τίς
1002 971 1170 1023 αὐτῶν
1194 970 1398 1043 παλαιῳ
1430 966 1740 1041 διδασκάλῳ
1771 973 2090 1041 φοιτήσασα,

440 1064 507 1114 τὰ
537 1060 821 1134 ἑξάπλευρα
848 1064 939 1113 καὶ
958 1059 1310 1135 τετράπλευρα
1327 1065 1489 1112 ποιεῖν
1511 1054 1781 1130 ἑδιδοίχθη
1808 1074 1821 1125 ;
1846 1064 1964 1120 Πῶς
1982 1077 2094 1129 γω-

439 1153 552 1201 νίαν
582 1152 771 1206 ἔστησε
797 1145 891 1202 διὰ
926 1156 1018 1203 τοῦ
1061 1144 1245 1223 κηροῦ,
1277 1152 1368 1201 καὶ
1393 1151 1614 1220 τοίχους
1644 1143 1886 1219 διῦφανεν
1936 1164 1949 1211 ;
1988 1150 2100 1200 Ἵνα

444 1239 498 1291 αἱ
526 1239 616 1310 μὲν
646 1241 834 1309 γωνίαι
856 1240 916 1290 τὸ
939 1241 1142 1312 στερεόν
1162 1237 1660 1312 παρασκευάσωσιν,
1683 1236 1732 1287 οἱ
1763 1231 1822 1288 δὲ
1841 1240 2019 1306 τοῖχοι
2038 1237 2097 1286 τὸ

443 1326 558 1400 μέλι
597 1326 882 1399 φυλαξωσι.
925 1329 1020 1379 Διὰ
1056 1330 1106 1380 τί
1142 1326 1248 1398 οὐχ
1285 1328 1372 1378 ἕνα
1412 1328 1643 1401 σύριγγα
1686 1323 1948 1387 ἐποίησεν,
1991 1322 2100 1375 ἀλλ’

444 1417 579 1469 ἔνθεν
609 1416 841 1469 χακεῖθεν
869 1410 1110 1478 διέπήξεν
1138 1416 1230 1467 τοῦ
1260 1413 1464 1487 μέλιτος
1500 1417 1596 1475 τὰς
1635 1412 1941 1476 ἀποθήκαςς
1985 1419 2103 1473 Πῶς

445 1505 647 1577 ἑκάστῳ
674 1506 895 1577 πυθμένι
921 1501 981 1556 id
988 1523 1059 1557 ιον
1091 1503 1257 1562 ὶνίησι
1287 1502 1438 1577 psit;
1471 1510 1534 1559 Εἰ
1568 1505 1614 1557 iv
1642 1502 1804 1557 ἐποίει
1830 1506 1889 1555 τὸ
1910 1497 2104 1555 πανδο-

444 1602 609 1667 χεῖον,
634 1590 887 1668 cuppae,»
911 1592 970 1646 ἂν
991 1613 1063 1665 τῳ
1085 1592 1238 1667 βάρει
1253 1598 1312 1647 τὸ
1335 1590 1795 1666 ὑποκείμενοψᾶλγ
1816 1592 2104 1649 ὑποτίθησι

444 1687 567 1744 τοὺς
628 1684 913 1756 πυθμένας,
975 1688 1065 1743 καὶ
1129 1688 1345 1755 τοίχους
1415 1680 1710 1747 ὑποϐάλλει,
1771 1686 1861 1735 καὶ
1915 1685 2105 1752 γωνίας

2200 520 2422 593 ἀλόγων,
2448 525 2586 598 εἰπερ
2615 522 2874 585 πολιτείας
2897 520 3035 576 ἴδιον
3055 527 3113 576 τὸ
3135 528 3265 599 πρὸς
3286 523 3334 578 ὃν
3356 528 3515 597 πέρας
3538 527 3706 577 κοινὸν
3723 544 3863 596 ,συν-

2198 613 2358 665 νεύειν
2373 616 2466 671 τήν
2484 610 2735 688 ἐνέργειαν
2755 622 2854 666 τῶν
2875 614 3223 668 καθ’ἕκαστον
3244 635 3257 649 ·
3276 616 3344 677 ὡς
3366 613 3449 666 ἐπὶ
3473 622 3574 667 τῶν
3594 612 3858 687 μελισσῶν

2202 702 2263 753 ἄν
2283 721 2361 764 τις
2382 697 2514 754 ἴδοιο
2536 705 2744 778 καὶγὰρ
2768 701 2967 756 ἐκείνων
2995 707 3139 762 κοινή
3172 707 3272 776 γὰρ
3296 703 3326 763 ii
3350 706 3579 770 οἴκησις,
3610 708 3755 761 κοινὴ
3799 698 3865 756 δὲ

2203 791 2233 850 ii
2256 798 2473 865 πτῆσις,
2497 791 2719 869 ἐργασία
2741 790 2800 846 δὲ
2819 797 3022 847 πάντων
3047 799 3208 868 μία...
3228 794 3287 847 ού
3301 799 3546 870 πρότερον
3562 790 3868 866 καταδεχό-

2203 899 2351 953 μεναι
2372 879 2454 934 ἐπὶ
2483 886 2604 946 τοὺς
2629 881 2879 956 λειμῶνας
2898 882 3076 949 ἐλθεῖν,
3108 888 3230 958 πρὶν
3260 882 3319 935 ἂν
3351 880 3511 936 ἱδωσι
3529 883 3868 959 κατάρξαντα

2202 975 2290 1023 τὸν
2345 969 2570 1044 βασιλέα
2613 981 2711 1035 τῆς
2759 978 3020 1036 πτήσεως.
3069 974 3267 1030 Porro
3317 973 3591 1045 quaedam
3639 988 3715 1030 ex
3766 973 3867 1029 his

2208 1061 2405 1118 brutis
2433 1061 2845 1119 animantibus
2872 1068 3008 1120 sunt
3037 1077 3269 1135 quoque
3291 1063 3560 1133 politicas
3590 1080 3604 1119 :
3648 1062 3702 1118 si
3734 1062 3870 1134 qui-

2207 1152 2340 1209 dem
2386 1152 2580 1209 civilis
2627 1153 3170 1211 administrationis
3206 1153 3521 1223 proprium
3563 1159 3648 1210 est
3685 1157 3752 1209 ut
3781 1153 3872 1210 ad

2207 1256 2398 1298 unum
2426 1256 2792 1299 communem
2813 1243 2992 1311 ﬁnem
3018 1244 3399 1314 singulorum
3428 1243 3689 1305 actiones
3717 1257 3869 1301 con-

2210 1337 2490 1402 currant,
2527 1336 2594 1387 ut
2631 1333 2880 1404 quisque
2916 1334 2981 1388 in
3008 1333 3220 1403 apibus
3257 1333 3484 1390 intueri
3508 1337 3719 1403 potest.
3750 1332 3873 1389 His

2212 1423 2369 1480 enim
2394 1423 2725 1480 communis
2755 1429 2840 1480 est
2884 1422 3200 1494 habitatio,
3241 1424 3573 1481 communis
3600 1424 3869 1494 volatus,

2214 1527 2453 1584 unaque
2505 1519 2562 1570 et
2616 1514 2821 1570 eadem
2879 1506 3143 1569 omnium
3213 1514 3437 1571 actio...
3505 1529 3628 1571 non
3687 1514 3873 1584 prius

2214 1603 2296 1659 ad
2326 1609 2515 1672 prata
2556 1603 2862 1673 proﬁcisci
2895 1618 3078 1673 ausas,
3135 1617 3317 1676 quam
3370 1618 3568 1675 regem
3604 1602 3876 1660 viderint

2216 1693 2450 1750 volatui
2485 1697 2877 1763 precantem.
2908 1692 3128 1749 Audire
3157 1691 3307 1748 mihi
3334 1692 3565 1758 videor,
3595 1692 3700 1766 qui
3728 1708 3878 1749 oon-

449 1770 812 1845 ἆσφαλίζεται.
849 1773 1006 1829 Utile
1032 1778 1119 1829 est
1142 1773 1480 1841 exemplum
1522 1772 1674 1842 apis,
1716 1770 1798 1827 ad
1834 1770 2103 1827 dandum
2136 1786 2177 1842 Β
2215 1787 2549 1856 querantur
2597 1786 2838 1855 tempus
2884 1781 3045 1845 male
3087 1781 3355 1841 locatum
3399 1780 3585 1839 fuisse
3626 1782 3690 1838 in
3743 1786 3877 1839 tam

442 1865 741 1935 fructum,
784 1868 838 1918 et
874 1867 1127 1932 propter
1166 1862 1477 1918 ultionem.
1515 1861 1752 1917 Etenim
1793 1860 1924 1929 apis
1962 1859 2105 1915 dum

449 1952 766 2008 ulciscitur
787 1967 867 2019 se,
890 1952 1087 2023 plaga
1105 1951 1450 2007 immoritur
1465 1964 1490 2008 .'
1514 1955 1567 2007 et
1593 1948 1932 2006 Christiani
1946 1963 2106 2004 mors

450 2055 558 2114 est,
598 2050 855 2107 redditio
893 2051 1062 2107 mali.
1102 2051 1288 2106 Illum
1335 2048 1573 2119 quidem
1611 2048 1936 2117 paululum
1972 2061 2109 2115 pro-

453 2140 558 2197 bro
600 2141 878 2211 a/fecisti,
908 2146 973 2198 at
1012 2142 1264 2211 teipsum
1291 2138 1650 2196 interemisti
1682 2153 1797 2207 per
1828 2137 2110 2197 mandati

452 2229 854 2287 violationem.
900 2252 929 2280 ‹‹
977 2231 1154 2288 Nulli
1196 2231 1424 2286 malum
1470 2244 1583 2299 pro
1640 2230 1804 2285 malo
1850 2227 2107 2283 redden-

453 2323 536 2375 tes
576 2320 644 2373 υ.
688 2339 717 2368 »
774 2319 990 2375 Vidisti
1013 2319 1304 2391 quomodo
1343 2319 1473 2389 apis
1504 2318 1689 2375 vitam
1729 2332 1861 2374 cum
1900 2316 2109 2372 aculeo

448 2407 739 2478 projiciat
773 2411 802 2464 ?
857 2400 957 2465 Ita
1001 2414 1060 2465 et
1111 2408 1514 2474 Christianus,
1567 2421 1701 2463 cum
1748 2405 1822 2462 de
1868 2404 2109 2461 inimico

454 2497 779 2554 vindictam
807 2499 1009 2570 sumit,
1030 2512 1147 2567 per
1172 2498 1393 2554 vulnus
1425 2496 1584 2553 hosti
1605 2497 1902 2566 inflictum
1923 2495 2110 2550 vitam

453 2603 625 2644 suam
667 2588 960 2644 amittit...
1012 2588 1426 2657 Operationem
1469 2601 1609 2644 vero
1655 2600 1826 2642 suam
1874 2582 2112 2641 exhibet

454 2676 518 2732 in
566 2692 739 2733 usum
778 2678 1010 2748 regibus
1054 2682 1108 2733 et
1146 2677 1407 2746 privatis
1454 2674 1811 2742 hominibus,
1861 2673 2114 2729 delicate

458 2766 790 2821 viventibus
839 2771 895 2822 et
936 2765 1141 2823 morbo
1185 2766 1480 2835 afﬂictis;
1532 2779 1762 2822 necnon
1810 2762 2114 2819 industria

454 2869 586 2923 sua,
610 2856 887 2926 omnique
914 2857 1041 2912 vita
1070 2856 1239 2911 utilis
1259 2861 1345 2912 est
1371 2870 1560 2928 usque
1579 2854 1661 2910 ad
1680 2853 1940 2910 odorem.
1964 2850 2113 2922 Apis

458 2946 751 3002 varietate
777 2947 930 3002 artis
955 2947 1133 3003 etiam
1161 2947 1280 3003 mel
1308 2946 1474 3001 novit
1503 2945 1789 3016 colligere
1810 2958 1886 3000 es:
1913 2943 2113 2999 eodem

453 3036 605 3106 ﬂore
621 3049 646 3091 .·
664 3040 720 3091 et
740 3036 915 3092 aliud
932 3035 1167 3106 quidem
1195 3038 1433 3105 reponit
1451 3035 1515 3091 in
1536 3036 1676 3103 mel,
1698 3034 1873 3091 aliud
1893 3047 2032 3089 vero
2051 3034 2115 3088 in

2214 1872 2413 1942 longis
2438 1871 2795 1941 fragmentis
2819 1869 3235 1927 describendis
3267 1889 3280 1926 :
3314 1870 3423 1927 sed
3452 1875 3654 1932 tamen
3682 1870 3881 1929 utilis-

2216 1962 2369 2018 sime
2408 1960 2791 2033 insumptum
2838 1974 2969 2016 esse
3010 1959 3371 2029 arbitrabor,
3411 1960 3460 2016 si
3506 1959 3674 2033 quod
3720 1959 3881 2016 mihi

2214 2050 2528 2125 proposui,
2549 2049 2793 2122 assequi
2808 2048 3056 2121 possim.
3076 2048 3245 2105 Volui
3262 2048 3445 2119 igitur
3460 2049 3579 2106 hoc
3594 2047 3882 2121 exemplo

2217 2141 2542 2198 multorum
2577 2154 2848 2195 errorum
2886 2153 3136 2195 causam
3173 2138 3348 2211 quasi
3377 2138 3490 2194 sub
3517 2138 3729 2195 oculos
3766 2153 3883 2211 po-

2216 2245 2381 2287 nere.
2417 2231 2565 2286 Sunt
2601 2228 2704 2302 qui
2735 2228 2939 2301 spuria
2967 2227 3250 2301 quaedam
3288 2243 3474 2300 opera
3499 2227 3881 2301 quibusdam

2218 2318 2567 2376 auctoribus
2588 2317 2879 2388 tribuunt,
2900 2333 3023 2374 non
3045 2317 3164 2374 alio
3183 2316 3382 2388 magis
3399 2321 3758 2389 argumento
3777 2317 3877 2373 in-

2219 2409 2362 2475 nixi,
2390 2423 2579 2480 quam
2599 2406 2767 2479 quod
2794 2407 2961 2479 apud
2987 2421 3091 2463 eos
3121 2406 3265 2463 talia
3286 2405 3559 2477 legerint,
3585 2405 3791 2479 qualia
3808 2406 3877 2463 in

2220 2496 2574 2556 adulterinis
2603 2495 2720 2551 illis
2759 2495 3049 2569 operibus
3073 2496 3472 2569 reperiuntur.
3514 2499 3579 2552 Et
3606 2511 3747 2552 cum
3786 2511 3882 2553 se-

2220 2587 2340 2645 mel
2359 2587 2417 2643 id
2438 2587 2499 2643 in
2526 2586 2800 2643 animum
2819 2586 3185 2643 induxerunt
3208 2602 3410 2654 suum,
3431 2586 3557 2642 vim
3582 2601 3885 2656 magnam

2218 2677 2415 2734 inesse
2456 2677 2519 2736 in
2549 2675 2621 2732 iis
2649 2676 3043 2747 argumentis,
3084 2691 3224 2749 qum
3262 2691 3334 2731 ex
3368 2674 3759 2732 similitudine
3788 2690 3883 2733 re-

2219 2784 2357 2825 rum
2386 2771 2492 2825 aut
2514 2765 2840 2823 verborum
2869 2769 3178 2837 petuntur,
3206 2766 3256 2823 si
3281 2765 3433 2822 forte
3458 2766 3521 2821 in
3546 2764 3728 2822 veteri
3757 2764 3881 2821 ali-

2222 2873 2346 2931 quo
2373 2856 2528 2913 libro
2548 2854 2844 2913 ineditum
2864 2854 3114 2929 aliquod
3132 2871 3287 2928 opus
3313 2855 3647 2922 inveniant,
3668 2855 3730 2911 in
3754 2870 3886 2927 quo

2223 2946 2405 3003 unius
2425 2945 2680 3018 alicujus
2702 2944 3008 3017 scriptoris
3027 2960 3251 3001 nomen
3275 2944 3648 3017 praeferatur,
3675 2944 3884 3001 statim

2223 3035 2542 3108 diligenter
2553 3034 3079 3108 expendunt,num
3100 3034 3153 3091 is
3179 3034 3557 3107 scriptor,cui
3579 3033 3891 3105 ejusmodi

455 3126 689 3196 favum,
712 3131 766 3182 et
788 3140 983 3182 ceram
1006 3127 1331 3196 compingit
1350 3126 1536 3183 melli.
1563 3125 1704 3192 Quis
1720 3124 1923 3179 docuit
1944 3137 2114 3192 apem
2146 3139 2191 3195 ρ
2224 3141 2382 3199 opus
2404 3126 2465 3181 in
2486 3124 2788 3185 veteribus
2806 3123 2977 3181 libris
2997 3123 3337 3193 ascribitur,
3360 3123 3574 3184 eadem
3593 3128 3891 3180 tractave-

456 3215 630 3270 itlam
671 3215 878 3284 facere
911 3215 1150 3283 ﬁstulas
1181 3216 1471 3282 alveares,
1518 3229 1591 3271 ac
1644 3220 1847 3270 texere
1883 3217 2117 3268 tenuem

460 3302 869 3359 membranam
907 3303 935 3358 ?
963 3312 1254 3373 quaenam
1287 3318 1363 3359 ετ
1409 3303 1483 3358 iis
1527 3307 1722 3358 vetere
1765 3300 1929 3357 adito
1966 3314 2118 3370 pra-

460 3394 716 3461 ceptore,
751 3390 1006 3459 aediﬁcia
1044 3405 1150 3447 sea:
1180 3392 1439 3447 laterum
1478 3396 1534 3447 et
1567 3394 1829 3461 quatuor
1859 3389 2117 3444 laterum

460 3478 716 3535 condere
750 3479 962 3536 edocta
1000 3480 1125 3549 fuit
1148 3479 1176 3535 ?
1206 3495 1321 3551 quo
1355 3486 1530 3551 pacto
1569 3479 1864 3549 angulum
1895 3477 2119 3533 consti-

463 3568 578 3624 tuit
612 3582 725 3638 per
762 3582 983 3638 ceram,
1025 3574 1081 3626 et
1108 3570 1374 3639 parietes
1417 3569 1780 3639 pertexuit?
1808 3572 1874 3623 ut
1902 3567 2119 3637 anguli

457 3659 803 3730 ﬁrmitatem
828 3667 1262 3728 procurarent,
1289 3661 1551 3730 parietes
1579 3661 1697 3717 mel
1726 3659 2116 3717 custodirent.

464 3748 591 3806 Cur
631 3764 753 3805 non
800 3764 983 3807 unam
1019 3751 1291 3820 ﬁstulam
1317 3751 1486 3822 fecit,
1529 3750 1634 3807 sed
1662 3750 1806 3807 hinc
1834 3750 2123 3822 illincque

462 3840 755 3910 compegit
798 3841 995 3896 mellis
1052 3842 1378 3909 apothecas
1429 3841 1458 3896 Ἰ
1512 3856 1633 3913 qua
1690 3842 1925 3899 ratione
1976 3856 2123 3898 cavo

461 3927 675 3999 cuique
724 3943 899 3984 suum
951 3930 1221 3985 immittit
1272 3931 1390 3986 mel
1416 3931 1444 3986 ?
1498 3931 1570 3987 Si
1622 3945 1811 3985 unum
1855 3936 2126 3985 constru-

462 4016 645 4073 xisset
711 4018 1183 4085 receptaculum,
1251 4006 1541 4088 pondere
1598 4020 1851 4088 dirupta
1911 4018 2125 4088 fuisset

467 4104 623 4162 basis
666 4121 678 4161 :
727 4120 930 4163 verum
988 4108 1265 4178 supponit
1332 4122 1497 4178 cava,
1547 4108 1812 4177 parietes
1859 4106 2124 4177 subjicit,

463 4197 721 4266 angulos
746 4197 962 4252 munit.
988 4196 1106 4252 Nec
1125 4195 1390 4253 dubitari
1416 4196 1630 4253 merito
1654 4201 1853 4269 potest
1879 4197 2030 4269 quin
2055 4209 2128 4253 ea

462 4299 597 4355 quae
623 4284 824 4341 statim
845 4285 1011 4359 apud
1030 4290 1341 4342 auctorem
1362 4286 1662 4358 leguntur,
1688 4303 1720 4342 e
1742 4285 1957 4343 Basilio
1976 4301 2127 4358 quo-

464 4386 583 4443 que
605 4378 709 4431 aut
728 4379 995 4447 sumpta,
1018 4380 1123 4433 aut
1140 4376 1374 4433 imitata
1394 4375 1530 4433 sint.
1556 4375 1613 4448 Ej
1624 4393 1691 4432 ns
1712 4380 1915 4433 autem
1936 4376 2126 4432 verba

2225 3215 2319 3282 rit,
2351 3230 2488 3287 quae
2513 3215 2576 3272 in
2601 3229 2765 3271 novo
2790 3213 2896 3270 illo
2920 3229 2996 3270 ac
3020 3213 3249 3275 inedito
3277 3227 3463 3286 opere
3490 3212 3793 3283 leguntur,
3828 3216 3895 3269 et

2226 3306 2334 3363 ubi
2371 3304 2434 3361 id
2462 3303 2544 3360 ita
2569 3318 2701 3359 esse
2731 3302 3287 3371 animadverterint,
3316 3301 3730 3361 indubitanter
3748 3315 3897 3373 pro—

2226 3395 2535 3455 nuntiant:
2558 3394 2737 3450 Illius
2758 3393 3071 3463 scriptoris
3091 3399 3177 3449 est
3193 3407 3364 3449 :nam
3385 3391 3599 3448 eadem
3612 3391 3893 3462 omnino,

2227 3502 2365 3560 quae
2393 3485 2493 3541 hic
2521 3486 2873 3548 tractantur,
2901 3481 3045 3545 alibi
3073 3481 3369 3540 tractavit.
3409 3485 3528 3552 Ego
3566 3485 3765 3537 autem
3797 3480 3895 3537 in-

2228 3582 2317 3635 ter
2338 3578 2551 3632 cietera
2568 3574 2684 3630 hoc
2709 3588 2955 3646 quoque
2978 3576 3405 3644 argumentum
3419 3570 3694 3627 adhiberi
3709 3585 3899 3643 posse

2229 3682 2353 3724 non
2386 3680 2543 3736 nego
2576 3682 2589 3733 ;
2624 3663 2733 3720 sed
2764 3663 2979 3719 vellem
3021 3677 3147 3718 non
3177 3662 3231 3718 ei
3271 3659 3454 3723 tribui
3480 3659 3605 3716 vim
3634 3662 3898 3721 tantam,

2230 3761 2461 3832 quanta
2484 3771 2522 3812 a
2546 3753 2854 3811 nonnullis
2883 3751 3062 3810 tribui
3082 3751 3249 3811 solet.
3276 3754 3478 3825 Neque
3497 3749 3660 3807 enim
3686 3764 3905 3806 neces-

2232 3846 2390 3902 sario
2411 3842 2699 3917 sequitur,
2720 3840 2771 3897 si
2790 3842 2851 3897 in
2871 3839 3113 3897 duobus
3131 3838 3417 3912 operibus
3436 3842 3539 3895 aut
3559 3837 3769 3895 eadem
3789 3841 3906 3894 aut

2232 3933 2450 3991 similia
2468 3930 2866 3995 inveniantur,
2888 3929 3198 4002 utriusque
3216 3927 3415 4001 operis
3436 3943 3629 3991 unum
3652 3930 3708 3984 et
3727 3942 3906 3987 eum-

2233 4025 2375 4080 dem
2424 4027 2731 4079 auctorem
2785 4034 2936 4090 esse,
2990 4034 3131 4076 cum
3182 4017 3312 4081 ﬁeri
3358 4016 3572 4090 possit,
3615 4020 3681 4073 ut
3725 4015 3908 4073 alter-

2232 4116 2436 4169 utrum
2460 4109 2864 4183 compositum
2895 4109 2970 4165 sit
2991 4113 3095 4165 aut
3120 4123 3156 4164 a
3175 4105 3489 4179 plagiario,
3512 4110 3617 4163 aut
3641 4109 3795 4163 certe
3816 4105 3906 4162 ab

2235 4201 2460 4274 aliquo,
2483 4200 2590 4273 qui
2610 4198 2797 4256 alium
2824 4198 3170 4271 scriptorem
3195 4194 3460 4254 imitatus
3485 4195 3578 4263 sit,
3610 4211 3682 4251 ex
3703 4210 3907 4268 eoque

2236 4292 2441 4365 aliqua
2480 4288 2858 4363 expresserit.
2901 4291 2967 4345 Et
3002 4304 3146 4345 vero
3185 4288 3235 4344 si
3271 4286 3408 4361 quis
3455 4301 3527 4343 eo
3569 4284 3735 4360 quod
3772 4284 3907 4341 dixi

2236 4384 2592 4452 argumento
2647 4394 2810 4435 nunc
2860 4377 2948 4435 uti
2999 4377 3196 4448 vellet,
3251 4376 3304 4434 el
3351 4376 3639 4445 maxime,
3696 4375 3744 4430 si
3802 4374 3908 4431 cui

467 4465 607 4517 sunt
644 4462 770 4519 haec
820 4465 982 4537 (pag.
1025 4466 1152 4538 621)
1184 4485 1196 4523 :
1239 4466 1681 4539 Συναγελαστικόν
1718 4472 1777 4520 τὸ
1816 4467 1966 4528 ζῶον
2008 4470 2114 4519 οὔτε

2236 4486 2532 4545 unquam,
2564 4468 2700 4542 ipso
2730 4468 2815 4524 uti
2842 4466 3061 4524 liceret.
3106 4467 3338 4527 Etenim
3374 4472 3499 4525 tam
3537 4464 3729 4522 multa
3757 4467 3911 4523 sunt

467 4551 683 4626 μύρμηξ
719 4549 1036 4621 ίδιαστικόν,
1061 4560 1179 4609 οὔτε
1205 4557 1434 4630 μέλισσα
1453 4563 1762 4631 μοναστική·
1784 4560 1920 4611 κατὰ
1941 4556 2126 4629 ἀγέλας

470 4642 650 4709 ζῶσιν,
694 4647 829 4697 κατά
873 4643 1058 4717 ἀγέλας
1091 4648 1352 4703 ἵπτανται.
1397 4648 1507 4700 Οὐκ
1549 4644 1685 4709 εἶδες
1722 4647 1974 4720 μέλισσαν
2004 4666 2127 4703 ποτε

468 4735 587 4787 καθ’
634 4734 822 4794 ἑαυτὴν
873 4740 1174 4809 πετομένην,
1221 4736 1329 4790 ἀλλ’
1377 4736 1621 4799 ἀλλήλαις
1677 4744 1983 4789 κοινωνοῦσι
2033 4745 2128 4799 τῆς

467 4830 727 4887 πτήσεως·
774 4825 834 4878 ού
879 4824 1262 4899 βασκαίνουσιν
1308 4826 1549 4890 ἀλλήλαις
1594 4835 1693 4879 τῶν
1743 4825 1927 4879 ἀνθῶν·
1982 4834 2127 4899 κοινῇ

468 4912 779 4991 ἀπαίρουσιν
809 4913 894 4968 ἐπὶ
919 4914 1192 4989 λειμῶνας.
1223 4918 1474 4974 Animal
1501 4917 1748 4988 gregale
1778 4923 1865 4972 est
1892 4932 1916 4973 .·
1944 4930 2134 4987 neque

465 5005 728 5076 formica
756 5006 1157 5076 singulariter
1195 5006 1379 5077 degit,
1418 5020 1608 5078 neque
1642 5008 1777 5074 apis
1820 5005 2132 5062 solitarie:

466 5094 764 5163 gregatim
832 5095 1063 5163 vivunt,
1119 5096 1457 5166 gregratim
1524 5096 1752 5152 volant.
1810 5095 2139 5165 Nunquam

471 5181 680 5239 vidisti
745 5197 917 5253 apem
974 5198 1238 5241 seorsum
1310 5185 1636 5254 volantem,
1709 5187 1812 5242 sed
1864 5185 2026 5241 inter
2083 5199 2144 5241 se

471 5280 845 5329 communem
896 5274 1121 5332 habent
1178 5276 1469 5332 volatum.
1532 5275 1669 5332 Non
1707 5290 1787 5333 eae
1824 5275 1940 5331 sibi
1984 5274 2143 5331 invi-

473 5375 596 5419 cem
635 5361 906 5419 invident
919 5364 1140 5433 ﬂores:
1173 5379 1299 5422 una
1335 5365 1418 5422 ad
1440 5370 1624 5435 prata
1646 5365 2144 5435 pmﬁciscuntur.

476 5449 735 5507 Basilius
764 5465 910 5508 vero
934 5452 1018 5511 ita
1053 5453 1290 5528 scripsit
1312 5469 1384 5512 eo
1405 5469 1590 5527 quem
1613 5454 1737 5512 dixi
1757 5454 1891 5512 loco
1910 5454 2092 5524 (hom.
2116 5458 2149 5511 8

558 5582 605 5622 ²¹
647 5583 821 5640 Rom.
858 5595 954 5648 xu,
1000 5585 1085 5640 17.

2236 4560 2298 4617 in
2329 4575 2399 4616 ea
2441 4558 2516 4615 de
2555 4573 2679 4630 qua
2719 4555 2919 4627 agitur
2954 4554 3353 4626 oratiuncula,
3397 4570 3535 4628 quas
3574 4552 3798 4625 pariter
3838 4550 3911 4608 in

2239 4649 2435 4707 Basilii
2472 4647 2706 4721 scriptis
2734 4646 3142 4710 inveniuntur,
3187 4651 3259 4703 ut
3299 4646 3349 4702 si
3386 4643 3685 4717 ejusmodi
3724 4656 3912 4712 argu-

2240 4743 2442 4796 menta
2472 4736 2759 4805 valerent,
2784 4739 2943 4792 certo
2975 4735 3251 4793 concludi
3280 4738 3502 4809 posset,
3533 4750 3666 4791 eam
3687 4732 3766 4789 ad
3796 4734 3912 4788 Ba-

2239 4829 2439 4886 silium
2468 4841 2605 4882 vere
2627 4824 2940 4898 pertinere.
2972 4827 3126 4883 Nam
3144 4829 3361 4899 praeter
3377 4824 3653 4895 longiora
3670 4821 3769 4878 illa
3786 4819 3911 4883 ἠθι-

2242 4920 2508 4988 gmenta,
2536 4930 2673 4988 quae
2704 4929 2776 4970 eo
2807 4913 3059 4971 consilio
3091 4929 3275 4987 supra
3294 4913 3633 4982 retulimus,
3666 4915 3730 4969 ut
3759 4909 3915 4969 faci-

2242 5006 2360 5063 lius
2387 5004 2540 5063 inter
2561 5019 2625 5060 se
2655 5006 3170 5077 compararentur,
3194 5005 3335 5057 sunt
3353 5006 3412 5059 et
3434 5001 3570 5065 alia,
3593 5016 3729 5075 qum
3754 5016 3787 5057 e
3804 5002 3920 5057 Ba-

2248 5094 2380 5151 siliu
2441 5108 2685 5166 quoque
2724 5108 3012 5165 expressa
3052 5090 3235 5148 fuisse
3272 5090 3601 5153 obscurum
3631 5105 3757 5147 non
3797 5094 3915 5146 est.

2252 5181 2440 5251 Quale
2470 5185 2578 5245 est,
2617 5181 2785 5255 quod
2813 5186 3023 5241 auctor
3057 5179 3134 5236 de
3177 5178 3429 5240 damula
3457 5184 3515 5237 et
3549 5194 3662 5236 ave
3702 5194 3925 5235 narra-

2253 5273 2337 5332 vit
2357 5277 2527 5331 (tom.
2547 5275 2613 5342 ll,
2634 5272 2800 5329 hom.
2824 5275 2876 5340 3,
2898 5287 2961 5345 p.
2989 5272 3098 5329 18):
3118 5285 3256 5342 quas
3272 5269 3486 5327 eadem
3507 5268 3730 5345 alicubi
3750 5268 3925 5325 dixe-

2254 5367 2350 5421 rat
2369 5361 2640 5419 Basilius.
2662 5363 2889 5417 Rursus
2901 5358 3080 5433 quale
3100 5363 3207 5423 est,
3230 5359 3398 5433 quod
3413 5358 3489 5416 de
3501 5358 3754 5416 formica
3775 5358 3926 5415 seri-

2257 5459 2433 5530 ptum
2453 5451 2753 5511 invenitur
2772 5449 2937 5526 apud
2957 5463 3334 5523 anonymum
3357 5469 3371 5509 :
3394 5466 3518 5525 quo
3542 5448 3827 5524 exemplo
3855 5455 3921 5510 et
