4058 6192
161 261 211 312 61
1697 261 2077 327 ΡΒΑΞΕΛΤΙΟ.
3528 265 3597 323 62

157 364 281 454 ipse
306 395 572 453 quoque
597 380 858 437 Basilius
889 396 1039 437 usus
1065 380 1275 446 fuerat,
1305 381 1511 458 ibique
1541 383 1835 440 nonnulla
1865 388 1912 441 A
1942 385 2212 458 ejusdem
2243 386 2409 445 vocis
2446 387 2864 460 repetitionem
2892 390 3205 460 tantopere
3249 385 3588 447 affectasse.

158 471 458 532 docuerat,
493 485 645 543 quae
692 470 794 526 hic
841 472 1060 545 repetit
1098 487 1444 546 anonymus
1483 473 1671 545 (hom.
1705 478 1736 530 9
1771 475 1833 531 in

162 561 469 623 Hea-cem,
498 575 571 615 ιι.
590 560 675 631 3).
705 562 775 617 Et
804 564 1008 617 tamen
1038 562 1147 635 qui
1167 561 1325 618 hanc
1343 562 1835 618 lucubratiuncu-

162 649 282 706 lam
319 649 505 721 paulo
546 649 842 706 attentius
872 649 1106 723 legerit,
1131 666 1389 724 eamque
1416 668 1556 707 cum
1580 651 1651 707 iis
1681 667 1836 724 quas

159 755 294 795 mox
331 737 617 794 indicavi
666 739 1048 795 orationibus
1079 739 1473 809 contenderit,
1501 741 1553 796 is
1584 740 1700 796 nisi
1736 756 1836 814 pa-

158 832 466 883 tronorum
496 827 844 885 auctoritas
875 828 1121 896 ofﬁciat,
1140 829 1330 899 facile,
1354 831 1591 902 opinor,
1622 829 1834 886 fatebi-

163 924 249 973 tur
268 915 577 973 Basilium
598 918 739 989 ejus
756 923 1069 975 auctorem
1096 918 1213 975 dici
1236 918 1399 976 nullo
1427 919 1611 975 modo
1631 934 1835 994 posse,

162 1005 251 1062 sed
275 1006 618 1062 hominem
643 1008 1028 1080 quempiam,
1048 1008 1153 1082 qui
1181 1007 1432 1065 voluerit
1459 1008 1709 1082 quidem
1733 1011 1837 1064 Ba-

157 1096 346 1153 siliam
378 1096 652 1168 imitari,
677 1096 784 1153 sed
812 1097 921 1170 qui
947 1113 1088 1161 eum
1119 1098 1361 1173 assequi
1398 1114 1524 1156 non
1553 1099 1831 1174 potuerit.

395 1244 429 1310 ᾇ
472 1244 543 1298 Χ.
581 1243 678 1298 De
703 1241 954 1299 homilia
983 1243 1163 1303 tertia
1190 1245 1253 1299 in
1275 1245 1584 1314 jejunium

208 1368 302 1423 26.
346 1366 421 1422 Et
450 1364 628 1422 hanc
675 1381 924 1440 quoque
953 1365 1267 1426 homiliam
1306 1367 1486 1442 primi
1515 1368 1837 1426 ediderunt

149 1455 512 1511 l'ranoiscus
536 1454 952 1512 Combeﬁsius
967 1457 1301 1513 etJoannes
1318 1457 1594 1530 Baptista
1614 1459 1837 1516 Cotele-

148 1544 477 1613 rius,unus
509 1543 729 1600 Latine
753 1548 996 1601 tantum
1015 1544 1077 1603 in
1096 1561 1206 1602 suo
1224 1547 1586 1605 Ecclesiaste
1605 1547 1832 1618 erco,

151 1608 295 1691 alter
310 1636 547 1691 Graecae
563 1637 626 1690 et
648 1632 856 1690 Latine
877 1634 939 1690 in
959 1634 1357 1693 Monumentzs
1369 1638 1658 1694 Ecclesia:
1681 1608 1836 1694 Grec:
1866 1608 1906 1662 Β

156 1739 250 1781 c2.
285 1725 564 1796 Uterque
584 1723 752 1780 hanc
778 1724 1225 1781 oratiunculam
1242 1741 1365 1782 non
1390 1726 1708 1797 indignam
1734 1730 1832 1783 Ba-

156 1813 281 1870 silio
321 1829 461 1870 esse
494 1813 809 1885 judicavit
841 1830 855 1870 :
884 1830 1149 1887 quorum
1182 1817 1541 1875 sententiam
1572 1817 1836 1891 amplexi

159 1909 296 1959 sunt
324 1903 682 1960 doctissimi
702 1903 816 1960 viri
839 1903 1256 1963 Tillemontius
1286 1910 1341 1963 et
1370 1907 1701 1964 Ludovicus
1723 1910 1835 1964 Du-

161 1994 364 2067 pinus.
390 1996 522 2064 Ego
549 1999 785 2064 autem,
804 1998 872 2051 ut
897 2011 1106 2052 verum
1134 1996 1340 2070 fatear,
1360 2014 1484 2054 non
1507 1999 1591 2055 ita
1620 1998 1833 2055 sentio.

164 2083 457 2156 Equidem
484 2096 621 2139 non
647 2083 967 2155 pugnabo,
986 2085 1036 2141 si
1055 2086 1190 2160 quis
1206 2086 1299 2156 iis,
1314 2103 1468 2160 quos
1487 2104 1629 2145 mox
1643 2088 1840 2144 nomi-

166 2173 325 2243 navi,
344 2172 788 2230 eruditissimis
803 2174 948 2231 viris
970 2175 1357 2234 assentiatur:
1382 2177 1486 2234 sed
1517 2183 1721 2234 tamen
1747 2193 1836 2235 ar-

166 2264 356 2319 bitror
387 2261 685 2334 eruditos,
712 2265 760 2320 si
789 2264 1044 2338 propius
1080 2265 1463 2323 admoverint
1496 2267 1724 2334 oculos,
1758 2267 1837 2325 ab

164 2352 277 2410 hac
301 2367 447 2411 mea
479 2352 788 2410 sententia
812 2368 938 2410 non
968 2354 1145 2427 longe
1184 2355 1518 2414 abfuturos.
1554 2357 1837 2413 Animad-

165 2446 399 2498 vertent
430 2441 602 2497 enim
633 2442 787 2498 nihil
810 2443 1123 2508 eximium,
1164 2445 1312 2501 nihil
1343 2461 1659 2518 magnum,
1690 2445 1839 2503 nihil

166 2531 732 2606 exquisitum,nihil
757 2532 1018 2589 sublime
1042 2534 1103 2590 in
1126 2535 1240 2592 hac
1266 2535 1643 2592 oratiuncula
1673 2538 1837 2593 inve-

167 2620 301 2685 niri,
335 2636 482 2677 cum
517 2626 727 2678 tamen
758 2622 821 2679 in
851 2623 1007 2679 veris
1044 2640 1113 2680 ac
1144 2625 1449 2697 germanis
1483 2626 1680 2683 Basilii
1704 2625 1843 2683 scri-

170 2716 284 2783 ptis
305 2711 523 2768 omnia
544 2712 786 2785 eximia,
808 2713 1018 2770 omnia
1033 2730 1279 2787 magna,
1296 2715 1503 2772 omnia
1522 2715 1839 2789 exquisita,

171 2800 378 2857 omnia
424 2799 719 2857 sublimia
749 2816 879 2858 esse
920 2802 1171 2860 soleant.
1207 2806 1275 2860 Et
1302 2803 1526 2878 alioqui
1556 2820 1680 2861 non
1717 2806 1843 2861 erat

172 2905 305 2945 mos
321 2889 549 2960 Basilii,
563 2890 903 2948 orationem
924 2895 1046 2948 tam
1068 2893 1311 2949 brevem
1331 2893 1407 2949 ad
1425 2894 1721 2967 populum
1738 2893 1844 2950 ha-

168 2979 336 3036 bere.
360 2978 598 3036 Nollem
625 2985 829 3038 tamen
849 2982 1008 3039 hanc
1035 2983 1627 3041 lucubratiunculam
1647 2983 1845 3042 statim

174 3069 251 3125 ob
270 3069 339 3125 id
363 3069 776 3143 repudiatam,
798 3072 965 3145 quod
993 3071 1191 3129 brevis
1212 3073 1305 3141 sit,
1324 3073 1508 3131 modo
1539 3072 1845 3133 sententiae

174 3164 323 3237 ipsa:
368 3160 511 3231 ejus
558 3160 731 3219 modi
771 3161 1126 3218 brevitatem
1182 3168 1648 3235 compensarent
1685 3179 1698 3217 :
1740 3160 1847 3217 sed

176 3254 309 3327 ejus
329 3252 508 3311 modi
528 3256 640 3318 est,
662 3255 728 3308 ut
749 3255 875 3307 tam
898 3250 1097 3307 verbis
1121 3266 1308 3324 quam
1322 3252 1629 3309 sententiis
1648 3250 1847 3309 brevis

177 3358 313 3398 esse
342 3342 647 3398 videatur.
668 3338 1088 3411 Suspicionem
1105 3340 1437 3414 augetstyli
1459 3340 1845 3398 mediocritas

176 3432 494 3506 quaedam,
513 3447 646 3505 qua;
670 3429 734 3486 in
757 3428 1040 3485 Basiliam
1059 3430 1350 3501 Magnum
1373 3431 1693 3489 convenire
1723 3446 1847 3487 non

177 3526 398 3595 potest,
432 3520 544 3594 qui
592 3522 858 3578 oratores
891 3517 1152 3591 optimos
1194 3520 1475 3593 aequavit,
1517 3524 1621 3576 aut
1666 3520 1847 3577 etiam

184 3611 520 3683 superavit.
543 3611 614 3665 Et
639 3623 779 3664 vero
799 3607 939 3681 quis
965 3607 1077 3663 sibi
1096 3606 1269 3665 facile
1287 3608 1675 3681 persuadebit
1694 3608 1849 3665 Basi-

179 3699 351 3766 liam,
374 3698 427 3755 si
459 3696 815 3754 concionari
835 3695 1140 3765 voluisset,
1163 3696 1246 3755 ita
1275 3712 1631 3755 exorsurum
1663 3696 1849 3754 fuisse

180 3804 264 3863 (p.
295 3788 457 3859 62!),
490 3792 759 3848 Νηστείας
806 3790 892 3839 καὶ
934 3786 1155 3859 ἵλασμοῦ
1185 3789 1211 3839 ὁ
1248 3791 1449 3863 καιρὸς,
1474 3787 1533 3840 οὐ
1568 3791 1722 3859 μόνον
1753 3794 1850 3849 τῆς

180 3888 278 3931 τῶν
336 3877 641 3955 βρωμάτων
690 3874 921 3948 ἀποχῆς,
974 3875 1099 3928 ἀλλὰ
1146 3882 1234 3928 καὶ
1285 3885 1379 3941 τῆς
1429 3885 1526 3929 τῶν
1584 3876 1849 3950 ἁμαρτιῶν

181 3968 519 4040 ἀπαλλαγῆς,
585 3966 819 4037 Jejunii
866 3970 921 4022 et
978 3966 1433 4036 propitiationis
1497 3966 1665 4022 adest
1711 3968 1851 4021 tem-

172 4072 326 4128 pus;
356 4072 484 4113 non
506 4055 681 4111 modo
703 4056 971 4112 ciborum
998 4054 1375 4112 abstinentia
1395 4055 1498 4112 sed
1517 4056 1697 4112 etiam
1720 4069 1851 4124 pec-

179 4154 467 4203 catorum
493 4146 837 4202 evitationis
855 4145 939 4216 (a)
956 4147 985 4199 ?
1008 4144 1175 4219 quod
1199 4150 1263 4200 ut
1284 4144 1508 4212 Latine,
1540 4143 1625 4200 ita
1655 4145 1851 4200 Graece

176 4235 495 4306 ingratum
540 4237 634 4290 est
679 4232 929 4289 auribus
960 4238 1015 4289 et
1050 4232 1317 4290 insuave.
1353 4232 1677 4306 Aliquanto
1715 4236 1852 4305 post

1941 476 2060 531 Nec
2111 475 2195 533 ita
2236 475 2497 533 multum
2547 476 2866 533 dissimilia
2919 481 3077 545 sunt,
3128 492 3264 549 quae
3317 491 3459 531 mox
3506 490 3633 531 σεο--

1941 570 2210 638 quuntur
2241 566 2401 639 (pag.
2436 569 2566 639 622)
2610 584 2623 622 :
2660 568 2961 642 Ἐκηρύχθη
2998 566 3045 618 ἐν
3091 570 3277 625 Nai/sui;
3328 571 3599 641 τριήμερος

1943 660 2301 732 καταστροφήο
2341 662 2431 709 καὶ
2473 655 2705 714 ἐνίκησεν
2750 661 2781 715 ὴ
2826 660 2956 731 πρὸς
3000 660 3085 709 τόν
3134 661 3261 709 Θεὸν
3311 654 3593 729 ἐπιστροφὴ

1943 748 2036 802 τὴν
2062 752 2447 818 καταστροφήν
2473 745 2501 805 ἠ
2530 749 2631 820 γὰρ
2666 744 2846 804 ἀπειλὴ
2875 753 2971 806 τῆς
2991 754 3359 821 καταστροφῆς
3386 741 3479 797 διὰ
3504 750 3597 803 τὴν

1946 834 2266 908 ἐπιστποφῆν
2294 834 2490 893 ἀνείθη.
2523 837 2873 893 Prcedicata
2901 841 2987 892 est
3011 837 3073 892 in
3111 837 3335 893 Ninive
3354 835 3598 891 subver-

1944 927 2029 983 sio
2058 932 2188 995 post
2212 926 2515 994 triduum;
2551 932 2602 983 et
2636 926 2942 983 conversio
2967 926 3050 981 ad
3076 927 3263 981 Deum
3298 926 3437 980 vicit
3464 924 3600 982 sub-

1944 1016 2274 1072 versionem
2293 1030 2314 1069 :
2330 1015 2728 1071 subversionis
2760 1017 2914 1071 enim
2937 1014 3314 1070 comminatio
3332 1028 3442 1083 per
3456 1029 3599 1070 con-

1944 1105 2269 1163 versionem
2297 1104 2583 1163 relaxata
2608 1109 2691 1161 est
2717 1121 2729 1172 ;
2771 1102 2879 1160 ubi
2909 1106 3122 1159 auctor
3150 1102 3210 1160 in
3241 1101 3479 1158 duabus
3504 1101 3600 1161 his

1942 1193 2217 1260 vocibus,
2258 1198 2592 1268 καταστροφή
2623 1198 2680 1251 et
2709 1192 3023 1267 ἐπιστροφή,
3058 1190 3332 1247 similiter
3379 1190 3598 1247 caden-

1944 1282 2105 1338 tibus
2127 1298 2252 1339 non
2272 1282 2527 1338 obscure
2544 1282 3232 1348 ludit.0uantumautcm
3256 1279 3520 1336 alienum
3536 1278 3601 1335 id

1944 1371 2018 1427 sit
2037 1371 2115 1427 ab
2135 1371 2335 1427 indole
2366 1371 2561 1428 Basilii
2593 1375 2774 1445 atque
2794 1370 3058 1440 ingenio,
3085 1385 3158 1424 ex
3188 1368 3417 1427 summi
3436 1367 3598 1427 illius

1943 1460 2053 1517 viri
2073 1460 2350 1531 genuinis
2381 1459 2754 1517 orationibus
2777 1458 3040 1534 perspici
3055 1460 3270 1531 potest.
3295 1459 3479 1527 Certe,
3498 1456 3601 1513 ubi

1946 1549 2116 1606 Basili
2126 1566 2195 1606 us
2212 1549 2606 1607 Ninivitarum
2630 1549 3005 1606 mentionem
3036 1546 3253 1604 facitin
3267 1545 3601 1619 praeclaris-

1944 1638 2099 1695 sima
2113 1637 2212 1695 illa
2230 1654 2418 1711 quam
2435 1641 2766 1710 Dejejunio
2784 1638 2997 1695 habuit
3011 1637 3323 1707 concione,
3341 1634 3601 1693 similem

1941 1726 2234 1802 loquendi
2269 1729 2567 1785 rationem
2597 1728 2823 1785 vitavit.
2850 1728 3043 1784 Verba
3076 1726 3270 1800 ipsius
3298 1726 3430 1783 haec
3459 1728 3604 1781 sunt

1944 1815 2111 1890 (tom.
2160 1817 2234 1887 ΙΙ,
2265 1818 2434 1875 hom.
2471 1834 2513 1887 1,
2534 1833 2598 1875 n.
2632 1822 2686 1885 9)
2713 1834 2725 1873 :
2749 1825 2840 1879 Τις
2871 1820 2972 1890 γὰρ
3003 1816 3049 1869 ἐν
3081 1823 3241 1889 τροφῇ
3278 1811 3493 1885 δαψιλεί
3513 1817 3603 1865 καὶ

1943 1913 2109 1981 τρυφῇ
2141 1902 2372 1964 διηνεκεῖ
2406 1903 2619 1969 ἐδέξατο
2648 1927 2765 1959 τινα
2787 1912 3054 1960 κοινωνίαν
3081 1910 3420 1980 χαρίσματος
3443 1921 3601 1957 πνευ-

1943 2004 2166 2068 ματικοῦ
2188 2014 2202 2061 ;
2233 2002 2457 2060 Μωυσῆς
2484 1993 2741 2072 δευτέραν
2770 1994 3043 2070 λαμϐάνων
3070 1996 3398 2067 νομοθεσίαν,
3420 1989 3603 2049 δευτέ-

1943 2105 2039 2159 ρας
2069 2089 2313 2147 νηστείας
2338 2082 2691 2157 προσεδεήθη.
2722 2090 3018 2148 Νινευίταις
3048 2087 3090 2137 εἱ
3115 2088 3185 2157 μὴ
3218 2085 3399 2135 καὶτὰ
3440 2081 3607 2153 ἄλογα

1948 2179 2371 2243 συνενήστενσεν,
2403 2174 2498 2227 οὐκ
2542 2174 2603 2226 ἂν
2635 2171 2880 2247 διέφυγον
2911 2178 3004 2233 τὴν
3041 2172 3254 2231 ἀπειλὴν
3279 2179 3377 2234 τῆς
3399 2190 3605 2224 κοιτασ-

1945 2271 2158 2338 τροφῆς-
2208 2268 2369 2318 Τίνων
2420 2266 2569 2318 ἔπεσε
2615 2268 2681 2317 τὰ
2723 2264 2864 2318 κῶλα
2916 2263 2962 2316 ἐν
3011 2271 3074 2322 τῆ
3125 2267 3331 2336 ianua);
3385 2260 3462 2314 Οὐ
3505 2268 3605 2315 τῶν

1946 2358 2271 2431 κρεωφαγίαν
2299 2352 2713 2421 ἐπιζητούντων;
2760 2352 2969 2408 Ἐκεῖνοι
2994 2353 3086 2415 ἓως
3124 2356 3214 2425 μὲν
3243 2354 3497 2426 ἠρκοῦντο
3532 2369 3606 2421 τῳ

1947 2446 2133 2517 μάννα,
2178 2463 2268 2496 και
2310 2464 2383 2515 τῳ
2405 2441 2459 2496 ἐκ
2484 2452 2580 2506 τῆς
2619 2448 2807 2518 πέτρας
2846 2440 3027 2509 ὕδατι,
3062 2446 3380 2514 Αἰγυπτίους
3407 2439 3604 2506 ἐνίκων,

1951 2529 2043 2586 διὰ
2072 2533 2341 2596 θαλάσσης
2387 2529 2601 2602 ὥδευον,
2649 2533 2743 2587 οὐκ
2793 2541 2855 2593 ῆν
2906 2532 2954 2584 ἐν
3002 2539 3117 2593 ταῖς
3161 2530 3343 2604 φυλαῖς
3386 2528 3552 2583 αὐτῶν
3579 2529 3606 2582 ὁ

1951 2620 2194 2677 ἀσθενῶν.
2230 2623 2371 2691 Quis
2402 2623 2558 2681 enim
2598 2624 2663 2678 in
2702 2622 3040 2692 splendidis
3069 2620 3260 2691 epulis
3273 2618 3606 2689 perpetuis-

1950 2726 2064 2783 que
2092 2712 2321 2769 deliciis
2360 2713 2663 2782 particeps
2688 2713 2894 2782 factus
2920 2715 3004 2767 est
3042 2708 3231 2767 ullius
3256 2708 3402 2765 doni
3427 2706 3608 2776 spiri-

1954 2801 2179 2857 tuatis?
2206 2802 2441 2872 Moyses
2468 2807 2534 2859 ut
2566 2803 2826 2859 alteram
2857 2802 3158 2873 acciperet
3187 2799 3375 2869 legem
3412 2798 3609 2854 altero

1942 2890 2185 2961 jejunio
2214 2907 2353 2963 opus
2388 2890 2624 2948 habuit.
2657 2891 2796 2947 Nisi
2815 2905 2940 2947 una
2965 2905 3101 2946 cum
3142 2887 3429 2946 Ninivitis
3446 2887 3610 2956 jeju-

1877 2960 1916 3015 C
1957 2985 2193 3035 nassent
2224 2960 2278 3035 et
2309 2981 2440 3049 ipsa
2475 2979 2657 3036 bruta
2687 2980 3005 3049 animalia,
3024 2978 3497 3049 haudquaquam
3526 2974 3611 3044 ef-

1950 3068 2246 3139 fugissent
2276 3069 2680 3126 subversionis
2707 3069 3254 3125 comminationem.
3282 3088 3313 3116 «
3343 3066 3608 3132 Quorum

1956 3157 2253 3215 cadavera
2278 3164 2594 3228 prostrata
2614 3166 2755 3214 sunt
2777 3159 2840 3213 in
2871 3158 3104 3213 deserto
3119 3155 3251 3210 θη»
3272 3155 3491 3210 Nonne
3520 3167 3610 3209 eo-

1955 3249 2224 3321 rum,qui
2231 3264 2392 3316 esum
2409 3251 2689 3306 carnium
2700 3247 3092 3319 ﬂagitabant?
3108 3245 3217 3303 Illi
3230 3245 3417 3301 donec
3434 3247 3612 3301 erant

1956 3339 2225 3395 contenti
2248 3353 2498 3403 manna,
2531 3342 2587 3396 et
2616 3351 2779 3408 aqua
2807 3337 2880 3393 de
2901 3342 3085 3406 petra
3107 3337 3351 3405 ﬂuente,
3368 3347 3611 3404 supera-

1959 3426 2102 3484 bant
2119 3428 2450 3498 IEgyptios,
2470 3442 2577 3496 per
2604 3441 2772 3482 mare
2791 3425 3105 3496 faciebant
3126 3426 3262 3495 iter,
3285 3444 3313 3474 α
3340 3438 3461 3479 non
3482 3424 3612 3479 erat

1956 3518 2234 3587 inﬁrmus
2261 3518 2323 3574 in
2347 3517 2621 3573 tribubus
2647 3530 2852 3573 eorum
2865 3515 2956 3571 '3?
2971 3536 2999 3565 »
3016 3517 3151 3570 Haec
3173 3517 3377 3570 autem
3410 3509 3609 3568 Basilii

1956 3605 2142 3663 verba
2162 3605 2346 3679 paulo
2372 3605 2566 3661 fusius
2584 3603 2779 3670 retuli,
2792 3608 2859 3660 ut
2878 3619 2951 3660 ex
2966 3602 3036 3658 iis
3051 3601 3227 3675 quasi
3247 3616 3321 3657 ex
3339 3599 3612 3672 quodam

1958 3693 2284 3767 specimine
2318 3698 2623 3765 utcunque
2658 3690 2905 3760 intelligi
2930 3693 3159 3762 posset,
3187 3688 3389 3761 ipsum
3414 3702 3612 3761 neque

1959 3799 2031 3839 ex
2062 3783 2244 3839 unius
2276 3782 2674 3856 ejusdemque
2706 3780 2868 3836 vocis
2898 3778 3275 3851 repetitione,
3313 3792 3511 3850 neque
3539 3791 3615 3833 ex

1960 3872 2247 3930 similium
2276 3870 2710 3928 vocabulorum
2749 3868 3052 3934 antithesi,
3085 3866 3190 3924 sed
3221 3882 3295 3927 ex
3324 3865 3614 3923 varietate

1962 3961 2605 4033 sententiarum'atque
2635 3959 2924 4031 gravitate
2955 3961 3314 4017 ornamenta
3334 3954 3615 4013 orationi-

1959 4051 2077 4108 bus
2128 4051 2251 4108 suis
2303 4050 2631 4124 quaasiisse.
2670 4052 2739 4105 Et
2766 4046 3018 4120 quando
3050 4045 3271 4119 saepius
3300 4044 3511 4114 rogavi
3549 4046 3617 4100 ut

1963 4145 2351 4197 controversa
2396 4154 2585 4212 opera
2631 4153 2771 4193 cum
2812 4135 3173 4192 indubitatis
3213 4149 3285 4189 ac
3325 4131 3615 4188 confessis

1963 4232 2482 4302 compararentur,
2526 4228 2623 4285 hic
2653 4226 2905 4298 rogabo,
2948 4231 3013 4281 ut
3053 4223 3242 4283 dubia
3267 4222 3397 4278 haec
3421 4223 3507 4279 De
3525 4224 3617 4293 je-

181 4303 398 4381 auctor
427 4324 514 4380 ita
558 4323 848 4396 loquitur.
890 4322 1070 4395 Ἀγιος
1118 4326 1219 4400 γὰρ
1260 4324 1286 4376 ὁ
1330 4303 1541 4398 τρόπος,
1586 4330 1683 4385 τῆς
1717 4303 1844 4379 νησ-

1953 4322 2134 4391 junio
2158 4315 2682 4374 lucubratiuncula
2704 4314 2917 4371 saltem
2940 4328 3078 4369 cum
3100 4315 3265 4368 certa
3288 4310 3410 4381 illa,
3426 4326 3616 4384 quam

183 4418 342 4475 τείας,
378 4413 523 4483 ἁγίῳ
555 4417 672 4483 Ger,»
704 4412 804 4463 ὑπὸ
833 4410 993 4482 ἁγίων
1020 4410 1178 4483 ἁγίων
1207 4416 1641 4486 προσφερόμενος.
1665 4409 1851 4465 Sanc-

187 4510 277 4556 tus
307 4503 540 4573 quippe
580 4505 667 4556 est
701 4501 940 4571 jejunii
974 4500 1207 4570 modus,
1227 4506 1440 4557 sancto
1467 4502 1589 4556 Deo
1619 4514 1657 4555 a
1686 4512 1854 4554 sanc-

188 4591 261 4645 tis
294 4596 515 4646 sancte
546 4590 789 4645 oblatus
822 4607 836 4644 :
869 4605 1005 4663 quae
1042 4588 1191 4647 dum
1221 4589 1375 4660 lego,
1410 4605 1533 4646 non
1559 4587 1735 4644 valde
1753 4584 1854 4647 ad-

186 4681 445 4735 modum
477 4677 885 4751 dubito,an
913 4679 1167 4751 scriptor
1193 4678 1289 4735 ille
1314 4677 1667 4749 hujusmodi
1694 4676 1855 4749 ejus-

184 4768 323 4826 dem
359 4767 539 4825 vocis
573 4766 926 4839 repetitione
952 4771 1233 4824 ornatum
1266 4767 1530 4839 aliquem
1558 4782 1682 4823 suae
1721 4782 1857 4823 ora-

187 4860 331 4915 tioni
361 4857 589 4915 aﬁerre
619 4856 908 4927 voluerit;
940 4856 1234 4930 facileque
1264 4855 1622 4912 crediderim
1656 4855 1859 4928 ipsum

189 4948 299 5009 sibi
317 4965 393 5011 ea
416 4952 481 5007 in
511 4964 576 5006 re
598 4945 858 5003 multum
887 4944 1208 5019 placuisse.
1239 4948 1390 5002 Utut
1410 4945 1540 5001 haec
1561 4950 1701 5001 sunt
1722 4960 1859 5015 gra-

189 5045 480 5101 vissimus
500 5040 593 5096 vir
615 5036 873 5095 Basilius
889 5022 1006 5091 hoc
1026 5033 1349 5090 verborum
1372 5035 1547 5106 quasi
1569 5033 1715 5095 ludo
1738 5049 1862 5090 non

191 5132 641 5197 oblectabatur,
673 5132 780 5184 aut
796 5129 955 5182 certe
976 5138 1100 5179 non
1121 5127 1268 5196 puto
1289 5122 1543 5196 proferri
1569 5138 1747 5195 posse
1778 5122 1864 5180 ul'

190 5223 314 5280 lum
345 5219 733 5293 exemplum,
766 5229 894 5289 quo
931 5216 1163 5270 constet
1191 5228 1330 5268 eum
1369 5211 1552 5270 talem
1581 5211 1760 5268 unius
1808 5215 1865 5268 et

261 5404 309 5438 ³³
384 5399 569 5459 Hebr.
604 5413 686 5469 in,
731 5399 820 5452 t7.
898 5392 950 5428 ³³
987 5389 1146 5448 Psal.
1180 5406 1295 5460 Civ,
1325 5392 1418 5447 47.

259 5585 341 5652 (a)
388 5579 626 5640 Utimur
655 5586 908 5653 semper
937 5569 1311 5630 Coteleriana
1331 5566 1840 5650 interpretatione.

1963 4425 2108 4465 mox
2153 4406 2436 4475 iudicavi,
2482 4405 2676 4463 Basilii
2730 4403 3002 4461 oratione
3061 4402 3422 4459 conferatur.
3470 4404 3615 4459 Puto

1964 4497 2125 4555 enim
2163 4495 2427 4552 futurum
2474 4492 2803 4559 neminem,
2837 4492 2943 4566 qui
2980 4491 3119 4565 styli
3145 4490 3617 4565 discrepantiam

1962 4601 2089 4644 non
2116 4584 2336 4652 videat,
2367 4583 2691 4656 statimque
2719 4596 2842 4638 non
2865 4581 3095 4653 judicet
3121 4580 3252 4637 ﬁeri
3271 4594 3394 4637 non
3416 4594 3617 4653 posse,

1966 4682 2032 4731 ut
2053 4673 2269 4746 aliquis
2291 4675 2503 4730 auctor
2528 4671 2610 4728 ita
2632 4670 2725 4727 sui
2744 4668 3054 4726 dissimilis
3083 4670 3157 4727 sit
3181 4674 3248 4725 ut
3272 4672 3397 4725 tam
3417 4667 3620 4739 dispa-

1966 4764 2057 4821 ria
2106 4761 2345 4819 scribat.
2406 4763 2474 4817 Et
2517 4775 2664 4816 vero
2709 4758 3076 4832 experientia
3121 4757 3298 4817 docet
3330 4756 3621 4812 disertum

1968 4853 2321 4925 scriptorem
2352 4849 2479 4906 sive
2508 4849 2570 4905 in
2606 4848 2805 4920 longis
2835 4848 2960 4904 sive
2988 4846 3051 4902 in
3074 4845 3360 4901 brevibus
3386 4841 3621 4913 scriptis

1970 4957 2208 5015 semper
2225 4940 2440 4997 diserte
2459 4938 2625 5011 loqui
2650 4955 2662 4993 :
2691 4936 3069 5003 indisertum,
3091 4933 3393 4999 indiserte,
3426 4931 3620 4997 Quare

1973 5032 2022 5088 si
2050 5030 2249 5088 brevis
2268 5029 2451 5100 hujus
2485 5027 2773 5085 orationis
2799 5024 3102 5096 legitimus
3129 5036 3349 5095 parens
3371 5017 3621 5075 Basilius

1972 5123 2146 5183 esset,
2188 5117 2450 5176 dubitari
2487 5116 2701 5173 merito
2730 5129 2853 5171 non
2882 5115 3101 5186 potest,
3141 5109 3290 5183 quin
3310 5107 3449 5180 ipsa
3472 5106 3623 5164 foret

1973 5210 2152 5281 longe
2179 5205 2531 5281 elegantior,
2561 5204 2740 5284 longe
2784 5198 3174 5281 splendidior,
3217 5197 3397 5280 longe
3443 5195 3621 5263 lima.-
