4058 6192
401 268 472 326 63
1924 269 2306 325 ΡΗΔΕΡΑΤῙΟ.
3734 271 3812 328 64-

400 393 536 461 tior,
565 392 746 463 longe
782 396 1068 453 ornatior.
1093 399 1191 453 Est
1222 396 1393 454 locus
1418 396 1479 453 in
1507 395 1624 453 hac
1650 393 2046 464 oratiuncula,
2078 398 2125 449 Α
2161 395 2253 451 nii
2265 403 2650 455 monumenta
2671 396 2995 469 magniﬁca
3015 400 3405 464 tractatuum,
3421 410 3567 468 quos
3584 401 3822 453 extem-

356 482 371 494 '
403 498 588 555 quem
627 482 850 555 partim
899 490 1271 557 corruptum,
1317 485 1538 558 partim
1574 485 1860 541 vitiosum
1917 498 2051 539 esse

400 575 574 644 puto.
598 572 681 627 lbi
707 576 908 629 autem
945 573 1031 629 ita
1056 573 1273 644 legitur
1298 579 1461 647 (pag.
1492 577 1618 640 622)
1652 592 1665 631 :
1693 580 1756 627 Tt
1781 571 1868 626 οὖν
1892 576 2052 630 ποιή-

414 680 523 723 σεις
565 665 698 734 πρὸς
725 665 846 723 τοὺς
873 662 1091 724 πολλοὺς
1136 667 1352 725 τούτους
1397 664 1674 736 πολεμίους
1719 665 1893 735 ἔχωνς
1927 664 2052 734 ἀφον

406 749 620 824 ὀρύξαι;
644 750 799 804 Ἀλλὰ
816 772 906 831 um
944 760 1124 805 τοῦτον
1159 752 1513 827 ὑπερϐήσεται
1551 755 1794 827 ,Χάρακα
1822 758 2054 826 προστῆ-

409 859 533 907 σαι;
567 839 721 893 Ἀλλὰ
758 846 846 893 καὶ
885 848 1066 893 τοῦτον
1116 838 1429 901 διαϐήσεται
1462 859 1475 897 :
1518 841 1625 898 ubi
1670 840 2055 898 doctissimus

405 928 497 984 vir
518 929 840 985 Cotelerius
860 945 971 1001 pro
991 932 1149 1003 τάφον
1178 930 1294 1001 legi
1324 930 1543 987 debere
1563 934 1754 1005 τάφρον
1787 927 2056 1001 suspica-

409 1021 506 1073 tus
540 1021 647 1083 est,
684 1019 889 1091 sicque
918 1024 1130 1091 postea
1163 1021 1374 1077 vertit:
1411 1020 1568 1088 Quid
1601 1035 1735 1090 ergo
1767 1032 1928 1090 ages,
1959 1018 2059 1074 cui

332 1118 339 1119 ί
410 1121 503 1163 res
534 1114 617 1163 est
650 1123 785 1164 cum
805 1110 1088 1178 plurimis
1111 1109 1461 1180 hujusmodi
1488 1109 1794 1167 hostibus?
1823 1109 2057 1165 vallum

406 1195 632 1265 fodies?
678 1197 800 1253 Sed
838 1197 945 1254 hoc
975 1199 1477 1269 transgredietur.
1523 1200 1769 1255 Fossam
1796 1198 2060 1266 interpo-

408 1286 556 1341 nes?
584 1286 697 1342 Sed
737 1292 791 1342 et
838 1288 1012 1343 illam
1054 1289 1380 1357 superabit.
1431 1289 1663 1345 Etenim
1709 1288 1842 1360 ipso
1892 1286 2060 1343 initio

409 1377 515 1429 aut
539 1375 887 1448 praepositio
916 1380 1046 1451 πρὸς
1073 1376 1394 1448 redundat,
1423 1382 1528 1434 aut
1550 1393 1671 1434 vox
1714 1376 1918 1449 aliqua
1945 1375 2062 1431 hoc

407 1461 543 1518 loco
572 1462 761 1530 deest,
807 1465 892 1520 uti
922 1481 1037 1521 vox
1068 1465 1226 1533 πάλη,
1255 1467 1494 1541 πόλεμος,
1527 1470 1631 1524 aut
1668 1465 1788 1523 alia
1833 1463 2062 1537 quaevis

413 1551 642 1608 similis.
663 1554 937 1610 Rescindi
957 1554 1140 1625 igitur
1163 1557 1485 1630 oportebat
1512 1555 1874 1631 particulam
1910 1557 2060 1627 πρὸς,

411 1640 528 1696 hoc
556 1642 764 1710 modo,
798 1647 935 1715 ἔχων
964 1648 1085 1706 τοὺς
1110 1645 1347 1714 πολλοὺς,
1378 1651 1490 1702 etc.
1544 1645 1701 1713 Quid
1724 1659 1868 1716 ergo
1898 1657 2062 1714 ages,

415 1729 643 1788 habens
653 1733 957 1800 plurimos
987 1733 1338 1804 hujusmodi
1351 1734 1585 1791 hostes?
1613 1738 1717 1789 aut
1735 1748 1807 1788 ea
1834 1735 2066 1788 retenta

412 1816 496 1875 ita
549 1820 751 1889 scribi,
801 1825 937 1897 ἔχων
966 1822 1133 1882 πάλην
1172 1827 1301 1898 πρὸς
1346 1826 1465 1885 τοὺς
1494 1822 1729 1889 πολλούς,
1762 1825 1874 1878 etc.

416 1921 558 1976 ergo
576 1923 733 1978 ages,
751 1909 976 1966 habens
996 1912 1385 1969 luctationem
1406 1928 1541 1969 cum
1559 1912 1838 1982 plurimis
1861 1909 2067 1980 hujus-

417 1997 583 2052 modi
603 1999 871 2056 hostibus
887 2001 916 2057 ?
943 2001 1060 2058 Sed
1079 2006 1281 2058 tamen
1302 2002 1363 2058 id
1381 2003 1443 2058 in
1475 2001 1701 2058 malam
1720 2004 1955 2074 partem
1975 1997 2067 2053 in-

416 2090 731 2159 terpretari
758 2090 946 2155 nolui,
971 2107 1048 2147 ne
1072 2091 1301 2148 librarii
1330 2091 1541 2149 vitium
1562 2092 1625 2147 in
1639 2091 1840 2163 ipsum
1865 2091 2069 2146 aucto-

417 2188 546 2231 rem
574 2179 896 2252 transferre
934 2181 1333 2237 existimarer.
1380 2183 1676 2237 Hactenus
1705 2179 1781 2235 de
1802 2180 2007 2251 prima
2052 2190 2068 2231 :

417 2280 582 2321 nunc
602 2266 679 2323 de
716 2270 983 2326 secunda
1004 2270 1189 2342 hujus
1216 2270 1331 2326 loci
1360 2274 1530 2343 parte
1554 2285 1744 2325 unum
1777 2271 1881 2324 aut
1926 2265 2067 2322 alte-

418 2372 556 2413 rum
584 2358 840 2416 verbum
887 2360 1109 2417 dicam.
1159 2360 1330 2430 Illud,
1361 2364 1518 2433 τάφον
1567 2360 1748 2434 ὀρύξαι
1773 2362 1830 2414 et
1856 2360 2075 2432 χάρακα

420 2456 623 2520 προστῆ
635 2469 743 2515 σαι,
763 2466 1014 2523 quoquo
1031 2450 1216 2507 modo
1245 2455 1540 2519 sumatur,
1556 2453 1769 2522 praeter
1789 2463 1969 2503 usum
1991 2450 2075 2502 at-

419 2551 538 2609 que
587 2538 1091 2595 consuetudinem
1137 2539 1367 2594 dictum
1419 2538 1602 2595 fuisse
1631 2536 1780 2593 mihi
1816 2535 2071 2592 videtur.

422 2625 587 2681 Alius
630 2626 825 2699 quivis
868 2629 1144 2696 scriptor,
1199 2634 1264 2684 ut
1309 2626 1548 2699 opinor,
1594 2628 1680 2682 ita
1730 2623 2078 2699 simpliciter

423 2713 785 2785 scripsisset,
801 2718 959 2788 τάφον
983 2716 1181 2790 ὀρύξεις
1199 2732 1283 2783 ;...
1307 2718 1526 2790 χάρακα
1543 2720 2079 2790 προστήσειςςεϐριι-

427 2803 621 2860 lcrum
667 2805 966 2874 fodies?...
1010 2808 1241 2877 fossam
1287 2792 1676 2875 interpones?
1702 2806 1768 2860 Et
1795 2803 1966 2876 prius
1996 2802 2080 2859 ita

426 2891 745 2965 scripserat
772 2898 982 2951 auctor
1008 2894 1161 2967 ipse,
1183 2899 1235 2946 τί
1259 2898 1519 2961 ποιήσεις,
1551 2908 1674 2950 non
1706 2901 1951 2952 ποιῆσαι.

942 3095 971 3162 §
1008 3091 1106 3151 Χῐ.
1144 3093 1232 3150 De
1257 3093 1564 3150 Asceticis.

500 3259 590 3310 27.
631 3254 812 3310 Multa
856 3253 1035 3311 hodie
1086 3254 1333 3310 nomine
1361 3252 1773 3309 Asceticorum
1800 3265 2079 3324 compre-

427 3342 797 3409 henduntur,
823 3342 1156 3415 peculiares
1180 3342 1439 3416 quidam
1475 3346 1784 3411 tractatus,
1813 3339 2073 3410 Moralia,

430 3432 669 3502 Regulae
696 3437 825 3489 tam
867 3431 1124 3488 fusiores
1172 3448 1360 3506 quam
1406 3431 1736 3502 breviores,
1779 3428 2076 3502 Epitimia,

431 3520 896 3577 Constitutiones
922 3520 1304 3577 monasticae:
1329 3524 1390 3576 at
1411 3520 1475 3587 in
1497 3519 1780 3576 Asceticis
1804 3532 1928 3574 non
1949 3517 2078 3573 haec

431 3609 641 3667 omnia
660 3609 805 3665 olim
825 3610 1267 3683 comprehensa
1281 3609 1485 3681 fuisse,
1501 3624 1613 3683 pro
1634 3612 1817 3677 certo,
1841 3602 2078 3680 opinoi,

431 3700 644 3757 haberi
671 3704 891 3774 potest.
943 3702 1011 3756 Et
1049 3698 1297 3772 quidem
1330 3698 1594 3768 Photius,
1622 3697 1729 3772 qui
1754 3697 1830 3753 de
1867 3696 2083 3753 Asceti-

434 3790 521 3846 cis
574 3789 770 3846 Basilii
795 3791 1036 3863 copiose
1064 3789 1348 3863 loquitur,
1374 3789 1459 3846 ita
1487 3788 1563 3845 de
1604 3788 1698 3844 his
1723 3787 1986 3854 disserit,
2018 3789 2085 3842 ut

432 3893 645 3934 eorum
672 3878 917 3934 nomine
961 3877 1273 3951 aliquanto
1312 3877 1600 3951 pauciora
1628 3876 2084 3949 complectatur,

435 3966 708 4024 libellum
753 3969 840 4024 De
876 3967 1108 4037 judicio
1158 3968 1289 4036 Dei,
1320 3971 1642 4024 tractatum
1674 3968 1760 4023 De
1800 3966 1939 4033 ﬁde,
1968 3967 2085 4021 Mo-

435 4056 606 4125 ralia,
625 4056 882 4127 Regulas
904 4055 1207 4126 longiores
1234 4058 1290 4111 et
1315 4055 1649 4112 breviores.
1681 4053 2088 4110 Asceticorum

437 4148 719 4221 frequens
749 4150 836 4203 est
881 4145 1104 4202 mentio
1152 4145 1316 4218 apud
1355 4144 1657 4217 antiquos.
1701 4142 2087 4211 Celebriores,

441 4242 583 4294 sunt
612 4238 1029 4309 Hieronymus,
1068 4234 1318 4292 Ruﬁnus
1348 4238 1405 4290 et
1439 4233 1783 4292 Cassianus.
1837 4236 1902 4290 Et
1943 4248 2091 4306 quo-

2155 499 2308 553 pore
2326 487 2387 542 in
2407 488 2667 544 ecclesiis
2688 488 3132 544 declamabant.
3147 487 3246 544 Ea:
3270 485 3483 558 quibus
3502 500 3609 542 nos
3627 485 3822 543 denas

2157 573 2351 642 ferme
2385 576 2763 648 singulorum
2801 576 3217 632 oratiunculas
3256 574 3701 644 transfudimus
3747 566 3824 631 in

2160 662 2469 720 Latinum.
2490 666 2717 722 Basilii
2727 671 3029 735 praeterea
3047 665 3335 720 [nstituta
3350 664 3820 720 monachorum:

2162 756 2458 825 optantes,
2476 756 2530 809 si
2538 755 2870 824 poterimus
2885 760 2940 811 et
2954 754 3066 810 Dei
3074 755 3262 824 favor
3279 752 3596 825 adjuverat,
3611 767 3826 809 eorum

2162 843 2350 912 plura
2389 844 2747 915 transferre.
2790 841 3065 901 Cassiani
3104 849 3309 901 autem
3348 842 3412 914 (c)
3451 841 3641 898 verba
3678 845 3830 899 sunt

2163 931 2320 989 haec:
2342 933 2475 990 Huc
2495 934 2746 1002 accedit,
2761 934 2922 1007 quod
2939 948 3121 1004 super
3140 934 3256 990 hac
3274 948 3337 991 re
3357 932 3475 988 viri
3493 937 3547 989 et
3571 932 3695 989 vita
3714 947 3831 988 no-

2169 1023 2335 1088 biles,
2361 1029 2417 1081 et
2435 1039 2710 1082 sermone
2737 1025 3104 1096 scientiaque
3135 1023 3448 1093 praeclari,
3470 1023 3664 1079 multa
3680 1023 3829 1092 jam

2167 1115 2454 1181 apuscula
2473 1113 2869 1181 desudarunt,
2892 1115 2948 1169 S.
2978 1112 3274 1168 Basilium
3296 1118 3351 1168 et
3379 1112 3830 1181 Hieronymum

2168 1201 2595 1275 dico,aliosque
2610 1204 3213 1274 nonnullos,quorum
3234 1202 3504 1258 anterior
3517 1201 3829 1257 sciscitan-

2171 1291 2326 1359 tibus
2340 1293 2644 1363 fratribus
2655 1308 2836 1363 super
2849 1292 3099 1349 diversis
3123 1291 3418 1347 institutis
3438 1291 3534 1347 vel
3553 1291 3831 1362 quaestio-

2169 1380 2347 1436 nibus
2368 1397 2489 1437 non
2516 1383 2711 1439 solum
2729 1380 3023 1452 facundo,
3049 1395 3255 1438 verum
3273 1380 3454 1437 etiam
3474 1379 3831 1435 divinarum

2170 1469 2637 1539 Scripturarum
2668 1470 3019 1527 testimoniis
3041 1470 3274 1539 copioso
3294 1482 3566 1525 sermone
3583 1482 3833 1536 respon-

2172 1560 2281 1616 dit.
2304 1562 2519 1616 Prazter
2538 1559 2673 1616 illos
2702 1563 2818 1616 tres
2848 1557 3301 1631 antiquissimos
3333 1556 3653 1629 scriptores
3683 1558 3833 1612 sunt

2173 1652 2230 1705 et
2257 1648 2376 1717 alii,
2399 1648 2507 1721 qui
2525 1648 2931 1704 meminerunt
2949 1645 3362 1703 Asceticorum
3388 1644 3608 1702 Basilii.
3633 1643 3832 1714 Digno

2174 1742 2318 1794 sunt
2345 1741 2708 1806 memoratu,
2729 1753 2867 1811 quae
2886 1736 3215 1809 imperator
3241 1733 3617 1791 Justinianus
3645 1732 3836 1805 scrip-

2176 1827 2249 1884 sit
2268 1827 2329 1883 in
2357 1828 2637 1897 Epistola
2654 1827 2735 1884 ad
2754 1827 3059 1883 Hennam.
3084 1829 3171 1881 ita
3194 1828 3399 1881 autem
3416 1822 3681 1897 loquitur
3698 1822 3788 1894 (α)
3815 1838 3831 1877 :

2178 1916 2447 1971 Βασιλείου
2511 1916 2795 1969 ἐπισκόπου
2844 1919 3162 1989 Καισαρείας
3211 1910 3590 1974 Καππαδοκίας
3636 1910 3690 1964 ἐκ
3731 1919 3834 1965 τοῦ

2176 2014 2447 2060 κανονικοῡ
2478 2006 2636 2058 αὐτοῦ
2682 2004 2912 2078 βιϐλίου.
2955 2005 3261 2078 Ἐρώτησις.
3290 2011 3351 2057 Ει
3398 2003 3525 2055 ὅπου
3551 2004 3639 2076 μὲν
3666 2000 3834 2073 λέγει,

2179 2101 2474 2171 Δαρήσεται
2498 2094 2681 2163 πολλὰ,
2715 2095 2843 2147 ὅπου
2873 2090 2932 2146 δὲ
2962 2093 3166 2166 Ὀλίγα,
3200 2101 3310 2156 πῶς
3350 2092 3563 2165 λέγουσί
3587 2111 3720 2154 τινες
3748 2095 3826 2163 μὴ

2181 2184 2308 2239 εἶναι
2337 2185 2478 2246 τέλος
2506 2194 2602 2248 τῆς
2629 2184 2888 2247 κολάσεως
2911 2192 3021 2247 τοῖς
3063 2183 3429 2257 κολαζομένοις
3451 2199 3465 2250 ;
3499 2182 3836 2254 Ἀπόκρισις.

2179 2279 2255 2329 Τὰ
2284 2273 2545 2348 ἀμφίϐολα
2568 2278 2659 2326 καὶ
2707 2272 3186 2346 ἐπικεκαλυμμένως
3230 2272 3474 2345 εἰρῆσθαι
3504 2268 3762 2325 δοκοῦντα
3789 2272 3841 2322 ἓν

2180 2385 2293 2418 τισι
2321 2369 2500 2426 τόποις
2536 2373 2632 2426 τῆς
2682 2365 3018 2416 θεοπνεύστου
3064 2368 3238 2435 Γραφῆ
3252 2382 3290 2429 ς,
3325 2363 3424 2413 ὑπὸ
3454 2368 3554 2413 τῶν
3599 2359 3761 2411 ἄλλων
3790 2358 3843 2411 ἐν

2182 2454 2355 2515 ἄλλοις
2380 2452 2796 2527 ὁμολογουμένων
2820 2451 3178 2525 σαφηνιζεται,
3199 2454 3311 2507 etc.
3334 2449 3554 2506 Basilii
3570 2448 3842 2518 episcopi

2187 2544 2474 2600 Cusarea?
2517 2541 2912 2613 Cappadocae,
2946 2556 3023 2597 ea:
3069 2543 3198 2610 ejus
3256 2539 3412 2595 libro
3455 2538 3844 2609 Regularum.

2185 2633 2579 2704 Interrogatio
2597 2632 2693 2703 (ε),
2714 2631 2784 2688 Si
2803 2636 2929 2687 tum
2956 2631 3123 2697 dicit,
3158 2651 3185 2679 «
3217 2629 3532 2699 Vapulabit
3550 2627 3777 2697 multis,
3814 2644 3845 2674 ι

2189 2729 2337 2790 tum,
2361 2742 2390 2770 ‹‹
2410 2722 2622 2791 paucis
2645 2721 2693 2755 ²⁶
2713 2736 2735 2776 :
2771 2739 2791 2772 ι
2834 2735 2946 2791 quo
2977 2724 3156 2789 pacto
3186 2718 3435 2790 quidam
3465 2717 3675 2772 dicunt
3704 2715 3849 2770 nul-

2191 2814 2315 2869 lum
2336 2811 2517 2880 ﬁnem
2547 2809 2826 2881 supplicii
2850 2809 2986 2880 fore
3014 2809 3087 2863 iis
3114 2808 3219 2879 qui
3240 2821 3425 2877 plena
3443 2804 3847 2877 afﬁciuntur?

2109 2874 2151 2931 δ
2190 2900 2523 2971 Responsio.
2559 2874 2699 2967 Qua:
2717 2874 3003 2969 ambigua
3031 2874 3174 2954 sunt
3194 2874 3266 2953 ac
3286 2874 3568 2954 videntur
3594 2894 3849 2951 obscure

2188 3005 2310 3047 esse
2338 2989 2501 3044 dicta
2529 2988 2594 3043 in
2633 2986 2993 3058 quibusdam
3025 2986 3170 3042 locis
3199 2986 3492 3041 divinitus
3521 2984 3848 3053 inspirata?

2186 3080 2539 3148 Scriptum,
2587 3077 2738 3133 alibi
2766 3076 2842 3133 ab
2888 3076 3025 3134 aliis
3054 3091 3185 3148 qua:
3213 3075 3489 3146 confessa
3531 3080 3589 3131 et
3627 3079 3849 3144 aperta

2186 3173 2352 3232 sunt,
2377 3166 2794 3236 declarantur,
2820 3169 2932 3222 etc.
2963 3165 3370 3221 Asceticorum
3392 3163 3674 3220 Basilium
3698 3178 3848 3219 aue-

2186 3261 2376 3314 torem
2427 3255 2570 3311 facit
2618 3253 2855 3326 Suidas,
2904 3253 3000 3310 bis
3044 3254 3293 3311 verbis:
3328 3254 3593 3317 Βασίλειος
3646 3260 3850 3307 Καισα-

2186 3351 2325 3423 ρείας
2354 3353 2451 3406 τῆς
2499 3339 2868 3397 Καππαδοκῶν
2909 3343 3284 3406 ἐπίσκοπος....
3326 3346 3476 3418 ἔγραε
3521 3343 3759 3408 πλεῖστα,
3793 3342 3851 3394 ἐν

2186 3433 2261 3498 οἷς
2297 3433 2619 3507 θαυμάζεται
2647 3435 2713 3485 τὰ
2737 3432 2809 3495 εἰς
2836 3437 2925 3491 τὴν
2957 3432 3287 3507 Ἐξαήμερον.
3319 3438 3420 3486 Καὶ
3444 3433 3559 3485 κατ’
3591 3432 3850 3505 Εὐνομίου

2189 3520 2249 3578 δὲ
2277 3522 2568 3597 ἐξαιρέτους
2595 3521 2834 3584 συνέταξε
2864 3523 3066 3594 λόγους,
3094 3541 3194 3574 κατ
3219 3527 3344 3595 Περὶ
3382 3529 3473 3574 τοῦ
3497 3524 3649 3594 ἁγίου
3676 3523 3855 3595 Πρευ-

2188 3632 2351 3687 ματος
2393 3619 2603 3684 τεῦχος,
2636 3631 2727 3663 και
2767 3615 2861 3672 τὰς
2887 3616 2956 3673 εἰς
2987 3615 3081 3669 τὴν
3110 3610 3420 3684 Ἐξαήμερον
3461 3609 3664 3684 ὁμιλίας
3686 3609 3850 3663 ἐννέα-

2190 3702 2357 3774 ἕτερον
2386 3708 2578 3772 τεῦχος
2603 3698 2907 3767 ἀσκητικὸν,
2941 3702 3052 3755 etc.
3086 3700 3357 3756 Basilius
3386 3698 3672 3756 Caesarem
3696 3701 3856 3769 Cap-

2186 3789 2457 3860 padociae
2486 3790 2887 3858 episcopus....
2925 3788 3167 3857 scripsit
3200 3789 3497 3859 plurima,
3526 3789 3688 3844 inter
3714 3803 3855 3860 qua

2190 3879 2497 3949 praecipue
2539 3878 2603 3932 in
2648 3879 2844 3946 pretio
2893 3876 3197 3933 habentur
3244 3877 3677 3951 Commentarii
3718 3878 3855 3946 ejus

2192 3967 2255 4023 in
2283 3969 2730 4022 Hexaemeron.
2783 3966 3002 4022 Contra
3049 3964 3407 4023 Eunomiam
3453 3980 3685 4039 quoque
3726 3967 3856 4022 exi-

2195 4057 2347 4112 mias
2391 4055 2690 4111 orationes
2741 4055 3140 4126 conscripsit;
3187 4056 3444 4126 itemque
3499 4055 3722 4111 librum
3768 4057 3856 4112 De

2202 4144 2419 4217 Spiritu
2466 4148 2697 4213 sancto,
2729 4150 2782 4201 et
2836 4143 2898 4199 in
2944 4144 3363 4201 Hexaemeron
3407 4159 3703 4202 sermones
3749 4159 3859 4200 no-

2201 4249 2350 4301 vem,
2385 4236 2439 4290 et
2490 4233 2713 4290 librum
2757 4235 3106 4300 asceticum,
3154 4238 3262 4290 etc.
3298 4232 3650 4290 Audiendus
3679 4238 3769 4289 est
3796 4238 3862 4291 et

439 4328 604 4384 niam
635 4342 844 4382 eorum
873 4324 1220 4382 testimonia
1242 4322 1420 4380 nobis
1448 4338 1673 4394 magno
1710 4324 1847 4379 usui
1875 4322 1937 4378 in
1976 4322 2091 4379 hac
2119 4300 2165 4355 Ῑ)
2205 4325 2451 4379 sanctus
2499 4321 2872 4393 Benedictus,
2919 4323 3026 4395 qui
3068 4326 3346 4379 amanter
3390 4324 3626 4378 Patrem
3673 4337 3860 4378 suum

441 4415 845 4487 disputatione
862 4413 1070 4479 futura
1099 4417 1259 4483 sunt,
1283 4429 1354 4470 ea
1372 4412 1591 4469 referre
1611 4427 1809 4486 operae
1834 4411 2093 4484 pretium

443 4508 553 4562 est.
605 4503 1001 4574 Hieronymus
1045 4502 1224 4573 igitur
1248 4501 1354 4573 (a),
1385 4501 1491 4557 ubi
1516 4501 1591 4558 de
1624 4499 1818 4557 Basilii
1856 4499 2093 4572 scriptis

443 4607 784 4649 sermonem
800 4590 1070 4657 instituit,
1092 4590 1175 4647 ita
1192 4590 1460 4663 loquitur
1482 4607 1495 4645 :
1519 4591 1789 4647 Basilius
1812 4589 2098 4646 Cwsarew

446 4683 867 4753 Cappadociae,
890 4696 1019 4752 quae
1035 4682 1208 4751 prius
1236 4680 1486 4736 Mazaca
1505 4680 1857 4747 vocabatur,
1880 4681 2099 4749 episco-

442 4789 577 4845 pus,
610 4772 876 4843 egregios
905 4775 1115 4827 contra
1144 4771 1506 4827 Eunomium
1528 4770 1859 4827 elaboravit
1891 4769 2098 4836 libros,

447 4870 501 4921 et
529 4865 610 4919 De
647 4860 867 4934 spiritu
917 4864 1130 4917 sancto
1162 4861 1467 4929 volumen,
1498 4865 1550 4916 et
1597 4858 1659 4914 in
1690 4861 2100 4931 Hexaemeron

444 4953 744 5010 Homilias
764 4965 996 5017 novem,
1010 4960 1061 5006 et
1081 4949 1413 5008 Ἀσκητικόν.
1438 4947 1687 5005 Ruﬁnus
1706 4963 1847 5004 vero
1863 4947 1941 5018 (b)
1960 4963 2100 5003 cum

446 5042 639 5100 multa
658 5040 734 5098 de
752 5038 1037 5097 laudibus
1059 5037 1255 5095 Basilii
1276 5036 1661 5109 Gregoriique
1682 5035 1954 5101 dixisset,
1972 5040 2102 5091 tum

447 5132 696 5188 demum
714 5130 796 5187 ita
814 5127 1049 5186 scribit:
1068 5128 1333 5185 Exstant
1350 5142 1585 5199 quoque
1599 5126 1914 5196 utriusque
1941 5125 2101 5196 inge-

520 5297 571 5332 "
611 5298 750 5352 Luc.
782 5309 884 5359 xu,
912 5297 1002 5364 47,
1033 5297 1122 5350 48.

524 5443 610 5507 (α)
648 5439 735 5495 De
761 5438 971 5508 script.
1001 5437 1236 5508 eccles.,
1269 5451 1323 5492 c.
1359 5435 1479 5492 {26.

525 5512 603 5582 (b)
640 5511 802 5567 Hist.
824 5510 1031 5582 eccles.
1060 5507 1100 5582 l_.
1128 5523 1188 5577 ιι,
1220 5523 1274 5567 c.
1305 5511 1356 5563 9.

525 5513 579 5582 (b
640 5513 1031 5567 Hist.eccles.
1060 5513 1100 5564 l.

524 5513 603 5659 (eg
641 5583 815 5651 Inst.,
848 5580 911 5637 in
941 5579 1111 5640 Praef.

2201 4426 2431 4469 vocans
2475 4411 2776 4480 Basilium,
2808 4411 2891 4468 ita
2918 4410 2979 4467 in
3007 4410 3469 4484 praeclarissima
3494 4410 3599 4466 illa
3626 4412 3862 4482 Regula

2203 4516 2314 4556 sua
2338 4502 2412 4573 (f)
2441 4500 2678 4556 locutus
2725 4504 2814 4556 est
2861 4518 2875 4556 :
2921 4501 3060 4568 Quae
3108 4502 3263 4556 enim
3304 4500 3531 4570 pagina
3578 4506 3685 4556 aut
3722 4501 3862 4571 quis

2203 4604 2396 4646 sermo
2439 4590 2662 4646 divinae
2690 4589 3072 4647 auctoritatis
3112 4589 3333 4645 Veteris
3364 4604 3435 4647 ac
3470 4589 3628 4646 Novi
3658 4591 3861 4647 Testa-

2204 4680 2410 4749 menti,
2455 4695 2575 4735 non
2619 4684 2703 4735 est
2746 4678 3080 4735 rectissima
3120 4692 3335 4735 norma
3366 4679 3498 4734 vitm
3529 4678 3865 4735 humanae?

2206 4775 2313 4828 aut
2351 4769 2484 4841 quis
2533 4767 2681 4823 liber
2726 4771 3076 4823 sanctorum
3125 4766 3552 4823 catholicorum
3600 4767 3865 4823 Patrum

2209 4860 2319 4917 hoc
2366 4872 2484 4912 non
2550 4861 2808 4924 resonat,
2869 4862 2934 4912 ut
2990 4861 3152 4914 recto
3205 4871 3387 4913 cursu
3433 4856 3865 4925 perveniamus

2207 4949 2290 5006 ad
2311 4948 2650 5004 Creatorem
2671 4948 2981 5003 nostrum?
3019 4948 3265 5004 Necnon
3291 4951 3345 5003 et
3370 4947 3720 5003 collationes
3744 4945 3867 5001 Pa-

2211 5045 2393 5108 trum,
2425 5043 2483 5093 et
2519 5038 2824 5102 instituta,
2858 5042 2915 5094 et
2944 5038 3071 5094 vita
3103 5052 3310 5094 eorum
3331 5051 3355 5106 ,'
3383 5036 3488 5093 sed
3531 5040 3586 5093 et
3629 5036 3868 5106 Regula

2209 5128 2269 5185 S.
2290 5128 2498 5185 Patris
2528 5126 2721 5183 nostri
2743 5128 2988 5198 Basilii,
3009 5125 3158 5198 quid
3184 5125 3361 5183 aliud
3387 5130 3547 5198 sunt,
3569 5125 3690 5181 nisi
3718 5122 3870 5183 bene

2281 5431 2364 5501 (d)
2406 5430 2590 5501 Cone,
2619 5434 2763 5501 tom.
2790 5428 2861 5495 V,
2892 5440 2954 5499 p.
2977 5428 3106 5501 663.

2283 5498 2359 5573 (θ)
2395 5504 2550 5558 Inter
2575 5498 3126 5573 breviores’regula
3154 5502 3248 5557 est
3274 5498 3399 5554 267.

2280 5568 2353 5646 (η
2392 5573 2536 5645 Cap.
2569 5568 2695 5632 ult.‘
