4058 6192
177 242 235 294 δε
1701 237 2087 298 pmrmo.
3527 261 3596 316 oe

174 362 495 419 viventium
509 368 573 420 et
592 362 1006 420 obedientium
1025 364 1454 422 monachorum
1472 365 1765 436 exempla,
1787 367 1843 420 et

1963 384 2064 455 ρον,
2111 367 2191 455 ξτι
2244 370 2421 433 πάσης
2472 371 2680 436 ἐντολῆς
2728 382 2862 428 Θεοῦ
2892 374 3193 450 παράϐασις
3222 377 3464 455 σφοδρῶς
3502 402 3595 434 και

172 451 583 509 instrumenta
607 452 945 510 virtutum?
958 455 1038 509 De
1054 454 1329 527 piissimo
1339 455 1470 511 viro
1488 454 1708 511 Aredio
1729 469 1848 510 ver.

171 543 254 600 ba
295 541 522 598 faciens
577 543 933 613 Gregorius:
985 545 1370 615 Turonensis,
1428 545 1671 618 scripsit
1731 543 1848 600 hoc

174 630 352 688 modo
376 632 449 701 (α)
480 648 497 687 :
528 631 912 690 Construxit
961 634 1186 703 templa
1222 635 1335 690 Dei
1366 636 1431 691 in
1464 634 1688 690 honore
1717 633 1846 705 [sic]

168 722 930 795 sanctorum,e:cpetiitque
940 738 1141 780 eorum
1150 724 1512 795 pignora,ac
1522 738 1598 780 ea:
1606 723 1847 794 familia

161 812 402 880 propria
420 817 800 868 tonsuratos
827 813 1097 868 instituit
1118 812 1468 881 monachos,
1494 814 1848 870 canobium-

172 897 675 971 quefundavit,in
688 917 810 973 quo
822 917 945 958 non
956 903 1132 958 modo
1144 903 1441 972 Cassiani,
1452 918 1652 960 verum
1667 903 1845 958 etiam

384 995 449 1045 et
482 991 886 1062 reliquorum
910 991 1219 1062 abbatum,
1242 993 1348 1064 qui
1360 991 1845 1049 monasterialem

168 1078 333 1133 sitim
365 1078 827 1146 instituerunt,
843 1079 1233 1136 celebrantur
1249 1081 1521 1152 Regulae.
1536 1077 1846 1137 Sanctissi-

163 1180 285 1221 mns
297 1165 609 1240 idemque
636 1167 1074 1225 celeberrimus
1092 1168 1284 1227 abbas
1297 1169 1667 1226 Theodosius
1686 1183 1849 1225 asce-

161 1253 277 1309 ticis
314 1255 533 1312 Basilii
548 1256 1097 1314 lucubrationibus
1114 1258 1288 1315 unice
1305 1258 1637 1337 oblectatus
1659 1257 1848 1314 fuisse

161 1342 386 1400 dicitur.
402 1348 500 1402 lta
522 1345 702 1403 enim
722 1347 1403 1420 scriptuminveniturin
1425 1349 1556 1420 ejus
1589 1347 1844 1422 Vita(b):

161 1432 424 1492 Maxime
432 1442 657 1493 autem
673 1436 889 1494 crebro
907 1438 1241 1496 recordans
1255 1439 1624 1496 salutarium
1638 1441 1848 1496 consti-

162 1524 461 1582 tutionum
475 1532 541 1583 et
551 1542 930 1591 sermonum,
945 1528 1052 1600 qui
1062 1529 1372 1584 instruunt
1387 1528 1849 1586 ademercitatio-

164 1615 461 1686 malum
471 1616 1292 1688 ni,inquam,Basilii,cujus
1312 1618 1491 1673 etiam
1513 1617 1698 1673 vitam
1718 1616 1848 1672 imi-

1957 452 2183 528 φοϐερῶς
2238 455 2543 513 ἐκδικείται·
2611 482 2700 514 και
2752 465 2781 522 ἡ
2823 462 3093 529 ἀπόδειξις
3133 468 3188 520 ἐκ
3234 477 3335 520 τῶν
3363 452 3602 544 ἽΓραφῶν

1955 547 2148 618 τρίτον,
2199 552 2452 620 περὶτῆς
2509 549 2749 614 εὐσεϐοῦς
2801 558 3023 617 πίστεως
3095 560 3262 629 ἡμῶν,
3317 560 3434 617 ἤτοι
3496 568 3603 619 τῆσ-

1955 631 2025 693 εἰς
2069 639 2164 691 τὴν
2205 636 2489 709 ὑπεραγίαν
2550 636 2752 712 Τρὶάδα
2778 643 3006 715 καθαρᾶς
3056 645 3198 716 ἡμῶν
3259 666 3348 697 και
3395 645 3603 721 εἱλικρι-

1952 727 2070 782 νοῦς
2142 721 2439 796 ὁμολογίας.
2494 726 2551 778 Ὀ
2618 724 2856 803 δεύτερος
2932 732 3036 782 οἷον
3103 743 3420 809 χαρακτῆρα
3476 743 3604 808 Χρι-

1955 820 2169 865 στιανοῦ
2228 813 2562 887 κεφαλαίὼδη
2612 838 2701 870 και
2757 822 3010 893 σύντομον
3065 827 3431 896 παρατίθεταιο
3515 845 3603 878 και

1953 912 2271 978 χαρακτῆρα
2338 904 2492 958 πάλιν
2548 907 2914 982 παραπλήσιον
2968 918 3068 962 τῶν
3125 921 3491 986 προεεστώτων
3511 922 3604 968 τοῦ

1951 988 2126 1062 λόγου,
2160 993 2288 1046 Εἶτα
2317 994 2422 1046 οἷον
2460 999 2610 1069 ὅρους
2668 999 2811 1060 τινας
2892 1001 3231 1067 ἁσκητικοὺς,
3272 1004 3341 1064 ὡς
3383 1002 3431 1055 ἐν
3483 1002 3606 1077 ἐρω-

1952 1084 2103 1138 τήσει
2165 1102 2252 1135 και
2328 1081 2601 1159 ἀποκρισει
2665 1093 3104 1162 προηγομυένους,
3180 1088 3435 1144 ἐκτιθεται
3516 1097 3604 1146 τὸν

1954 1162 2169 1239 ἀρίθμόν
2238 1174 2552 1228 πεντήκοντα
2628 1171 2834 1244 [πέντε]·
2918 1181 3008 1228 καὶ
3066 1175 3219 1228 πάλιν
3286 1182 3607 1250 συντομώτε-

1953 1273 2043 1328 ρον
2086 1255 2290 1331 ἑτέρούς
2318 1258 2469 1328 ὃρους
2512 1280 2615 1331 τιγ.
2675 1263 2748 1317 In
2779 1263 2869 1318 his
2912 1270 3111 1321 tamen
3156 1265 3383 1321 duobus
3434 1267 3607 1323 libris

1955 1360 2077 1400 non
2098 1360 2323 1417 semper
2342 1348 2426 1404 ad
2441 1349 2769 1419 emphasim
2790 1354 3295 1410 recurrit.Statim
3316 1356 3469 1411 enim
3487 1357 3608 1425 pri-

1955 1450 2087 1490 mus
2106 1435 2258 1493 liber
2276 1438 2431 1494 nihil
2445 1454 2579 1508 prae
2596 1455 2656 1495 se
2674 1440 2799 1509 fert
2821 1442 2961 1513 tale,
2970 1443 3096 1499 nise
3114 1445 3271 1514 quod
3285 1445 3468 1501 semel
3489 1446 3608 1501 ali-

1958 1524 2097 1579 cubi
2106 1539 2220 1593 per
2230 1528 2602 1584 reticentiam
2624 1530 2854 1586 malum
2875 1545 3046 1587 omen
3068 1537 3325 1588 avertat.
3355 1533 3512 1589 Nam
3528 1533 3610 1590 ad

1958 1620 2177 1670 caetera
2208 1615 2367 1687 quod
2390 1618 2626 1685 attinet,
2668 1618 2846 1675 valde
2874 1620 2959 1675 ibi
2983 1625 3069 1676 est
3086 1621 3320 1691 ﬁrmus,
3362 1626 3419 1677 et
3444 1637 3611 1693 aeque

166 1710 378 1775 tuns,et
392 1706 537 1774 ejus
549 1705 860 1763 orationis
871 1721 1091 1776 magno
1108 1711 1320 1775 captus
1337 1705 1843 1770 amore,studebat
1873 1713 1915 1768 Β
1951 1716 2145 1772 purus
2167 1709 2350 1776 atque
2373 1706 2705 1763 dilucidus:
2716 1723 2941 1780 perque
2951 1709 3099 1765 duos
3127 1710 3300 1767 hosce
3314 1711 3497 1768 libros
3509 1712 3609 1768 de-

167 1794 429 1850 intimam
440 1794 699 1865 quidem
719 1795 895 1851 illius
906 1795 1476 1867 moribus,linguam
1498 1800 1698 1852 autem
1717 1796 1844 1865 ejus

167 1885 971 1956 ornareeloquentia.0erte
983 1899 1100 1955 per
1115 1886 1305 1956 ipsam
1326 1900 1560 1958 quoque
1574 1886 1846 1955 profere-

170 1973 517 2045 batea,qu;e
537 1980 689 2030 sunt
707 1989 916 2031 rerum
930 1976 1100 2032 illius
1108 1974 1846 2046 pulcherrima,meditan-

170 2063 241 2118 do
277 2079 603 2120 assumens
625 2068 685 2120 et
716 2079 1084 2123 conservans
1104 2065 1413 2134 memoria,
1445 2079 1581 2137 qua?
1602 2068 1845 2135 possent

164 2155 440 2223 prompti
444 2155 651 2210 animi
658 2154 927 2211 studium
939 2154 1186 2224 injicere
1196 2154 1848 2212 velsocordibus.Cons-

172 2243 403 2298 titntion
411 2259 480 2299 es
498 2242 699 2299 Basilii
710 2242 983 2300 studiose
992 2244 1210 2316 legisse
1222 2248 1499 2300 sanctum
1512 2243 1845 2314 Platonem,

172 2332 591 2390 ex’lheodoro
637 2333 871 2391 Studita
905 2333 1199 2391 discimus
1233 2336 1328 2407 (e).
1371 2334 1738 2391 Earumdem
1779 2332 1848 2389 ﬁt

172 2423 400 2479 mentio
418 2422 489 2478 in
516 2423 655 2480 Vita
678 2423 924 2496 piorum
944 2423 1240 2481 abbatum
1269 2424 1543 2496 Eugendi
1582 2430 1639 2482 et
1673 2423 1848 2481 Phill-

172 2511 346 2569 berti.
374 2515 576 2578 Nune,
604 2517 675 2569 ut
700 2512 929 2570 multos
959 2513 1258 2583 omittam,
1300 2515 1485 2571 verba
1523 2514 1846 2587 subjiciam

173 2601 367 2658 Photii
391 2603 507 2673 (ά),
539 2601 651 2675 qui
693 2601 1298 2661 honoriﬁcentissime
1321 2603 1502 2661 simul
1548 2608 1607 2661 et
1648 2604 1849 2679 copio-

181 2691 414 2748 sissime
434 2692 519 2749 de
546 2692 834 2749 Asceticis
857 2691 1101 2751 locutus
1143 2698 1256 2751 est.
1278 2693 1472 2751 Verba
1500 2694 1696 2767 ipsius
1720 2694 1851 2751 haec

180 2787 369 2837 sunt:
431 2783 763 2855 Ἀνεγνὼσθη
818 2790 912 2835 τοῦ
971 2786 1208 2856 ενάγίοις
1255 2783 1526 2837 Βασιλείου
1558 2783 1850 2837 ἐπισκόπου

180 2876 510 2945 Καισαρείας
589 2868 980 2935 Καππαδοκίας
1058 2874 1126 2925 τὰ
1207 2872 1457 2946 λεγόμενα
1542 2873 1851 2938 Ἀσκητικά,

177 2962 229 3014 ἐν
259 2959 396 3013 δυσὶ
422 2960 626 3033 λόγοις.
660 2966 943 3035 Χρήσίμον
965 2963 1055 3034 μὲν
1081 2965 1139 3014 τὸ
1169 2961 1396 3036 βιϐλίον,
1430 2963 1569 3037 εἴπερ
1614 2984 1666 3017 τι
1695 2964 1821 3017 ἄλλο
1839 3019 1852 3032 ,

1957 1796 2152 1849 currit
2171 1794 2500 1864 simplicior
2518 1796 2765 1867 quidam
2786 1803 2843 1853 et
2859 1799 3305 1868 perfamiliaris
3327 1815 3519 1857 sermo
3539 1816 3612 1858 ac

1956 1884 2410 1953 compositio,ad
2422 1886 2594 1955 vulgi
2607 1900 2785 1941 aures
2806 1894 3160 1957 comparata
3186 1894 3371 1960 atque
3398 1889 3613 1957 demis-

1954 1988 2042 2044 sa,
2069 1974 2218 2030 etad
2241 1974 2433 2030 solam
2453 1975 2690 2031 demum
2703 1976 3051 2033 auditorum
3076 1980 3335 2035 salutem
3353 1980 3611 2036 intenta.

1953 2062 1990 2117 Ι
1988 2062 2155 2132 gitur
2158 2064 2320 2132 prim
2328 2078 2395 2119 us
2407 2065 2537 2133 ejus
2547 2065 2837 2122 continet:
2846 2080 2978 2136 qum
2990 2067 3065 2121 sit
3079 2074 3615 2139 causa,quantum-

1953 2166 2069 2222 que
2073 2152 2414 2221 periculum
2427 2151 2776 2222 hujusmodi
2783 2169 2917 2232 cum
2929 2155 3340 2213 Ecclesiarum
3350 2157 3614 2225 Dei,tum

1953 2242 2327 2313 singulorum
2349 2243 2656 2301 hominum
2673 2245 2834 2301 inter
2860 2246 3015 2315 ipsos
3035 2245 3416 2325 dissensionis
3437 2252 3617 2319 atque

1955 2332 2468 2400 dissidii.Deinde,
2487 2333 2648 2404 quod
2664 2335 2855 2391 omnis
2873 2335 3172 2404 praecepti
3190 2335 3388 2392 divini
3414 2340 3616 2392 trans-

1954 2422 2179 2492 gressio
2201 2421 2573 2478 vehementer
2601 2437 2674 2478 ac
2701 2423 3060 2479 terribiliter
3092 2425 3371 2495 punitur,
3389 2425 3617 2495 idquee

1955 2509 2286 2580 Scripturis
2339 2511 2531 2566 sacris
2564 2510 3061 2567 demonstratum.
3108 2512 3332 2574 Tertio,
3371 2512 3444 2568 de
3495 2512 3617 2581 ﬁde

1957 2606 2167 2657 nostra
2183 2599 2500 2670 catholica,
2522 2599 2644 2656 sive
2656 2599 2728 2656 de
2740 2615 2904 2669 pura
2916 2606 3124 2657 nostra
3142 2605 3196 2658 et
3214 2601 3452 2658 sincera
3468 2616 3612 2658 con-

1954 2690 2216 2761 fessione
2226 2689 2610 2746 sanctissima:
2626 2690 3143 2746 Trinitatis.Liber
3153 2705 3290 2746 vero
3303 2690 3613 2761 secundus,

1965 2778 2293 2836 Christiani
2316 2779 2572 2835 hominis
2593 2777 2918 2850 quamdam
2947 2780 3139 2835 veluti
3163 2780 3618 2850 descriptionem

1961 2883 2074 2939 pcr
2087 2882 2319 2925 summa
2330 2870 2531 2938 capita
2545 2869 2920 2940 breviterque
2924 2884 2966 2939 ρ
2974 2869 3239 2940 roponit:
3250 2870 3500 2926 similem
3508 2883 3623 2940 que

1965 2973 2210 3015 rursum
2222 2958 3025 3031 descriptionemeorum,qui
3051 2958 3315 3015 docendo
3352 2959 3624 3030 Evange-

176 3052 464 3122 Legimus
486 3052 683 3107 sancti
693 3051 922 3107 Basilii
938 3052 1203 3122 episcopi
1221 3052 1513 3110 Caesarea?
1535 3051 1856 3124 Cappado-
1882 3064 1925 3118 ο
1970 3048 2336 3118 lioprtefecti
2350 3054 2510 3103 sunt.
2528 3048 2940 3118 Deindequasi
2952 3049 3196 3118 regulas
3221 3048 3514 3120 quasdam
3527 3063 3623 3105 as-

179 3142 310 3209 οἰκ,
334 3142 444 3212 qui
460 3140 1202 3212 vocantur,Asceticorum
1222 3143 1406 3199 libros
1418 3141 1727 3201 duos.Hoc
1748 3160 1854 3201 au-

183 3236 297 3286 tem
320 3231 632 3296 volumen,
685 3230 741 3286 si
792 3230 955 3301 quod
981 3232 1177 3303 aliud,
1208 3232 1359 3288 utile
1388 3238 1493 3288 est.
1523 3232 1856 3307 Postquam

188 3324 400 3377 autem
419 3318 694 3376 duorum
722 3318 942 3376 horum
965 3319 1261 3377 librorum
1286 3320 1625 3391 utilitatem,
1659 3323 1859 3381 suavi-

185 3414 397 3478 tatem,
431 3408 668 3480 stylum
690 3412 748 3465 et
774 3409 1271 3482 perspicuitatem
1302 3412 1776 3482 commendavit,
1794 3412 1860 3469 in

184 3498 383 3572 iisque
412 3496 715 3555 contineri
740 3497 975 3555 monuit
1002 3498 1205 3555 varias
1251 3501 1616 3573 quaestiones
1644 3504 1703 3558 et
1738 3516 1859 3558 res-

189 3588 695 3660 ponsiones,quaa
719 3602 751 3644 e
774 3602 948 3644 sacra
957 3587 1255 3661 scriptura
1276 3588 1616 3663 desumpta
1642 3594 1857 3659 essent,

190 3674 869 3751 fateturquzestionibus
879 3676 1246 3750 quibusdam
1257 3678 1621 3752 emphaseos
1633 3679 1864 3752 aliquid

192 3765 442 3838 aspergi
467 3782 484 3820 :
515 3763 628 3821 sed
644 3765 791 3837 quid
809 3765 1178 3838 emphaseos
1210 3767 1459 3824 nomine
1488 3767 1860 3840 intellexerit,

193 3869 263 3910 ex
281 3854 488 3928 ipsius
511 3852 721 3910 verbis
760 3855 1051 3925 cognosci
1069 3855 1173 3912 vix
1212 3859 1431 3929 potest.
1473 3859 1542 3913 Et
1584 3873 1663 3913 ne
1704 3857 1863 3930 quis,

188 3960 304 4017 pro
335 3941 539 4000 Basilii
564 3942 853 4000 Asceticis
884 3942 1118 4017 aliquid
1147 3943 1316 4001 aliud
1336 3961 1603 4018 sumens,
1619 3949 1862 4011 erraret,

191 4038 321 4089 tam
349 4031 644 4088 distincte
667 4032 934 4090 Ascelica
960 4032 1064 4089 illa
1095 4031 1409 4103 describit,
1432 4038 1495 4091 ut
1518 4049 1719 4104 nemo,
1751 4034 1868 4092 nisi

191 4123 357 4187 velit,
399 4137 611 4180 errare
637 4121 852 4195 possit.
895 4122 991 4180 Sic
1020 4138 1166 4195 ergo
1194 4124 1616 4198 persequitur:
1661 4125 1770 4178 οὐκ
1815 4124 1867 4178 ἐν

192 4222 303 4277 τοῖς
368 4211 505 4267 δυσὶ
558 4208 619 4266 de
671 4212 843 4285 λόγοις
885 4217 947 4266 τὸ
977 4212 1258 4287 ἐμφατικόν
1308 4212 1593 4291 ἐπιτρέχει.
1664 4216 1868 4270 Λύτικα

196 4304 225 4356 ὁ
263 4312 481 4378 πρῶτος
528 4298 685 4355 οὐδέν
740 4299 1065 4356 ἔπιδεικνυσι
1114 4322 1372 4372 τοιουτου,
1424 4304 1553 4363 πλὴν
1579 4303 1719 4369 ἅπαξ
1764 4325 1867 4359 που

1966 3135 2643 3208 ceticas,interrogando
2659 3151 2731 3193 ac
2750 3137 3161 3206 respondendo
3168 3138 3507 3207 prapositas
3525 3151 3626 3193 ex-

1964 3228 2156 3298 ponit,
2200 3241 2450 3283 numero
2483 3226 2922 3297 quinquaginta
2949 3226 3215 3297 quinque
3231 3243 3250 3302 ⁴ε
3288 3226 3625 3297 iterumque

1970 3318 2265 3375 breviores
2290 3316 2447 3373 alias
2475 3319 2774 3371 trecentas
2829 3314 3133 3372 tredecim.
3167 3317 3438 3372 Fortasse
3492 3315 3625 3370 haec

1968 3405 2155 3478 paulo
2166 3404 2444 3476 longiora
2458 3403 2766 3477 aliquibus
2776 3402 2963 3459 videri
2976 3408 3277 3475 poterunt:
3296 3403 3406 3460 sed
3432 3403 3517 3460 ita
3545 3402 3627 3460 ad

1969 3513 2098 3554 rem
2115 3496 2362 3560 faciunt,
2390 3500 2456 3552 ut
2479 3510 2549 3551 ea
2577 3494 3163 3565 integraexscribere
3189 3510 3314 3551 non
3343 3494 3624 3568 piguerit.

1971 3586 2222 3644 Manebo
2234 3585 2409 3657 quasi
2420 3584 2895 3657 prmteriens,me
2912 3584 3227 3657 suspicari.
3248 3600 3463 3641 vocem
3480 3586 3628 3637 πέντε

1971 3674 2295 3733 delendam
2347 3689 2480 3731 esse
2508 3673 2570 3729 in
2609 3673 2851 3729 Graecis.
2895 3672 3251 3745 Suspicandi
3279 3673 3409 3728 haec
3438 3688 3627 3729 causa

1973 3771 2084 3835 est,
2114 3765 2283 3839 quod
2306 3779 2380 3821 ea
2408 3779 2525 3820 vox
2546 3762 2791 3819 duobus
2820 3762 3060 3818 uncinis
3087 3761 3150 3818 in
3181 3761 3441 3833 vulgatis
3467 3777 3629 3819 com-

1972 3853 2386 3929 prehendatur
2415 3869 2428 3908 :
2461 3853 2566 3925 qui
2595 3850 2779 3907 incini
2804 3851 2942 3907 ideo
2973 3849 3256 3908 videntur
3301 3849 3510 3917 additi,
3562 3854 3629 3908 ut

1974 3947 2367 4001 monerentur
2395 3941 2500 4016 qui
2527 3940 2796 4012 legerent
2813 3956 3030 3997 nocem
3051 3942 3199 3993 πέντε
3235 3940 3297 3997 in
3326 3939 3629 3998 veteribus

1973 4034 2144 4092 libris
2173 4032 2404 4090 deesse.
2437 4034 2555 4089 Nec
2582 4031 2645 4087 id
2661 4031 2952 4104 cuiquam
2968 4031 3192 4087 mirum
3221 4029 3409 4087 videri
3426 4030 3628 4099 debet,

1975 4141 2119 4183 cum
2137 4123 2439 4197 hodieque
2455 4122 2518 4179 in
2537 4121 2805 4196 antiquis
2834 4120 3005 4177 libris
3023 4136 3148 4178 non
3177 4121 3339 4177 idem
3376 4119 3628 4177 omnino

1976 4214 2325 4288 regularum
2352 4227 2641 4271 numerus
2677 4211 2996 4269 adnotetur
3018 4229 3031 4266 :
3055 4210 3221 4282 quod
3232 4208 3374 4266 inde
3402 4207 3630 4266 factum

1979 4304 2368 4368 arbitramur,
2420 4301 2584 4375 quod
2632 4300 2860 4358 librarii
2910 4299 3364 4372 aliquando,aut
3406 4315 3480 4356 ex
3507 4314 3634 4357 una

199 4391 669 4467 τῇἆποςιωπήσει
718 4396 778 4445 τὸ
832 4390 1111 4467 δύσφημον
1159 4398 1461 4468 οἰκονομῶν.
1518 4400 1660 4449 Ἐπεὶ
1706 4417 1772 4449 τα
1811 4417 1856 4469 γε

1980 4395 2158 4463 duas,
2198 4396 2303 4451 aut
2321 4408 2395 4449 ex
2414 4392 2656 4448 duabus
2686 4406 2874 4447 unam
2890 4389 3217 4448 effecerint.
3248 4392 3365 4447 Nec
3393 4394 3634 4464 praeter-

204 4483 333 4535 iﬂa
384 4480 555 4544 πολὺς
759 4480 873 4535 ἐστι
918 4485 979 4535 τὸ
1009 4481 1253 4556 ἀσφαλὲς,
1283 4486 1396 4547 ἶσος
1428 4481 1486 4538 δὲ
1516 4489 1573 4538 τὸ
1620 4487 1868 4561 καθαρὸν,

207 4571 450 4626 ἀλλὰκαὶ
496 4573 563 4624 τὸ
593 4567 936 4647 ὠκρινές·διὰ
991 4577 1165 4646 μέντοι
1212 4582 1314 4626 τῶν
1353 4570 1452 4628 δύο
1506 4573 1649 4647 αὐτῳ
1698 4570 1871 4635 διήκει

1981 4484 2185 4543 eunda
2213 4481 2446 4540 silentio
2462 4497 2598 4554 quae
2628 4480 2704 4536 de
2748 4479 3034 4537 familiari
3062 4495 3175 4538 suo
3226 4480 3441 4538 Basilio
3485 4480 3632 4538 scri-

1981 4575 2103 4650 psit
2130 4571 2449 4645 Gregorius
2478 4569 2884 4628 Nasianzenus
2908 4570 3005 4643 (e).
3036 4570 3180 4642 Ejus
3210 4574 3415 4627 autem
3441 4569 3635 4627 verba

206 4666 269 4714 τὸ
311 4660 680 4735 ἁπλούστερον
717 4680 808 4713 και
861 4661 1285 4738 καθωμιλημένον
1328 4672 1430 4717 τῶν
1475 4683 1531 4717 τι
1566 4663 1745 4728 λέξεων
1783 4685 1874 4718 και
1983 4664 2127 4718 sunt
2181 4659 2332 4727 hac,
2406 4658 2836 4732 παρθενοκομίαι,
2914 4657 3219 4729 νομοθεσίαι
3283 4664 3555 4729 μοναστῶν
3576 4657 3634 4728 ἔγ

208 4759 307 4814 τῆς
347 4752 645 4818 συνθήκης,
675 4754 808 4824 πρὸς
839 4754 935 4809 τὴν
979 4759 1078 4802 τῶν
1102 4752 1304 4805 πολλῶν
1330 4751 1491 4813 ἀκοὴν
1523 4748 1558 4807 δ
1563 4756 1876 4828 ιατυπούμε-

210 4845 296 4893 τὸν
347 4859 407 4893 τι
464 4859 560 4893 και
608 4841 1024 4913 ταπεινούμενον,
1077 4860 1165 4894 και
1218 4847 1381 4916 μόνης
1428 4851 1524 4905 τῆς
1558 4852 1657 4896 τῶν
1681 4839 1868 4918 ἀκροα-

216 4939 317 4982 tu},
363 4934 636 5005 σωτηρίας
683 4933 1238 5003 καταποχαζόμενον.
1300 4932 1359 4984 Ὀ
1413 4932 1505 5005 μὲν
1556 4928 1645 4985 οὖν
1666 4941 1868 5008 πρῶτος

220 5019 358 5091 αὐτῷ
380 5018 539 5091 λόγος
568 5015 924 5095 διεξέρχεται,
955 5024 1037 5081 τίς
1077 5020 1106 5078 ἡ
1140 5020 1284 5073 αἰτία
1320 5041 1410 5074 και
1438 5020 1465 5073 ὁ
1495 5019 1737 5085 κίνδυνος
1774 5031 1869 5084 τῆς

222 5113 482 5172 τοσαύτης
534 5118 635 5162 τῶν
699 5108 1024 5168 Ἐκκλησιῶν
1096 5117 1189 5163 τοῦ
1268 5117 1425 5180 Θεοῦ,
1500 5131 1589 5164 και
1647 5109 1870 5165 ἕκαστον

224 5205 345 5273 πρὸς
389 5204 481 5254 τὸν
532 5201 706 5275 ἕτερον
756 5197 1046 5273 διαφωνιας
1074 5215 1132 5254 τε
1180 5203 1271 5255 καὶ
1306 5197 1660 5269 διαστάςιως.
1692 5204 1871 5256 Δεύτε-

291 5434 384 5509 (α)
564 5453 609 5494 x
636 5433 806 5494 Hist.
834 5429 1068 5509 ἧκα).
1109 5435 1233 5494 524.

290 5506 381 5581 (b)
416 5508 562 5568 Boll.
592 5509 642 5567 ιι
679 5509 851 5581 1am,
878 5522 942 5581 p.
971 5506 1096 5581 693.

292 5580 372 5654 (c)
406 5584 561 5657 Lege
581 5578 1108 5653 Codicem‘reguh,
1137 5592 1200 5653 p.
1226 5580 1316 5638 96.

1981 4753 2173 4825 γραφοί
2212 4767 2268 4801 τε
2307 4750 2397 4800 καί
2423 4748 2666 4821 ἄγραφοι,
2700 4745 2999 4817 virginum
3030 4745 3449 4803 curandarum
3502 4750 3631 4801 stu-

1977 4841 2164 4911 dium,
2208 4838 2679 4894 monasticarum
2710 4836 2910 4906 legum
2946 4836 3374 4903 institutiones,
3403 4835 3633 4904 partim

1976 4930 2222 5000 scripto,
2246 4926 2469 4997 partim
2482 4941 2621 4983 voce
2649 4925 2922 4983 traditae.
2949 4925 3196 4981 Possent
3223 4928 3282 4980 et
3309 4922 3501 4978 multa
3515 4921 3636 4979 alia

1978 5018 2237 5077 aliorum
2267 5015 2628 5088 scriptorum
2655 5013 3057 5072 recentiorum
3108 5011 3451 5070 testimonia
3513 5011 3635 5068 huc

1979 5106 2270 5180 congeri:
2330 5103 2459 5170 sed,
2500 5120 2578 5162 ne
2621 5102 2860 5177 longior
2912 5102 3136 5174 videar,
3198 5099 3633 5172 supersedebo.

1979 5197 2200 5256 Credas
2229 5210 2378 5254 sane
2405 5198 2543 5268 post
2565 5198 2653 5253 tot
2680 5192 3045 5263 testimonia,
3098 5189 3449 5264 opinionem
3472 5207 3635 5251 eam.

2061 5428 2157 5578 (ὅ)
2174 5424 2513 5564 Οίξρεὲὸειω,
2552 5442 2695 5507 pag.
2725 5429 2852 5491 493.

2086 5504 2148 5579 ε)”
2174 5507 2275 5575 Or,
2299 5504 2372 5560 20
