4058 6192
151 199 205 252 69
1399 211 1404 214 '
1675 202 2058 262 PREFATIO.
3502 215 3574 268 70

145 320 931 395 quamlongiorummnum
949 325 1631 384 eteumdemauctorem
1647 341 1809 383 esse:
1851 330 1897 383 A
1925 330 2058 402 Ego
2083 334 2244 391 enim
2293 335 2420 392 vidi
2462 335 2704 402 multos,
2747 336 2854 406 qui
2901 335 3063 391 vitiis
3111 335 3448 404 mancipati
3483 350 3574 392 re-

144 411 196 465 in
222 412 455 482 quinta,
494 417 798 486 utrasque
826 415 1086 485 Regulus
1117 420 1172 472 et
1193 416 1659 472 COnstitutiones
1687 431 1814 472 mo-

144 501 396 555 nasticas
414 501 528 556 uni
556 506 620 557 et
645 502 854 559 eidem
880 505 1109 561 auctori
1132 505 1310 561 tribui
1330 521 1454 562 non
1474 505 1728 562 debere:
1752 506 1813 562 in

145 596 330 656 sexta,
354 606 492 647 sane
513 595 580 647 et
598 608 748 648 vere
764 592 1062 663 judicare,
1081 595 1184 668 qui
1207 595 1486 652 Basilium
1505 600 1815 652 auctorem

147 679 361 735 faciunt
379 687 800 755 utrarumque
813 683 1178 753 Regularum
1194 704 1206 740 :
1222 683 1284 740 in
1295 686 1573 758 septima,
1590 687 1817 741 Consti-

141 771 390 825 tutiones
401 772 804 830 monasticas
819 776 933 829 Eus
944 774 1126 831 tathio
1139 775 1467 831 Sebasteno
1479 775 1555 832 ad
1557 775 1577 846 j
1587 774 1816 832 udicari

143 875 343 932 posse:
392 861 459 915 in
495 865 756 932 octava,
798 864 1078 935 Epitimia
1112 864 1175 920 in
1210 864 1429 936 spuriis
1469 864 1613 936 poni
1638 879 1818 936 opor-

152 953 287 1004 tere:
332 950 398 1005 in
432 965 640 1017 nona,
677 951 836 1009 duas
879 952 1463 1024 lucubratiunculas,
1508 970 1663 1026 quas
1707 969 1817 1024 pro

149 1041 296 1094 novis
337 1040 774 1097 Combeﬁsius
821 1041 1179 1114 divulgavit,
1228 1044 1449 1116 dignas
1494 1059 1618 1101 non
1662 1058 1816 1110 esse,

149 1143 262 1198 qua
289 1128 460 1184 inter
491 1130 707 1186 Basilii
738 1146 928 1204 opera
959 1137 1370 1190 numerentur.

146 1239 278 1303 ιιι.
320 1238 496 1294 Pars
548 1241 780 1309 prima,
813 1241 892 1297 de
927 1243 1175 1311 praeviis
1216 1241 1409 1298 tribus
1454 1243 1818 1300 tractatibus

841 1331 1131 1387 asceticis.

205 1437 295 1490 29.
336 1433 566 1491 Praevii
607 1433 674 1492 hi
699 1439 822 1492 tres
856 1441 1164 1506 tractatus,
1215 1438 1321 1511 qui
1361 1438 1515 1495 inter
1563 1441 1820 1496 ascetica

146 1529 567 1595 recensentur,
598 1525 666 1582 in
691 1526 978 1583 omnibus
997 1525 1182 1598 libris,
1205 1532 1331 1585 tam
1353 1528 1611 1599 vulgatis
1631 1545 1818 1602 quam

149 1614 469 1681 veteribus,
489 1629 732 1671 nomen
751 1614 950 1672 Basilii
963 1616 1307 1689 praeferunt.
1320 1617 1529 1683 Iidem,
1542 1619 1656 1674 nisi
1671 1619 1819 1674 forte

153 1703 483 1760 Scultetum
516 1705 816 1778 excipias,
850 1721 886 1762 a
909 1705 1173 1775 nemine,
1200 1706 1369 1780 quod
1407 1708 1618 1776 sciam,
1645 1723 1818 1764 revo-

152 1799 360 1849 cantur
386 1794 453 1849 in
494 1792 786 1850 dubium.
828 1795 1255 1864 Combeﬁsius,
1305 1797 1410 1870 qui
1455 1797 1820 1870 caateroquin

152 1885 445 1955 optimam
475 1884 899 1940 Asceticorum
929 1890 1164 1957 partem
1195 1899 1305 1958 pro
1337 1886 1556 1959 spuriis
1587 1885 1820 1954 habuit,

153 1977 354 2027 tamen
383 1977 442 2027 et
469 1972 613 2044 ipse
640 1987 889 2046 quoque
911 1975 1277 2046 prreviarum
1298 1973 1520 2031 harum
1545 1974 1826 2031 lucubra-

153 2063 382 2118 tionum
416 2063 712 2119 Basilium
746 2068 1058 2120 auctorem
1097 2064 1292 2121 facere
1331 2079 1456 2121 non
1499 2064 1821 2122 dubitavit-

155 2153 383 2207 Primus
423 2157 643 2208 autem
691 2157 986 2210 tractatus
1030 2153 1113 2209 sic
1165 2153 1528 2210 inscribitur.
1582 2156 1826 2212 Praevia

158 2243 452 2299 institutio
477 2244 748 2300 ascetica
773 2261 786 2299 :
831 2244 1156 2317 secundus,
1186 2245 1395 2301 Sermo
1424 2247 1737 2313 asceticus,
1770 2252 1825 2303 et

158 2334 504 2388 exhortatio
531 2333 610 2390 de
638 2334 1100 2390 renuntiatione
1128 2335 1360 2396 saeculi,
1409 2341 1464 2390 et
1494 2335 1567 2391 de
1591 2335 1826 2405 perfec-

159 2421 308 2477 tione
333 2423 666 2491 spirituali
689 2441 702 2477 :
751 2423 979 2491 tertius,
1011 2426 1217 2480 Sermo
1249 2423 1322 2481 de
1362 2425 1621 2481 ascetica
1655 2424 1829 2480 disci-

154 2513 345 2579 plina,
361 2514 672 2585 quomodo
689 2513 1055 2571 monachum
1071 2517 1590 2584 ornarioporteat.
1615 2514 1754 2585 Legi
1771 2520 1828 2572 et

157 2601 332 2672 relegi
349 2603 465 2658 has
482 2600 1076 2671 lucubratiunculas,
1100 2604 1161 2660 in
1173 2603 1400 2676 quibus
1413 2603 1563 2660 nihil
1575 2605 1826 2661 omnino

156 2691 368 2755 inveni,
395 2691 572 2764 quod
599 2690 924 2762 indignum
947 2698 1102 2748 esset
1115 2697 1321 2749 nostro
1349 2692 1585 2750 Basilio.
1611 2694 1825 2750 Omnia

151 2783 288 2836 satis
311 2779 804 2838 accommodata
837 2786 978 2837 sunt
1009 2781 1088 2838 ad
1109 2783 1240 2853 ejus
1280 2781 1527 2855 stylum,
1574 2782 1653 2838 ad
1693 2783 1825 2854 ejus

147 2870 452 2925 scribendi
485 2870 814 2938 rationem,
843 2871 922 2927 ad
950 2871 1080 2942 ejus
1109 2870 1399 2929 indolem.
1432 2869 1546 2928 Etsi
1571 2871 1732 2928 enim
1762 2873 1827 2928 hi

145 2956 324 3014 libelli
350 2958 715 3032 eloquentia
746 2958 1058 3016 inferiores
1089 2964 1231 3016 sunt
1261 2961 1644 3032 panegyricis
1671 2961 1826 3017 Basi-

146 3047 203 3102 lii
223 3013 642 3118 orationibus,
664 3051 772 3104 aut
786 3049 1058 3119 ejusdem
1077 3013 1313 3120 generis
1334 3013 1598 3122 scriptis:
1619 3055 1822 3106 tamen
1865 3027 1905 3083 (ἶ
1936 3023 2255 3086 verterem,
2281 3023 2334 3117 ξε
2350 3015 2441 3122 ,ίξά

153 3135 197 3190 si
224 3136 370 3208 quis
399 3149 513 3193 eos
542 3140 769 3193 attente
797 3136 982 3209 legat,
1011 3140 1235 3206 statim,
1263 3138 1502 3211 opinor,
1524 3140 1698 3211 periti
1719 3139 1828 3195 ali-

153 3225 326 3296 cujus
350 3225 638 3297 magistri
657 3240 914 3282 manum
937 3232 1245 3297 agnoscet.
1267 3231 1417 3285 Nam
1439 3228 1589 3284 nihil
1613 3229 1674 3284 in
1700 3243 1830 3285 ver-

153 3315 265 3386 bis,
287 3314 445 3372 nihil
484 3315 548 3372 in
579 3315 913 3387 sententiis,
961 3316 1109 3372 nihil
1147 3317 1209 3372 in
1246 3317 1637 3390 periodorum
1683 3333 1829 3374 con-

155 3407 487 3462 structione
502 3405 828 3470 invenitur,
843 3404 1010 3478 quod
1025 3406 1335 3465 hominem
1363 3407 1663 3464 scribendi
1686 3406 1833 3480 peri-

156 3493 466 3551 tissimum
488 3494 805 3553 dedeceat.
825 3498 1114 3553 Praeterea
1131 3511 1204 3552 ex
1223 3497 1445 3554 harum
1463 3497 1831 3554 lucubratio-

160 3593 308 3637 num
324 3583 600 3640 lectione
630 3587 885 3652 constat,
919 3587 1232 3640 auctorem
1256 3599 1465 3642 sacras
1494 3586 1830 3658 Scripturas

164 3674 220 3728 et
262 3675 498 3746 optime
546 3671 856 3742 calluisse,
896 3678 954 3730 et
1003 3675 1314 3748 aptissime
1361 3675 1621 3732 citas-se:
1674 3691 1831 3750 quas

160 3760 332 3818 dotes
361 3761 840 3836 quodammodo
871 3763 1067 3820 Basilii
1115 3764 1394 3838 proprias
1438 3781 1568 3821 esse
1614 3772 1829 3824 notum

163 3855 272 3908 est.
311 3855 454 3908 Haec
484 3852 565 3908 de
597 3849 713 3908 illis
741 3851 935 3908 tribus
973 3854 1292 3926 opusculis
1341 3855 1623 3912 universe
1669 3857 1832 3914 dicta

159 3941 276 3996 sint
303 3959 316 3996 :
350 3953 526 3998 nunc
557 3940 635 3997 de
661 3941 933 3998 secundo
960 3941 1264 4015 peculiare
1288 3943 1589 4017 quiddam
1621 3945 1679 4002 in
1709 3961 1830 4002 me-

159 4029 329 4087 dium
346 4030 689 4103 proferam.
711 4031 1125 4089 Animadverti
1152 4033 1334 4103 igitur
1349 4033 1606 4091 verbum
1633 4035 1735 4094 πλη
1742 4055 1830 4112 ρο-

162 4123 439 4194 φορείσθω
488 4119 674 4176 bisin
712 4137 806 4189 eo,
836 4137 1022 4195 quem
1070 4122 1257 4179 modo
1301 4122 1445 4192 dixi,
1497 4123 1701 4182 libello
1747 4125 1832 4183 ita

160 4210 475 4283 usurpari,
495 4213 565 4266 ut
579 4210 1042 4283 persuasionem
1058 4209 1394 4285 quamdam
1409 4212 1722 4285 signiﬁcet.
1746 4217 1832 4273 Ita

165 4300 324 4355 enim
352 4313 488 4356 uno
513 4299 652 4355 loco
679 4300 974 4373 scriptum
1005 4306 1094 4358 est
1138 4303 1198 4374 (t.
1239 4301 1309 4370 ll,
1349 4318 1410 4375 p.
1436 4304 1587 4376 204),
1649 4304 1831 4357 Ἠνίκα

169 4384 224 4440 δι
249 4397 349 4440 tu}:
388 4393 700 4462 προσόντων
740 4406 824 4442 σοι
869 4393 1188 4464 πραγμάτων
1237 4397 1360 4465 ποιῇ
1409 4397 1503 4450 τὴν
1558 4392 1826 4461 ἀπόθεσιν,

169 4477 250 4529 in
276 4477 500 4550 ἀκαμπή
514 4499 562 4546 ς,
592 4481 914 4552 προπέμπειν
941 4479 1074 4532 αύτὰ
1102 4481 1174 4542 εἰς
1205 4480 1450 4555 οὐρανοὺς
1475 4480 1832 4557 πληροφορού-

169 4587 330 4637 μῦς,
367 4569 489 4624 Ubi
516 4583 658 4624 vero
687 4583 784 4626 res
813 4583 947 4642 qua,
973 4570 1054 4627 ad
1079 4576 1133 4628 te
1156 4572 1464 4641 pertinent
1495 4572 1832 4644 derelique-

169 4658 271 4722 νὺ,
303 4664 432 4713 esto
452 4657 813 4727 inﬂexibilis
843 4665 896 4716 et
924 4666 1224 4732 constans,
1256 4668 1535 4734 certoque
1556 4664 1710 4719 scias
1736 4675 1836 4719 eas

163 4749 549 4816 promittere
572 4752 630 4803 te
675 4748 737 4804 in
768 4750 1009 4806 cretum.
1052 4751 1116 4806 In
1163 4749 1352 4807 altero
1398 4753 1478 4824 (p.
1522 4754 1674 4823 207),
1718 4751 1836 4808 hoc

169 4838 375 4904 modo,
430 4839 566 4890 αύτό
609 4845 766 4891 τοῦτο
809 4836 1098 4893 σκάνδαλον
1147 4835 1273 4893 εἶναι
1329 4841 1833 4917 πληροφορούμενος,

173 4928 416 4983 omnino
444 4927 560 4984 tibi
591 4930 960 4998 persuadeas
997 4931 1257 5000 idipsum
1296 4932 1651 4989 scandalum
1691 4947 1833 4989 esse.

175 5016 420 5071 Basilius
451 5021 661 5072 autem
687 5017 806 5073 hoc
838 5017 1002 5074 idem
1032 5019 1286 5076 verbum
1315 5021 1432 5078 hoc
1470 5021 1603 5094 ipso
1653 5035 1837 5076 sensu

177 5119 330 5177 sape
369 5111 633 5177 usurpat
660 5106 765 5177 (a).
810 5107 940 5163 Imo
988 5108 1170 5165 etiam
1220 5127 1361 5166 cum
1414 5109 1545 5166 haec
1587 5109 1723 5181 lego
1772 5109 1834 5166 in

177 5195 388 5251 eodem
442 5196 550 5251 illo
602 5195 904 5268 opusculo
963 5201 1045 5269 (p.
1089 5201 1243 5271 208).
1297 5199 1524 5262 Πολλούς
1577 5203 1676 5275 γὰρ
1735 5199 1834 5271 ἐγὼ

181 5287 360 5337 πάθεσι
416 5289 779 5360 κρατηθέντας
835 5283 975 5339 εἶδον
1029 5286 1079 5340 ἐν
1147 5291 1291 5363 {quia
1357 5293 1674 5364 γενομένους,
1750 5291 1837 5344 ἕνα

189 5369 238 5423 ἴε
280 5377 332 5426 ἐκ
375 5380 581 5429 πάντων
625 5376 978 5450 λαθροφάγον,
1025 5378 1054 5437 ἣ
1103 5384 1494 5455 γαστρίμαργον
1535 5380 1628 5435 οὐκ
1673 5376 1836 5438 εἶδον.

279 5523 326 5556 ³⁵
362 5523 533 5582 Prov.
561 5539 731 5594 xxxx,
763 5526 820 5580 6.

279 5646 357 5720 (a)
392 5650 530 5725 Leg.
565 5665 635 5710 n.
670 5651 769 5707 38.

1924 421 2170 478 dierunt
2199 424 2282 479 ad
2311 424 2632 480 sanitatem
2657 439 2680 480 .'
2709 424 2813 479 sed
2841 437 2917 479 ea:
2944 422 3218 478 omnibus
3267 437 3342 477 ne
3385 438 3573 478 unum

1925 512 2184 581 quidem,
2209 514 2314 584 qui
2340 514 2574 569 occulte
2602 513 3023 579 manducaret,
3057 516 3162 567 aut
3199 512 3446 581 gulosus
3491 527 3574 568 es-

1922 607 2028 666 set,
2057 602 2435 659 emendatum
2463 602 2606 668 vidi,
2641 600 2921 656 Basilium
2949 600 3158 656 audire
3178 599 3325 656 mihi
3347 599 3574 657 videor.

1925 691 1992 744 Et
2020 705 2161 746 vero
2190 691 2294 763 qui
2330 690 2614 748 Basilium
2659 688 2756 744 vel
2785 688 3176 760 primoribus,
3226 692 3291 744 ut
3335 689 3572 757 dicitur,

1924 776 2109 834 labris
2134 780 2472 851 attigerunt,
2503 777 2694 850 probe
2721 777 2937 843 sciunt,
2965 777 3026 832 id
3057 793 3129 832 ex
3161 777 3291 847 ejus
3321 793 3575 833 consue-

1926 868 2131 924 tudine
2159 868 2388 924 dictum
2416 883 2571 924 esse:
2597 867 2771 937 cujus
2795 866 2880 922 rei
2901 865 3179 937 exempla
3202 865 3424 937 aliquot
3446 882 3578 937 pro~

1928 957 2078 1013 ferre
2102 956 2367 1014 alienum
2387 973 2511 1012 non
2533 955 2851 1012 videbitur.
2878 955 3060 1024 Igitur
3081 953 3386 1026 psalmum
3409 971 3577 1013 sexa-

1929 1046 2228 1116 gesimum
2261 1046 2525 1117 primum
2557 1045 2958 1115 interpretans
2992 1041 3262 1110 Basilius,
3314 1042 3398 1096 sic
3436 1043 3578 1098 scri-

1926 1136 2014 1193 bit
2041 1139 2104 1207 (t.
2137 1140 2178 1205 Ι,
2212 1153 2270 1208 p.
2304 1138 2423 1206 196)
2449 1153 2462 1190 :
2496 1132 2650 1188 Εἶδον
2683 1135 2887 1208 ἰατρούς
2915 1133 3013 1204 ἐγὼ
3036 1139 3104 1205 μὴ
3129 1137 3376 1206 πρότερον
3399 1129 3578 1185 διδόν-

1928 1248 2019 1289 τας
2049 1230 2115 1279 re
2145 1231 2379 1299 σωτήρια
2410 1228 2675 1298 φάρμακα,
2708 1227 2830 1297 πρὶν
2880 1222 3077 1296 ἐμέτοις
3125 1220 3449 1274 ἁποκενῶσαι
3484 1226 3576 1279 τὴν

1928 1321 2198 1372 νοσοποιὸν
2229 1317 2376 1386 ὕλην,
2411 1315 2471 1374 ἣν
2497 1315 2551 1367 ἐκ
2577 1321 2803 1388 πονηρᾶς
2828 1310 3033 1374 διαίτης
3056 1313 3257 1374 ἑαυτοῖς
3281 1314 3329 1363 οἱ
3353 1311 3578 1364 ἀκόλασ-

1928 1427 2008 1460 τοι
2039 1408 2358 1463 ἔναπέθεντο.
2405 1407 2534 1460 Vidi
2563 1420 2669 1474 ego
2698 1404 2976 1470 medicos,
3005 1403 3110 1474 qui
3138 1418 3258 1456 non
3288 1403 3456 1471 prius
3480 1417 3577 1458 sa-

1932 1500 2161 1554 lutaria
2199 1498 2634 1554 medicamenta
2667 1493 3009 1562 tradebant,
3049 1506 3230 1564 quam
3266 1492 3578 1548 materiam

1927 1587 2262 1644 morbidum
2288 1601 2397 1655 per
2425 1585 2711 1641 vomitum
2742 1587 3153 1648 evacuassent,
3173 1595 3353 1652 quam
3374 1581 3581 1636 intem-

1859 1697 1900 1757 Β
1925 1684 2206 1747 parantes
2242 1677 2342 1732 illi
2376 1691 2454 1732 ex
2482 1674 2643 1730 malo
2673 1674 2838 1728 victu
2866 1671 2982 1726 sibi
3012 1674 3398 1739 pepererant.
3455 1667 3581 1724 Alio

1930 1768 2063 1824 loco
2125 1767 2210 1822 sic
2259 1766 2531 1839 loquitur
2566 1767 2632 1835 (t.
2687 1767 2753 1825 ll,
2819 1761 2883 1817 in
2925 1761 3054 1815 Jul.
3105 1760 3318 1828 Mart,
3369 1774 3430 1815 n.
3484 1759 3578 1828 1i):

1933 1862 2034 1910 Καί
2071 1875 2195 1909 ποτε
2234 1852 2372 1908 εἶδον
2421 1853 2520 1925 ἐγὼ
2569 1852 2697 1925 βοῦν
2750 1851 2835 1902 ἐπὶ
2885 1851 3079 1921 φάτνης
3130 1844 3443 1921 δακρύοντα,
3491 1852 3583 1898 τοῦ

1934 1951 2188 2018 συννόμου
2219 1944 2360 2014 «ore.
2388 1946 2478 1994 καὶ
2518 1942 2778 2013 ὁμοζύγου
2817 1937 3240 1996 τελευτήσαντος.
3286 1933 3583 2006 Equidem

1933 2052 2039 2107 ego
2059 2037 2186 2104 ipse
2213 2034 2340 2090 vidi
2369 2031 2703 2102 aliquando
2728 2028 2926 2084 bovem
2954 2028 3017 2082 in
3045 2025 3305 2095 praesepi
3333 2026 3586 2094 illacry-

1933 2131 2216 2188 mantem,
2245 2128 2456 2192 pastus
2483 2136 2555 2177 ac
2565 2120 2710 2190 jugi
2726 2118 2883 2174 socio
2909 2121 3099 2172 morte
3126 2113 3242 2171 sibi
3252 2119 3582 2183 praerepto.

1935 2219 2159 2272 Rursus
2189 2213 2248 2268 in
2275 2213 2389 2267 hac
2418 2211 2553 2282 ipsa
2589 2223 2776 2280 quam
2813 2222 2958 2262 mox
2983 2203 3158 2261 citavi
3197 2202 3470 2258 oratione
3501 2201 3586 2257 sic

1937 2303 2174 2376 scripsit
2204 2299 2397 2371 (ibid.,
2425 2315 2488 2354 n.
2522 2298 2610 2368 9):
2660 2292 2796 2352 Ἤδη
2853 2291 2913 2346 δέ
2965 2313 3108 2354 τινας
3159 2288 3296 2346 εἷὸον
3335 2298 3432 2342 τῶν
3472 2289 3586 2361 φιλ-

1935 2390 2158 2460 ηδόνων,
2215 2388 2288 2443 δι’
2339 2386 2624 2462 ὑπερϐολὴν
2673 2382 3001 2444 ἡδυπαθείας
3051 2381 3136 2434 ἐπὶ
3193 2383 3448 2454 προφάσει
3491 2387 3585 2440 τῆς

1935 2482 2101 2543 λύπης
2148 2484 2278 2553 πρὸς
2330 2475 2621 2552 κραιπάλην
2660 2478 2749 2525 καὶ
2808 2475 2967 2545 μέθην
3016 2471 3436 2545 ἐκτρεπομένους,
3495 2472 3585 2518 καὶ

1934 2577 1993 2626 τὸ
2025 2571 2242 2646 ἆκρατὶς
2270 2568 2437 2620 αὐτῶν
2469 2566 2523 2617 ἐκ
2552 2573 2650 2617 τῶν
2679 2570 2771 2615 τοῦ
2797 2561 3118 2633 Σολομῶντος
3149 2560 3311 2631 λόγων
3339 2576 3554 2632 παραμυ
3575 2587 3588 2598 ο

1938 2644 2138 2717 θείσθαι
2174 2662 2539 2733 πειρωμένους,
2587 2655 2842 2725 λέγοντος,
2894 2656 3016 2703 Δότε
3071 2649 3202 2702 οἶνον
3244 2657 3353 2710 τοῖς
3401 2647 3450 2699 ἐν
3501 2644 3588 2697 λύ-

1935 2772 2079 2814 παις.
2123 2751 2258 2806 Νοη
2306 2749 2392 2803 ita
2435 2744 2660 2801 dudum
2698 2741 2823 2798 vidi
2863 2739 3150 2811 quosdam
3195 2736 3585 2807 voluptarios,

1935 2844 2042 2914 qui
2065 2838 2378 2897 immodico
2409 2833 2746 2902 vuluptatis
2785 2844 2990 2887 amore
3024 2827 3288 2898 pellecti,
3322 2841 3433 2895 per
3459 2838 3586 2894 spe-

1934 2935 2080 2990 ciem
2111 2925 2486 2999 ea'pellendce
2517 2922 2784 2978 tristitite
2814 2919 2896 2976 ad
2933 2918 3254 2988 crapulam
3292 2929 3415 2970 sese
3453 2929 3589 2969 con-

2703 3016 2854 3079 tem;
2902 3021 3192 3078 suamque
3221 3009 3590 3061 conarentur

1936 3123 2228 3170 excusare
2274 3101 2804 3172 intemperantiam
2850 3097 3046 3154 verbis
3084 3093 3452 3162 Salomonis,
3485 3093 3596 3163 qui

1936 3204 2043 3271 ait,
2067 3222 2097 3250 ‹‹
2119 3201 2275 3256 Date
2295 3195 2498 3253 vinum
2519 3193 2592 3248 iis
2613 3190 2719 3263 qui
2737 3189 2800 3244 in
2819 3187 3068 3243 tristitia
3089 3189 3228 3240 sunt
3243 3185 3314 3238 ³⁵.
3330 3203 3358 3233 ››
3383 3185 3589 3238 Exem-

1936 3291 2129 3365 plum,
2160 3285 2329 3360 quod
2363 3300 2503 3340 mox
2532 3280 2858 3355 proferam,
2914 3291 2950 3332 a
3001 3272 3417 3365 superioribus
3465 3287 3590 3328 non

1937 3363 2197 3438 multum
2258 3373 2514 3433 abludit.
2563 3374 2662 3426 Est
2707 3371 2911 3425 autem
2955 3363 3260 3436 ejusmodi
3309 3364 3474 3433 (tom.
3521 3365 3587 3433 II,

1937 3473 2104 3529 hom.
2133 3468 2196 3524 in
2214 3467 2358 3533 div.,
2380 3480 2442 3536 p.
2467 3466 2586 3533 54):
2622 3455 2762 3512 Οἶδα
2780 3451 3003 3516 πολλοὺς
3025 3455 3389 3523 νηστεύοντας,
3429 3470 3592 3525 προσ-

1939 3563 2275 3634 ευχομένους,
2308 3556 2670 3614 στενάζοντας,
2691 3554 2865 3600 πᾶσαν
2895 3549 2988 3603 τὴν
3020 3540 3285 3596 ἀδάπανον
3325 3540 3590 3593 εὐλάϐειαν

1938 3650 2377 3721 ἐνδεικνυμένους,
2437 3641 2614 3694 ὀϐολὸν
2682 3635 2740 3690 δὲ
2810 3637 2896 3688 ἕνα
2964 3637 3035 3706 μὴ
3095 3635 3426 3706 προϊεμένους
3480 3637 3589 3692 τοῖς

1941 3741 2275 3812 θλιϐομένοις.
2299 3731 2466 3790 Novi
2497 3744 2618 3785 non
2639 3738 2869 3797 paucos
2899 3724 3272 3820 jejunantes,
3322 3723 3586 3820 orantes,

1937 3828 2407 3902 ingemiscentes.
2429 3820 2713 3891 pietatem
2759 3827 3010 3879 omnem,
3026 3825 3162 3882 qua:
3181 3823 3309 3865 sine
3325 3821 3593 3902 impensa

1938 3899 2209 3981 exerceri
2230 3918 2443 3986 potest,
2467 3908 2825 3972 excolentes,
2875 3908 2939 3960 at
2985 3917 3060 3958 ne
3114 3915 3301 3956 unum
3349 3899 3592 3970 quidem

1938 4014 2175 4072 obolum
2212 4005 2412 4078 egenis
2450 4002 2787 4072 offerentes.
2819 3992 3050 4051 Possim
3078 3991 3142 4047 in
3169 3989 3440 4046 medium
3481 3987 3592 4044 ad-

1940 4105 2160 4162 ducere
2191 4101 2250 4155 et
2269 4095 2390 4153 alia
2416 4091 2575 4156 loca,
2601 4086 2829 4162 quibus
2857 4083 3159 4144 constaret
3198 4094 3358 4147 eam,
3401 4092 3592 4150 quam

1940 4193 2083 4264 dixi,
2115 4183 2407 4261 loquendi
2426 4178 2752 4240 formulam
2784 4173 2996 4264 Basilio
3022 4166 3594 4264 perquamtamilia:

1940 4255 2082 4340 rem,
2107 4255 2312 4343 fuisse,
2343 4272 2474 4341 sed,
2501 4285 2579 4328 ne
2609 4266 2860 4325 taedium
2900 4261 3200 4328 aﬁ‘errem,
3239 4257 3427 4314 nolui.
3477 4255 3595 4313 Sed

1942 4380 2168 4442 tamen,
2200 4368 2250 4423 si
2278 4364 2415 4437 quis
2445 4356 2746 4431 ejusmodi
2767 4350 3058 4423 exemplis
3087 4348 3594 4442 delecta—uirium-

1941 4463 2100 4521 nebo
2128 4435 2342 4516 eodem
2372 4447 2614 4508 dicendi
2643 4458 2859 4516 genere
2910 4455 3094 4496 usum
3123 4453 3260 4494 esse
3309 4435 3596 4493 Basilium

1939 4555 2002 4611 in
2027 4566 2100 4609 ea
2128 4545 2422 4607 oratione,
2451 4553 2642 4612 quam
2680 4530 3100 4592 sanctissimus
3130 4531 3300 4584 Pater
3336 4527 3400 4582 in
3446 4526 3596 4582 divi-

1940 4647 2030 4700 tes
2051 4637 2266 4696 habuit
2297 4634 2466 4706 (tom.
2498 4630 2564 4694 ll,
2594 4639 2732 4698 pag.
2768 4622 2856 4692 63)
2886 4637 2898 4675 :
2940 4620 3086 4675 item
3113 4617 3230 4688 legi
3279 4619 3480 4689 potest
3525 4631 3599 4706 ea

1942 4730 2158 4796 oratio,
2184 4704 2322 4799 quae
2349 4715 2721 4785 inscribitur,
2767 4711 3039 4768 Homilia
3063 4707 3486 4799 exhortatoria
3515 4704 3599 4762 ad

1941 4794 2226 4880 sanctum
2251 4810 2546 4881 baptisma
2571 4811 2740 4866 (tom.
2774 4804 2841 4868 ll,
2867 4814 3009 4872 pag.
3057 4799 3201 4866 1'20).
3253 4794 3417 4850 Libet
3444 4808 3597 4865 quo.

1943 4928 2061 4987 que
2083 4902 2314 4978 aliquid
2334 4901 2409 4956 de
2430 4895 2602 4987 tertia
2619 4886 3151 4987 lucubratiuncula.
3167 4883 3472 4987 sigillatim
3494 4881 3600 4987 ad-

1943 4971 2102 5060 dere.
2122 4971 2200 5052 In'
2219 5008 2291 5050 ea
2318 4988 2500 5060 igitur
2524 4985 2608 5041 ita
2635 4979 2928 5051 scriptum
2955 4973 3297 5032 invenimus
3325 4975 3496 5037 (tom.
3525 4971 3596 5038 It,

1941 5087 2199 5166 p.212):
2258 5084 2383 5154 Περὶ
2433 5076 2637 5146 Πατρός
2692 5072 2780 5120 καὶ
2834 5068 2958 5118 Tim}
3007 5067 3095 5114 καὶ
3158 5062 3303 5132 ἁγίου
3365 5059 3597 5166 Πνεύμξι-

1943 5142 2429 5253 ξέςημὴισυζητῖείν,
2475 5142 2606 5216 ἀλλὰ
2643 5160 2889 5211 οἱκτιστον
2933 5156 3022 5203 καὶ
3069 5149 3342 5221 ὁμοούσιον
3390 5142 3600 5219 Τριάδα

1944 5240 2075 5346 μετα
2130 5263 2429 5340 παρῥησίας
2473 5253 2634 5324 λέγειν
2684 5249 2773 5298 καὶ
2825 5246 3042 5317 φρονεῖν,
3103 5240 3192 5287 καὶ
3249 5242 3359 5297 τοῖς
3411 5240 3600 5308 ἐπερω-

2495 5341 2514 5346 -
2642 5340 2684 5346 ..-
2759 5336 2780 5346 Α
2920 5326 2943 5346 \\
2971 5334 2992 5345 «ι
3094 5327 3105 5338 ⁸
3224 5342 3253 5346 ἓ
3306 5343 3317 5346 -
3337 5323 3373 5346 ῙἿ
3406 5324 3472 5346 In-
3532 5343 3557 5346 ,κ
3584 5345 3593 5346 κ

1944 5323 2076 5417 ζέω
2124 5323 2305 5428 nisi»,
2347 5349 2427 5401 ὅτι
2483 5336 2841 5416 βαπτίζεσθαι
2908 5326 3010 5401 δεῖ,
3079 5327 3149 5391 ὡς
3217 5323 3594 5404 παρελάϐομεν·
