4058 6192
480 213 510 263 7
521 213 545 262 l
1999 201 2385 260 PREFATIO.
3832 201 3904 254 72

477 334 738 384 πιστεύειν
771 329 850 400 δὲ,
885 333 953 393 ὡς
987 328 1406 402 βεϐαπτίσμεθαο
1451 325 1690 391 δοξάζειν
1721 326 1804 395 δὲ,
1849 329 1917 391 ὡς
1954 348 2125 382 πεπισ·

2247 326 2508 384 editione
2532 322 2851 383 Parisiensi
2893 325 3162 380 mutatus
3193 322 3286 378 sit.
3327 320 3572 379 Photius
3595 321 3758 378 enim
3781 324 3903 378 tra-

479 425 745 494 τεύκαμεν.
777 424 866 478 De
889 422 1078 476 Patre
1107 426 1161 476 et
1190 420 1350 474 Filio
1393 424 1448 474 et
1477 419 1717 487 Spiritu
1754 424 1962 476 sancto
2015 434 2137 475 non

481 516 712 580 oportet
743 511 1099 580 disceptare,
1139 509 1243 564 sed
1289 507 1640 563 Trinitatem
1698 509 2033 564 increatam
2083 513 2136 562 et

479 603 1048 657 consubstantialem
1082 599 1266 654 libere
1290 599 1567 666 proﬁteri
1597 603 1653 653 et
1674 600 1914 666 sentire,
1958 604 2140 668 atque

471 692 997 760 percontatoribus
1022 689 1252 744 dicere:
1289 689 1535 756 Oportet
1563 703 1670 743 nos
1695 688 2001 757 baptizari
2025 689 2134 752 ita,

479 788 544 836 ut
567 782 860 837 traditum
881 779 1250 847 accepimus;
1279 778 1521 833 credere
1541 783 1738 834 autem
1759 779 1914 833 sicut
1944 777 2137 847 bapti-

477 872 600 925 zati
616 881 851 939 sumus;
871 867 1220 937 gloriﬁcare
1239 881 1397 928 vero,
1416 867 1919 938 quemadmodum
1942 867 2140 924 credi-

477 960 691 1014 dimus.
719 960 992 1022 Quaeram
1009 955 1236 1026 jam,in
1263 970 1444 1027 quem
1467 955 1598 1010 haec
1619 954 1896 1010 doctrina
1917 954 2135 1010 melius

477 1048 816 1116 conveniat,
839 1062 1026 1118 quam
1048 1046 1108 1101 in
1133 1045 1416 1100 Basilium
1439 1047 1743 1113 Magnum,
1767 1044 1874 1116 qui
1893 1044 2135 1100 Trinita-

477 1139 598 1192 tem
620 1133 1198 1191 consubstantialem
1219 1149 1349 1188 esse
1373 1148 1610 1204 semper
1623 1132 2135 1188 etcrediditetdo-

477 1225 615 1280 cuit.
641 1227 1049 1293 Praetereaque
1078 1221 1333 1276 Basilius
1357 1221 1562 1276 statim
1582 1221 1644 1275 in
1675 1221 1792 1277 alio
1814 1221 2017 1277 libello
2038 1237 2134 1279 as-

475 1313 664 1369 cetico
682 1317 844 1372 (tom.
870 1314 937 1380 ll,
966 1325 1107 1382 pag.
1127 1311 1255 1380 228)
1280 1325 1406 1364 non
1434 1308 1604 1364 aliter
1623 1308 1864 1365 locutus
1887 1314 1994 1378 est,
2020 1309 2136 1365 nisi

474 1402 642 1476 quod
662 1399 1156 1472 compendiosius
1178 1398 1436 1470 scripsit,
1456 1399 1571 1454 hoc
1597 1398 1806 1463 modo,
1839 1399 1975 1452 ούτω
2017 1419 2136 1474 φρο,

473 1500 674 1564 Way”,
700 1494 786 1541 καὶ
803 1489 936 1540 οὕτω
956 1485 1278 1560 βαπτίζομεν
1291 1487 1360 1549 εἰς
1373 1485 1580 1562 Τριάδα
1593 1489 1890 1560 ὁμοούσιον,
1909 1491 1994 1544 sic
2010 1504 2136 1545 sen-

477 1583 676 1646 timus,
705 1579 904 1649 sicque
938 1578 1311 1646 baptizamus
1332 1577 1394 1631 in
1417 1578 1716 1633 Trinitate
1750 1577 2136 1633 consubstan-

2247 417 2484 472 diderat
2511 415 2668 471 duos
2698 414 2811 470 hos
2850 412 3086 470 libellos
3115 427 3229 468 sua
3255 414 3427 468 aetate
3464 410 3547 467 ita
3577 410 3904 483 dispositos

2249 505 2454 568 fuisse,
2496 509 2558 560 ut
2587 503 2822 559 libellus
2854 505 2940 558 De
2972 502 3211 571 judicio
3248 502 3362 558 Dei
3389 499 3778 573 praecederet,
3811 517 3903 556 se-

2246 601 2531 668 queretur
2557 610 2699 650 vero
2730 593 2969 650 libellus
2998 593 3085 649 De
3109 593 3263 664 ﬁde;
3306 608 3445 648 cum
3483 596 3689 648 tamen
3715 591 3778 646 in
3807 606 3901 656 ea,

2245 701 2432 757 quam
2475 685 2620 754 dixi,
2654 684 2915 740 editione
2952 687 3240 739 tractatus
3279 683 3367 737 De
3417 682 3538 750 ﬁde
3576 680 3903 754 praecedat,

2248 778 2533 830 tractatus
2567 789 2704 830 vero
2737 776 2825 830 De
2852 773 3090 843 judicio
3119 772 3243 828 'Dei
3279 770 3712 843 subsequatur.
3763 771 3905 841 Ejus

2245 868 2446 919 autem
2476 864 2561 919 rei
2589 879 2836 919 causam
2867 878 2991 918 non
3021 861 3207 917 aliam
3237 875 3373 916 esse
3397 863 3566 932 puto,
3598 859 3716 915 nisi
3735 860 3905 932 quod

2245 953 2614 1025 typographi
2646 951 2813 1008 aliud
2843 951 3201 1021 cogitantes,
3230 965 3440 1004 verum
3479 953 3537 1005 et
3581 949 3901 1021 antiquum

2245 1041 2520 1097 ordinem
2544 1042 2780 1097 incaute
2797 1040 3216 1113 permutarint.
3242 1041 3392 1094 Nam
3413 1043 3475 1093 ut
3497 1037 3685 1094 Photii
3707 1042 3904 1108 aetate,

2242 1129 2327 1186 ita
2364 1130 2670 1202 hodieque
2695 1135 2752 1186 et
2782 1130 2841 1185 in
2879 1131 3098 1186 Veneta
3127 1128 3388 1184 editione
3417 1132 3475 1183 et
3503 1126 3566 1182 in
3597 1127 3905 1183 veteribus

2242 1218 2411 1274 libris
2433 1219 2668 1291 primus
2697 1224 2785 1275 est
2811 1218 3044 1275 libellus
3065 1220 3153 1275 De
3170 1218 3408 1287 judicio
3437 1217 3568 1283 Dei,
3593 1217 3903 1273 secundus

2243 1325 2387 1366 vero
2408 1310 2644 1366 libellus
2673 1312 2761 1366 De
2801 1311 2940 1379 ﬁde.
2975 1309 3117 1375 Quis
3147 1313 3351 1364 autem
3382 1308 3601 1364 horum
3639 1324 3906 1380 opuscu-

2242 1398 2441 1455 lorum
2463 1405 2671 1456 auctor
2698 1401 2788 1470 sit,
2813 1399 2987 1455 facile
3006 1398 3323 1470 judicabit,
3350 1397 3457 1470 qui
3485 1413 3557 1453 ea
3585 1396 3906 1468 diligenter

2241 1486 2438 1558 legere
2485 1488 2664 1545 volet.
2697 1492 2933 1551 Auctor,
2979 1487 3322 1559 quicunque
3364 1485 3463 1542 ille
3505 1485 3634 1553 fuit,
3679 1485 3784 1558 qui
3829 1500 3906 1542 ea

2243 1577 2621 1649 conscripsit,
2649 1593 2855 1633 sacras
2881 1576 3106 1632 litteras
3137 1581 3264 1632 tam
3292 1575 3441 1631 Novi
3467 1590 3656 1647 quam
3679 1574 3905 1630 Veteris

475 1670 629 1725 tiali.
653 1672 723 1722 At
747 1671 904 1722 certe
935 1682 1004 1722 ex
1032 1666 1125 1721 his
1155 1670 1318 1720 certo
1357 1665 1556 1734 colligi
1603 1670 1820 1738 potest,
1864 1682 1988 1722 non
2029 1683 2133 1722 au-
2173 1679 2212 1732 Β
2241 1667 2603 1722 Testamenti
2618 1667 2844 1738 optime
2857 1669 3128 1733 noverat,
3153 1663 3662 1737 eisqueindustrie
3682 1663 3901 1721 utitur:

474 1758 771 1814 diendum
796 1771 926 1810 esse
968 1753 1318 1821 Scultetum,
1349 1754 1455 1826 qui
1480 1755 1738 1810 ascetica
1770 1755 1982 1810 omnia
2024 1757 2134 1810 Eu-

471 1844 691 1901 stathio
713 1842 1014 1914 ascripsit.
1036 1845 1184 1897 Nam
1199 1841 1480 1897 credibile
1491 1857 1616 1897 non
1633 1847 1721 1897 est
1735 1842 2132 1915 Eustathium,

472 1933 576 2005 qui
597 1931 1163 1988 Macedonianorum
1183 1929 1360 2001 quasi
1385 1929 1817 1999 antesignanus
1839 1935 1986 2000 erat,
2002 1929 2133 1985 bre-

471 2038 576 2077 ves
603 2021 755 2088 illas,
781 2035 939 2092 quas
983 2017 1178 2088 retuli,
1210 2018 1353 2074 ﬁdei
1382 2018 1792 2090 professiones
1821 2018 2122 2074 emisisse.

470 2111 702 2167 Etenim
721 2113 953 2166 tantum
974 2108 1205 2173 aberat,
1223 2111 1289 2162 ut
1305 2107 1718 2163 Macedoniani
1735 2107 2132 2164 consubstan-

469 2200 671 2256 tialem
693 2198 958 2255 dicerent
981 2197 1264 2268 Spiritum
1289 2201 1588 2266 sanctum,
1615 2202 1681 2252 ut
1702 2197 1884 2253 etiam
1905 2197 1968 2252 in
1990 2213 2130 2253 eum

468 2289 656 2345 verba
674 2287 864 2360 impia
883 2289 1251 2342 evomerent.
1296 2285 1394 2341 Hic
1434 2289 1636 2340 autem
1677 2286 1867 2356 quaeri
1907 2290 2126 2357 potest,
2169 2313 2172 2316 ~

468 2383 674 2434 utrum
697 2377 930 2448 scriptae
954 2375 1173 2431 fuerint
1194 2375 1287 2430 hae
1309 2373 1869 2444 lucubratiunculas,
1893 2391 1970 2431 an
1992 2390 2127 2447 pro-

469 2469 780 2524 nuntiatee.
814 2469 962 2521 Nam
989 2463 1302 2535 utriusque
1331 2463 1567 2533 generis
1602 2463 1873 2519 instituta
1908 2479 2126 2520 mona-

468 2557 596 2613 chis
616 2556 936 2613 tradidisse
959 2554 1266 2621 Basilium,
1304 2553 1580 2625 superius
1611 2569 1685 2608 ex
1707 2554 1988 2622 Gregorio
2018 2557 2128 2610 Na-

463 2648 747 2703 zianzeno
773 2645 1136 2702 audivimus.
1157 2647 1277 2714 Ego
1299 2654 1499 2700 autem
1521 2644 1802 2700 recitatas
1824 2642 2014 2699 fuisse
2036 2658 2127 2699 ar-

465 2737 677 2802 bitror,
700 2751 812 2791 nec
833 2735 1022 2804 aliter,
1045 2733 1164 2789 nisi
1195 2732 1368 2789 valde
1392 2733 1587 2800 fallor,
1606 2732 1994 2803 judicabunt,
2022 2749 2126 2806 qui

465 2826 633 2898 ipsas
652 2824 836 2896 paulo
859 2823 1141 2879 attentius
1156 2821 1429 2892 legerint.
1455 2823 1655 2893 Neque
1675 2837 1818 2878 vero
1839 2821 2127 2877 monachi

467 2915 582 2971 soli
630 2915 723 2970 his
770 2911 1293 2968 exhortationibus
1345 2911 1619 2980 aderant,
1679 2910 1788 2966 sed
1844 2911 2126 2967 mulieres

465 3009 649 3062 etiam
681 3004 918 3076 aliquas
938 3003 1281 3058 interfuisse
1293 3001 2122 3076 probabilissimumvidetur.

466 3096 635 3161 Quod
665 3095 830 3150 enim
861 3091 1112 3149 Basilius
1138 3092 1220 3148 ait
1247 3092 1309 3147 in
1333 3093 1533 3163 prima
1569 3091 2120 3159 lucubratiuncula,

465 3188 796 3243 orationem
820 3200 934 3239 non
955 3184 1035 3239 ad
1053 3184 1207 3238 solos
1222 3183 1378 3238 viros
1391 3189 1683 3250 spectare,
1699 3197 1830 3238 cum
1845 3183 2124 3238 mulieres

465 3282 519 3332 et
539 3277 686 3344 ipsce
697 3287 929 3346 quoque
944 3272 1111 3342 apud
1123 3271 1432 3329 Christum
1446 3272 1728 3338 militent,
1743 3271 1804 3326 id
1821 3270 1900 3327 ad
1917 3270 2126 3326 mulie-

463 3380 559 3420 res
581 3361 902 3436 quasdam,
927 3377 1062 3433 quae
1095 3360 1398 3427 adessent,
1424 3360 1626 3415 referri
1656 3375 1837 3432 posse
1881 3374 2120 3415 censeo.

461 3456 588 3508 imo
617 3450 882 3507 dubitari
898 3450 996 3505 vix
1017 3454 1233 3522 potest,
1255 3447 1402 3521 quin
1415 3447 1700 3504 adessent
1713 3463 1958 3520 quoque
1973 3462 2125 3506 non-

461 3541 631 3606 nulli,
653 3541 760 3612 qui
779 3539 1166 3596 matrimonio
1184 3540 1606 3610 jungerentur,
1620 3553 1760 3592 cum
1774 3538 1834 3592 in
1853 3535 2123 3593 secundo

461 3631 759 3705 opusculo
789 3631 872 3688 ita
898 3631 1188 3702 scriptum
1230 3629 1304 3684 sit
1329 3629 1412 3692 (n.
1445 3632 1499 3696 2,
1532 3643 1593 3700 p.
1636 3631 1789 3698 203):
1832 3632 1915 3685 Μὴ
1949 3632 2121 3679 τοίνυν

460 3720 742 3795 ἀναπέσῃς,
777 3717 816 3770 ὦ
843 3721 1013 3788 οὗτος,
1055 3721 1080 3770 ὁ
1119 3723 1246 3793 πρὸς
1294 3722 1562 3770 κοινωνίαν
1611 3722 1854 3790 γυναικὸς
1897 3737 2123 3792 προτρη-

460 3815 628 3884 μένος,
653 3813 722 3872 ὡς
762 3810 842 3862 ἐπ’
882 3809 1122 3871 ἐξουσίας
1167 3812 1306 3880 ἔχων
1344 3812 1431 3860 τὸν
1479 3814 1678 3882 κόσμον
1725 3807 2115 3883 περιϐαλέσθαι·

457 3901 702 3954 πλειόνων
754 3903 846 3972 κάρ
897 3919 980 3952 σοι
1017 3905 1185 3952 πόνων
1229 3904 1318 3950 καὶ
1365 3898 1596 3970 φυλακῆς
1636 3905 1798 3974 χρεία
1840 3902 1968 3972 πρὸς
2023 3903 2117 3955 τὴν

458 4001 552 4054 τῆς
584 3996 846 4065 σωτηρίας
878 3989 1182 4060 ἐπιτυχίαν.
1221 3990 1310 4046 Ne
1349 3991 1542 4059 igitur
1565 3991 1727 4046 deses
1757 3991 2029 4056 exsistas,
2082 4001 2115 4042 ο

459 4088 524 4138 tu
553 4083 659 4153 qui
683 4081 914 4151 elegisti
945 4081 1156 4135 uxoris
1193 4079 1550 4143 societatem,
1593 4081 1769 4150 quasi
1820 4079 2114 4135 mundum

458 4173 744 4242 amplecti
794 4186 972 4240 penes
1024 4176 1078 4226 te
1123 4171 1234 4225 sit:
1283 4183 1426 4225 nam
1475 4169 1760 4238 pluribus
1807 4168 2112 4226 laboribus

2242 1760 2370 1810 erat
2396 1754 2618 1822 linguae
2651 1758 2868 1811 Graecae
2897 1754 3330 1827 peritissimus:
3373 1754 3435 1809 in
3465 1753 3598 1824 ejus
3626 1753 3902 1808 oratione

2240 1844 2421 1900 enitet
2450 1844 2716 1915 ubertas,
2741 1845 3022 1910 varietas,
3046 1844 3254 1916 copia:
3279 1845 3340 1898 in
3362 1841 3638 1899 doctrina
3656 1858 3904 1899 morum

2239 1937 2367 1990 erat
2393 1950 2657 1998 severus,
2692 1935 2796 1989 sed
2825 1934 2908 1990 sic
2937 1937 3164 2001 tamen,
3192 1937 3257 1988 ut
3287 1931 3587 2002 Evangelii
3617 1931 3903 1987 severita-

2238 2028 2360 2079 tem
2389 2039 2515 2079 non
2552 2023 2892 2079 excederet:
2939 2022 3086 2078 nihil
3114 2021 3373 2094 denique
3403 2021 3558 2076 inest
3598 2036 3794 2093 neque
3833 2020 3905 2075 in

2238 2111 2458 2179 verbis,
2483 2129 2679 2184 neque
2700 2111 2762 2167 in
2785 2112 3117 2183 sententiis,
3142 2111 3312 2184 quod
3333 2111 3654 2181 indignum
3678 2109 3906 2167 sitviro

2237 2207 2295 2256 et
2317 2201 2495 2257 docto
2513 2207 2569 2257 et
2585 2201 2808 2274 probo:
2837 2218 2974 2274 quae
2999 2202 3208 2257 omnia
3229 2217 3341 2258 nos
3362 2200 3692 2267 adducunt,
3708 2203 3771 2254 ut
3791 2201 3906 2254 Ba-

2237 2289 2436 2346 siliuni
2460 2291 2676 2346 horum
2701 2290 3044 2347 libellorum
3065 2306 3275 2346 verum
3296 2294 3610 2363 parentem
3626 2304 3757 2354 esse
3773 2303 3905 2343 cre-

2236 2380 2473 2435 damus.
2501 2379 2741 2435 Accedit
2764 2382 2966 2446 etiam,
2990 2379 3157 2452 quod
3184 2380 3245 2435 in
3271 2379 3365 2435 his
3395 2377 3705 2452 opusculis
3727 2377 3902 2433 inve-

2235 2468 2478 2524 niantur
2495 2469 2782 2540 quaedam
2809 2468 3048 2524 dicendi
3071 2467 3368 2537 formulae,
3391 2467 3611 2540 quibus
3638 2466 3901 2522 Basilius

2235 2556 2295 2612 in
2323 2557 2453 2612 aliis
2474 2557 2597 2612 suis
2617 2557 2902 2628 operibus
2916 2557 3171 2614 libenter
3194 2557 3396 2612 utitur.
3421 2555 3688 2628 Exempli
3709 2572 3904 2612 causa

2234 2644 2316 2701 ita
2335 2645 2549 2716 legitur
2569 2645 2630 2702 in
2650 2645 2850 2703 libello
2883 2648 2967 2703 De
2979 2646 3218 2716 judicio
3239 2648 3350 2702 Dei
3368 2651 3528 2718 (pag.
3560 2646 3725 2716 214):
3760 2644 3900 2716 Ἐγὼ

2237 2731 2295 2786 δὲ
2313 2731 2452 2786 εἶδόν
2477 2755 2601 2787 ποτε
2629 2740 2718 2788 καὶ
2749 2735 3008 2809 μελισσῶν
3033 2734 3231 2797 πλῆθος
3259 2740 3398 2807 νόμῳ
3432 2738 3629 2806 φύσεως
3660 2753 3898 2808 στρατη-

2233 2827 2498 2895 γούμενον,
2531 2828 2618 2876 καὶ
2645 2824 3058 2877 κατακολουθοῦν
3090 2825 3346 2884 εὐτάκτως
3377 2820 3496 2895 ἰδίῳ
3529 2821 3756 2895 βασιλεῖ’
3788 2827 3897 2876 Καὶ

2164 2946 2203 3002 C
2232 2911 2401 2964 πολλά
2417 2916 2506 2985 μὲν
2537 2913 2635 2986 ἐγὼ
2668 2923 2886 2966 τοιαῦτα
2903 2911 2985 2966 εἷδ
2988 2934 3061 2980 ον,
3092 2913 3255 2966 πολλὰ
3279 2909 3336 2965 δὲ
3368 2916 3589 2972 ἤκουσα.
3633 2912 3767 2967 Vidi
3783 2927 3900 2967 au-

2234 3009 2346 3058 tem
2380 3005 2712 3074 aliquando
2734 3021 2838 3074 ego
2857 3006 2980 3074 ipse
2999 3020 3181 3074 apum
3199 3009 3461 3060 turmam
3487 3003 3612 3072 lege
3626 3002 3896 3073 quadam

2234 3094 2514 3149 naturali
2537 3095 2916 3162 conductam,
2963 3109 3492 3165 suumqueregem
3531 3097 3767 3149 servato
3794 3107 3903 3147 or-

2233 3182 2372 3238 dine
2399 3189 2758 3254 sequentem.
2807 3183 2887 3239 Et
2918 3184 3115 3240 multa
3137 3183 3374 3254 quidem
3405 3183 3558 3239 talia
3597 3197 3701 3252 ego
3754 3197 3904 3237 con-

2232 3272 2420 3342 spexi,
2450 3273 2764 3344 multaque
2783 3273 3026 3328 audivi:
3047 3288 3168 3345 quo
3199 3269 3439 3328 dicendi
3461 3286 3675 3343 genere
3694 3269 3755 3325 in
3774 3270 3903 3342 pri-

2231 3359 2347 3414 mis
2388 3359 2748 3416 delectatum
2793 3360 2974 3416 fuisse
3014 3360 3300 3416 Basilium
3335 3358 3650 3416 manifeste
3687 3361 3898 3414 osten-

2231 3449 2382 3506 dunt
2408 3467 2478 3507 ea
2498 3467 2634 3522 quae
2657 3450 2969 3523 aliquanto
2990 3456 3129 3507 ante
3148 3449 3460 3506 retulimus
3483 3448 3758 3521 exempla
3781 3448 3896 3520 (b).

2233 3539 2342 3596 Ubi
2371 3541 2566 3598 notari
2585 3545 2799 3613 potest,
2833 3541 3183 3613 scriptorem
3213 3539 3558 3596 testimonia
3577 3539 3782 3611 aliqua
3805 3537 3898 3596 ita

2230 3645 2262 3685 e
2292 3629 2609 3702 Scripturis
2642 3629 2930 3702 proferre,
2955 3633 3024 3685 'ut
3063 3629 3364 3685 interdum
3395 3628 3475 3685 ad
3513 3626 3896 3684 movendum

2227 3717 2510 3776 lectorem
2531 3719 2817 3776 adverbia
2833 3718 3119 3792 quaedam
3137 3718 3234 3790 adj
3245 3723 3448 3789 ungat.
3472 3716 3604 3781 Sed,
3620 3731 3740 3789 quo
3761 3731 3895 3772 me-

2226 3809 2343 3866 lius
2385 3810 2515 3866 haac
2543 3809 2967 3880 intelligantur,
3011 3808 3350 3865 audiendus
3373 3813 3462 3864 est
3490 3812 3700 3864 auctor
3726 3806 3890 3879 ipse.

2227 3899 2314 3954 Ita
2341 3898 2520 3970 igitur
2545 3897 2814 3970 loquitur
2832 3897 3035 3954 libello
3056 3897 3378 3967 Dejudicio
3398 3898 3510 3954 Dei
3529 3898 3692 3968 (pag.
3719 3900 3847 3963 216)
3867 3913 3887 3948 :

2224 3987 2417 4048 Ἀπλῆς
2449 3984 2507 4039 δὲ
2540 3983 2772 4049 διανοίας
2820 3990 2950 4060 μετὰ
2999 3985 3300 4061 παῤῥησίας
3353 3987 3529 4053 εἰπεῖν,
3580 3988 3660 4038 ὄτι
3703 3992 3900 4058 κρατεῖ

2225 4076 2332 4128 ἐκεῖ
2359 4080 2445 4128 καὶ
2484 4073 2752 4149 βασιλεύει
2784 4081 2843 4128 τὸ
2891 4085 2986 4138 τῆς
3042 4080 3235 4149 σαρκὸς
3281 4081 3536 4150 φρόνημα,
3597 4078 3729 4128 κατὰ
3783 4080 3890 4134 τὴν

2222 4173 2314 4217 τοῦ
2369 4165 2690 4218 Ἀποστόλου
2748 4171 2937 4238 φωνὴν,
3006 4165 3239 4238 λέγοντος
3287 4168 3376 4238 μὲν
3453 4168 3746 4240 ὁριστικῶς,
3797 4166 3890 4218 ὅτι

455 4269 511 4318 et
537 4262 812 4319 custodia
841 4266 1074 4331 majore
1103 4260 1216 4316 tibi
1241 4274 1390 4328 opus
1420 4264 1506 4315 est
1537 4259 1620 4315 ad
1649 4259 2111 4317 obtinenendam

2233 4259 2289 4328 ᾮ.
2335 4257 2678 4328 παριστάνετε
2738 4255 2951 4317 ἑαυτοὺς
3007 4252 3226 4316 δούλους
3292 4254 3362 4316 εἰς
3429 4256 3686 4327 ὑπακοὴν)
3748 4249 3887 4305 δοῦ-

458 4351 737 4406 salutem.

455 4443 483 4508 §
511 4443 595 4496 XI.
629 4443 784 4496 Pars
807 4439 1093 4504 secunda,
1122 4439 1194 4496 de
1223 4444 1470 4496 auctore
1494 4438 1837 4497 libellorum
1861 4443 1940 4496 De
1954 4439 2113 4511 judi-

527 4529 620 4584 cio
655 4528 755 4584 Dei
785 4535 839 4585 et
866 4531 946 4584 De
993 4528 1137 4596 ﬁde,
1185 4529 1442 4600 itemque
1489 4529 1562 4585 de
1608 4529 1917 4586 Moralium
1963 4531 2111 4587 scri-

518 4624 719 4688 ptore.

526 4711 612 4763 30.
648 4707 851 4763 Praevii
879 4707 963 4762 illi
992 4711 1306 4777 tractatus,
1339 4707 1414 4763 de
1443 4707 1669 4781 quibus
1699 4723 1862 4763 nunc
1901 4707 2111 4781 dispu-

453 4797 738 4865 tavimus,
780 4797 1020 4869 proprie
1050 4796 1128 4853 ad
1156 4797 1423 4854 Ascetica
1463 4813 1588 4853 non
1617 4797 1950 4870 pertinent:
2003 4798 2109 4854 sed

453 4887 608 4943 duos
651 4885 910 4952 libellos,
957 4901 1220 4957 quorum
1270 4886 1332 4940 in
1390 4902 1514 4942 uno
1569 4885 1979 4941 disserebatur
2023 4887 2110 4942 De

443 4975 680 5045 judicio
709 4976 838 5043 Dei,
878 4974 939 5030 in
971 4973 1156 5030 altero
1201 4975 1288 5029 De
1321 4975 1460 5043 ﬁde,
1511 4973 1590 5030 ad
1637 4989 1709 5030 ea
1748 4974 2109 5047 pertinuisse

451 5065 627 5121 docet
641 5063 1145 5136 locupletissimus
1160 5067 1370 5120 auctor
1388 5062 1633 5120 Photius
1646 5064 1752 5135 (a).
1774 5063 1888 5119 Sed
1908 5063 2110 5119 nescio

451 5153 762 5224 quomodo
791 5153 1062 5224 contigit,
1089 5155 1157 5210 ut
1175 5153 1397 5209 horum
1422 5155 1793 5209 tractatuum
1843 5152 1995 5209 ordo
2046 5153 2110 5210 in

560 5331 608 5366 ³⁸
648 5331 818 5388 Rom.
851 5347 934 5403 vi,
969 5334 1056 5390 16.

557 5510 642 5585 (a)
678 5510 821 5570 Cod.
849 5527 968 5583 χιχ,
1001 5523 1144 5583 pag.
1175 5513 1304 5572 403.

2541 4345 2567 4361 τ’

2219 4345 2302 4398 λοί
2359 4346 2475 4397 ἐστε
2623 4347 2927 4414 ὑπακούετε,
2991 4340 3278 4407 διεξιόντος
3335 4353 3512 4416 σαφῶς
3564 4351 3654 4397 τοῦ
3707 4346 3890 4396 τοιού-

2219 4456 2311 4489 του
2342 4442 2660 4512 φρονὴματος
2709 4438 2776 4488 τὰ
2831 4433 3185 4507 ἰδιώματα....
3241 4431 3588 4496 διδάσκοντος
3649 4431 3708 4486 δὲ
3763 4433 3888 4506 οἶμοι

2218 4525 2578 4598 ἁποφαντικῶς
2617 4530 2761 4578 τότε
2813 4523 3044 4597 χαλεπὸν
3091 4524 3259 4577 αὐτῶν
3297 4533 3391 4587 τῆς
3454 4523 3730 4588 ἐκϐάσεως,
3783 4529 3882 4576 καὶ

2218 4622 2275 4669 τὸ
2305 4616 2646 4675 ἀκοινώνητον
2696 4619 2826 4688 πρὸς
2870 4611 3178 4671 θεοσέϐειαν.
3229 4616 3349 4672 Sed
3390 4616 3642 4686 ingenui
3683 4614 3889 4671 animi

2215 4706 2402 4776 fuerit
2431 4707 2692 4775 ﬁdenter
2728 4705 3065 4776 afﬁrmare,
3117 4706 3248 4762 illic
3291 4706 3598 4762 dominari
3646 4719 3718 4761 ac
3783 4719 3880 4760 re-

2215 4812 2406 4867 gnare
2428 4797 2632 4852 carnis
2671 4795 2972 4866 affectum,
3005 4797 3195 4864 juxta
3241 4795 3399 4852 hanc
3453 4794 3734 4864 Apostoli
3777 4808 3883 4848 vo-

2217 4901 2361 4955 cem,
2393 4885 2499 4956 qui
2521 4887 2607 4940 ait
2635 4885 2871 4955 quidem
2902 4884 3073 4940 modo
3101 4886 3451 4954 decretorio,
3507 4906 3534 4934 «
3570 4884 3688 4940 Cui
3706 4881 3883 4938 exhi~

2219 4975 2363 5030 betis
2392 4991 2492 5030 vos
2525 4990 2724 5031 servos
2755 4975 2836 5032 ad
2883 4975 3297 5042 obediendum,
3337 4975 3496 5030 servi
3533 4975 3667 5029 estis
3718 4974 3877 5042 ejus,

2217 5065 2314 5121 cui
2341 5063 2680 5136 obeditis“,
2708 5088 2736 5115 ››
2787 5067 3046 5122 recenset
3087 5079 3224 5120 vero
3257 5064 3576 5134 perspicue
3622 5062 3885 5130 hujusce

2217 5154 2468 5223 affectus
2489 5156 2989 5226 proprietates....
3022 5153 3314 5225 simulque
3342 5153 3556 5209 horum
3588 5151 3879 5208 vitiorum

2318 5513 2392 5594 (ὁ)
2437 5511 2590 5593 Lege
2617 5536 2681 5581 n.
2713 5513 2803 5580 29.
