4058 6192
197 290 259 372 7'3
1498 317 1506 321 '
1730 318 2108 378 PREFATIO.
3548 351 3619 403 74

192 441 417 495 avitum
462 452 725 508 gravem
773 451 914 506 esse,
967 437 1239 509 nihilque
1283 438 1424 508 ipsis
1462 453 1595 494 cum
1636 440 1860 540 pietate
1887 447 1932 498 A
1965 443 2373 540 Tillemontius
2400 450 2504 521 (b),
2530 451 2782 511 ﬁdenter
2799 460 3226 534 pronuntiavit,
3250 464 3365 522 tale
3389 466 3620 540 aliquid

189 541 509 584 commune
534 541 668 582 esse
685 531 1102 582 asseveranter
1122 528 1308 582 docet.
1342 526 1561 583 Eodem
1583 529 1856 599 pertinet,

186 615 342 689 quod
375 615 700 687 scripturn
729 615 1032 671 invenitur
1067 614 1128 671 in
1158 619 1409 672 tractatu
1441 618 1524 672 De
1548 617 1668 685 ﬁde
1697 617 1855 690 (pag.

185 709 335 770 225):
397 708 511 756 Καὶ
555 711 656 755 τοῦ
701 703 1019 756 Ἀποστὸλου
1059 703 1108 755 ἐν
1156 701 1504 777 ὑποδείγματι
1555 704 1858 780 ἀνθρωπίνῳ

184 793 550 869 σφοδρότερον
579 794 1001 869 ἀπαγορεύοντος
1029 798 1085 846 τὸ
1107 797 1426 870 προσθεῖναι,
1455 796 1484 854 ἡ
1519 796 1712 868 ὑφελεῖν
1737 818 1789 849 τι
1811 796 1857 849 ἐν

179 893 290 946 ταῖς
320 887 716 945 aegrae-seem;
743 890 990 958 Γραφαῖς.
1025 885 1290 956 Cumque
1317 887 1660 954 Apostolus,
1700 903 1858 942 sum-

179 982 274 1046 pto
298 990 380 1030 ex
421 975 793 1030 hominibus
837 975 1131 1043 exmplo,
1177 975 1491 1045 quidpiam
1525 975 1589 1030 in
1635 975 1858 1033 divinis

177 1065 537 1133 Scripturis
568 1063 819 1135 addere,
846 1068 953 1119 aut
982 1063 1211 1120 demere
1241 1063 1642 1120 vehementius
1685 1072 1855 1132 vetet,

179 1158 394 1210 Notata
435 1169 709 1226 quoque
744 1153 994 1223 dignam
1038 1169 1250 1210 censeo
1278 1153 1442 1210 illam
1461 1156 1859 1225 genitivorum

181 1235 394 1299 seriém
435 1242 673 1311 (ibid.),
720 1242 960 1314 λέγοντος
1001 1245 1115 1314 μὲν.
1137 1285 1150 1297 .
1173 1286 1186 1298 .
1209 1286 1221 1298 .
1244 1285 1257 1298 .
1307 1240 1586 1307 διεξιόντος
1620 1242 1704 1301 δὲ.
1728 1289 1740 1303 .
1764 1290 1776 1303 .
1800 1289 1812 1302 .
1835 1289 1848 1303 .

183 1329 572 1394 διδάσκοντος,
632 1328 830 1387 δέ..“..
893 1333 1004 1384 εἶτα
1052 1333 1209 1384 αὐτοῦ
1247 1341 1338 1385 τοῦ
1381 1343 1686 1406 μονογενοῦς
1735 1336 1858 1388 Υἰοῦ

182 1433 265 1476 τοῦ
294 1432 440 1477 Θεοῦ
505 1431 604 1474 τοῦ
651 1428 847 1497 Κυρίου
898 1428 989 1474 καὶ
1028 1431 1157 1475 Θεοῦ
1200 1427 1343 1496 ἡμῶν
1401 1425 1574 1482 Ἰησοῦ
1623 1434 1856 1501 Χριστοῦ

186 1511 434 1583 μέθης·
483 1528 632 1583 qua:
670 1511 895 1567 idcirco
939 1516 1143 1568 notata
1175 1511 1354 1582 volui,
1395 1513 1561 1586 quod
1607 1515 1856 1571 Basilius

183 1602 258 1657 ita
287 1603 350 1657 in
384 1601 522 1656 suis
556 1599 844 1656 Asceticis
873 1599 1040 1673 loqui
1063 1600 1267 1657 soleat.
1311 1605 1458 1658 Nam
1490 1619 1636 1658 usus
1669 1609 1725 1661 et
1748 1604 1854 1661 ho-

1967 533 2095 590 sine
2126 535 2246 593 ulla
2275 542 2682 599 controversia
2720 559 2918 619 neque
2948 549 3026 605 ab
3057 533 3388 623 Eustathio,
3419 572 3618 631 neque

1967 621 2048 678 ab
2079 623 2198 681 ullo
2229 626 2345 684 alio
2385 631 2815 690 Macedoniano
2853 640 3157 696 conscribi
3201 659 3471 716 unquam
3514 663 3620 720 po-

1969 711 2168 768 tuisse.
2204 717 2270 771 Et
2297 733 2440 773 vero
2469 733 2610 776 cum
2649 723 3059 783 Macedoniani
3102 711 3321 802 aperte
3347 734 3622 793 divinita-

1967 804 2087 855 tem
2113 803 2363 874 Spiritus
2405 809 2595 864 sancti
2625 817 2934 884 negarent,
2964 815 3093 871 ﬁeri
3123 834 3244 874 non
3285 827 3520 893 poterat
3557 830 3624 882 ut

1967 889 2319 949 Trinitatem
2350 897 3078 961 consubstantialem-esse
3109 889 3548 978 proﬁterentur.

2039 983 2126 1035 3t.
2161 982 2333 1046 Quod
2359 984 2642 1056 diximus,
2681 988 2914 1046 libellos
2941 993 3030 1049 De
3048 997 3285 1064 judicio
3319 1001 3432 1057 Dei
3456 1007 3513 1058 et
3537 1005 3625 1061 De

1965 1067 2084 1135 ﬁde
2101 1074 2221 1125 tam
2243 1071 2303 1125 in
2332 1073 2490 1144 stylo
2515 1091 2699 1146 quam
2720 1077 2782 1133 in
2803 1083 3109 1138 sententiis
3142 1089 3461 1146 convenire
3482 1107 3624 1148 cum

1967 1157 2234 1230 utrisque
2263 1161 2520 1230 Regulis,
2556 1163 2616 1218 id
2649 1164 2730 1222 ita
2760 1183 2890 1222 esse
2921 1186 3043 1227 non
3072 1172 3360 1232 diﬂitetur
3393 1180 3485 1235 vir
3514 1181 3626 1237 do-

1968 1247 2268 1304 ctissimus
2295 1251 2692 1310 Combefisius
2715 1275 2727 1311 :
2754 1257 2861 1314 sed
2884 1263 3085 1318 tamen
3107 1279 3180 1320 ex
3203 1265 3297 1322 his
3320 1269 3628 1343 principiis

1968 1333 2133 1390 aliud
2165 1353 2408 1408 prorsus
2430 1341 2753 1400 concludit.
2782 1349 2932 1416 Ergo
2958 1348 3043 1406 ita
3059 1350 3178 1408 fere
3203 1333 3623 1416 ratiocinatum

1969 1423 2197 1480 Horum
2219 1425 2563 1484 libellorum
2593 1435 2649 1488 et
2672 1434 2986 1508 utriusque
3008 1441 3242 1508 generis
3266 1447 3627 1515 Regularum

1965 1511 2126 1568 idem
2158 1519 2245 1571 est
2270 1517 2716 1589 stylus,eaedem
2740 1527 3290 1596 sententiae,eadem
3314 1511 3622 1594 doctrina:

1969 1601 2074 1656 sed
2097 1603 2292 1660 Stoica
2316 1607 2601 1678 quaedam
2632 1614 2914 1671 severitas
2936 1619 3310 1678 Eustathium
3329 1627 3627 1682 utrarum-

183 1708 314 1748 rum
392 1689 867 1759 adverbiorum,
937 1691 1232 1764 ὀριστικῶς,
1295 1689 1672 1776 ᾇποφαντικῶς,
1726 1713 1842 1767 σφο.

1967 1705 2084 1761 que
2109 1693 2470 1762 [tegularum
2487 1704 2796 1757 auctorem
2819 1719 2948 1760 esse
2965 1713 3168 1778 aperte
3189 1713 3478 1769 ostendit:
3502 1731 3628 1772 non

188 1778 455 1856 δροτερον,
488 1783 551 1835 et
573 1779 801 1834 horum
824 1778 1247 1848 genitivorum,
1267 1767 1519 1852 lar/avrae,
1549 1778 1852 1853 διεξιόντος,

189 1867 569 1930 διδάσκοντος,
606 1867 860 1941 βοῶντος,
892 1868 974 1923 ita
1003 1867 1063 1923 in
1092 1868 1328 1940 Regalis
1354 1869 1634 1943 frequens
1659 1876 1764 1943 est,
1791 1877 1857 1930 ut

186 1959 309 2029 ejus
337 1959 427 2015 rei
460 1956 711 2031 passim
743 1955 1023 2028 exempla
1051 1962 1386 2014 occurrant.
1419 1959 1852 2032 Praetereaque,

187 2064 316 2102 cum
348 2048 620 2119 scriptor
647 2046 1099 2115 integerrimam
1139 2047 1594 2118 persuasionem
1629 2050 1853 2119 signiﬁ-

189 2153 314 2192 care
332 2135 542 2198 vellet,
568 2134 770 2190 sexies
801 2135 864 2190 in
889 2134 982 2190 his
996 2133 1207 2191 libellis
1228 2136 1479 2192 vocibus
1509 2137 1852 2214 πληροφορεῖ-

192 2227 304 2277 σθαι
327 2231 386 2280 et
415 2224 761 2298 πληροφορία
781 2238 930 2278 usus
957 2227 1062 2290 est,
1093 2223 1187 2278 bis
1217 2223 1277 2279 in
1304 2224 1520 2296 primo,
1554 2233 1767 2298 quater
1790 2227 1852 2285 in

187 2314 393 2370 altero:
446 2330 595 2386 quae
638 2312 788 2384 ipsae
832 2327 1014 2368 voces
1043 2312 1122 2369 ad
1169 2313 1330 2369 idem
1383 2314 1850 2384 significandum

185 2404 403 2475 passim
429 2404 498 2458 in
532 2400 781 2471 Regulis
812 2406 1197 2474 usurpantur.
1224 2402 1370 2458 Cum
1388 2402 1565 2474 igitur
1579 2404 1847 2477 Basilius,

183 2501 243 2549 ut
287 2510 436 2550 mox
477 2490 895 2565 probabimus
934 2492 1034 2564 (a),
1089 2496 1297 2547 auctor
1344 2493 1417 2548 sit
1463 2493 1846 2565 Regularum,

181 2583 444 2639 dubitari
494 2582 723 2637 merito
763 2595 887 2636 non
929 2585 1149 2653 potest,
1193 2581 1340 2653 quin
1370 2598 1443 2638 ea
1472 2598 1738 2657 quoque,
1771 2585 1846 2642 de

181 2673 393 2745 quibus
405 2668 1090 2744 disputatur,opuscula
1103 2669 1179 2725 ad
1194 2671 1475 2726 eumdem
1489 2672 1842 2743 pertineant,

177 2767 373 2835 utpote
392 2762 457 2816 in
476 2758 717 2832 quibus
732 2757 920 2813 iidem
941 2757 1225 2830 loquendi
1239 2759 1404 2815 modi
1422 2760 1841 2818 adhibeantur.

177 2852 426 2907 Fatebor
457 2848 719 2922 quidem
738 2846 955 2914 libens,
979 2851 1356 2917 argumenta,
1379 2865 1515 2920 quae
1537 2865 1609 2906 ex
1630 2852 1844 2923 quavis

173 2941 305 2998 stvli
339 2936 750 2995 similitudine
781 2941 1086 3008 petuntur,
1120 2936 1346 2992 nullam
1393 2937 1484 2993 vir
1509 2939 1756 3008 habere,
1790 2941 1842 2998 si
1881 2935 1921 2991 C
1952 2940 2145 2996 cenda
2167 2942 2644 3012 malignitatem:
2675 2951 2751 3007 de
2775 2935 2996 3026 quibus
3015 2957 3131 3014 hcc
3150 2959 3286 3018 loco
3306 2962 3505 3021 dicere
3523 2966 3610 3022 in-
3695 3015 3726 3024 ,.

173 3029 363 3101 stylus
391 3028 480 3083 ita
508 3026 573 3081 in
616 3023 928 3096 aliquibus
967 3024 1300 3095 conveniat,
1349 3029 1413 3081 ut
1459 3026 1519 3082 in
1567 3027 1839 3098 pluribus

169 3118 505 3189 discrepet:
555 3112 666 3169 sed
703 3129 844 3168 cum
890 3112 1098 3168 omnia
1129 3113 1452 3185 quadrant,
1499 3119 1640 3173 tunc
1677 3118 1837 3189 ejus-

169 3206 335 3263 modi
363 3206 739 3272 argumenta
769 3201 1102 3274 plurimum
1134 3203 1327 3259 valere
1366 3219 1568 3273 nemo,
1600 3207 1838 3278 opinor,

167 3295 502 3366 negaverit.
535 3296 624 3347 Ita
653 3295 858 3346 autem
892 3289 1252 3361 Regularum
1290 3292 1480 3364 stylus
1511 3310 1650 3350 cum
1681 3296 1838 3368 stylo

167 3386 384 3442 horum
415 3380 866 3454 opusculorum
919 3380 1234 3448 consentit,
1275 3386 1341 3437 ut
1390 3382 1539 3438 nihil
1586 3386 1838 3442 omnino

167 3474 509 3539 dissentiat,
541 3469 897 3541 idcircoque
928 3473 985 3523 et
1013 3468 1124 3524 has
1155 3473 1212 3525 et
1241 3469 1342 3525 illa
1392 3471 1608 3527 Basilio
1663 3473 1840 3530 tribui

171 3580 410 3637 equum
429 3567 548 3617 est.
577 3561 697 3615 Nec
718 3557 916 3614 solum
938 3557 1162 3614 similes
1186 3559 1624 3632 suntloquendi
1648 3563 1836 3632 modi,

173 3652 274 3708 sed
302 3653 497 3708 etiam
526 3641 865 3712 sententiae,
901 3646 1358 3703 sententiarum.
1382 3649 1610 3705 Etenim
1632 3652 1679 3706 si
1703 3652 1840 3724 quis

165 3741 333 3808 illud,
361 3737 542 3812 quod
572 3737 637 3792 in
669 3733 869 3790 libello
889 3735 1218 3804 Dejudicio
1241 3737 1346 3792 Dei
1367 3736 1584 3807 legitur
1603 3744 1688 3812 (p.
1709 3744 1834 3810 217,

165 3846 330 3886 sum.
353 3833 409 3898 4)
438 3846 452 3883 :
489 3825 750 3883 Retectis
777 3825 966 3894 igitur
985 3825 1207 3880 divinis
1225 3825 1584 3896 Scripturis,
1605 3831 1837 3898 reperio

165 3922 220 3974 in
243 3920 447 3974 Veteri
458 3931 533 3971 ac
552 3915 723 3970 Novo
742 3914 1136 3981 Testamento,
1151 3929 1344 3985 neque
1355 3917 1416 3970 in
1431 3917 1833 3986 multitudine,

159 4024 348 4080 neque
365 4010 433 4062 in
468 4003 898 4074 magnitudine
921 4009 1326 4072 peccatorum,
1347 4005 1452 4061 sed
1470 4006 1532 4061 in
1550 4022 1672 4063 una
1703 4013 1838 4065 tan-

159 4190 414 4243 παρέστη
433 4183 730 4241 adversus
745 4182 935 4238 Deum
956 4181 1426 4252 clarejudicari,
1440 4199 1832 4244 communem-

160 4294 265 4350 que
278 4275 648 4334 sententiam
662 4287 698 4328 a
713 4273 835 4328 Deo
839 4272 1005 4341 ferri
1012 4287 1075 4328 in
1087 4287 1179 4328 om
1187 4286 1319 4328 nem
1332 4273 1824 4337 inobedientiam:

161 4369 204 4422 si
235 4370 374 4440 quis
405 4365 601 4435 igitur
626 4363 756 4417 haec
796 4361 1235 4432 comparaverit
1273 4377 1412 4417 eum
1461 4362 1534 4418 iis
1577 4380 1713 4436 quae
1763 4365 1826 4421 in

163 4457 379 4526 Regula
397 4450 826 4510 ducentesima
855 4450 1252 4520 nonagesima
1272 4451 1444 4507 tertia
1455 4453 1676 4525 scripta
1689 4459 1829 4510 sunt

163 4545 498 4602 doctrinam
529 4540 822 4597 doctrinae
848 4540 930 4595 ita
961 4538 1218 4594 similem
1251 4541 1596 4613 comperiet,
1628 4547 1690 4599 ut
1715 4548 1827 4601 tra-

165 4634 280 4690 dita
305 4641 576 4706 utroque
612 4629 747 4685 loco
790 4628 1155 4684 documenta
1195 4628 1275 4684 ab
1323 4629 1538 4685 eadem
1586 4631 1829 4691 ofﬁcina

164 4724 456 4795 prodiisse
468 4719 642 4778 facile
660 4717 1047 4775 confessurus
1059 4717 1153 4773 sit.
1169 4720 1194 4772 J
1201 4733 1301 4773 am
1322 4721 1670 4776 monuimus
1688 4739 1832 4779 con-

167 4818 459 4870 troversos
479 4811 597 4867 hos
619 4809 777 4865 duos
799 4807 1033 4863 libellos
1061 4807 1141 4862 ab
1164 4808 1452 4864 omnibus
1484 4815 1589 4866 aut
1611 4813 1829 4872 Basilio

167 4904 394 4969 ascribi,
424 4907 532 4958 aut
565 4897 877 4955 Eustathio
906 4913 920 4950 :
975 4895 1081 4951 sed
1119 4895 1286 4968 ipsos
1316 4897 1606 4971 episcopo
1641 4901 1829 4960 Seba-

171 4999 324 5049 lieno
349 4989 579 5048 ascribi
599 5003 724 5045 non
755 5001 938 5060 posse
974 4984 1152 5058 plane
1178 4991 1434 5044 constat.
1470 4987 1556 5044 Ita
1585 4991 1746 5048 enim
1767 4992 1828 5048 in

171 5078 350 5138 libello
379 5083 471 5138 De
495 5080 618 5148 ﬁde
650 5077 872 5147 legitur
901 5076 1066 5146 (pag.
1110 5075 1232 5146 228)
1259 5093 1271 5130 :
1326 5077 1480 5127 Οὕτω
1525 5087 1822 5152 φρονοῦμεν.

173 5188 249 5220 ιιι
284 5173 418 5223 ώτω
459 5168 791 5242 βαπτίζομεν
822 5165 895 5226 εἰς
925 5159 1130 5237 Τριάδα
1168 5165 1467 5236 ὁμοούσιον.
1510 5168 1611 5224 Sic
1643 5171 1828 5225 senti-

176 5276 306 5322 nus.
329 5264 534 5332 sicque
564 5258 948 5327 baptizamus
988 5253 1051 5307 in
1095 5253 1393 5311 Trinitate
1439 5258 1828 5315 consubstan-

350 5365 538 5423 quem
561 5347 774 5404 locum
796 5357 942 5398 cum
958 5340 1261 5399 retulisset
1281 5343 1728 5402 eruditissimus
1739 5347 1827 5404 vir

268 5477 344 5551 to)
384 5473 777 5551 μειερ-ιιᾌξίὃζ
870 5539 881 5551 ⁸

267 5538 338 5618 (ω
389 5538 488 5605 νέξ
510 5548 588 5603 de
615 5545 687 5602 S.
720 5538 962 5605 Basile,
990 5553 1054 5611 p.
1092 5541 1216 5595 638.

526 5677 796 5735 PunOL.
840 5666 948 5723 Gn.
986 5665 1159 5723 XXXI.

1967 1777 2373 1839 dubitandum
2406 1785 2587 1855 igitur
2617 1790 2764 1861 quin
2798 1791 2962 1849 idem
3007 1777 3353 1856 Eustathius
3407 1803 3628 1861 horum

1965 1883 2212 1941 quoque
2229 1875 2661 1944 opusculorum
2679 1885 2888 1937 auctor
2899 1882 3150 1950 sit.Quid
3164 1903 3198 1943 a
3209 1893 3368 1946 utem
3380 1890 3455 1948 de
3469 1909 3630 1952 vana

1966 1954 2066 2012 illa
2083 1960 2391 2018 severitate
2405 1965 2786 2024 sentiendum
2801 1971 3113 2043 sit,postea
3130 1977 3275 2033 satis
3292 1979 3425 2036 fuse
3445 1981 3631 2038 disse-

1964 2060 2097 2100 ram
2114 2049 2218 2118 (c):
2239 2065 2401 2106 nunc
2423 2053 2697 2111 universe
2715 2057 3010 2118 duntaxat
3030 2063 3250 2134 dicam,
3265 2083 3460 2142 neque
3475 2073 3629 2127 Ruﬁ-

1964 2149 2136 2206 num,
2184 2153 2381 2211 neque
2423 2143 2807 2219 Cassianum,
2846 2165 3044 2224 neque
3093 2154 3387 2226 Photium,
3425 2175 3626 2233 neque

1964 2223 2330 2283 Frontonem
2348 2231 2654 2302 Ducieum,
2677 2251 2876 2309 neque
2899 2223 3168 2300 Natalem
3189 2244 3622 2322 Alexandrum,

1963 2312 2306 2373 Combeﬁsii
2332 2319 2628 2394 sodalem,
2672 2341 2868 2399 neque
2913 2330 3376 2408 Tillemontium,
3423 2312 3624 2409 neque

1963 2401 2289 2474 Dupinum,
2312 2422 2508 2480 neque
2531 2414 2862 2482 permultos
2881 2417 3032 2475 alios
3048 2401 3461 2498 cujuscunque
3485 2401 3625 2485 aeta-

1957 2490 2030 2544 tis
2050 2491 2486 2553 eruditissimos
2509 2499 2671 2558 viros
2702 2503 2999 2574 ejusmodi
3021 2490 3396 2569 severitatem
3412 2515 3475 2571 in
3511 2518 3621 2573 Re-

1958 2579 2111 2649 gulis
2140 2583 2379 2642 vidisse.
2406 2587 2520 2644 Sed
2539 2589 2662 2647 duo
2691 2594 2906 2651 suntin
2926 2595 3017 2668 iis,
3035 2614 3189 2670 quos
3211 2601 3356 2674 dixi,
3378 2603 3617 2678 libellis,

1955 2684 2091 2741 quae
2123 2673 2434 2744 speciatim
2467 2681 2852 2750 reprehendit
2880 2683 2951 2754 is,
2983 2702 3166 2760 quem
3195 2673 3383 2749 modo
3425 2697 3620 2753 nomi-

1953 2761 2117 2829 navi,
2148 2763 2240 2818 vir
2268 2767 2662 2836 peritissimus
2692 2773 3086 2834 Combeﬁsius
3116 2782 3223 2851 (d),
3270 2782 3618 2844 inconstan-

1953 2847 2096 2905 tiam
2117 2850 2278 2918 fidei,
2303 2859 2359 2911 et
2378 2859 2640 2914 auctoris
2662 2860 2726 2916 in
2755 2862 2964 2936 aliqua
2987 2847 3134 2925 voce
3156 2847 3452 2930 catholica
3470 2877 3580 2933 reti

1949 3027 2130 3085 stitui.
2149 3031 2321 3096 Quod
2334 3032 2514 3102 igitur
2529 3037 2630 3105 ait,
2650 3047 2951 3101 auctorem
2967 3047 3029 3101 in
3036 3048 3157 3116 ﬁde
3170 3050 3605 3110 inconstantem

1942 3117 2153 3189 fuisse,
2183 3119 2238 3173 id
2262 3136 2373 3176 nec
2394 3139 2626 3195 verum,
2649 3143 2760 3184 nec
2778 3129 3022 3190 ﬁrmum
3050 3142 3162 3192 est.
3187 3141 3339 3196 Nam
3369 3140 3604 3199 dubita-

1947 3207 2172 3263 tionem
2203 3209 2387 3275 illam,
2425 3229 2548 3285 qua
2579 3222 2788 3274 auctor
2808 3219 3124 3282 laborasse
3165 3244 3229 3285 se
3264 3231 3599 3296 conﬁtetur,

1946 3311 2070 3352 non
2085 3297 2145 3353 in
2160 3297 2366 3369 ﬁdem,
2385 3302 2491 3358 sed
2503 3303 2563 3360 in
2576 3305 2813 3366 dissidii
2830 3311 3223 3374 Ecclesiarum
3243 3336 3492 3378 causam
3509 3341 3604 3381 ca-

1946 3385 2108 3454 dere,
2135 3403 2207 3443 ex
2235 3391 2521 3449 orationis
2537 3395 2685 3453 serie
2703 3402 3092 3473 perspicuum
3120 3413 3226 3465 est.
3271 3413 3338 3468 Et
3375 3428 3515 3470 vero
3535 3413 3600 3470 in

1944 3473 2146 3532 libello
2172 3479 2258 3535 De
2271 3481 2509 3549 judicio
2541 3487 2653 3542 Dei
2669 3488 2751 3544 ita
2777 3491 3032 3564 scriptor
3050 3495 3287 3554 locutus
3316 3505 3404 3557 est
3423 3517 3494 3558 eo
3521 3503 3595 3559 de

1947 3580 2069 3637 quo
2099 3569 2295 3639 agitur
2319 3569 2454 3629 loco
2483 3576 2646 3646 (pag.
2680 3581 2801 3650 214,
2836 3597 2898 3636 n.
2930 3582 3025 3652 2):
3067 3592 3244 3640 Ταῦτα
3271 3595 3360 3642 καὶ
3397 3595 3461 3643 τὰ
3481 3612 3596 3645 τοι-

1947 3661 2081 3706 αὔτα
2119 3657 2268 3730 ὀρῶν,
2293 3661 2383 3712 καὶ
2408 3666 2536 3734 πρὸς
2565 3668 2771 3728 τούτοις
2800 3667 3092 3747 ἐπαπορῶν,
3125 3681 3224 3747 τίς,
3259 3684 3348 3732 καὶ
3379 3683 3532 3733 πόθεν
3560 3686 3589 3742 ἡ

1946 3743 2092 3796 αἰτία
2121 3753 2212 3796 τοῦ
2242 3753 2494 3802 τοσούτου
2521 3763 2984 3813 κακοῦ......τοῦτο
3015 3759 3082 3822 δὴ
3116 3763 3470 3840 λογισάμενος,
3505 3777 3595 3826 καὶ

1943 3836 2074 3908 πρὸς
2119 3838 2176 3886 τὸ
2208 3837 2518 3912 ὑπερϐάλλον
2549 3851 2644 3906 τῆς
2691 3844 2925 3912 ἀσεϐείας
2954 3849 3280 3928 ἐπτοημένος,
3311 3856 3393 3910 ἐπὶ
3421 3860 3592 3915 πλεῖόν

1944 3941 1998 3975 τε
2040 3921 2268 3996 ἐρευνῶν,
2317 3925 2593 4003 ἐπειθόμην
2633 3931 2784 3988 οὐδὲν
2828 3938 3001 4008 ἧττον,
3052 3948 3142 3996 καὶ
3181 3943 3237 3996 ἐκ
3276 3955 3374 3999 τῶν
3422 3949 3470 4002 ἐν
3521 3971 3592 4025 τῳ

1953 4009 2006 4025 η.
2293 4017 2304 4025 .
2465 4017 2500 4025 --
2569 4022 2578 4025 -
2699 4021 2720 4025 -

1939 4194 2046 4241 νίαν
2094 4193 2229 4265 ἄχρι
2271 4199 2386 4248 τότε
2433 4203 2871 4276 κατορθουμένην,
2930 4210 3094 4283 ἄχρις
3140 4211 3200 4264 ἂν
3249 4218 3277 4274 ἡ
3328 4222 3458 4290 πρὸς
3505 4222 3593 4275 ἕνα

1937 4283 2054 4332 τινὰ
2080 4285 2166 4334 τὸν
2197 4284 2434 4356 ἄρχοντα
2475 4291 2714 4351 σώζηται
2760 4301 2902 4356 κοινὴ
2949 4297 3066 4351 τῶν¹
3097 4302 3259 4356 ἄλλων
3308 4307 3589 4362 εὐπείθεια·

1936 4376 2111 4422 πᾶσαν
2143 4369 2201 4425 δὲ
2233 4370 2512 4448 διαφωνίαν
2556 4387 2645 4434 καὶ
2676 4379 2979 4454 διάστασιν,
3027 4393 3102 4444 ἔτι
3149 4414 3203 4446 τε
3243 4397 3588 4475 πολυαρχίαν,

1945 4458 1990 4475 η,
2027 4461 2038 4475 ,
2205 4469 2214 4475 ,
2325 4469 2336 4475 -
2360 4465 2378 4475 ..

1938 4458 1990 4523 ἕξ
2017 4461 2276 4536 ἀναρχίας
2315 4465 2742 4544 ὁδοποιουμελαην.
2776 4477 2927 4536 Haec
2963 4489 3148 4555 atque
3195 4458 3594 4565 ejusdem‘ge-

1936 4555 2098 4610 neris
2128 4556 2256 4611 alia
2288 4571 2422 4614 cum
2473 4561 2761 4635 intuerer,
2802 4555 3232 4646 prietereaque
3250 4579 3588 4640 dubitarem

1939 4659 2072 4716 quae
2100 4649 2155 4700 et
2185 4646 2346 4703 unde
2371 4655 2514 4707 esset
2537 4656 2698 4710 tanti
2713 4659 2868 4714 mali
2882 4675 3067 4720 causa
3088 4664 3174 4734 [in
3191 4667 3588 4744 Eccleszis]....

1940 4732 2050 4790 hoc
2081 4735 2274 4805 igitur
2319 4752 2454 4794 cum
2502 4755 2733 4800 mecum
2783 4732 3172 4822 reputassem,
3217 4773 3469 4830 cumque
3517 4763 3588 4819 de

1938 4823 2262 4893 impietatis
2287 4829 2702 4897 magnitudine
2729 4839 3042 4909 attonitus,
3072 4823 3586 4919 ulteriusperves-

1938 4915 2270 4982 stigassem,
2310 4915 2708 4977 nihilominus
2754 4927 2907 4983 mihi
2934 4934 3220 4999 persuasi
3259 4915 3351 4990 vei
3395 4950 3471 4992 ex
3515 4939 3588 4995 iis

1937 5011 2071 5068 qua'
2095 4997 2162 5054 in
2205 5001 2327 5056 vita
2351 5003 2508 5070 ﬁunt
2531 5005 2727 5074 rebus,
2747 5025 2897 5076 eam,
2928 4997 3108 5086 quam
3130 5021 3404 5086 superius
3431 5022 3584 5095 dixi,

1936 5100 2180 5143 causam
2210 5103 2410 5148 veram
2436 5109 2560 5151 esse
2587 5103 2642 5152 et
2671 5114 3038 5168 germanam.
3104 5106 3382 5164 Videbam
3429 5115 3584 5172 enim

1935 5189 2162 5232 omnem
2197 5181 2567 5250 populorum
2612 5186 2995 5258 disciplinam
3025 5200 3207 5267 atque
3257 5205 3588 5261 consensio-

1934 5278 2068 5320 nem
2095 5269 2311 5324 tandiu
2339 5287 2744 5345 perseverare,
2778 5279 2921 5336 dum
2953 5298 3154 5341 omnes
3192 5291 3463 5363 principi
3480 5296 3592 5350 uni

1933 5352 1998 5408 in
2042 5360 2346 5414 communi
2387 5362 2845 5433 obtemperant:
2896 5385 3128 5433 omnem
3181 5352 3317 5438 vero
3364 5352 3592 5467 discor:

2037 5479 2118 5550 (ο)
2159 5480 2312 5550 Lege
2339 5498 2399 5538 n.
2431 5487 2523 5542 41.

2041 5549 2128 5621 (d)
2167 5549 2332 5612 Tom.
2367 5558 2434 5625 11,
2466 5573 2527 5629 p.
2561 5561 2628 5616 97
2659 5565 2716 5621 et
2749 5566 2874 5646 129,
