4058 6192
496 297 564 350 75
1999 279 2392 340 PREFATIO.
3831 286 3905 340 75

491 417 654 474 diam
684 430 757 474 ac
784 415 1151 483 seditionem,
1178 413 1435 484 itemque
1479 411 1804 468 multorum
1833 407 2135 479 principa-
2171 414 2219 467 Α
2247 406 2446 463 nostri
2466 408 2607 464 Jesu
2654 408 2890 467 Christi
2931 406 3240 465 mandatis
3290 406 3627 475 adversari,
3677 407 3906 479 Deique

489 513 616 563 tum
655 522 729 564 ex
773 506 941 562 ducis
984 520 1056 562 ac
1094 503 1387 574 principis
1422 501 1660 572 defectu
1692 490 2009 572 proﬁcisci.
2058 498 2141 551 Ex

487 594 710 667 quibus
737 595 927 666 liquet
950 591 1234 649 Basilium
1264 606 1514 647 causam
1535 589 1722 657 illam,
1754 602 1941 661 quam
1968 583 2141 641 dubi-

486 690 622 742 tans
643 684 971 759 quaerebat,
991 682 1237 739 tandem
1255 681 1577 737 invenisse.
1597 678 1770 735 Aliud
1792 681 1995 734 autem
2014 689 2136 731 non

484 774 815 849 quaerebat,
846 776 909 828 ut
934 789 1006 828 ex
1036 771 1164 842 ejus
1186 770 1385 827 verbis
1413 773 1598 843 patet,
1629 767 1744 825 nisi
1767 781 1970 823 veram
1999 779 2138 820 cau-

483 883 637 934 sam,
669 880 805 938 quae
833 862 1041 920 turbas
1061 862 1124 918 in
1154 861 1429 918 Ecclesiis
1447 860 1728 917 excitaret
1748 862 1804 914 et
1826 857 1886 913 in
1901 854 2129 925 regnis:

480 970 668 1028 quam
697 967 947 1010 causam
972 966 1097 1008 non
1136 949 1377 1007 aliunde
1414 948 1584 1006 nasci
1614 949 1717 1020 ait,
1748 962 1934 1020 quam
1965 942 2132 1017 quod

478 1045 663 1101 duces
686 1059 756 1100 ac
784 1041 1085 1115 principes
1114 1040 1333 1096 desint.
1378 1039 1514 1108 Sed,
1557 1043 1623 1095 ut
1660 1052 1872 1093 verum
1918 1034 2129 1100 fatear,

475 1133 673 1206 primo
703 1136 954 1205 aspectu
991 1130 1146 1187 inest
1170 1130 1364 1200 major
1406 1127 1730 1185 difﬁcultas
1758 1126 1821 1181 in
1861 1125 1958 1196 iis,
1989 1139 2127 1197 quae

472 1223 589 1281 hoc
618 1222 751 1296 ipso
779 1222 841 1277 in
869 1220 1002 1277 loco
1033 1219 1257 1293 scripta
1284 1218 1689 1275 inveniuntur.
1739 1219 1874 1273 Haec
1923 1218 2127 1271 autem

472 1317 651 1369 sunt:
691 1314 768 1365 Τά
796 1314 885 1384 μὲν
910 1319 1112 1385 πρῶτα,
1155 1311 1328 1383 ὥσπερ
1380 1306 1428 1361 ἐν
1477 1307 1633 1381 βαθεί
1688 1310 1858 1378 σκότῳ
1914 1302 2121 1376 διῆγον,

468 1407 559 1454 καὶ
588 1404 819 1474 καθάπερ
843 1398 926 1453 ἐπὶ
957 1401 1141 1471 ζυγοῦ,
1169 1401 1294 1453 ποτὲ
1335 1401 1425 1472 μὲν
1482 1394 1605 1465 ὦδε,
1666 1399 1790 1450 ποτὶ
1848 1392 1906 1448 δὲ
1960 1393 2125 1446 ἐκεῖσε

468 1490 697 1565 ξόῥεπονο
727 1489 881 1542 ἄλλου
912 1488 1097 1552 ἄλλως,
1131 1489 1160 1548 ἣ
1211 1492 1343 1564 πρὸς
1390 1488 1571 1540 ἑαυτόν
1618 1506 1681 1559 με
1733 1486 1983 1551 ἕλκοντος,
2030 1480 2124 1535 διά

463 1584 557 1638 τὴν
587 1579 931 1652 πολυχρόνιον
962 1587 1061 1630 τῶν
1092 1576 1373 1653 ἀνθρώπων
1407 1578 1703 1642 συνήθειαν,
1723 1575 1753 1634 ἣ
1778 1573 1930 1627 πάλιν
1956 1570 2122 1631 ᾱῦελως

2247 496 2581 555 Ecclesiam
2605 503 2728 556 tam
2767 497 3320 555 immisericorditer
3354 497 3716 563 dilacerare,
3753 502 3905 552 tam-

2246 600 2360 655 que
2387 588 2715 644 crudeliter
2741 587 3069 644 obturbare
3103 589 3233 656 ejus
3260 600 3521 657 gregem,
3564 592 3631 641 ut
3675 585 3904 642 exortis

2244 674 2564 747 Anomasis,
2594 693 2776 741 nunc,
2816 679 2872 734 si
2893 692 3159 748 unquam
3184 676 3362 745 alias,
3393 677 3457 730 in
3487 676 3631 744 ipsis
3666 687 3905 746 quoque

2244 763 2573 834 impleatur
2598 767 2797 823 illud:
2855 787 2884 816 «
2910 767 3011 823 Ea:
3037 765 3197 822 vobis
3243 765 3382 834 ipsis
3439 769 3734 835 exurgent
3778 762 3906 819 viri

2245 852 2544 924 loquentes
2571 870 2873 926 perversa,
2928 860 2995 910 ut
3034 854 3342 911 abducant
3397 853 3724 923 discipulos
3762 856 3902 922 post

2239 955 2300 997 se
2315 942 2386 997 ³⁷.
2417 962 2445 992 ››
2490 942 2597 999 Cui
2643 943 2805 999 enim
2842 940 3193 1016 persuaderi
3221 940 3455 1015 poterit,
3504 939 3791 996 Basilium
3832 938 3900 996 in

2238 1030 2584 1102 opinionem
2606 1031 3002 1106 propendisse
3023 1047 3256 1102 eorum,
3287 1046 3443 1104 quos
3466 1030 3688 1087 videret
3714 1029 3898 1085 simul

2238 1125 2295 1178 et
2318 1109 2708 1183 adversantes
2732 1122 3038 1180 mandatis
3056 1120 3491 1179 Domininostri
3506 1123 3533 1176 ⁴Ι
3538 1136 3645 1176 esu
3657 1119 3896 1185 Christi,

2236 1214 2295 1267 et
2315 1210 2865 1268 immisericorditer
2892 1211 3286 1268 dilacerantes
3318 1210 3419 1266 Dei
3458 1209 3805 1276 Ecclesiam,
3835 1212 3898 1265 et

2234 1298 2552 1356 crudeliter
2575 1299 2966 1357 obturbantes
2994 1299 3125 1371 ejus
3153 1314 3396 1370 gregem
3422 1298 3451 1355 ?
3474 1302 3608 1370 Ipsa
3628 1300 3767 1353 sunt
3788 1299 3896 1353 Ba—

2233 1387 2347 1444 silii
2372 1388 2579 1446 verba.
2611 1388 2929 1463 Reliquum
2959 1393 3048 1445 est
3091 1388 3274 1460 igitur
3325 1392 3393 1445 ut
3444 1386 3690 1444 Basilius
3741 1402 3894 1460 quo-

2231 1476 2564 1535 dammodo
2583 1494 2954 1552 propensum
2976 1494 3041 1534 se
3062 1477 3317 1535 senserit
3335 1488 3416 1534 ad
3437 1475 3893 1550 amplectendas

2228 1571 2435 1640 partes
2483 1566 2917 1640 quorumdam,
2966 1567 3073 1641 qui
3120 1566 3358 1640 pietatis
3407 1565 3794 1622 simulatione
3831 1569 3894 1622 et

463 1667 830 1740 ἀπωθουμένου
858 1664 952 1721 διὰ
980 1671 1073 1725 τὴν
1104 1666 1152 1719 ἐν
1183 1674 1298 1729 ταῖς
1325 1669 1488 1729 θείαις
1514 1671 1742 1740 Γραφαῖς
1770 1662 2119 1735 ἐπιγινωσκο-

2231 1656 2472 1713 nomine
2496 1673 2706 1714 veram
2725 1657 2911 1714 ﬁdem
2941 1659 3114 1730 sequi
3141 1661 3517 1730 putarentur.
3550 1658 3720 1712 Nunc
3749 1671 3890 1729 quae

459 1762 615 1831 μένην
647 1756 905 1817 ἀλήθειαν.
933 1758 1209 1813 Primum
1235 1757 1474 1828 quidem
1501 1755 1676 1827 quasi
1703 1755 1767 1810 in
1791 1750 2119 1823 profundis

460 1846 719 1903 tenebris
753 1846 1060 1917 degebam,
1093 1852 1148 1902 et
1180 1850 1472 1917 tanquam
1510 1846 1575 1900 in
1621 1848 1856 1899 statera
1899 1840 2118 1897 consti-

458 1943 646 2007 tutus,
677 1936 850 1992 modo
883 1936 1022 2003 huc,
1054 1935 1228 1992 modo
1267 1936 1421 1991 illuc
1449 1933 1923 2004 propendebam,
1958 1929 2118 2002 quod

457 2028 618 2083 alius
657 2026 780 2083 alio
810 2030 918 2082 aut
951 2025 1033 2081 ad
1069 2026 1326 2095 seipsum
1364 2024 1777 2087 traheretme,
1827 2020 1899 2076 ob
1936 2019 2118 2075 diuti-

454 2131 597 2173 nam
656 2116 966 2172 hominum
1017 2114 1529 2185 consuetudinem,
1584 2118 1690 2170 aut
1732 2126 1947 2167 rursus
1991 2109 2113 2166 alio

451 2206 840 2276 propelleret,
890 2204 962 2261 ob
1006 2219 1137 2261 eam
1193 2218 1374 2280 quam
1403 2204 1467 2259 in
1495 2202 1721 2258 divinis
1776 2200 2113 2269 Scripturis

453 2295 828 2365 agnovissem
858 2294 1208 2351 veritatem:
1257 2292 1362 2349 sed
1391 2295 1599 2348 tamen
1638 2305 1714 2345 ne
1742 2288 1840 2345 hic
1864 2288 2113 2361 quidem

450 2383 623 2440 locus
649 2383 726 2439 ad
756 2381 1201 2455 expediendum
1222 2380 1479 2438 difficilis
1500 2382 1608 2436 est.
1633 2381 1760 2436 Non
1787 2377 1947 2434 enim
1972 2376 2113 2432 inde

453 2471 651 2542 colligi
680 2475 895 2544 potest,
932 2470 1217 2527 Basilium
1245 2469 1309 2526 in
1335 2468 1613 2526 haeresim
1650 2482 1923 2540 unquam
1970 2480 2112 2538 pro-

452 2561 758 2635 pendisse,
781 2560 887 2617 sed
909 2560 1111 2617 solum
1126 2559 1189 2615 in
1206 2559 1271 2615 id
1290 2556 1752 2632 quodammodo
1767 2554 2111 2623 inclinasse,

454 2654 521 2706 ut
549 2654 752 2723 partes
801 2650 1128 2723 susciperet
1163 2647 1597 2722 quorumdam,
1629 2645 1736 2720 qui
1784 2645 1867 2701 ita
1917 2643 2114 2700 callidi

453 2743 625 2796 erant
652 2744 709 2795 et
725 2739 928 2811 astuti,
954 2743 1021 2794 ut
1046 2738 1194 2794 dum
1218 2752 1429 2794 veram
1447 2735 1631 2793 ﬁdem
1663 2735 2109 2808 oppugnarent,

454 2843 590 2883 eam
608 2831 811 2883 tamen
832 2826 1122 2900 speciosis
1140 2826 1339 2883 verbis
1361 2824 1510 2881 tueri
1529 2824 1888 2880 viderentur.
1905 2820 2114 2880 Callicli

2227 1762 2345 1803 vox
2366 1746 2468 1802 illa
2498 1746 2593 1820 sit,
2616 1763 2804 1821 quam
2830 1750 3039 1804 auctor
3057 1747 3131 1803 de
3153 1746 3451 1803 industria
3470 1744 3782 1802 reticuisse
3800 1743 3892 1801 di-

2227 1835 2399 1902 citur,
2422 1852 2495 1892 ex
2511 1836 2642 1910 ipso
2659 1836 3016 1893 Combeﬁsio
3029 1835 3353 1893 audiamus
3370 1837 3472 1897 (a).
3495 1835 3588 1891 Sic
3603 1834 3786 1905 igitur
3802 1834 3890 1892 lo-

2225 1926 2429 1999 quitur
2445 1927 2509 1983 in
2522 1943 2631 1984 suo
2648 1928 2882 1984 Basilio
2899 1928 3215 1984 recensita:
3232 1926 3401 1995 Quod
3414 1926 3584 1995 dicit,
3599 1926 3771 1981 initio
3781 1940 3890 1995 pa-

2224 2017 2400 2087 ginas,
2425 2018 2610 2086 possit
2634 2016 2946 2073 Theodosii
2973 2022 3241 2087 tempora
3287 2017 3602 2086 respicere,
3638 2015 3887 2086 quando

2221 2106 2552 2177 plurimum
2573 2122 2910 2177 compressa
2929 2107 2976 2162 Α
2987 2122 3123 2163 nom
3132 2122 3354 2163 (eorum
3378 2105 3619 2163 haeresis
3640 2106 3887 2162 etAria-

2224 2210 2327 2265 na,
2350 2201 2417 2251 ut
2433 2197 2518 2251 sic
2531 2197 2736 2267 palam
2761 2197 2939 2265 ﬁdem
2959 2202 3186 2253 sanctae
3221 2195 3538 2251 Trinitatis
3574 2196 3887 2264 proﬁtere-

2224 2290 2346 2352 tur,
2368 2286 2474 2357 qui
2491 2287 2578 2342 ita
2598 2286 2755 2343 alias
2774 2288 2838 2343 in
2860 2301 2928 2343 ea
2950 2287 3310 2344 vacillasset.
3341 2285 3495 2353 Quin
3518 2290 3575 2341 et
3596 2286 3883 2359 ὀμοουσίου

2222 2388 2421 2430 vocem
2439 2374 2639 2430 studio
2659 2374 2923 2447 dataque
2943 2390 3147 2445 opera,
3172 2380 3297 2431 tota
3326 2374 3440 2431 hac
3457 2388 3569 2430 sua
3604 2374 3749 2442 ﬁdei
3784 2388 3886 2430 ea:-

2219 2464 2577 2533 planatione
2593 2467 3008 2535 suppressisse,
3049 2464 3131 2523 ad
3164 2466 3470 2521 mitiorum
3506 2465 3883 2521 Arianorum

2222 2551 2649 2611 declinandam
2669 2555 2982 2611 invidiam.
3014 2554 3148 2611 Vult
3172 2553 3350 2625 igitur
3377 2553 3763 2610 doctissimus
3788 2553 3886 2610 vir

2224 2642 2642 2712 Combeﬁsius,
2666 2644 3045 2701 Eustathium
3064 2643 3285 2701 idcirco
3300 2643 3441 2700 data
3460 2659 3646 2716 opera
3664 2658 3883 2699 vocem

2224 2732 2501 2805 ὀμοούσιος
2565 2732 2629 2789 in
2692 2737 2822 2790 tota
2878 2750 2991 2790 sua
3039 2732 3180 2789 ﬁdei
3227 2732 3600 2806 professione
3646 2732 3882 2789 silentio

2221 2821 2596 2893 praeteriisse,
2628 2825 2696 2879 ut
2725 2822 2983 2892 gratiam
3018 2822 3324 2879 mitiorum
3360 2822 3717 2878 Arianorum
3763 2819 3887 2876 Sibl

455 2922 661 2975 autem
688 2916 772 2973 illi
802 2931 926 2973 non
952 2915 1052 2972 alii
1076 2914 1261 2972 fuisse
1289 2915 1451 2972 credi
1479 2920 1753 2988 possunt,
1784 2928 1974 2986 quam
1999 2914 2113 2966 Eu-
2152 2929 2193 2986 ρ
2224 2910 2605 2968 conciliaret:
2637 2912 2747 2969 sed
2773 2912 3108 2985 permirum
3129 2912 3314 2970 videri
3339 2911 3540 2979 debet,
3569 2911 3887 2968 hominem

458 3006 713 3064 stathius
733 3007 862 3078 ipse
881 3004 1163 3078 illiusque
1181 3003 1482 3076 discipuli.
1504 3007 1637 3060 Haec
1658 3001 1863 3071 verba,
1891 3001 1962 3057 ob
1984 3001 2115 3057 diu-

458 3098 651 3153 tinam
685 3095 996 3152 hominum
1026 3094 1537 3156 consuetudinem,
1578 3090 1827 3158 faciunt,
1860 3096 1924 3146 ut
1952 3091 2116 3146 hunc

426 3224 431 3227 -
456 3186 661 3243 locum
698 3185 781 3242 ita
807 3184 1269 3255 intelligendum
1299 3198 1433 3240 esse
1457 3182 1744 3254 suspicer.
1777 3185 1927 3238 Nam
1957 3179 2118 3236 Basi-

458 3276 609 3332 lium
635 3274 941 3331 Eustathio
971 3274 1077 3328 diu
1102 3272 1477 3329 familiariter
1504 3287 1683 3328 usum
1709 3286 1838 3328 esse
1866 3268 2116 3339 nemini,

461 3364 568 3438 qui
588 3364 840 3437 paulum
864 3362 1050 3420 modo
1080 3362 1140 3418 in
1160 3361 1406 3418 historia
1424 3359 1825 3417 ecclesiastica
1844 3363 2120 3414 versatus

464 3455 559 3524 sit,
590 3453 866 3525 ignotum
897 3457 1006 3508 est.
1052 3452 1225 3518 Quod
1251 3456 1455 3508 autem
1484 3449 1628 3515 dixi,
1661 3447 1944 3505 Basilium
1967 3463 2122 3503 nun-

464 3560 654 3617 quam
681 3544 742 3600 in
772 3542 1047 3600 haeresim
1083 3540 1501 3615 propendisse,
1552 3539 1662 3596 sed
1704 3538 1903 3595 solum
1945 3537 2123 3611 quasi

465 3629 783 3702 paululum
816 3632 1192 3686 commotum
1241 3625 1426 3683 fuisse
1457 3624 1536 3681 ad
1574 3624 1928 3682 callidorum
1972 3638 2123 3696 quo-

465 3718 750 3776 rumdam
777 3718 1093 3775 hominum
1110 3720 1310 3791 partes
1334 3713 1777 3788 suscipiendas,
1798 3713 1873 3770 de
1899 3728 1970 3770 eo
1996 3727 2123 3769 non

470 3812 639 3870 aliter
663 3809 967 3866 videbitur
1014 3808 1089 3877 ei,
1134 3806 1260 3879 qui,
1308 3821 1447 3878 quae
1499 3804 1872 3879 praecedunt,
1925 3802 2123 3874 legere

468 3900 741 3959 voluerit.
783 3898 936 3953 Sunt
973 3900 1177 3953 autem
1220 3895 1566 3966 ejusmodi:
1628 3893 1825 3951 Πολλὴν
1872 3911 1989 3945 τινα
2034 3896 2125 3944 καὶ

471 3988 891 4064 ὑπὲρϐάλλουσαν
965 3990 1057 4044 τήν
1114 4004 1169 4037 τε
1214 3988 1345 4056 πρὸς
1400 3982 1653 4043 ἀλλήλους
1702 3988 1792 4035 καὶ
1842 3987 1936 4041 τὴν
1991 3984 2126 4054 πρὸς

472 4085 564 4144 τὰς
623 4083 762 4142 θείας
816 4079 1022 4152 Γραφάς
1070 4071 1356 4148 διαφωνίαν
1412 4082 1513 4125 τῶν
1587 4072 1784 4125 πολλῶν
1855 4071 2122 4144 ἐθεώρουν·

2223 3001 2588 3073 caeteroquin
2643 3002 2705 3057 in
2746 3001 3049 3073 ejusmodi
3094 3002 3275 3059 rebus
3325 3000 3887 3072 diligentissimum,

2222 3105 2417 3162 usque
2429 3090 2582 3147 adeo
2593 3091 2734 3164 prtej
2745 3091 2985 3149 udicata
2997 3091 3281 3164 opinione
3302 3091 3678 3148 obcaecatum
3699 3090 3892 3147 fuisse

2224 3182 2292 3235 ut
2308 3194 2435 3235 non
2457 3179 2685 3236 videret
2704 3197 2842 3252 quae
2861 3180 3103 3252 legeret.
3125 3183 3300 3252 Nam,
3321 3184 3388 3237 ut
3399 3180 3528 3252 jam
3549 3179 3780 3251 monui,
3801 3178 3895 3237 ita.

2224 3263 2287 3323 in
2311 3268 2426 3325 hac
2454 3268 2595 3325 ﬁdei
2618 3268 2995 3341 professione
3020 3269 3312 3343 scriptum
3339 3269 3676 3326 invenitur:
3733 3268 3895 3321 Οὕτω

2228 3365 2528 3431 φρονοῦμεν,
2569 3363 2652 3411 κοὶ
2694 3359 2829 3411 οὕτω
2873 3357 3166 3432 βαπίζομεν
3210 3359 3284 3422 εἰς
3329 3355 3538 3434 Τριάδα
3585 3360 3890 3431 ὁμοούσιον.

2226 3445 2326 3503 Sic
2345 3448 2648 3518 sentimus,
2669 3440 2869 3521 sicque
2891 3449 3264 3518 baptizamus
3302 3450 3365 3505 in
3407 3449 3706 3504 Trinitate
3743 3462 3895 3504 con-

2227 3536 2636 3594 substantiali.
2659 3536 2775 3594 Sed
2794 3537 3011 3593 demus
3040 3552 3251 3594 vocem
3282 3539 3561 3611 ὁμοούσιος
3586 3536 3650 3592 in
3680 3536 3797 3593 hac
3817 3535 3894 3593 ﬁ-

2229 3624 2328 3681 dei
2355 3626 2726 3699 professione
2756 3626 2836 3683 ab
2866 3631 3110 3684 auctore
3157 3626 3625 3699 praetermissam
3671 3624 3892 3684 fuisse.

2230 3715 2384 3780 Quid
2404 3720 2532 3773 tum
2552 3720 2581 3771 ?
2610 3715 2892 3773 Basilium
2912 3714 3070 3772 illius
3091 3720 3401 3773 auctorem
3421 3731 3547 3772 non
3575 3731 3707 3772 esse
3724 3717 3752 3772 ‘I
3779 3715 3896 3771 sed

2230 3803 2293 3861 id
2320 3804 2462 3860 inde
2491 3803 2738 3860 minime
2768 3804 3057 3877 sequitur.
3090 3804 3353 3878 Scriptor
3385 3805 3566 3873 enim,
3607 3802 3896 3877 quisquis

2232 3896 2341 3963 est,
2369 3893 2455 3949 ita
2484 3893 2559 3949 de
2606 3892 2890 3950 Trinitate
2930 3892 3199 3967 loquitur
3244 3899 3412 3962 (tom.
3444 3897 3513 3965 ll,
3562 3907 3734 3951 novae
3762 3892 3862 3949 ed.
3873 3934 3898 3966 ,

2232 3998 2379 4057 pag.
2413 3984 2559 4052 228),
2592 3982 2740 4039 utin
2766 3998 2839 4039 ea
2865 3981 3017 4039 nihil
3045 3982 3379 4055 diversum,
3405 3983 3575 4057 quod
3598 3983 3679 4041 ad
3715 3985 3902 4040 natu-

2231 4088 2366 4130 ram
2394 4074 2623 4141 attinet,
2655 4077 2982 4143 agnoscat;
3033 4073 3144 4129 sed
3170 4073 3232 4130 in
3270 4073 3410 4147 ipsa
3433 4073 3711 4131 admittat
3737 4071 3904 4129 dun-

472 4175 563 4224 καὶ
593 4174 650 4223 τὸ
682 4162 1126 4243 φρικωδέστατον,
1182 4163 1373 4225 αὐτοὺς
1417 4165 1541 4224 τοὺς
1584 4170 1916 4236 προεστῶτας
1964 4160 2123 4223 αὐτῆς

2234 4165 2398 4219 taxat
2415 4162 2809 4236 proprietates
2831 4162 3156 4236 quasdam,
3186 4178 3341 4236 quas
3363 4163 3445 4220 ait
3467 4178 3739 4221 seorsum
3759 4164 3905 4221 uni-

474 4260 522 4312 ἐν
568 4262 801 4331 τοσαύτη
848 4259 936 4330 μὲν
981 4262 1044 4328 τῇ
1091 4257 1223 4329 πρὸς
1265 4252 1518 4315 ἀλλήλους
1565 4248 1794 4325 διαφορᾷ
1833 4257 2045 4325 γνώμης
2073 4271 2128 4305 τε

471 4354 562 4401 καὶ
593 4346 754 4410 δόξης
780 4348 1133 4410 καθεστῶτας,
1177 4345 1407 4416 τοσαύτῃ
1461 4338 1520 4394 δὲ
1566 4350 1627 4415 τῇ
1678 4346 1809 4415 πρὸς
1854 4344 1948 4404 τὰς
1994 4340 2130 4395 ἐντο-

472 4438 565 4500 λάς
592 4445 684 4490 τοῦ
713 4440 906 4510 Κυρίου
938 4436 1083 4507 ἡμῶν
1119 4432 1294 4491 Ἰησοῦ
1338 4439 1574 4507 Χριστοῦ
1623 4429 1943 4489 ἐναντιότητι
1983 4449 2130 4504 χρω-

474 4532 676 4602 μένους,
702 4530 793 4578 καὶ
822 4521 1157 4585 διασπῶντας
1187 4527 1275 4596 μὲν
1306 4521 1528 4582 ἀνηλεῶς
1557 4526 1650 4579 τὴν
1695 4519 2005 4578 Ἐκκλησίαν
2033 4528 2127 4574 τοῦ

477 4627 632 4685 Θεοῦ,
660 4616 1082 4691 ἐκταράσσοντας
1121 4610 1181 4667 δὲ
1205 4608 1433 4685 ἀφειδῶς
1456 4615 1513 4663 τὸ
1544 4616 1781 4683 ποίμνιον
1829 4610 2009 4677 αὐτοῦ,
2059 4614 2129 4675 ὡς

476 4714 566 4763 καὶ
596 4707 642 4760 ἐν
673 4706 851 4768 αὐτοῖς
879 4703 1212 4777 πληροῦσθαι
1239 4708 1348 4768 νῦν,
1378 4705 1515 4775 εἰπερ
1542 4704 1684 4768 ποτὲ,
1712 4708 1813 4752 τῶν
1867 4704 2128 4773 Ανομοίων

478 4796 806 4872 ἐπιφυέντων,
838 4797 918 4862 τὸ,
951 4794 1031 4845 ὅτι
1059 4790 1141 4854 Ἐξ
1171 4792 1313 4864 ὑμῶν
1344 4790 1510 4843 αὐτῶν
1531 4788 1920 4848 ἀναστήσονται
1940 4785 2129 4862 ἄνδρες

476 4888 745 4961 καλοῦντες
789 4881 1197 4957 διεστραμμένα,
1265 4872 1357 4933 τοῦ
1419 4877 1661 4950 ἀποσπᾷν
1722 4882 1843 4942 τοὺς
1888 4880 2129 4952 μαθητὰς

476 4977 645 5032 ὀπίσω
687 4977 876 5030 αὐτῶν.
934 4973 1160 5029 Multos
1201 4970 1473 5027 videbam
1513 4976 1569 5026 et
1615 4971 1775 5026 inter
1806 4984 1886 5036 se,
1948 4975 2003 5027 et
2062 4971 2127 5027 in

474 5069 697 5127 divinis
729 5065 949 5123 litteris
979 5060 1390 5132 intelligendis
1433 5059 1613 5116 valde
1641 5059 1964 5116 admodum
2003 5059 2128 5116 dis-

472 5158 711 5215 sentire.
739 5157 819 5211 Et
842 5152 1005 5226 quod
1031 5152 1296 5208 maxime
1315 5148 1678 5205 horrendum
1710 5154 1814 5213 est,
1856 5148 2128 5205 videbam

470 5248 628 5317 ipsos
652 5245 941 5302 Ecclesia;
960 5240 1277 5313 praefectos
1313 5239 1378 5294 in
1406 5242 1581 5294 tanta
1609 5238 1772 5294 inter
1792 5252 1855 5294 se
1898 5243 2132 5294 senten-

470 5337 570 5394 tia
589 5351 662 5393 ac
690 5334 985 5405 opinionis
999 5330 1342 5388 diversitate
1355 5327 1661 5399 constitui,
1673 5327 1874 5400 sicque
1888 5328 2139 5385 Domini

572 5461 619 5497 ³⁷
660 5462 788 5516 Act.
821 5474 922 5529 xx,
955 5458 1047 5515 30.

572 5584 658 5664 (α)
688 5582 956 5645 Combef.
990 5586 1135 5644 tom.
1159 5584 1228 5656 II,
1255 5598 1319 5657 p.
1355 5582 1479 5640 129.

2235 4252 2451 4325 cuique
2470 4266 2745 4325 personas
2773 4251 3113 4308 convenire.
3136 4252 3250 4309 Sed
3270 4251 3610 4309 audiendus
3630 4257 3720 4309 est
3737 4252 3904 4325 ipse.

2235 4341 2396 4397 Illius
2430 4341 2613 4413 igitur
2647 4341 2775 4398 11th
2806 4346 2990 4398 sunt:
3048 4341 3300 4395 Ἐκάστου
3351 4341 3602 4415 ὀνόματος
3647 4346 3743 4403 τὴν
3794 4353 3903 4398 τοῦ

2237 4431 2615 4504 ὀνομαζομένου
2659 4426 2904 4488 ἰδιότητα
2947 4439 3124 4502 σαφῶς
3154 4432 3279 4503 ἡμῖν
3320 4427 3757 4507 διευκρινοῦντος,
3801 4438 3904 4487 καὶ

2233 4521 2353 4589 περὶ
2384 4516 2604 4569 ἑκάστου
2634 4524 2733 4568 τῶν
2764 4515 3150 4588 ὀνομαζομένων
3178 4518 3383 4579 πάντως
3420 4524 3571 4568 τινῶν
3620 4514 3903 4590 ἐξαιρέτων

2238 4602 2533 4679 ἰδιωμάτων
2588 4603 2811 4666 εὐσεϐῶς
2867 4607 3241 4679 θεωρουμένων·
3298 4612 3392 4658 τοῦ
3442 4607 3532 4679 μὲν
3594 4608 3799 4677 Ππρός
3843 4605 3903 4659 ἐν

2233 4714 2306 4768 τῳ
2338 4692 2589 4767 ἰδιώματι
2617 4701 2709 4747 τοῦ
2737 4695 2954 4767 πατρὸς,
2999 4701 3091 4746 τοῦ
3140 4690 3201 4747 δὲ
3247 4696 3372 4747 Υἱοῦ
3420 4693 3468 4746 ἄν
3514 4714 3589 4767 τῳ
3638 4690 3906 4767 ἰδιώματι

2234 4793 2326 4839 τοῦ
2369 4787 2506 4852 υἱοῦ,
2534 4791 2625 4837 τοῦ
2667 4780 2728 4836 δὲ
2774 4783 2926 4857 ἁγίου
2966 4786 3262 4858 Πνεῦματος
3310 4783 3359 4836 ἓν
3401 4804 3474 4856 τῳ
3521 4784 3693 4857 οἰκείῳ
3734 4780 3903 4836 ἰδιῶ-

2236 4894 2383 4948 ματι.
2443 4874 2676 4930 Nomen
2744 4878 2946 4930 autem
3009 4873 3314 4945 quodlibet
3350 4873 3676 4945 quamdam
3720 4872 3906 4932 illius

2237 4966 2343 5037 qui
2366 4963 2720 5020 nominatur
2746 4963 3176 5033 proprietatem
3223 4963 3392 5019 nobis
3437 4963 3756 5033 manifeste
3788 4976 3909 5019 ex—

2230 5055 2490 5125 plicat;
2562 5059 2744 5125 atque
2821 5054 2885 5110 in
2975 5068 3336 5126 unoquoque
3416 5054 3905 5124 nominatorum,

2237 5146 2479 5202 omnino
2502 5144 2605 5215 pie
2619 5145 2957 5214 peculiares
2978 5142 3254 5215 quaedam
3276 5145 3683 5215 proprietates
3708 5145 3913 5202 consi-

2238 5235 2559 5307 derantur,
2608 5235 2798 5292 Pater
2842 5233 3081 5305 quidem
3136 5234 3201 5288 in
3237 5236 3618 5304 proprietate
3671 5235 3908 5307 patris,

2238 5326 2436 5384 Filius
2455 5340 2594 5385 vero
2615 5326 2679 5383 in
2706 5325 3082 5395 proprietate
3101 5324 3508 5396 ﬁlii,»sanctus
3537 5330 3738 5384 autem
3756 5323 3911 5396 Spi-
