4058 6192
173 310 229 362 Π
1698 303 2081 361 PREFATIO.
3520 316 3591 369 78

173 431 311 487 ritus
333 430 399 486 in
425 446 549 488 sua
574 432 764 501 ipsius
788 433 1194 503 proprietate.
1226 431 1454 489 Viderit
1482 446 1626 501 ergo
1656 432 1825 487 Com-

1945 431 2129 505 εὑρεῐν,
2159 436 2326 484 ταῦτα
2350 435 2416 494 ὡς
2441 430 2556 494 ξένα
2583 435 2673 486 καὶ
2704 430 2949 510 ἀλλότρια
2970 420 3065 498 τῆς
3105 434 3346 500 εὐσεϐοῦς
3365 440 3589 501 πίστεως

169 519 416 589 beﬁsius,
443 521 772 593 quomodo
796 521 941 578 ﬁdei
971 522 1283 595 professio,
1307 537 1444 595 quae
1473 521 1534 577 in
1552 520 1830 577 Trinitate

168 626 281 667 non
304 615 623 681 naturam,
648 610 758 668 sed
787 611 1097 684 quasdam
1122 610 1545 669 tantummodo
1565 609 1828 683 proprie-

168 704 307 755 tates
346 698 701 771 distinguit,
754 700 935 756 tribui
990 700 1182 773 possit
1218 698 1545 769 Eustathio,
1593 698 1701 772 qui
1748 697 1830 755 ad

166 794 516 845 mter-orum
542 789 1121 847 Macedonianorum
1155 789 1555 846 imitationem
1596 792 1827 845 naturae

162 877 532 935 identitatem
560 879 627 935 in
656 879 937 936 Trinitate
961 883 1227 950 negaret.
1250 881 1400 935 Cum
1426 882 1628 935 autem
1657 880 1829 935 Com-

163 967 402 1024 mins
422 969 628 1025 semel
652 969 714 1025 in
739 969 1016 1027 animum
1035 969 1369 1026 induxisset
1386 985 1584 1032 suum,
1616 982 1829 1024 vocem

163 1060 431 1129 ἑμοούσιος
495 1058 562 1114 in
612 1058 734 1115 hoc
773 1060 865 1116 De
904 1059 1028 1129 ﬁde
1067 1057 1268 1115 libello
1310 1057 1522 1114 deesse
1563 1057 1727 1129 (tom.
1758 1058 1826 1129 Il,

165 1163 288 1220 pag.
324 1152 488 1217 £29),
518 1149 654 1205 haec
683 1148 916 1205 addidit
947 1166 960 1202 :
993 1150 1103 1218 Qui
1129 1150 1247 1219 ipsi
1280 1148 1565 1221 [mitiores
1590 1147 1829 1218 Ariani]

161 1240 235 1296 sic
252 1254 333 1295 es:
353 1241 537 1310 putis
553 1241 736 1310 puris
750 1239 1088 1310 Scriptura?
1104 1239 1291 1297 verbis
1311 1255 1452 1297 suas
1472 1239 1628 1296 alias
1647 1239 1819 1296 alias-

158 1343 261 1399 que
271 1330 702 1398 professiones
719 1329 1128 1399 adornabant,
1141 1330 1523 1401 Nicamisque
1539 1327 1831 1385 Patribus

155 1421 473 1486 probatam
496 1434 725 1487 vocem,
743 1434 865 1490 qua
887 1419 1080 1475 omnis
1104 1434 1302 1476 eorum
1326 1419 1598 1492 ὁμωνυμία
1617 1419 1680 1474 in
1706 1419 1834 1474 Tri.

154 1510 361 1565 uitatis
388 1509 696 1578 mysterio
723 1508 1087 1577 eliciebatur,
1116 1508 1499 1578 respuebant,
1534 1522 1716 1580 eoque
1744 1508 1834 1564 in-

156 1605 321 1656 vento
339 1597 740 1667 simplicibus
760 1598 969 1667 fucum
1001 1596 1310 1667 faciebant
1333 1612 1359 1655 .·
1378 1596 1506 1665 sed,
1525 1612 1663 1653 cum
1686 1612 1830 1653 con-

162 1692 263 1745 stet
286 1702 523 1744 vocem
554 1688 839 1759 ὁμοούσιος
866 1685 929 1743 in
957 1686 1074 1743 hac
1100 1685 1242 1743 ﬁdei
1261 1684 1636 1759 professione
1665 1701 1833 1759 repe-

1938 523 2243 574 παντάπασι
2266 524 2863 598 παραιτούμενοςλὶιιῖη
2886 526 3078 596 igitur
3097 528 3380 584 adversus
3404 528 3591 586 hare-

1935 625 2024 667 ses
2046 613 2216 668 vario
2240 618 2496 684 tempore
2521 620 2762 671 ett-ortas
2779 616 3182 686 pugnandum
3212 623 3377 682 esset,
3396 622 3591 690 majo-

1934 714 2073 756 rum
2090 704 2366 772 exempla
2384 709 2639 774 secutus,
2649 718 3009 776 consequens
3023 722 3144 764 esse
3159 708 3592 781 existimavi,ut

1935 791 2064 859 ejus
2084 806 2214 860 quae
2244 806 2282 847 a
2306 792 2549 848 diabolo
2575 794 2802 849 seritur
2822 794 3144 864 impietatis
3176 797 3385 855 habita
3413 800 3597 856 ratio-

1934 892 2028 949 ne,
2051 894 2149 935 eas
2169 895 2288 952 qua
2313 881 2690 938 inducuntur
2712 882 3109 952 blasphemias
3132 887 3439 944 vocabulis
3460 903 3594 945 con-

1935 968 2140 1024 trariis
2178 969 2524 1041 cohiberem,
2573 978 2681 1028 aut
2721 973 2904 1030 etiam
2952 979 3278 1032 everterem
3307 990 3332 1032 .·
3359 982 3413 1032 et
3451 978 3594 1034 aliis

1936 1060 2117 1129 atque
2137 1059 2277 1115 aliis
2302 1061 2496 1116 verbis
2520 1067 2698 1130 prout
2720 1067 3133 1133 tegrotantium
3164 1066 3401 1121 utilitas
3432 1082 3595 1138 coge-

1939 1146 2062 1212 bat,
2101 1153 2343 1222 uterer;
2383 1165 2517 1221 quae
2552 1152 2789 1208 etiamsi
2829 1169 2984 1223 saepe
3029 1171 3150 1211 non
3177 1156 3599 1214 invenirentur

1936 1239 2185 1307 scripta,
2216 1245 2417 1296 tamen
2448 1256 2486 1297 a
2511 1242 2611 1311 pio
2648 1241 2982 1313 Scriptura,
3010 1259 3185 1300 sensu
3223 1262 3343 1302 non
3381 1247 3600 1313 abhor-

1936 1326 2150 1384 rebant
2170 1344 2192 1385 .·
2219 1331 2380 1400 quod
2398 1332 2724 1401 Apostolus
2751 1348 2986 1405 quoque
3005 1350 3123 1390 non
3146 1350 3289 1392 raro
3305 1337 3475 1406 fecit,
3494 1338 3602 1409 qui

1943 1416 2285 1475 Graecorum
2311 1419 2503 1477 verbis
2528 1428 2933 1492 congruenter
2951 1438 3051 1480 suo
3072 1426 3374 1494 proposito
3395 1441 3602 1484 conve-

1939 1507 2286 1578 nienterque
2310 1510 2403 1565 uti
2420 1525 2536 1565 non
2554 1510 2882 1579 fastidivit.
2911 1512 3093 1569 Nunc
3114 1518 3315 1571 autem
3344 1531 3600 1572 commu-

1940 1597 2012 1651 ni
2034 1612 2210 1666 scopo
2228 1603 2351 1654 tam
2378 1604 2585 1655 nostro
2604 1614 2785 1672 quam
2810 1607 3004 1659 vestro
3028 1604 3347 1660 convenire
3358 1606 3599 1677 putavi,

1940 1686 1993 1743 si
2015 1686 2078 1742 in
2108 1702 2271 1744 sana)
2293 1688 2438 1757 ﬁdei
2462 1689 2857 1759 simplicitate
2882 1707 3164 1764 sequerer
3191 1698 3403 1751 vestrm
3430 1695 3602 1751 istius

160 1778 265 1847 riri,
285 1775 587 1834 totum-id
607 1775 960 1833 Combeﬁsii
991 1780 1410 1847 argumentum
1441 1790 1549 1848 per
1569 1791 1634 1832 se
1657 1791 1830 1832 ruere
1861 1781 1903 1836 Β
1940 1776 2003 1832 in
2037 1775 2279 1832 Christo
2308 1777 2644 1834 dilectionis
2682 1781 3066 1851 mandatum,
3096 1797 3282 1854 eaque
3318 1784 3600 1855 dicerem,

161 1866 377 1937 vident,
407 1866 667 1939 opinor,
696 1880 936 1923 omnes:
967 1865 1233 1937 Denique
1261 1881 1400 1922 cum
1434 1863 1829 1922 Combeﬁsius

160 1956 332 2028 paulo
370 1960 527 2029 post
569 1955 885 2012 incidisset
926 1955 990 2012 in
1029 1954 1149 2012 alia
1195 1955 1296 2012 illa
1329 1954 1604 2027 ejusdem
1646 1953 1832 2011 libelli

158 2044 332 2101 verba
368 2047 557 2114 (tom.
607 2047 658 2100 ll
699 2059 875 2101 novas
908 2044 1031 2115 ed.,
1060 2059 1203 2116 pag,
1234 2047 1358 2115 228)
1394 2062 1407 2100 :
1439 2048 1620 2119 Διόπερ
1651 2062 1827 2118 παρα-

157 2135 283 2187 καὶῶ
338 2140 438 2188 καὶ
493 2130 729 2207 δέομαι,
784 2137 1150 2207 παυσαμένους
1203 2142 1299 2196 τῆς
1332 2138 1618 2207 ’περιέργου
1673 2135 1830 2195 ζητή-

160 2244 274 2286 σεως
296 2232 395 2279 καὶ
435 2223 717 2299 ἀπρεποῦς
743 2223 1096 2297 λογομαχίας,
1128 2222 1403 2298 ἀρκεῖσθαι
1441 2232 1551 2286 τοῖς
1588 2227 1688 2277 ὑπὸ
1726 2232 1826 2277 τῶν

153 2315 305 2385 ἁγίων
352 2319 455 2367 καὶ
502 2317 673 2366 αὐτοῦ
714 2320 806 2365 τοῦ
857 2317 1049 2385 Κυρίου
1097 2312 1404 2388 εἰρημένοις,
1446 2313 1829 2383 Quapropter

150 2405 451 2461 adhortor
486 2418 593 2460 vos
619 2408 675 2459 et
696 2418 844 2471 rcgo
864 2408 932 2458 ut
956 2404 1133 2459 missa
1155 2404 1395 2460 curiosa
1414 2403 1824 2473 inquisitione,

150 2496 489 2567 relictaque
508 2493 821 2550 indecenti
844 2492 1158 2550 verborum
1182 2494 1575 2561 contentione,
1599 2494 1669 2548 iis
1696 2508 1827 2564 quae

151 2600 185 2641 α
217 2586 458 2642 sanctis
499 2590 558 2642 et
592 2585 673 2641 ab
710 2585 842 2653 ipso
887 2584 1142 2640 Domino
1170 2584 1336 2640 dicta
1364 2590 1528 2655 sunt,
1559 2585 1826 2640 contenti

150 2676 297 2743 sitis,
318 2675 406 2731 ita
437 2676 807 2747 persecutus
827 2676 921 2729 est
944 2691 959 2726 :
979 2673 1313 2742 Scriptores
1338 2675 1656 2731 canonicos
1680 2673 1824 2730 velit

150 2771 200 2821 et
221 2765 566 2835 apostolos,
590 2762 678 2819 ad
696 2777 844 2834 quos
873 2777 1023 2818 unos
1042 2768 1353 2833 provocat,
1375 2764 1534 2820 nihil
1553 2765 1704 2820 dans
1734 2768 1823 2823 vel

145 2854 457 2918 Ecclesia,
491 2854 592 2910 vel
620 2854 901 2921 Patrum,
922 2852 1029 2923 qui
1044 2854 1235 2909 secuti
1257 2860 1419 2916 sunt,
1442 2856 1818 2912 auctoritati.

146 2946 437 3012 Primum,
462 2959 617 2999 cum
647 2943 906 3015 scriptor
932 2942 1060 3014 ipse
1078 2957 1227 2999 voce
1247 2945 1526 3015 ὁμοούσιος
1546 2960 1694 2999 usus
1720 2945 1814 3009 sit,

144 3034 539 3108 perspicuum
570 3036 665 3088 est
685 3047 827 3087 eum
849 3046 974 3088 non
1000 3030 1080 3088 ad
1109 3047 1262 3088 unos
1293 3032 1612 3104 scriptores
1636 3048 1817 3090 cano-

1940 1881 2073 1937 quas
2101 1881 2138 1923 a
2165 1882 2335 1924 sacra
2360 1869 2679 1939 Scriptura
2709 1872 3082 1940 accepissem,
3112 1874 3218 1930 sed
3238 1875 3345 1944 sic,
3375 1880 3443 1930 ut
3458 1889 3602 1944 par-

1939 1970 2043 2011 cus
2068 1956 2178 2012 sim
2221 1957 2287 2012 in
2331 1957 2447 2013 illis
2482 1959 2827 2016 nominibus
2865 1966 2923 2016 et
2966 1962 3162 2018 verbis
3205 1966 3600 2034 usurpandis,

1937 2060 2067 2117 quae
2097 2046 2240 2115 ipsis
2273 2047 2497 2103 litteris
2525 2054 2581 2104 et
2609 2049 2865 2119 syllabis
2905 2052 2970 2108 in
3019 2053 3232 2110 divina
3274 2054 3601 2125 Scriptura

1934 2149 2055 2190 non
2076 2137 2488 2205 reperiuntur,
2503 2140 2744 2196 tametsi
2760 2154 2890 2197 eam
2903 2156 3084 2213 quam
3106 2144 3430 2214 Scriptura
3446 2160 3601 2215 prae-

1933 2223 2058 2293 fert
2082 2226 2441 2283 sententiam
2471 2234 2717 2285 servant
2741 2244 2763 2284 .·
2792 2245 2926 2301 quae
2964 2246 3101 2288 vero
3124 2239 3355 2303 prater
3381 2235 3597 2291 dictio-

1934 2312 2028 2369 nis
2056 2315 2383 2372 novitatem
2404 2332 2624 2374 novum
2656 2320 2834 2376 etiam
2861 2325 2916 2376 et
2934 2324 3326 2393 peregrinum
3354 2339 3594 2383 sensum

1932 2402 2099 2459 nobis
2121 2405 2418 2475 exhibent,
2451 2423 2700 2479 quaeque
2722 2424 2845 2466 non
2874 2411 3268 2469 inveniuntur
3296 2424 3593 2486 usurpata

1932 2506 1971 2549 a
1996 2496 2241 2567 sanctis,
2265 2511 2334 2553 ea
2356 2497 2448 2553 uti
2467 2499 2797 2569 peregrina
2825 2504 2881 2556 et
2907 2516 2945 2558 a
2968 2503 3076 2570 pia
3096 2503 3218 2572 ﬁde
3242 2505 3446 2561 aliena
3476 2522 3593 2563 om-

1930 2583 2076 2640 nino
2101 2599 2363 2642 averser.
2387 2585 2636 2642 Basilius
2659 2587 3051 2662 igitur,quasi
3064 2577 3446 2664 praevidisset
3464 2611 3591 2652 non

1930 2671 2267 2743 defuturos,
2301 2675 2407 2747 qui
2451 2674 2683 2748 aliquot
2709 2693 2837 2735 suae
2877 2678 3271 2752 professionis
3316 2683 3502 2741 verba
3526 2686 3589 2742 in

1929 2763 2156 2820 malam
2181 2769 2417 2837 partem
2445 2765 3000 2839 interpretarentur,
3019 2772 3144 2826 tam
3164 2770 3322 2828 clare
3345 2776 3587 2848 tamque

1927 2853 2190 2910 dilucide
2219 2858 2486 2911 mentem
2512 2872 2688 2913 suam
2707 2857 2825 2915 hoc
2851 2857 2988 2916 loco
3008 2862 3265 2933 aperuit,
3289 2867 3355 2920 ut
3381 2864 3589 2921 omnia

1924 2944 2229 3001 malorum
2283 2943 2679 3017 interpretum
2726 2953 3088 3017 argumenta
3132 2954 3584 3026 praeoccuparit.

1925 3033 2018 3090 Ait
2057 3034 2241 3104 enim,
2284 3049 2368 3102 se,
2404 3050 2546 3090 cum
2578 3038 3004 3106 aagrotantium
3052 3040 3276 3098 utilitas
3324 3048 3583 3113 cogeret,

145 3125 306 3181 uicos
330 3121 1011 3197 provocare.Alioquin
1030 3121 1190 3178 enim
1214 3121 1565 3194 secumipse
1586 3137 1816 3195 pugna-
1845 3136 1887 3193 ο
1926 3123 2057 3180 aliis
2087 3128 2266 3196 atque
2300 3123 2429 3179 aliis
2455 3123 2656 3181 verbis
2687 3140 2868 3182 usum
2915 3143 3072 3199 esse,
3104 3144 3228 3186 non
3254 3135 3460 3188 tamen
3488 3132 3582 3188 in-

145 3220 243 3282 ret,
280 3230 431 3270 cum
466 3227 626 3269 voce
672 3212 955 3283 ὀμοούσιος
994 3214 1236 3269 utatur:
1278 3227 1416 3283 qua
1449 3227 1570 3268 vox
1611 3216 1817 3269 tamen

145 3319 458 3379 nusquam
487 3302 555 3359 in
600 3301 923 3374 Scripturis
951 3302 1228 3358 occurrit.
1271 3302 1518 3373 Deinde,
1549 3302 1717 3376 quod
1736 3303 1821 3360 ait

145 3409 241 3450 nos
271 3399 604 3451 contentos
632 3406 760 3449 esse
789 3391 1002 3447 debere
1030 3392 1102 3447 iis
1143 3406 1277 3464 quae
1318 3407 1356 3449 a
1394 3394 1621 3449 sanctis
1649 3398 1705 3449 et
1743 3393 1817 3449 ab

142 3485 263 3553 ipso
277 3484 548 3540 Domino
562 3482 736 3537 dicta
755 3487 919 3549 sunt,
938 3478 1003 3536 id
1026 3481 1108 3537 ita
1127 3481 1320 3553 accipi
1336 3486 1587 3555 oportet,
1611 3486 1675 3539 ut
1693 3497 1818 3539 non

146 3576 362 3630 temere
391 3574 461 3630 in
496 3569 873 3644 explicanda
902 3569 1020 3627 ﬁde
1040 3569 1379 3643 quidquam
1405 3572 1666 3628 addatur
1692 3587 1819 3628 ver-

146 3665 232 3720 bis
250 3670 361 3721 aut
378 3661 658 3727 Domini,
678 3666 784 3717 aut
803 3660 1163 3734 scriptorum
1184 3662 1639 3721 canonicorum.
1659 3665 1726 3719 Et
1743 3679 1820 3722 ne

142 3756 277 3828 quis
300 3755 473 3811 hanc
502 3750 1006 3824 explanationem
1034 3752 1333 3809 existimet
1358 3768 1481 3809 non
1512 3753 1818 3827 scriptoris

144 3860 291 3911 esse,
332 3842 454 3900 sed
483 3855 718 3910 meam,
750 3839 907 3895 illius
933 3839 1121 3897 verba
1149 3856 1485 3914 apponam.
1523 3844 1616 3899 Sic
1643 3843 1822 3915 igitur

140 3931 411 4007 bquitur
430 3930 644 4004 (ἰδίει,
667 3946 730 4003 p.
756 3933 884 3993 224)
912 3928 1074 3993 εἘως
1093 3933 1181 4004 μὲν
1204 3928 1291 3984 οὖν
1313 3933 1664 4004 ἀγωνίζεσθαι
1689 3938 1819 4008 πρὸς

141 4028 227 4086 τὰς
256 4018 693 4095 ἐξανισταμένας
722 4023 858 4072 κατὰ
890 4024 1068 4095 καιρὸν
1107 4022 1331 4096 αἱρέσεις
1359 4025 1547 4098 εχρῆν,
1579 4026 1819 4097 ἑπόμενος

142 4120 241 4177 τοῖς
288 4112 709 4186 προειληφόσιν,
755 4108 1032 4163 ἀκόλουθον
1082 4111 1321 4184 ἡγούμην
1368 4120 1431 4185 τῇ
1479 4108 1680 4188 διαφρᾴ
1724 4123 1821 4177 τῆς

142 4201 593 4277 ﬁrmi.an
611 4202 714 4252 ὑπὸ
734 4207 828 4253 τοῦ
849 4196 1096 4253 διαϐόλου
1127 4199 1386 4268 ἀσεϐείας,
1399 4208 1515 4263 ταῖς
1536 4201 1819 4266 ἀντιθέτοις

143 4299 325 4364 ξυναῖς
348 4291 610 4358 κωλύειν,
628 4290 658 4347 ἦ
684 4292 775 4341 καὶ
805 4286 1099 4362 ἀνατρέπειν
1116 4292 1211 4351 τὰς
1232 4288 1551 4363 ἐπαγομένας
1581 4289 1820 4365 βλασφη-

144 4388 278 4450 μὲας,
290 4388 389 4435 καὶ
412 4380 610 4433 ἄλλοτε
627 4377 829 4448 ἄλλαις,
850 4376 989 4439 ὡςᾶν
1009 4381 1039 4437 ἡ
1064 4383 1224 4451 χρεία
1237 4388 1337 4431 τῶν
1353 4383 1639 4433 νοσούντων
1659 4401 1820 4440 κατη-

1925 3213 2387 3270 discriminatim
2434 3213 2740 3283 omnibus,
2786 3215 2894 3272 sed
2933 3217 3006 3273 iis
3053 3217 3378 3290 duntaxat,
3419 3237 3581 3295 quas,

1925 3302 2163 3360 etiamsi
2208 3317 2367 3375 saepe
2413 3316 2538 3359 non
2585 3303 2999 3363 invenirentur
3036 3308 3280 3382 scripta,
3313 3313 3516 3367 tamen
3548 3327 3585 3367 a

1924 3393 2026 3466 pio
2057 3392 2376 3464 Scriptura:
2399 3407 2587 3448 sensu
2606 3407 2730 3448 non
2751 3393 3165 3454 abhorrerent.
3199 3398 3462 3471 Scriptor
3480 3399 3586 3471 igi-

1926 3487 2024 3539 tur
2049 3497 2174 3538 non
2202 3481 2254 3537 is
2283 3484 2429 3548 erat,
2462 3482 2589 3555 qui,
2618 3484 2683 3539 ut
2711 3481 2868 3540 falso
2906 3487 3140 3556 putavit
3167 3487 3581 3558 Combeﬁsius,

1929 3589 2075 3629 suas
2104 3571 2248 3628 ﬁdei
2289 3570 2700 3643 professiones
2737 3588 2811 3629 ex
2858 3574 3025 3645 puris
3065 3576 3225 3647 putis
3266 3577 3583 3650 Scriptura;

1927 3661 2126 3720 verbis
2174 3660 2482 3717 mitiorum
2536 3660 2901 3717 Arianorum
2951 3662 3230 3736 exemplo
3282 3664 3584 3723 adornare

1928 3751 2127 3817 vellet,
2159 3766 2298 3806 cum
2328 3750 2458 3822 ipse
2484 3748 2860 3822 quibusdam
2885 3751 3110 3821 verbis,
3141 3768 3278 3824 quas
3319 3770 3478 3827 saepe
3522 3755 3585 3812 in

1930 3842 2237 3914 Scriptura
2263 3855 2389 3896 non
2427 3837 2914 3909 inveniebantur,
2955 3839 3288 3914 aliquando
3336 3845 3421 3901 uti
3458 3861 3585 3902 non

1926 3928 2307 3987 dubitaverit.
2325 3930 2573 3985 Constat
2590 3943 2836 4001 quoque
2853 3928 3022 3985 exiis
3042 3946 3179 4003 quae
3201 3932 3387 3989 modo
3408 3935 3586 3991 retuli

1926 4018 2147 4091 verbis,
2161 4021 2471 4075 auctorem
2488 4033 2612 4073 non
2634 4018 2887 4076 omnino
2916 4021 3219 4093 respuisse
3249 4022 3432 4079 verba
3456 4023 3582 4092 illa,

1926 4126 2064 4183 qua:
2091 4110 2155 4165 in
2186 4108 2504 4182 Scripturis
2532 4123 2656 4165 non
2685 4108 3050 4181 legerentur,
3070 4111 3179 4167 sed
3209 4111 3270 4168 in
3294 4112 3387 4168 his
3414 4113 3583 4169 adhi-

1926 4199 2140 4256 bendis
2167 4213 2424 4271 parcum
2453 4197 2645 4254 fuisse
2673 4216 2687 4255 :
2714 4214 2789 4255 ex
2808 4214 2934 4271 quo
2959 4198 3045 4265 ﬁt,
3079 4204 3291 4257 utnon
3313 4202 3395 4260 ad
3422 4218 3581 4259 unos

1927 4290 2249 4362 scriptores
2298 4288 2646 4355 canonicos,
2694 4287 2781 4344 uti
2827 4288 2979 4346 falso
3024 4289 3137 4346 sibi
3187 4291 3584 4349 Combeﬁsius

1928 4382 2336 4454 persuaserat,
2357 4378 2717 4450 provocarit.
2750 4381 2869 4434 Nec
2897 4378 3116 4448 verius,
3143 4381 3313 4453 quod
3336 4381 3585 4439 Combe-

144 4476 390 4543 νήττης-ε,
426 4476 525 4522 καὶ
548 4472 773 4529 ταύταις
794 4466 1038 4529 πολλάκις
1063 4466 1318 4543 ἀγράφοις
1346 4473 1456 4543 μὲν,
1489 4472 1628 4543 ὅμως
1658 4469 1706 4524 δ’
1730 4469 1818 4525 οὖν

1932 4471 2100 4526 ﬁsius
2146 4468 2316 4538 dixit,
2354 4468 2707 4539 scriptorem
2746 4467 2897 4523 nihil
2934 4468 3175 4527 dedisse
3223 4472 3584 4549 auctoritati,

148 4560 232 4612 σὲι
252 4561 685 4632 ἀπίξιγωριέναις
702 4564 798 4617 τῆς
812 4559 946 4608 κατὰ
962 4561 1055 4615 τὴν
1075 4563 1280 4633 Γραφήν
1296 4557 1536 4622 εὐσεϐοῦς
1560 4557 1816 4625 διανοίας·

147 4648 294 4703 τοῦἊ
302 4649 587 4703 Μόλου
600 4644 821 4698 πολλάκι
831 4665 851 4706 ς
863 4649 950 4697 καὶ
962 4644 1273 4709 Ἑλληνικοῖς
1287 4648 1493 4721 ῥήμασι
1506 4669 1547 4720 χ
1552 4654 1616 4724 ρή
1627 4654 1825 4723 σασθαι

152 4745 206 4811 ςέ
226 4740 717 4816 παραιτησαμένου
738 4737 870 4808 πρὸς
892 4738 977 4787 τὸν
993 4732 1130 4789 ἴδιον
1153 4741 1369 4796 σκοπόν.
1384 4745 1489 4791 Νῦν
1509 4736 1571 4793 δε
1582 4745 1717 4817 πρὸς
1737 4747 1825 4795 τὸν

150 4850 303 4883 δυο-ι
328 4831 491 4903 ἑ
522 4847 584 4880 τε
611 4831 705 4879 καὶ
726 4827 870 4898 ὑμῶν
900 4830 1091 4878 σκοπὸν
1131 4826 1359 4902 ἁρμόζον
1399 4826 1742 4904 ἐλογισάμην,
1778 4830 1826 4884 ἕν

154 4919 401 4977 sum.
421 4928 489 4977 τῆ
504 4940 529 4981 ς
550 4918 904 4989 ὑγιαινούσης
924 4920 1170 4986 πίστεως,
1194 4920 1253 4969 τὸ
1286 4916 1553 4991 ἐπίταγμα
1576 4928 1672 4982 τῆς
1699 4921 1828 4994 ὑμε-

154 5026 285 5081 τῳας
318 5009 369 5062 ἐν
404 5016 636 5083 Χριστώ
671 5004 887 5076 ἀγάπης
932 5003 1229 5080 πληρῶσαι,
1265 5006 1419 5058 εἰπὼν
1463 5008 1497 5059 ἄ
1527 5004 1830 5082 ἐδιδάχθην

160 5104 281 5170 ταρὰ
300 5109 401 5161 τῆς
420 5098 785 5163 θωπνεύστου
806 5100 1037 5170 Γραφήςο
1060 5091 1357 5167 φειδόμενος
1377 5099 1472 5169 μὲν
1486 5102 1696 5149 καὶτῶν
1723 5098 1830 5152 ὀνο-

165 5192 313 5255 ;érén
330 5190 572 5254 ἐκείνων,
592 5185 633 5237 οἷ
650 5184 822 5247 iiiis:
854 5186 947 5256 μὲν
976 5182 1154 5245 αὐταῖς
1183 5184 1278 5236 οὐκ
1308 5183 1581 5260 ἐμφέρεται
1606 5195 1693 5261 τῇ,
1721 5190 1833 5262 θείᾳ

171 5280 341 5349 frag,
370 5276 626 5330 ambigui-1
652 5294 715 5346 γε
745 5278 853 5347 μὴν
878 5276 978 5329 τὴν
1008 5274 1201 5331 ἐκείνην
1233 5276 1529 5347 ἓγκειμένην
1553 5284 1616 5348 τῇ
1654 5283 1827 5352 Γραφῇ

174 5360 417 5429 3min-
440 5368 556 5420 ὅσα
577 5362 643 5418 δὲ
666 5367 800 5439 πρὸς
816 5381 894 5434 τῳ
914 5360 1038 5432 ξένῳ
1059 5369 1151 5423 τῆς
1168 5360 1346 5425 λέξεως
1368 5366 1442 5416 ἔτι
1462 5370 1679 5418 καινοῦν
1697 5366 1832 5429 ξένον

178 5454 268 5525 {ab
288 5457 683 5531 ἐπεισάγει,καὶ
702 5453 742 5506 ἀ
759 5452 861 5505 οὐκ
878 5454 1025 5504 ἔστιν
1047 5451 1143 5503 ὑπὸ
1161 5460 1260 5505 τῶν
1281 5452 1440 5525 ἁγίων
1461 5460 1837 5530 κηρυσσόμενα

226 5587 297 5658 (ο)
334 5587 439 5645 Vi:
466 5584 636 5645 des.
660 5581 899 5654 Basile,
930 5593 997 5652 p.
1030 5580 1156 5635 635.

1931 4574 2129 4633 neque
2156 4556 2454 4625 Ecclesiae,
2485 4572 2684 4629 neque
2712 4572 2921 4613 eorum
2955 4559 3063 4630 qui
3093 4560 3280 4616 secuti
3308 4567 3449 4618 sunt
3484 4565 3587 4619 Pa-

1931 4656 2112 4707 trum.
2146 4647 2256 4714 Qui
2286 4646 2449 4703 enim
2477 4661 2549 4703 ea
2578 4645 2705 4703 sola
2740 4646 2950 4718 verba,
2978 4664 3114 4721 quae
3140 4654 3358 4723 praeter
3384 4651 3590 4708 dictio-

1932 4740 2029 4797 nis
2058 4737 2383 4795 novitatem
2406 4752 2638 4792 novum
2657 4735 2838 4793 etiam
2857 4740 2916 4794 et
2933 4739 3319 4811 peregrinum
3340 4756 3589 4797 sensum

1934 4828 2278 4903 praeferunt,
2309 4824 2605 4898 repudiat,
2631 4825 2683 4881 is
2711 4831 2870 4882 certe
2892 4832 2948 4883 et
2968 4828 3247 4885 Ecclesiae
3268 4835 3324 4885 et
3345 4833 3587 4886 Patrum

1937 4916 2358 4975 auctoritatem
2403 4914 2579 4987 sequi
2624 4918 2873 4986 paratus
2911 4920 3021 4973 est.
3072 4919 3268 4973 Unum
3317 4918 3365 4973 si
3415 4916 3589 4973 addi-

1937 5007 2104 5075 dero,
2155 5005 2234 5061 ad
2264 5008 2480 5060 caetera
2521 5018 2803 5075 pergam.
2856 5005 3100 5063 Dubitat
3140 5008 3229 5063 vir
3257 5005 3593 5063 eruditissi-

1937 5113 2075 5153 mus
2103 5092 2515 5151 Tillemontius
2551 5093 2659 5165 (a),
2701 5100 2904 5151 utrum
2944 5110 3036 5165 ea,
3079 5095 3155 5151 de
3194 5111 3319 5167 qua
3346 5099 3591 5153 contro-

1937 5184 2139 5242 versia
2168 5186 2276 5251 est,
2305 5182 2446 5239 ﬁdei
2476 5183 2800 5255 professio,
2832 5184 2968 5244 ipsa
3009 5183 3103 5249 sit,
3130 5199 3319 5256 quam
3342 5185 3597 5243 Basilius

1939 5272 2266 5346 scripserit,
2299 5288 2379 5329 an
2415 5272 2555 5339 alia,
2586 5287 2724 5343 quae
2762 5273 2825 5327 in
2868 5272 2999 5343 ejus
3044 5271 3250 5330 locum
3272 5274 3598 5334 substituta

1941 5363 2035 5421 sit.
2086 5365 2286 5420 Causa
2331 5365 2555 5429 autem,
2597 5376 2706 5417 cur
2743 5360 2828 5418 ita
2857 5356 3258 5434 dubitaverit,
3305 5379 3432 5421 non
3479 5366 3602 5425 alia

1941 5457 2050 5525 est,
2075 5452 2193 5510 nisi
2217 5451 2385 5526 quod
2402 5451 2533 5508 haec
2561 5449 2707 5509 ﬁdei
2731 5450 3044 5527 professio,
3072 5453 3271 5527 potius
3296 5455 3603 5529 peculiare
