4058 6192
489 371 560 427 79
966 324 982 335 ’
2004 341 2389 403 PREFATIO.

3841 344 3914 401 80

488 489 807 566 quoddam
834 501 1013 561 opus,
1053 497 1241 558 quam
1283 478 1539 547 alicujus
1584 476 1793 566 operis
1825 471 2132 566 continua-

2253 469 2382 540 μένα
2409 466 2439 526 ἦ
2478 464 2829 541 ἐγκεκριμένα,
2880 472 3065 534 ταῦτα,
3111 466 3247 518 κατὰ
3290 465 3350 517 τὸ
3395 459 3618 517 δυνατὸν
3653 465 3797 538 ἡμῖν,
3836 469 3912 529 είς

488 560 572 638 tio
602 598 674 637 ac
700 560 891 635 series
917 591 1049 634 esse
1081 572 1371 629 videatur.
1408 571 1619 637 Fateor
1649 582 1761 637 ego
1783 565 1941 621 hanc
1970 560 2148 618 Fidei

487 670 918 743 professionem
974 661 1276 738 peculiare
1334 673 1490 731 opus
1547 672 1677 713 esse
1737 673 1751 711 ε
1813 653 1922 709 sed
1985 664 2142 743 nego

490 736 631 819 inde
660 754 939 816 concludi
976 736 1155 826 posse
1195 764 1331 805 eam
1371 746 1451 803 ad
1491 744 1768 802 Ascetica
1804 755 1930 798 non
1958 736 2143 812 perti-

488 867 649 908 nere.
710 851 859 903 Na‘m
907 841 1319 898 Asceticorum
1372 840 1575 909 partes
1628 830 1956 907 peculiaria
2010 840 2143 883 esse

491 956 694 1014 opera,
740 952 877 1009 quas
915 930 1162 988 diversis
1191 924 1566 1000 temporibus
1609 914 2143 1014 scripta‘sint_,_ol)-

487 1005 733 1086 scurum
758 1005 910 1080 _non
956 1025 1071 1077 est.
1119 1017 1348 1074 Etenim
1395 1030 1535 1071 cum
1579 1012 1642 1067 in
1673 1010 1794 1066 ﬁne
1844 1005 2024 1063 libelli
2055 1005 2142 1060 De

480 1118 710 1191 iudicio
763 1114 873 1171 Dei
921 1109 1225 1167 retulisset
1277 1103 1565 1191 quaedam
1611 1097 1883 1191 Apostoli
1927 1093 2135 1191 verba,

483 1186 568 1265 sic
594 1205 834 1270 scripsit
863 1220 876 1255 :
903 1199 1206 1255 Ἀκόλουθον
1229 1197 1357 1268 ὁμοῦ
1383 1198 1472 1245 καὶ
1494 1190 1773 1262 ἀναγκαῖον
1795 1186 2132 1259 ἐλογισάμην,

452 1304 573 1359 ίτὴν
603 1300 939 1371 ὑγιαίνουσαν
967 1296 1146 1343 πίστιν
1192 1290 1284 1339 καὶ
1333 1281 1516 1341 εὐσεϐῆ
1570 1278 1729 1344 δόξαν
1774 1282 1897 1351 πεφί
1934 1294 1990 1328 τε
2019 1281 2132 1326 Hat-

475 1392 599 1465 τρὸς
626 1367 715 1439 διαὶ
740 1387 862 1438 Υὶοῡ
887 1385 977 1433 καὶ
1017 1377 1169 1449 ἁγίου
1214 1377 1511 1447 Ηνεύματος
1562 1369 1894 1445 παραθέσθαι
1940 1367 2131 1438 πρότε-

473 1452 582 1556 ρον,
613 1481 703 1529 καὶ
726 1474 888 1533 οὕτως
917 1465 1239 1537 ἐπισυνάψαι
1266 1466 1332 1516 τὰ
1352 1461 1933 1533 Μωάίϐοηεεᾳιιεηε
1948 1452 2132 1509 simul

470 1545 527 1626 et
571 1545 982 1622 necessarium
1041 1552 1408 1617 existimavi,
1457 1556 1524 1606 ut
1571 1563 1786 1605 sanam
1836 1545 2015 1616 ﬁdem
2059 1557 2131 1600 ac

466 1658 633 1729 piam
672 1654 744 1709 de
788 1652 977 1707 Patre
1013 1651 1066 1703 et
1096 1644 1256 1700 Filio
1295 1647 1349 1698 et
1378 1639 1620 1729 Spiritu
1651 1640 1860 1693 sancto
1898 1638 2131 1729 senten"

469 1721 616 1803 tiam
660 1741 835 1812 prius
891 1747 1266 1805 exponerem,
1325 1736 1377 1787 et
1439 1730 1528 1784 ita
1580 1727 1816 1782 demum
1869 1721 2127 1812 moralia

2255 560 2408 631 ᾅοους
2434 553 2809 628 κεφαλαιώδεις
2845 560 2975 631 πρὸς
3022 560 3081 608 τὸ
3130 554 3379 612 εὔληπτον
3426 560 3536 615 τοῖς
3574 552 3911 627 βουλομένοις

2255 641 2654 723 ἐσπουδάσαμεν
2699 652 3031 717 συναγαγεῖν,
3063 650 3173 701 etc.
3221 645 3371 699 Cum
3420 643 3493 699 de
3530 643 3625 698 his
3670 659 3804 716 quae
3828 645 3913 701 ad

2252 749 2463 792 sanam
2489 735 2668 802 ﬁdem
2708 737 3034 804 pertinent,
3079 734 3228 790 satis
3263 747 3376 801 pro
3415 738 3675 802 tempore
3712 735 3776 788 in
3804 748 3910 789 su-

2245 822 2587 893 perioribus
2638 837 2677 879 α
2718 823 2888 879 nobis
2935 822 3164 878 dictum
3206 821 3397 890 fuisse
3433 826 3724 890 putemus,
3767 823 3908 891 jam

2248 912 2546 980 Moralia,
2604 927 2739 983 qua:
2786 912 3207 981 promisimus,
3269 912 3331 965 in
3377 910 3617 967 nomine
3662 912 3915 967 Domini

2249 1002 2448 1058 nostri
2477 1003 2620 1058 Jesu
2651 1002 2884 1057 Christi
2927 1001 3170 1057 tradere
3197 1014 3499 1056 conemur.
3533 1000 3912 1071 Quaecunque

2246 1090 2762 1162 igiturhactenus
2791 1078 3051 1161 sparsim
3077 1091 3142 1145 in
3179 1091 3347 1146 Novo
3388 1091 3757 1146 Testamento
3795 1096 3907 1147 aut

2245 1181 2576 1237 interdicta
2616 1185 2721 1236 aut
2763 1181 3102 1250 approbata
3132 1180 3488 1245 invenimus,
3529 1193 3599 1235 ea
3622 1195 3739 1248 pro
3767 1194 3905 1237 nos-

2247 1276 2345 1327 tra
2376 1271 2547 1326 virili
2569 1276 2745 1340 parte
2793 1271 2858 1325 in
2905 1270 3145 1341 regulas
3189 1269 3481 1341 quasdam
3522 1269 3906 1338 compendia-

2243 1361 2390 1431 rius,
2423 1376 2537 1432 quo
2562 1360 2814 1430 facilius
2855 1375 2895 1417 a
2933 1360 3140 1431 quovis
3182 1360 3695 1430 intelligerentur,
3734 1360 3908 1416 colli-

2240 1465 2380 1521 gere
2408 1451 2775 1520 curavimus,
2804 1454 2918 1505 etc.

2241 1538 2345 1611 §Xl
2357 1580 2369 1593 .
2382 1540 2540 1595 Pars
2554 1538 2841 1605 tertia,an
2855 1538 3122 1594 Basilius
3139 1538 3440 1595 auctorsit
3463 1537 3729 1594 brevium
3749 1537 3901 1594 duo—

2292 1643 2429 1683 rum
2452 1632 2849 1695 tractatuum,
2872 1628 2981 1699 qui
3000 1632 3135 1697 post
3154 1628 3423 1683 Moralia
3445 1627 3850 1683 collocantur.

2310 1719 2398 1773 32.
2424 1719 2638 1772 Breves
2657 1715 2719 1771 hi
2748 1720 3056 1783 tractatus,
3083 1731 3345 1788 quorum
3366 1715 3529 1770 idem
3557 1721 3646 1771 est
3664 1715 3898 1784 titulus,

850 1789 1196 1897 Etnq‘uidem
1235 1789 1309 1876 ex
1354 1816 1450 1874 his
1483 1813 1684 1872 verbis
1733 1809 1993 1885 perspici
2022 1825 2125 1881 po-

2242 1810 2338 1856 Τοῦ
2364 1802 2524 1856 αὐτοῦ
2553 1803 2703 1875 λόγος
2734 1801 3040 1870 ἀσκητικός,
3064 1803 3349 1872 Ejusdem
3367 1818 3559 1859 sermo
3580 1805 3897 1873 asceticus,

466 1927 602 1990 test,
624 1916 894 1976 libellum
924 1915 1000 1969 De
1025 1911 1146 1981 ﬁde
1174 1907 1391 1965 eodem
1437 1906 1571 1976 jure
1610 1902 1729 1979 dici
1757 1915 1940 1990 posse
1968 1913 2125 1970 opus

463 1987 789 2087 peculiare,
820 2019 944 2077 quo
982 1998 1244 2066 Moralia,
1285 2012 1424 2070 quas
1454 1993 1671 2087 etipsa
1708 1987 2033 2087 attexuisse
2060 2002 2125 2043 se

464 2077 609 2160 dicit
640 2095 917 2156 Basilius.
966 2093 1115 2148 Cum
1145 2087 1326 2158 igitur
1357 2082 1601 2142 Moralia
1639 2096 1794 2153 opus
1823 2077 2124 2152 peculiare

463 2207 594 2249 esse
626 2188 706 2244 ab
735 2182 1023 2242 omnibus
1049 2178 1355 2242 dicantur,
1395 2188 1520 2229 non
1558 2170 1736 2227 video
1784 2183 1892 2225 cur
1914 2166 2013 2223 hic
2041 2168 2125 2221 De

464 2281 582 2351 ﬁde
608 2275 847 2335 libellus
862 2286 972 2344 pro
998 2282 1180 2340 opere
1205 2261 1495 2337 peculiari
1519 2259 1728 2351 haberi
1758 2272 1881 2313 non
1911 2254 2119 2351 possit.

469 2344 554 2430 lix
577 2367 914 2436 eodemque
943 2358 1044 2415 illo
1080 2357 1215 2412 loco
1254 2356 1439 2426 patet,
1486 2348 1796 2417 Basilium,
1824 2361 1963 2401 cum
1993 2344 2122 2399 haec

469 2458 774 2523 scriberet,
813 2448 1090 2508 nondum
1133 2442 1387 2514 Regulae
1435 2436 1870 2511 composuisse,
1917 2438 2123 2523 utpote

469 2562 733 2625 quarum
764 2538 1138 2600 mentionem
1159 2548 1284 2589 non
1305 2529 1502 2591 iaciat.
1522 2530 1737 2594 Quare,
1760 2529 1826 2580 ut
1853 2522 1997 2591 dixi,
2024 2526 2126 2576 As-

472 2619 802 2697 ceticorum
835 2632 1034 2703 partes
1064 2619 1395 2698 peculiaria
1422 2623 1561 2675 sunt
1598 2630 1807 2688 opera,
1838 2624 2126 2703 nonnuno

474 2736 747 2800 tempore
776 2698 1137 2787 conscripta,
1159 2710 1267 2767 sed
1291 2722 1554 2800 quorum
1774 2705 1914 2800 post
1938 2698 2124 2763 aliud,

474 2792 658 2895 prout
673 2810 912 2871 occasio
938 2822 1000 2861 se
1020 2803 1228 2895 dabat,
1249 2799 1590 2895 confectum
1611 2792 1811 2895 sit-Ad
1831 2793 2130 2895 haac‘c‘um

476 2879 780 2976 hodieque
807 2899 938 2956 haec
964 2892 1136 2951 Fidei
1158 2889 1453 2961 professio
1482 2889 1540 2941 et
1576 2885 1644 2976 in
1658 2885 1892 2976 -Veneta
1915 2879 2130 2976 editio-

480 3014 557 3056 ne
584 3002 641 3053 et
677 2969 740 3048 in
769 2985 1068 3045 veteribus
1093 2978 1258 3036 libris
1293 2976 1509 3033 eodem
1538 2972 1749 3030 ordine
1777 2969 2131 3043 reperiatur,

483 3102 608 3161 quo
638 3098 774 3140 eam
799 3076 1031 3135 viderat
1061 3068 1335 3134 Photius,
1361 3080 1486 3121 non
1529 3062 1767 3119 videtur
1788 3075 1987 3161 ‘causa
2012 3056 2137 3156 ulla

485 3144 639 3242 esse,
667 3186 773 3228 cur
803 3168 936 3240 ipsa
974 3162 1135 3218 inter
1155 3154 1424 3242 Ascetica
1462 3148 1848 3242 numeranda
1884 3161 2009 3242 non
2041 3144 2133 3201 sit.

487 3234 637 3325 Cum
659 3234 922 3317 enim—ex
962 3251 1054 3308 his
1084 3244 1385 3304 veteribus
1415 3240 1603 3307 libris,
1634 3239 1696 3294 in
1725 3236 1948 3310 quibus
1976 3234 2136 3325 inve-

484 3322 669 3419 nitur,
694 3341 971 3405 nonnulli
1000 3339 1140 3407 sint,
1170 3334 1277 3408 qui
1307 3332 1357 3387 si
1398 3328 1752 3419 antiquitate
1784 3341 1905 3382 non
1932 3322 2135 3380 omni-

485 3463 567 3503 no
609 3416 848 3499 aetatem
898 3426 1087 3488 Photii
1140 3424 1460 3493 attingant,
1500 3423 1563 3474 at
1617 3416 1696 3473 ad
1748 3431 1885 3471 eam
1935 3419 2136 3469 tamen

487 3531 780 3593 accedant
830 3519 1124 3597 proxime,
1173 3509 1437 3570 dubitari
1489 3506 1701 3597 merito
1744 3520 1868 3597 non
1917 3506 2134 3575 potest,

485 3623 637 3699 quin
665 3592 967 3699 ejusmodi
997 3603 1169 3699 Fidei
1192 3600 1495 3699 professio.
1529 3595 1632 3652 illa
1659 3592 1916 3699 ipsa
1948 3607 2136 3699 quam

486 3678 729 3771 διιοῑὶυέ
758 3708 816 3760 et
852 3697 1015 3766 vidit,
1041 3698 1099 3749 et
1122 3692 1274 3747 inter
1302 3684 1574 3743 Ascetica
1598 3680 1897 3739 recensuit
1924 3698 1952 3771 εξ
1971 3678 2140 3753 quod

488 3769 693 3860 autem
723 3793 802 3851 ab
832 3787 1061 3863 optimo
1089 3782 1310 3837 harum
1331 3791 1535 3832 rerum
1560 3769 2002 3863 judicePhotio
2027 3783 2139 3863 pro

486 3857 896 3948 hsceticorum
924 3878 1092 3949 parte
1116 3868 1393 3926 habitum
1424 3868 1529 3930 est,
1552 3862 1616 3918 id
1643 3859 1824 3917 hodie
1844 3859 1906 3914 in
1928 3857 2140 3949 alienis

486 3946 634 4054 poni
663 3970 833 4031 facile
864 3946 989 4022 non
1017 3959 1215 4054 debet.
1258 3953 1434 4054 Quod
1461 3946 2141 4054 ultimum—estin

487 4034 841 4143 quastione,
864 4049 1173 4112 Moralium
1198 4043 1551 4115 scriptorem
1580 4041 1838 4143 spectat:
1860 4034 1965 4090 sed
1983 4038 2140 4090 certe

487 4124 689 4229 neque
730 4144 933 4207 multis
985 4136 1211 4204 verbis,
1242 4145 1442 4203 neque
1484 4141 1711 4229 magno
1734 4124 1953 4229 labore
1983 4138 2138 4223 opus

487 4215 609 4315 est:
628 4248 695 4299 ut
721 4250 934 4296 eorum
954 4243 1130 4285 verus
1151 4225 1362 4281 auctor
1383 4221 1803 4315 cognoscatur-
1819 4215 1881 4315 “0
1891 4215 1950 4314 {li
1974 4215 2137 4315 eui-1‘11

486 4304 655 4395 novit
683 4332 993 4388 auctorem
1020 4314 1363 4374 libellorum
1409 4309 1495 4364 De
1531 4306 1767 4377 judicio
1806 4305 1916 4395 Dei
1943 4319 2015 4359 ac
2051 4304 2138 4359 De

2233 1891 2316 1950 ad
2331 1893 2602 1949 Ascetica
2621 1892 2788 1948 nullo
2808 1891 2993 1948 modo
3014 1891 3334 1964 pertinent.
3349 1895 3520 1959 Nam,
3536 1897 3601 1947 ut
3619 1897 3707 1948 est
3725 1893 3899 1964 apud

2232 1982 2513 2039 Photium
2542 1983 2649 2052 (a),
2679 1980 2862 2037 libelli
2889 1982 2977 2037 De
2994 1982 3233 2051 judicio
3261 1982 3374 2038 Dei
3396 1997 3468 2038 ac
3497 1982 3585 2038 De
3608 1982 3749 2050 ﬁde,
3777 1982 3899 2038 Mo-

2231 2070 2402 2138 ralia,
2435 2069 2674 2141 Regulae
2707 2076 2831 2126 tam
2858 2069 3163 2139 longiores
3192 2086 3381 2142 quam
3411 2069 3717 2126 breviores
3754 2087 3898 2143 pro-

2230 2160 2359 2232 prie
2381 2160 2653 2215 Ascetica
2673 2158 3142 2215 constituebant.
3162 2160 3525 2231 Quanquam
3548 2166 3751 2216 autem
3768 2159 3897 2217 duo

2231 2248 2292 2305 hi
2334 2263 2645 2305 sermones
2691 2247 2771 2303 ad
2815 2245 3122 2315 ἀσκητικὸν,
3154 2247 3322 2320 quod
3367 2252 3640 2316 vocatur,
3686 2247 3895 2304 referri

2232 2353 2357 2393 non
2400 2337 2656 2409 possint,
2712 2351 2836 2392 non
2879 2341 3202 2408 propterea
3253 2342 3456 2392 tamen
3506 2352 3611 2393 eos
3652 2337 3921 2397 silentio.
3982 2351 3995 2358 ‘

2232 2425 2684 2500 praetermittere
2725 2425 2879 2481 licet.
2916 2424 3243 2481 Videamus
3289 2425 3471 2495 igitur
3516 2425 3710 2482 Basilii
3740 2427 3884 2497 sint,

2234 2530 2448 2572 necne.
2480 2517 2648 2571 Certe
2678 2514 2726 2569 si
2767 2513 3066 2570 habeatur
3100 2514 3252 2570 ratio
3283 2518 3387 2569 aut
3415 2519 3679 2570 veterum
3705 2514 3892 2570 libro-

2235 2620 2396 2674 rum,
2436 2608 2541 2660 aut
2578 2618 2911 2659 consensus
2938 2603 3256 2659 hominum
3281 2603 3676 2671 eruditorum,
3706 2619 3894 2661 nemo

2238 2692 2699 2766 dubitabitquin
2710 2692 2804 2747 hae
2816 2692 2966 2748 orati
2976 2691 3208 2748 unculae
3221 2692 3299 2748 ad
3314 2692 3595 2748 Basilium
3609 2695 3896 2764 Magnum

2241 2783 2600 2856 pertineant.
2629 2784 2779 2838 Nam
2810 2786 2867 2836 et
2888 2781 2950 2836 in
2980 2781 3242 2853 antiquis
3272 2781 3559 2838 omnibus
3585 2782 3752 2838 libris
3780 2799 3899 2840 no-

2240 2887 2381 2928 men
2410 2870 2607 2927 Basilii
2634 2869 2979 2942 praeferunt,
3007 2876 3065 2926 et
3101 2869 3180 2927 ab
3222 2869 3470 2927 eruditis
3506 2872 3815 2943 omnibus,
3845 2874 3902 2930 si

2242 2961 2394 3018 forte
2434 2959 2728 3016 Scultetus
2766 2958 3124 3031 excipiatur,
3156 2975 3266 3031 pro
3305 2958 3428 3015 fetu
3472 2960 3749 3031 ejusdem
3794 2976 3900 3031 ge-

2240 3050 2426 3107 nuino
2452 3048 2777 3105 habentur.
2828 3050 3063 3104 Monere
3111 3054 3314 3105 tamen
3352 3050 3548 3120 juvat,
3577 3051 3732 3107 inter
3767 3068 3905 3108 eru-

2241 3139 2401 3196 ditos
2430 3138 2563 3194 illos
2588 3138 2892 3204 homines,
2927 3153 3084 3210 quos
3122 3136 3270 3206 dixi,
3310 3139 3633 3212 antiquum
3662 3140 3906 3198 nullum

2241 3227 2595 3299 scriptorem
2638 3226 2916 3293 inveniri,
2966 3227 3071 3299 qui
3119 3226 3244 3283 duo
3286 3227 3417 3284 haec
3459 3229 3757 3301 opuscula
3793 3236 3908 3288 aut

2241 3333 2515 3391 unquam
2558 3315 2916 3383 laudaverit,
2950 3320 3056 3371 aut
3085 3330 3159 3371 ex
3200 3317 3286 3372 eis
3323 3316 3661 3390 quidquam
3700 3334 3905 3376 excer-

2239 3407 2426 3480 pserit
2447 3423 2459 3460 :
2479 3405 2650 3478 quod
2676 3405 2909 3475 notavi,
2931 3421 3053 3461 non
3078 3411 3141 3462 ut
3168 3405 3467 3463 elevarem
3494 3408 3904 3466 recentiorum

2242 3494 2680 3561 auctoritatem,
2703 3492 2811 3549 sed
2831 3509 2906 3549 ne
2928 3494 3066 3566 quis
3085 3493 3240 3551 falso
3270 3494 3664 3553 arbitraretur
3686 3497 3797 3553 hos
3818 3497 3906 3555 de

2241 3585 2465 3659 quibus
2494 3585 2735 3654 agimus
2759 3582 2993 3640 libellos
3022 3583 3100 3641 ab
3129 3584 3436 3657 aliquibus
3462 3586 3644 3642 etiam
3677 3588 3907 3644 veteri-

2242 3675 2361 3731 bus
2392 3672 2605 3730 Basilio
2636 3672 2835 3729 tribui.
2866 3672 3075 3729 Mirum
3106 3678 3308 3730 autem
3332 3674 3559 3731 nemini
3579 3675 3768 3732 videri
3792 3676 3904 3733 de-

2243 3764 2365 3832 bet,
2399 3764 2448 3819 si
2475 3762 2571 3818 his
2599 3761 2976 3834 temporibus
3005 3761 3340 3819 doctissimi
3370 3763 3597 3837 quique
3623 3764 3735 3822 has
3764 3782 3911 3824 ora-

2244 3851 2543 3909 tiunculas
2594 3850 3001 3921 adjudicarint
3052 3851 3289 3908 Basilio.
3344 3855 3514 3921 Nam,
3567 3859 3633 3910 ut
3685 3870 3910 3913 verum

2244 3940 2457 4009 fatear,
2489 3955 2630 3996 cum
2674 3939 2942 4010 primum
2983 3938 3286 4012 leguntur,
3328 3956 3528 4014 neque
3573 3942 3634 3999 in
3676 3944 3911 4018 verbis,

2244 4044 2442 4102 neque
2470 4028 2534 4084 in
2577 4027 2889 4084 sententiis
2929 4028 3268 4102 quidquam
3299 4036 3570 4102 apparet,
3610 4032 3772 4088 unde
3803 4050 3915 4090 su-

2245 4118 2432 4191 spicio
2458 4117 2666 4189 aliqua
2685 4115 2914 4173 oriatur
2938 4133 2951 4171 :
2976 4117 3083 4173 sed
3103 4117 3154 4173 si
3176 4118 3361 4175 semel
3388 4124 3446 4176 et
3467 4119 3682 4177 iterum
3708 4121 3912 4178 oculis

2240 4207 2595 4272 lustrentur,
2616 4204 2691 4262 de
2711 4205 2826 4273 his,
2849 4204 3086 4279 opinor,
3109 4205 3282 4264 aliter
3297 4207 3689 4278 judicabitur.
3703 4213 3764 4266 In
3785 4208 3914 4269 illis

2243 4296 2406 4354 enim
2434 4295 2815 4368 reperiuntur
2836 4311 3012 4351 voces
3037 4295 3343 4367 quasdam,
3358 4312 3515 4369 quas
3537 4296 3598 4354 in
3620 4298 3914 4368 genuinis

481 4383 952 4498 litoralium
968 4406 1320 4478 scriptorem
1345 4396 1526 4454 simul
1544 4394 1727 4452 novit.
1752 4392 1977 4450 Etenim
1998 4409 2135 4466 quae
2169 4409 2216 4464 ι)
2246 4385 2441 4444 Basilii
2478 4384 2765 4441 Asceticis
2802 4399 3109 4498 nusquam
3137 4383 3419 4454 legimus.
3445 4392 3669 4444 Auctor
3695 4388 3907 4462 igitur,

1171 4493 1210 4498 _-
1259 4492 1267 4498 .
1345 4491 1379 4498 κ
1433 4489 1444 4498 .
1488 4486 1500 4498 ι
1678 4488 1688 4498 .
1973 4482 2017 4498 ἰι
2086 4487 2096 4498 ι
2246 4473 2519 4498 ---;-...-;-
2554 4480 2637 4498 ..-ι
2686 4490 2817 4498 Λα...
2846 4473 2996 4498 ..ιη-ε
3053 4489 3182 4498 ΑΑ“Α
3208 4474 3332 4498 ..ηιι
3357 4475 3603 4498 ι,-ι..---μ
3640 4494 3859 4498 -μ⁴..-μ

480 4482 545 4574 in
571 4482 692 4569 fine
737 4501 923 4563 libelli
959 4501 1046 4553 De
1063 4492 1302 4565 judicio
1336 4489 1444 4544 Dei
1485 4486 1788 4556 leguntur,
1820 4482 2139 4539 manifeste

481 4598 813 4663 ostendunt
839 4592 1059 4647 horum
1082 4584 1264 4641 trium
1295 4578 1657 4650 scriptorum
1681 4589 1872 4630 unum
1896 4577 1955 4628 et
1973 4589 2140 4629 eum-

479 4661 622 4752 dem
654 4691 964 4745 auctorem
989 4690 1119 4733 esse
1153 4690 1165 4729 :
1200 4685 1337 4743 quae
1367 4665 1556 4723 verba
1594 4680 1733 4720 cum
1783 4661 1968 4752 paulo
1999 4667 2138 4719 ante

476 4751 805 4843 petulqrim,
836 4787 907 4828 ea
934 4779 1148 4823 rursus
1176 4761 1294 4816 hoc
1318 4756 1456 4813 loco
1484 4753 1702 4809 referre
1725 4751 1872 4843 nihil
1892 4767 2136 4843 necesse

475 4840 586 4932 est.
618 4840 908 4926 Praeterea
931 4854 1037 4929 qui
1064 4848 1336 4908 libellum
1366 4847 1449 4902 De
1473 4843 1593 4914 ﬁde
1621 4840 2000 4932 conscripsit,
2022 4842 2135 4932 hio-

473 4928 696 5023 ralium
728 4970 792 5011 se
820 4928 967 5008 esse,
981 4947 1290 5000 auctorem
1315 4939 1518 5009 aperte
1539 4931 1828 4988 declarat.
1854 4929 1940 4985 Ita
1969 4928 2130 5012 enim

474 5022 590 5112 sub
619 5050 808 5107 ﬁnem
842 5036 1113 5111 loquitur
1146 5034 1335 5104 (num.
1382 5031 1435 5093 6,
1488 5040 1548 5096 p.
1580 5024 1709 5112 229)
1744 5039 1757 5076 ε
1791 5022 1866 5072 Τὰ
1894 5024 2011 5091 περὶ
2034 5027 2131 5079 τῆς

470 5142 815 5218 ὑγιαινούσης
841 5136 1068 5188 πίστεως
1094 5123 1140 5176 ἐν
1158 5129 1265 5182 τοῖς
1296 5121 1396 5193 πρὸ
1426 5118 1618 5167 τούτων
1644 5111 1917 5184 αὐτάρκως
1942 5116 2126 5182 ειρῆσ-

1075 5214 1087 5218 -
1495 5207 1504 5217 .
1604 5202 1653 5218 ,Α
1768 5202 1801 5218 Α,
1886 5201 1989 5218 ψ,
2031 5205 2088 5218 μγ,

471 5201 559 5289 9°."-
586 5233 715 5306 πρὸς
754 5228 812 5277 τὸ
860 5222 1023 5295 παρὸν
1074 5212 1431 5285 λογιζόμενοι,
1482 5202 1707 5254 ἐντεῦθεν
1746 5202 1840 5256 τὴν
1878 5201 1997 5271 περὶ
2025 5205 2124 5248 τῶν

1058 5304 1066 5306 ξ
1156 5302 1167 5306 _
1474 5300 1492 5306 _
1527 5297 1562 5306 η
1650 5294 1659 5306 '
1779 5290 1790 5300 ’
1949 5284 2051 5306 ’,η
2104 5292 2121 5301 ﬁ

464 5290 660 5386 scus»
701 5290 1009 5387 ἑπαγγελέαν
1050 5304 1098 5357 ἓν
1144 5302 1360 5372 ὀνόματι
1403 5300 1494 5346 τοῦ
1527 5294 1722 5365 Κυρίου
1768 5290 1913 5360 ἡμων
1950 5290 2123 5343 Ἰησοῦ

461 5381 698 5491 ὶξριστοῦ
728 5381 1009 5479 πλῆῥῶσαι
1049 5386 1454 5458 σπουδάσωμεν.
1488 5381 1630 5433 "Oa-at
1664 5382 1834 5491 riivw
1865 5381 2119 5449 εὑρίσκσ-

1254 5483 1263 5491 .
1342 5476 1396 5491 IL!
1532 5488 1615 5491 _,,,A
1637 5470 1692 5491 --ἔ
1736 5487 1797 5491 --μ
1835 5465 2092 5491 Z-_.--_--_-.

2240 4473 2521 4547 quisquis
2551 4480 2659 4542 est,
2682 4490 2823 4529 cum
2845 4473 3185 4543 signiﬁcare
3208 4474 3334 4532 vult
3356 4475 3609 4534 fratrum
3630 4494 3909 4535 conven-

2241 4570 2394 4631 tum,
2437 4565 2618 4620 utitur
2651 4563 2815 4619 hisce
2866 4562 3138 4628 vocibus,
3172 4561 3411 4633 συνοδία,
3441 4573 3722 4636 συσκηνία,
3754 4567 3905 4628 πλή-

2241 4676 2393 4729 ρωμα
2422 4672 2435 4711 :
2468 4652 2694 4726 quibus
2725 4656 2927 4709 tamen
2969 4653 3245 4725 Basilius,
3276 4672 3417 4712 cum
3453 4658 3735 4715 eamdem
3762 4673 3906 4718 rem

2241 4743 2626 4815 signiﬁcaret,
2657 4756 2988 4812 nusquam,
3018 4743 3186 4814 quod
3216 4744 3429 4815 sciam,
3453 4762 3607 4803 usus
3634 4752 3742 4805 est.
3774 4751 3906 4807 Nec

2238 4831 2584 4907 putandum
2604 4834 2693 4887 est
2711 4829 3012 4901 ejusmodi
3031 4831 3334 4890 vocabula
3351 4834 3412 4890 in
3435 4834 3679 4893 duabus
3694 4837 3788 4892 his
3805 4836 3907 4895 lu-

2239 4918 2716 4978 cubratiunculis
2744 4934 2887 4975 raro
2916 4919 3213 4993 adhiberi,
3237 4922 3301 4978 in
3322 4922 3518 4996 iisque
3546 4925 3693 4998 poni
3717 4930 3908 4998 quasi

2235 5010 2430 5068 obiter
2460 5026 2474 5066 :
2509 5009 2619 5065 sed
2654 5009 2856 5081 potius
2901 5011 3156 5083 scriptor
3194 5012 3450 5069 vocibus
3478 5013 3593 5071 illis
3621 5015 3705 5072 ita
3734 5015 3905 5074 dele-

2234 5100 2530 5170 ctabatur,
2554 5104 2621 5156 ut
2637 5099 2806 5172 ipsas
2837 5099 3061 5172 saepius
3082 5103 3409 5176 usurparit.
3425 5107 3576 5162 Nam
3598 5112 3664 5163 ut
3681 5106 3909 5167 sileam

2232 5192 2308 5248 de
2335 5189 2649 5262 vocabulis
2680 5194 2944 5248 συσκηνία
2981 5194 3039 5247 et
3074 5191 3353 5266 πλήρωμα,
3392 5209 3529 5266 quae
3572 5194 3907 5268 aliquoties

2228 5282 2293 5339 in
2324 5286 2447 5339 tam
2476 5278 2766 5337 brevibus
2785 5278 3093 5351 opusculis
3114 5275 3413 5347 adhibuit.
3434 5299 3646 5341 vocem
3671 5284 3909 5345 συνοδία

2229 5373 2431 5431 decies
2463 5369 2693 5444 repetit.
2741 5371 2825 5424 Ex
2862 5368 3086 5440 quibus
3129 5371 3520 5443 perspicuum
3559 5380 3649 5431 est
3673 5391 3902 5437 vocem

458 5456 549 5584 tl“;
576 5456 716 5557 ima
745 5456 846 5555 τὴν⁸
870 5490 1065 5547 Καινὴν
1090 5502 1118 5535 τ
1124 5500 1217 5545 εως
1241 5476 1499 5534 Διαθήκην
1523 5463 1798 5547 σποράδην
1829 5465 2119 5544 ἀπη7⁰Ρ²υ“

2242 5479 2388 5533 iano
2438 5456 2660 5519 συνοδία
2698 5474 2824 5532 praa
2869 5459 3101 5517 caeteris
3138 5461 3574 5532 opusculorum
3611 5465 3904 5539 scriptori

519 5631 597 5700 (α)
627 5623 775 5688 Cod.
805 5635 952 5691 εχει,
983 5633 1047 5693 p.
1078 5610 1205 5677 493.
