4058 6192
187 229 239 285 8i
1695 225 2081 282 PREFATIO.
3527 217 3597 273 82

186 349 539 407 familiarem
558 350 1098 418 fuisse.Quomodo
1113 350 1837 422 ergoBasilius,sihorum
1872 351 1921 406 A
1948 348 2162 406 eodem
2202 349 2453 406 obtentu
2496 347 2667 404 brevi
2712 346 3081 418 rejiciantur.
3130 346 3288 402 tnest
3326 341 3488 400 enim
3534 342 3598 401 in

183 440 514 497 libellorum
541 445 761 497 auctor
774 446 962 508 esset,
988 457 1306 514 nunquam
1327 456 1400 499 ea
1426 457 1577 520 usus
1604 441 1836 507 fuisset,

184 529 510 602 praesertim
560 545 707 585 cum
752 529 832 586 de
872 529 1059 585 rebus
1106 529 1381 585 asceticis
1427 533 1552 587 tam
1596 528 1840 601 copiose

184 618 526 690 scripserit?
554 622 677 675 Nec
718 619 866 675 satis
913 624 1005 676 est
1047 618 1292 690 dixisse,
1328 619 1637 691 scripsisse
1684 618 1841 676 Basi-

181 707 318 763 lium
344 708 787 779 copiosissime
816 707 893 763 de
923 708 1195 764 asceticis
1220 707 1423 778 rebus,
1441 707 1548 764 sed
1568 707 1712 765 addi
1735 708 1841 763 de-

180 797 273 853 bet
292 813 620 852 summum
640 796 818 852 illum
837 797 1037 854 virum
1057 797 1278 853 centies
1296 797 1551 854 fratrum
1581 813 1842 854 conven-

182 894 296 943 tum
310 886 587 959 propriis
602 886 983 960 quibusdam
1003 886 1357 943 nominibus
1377 886 1774 958 signiﬁcasse,
1786 890 1842 944 et

180 980 368 1032 tamen
389 991 473 1031 ne
496 972 697 1032 semel
725 975 980 1049 quidem
1010 991 1156 1033 voce
1188 973 1410 1029 συνοδία
1432 992 1613 1032 usum
1636 976 1839 1043 fuisse,

179 1080 289 1121 non
328 1065 419 1121 ita
468 1066 774 1132 facturus,
808 1065 861 1120 si
904 1065 1126 1120 horum
1168 1065 1607 1138 opusculorum
1635 1069 1845 1122 auctor

176 1154 523 1210 exstitisset.
548 1156 744 1210 Voces
772 1154 957 1223 enim,
983 1169 1121 1227 quae
1149 1154 1334 1211 semel
1362 1154 1544 1211 alicui
1568 1154 1844 1227 scriptori

176 1244 561 1315 placuerunt,
608 1259 793 1316 sape,
829 1248 898 1299 ut
944 1243 1314 1316 experientia
1352 1244 1548 1309 docet,
1588 1244 1649 1300 in
1686 1243 1843 1300 illius

173 1333 331 1389 libris
358 1338 725 1401 occurrunt,
746 1331 1013 1389 maxime
1042 1333 1090 1388 si
1114 1348 1322 1389 earum
1353 1332 1842 1389 adhibendarum

171 1423 413 1478 occasio
442 1423 692 1497 passim
718 1421 1031 1479 offeratur.
1060 1422 1302 1478 Accedit
1328 1422 1511 1478 etiam
1541 1423 1707 1495 quod
1737 1422 1844 1478 ubi

169 1512 225 1567 in
251 1512 349 1567 his
380 1511 712 1583 opusculis
741 1526 939 1567 sermo
965 1511 1290 1567 instituitur
1317 1510 1394 1566 de
1413 1510 1666 1567 fratrum
1696 1527 1845 1584 prae-

171 1602 387 1675 posito,
420 1602 515 1657 ibi
557 1616 744 1657 voces
787 1600 948 1666 illas,
987 1603 1394 1673 καθηγούμενος,
1435 1603 1841 1677 προηγούμενος,

1946 437 2212 511 utrisque
2232 437 2467 510 Regulis
2482 440 2608 493 tam
2626 434 3007 492 brevioribus
3021 450 3209 508 quam
3222 431 3599 503 longioribus

1946 529 2160 585 eadem
2209 528 2467 598 indoles,
2506 528 2670 584 idem
2717 526 3051 597 ingenium,
3093 525 3308 581 eadem
3355 538 3598 580 morum

1946 624 2266 692 praecepta,
2288 619 2449 674 idem
2492 635 2649 674 verae
2678 617 2918 690 pietatis
2956 632 3151 687 amor,
3177 615 3340 672 idem
3386 614 3512 671 vitii
3543 616 3602 669 et

1947 707 2177 781 peccati
2205 708 2448 765 odium:
2490 723 2612 764 uno
2641 706 2847 774 verbo,
2886 706 3041 762 inest
3069 706 3129 762 in
3161 704 3434 778 utrisque
3475 718 3601 759 non

1948 796 2198 870 quidem
2222 798 2420 869 major
2442 796 2747 863 severitas,
2770 812 2910 852 cum
2954 795 3264 851 severitate
3294 791 3602 863 Evangelii

1948 886 2148 957 major
2166 902 2288 941 non
2312 885 2406 955 sit,
2431 885 2537 941 sed
2564 884 2815 956 majoris
2833 884 3163 940 severitatis
3183 883 3361 955 quasi
3383 882 3602 939 umbra

1949 974 2253 1047 quaedam.
2271 977 2337 1030 Et
2349 991 2488 1031 vero
2502 973 2897 1031 Combeﬁsius
2912 989 3033 1028 non
3052 972 3232 1029 aliam
3246 971 3325 1028 ob
3346 986 3600 1027 causam

1950 1064 2208 1134 Regulas
2237 1064 2491 1120 fusiores
2522 1063 2704 1119 simul
2741 1066 2800 1119 et
2844 1062 3107 1118 minores
3136 1060 3384 1134 respuit,
3413 1075 3599 1132 quam

1950 1155 2111 1227 quod
2134 1157 2404 1228 utraeque
2424 1154 2645 1227 pariter
2656 1152 2920 1209 Stoicum
2937 1150 3232 1224 quiddam
3258 1148 3601 1223 praeferant;

1950 1242 2014 1299 in
2043 1259 2238 1316 eoque
2281 1258 2394 1313 ego
2433 1260 2574 1299 eum
2601 1242 2804 1298 minus
2829 1239 3404 1314 reprehendendum
3432 1242 3599 1311 puto,

1953 1347 2092 1388 cum
2113 1349 2177 1388 re
2203 1332 2338 1405 ipsa
2358 1337 2629 1405 utraeque
2651 1347 2723 1387 ex
2751 1345 2927 1403 aequo
2958 1345 3176 1386 severae
3202 1344 3331 1385 esse
3359 1327 3605 1383 videan-

1952 1425 2068 1478 tur.
2103 1424 2268 1479 Certe
2308 1422 2356 1477 si
2399 1421 2534 1495 quis
2579 1420 2759 1476 hodie
2789 1419 2872 1476 ita
2914 1418 3179 1486 sentiret,
3211 1422 3278 1473 ut
3315 1416 3606 1472 Basilium

1951 1512 2202 1580 quidem
2225 1527 2581 1584 magnarum
2598 1509 2959 1580 [tegularum
2982 1512 3289 1564 auctorem
3313 1523 3446 1563 esse
3468 1505 3610 1562 fate-

1952 1605 2137 1668 retur,
2171 1600 2549 1657 Eustathium
2578 1615 2722 1656 vero
2752 1614 3078 1671 parvarum
3120 1600 3432 1671 parentem
3476 1611 3608 1651 esse

175 1691 697 1764 ςροκαθιςγούμενος,
731 1688 1066 1761 saepissime
1106 1693 1431 1760 usurpatas
1476 1688 1820 1745 invenimus

1955 1689 2362 1761 contenderet,
2407 1689 2457 1745 is
2494 1688 2669 1745 valde
2714 1688 3033 1745 miraretur
3080 1685 3279 1743 Stoica
3324 1683 3610 1758 quaedam

174 1780 247 1835 sic
268 1783 340 1834 ut
363 1779 595 1834 novies
620 1783 727 1834 aut
754 1777 958 1834 decies
987 1777 1266 1847 legantur
1294 1794 1307 1831 :
1341 1777 1516 1848 cujus
1541 1779 1621 1834 rei
1652 1794 1845 1834 unum
1955 1777 2245 1849 dogmata
2267 1778 2328 1833 in
2356 1777 2596 1849 magnis
2624 1775 2863 1848 Regulis
2886 1791 2922 1831 a
2949 1774 3315 1831 Combeﬁsio
3334 1771 3609 1843 inveniri,

173 1876 266 1926 aut
284 1869 564 1926 alterum
583 1868 937 1941 exemplum
953 1868 1217 1942 proferre
1233 1866 1395 1923 libet.
1412 1871 1496 1924 Ita
1510 1868 1692 1939 igitur
1706 1867 1846 1938 legi-

171 1968 258 2015 tur
279 1962 348 2015 in
388 1957 707 2031 opusculo
755 1958 956 2031 primo
985 1959 1048 2032 (t.
1076 1962 1142 2029 ll,
1175 1973 1237 2029 p.
1278 1959 1445 2027 324):
1477 1958 1535 2012 Ἠ
1564 1956 1623 2012 δὲ
1653 1958 1845 2021 ἀληθὴς

171 2054 251 2101 ut
293 2049 475 2101 τελεία
517 2050 726 2106 ὑπακοὴ
776 2058 874 2101 τῶν
906 2050 1231 2121 ὑπογειρίων
1281 2052 1412 2121 πρὸς
1456 2052 1543 2101 τὸν
1582 2051 1848 2121 καθηγού-

170 2157 330 2209 μῦον,
348 2144 477 2193 etc.
514 2139 673 2194 Vera
693 2143 892 2194 autem
918 2143 972 2194 et
1001 2141 1273 2207 perfecta
1296 2139 1669 2196 subditorum
1701 2153 1846 2208 erga

164 2230 530 2297 prefectwn
590 2226 964 2297 obedientia,
1024 2232 1134 2283 etc.
1194 2230 1260 2284 In
1318 2227 1586 2284 secundo
1640 2230 1846 2284 autem

170 2320 244 2389 (ρ.
274 2318 410 2387 322)
445 2317 539 2372 sic
569 2334 584 2371 :
620 2315 756 2370 Ἀλλ’
784 2315 832 2368 ἐν
876 2326 939 2390 τῇ
990 2315 1198 2390 ἐξουσίᾳ
1241 2326 1334 2371 τοῦ
1373 2319 1764 2389 καθηγουμένου
1810 2318 1841 2374 ἠ

165 2416 365 2478 χρίσις
414 2410 583 2470 ἔστω,
643 2404 699 2457 ἐκ
752 2414 852 2458 τῶν
900 2415 1083 2459 κοινῶν
1133 2410 1191 2459 τὸ
1248 2405 1563 2465 κατάλληλον
1621 2405 1841 2457 ἑκάστου

166 2499 546 2570 χρησιμεύειν,
581 2498 722 2547 κατὰ
748 2500 837 2553 τὴν
868 2503 959 2548 τοῦ
986 2501 1378 2569 προηγουμένου
1409 2498 1694 2568 ὑφήγησιν,
1723 2494 1843 2551 Sed

166 2601 301 2641 usus
325 2588 409 2641 sit
436 2600 630 2655 penes
649 2585 1032 2656 praefectum,
1060 2587 1146 2641 ita
1175 2592 1243 2641 ut
1279 2584 1444 2656 quod
1465 2585 1677 2656 cuique
1705 2599 1840 2640 con-

163 2676 338 2741 venit,
381 2675 453 2729 id
487 2689 569 2730 ex
611 2674 1030 2730 communibus
1060 2675 1374 2731 tribuatur
1410 2676 1602 2745 juxta
1647 2673 1841 2729 mode-

156 2766 368 2820 rotari:
416 2769 848 2833 φνκεθριωη.
906 2765 970 2818 In
1032 2763 1314 2833 genuinis
1368 2767 1571 2819 autem
1641 2760 1839 2818 Basilii

153 2853 461 2919 Asceticis,
496 2853 619 2907 etsi
666 2852 732 2907 in
777 2851 930 2922 ipsis
973 2852 1195 2908 centies
1240 2867 1441 2909 sermo
1470 2851 1729 2908 habetur
1758 2851 1836 2906 de

153 2940 678 2997 monasteriorum
702 2939 1024 3011 praefectis,
1054 2955 1364 3013 nusquam
1390 2944 1592 2997 tamen
1623 2940 1701 2996 ad
1727 2956 1832 2998 eos

1955 1883 2094 1924 cum
2134 1868 2263 1940 ipse
2292 1868 2353 1923 in
2384 1867 2468 1923 eis
2511 1866 2660 1923 nihil
2687 1866 2803 1922 tale
2831 1865 3030 1921 inesse
3074 1867 3359 1920 cerneret.
3402 1865 3470 1918 Et
3498 1877 3611 1918 nos

1954 1974 2201 2032 quoque
2224 1959 2341 2014 hoc
2372 1958 2535 2014 idem
2566 1957 2764 2013 dicere
2800 1955 3125 2026 habemus,
3148 1954 3222 2021 ei,
3250 1953 3357 2027 qui
3381 1953 3466 2010 ita
3507 1956 3616 2009 Re-

1956 2047 2132 2118 gulas
2152 2047 2456 2117 longiores
2492 2047 2805 2120 probaret,
2828 2049 2894 2101 ut
2931 2044 3195 2100 minores
3220 2042 3300 2099 ob
3320 2042 3613 2099 austerio-

1953 2151 2082 2193 rem
2121 2136 2464 2192 doctrinam
2502 2134 2874 2208 reprobaret,
2904 2133 3184 2195 videlicet
3210 2148 3325 2188 nos
3363 2147 3615 2205 magno-

1953 2241 2094 2299 pere
2116 2225 2344 2292 mirari,
2368 2224 2446 2281 ab
2467 2225 2602 2298 ipso
2622 2224 2685 2280 in
2711 2223 2950 2296 Regulis
2974 2221 3348 2279 brevioribus
3366 2220 3614 2295 reperiri

1951 2316 2217 2371 Stoicum
2240 2314 2557 2389 quiddam,
2574 2330 2714 2370 cum
2735 2330 2838 2369 eas
2872 2330 2907 2370 a
2931 2312 3267 2370 Stoicorum
3301 2309 3613 2366 severitate

1948 2404 2129 2475 longe
2151 2403 2729 2472 abessevideamus.
2763 2406 2845 2459 Ex
2868 2403 2963 2458 his
2994 2407 3220 2470 autem,
3242 2417 3377 2474 quae
3404 2400 3609 2457 hacte-

1948 2509 2066 2550 nus
2108 2493 2393 2559 diximus,
2424 2493 2472 2548 si
2520 2491 2670 2548 nihil
2718 2491 2930 2561 aliud,,
2958 2491 3108 2547 illud
3152 2489 3402 2563 quidem
3450 2492 3609 2545 certe

1947 2581 2309 2648 ostenditur,
2336 2581 2585 2637 unicum
2615 2584 3062 2651 argumentum,
3087 2578 3254 2652 quod
3275 2578 3353 2634 ad
3383 2577 3621 2663 impro:

1944 2670 2185 2727 bandas
2231 2665 2540 2726 breviores
2576 2668 2835 2739 Regulas
2878 2667 3124 2741 proprie
3167 2666 3367 2724 afferri
3393 2670 3603 2738 potest,

1942 2759 2110 2816 futile
2139 2775 2270 2815 esse
2302 2763 2358 2815 et
2392 2774 2612 2815 vanum
2640 2776 2653 2814 :
2702 2757 2829 2825 sed,
2878 2761 2945 2814 ut
2980 2773 3188 2814 verum
3223 2755 3432 2824 fatear,
3474 2770 3601 2811 non

1943 2849 2288 2907 necessario
2311 2849 2602 2923 sequitur,
2629 2848 2678 2904 si
2698 2852 2970 2921 utraeque
2995 2846 3234 2917 Regulae
3255 2848 3312 2902 et
3337 2845 3600 2917 majores

1942 2944 2000 2996 et
2028 2939 2296 2995 minores
2325 2956 2397 2995 ex
2423 2954 2601 3010 sequo
2632 2952 2853 2994 severae
2879 2941 3042 3006 sunt,
3073 2936 3239 3009 ipsas
3281 2934 3359 2991 ab
3390 2950 3512 2990 uno
3542 2938 3599 2990 et

153 3028 603 3098 significandos
630 3043 717 3084 eae
748 3043 907 3100 quas
947 3028 1072 3084 dixi
1108 3045 1290 3085 voces
1324 3034 1694 3103 usurpantur
1723 3032 1828 3102 (a).
1860 3051 1908 3106 ι)
1940 3030 2155 3086 eodem
2179 3028 2467 3101 scriptore
2488 3028 2679 3083 editas
2700 3026 2902 3082 fuisse.
2927 3028 3121 3092 Quare
3144 3025 3193 3081 si
3213 3024 3594 3097 propositum

154 3120 269 3174 Son
300 3119 463 3175 nihil
493 3123 589 3173 est
609 3133 884 3190 quoque,
907 3117 1075 3190 quod
1101 3120 1358 3192 scriptor
1386 3120 1830 3177 monachorum

150 3208 387 3263 vivendi
408 3207 728 3263 rationem
749 3212 925 3262 vocat
947 3207 1134 3263 vitam
1152 3207 1656 3280 philosophicam.
1678 3212 1830 3267 Nam

149 3296 274 3367 ipso
317 3296 501 3352 initio
548 3294 814 3351 secundi
862 3296 1161 3352 sermonis
1196 3298 1363 3369 (pag.
1393 3298 1521 3369 323)
1559 3298 1643 3354 ita
1688 3299 1829 3355 scri-

150 3392 312 3457 ptum
338 3392 437 3442 est
461 3402 477 3440 :
512 3385 675 3437 Οὕτω
710 3389 802 3436 καὶ
829 3389 951 3447 τούς
978 3393 1039 3458 τῇ
1074 3384 1335 3459 ἀσκητικῇ
1373 3393 1830 3461 προσερχομένους

152 3475 273 3545 ξκξ,
306 3479 498 3538 πάσης
526 3475 664 3534 ὕλης
696 3472 954 3547 βιωτικῆς
980 3478 1360 3549 γυμνωθέντας,
1394 3476 1533 3539 ἐντος
1571 3485 1663 3530 τοῦ
1692 3481 1828 3531 κατὰ

154 3564 456 3637 φιλοδοξίαν
486 3565 743 3636 γενέσθαι
774 3561 918 3635 βίου.
950 3564 1043 3621 Ita
1073 3566 1252 3622 etiam
1278 3566 1385 3637 qui
1405 3566 1487 3623 ad
1505 3567 1823 3625 asceticum

154 3654 279 3709 vita
318 3669 524 3724 genus
555 3653 881 3720 accedunt,
913 3654 1076 3709 omni
1101 3669 1167 3711 re
1194 3655 1399 3710 saecula
1424 3654 1604 3725 hujus
1633 3658 1819 3725 exuti,

152 3743 327 3799 vitam
367 3742 873 3813 philosophicam
920 3743 1387 3813 ingrediantur.
1420 3743 1671 3800 Basilius
1718 3760 1820 3801 au-

147 3836 277 3893 tem.
300 3831 420 3887 etsi
452 3829 673 3885 multis
694 3829 1029 3886 admodum
1053 3830 1204 3888 locis
1236 3831 1313 3887 de
1338 3831 1674 3890 monastica
1694 3834 1821 3892 vita

144 3916 431 3992 loquitur,
479 3933 813 3990 nunquam
871 3924 1099 3988 tamen,
1159 3925 1225 3976 ut
1279 3920 1426 3976 alibi
1480 3921 1661 3979 etiam
1713 3938 1819 3979 no-

144 4007 278 4063 tabo
320 4010 431 4079 (b),
468 4023 547 4063 ea
592 4006 838 4062 dicendi
877 4006 1138 4064 formula
1184 4025 1338 4065 usus
1392 4013 1499 4066 est.
1547 4011 1819 4068 Arbitror

144 4096 315 4166 igitur
366 4099 494 4153 has
557 4096 1126 4154 lucubratiunculas
1178 4099 1419 4172 spurias
1465 4115 1599 4156 esse
1637 4106 1817 4173 atque

144 4186 551 4247 adulterinas.
594 4202 708 4241 nec
755 4185 836 4241 ob
884 4185 1067 4243 aliam
1110 4203 1367 4244 causam
1415 4188 1567 4246 inter
1624 4191 1817 4247 Basilii

146 4278 425 4333 Ascetica
451 4293 491 4331 a
518 4274 791 4330 librariis
819 4276 1047 4347 positas
1078 4275 1286 4349 fuisse,
1319 4293 1508 4351 quam
1541 4278 1710 4351 quod
1736 4279 1817 4336 ad

144 4364 293 4422 idem
320 4368 778 4435 argumentum
811 4364 1198 4435 pertinerent.

146 4464 262 4528 εΗ.
278 4464 447 4536 Pars
463 4466 723 4536 quarta,
737 4461 843 4516 ubi
857 4463 1194 4518 ostenditur
1208 4451 1575 4536 Regularum
1592 4466 1815 4536 longio-

170 4550 291 4590 rum
310 4541 369 4592 et
390 4534 751 4589 breviorum
768 4548 954 4588 unum
972 4539 1024 4589 et
1041 4535 1309 4591 eumdem
1328 4542 1629 4592 auctorem
1650 4534 1789 4605 esse.

207 4636 294 4687 33.
334 4633 541 4688 Fuere
604 4630 714 4702 qui
765 4629 1145 4687 tradiderunt
1204 4632 1456 4703 Regulas
1503 4634 1809 4704 longiores

378 4718 655 4792 quidem
700 4734 854 4787 esse,
905 4719 1012 4775 sed
1058 4719 1364 4777 breviores
1405 4721 1573 4778 alteri
1626 4723 1808 4780 tribui

146 4817 442 4879 oportere;
483 4808 541 4863 si
567 4822 698 4863 non
718 4807 1022 4871 dixerunt,
1051 4814 1112 4864 at
1137 4814 1384 4881 putasse
1413 4815 1616 4867 tamen
1643 4813 1808 4869 credi

150 4906 409 4965 possunt.
434 4896 759 4968 Praecipua
781 4901 989 4952 autem
1011 4912 1214 4970 causa,
1231 4914 1338 4954 cur
1361 4899 1471 4955 has
1490 4905 1805 4972 suspectas

150 4986 481 5056 habuerint,
512 4987 650 5042 haec
698 4992 810 5050 est,
841 4985 1013 5058 quod
1052 4987 1195 5059 ipsis
1225 4989 1367 5046 vise
1401 4989 1521 5045 sint
1548 4991 1806 5047 severio-

155 5089 249 5143 res,
264 5078 602 5150 magisque
625 5091 666 5131 a
684 5075 1108 5131 moderatione
1129 5076 1355 5134 alienae.
1383 5079 1519 5148 Sed,
1548 5079 1598 5135 si
1617 5080 1804 5136 semel

156 5162 499 5222 damnentur
548 5163 795 5237 Regula:
830 5164 1139 5220 breviores
1173 5168 1502 5224 severitatis
1552 5170 1799 5240 majoris

161 5256 388 5327 nomine,
418 5269 829 5327 consequens
872 5254 988 5310 erit
1026 5258 1091 5310 ut
1120 5261 1174 5313 et
1210 5255 1514 5328 longiores
1554 5273 1799 5333 quoque

212 5434 277 5506 te;
316 5437 469 5506 Lege
498 5447 679 5490 num.
706 5437 804 5490 37.

218 5504 281 5578 (ὁ)
313 5511 373 5564 In
402 5504 581 5582 praef.
614 5520 682 5561 n.
716 5508 811 5563 37.

1939 3117 2185 3191 assequi
2211 3117 2489 3186 velimus,
2513 3115 2643 3173 aliis
2674 3115 3041 3185 argumentis
3072 3120 3320 3171 utamur
3346 3129 3593 3169 necesse

1938 3214 2047 3266 est.
2080 3208 2345 3264 Primum
2366 3206 2546 3277 igitur
2567 3206 2615 3262 si
2643 3222 2769 3279 qua
2790 3198 2942 3261 ratio
2962 3204 3247 3261 habenda
3279 3209 3369 3259 est
3397 3202 3591 3259 homi-

1937 3313 2087 3354 num
2112 3296 2390 3354 omnium
2415 3295 2959 3367 consensus,cujus
2980 3293 3160 3350 debet
3176 3292 3387 3350 haberi
3405 3292 3594 3348 maxi-

1936 3405 2060 3457 ma,
2082 3388 2263 3461 plane
2295 3386 2597 3443 constabit
2626 3385 2989 3457 Regularum
3019 3384 3295 3440 omnium
3318 3398 3512 3439 unum
3533 3385 3591 3438 et

1935 3478 2218 3536 eumdem
2241 3482 2550 3533 auctorem
2578 3491 2731 3532 esse.
2756 3478 2905 3531 Nam
2926 3477 3063 3530 ante
3082 3477 3291 3530 nostra
3307 3477 3589 3546 tempora

1932 3567 2198 3641 reperias
2243 3565 2575 3635 neminem,
2624 3565 2729 3637 qui
2774 3562 3079 3633 longiores
3126 3578 3162 3618 a
3204 3561 3584 3617 brevioribus

1932 3655 2173 3727 Regulis
2196 3669 2470 3727 unquam
2494 3652 2850 3708 distinxerit.
2869 3653 3090 3707 Omnes
3112 3649 3293 3706 totius
3310 3648 3584 3716 Ascetici,

1929 3744 2099 3819 quod
2126 3743 2201 3799 de
2245 3742 2434 3799 Photii
2464 3740 2761 3798 sententia
2789 3743 3080 3812 utrasque
3108 3735 3367 3808 Regulas
3416 3752 3581 3793 com-

1926 3832 2225 3907 plectitur,
2246 3847 2439 3887 unum
2459 3834 2517 3887 et
2535 3829 2821 3886 eumdem
2842 3832 3153 3885 auctorem
3173 3842 3410 3900 semper
3427 3826 3583 3884 fece-

1924 3927 2087 3979 runt.
2102 3921 2317 3988 Quales
2337 3925 2478 3976 sunt
2496 3918 2920 3991 Hieronymus,
2945 3918 3218 3989 Ruﬁnus,
3234 3918 3577 3983 Cassianus,

1928 4013 2319 4079 Sozomenus,
2336 4009 2727 4077 Justinianus,
2746 4007 3009 4076 Photius,
3031 4007 3269 4073 Suidas,
3289 4007 3580 4080 Nicepho-

1924 4116 2047 4171 rus,
2074 4103 2285 4156 auctor
2309 4096 2787 4155 Combeﬁsianus
2808 4097 2904 4168 (c),
2927 4096 3032 4170 qui
3055 4100 3118 4152 ut
3143 4094 3470 4165 longiores,
3494 4093 3581 4150 ita

1923 4188 2233 4246 breviores
2256 4187 2510 4258 Regulas
2532 4186 2646 4243 sibi
2664 4185 2949 4242 vindicat.
2970 4188 3090 4241 Hoc
3112 4184 3273 4240 idem
3294 4186 3352 4239 et
3368 4197 3575 4238 recen-

1923 4277 2102 4334 tiores
2132 4291 2379 4349 quoque
2421 4275 2770 4349 praestitere.
2811 4274 2928 4331 Etsi
2965 4274 3127 4330 enim
3165 4272 3227 4329 in
3266 4271 3575 4328 sententiis

1852 4393 1894 4452 ο
1924 4366 2218 4423 dissident
2237 4367 2393 4423 inter
2412 4381 2497 4435 se,
2526 4370 2728 4421 tamen
2749 4364 2810 4420 in
2832 4380 2903 4420 eo
2924 4362 3306 4420 consentiunt
3334 4378 3571 4434 omnes,

1923 4456 2091 4529 quod
2120 4460 2406 4527 utrasque
2435 4454 2689 4525 Regulas
2715 4453 2821 4509 uni
2848 4457 2908 4509 et
2924 4452 3121 4509 eidem
3142 4452 3370 4510 auctori
3394 4453 3572 4510 ascri-

1919 4545 2090 4602 bant.
2125 4548 2209 4612 Et,
2241 4549 2309 4601 ut
2352 4543 2589 4600 interim
2638 4543 2862 4599 multos
2903 4543 3200 4609 omittam,
3237 4542 3570 4600 nominabo

1921 4635 2272 4701 Scultetum,
2319 4632 2771 4702 Combeﬁsium,
2819 4632 3089 4689 Natalem
3135 4632 3567 4701 Alexandrum,

1915 4722 2382 4794 Tillemontium,
2413 4721 2783 4779 Ludovicum
2827 4721 3153 4794 Dupinum.
3187 4721 3358 4788 Quod
3391 4721 3439 4777 si
3479 4724 3569 4778 tot

1915 4813 2235 4871 hominum
2254 4811 2595 4868 testimonia
2615 4811 2887 4868 sufficere
2905 4827 3029 4867 non
3050 4810 3386 4880 videantur,
3406 4810 3567 4880 ejus-

1913 4903 2053 4961 dem
2080 4903 2166 4959 rei
2184 4907 2396 4959 testem
2421 4901 2727 4959 adhibebo
2750 4902 2952 4974 ipsum
2976 4899 3338 4971 Regularum
3361 4902 3563 4955 aucto-

1910 5008 2060 5049 rem.
2095 4991 2381 5064 lncipiam
2411 4991 2491 5048 ab
2520 5007 2593 5048 ea
2619 4991 2853 5061 regula,
2884 5006 3021 5063 quin
3067 4989 3221 5046 inter
3257 4985 3564 5045 breviores

1912 5081 2181 5137 secunda
2228 5086 2337 5148 est,
2381 5081 2486 5136 ubi
2536 5080 2619 5136 sic
2668 5079 2921 5151 legitur:
2980 5083 3183 5132 Τούτων
3232 5074 3292 5130 δὲ
3342 5077 3558 5129 ἕκαστον

1909 5172 2020 5225 οἷαν
2061 5174 2175 5242 ἔχει
2214 5167 2436 5243 δύναμιν
2476 5173 2678 5244 εἴρηται
2713 5169 2760 5221 ἐν
2789 5188 2862 5240 τῳ
2898 5173 3017 5241 περὶ
3046 5167 3204 5218 αὐτοῦ
3240 5164 3556 5239 ἐρωτήματι.

1910 5261 2157 5331 Qualem
2203 5266 2403 5318 autem
2433 5262 2552 5318 vim
2583 5258 2800 5315 habeat
2827 5257 3041 5314 horum
3070 5256 3556 5329 unumquodque,

1976 5438 2055 5511 (c)
2092 5441 2244 5512 Lege
2269 5439 2466 5499 Basil.
2493 5437 2791 5509 recensit.,
2822 5438 2865 5493 t.
2898 5437 2966 5507 ll,
2992 5449 3053 5509 p.
3087 5438 3207 5493 lOt.
