4058 6192
509 260 575 315 83
2022 252 2408 311 PREFATIO.
3856 255 3934 309 84

505 383 737 440 dictum
768 386 850 439 est
878 382 943 438 in
987 395 1077 454 ea,
1104 396 1235 453 qum
1263 381 1344 437 ad
1371 379 1482 437 hoc
1507 380 1793 451 pertinet,
1821 381 2158 450 interroga-
2196 386 2245 439 Α
2272 379 2524 453 passivo
2548 379 2795 453 ponitur
2817 380 2918 450 (b),
2943 384 3001 436 et
3024 380 3227 436 tamen
3249 377 3749 452 signiﬁcationem
3783 375 3932 434 acti-

508 475 686 530 tione.
721 472 1058 529 Obscurum
1097 475 1301 529 autem
1347 485 1472 527 non
1507 474 1616 539 est,
1647 475 1713 527 ut
1754 471 1884 541 jam
1922 469 2159 543 pridem

504 562 914 620 Tillemontius
958 560 1211 629 notavit,
1253 560 1370 617 hoc
1411 560 1547 617 loco
1592 560 1848 617 indicari
1894 559 2160 630 regulam

503 653 659 709 inter
684 667 945 723 magnas
990 655 1292 720 octavam,
1324 666 1465 706 cum
1498 649 1560 706 in
1591 666 1664 706 ea
1694 648 1977 706 secundae
2006 648 2162 706 illius

505 741 794 798 brevioris
822 739 1045 811 regulas
1089 743 1517 811 argumentum
1559 739 1807 812 copiose
1852 741 2158 795 tractetur.

502 834 678 888 Nunc-
716 830 1023 904 proferam
1065 828 1215 885 alios
1265 833 1384 885 tres
1428 829 1597 886 locos
1641 828 1890 885 minime
1916 827 2157 895 dubios,

500 936 764 994 quorum
785 917 1051 991 primum
1073 918 1204 990 jam
1226 917 1477 991 protulit
1500 917 1574 988 is,
1592 934 1777 991 quem
1805 917 1991 974 modo
2012 916 2156 988 dixi,

498 1011 591 1067 vir
614 1008 1056 1067 eruditissimus
1080 1008 1509 1066 Tillemontius.
1533 1009 1588 1063 Is
1621 1013 1825 1064 autem
1850 1007 2021 1064 locus
2044 1008 2162 1081 pri-

497 1116 637 1157 mus
661 1099 967 1155 invenitur
986 1098 1046 1154 in
1074 1098 1241 1154 brevi
1267 1097 1478 1167 regula
1513 1101 1891 1170 septuagena
1918 1101 2159 1170 quarta,

497 1189 604 1246 ubi
627 1189 711 1246 ita
740 1188 1029 1261 scriptum
1058 1186 1363 1243 invenitur
1389 1204 1403 1243 :
1434 1186 1788 1262 Πληρέστερον
1821 1184 1882 1239 δὲ
1909 1191 2029 1261 περὶ
2059 1195 2158 1239 τῶν

497 1281 745 1333 τοιούτων
776 1277 826 1330 ἐν
865 1284 976 1339 τοῖς
1019 1277 1156 1329 κατὰ
1187 1275 1379 1338 πλάτος
1420 1276 1707 1349 εἰρημένοις
1749 1275 2155 1349 ἀπεκρινάμεθα.

510 1369 726 1425 Verum
757 1366 831 1422 de
854 1366 949 1433 iis,
967 1366 1069 1437 qui
1090 1357 1442 1435 hujusmodi
1457 1370 1622 1433 sunt,
1646 1366 1709 1420 in
1734 1365 2160 1436 qumstionibus

494 1458 632 1528 fuse
652 1456 976 1526 explicatis
1002 1454 1244 1511 uberius
1270 1454 1687 1523 respondimus
1714 1470 1736 1510 .·
1764 1470 1887 1527 quo
1934 1453 1996 1510 in
2024 1454 2159 1511 loco

498 1560 792 1616 magnam
814 1543 1078 1616 aliquam
1097 1541 1375 1613 regulam
1397 1542 1567 1599 citari
1586 1542 1791 1599 vident
1810 1542 2159 1616 quicunque

499 1634 640 1692 caeci
668 1649 793 1690 non
824 1637 986 1690 sunt.
1018 1635 1234 1702 Magna
1277 1636 1483 1688 autem
1510 1631 1722 1703 regula
1748 1632 1853 1688 illa
1895 1648 2033 1705 quae
2064 1633 2161 1689 hic

2272 486 2415 527 vam
2440 471 2675 527 retinet.
2706 470 2982 542 Ejusdem
3008 468 3244 541 generis
3268 472 3409 525 sunt
3426 473 3485 525 et
3505 468 3622 525 alia
3639 467 3936 541 quaedam

2271 559 2596 624 vocabula,
2621 575 2759 633 quas
2788 559 3005 633 cuique
3031 558 3148 616 alio
3171 558 3307 616 loco
3335 558 3532 629 legere
3560 558 3696 614 licet
3723 558 3816 630 (c),

2270 672 2298 739 §
2345 670 2430 725 ΧΙ.
2482 670 2641 725 Pars
2687 670 2923 741 quinta,
2972 670 3037 724 in
3086 683 3207 740 qua
3257 667 3595 741 ostenditur
3640 672 3936 741 utrasque

2340 742 2604 810 Regulas
2651 739 2711 797 et
2761 739 3230 797 Constitutiones
3288 740 3650 797 monasticas
3701 739 3815 794 uni
3867 742 3932 795 et

2342 813 2529 869 eidem
2560 814 2801 869 auctori
2829 812 3017 869 tribui
3045 827 3165 868 non
3194 811 3423 869 debere.

2341 922 2430 976 34.
2472 918 2866 975 Doctissimus
2909 917 3001 974 vir
3030 916 3453 987 Combeﬁsius,
3483 932 3625 973 cum
3670 915 3934 972 dixisset

2269 1012 2559 1081 utrasque
2582 1007 2843 1079 Regulas
2864 1012 2919 1063 et
2944 1006 3410 1063 Constitutiones
3428 1007 3797 1063 monasticas
3815 1003 3931 1060 uni

2270 1101 2328 1155 et
2355 1098 2555 1155 eidem
2585 1098 2861 1171 scriptori
2892 1097 3113 1154 ascribi
3141 1112 3269 1154 non
3310 1101 3610 1170 oportere,
3635 1096 3806 1152 visus
3837 1099 3936 1153 est

2268 1188 2473 1245 multis
2520 1188 2697 1261 quasi
2746 1188 3124 1261 paradoxum
3163 1186 3479 1260 quoddam
3524 1186 3829 1259 proferre:
3862 1186 3933 1241 in

2266 1295 2392 1352 quo
2422 1293 2535 1349 ego
2564 1294 2704 1334 eum
2726 1278 2947 1351 partim
2968 1277 3183 1352 probo,
3208 1278 3427 1350 partim
3454 1276 3757 1349 improbo.
3789 1275 3934 1334 Mihi

2267 1367 2428 1425 enim
2452 1368 2713 1434 videtur,
2744 1368 2909 1442 quod
2948 1367 3252 1440 ejusmodi
3297 1366 3520 1440 scripta
3557 1382 3682 1423 non
3722 1366 3831 1423 uni
3868 1370 3935 1423 et

2268 1458 2466 1514 eidem
2504 1457 2737 1514 homini
2773 1456 3156 1514 attribuenda
3197 1472 3328 1513 esse
3379 1456 3630 1525 censuit,
3662 1458 3820 1512 recte
3850 1470 3931 1512 ac

2267 1562 2407 1604 vere
2429 1547 2739 1619 judicasse
2763 1565 2776 1604 :
2811 1547 2917 1603 sed
2942 1547 3002 1602 in
3025 1562 3097 1603 eo
3126 1561 3434 1619 peccasse,
3458 1545 3627 1619 quod
3651 1545 3932 1602 neutrius

2270 1636 2469 1709 operis
2490 1651 2705 1692 verum
2727 1639 3037 1693 auctorem
3058 1634 3403 1707 assignarit.
3430 1634 3547 1692 Sed
3571 1633 3646 1690 de
3670 1632 3764 1689 his
3786 1647 3929 1707 pos-

501 1723 812 1792 citatur,in
833 1721 1075 1793 magnis
1094 1721 1297 1778 locum
1320 1721 1646 1794 septimum
1667 1725 1847 1785 tenet,
1876 1721 1935 1778 in
1968 1738 2161 1795 eaque
2199 1733 2241 1789 Β
2270 1730 2386 1783 tea.
2416 1728 2551 1783 Jam
2581 1726 2869 1783 adnotavi
2899 1741 3062 1791 eum,
3094 1741 3280 1799 quem
3318 1724 3504 1782 modo
3547 1723 3691 1793 dixi,
3724 1723 3929 1781 erudi-

500 1815 635 1872 fuse
666 1813 1001 1887 explicatur
1040 1810 1211 1885 quod
1236 1810 1297 1866 in
1326 1810 1588 1867 breviori
1633 1811 1846 1883 paucis
1875 1811 2162 1884 perstrin-

502 1905 680 1977 gitur.
705 1903 836 1960 Alia
864 1903 988 1959 duo
1011 1899 1292 1975 exempla
1321 1900 1776 1959 evidentissima
1795 1916 2158 1974 proponam.

506 1998 704 2053 Unum
750 2008 996 2049 sumam
1033 2007 1066 2049 ο
1105 1992 1320 2062 regula
1361 1992 1696 2049 centesima
1733 1991 1904 2049 tertia
1941 1992 2003 2048 in
2040 2009 2165 2065 qua

504 2083 831 2159 propositae
873 2082 989 2139 sibi
1031 2081 1385 2155 quaestionis
1427 2082 1512 2138 ita
1540 2085 1754 2138 auctor
1793 2082 2160 2155 respondet:

507 2179 633 2248 Περὶ
663 2176 857 2226 τούτων
888 2175 1093 2247 εἴρηται
1133 2178 1306 2244 σαφῶς
1346 2170 1397 2223 ἐν
1434 2179 1497 2243 τῇ
1538 2170 1834 2245 πλατυτέρᾳ
1870 2173 2161 2247 ἀποκρίσει,

507 2267 595 2321 De
615 2263 707 2321 his
728 2263 1037 2320 enucleate
1058 2261 1287 2318 dictum
1316 2265 1399 2316 est
1430 2260 1495 2316 in
1520 2261 1734 2317 latiore
1763 2263 2165 2331 responsione.

511 2357 644 2411 Haac
675 2356 880 2409 autem
926 2350 1101 2407 latior
1136 2352 1451 2422 responsio
1490 2349 1701 2420 regula
1748 2354 1838 2407 est
1876 2351 2167 2412 vicesima

513 2443 773 2517 septima
796 2442 949 2498 inter
976 2440 1258 2513 majores.
1287 2439 1554 2497 Alterum
1580 2440 1926 2514 exemplum
1947 2458 2168 2516 suppe-

510 2532 728 2591 ditabit
750 2531 993 2589 brevior
1018 2530 1232 2602 regula
1260 2530 1674 2587 ducentesima
1697 2530 2008 2602 vicesima,
2028 2549 2165 2606 qum

512 2624 597 2681 sic
623 2622 874 2695 incipit:
909 2624 1032 2695 Περὶ
1070 2623 1263 2673 τούτων
1304 2623 1507 2694 εἴρηται
1545 2620 1595 2673 ἐν
1640 2627 1749 2683 τοῖς
1777 2625 1912 2674 κατὰ
1948 2622 2161 2687 πλάτος,

510 2715 599 2770 De
636 2712 728 2768 his
754 2711 982 2768 dictum
1010 2714 1095 2767 est
1126 2710 1191 2766 in
1222 2710 1648 2781 quaestionibus
1672 2711 1873 2780 fusius
1901 2714 2165 2782 explica-

512 2804 607 2859 tis.
635 2799 876 2871 Legenti
904 2802 1106 2855 autem
1131 2797 1435 2869 longiores
1464 2798 1723 2868 Regulas
1752 2805 2027 2857 occurret
2060 2801 2163 2857 tri-

511 2891 739 2949 cesima
758 2889 951 2957 tertia,
964 2888 1027 2945 in
1046 2904 1171 2962 qua
1189 2888 1393 2945 multis
1413 2888 1614 2945 verbis
1634 2889 1978 2947 declaratur
1997 2891 2164 2964 quod

510 2981 573 3037 in
592 2981 709 3038 hac
731 2976 993 3035 breviori
1009 2976 1272 3034 breviter
1287 2976 1516 3034 dictum
1536 2982 1642 3034 est.
1663 2979 1803 3034 Post
1820 2965 2165 3037 testimonia

2270 1815 2571 1873 tissimum
2591 1817 2786 1872 virum
2818 1832 2992 1872 suam
3024 1815 3375 1888 opinionem
3400 1814 3485 1871 ita
3506 1813 3829 1871 defendere
3858 1816 3933 1869 ut

2272 1911 2635 1976 argumenta
2664 1921 2774 1962 sua
2812 1906 2933 1961 fere
2977 1905 3183 1962 omnia
3225 1921 3299 1962 ex
3340 1904 3534 1961 nimia
3568 1903 3927 1974 regularum

2273 1995 2588 2052 severitate
2618 1999 2818 2068 petat:
2863 1995 2970 2051 sed
3010 2012 3082 2052 ea
3125 1995 3377 2052 fortasse
3408 1994 3462 2051 ei
3490 1993 3600 2050 soli
3627 1992 3931 2051 ﬁrmitatis

2275 2084 2503 2157 aliquid
2525 2083 2750 2140 habere
2771 2084 3153 2140 videbuntur.
3174 2086 3239 2140 Et
3257 2098 3401 2139 vero
3422 2083 3770 2156 quicunque
3800 2082 3933 2139 ani-

2275 2191 2376 2232 mo
2404 2190 2580 2249 aequo
2606 2174 2865 2246 Regulas
2889 2179 3009 2231 tam
3039 2174 3345 2246 longiores
3385 2189 3575 2246 quam
3614 2172 3931 2229 breviores

2272 2264 2546 2334 legerint,
2559 2265 2599 2320 ii
2616 2270 2772 2320 certe
2792 2280 2916 2336 quo
2937 2268 3111 2320 erunt
3130 2262 3619 2336 perspicaciores,
3634 2279 3704 2319 eo
3723 2262 3936 2318 minus

2276 2354 2592 2412 Stoicailla
2611 2353 2901 2424 dogmata
2920 2352 3229 2424 videbunt,
3264 2368 3403 2425 quae
3434 2352 3496 2407 in
3525 2351 3798 2424 utrisque
3826 2350 3933 2409 de-

2271 2443 2671 2517 prehendisse
2690 2457 2753 2498 se
2774 2441 2925 2498 falso
2948 2439 3936 2498 existimavitCombeﬁsius.Plura

2274 2550 2382 2589 suo
2402 2532 2536 2589 loco
2558 2532 2634 2588 de
2655 2531 2970 2588 severitate
2994 2530 3096 2587 illa
3118 2530 3313 2588 Stoica
3331 2530 3428 2587 vel
3456 2530 3657 2603 potius
3679 2528 3932 2587 Combe-

2271 2623 2492 2680 ﬁsiana
2522 2641 2536 2679 :
2568 2637 2734 2677 nunc
2764 2621 2840 2677 de
2869 2620 2987 2677 alio
3017 2620 3124 2675 viri
3150 2619 3538 2676 eruditissimi
3567 2621 3932 2689 argumento

2269 2712 2457 2769 verba
2486 2711 2805 2768 faciamus.
2838 2713 2924 2766 Ita
2967 2709 3145 2780 igitur
3170 2707 3437 2781 loquitur
3463 2708 3526 2764 in
3555 2724 3665 2765 suo
3694 2708 3933 2764 Basilio

2268 2803 2556 2859 recensita
2578 2802 2638 2873 (t.
2664 2803 2731 2869 11,
2754 2816 2813 2871 p.
2836 2801 3002 2867 234):
3033 2799 3170 2869 Ipso
3198 2799 3401 2855 statim
3430 2798 3609 2855 titulo
3646 2803 3699 2853 et
3738 2812 3930 2868 argu-

2269 2895 2468 2946 mento
2517 2889 3029 2946 Constitutionum
3076 2886 3580 2955 monasticarum,
3629 2886 3815 2942 alium
3861 2901 3931 2943 se

2272 2986 2489 3039 auctor
2520 2980 2731 3049 prodit
2778 2977 2853 3035 ab
2894 2992 2980 3045 eo,
3031 2980 3204 3047 cujus
3252 2977 3567 3047 superiora
3613 2976 3813 3032 omnia
3853 2977 3934 3047 (si

510 3074 637 3127 tam
665 3071 830 3125 certa
853 3069 1103 3139 tamque
1132 3064 1496 3133 indubitata,
1516 3065 1868 3140 opinionem
1892 3073 2165 3125 nostram
2203 3086 2244 3144 ε
2268 3072 2434 3142 forte
2449 3068 2872 3140 prazfationem
2898 3068 3208 3139 antiquam
3239 3065 3625 3136 libellumque
3651 3065 3730 3122 ad
3748 3065 3932 3124 οἷο-κη-

510 3156 705 3228 magis
735 3154 1085 3212 conﬁrmari
1111 3153 1259 3211 nihil
1282 3153 1527 3226 quidem
1556 3171 1803 3213 necesse
1827 3158 1987 3214 duco
2016 3174 2029 3213 :
2058 3158 2167 3214 sed

508 3252 715 3304 tamen
737 3260 864 3301 non
890 3244 1215 3314 indignum
1244 3248 1414 3316 puto,
1445 3244 1613 3317 quod
1641 3250 1897 3315 notetur,
1921 3247 2165 3303 easdem

508 3333 754 3392 dicendi
782 3333 1095 3399 formulas,
1118 3348 1257 3405 quas
1286 3332 1350 3389 in
1373 3333 1711 3405 majoribus
1742 3334 1979 3405 Regulis
2004 3336 2166 3391 inve-

507 3425 779 3493 niuntur,
805 3424 868 3480 in
897 3421 1235 3479 minoribus
1260 3438 1507 3496 quoque
1548 3424 1814 3496 reperiri.
1845 3425 2049 3490 Qualis
2079 3430 2170 3483 est

506 3501 631 3585 illa,
659 3529 784 3587 qua
814 3512 1069 3585 scriptor
1095 3510 1179 3568 ita
1207 3511 1580 3585 Scripturam
1603 3513 1742 3570 citat
1764 3513 1842 3585 (a)
1868 3518 1930 3570 ut
1950 3514 2165 3571 adver-

506 3603 611 3663 bia
638 3603 925 3677 quaedam
952 3605 1306 3676 praeponat:
1329 3609 1432 3655 Τοῦ
1464 3607 1660 3679 Κυρίου
1690 3605 1969 3679 ὁριστιχῶς
2000 3605 2168 3659 εἰπόν-

507 3714 614 3761 τος,
647 3696 784 3765 etc.,
835 3707 969 3748 cum
1015 3691 1308 3747 Dominus
1355 3692 1549 3749 verbis
1596 3692 1947 3750 decretoriis
1993 3695 2163 3752 dixe-

506 3784 613 3850 rit,
634 3786 745 3839 etc.
778 3784 1009 3838 Rursus
1039 3779 1382 3853 cujusmodi
1412 3784 1503 3837 est
1525 3780 1648 3848 illa,
1676 3797 1811 3854 qua
1840 3782 1901 3838 in
1931 3799 2047 3839 usu
2073 3787 2165 3842 est

505 3872 674 3946 apud
700 3871 1080 3944 scriptorem,
1112 3886 1252 3926 cum
1295 3869 1544 3943 aliquod
1574 3886 1765 3942 genus
1791 3871 2161 3944 praefecturae

504 3960 861 4035 exprimitur
883 3976 897 4015 :
923 3965 1084 4011 Ὥστε
1104 3961 1190 4011 τὸν
1218 3962 1309 4031 μέν
1334 3980 1451 4013 τινα
1478 3959 1743 4033 ὀφθαλμοῦ
1775 3960 1982 4033 ἐπέχειν
2004 3959 2161 4016 δύνα-

502 4072 611 4125 μιν,
664 4054 753 4110 τὴν
802 4047 1092 4122 ἐπιμέλειαν
1138 4052 1228 4106 τὴν
1270 4053 1439 4107 κοινὴν
1482 4053 1903 4123 πεπιστευμένον·
1953 4051 2041 4107 ita
2091 4058 2161 4109 ut
2202 4102 2207 4109 .

501 4142 661 4199 alius
692 4139 930 4214 quidem
956 4137 1124 4194 oculi
1164 4137 1282 4193 vim
1309 4138 1594 4225 obtineat,
1627 4140 1727 4194 cui
1758 4140 1984 4196 scilicet
2024 4155 2159 4197 con-

501 4232 735 4288 credita
764 4234 850 4287 est
879 4226 1208 4285 communis
1240 4240 1442 4283 rerum
1484 4242 1634 4284 cura
1654 4242 1675 4283 .·
1712 4226 1816 4283 ubi
1859 4243 1983 4284 non
2014 4228 2157 4285 sim-

499 4319 732 4391 pliciter
779 4317 1019 4385 dicitur,
1050 4318 1138 4369 τὸν
1186 4324 1508 4391 προεστῶτα,
1539 4317 1860 4387 praefectus
1907 4319 2155 4391 scilicet,

501 4407 611 4464 sed
659 4422 768 4479 per
811 4404 1238 4479 periphrasim,
1270 4409 1358 4463 τὴν
1407 4403 1693 4478 ἐπιμέλειαν
1736 4410 1829 4465 τὴν
1867 4412 2043 4465 κοινὴν
2071 4429 2155 4461 πε·
2190 4438 2234 4493 D

496 4499 857 4569 πιστευμένον.
883 4493 1287 4550 Annumerari
1308 4498 1503 4567 potest
1529 4510 1667 4550 cum
1693 4494 1786 4551 his
1811 4501 1869 4552 ct
1885 4494 1987 4552 illa
2008 4513 2155 4569 quo-

495 4602 637 4660 que,
666 4601 791 4658 qua
821 4600 998 4640 voces
1022 4582 1365 4660 πληροφορεῐν
1391 4587 1447 4639 et
1482 4584 1807 4660 πληροφορία
1837 4585 1900 4641 in
1930 4586 2153 4656 signiﬁ-

495 4674 733 4732 catione
781 4672 1199 4747 persuasionis
1228 4676 1602 4745 usurpantur
1630 4676 1718 4725 τὸν
1765 4676 1853 4745 μὲν
1894 4674 2150 4748 πληροφο-

492 4770 686 4839 ρήσας,
718 4765 797 4816 ὅτι
824 4765 872 4831 ὁ,
905 4768 1043 4829 etc.,
1071 4763 1158 4818 sic
1184 4766 1251 4817 ut
1288 4762 1474 4818 alteri
1502 4762 1735 4833 quidem
1756 4767 2147 4833 persuaserit,

490 4861 553 4911 ut
592 4855 664 4923 si,
706 4857 816 4910 etc.
860 4854 928 4908 Et
970 4850 1111 4907 illuc
1156 4849 1302 4909 addi
1343 4854 1563 4923 potest,
1618 4850 1923 4923 quasdam
1970 4868 2149 4909 voces

490 4946 651 5001 certo
698 4941 973 5015 quodam
1002 4938 1189 4996 modo
1236 4943 1539 5012 acceptas,
1572 4954 1707 5012 quas
1750 4954 2056 5013 nusquam
2086 4942 2147 4998 in

488 5032 729 5105 Regulis
758 5029 1142 5102 longioribus
1183 5032 1516 5100 ponuntur,
1545 5043 1852 5100 nusquam
1902 5045 2147 5103 quoque

484 5122 547 5179 in
592 5120 978 5179 brevioribus
1008 5117 1305 5176 adhiberi.
1337 5117 1429 5173 Ad
1471 5116 1640 5190 quod
1672 5133 1865 5188 genus
1901 5123 2018 5174 tres
2051 5119 2145 5175 lue

482 5225 662 5267 voces
690 5209 1051 5281 referuntur,
1079 5207 1390 5282 φιλοσοφεῖν,
1415 5206 1710 5280 φιλοσοφία,
1737 5206 2031 5279 φιλόσοφος.
2054 5208 2144 5264 Ad

479 5299 643 5358 idem
690 5300 950 5373 pertinet
986 5297 1244 5357 verbum
1272 5297 1557 5363 ποιεῖσθαι,
1585 5310 1725 5352 cum
1772 5295 1834 5351 in
1869 5300 2142 5369 tempore

546 5478 633 5551 (a)
670 5479 809 5551 Leg.
832 5492 894 5533 n.
923 5480 1013 5551 38.

544 5550 623 5622 (b)
664 5550 815 5621 Lege
841 5563 903 5605 n.
937 5550 1027 5605 37.

2277 3180 2359 3214 σιν
2416 3160 2799 3229 sanctiusque
2853 3157 3194 3212 institutum
3254 3155 3441 3212 levius
3492 3155 3931 3225 informantem

2274 3247 2618 3319 exceperis),
2649 3260 2970 3317 verumque
2998 3245 3319 3309 Basiliam,
3348 3243 3453 3316 qui
3474 3248 3528 3300 et
3548 3258 3643 3300 eos
3661 3242 3931 3313 erudiat,

2275 3341 2380 3412 qui
2398 3340 2461 3394 in
2478 3337 2759 3394 societate
2780 3351 2914 3391 cum
2946 3334 3218 3406 reliquis,
3240 3340 3295 3390 et
3315 3333 3423 3406 qui
3447 3333 3790 3389 solitariam
3810 3333 3938 3401 ipsi

2274 3443 2539 3485 seorsum
2559 3427 2745 3482 vitam
2767 3428 2954 3494 agant
2966 3441 2989 3486 ,·
3009 3429 3081 3478 ιιι
3101 3428 3187 3479 est
3205 3429 3465 3495 utraque
3483 3421 3701 3478 militia
3718 3422 3933 3478 Eccle-

2273 3518 2377 3574 sia
2414 3515 2699 3587 probata,
2727 3514 3024 3585 ducesque
3065 3512 3276 3569 habuit
3320 3518 3375 3568 et
3420 3511 3718 3568 antistites
3746 3516 3937 3582 atque

2273 3608 2533 3665 cultores
2552 3606 2712 3662 viros
2729 3605 2914 3674 plane
2931 3603 3187 3673 inclytos
3200 3620 3224 3666 ;
3244 3617 3377 3657 cum
3392 3601 3569 3671 prior
3585 3600 3693 3657 ille
3710 3605 3936 3657 auctor

2270 3699 2356 3754 sic
2381 3695 2685 3753 solitarios
2708 3699 2999 3763 perpetuo
3028 3691 3312 3748 insectari
3340 3690 3638 3757 videatur,
3670 3690 3936 3760 unisque

2270 3800 2637 3845 communem
2675 3785 2860 3839 vitam
2908 3780 3244 3851 agentibus,
3276 3779 3572 3852 quidquid
3615 3784 3699 3835 est
3744 3777 3932 3835 Chri-

2270 3880 2452 3933 tianm
2469 3873 2710 3946 pietatis
2731 3870 3050 3928 ascribere.
3078 3871 3307 3940 Fateor,
3335 3867 3501 3941 quod
3530 3868 3629 3924 hic
3649 3867 3731 3924 ait
3749 3869 3931 3924 Com-

2265 3964 2532 4029 beﬁsius,
2566 3959 2929 4031 Regularum
2961 3963 3271 4015 auctorem
3310 3956 3693 4013 anachoretis
3730 3955 3931 4013 infen-

2268 4052 2578 4110 sissimum
2626 4065 2779 4118 esse,
2830 4048 3185 4121 scriptorem
3232 4062 3370 4104 vero
3413 4045 3931 4103 Constitutionum

2266 4141 2744 4199 monasticarum
2806 4140 2891 4193 e’s
2949 4137 3170 4206 favere,
3224 4136 3620 4209 ipsorumque
3675 4134 3931 4193 vivendi

2266 4232 2562 4288 rationein
2582 4228 2865 4302 probare,
2888 4226 2948 4282 id
2971 4225 3118 4282 mihi
3142 4225 3329 4282 videri
3354 4228 3413 4281 et
3435 4218 3669 4280 ﬁrmius
3699 4227 3755 4280 et
3784 4238 3929 4294 gra-

2264 4320 2415 4388 vius,
2438 4335 2625 4392 quam
2657 4323 2742 4373 est
2772 4321 2895 4373 tota
2925 4315 3026 4372 illa
3053 4319 3180 4371 tam
3212 4330 3371 4388 saepe
3400 4314 3478 4370 ab
3504 4313 3719 4371 eodem
3746 4315 3929 4371 Com-

2264 4409 2477 4466 beﬁsio
2534 4408 2852 4464 decantata
2912 4404 3247 4460 Stoicorum
3311 4403 3617 4460 severitas.
3686 4403 3930 4461 Etenim

2265 4497 2629 4568 Regularum
2679 4498 2889 4551 auctor
2934 4497 3058 4548 tam
3106 4492 3494 4549 vehementer
3523 4492 3824 4548 invehitur
3851 4491 3927 4549 in

2263 4587 2663 4644 anachoretas
2692 4584 2796 4656 (d),
2831 4587 2894 4637 ut
2923 4597 3063 4637 eum
3094 4582 3242 4654 ipsis
3266 4597 3543 4655 unquam
3570 4580 3792 4637 favisse
3816 4579 3929 4639 vix

2260 4676 2473 4733 credas
2501 4693 2514 4730 :
2547 4675 2651 4731 sed
2687 4680 2886 4730 tamen
2919 4688 2995 4729 ne
3036 4672 3153 4729 hoc
3181 4671 3430 4744 quidem
3481 4675 3925 4742 argumentum

2258 4765 2521 4822 arbitror
2566 4763 2646 4820 ad
2688 4761 3188 4835 persuadendum
3225 4760 3482 4817 multum
3513 4760 3729 4817 valere.
3760 4762 3926 4818 Nam

2255 4870 2464 4911 rarum
2490 4868 2615 4910 non
2638 4857 2745 4921 est,
2769 4857 2834 4908 ut
2853 4851 2987 4925 quis
3015 4850 3269 4907 diversis
3299 4849 3675 4923 temporibus
3694 4848 3924 4906 eadem

2256 4949 2312 5001 et
2338 4942 2553 5016 probet
2572 4946 2629 4998 et
2646 4940 2968 5013 improbet.
2994 4940 3141 4996 Fieri
3170 4953 3311 5009 ergo
3332 4939 3547 5011 potuit;
3570 4942 3635 4995 ut
3655 4937 3925 5008 Regula-

2253 5048 2389 5088 rum
2413 5030 2684 5104 scriptor,
2708 5029 2984 5103 quisquis
3007 5034 3116 5094 est,
3142 5028 3650 5085 anachoretarum
3670 5027 3925 5086 vivendi

2252 5121 2551 5178 rationem
2600 5119 2771 5175 valde
2818 5117 3193 5191 vituperarit,
3242 5133 3430 5190 quam
3480 5121 3657 5174 antea
3703 5120 3923 5175 tamen

2250 5209 2512 5267 multum
2532 5209 2861 5265 laudasset.
2888 5207 3189 5273 Quoniam
3209 5211 3413 5262 tamen
3436 5206 3551 5263 hoc
3579 5206 3712 5279 ipso
3732 5205 3796 5261 in
3818 5222 3921 5263 ar-

2250 5302 2538 5372 gumento
2560 5297 2677 5353 vim
2701 5295 3032 5352 maximam
3054 5294 3252 5350 inesse
3274 5293 3565 5363 existimo,
3590 5294 3639 5351 si
3661 5292 3920 5353 aliunde

2320 5474 2399 5543 (ε)
2438 5472 2593 5530 Ibid.

2317 5546 2397 5618 (τι)
2440 5547 2593 5616 Lege
2621 5559 2745 5615 reg.
2773 5548 2803 5599 7
2837 5543 2984 5615 maj.
