4058 6192
235 206 293 262 ss
1720 197 1888 254 Plui}

1993 195 2111 254 ΓΙΟ.
2912 210 2927 229 ‘
3582 210 3652 267 86

237 327 662 394 consideretur,
683 327 856 385 abeo
884 342 1014 385 non
1039 332 1166 386 tam
1192 327 1308 384 cito
1326 325 1662 386 discedam.
1686 325 1893 384 Scien-
1922 333 1972 388 Α
2006 326 2235 394 auctor,
2266 324 2331 382 in
2372 324 2615 397 Regulis
2651 326 3032 385 brevioribus
3085 328 3281 400 magis
3330 330 3656 403 indulgens

234 418 373 475 dum
415 433 567 488 ergo
612 418 1128 475 Constitutionum
1175 416 1655 474 monasticarum
1687 420 1894 475 aucto-

235 524 354 565 rem
376 508 889 564 anachoretarum
934 510 1160 564 statum
1202 522 1327 563 non
1365 506 1560 563 obiter
1583 522 1894 564 commen-

236 598 431 663 dasse,
451 597 563 653 sed
583 597 661 654 de
676 613 748 654 eo
774 598 1025 670 copiose
1039 601 1097 653 et
1116 596 1499 653 abundanter
1514 596 1891 653 disseruisse.

238 690 354 744 Non
384 687 551 743 enim
603 687 668 743 id
713 686 960 743 vivendi
1006 700 1197 756 genus
1242 701 1366 742 uno
1412 691 1520 743 aut
1545 686 1730 744 altero
1758 687 1893 744 loco

235 775 463 851 probat,
489 776 601 833 sed
632 781 821 834 totam
844 775 1116 833 mediam
1146 775 1238 831 sui
1257 775 1456 848 operis
1474 780 1712 850 partem
1732 776 1795 833 in
1821 792 1893 834 eo

232 867 614 924 informando
640 866 1042 940 insumpsisse
1065 882 1129 923 se
1159 866 1404 923 tradidit
1428 867 1580 940 ipse.
1612 868 1700 924 Ita
1729 867 1893 924 enim

232 956 391 1012 initio
425 955 650 1029 capitis
700 959 766 1011 18
810 956 1083 1029 loquitur
1121 966 1284 1028 (pag.
1318 956 1484 1028 360):
1531 961 1656 1032 Περὶ
1685 961 1775 1031 μὲν
1804 955 1892 1010 οὖν

234 1056 315 1100 τοῦ
334 1049 669 1101 καθὲκαστον
700 1046 939 1105 ἁσκητοῡ
968 1053 1174 1100 καὶτοῦ
1204 1051 1290 1099 τὸν
1320 1052 1520 1123 μονήρη
1565 1046 1685 1121 βίον
1712 1050 1891 1101 ἀσπα-

232 1143 444 1211 ι-ῳένου
477 1143 532 1191 ἐν
561 1145 675 1200 τοῖς
700 1140 1014 1211 ἔμπροσθεν,
1044 1139 1114 1200 ὡς
1146 1136 1280 1206 ἐνῆν,
1316 1134 1684 1212 δεδηλώκαμεν
1707 1156 1721 1168 ·
1756 1139 1893 1202 ὁπως

227 1248 311 1285 περ
354 1247 412 1282 τε
459 1226 655 1299 ψυχὴν
700 1231 833 1301 πρὸς
882 1230 942 1280 τὸ
994 1226 1148 1280 καλὸν
1201 1226 1451 1296 ἓξασκῶν,
1501 1232 1690 1281 καὶτὸ
1741 1238 1894 1301 σῶμα

226 1321 345 1391 πρὸς
393 1321 455 1370 τὸ
515 1313 636 1370 δέον
686 1316 990 1390 οἰκονομῶν,
1042 1314 1241 1369 δύναιτ’
1286 1316 1347 1370 ἃν
1400 1318 1523 1391 ἡμῖν
1570 1321 1657 1372 τὸν
1698 1316 1888 1393 ἀκριϐῆ

224 1411 632 1479 χαρακπρίσαι
685 1406 1053 1480 φιλόσομοφον.
1114 1406 1251 1461 Ἐπεὶ
1308 1404 1368 1461 δὲ
1424 1410 1473 1460 οἱ
1519 1407 1755 1461 πλεῖστοι
1791 1416 1891 1460 τῶν

222 1495 463 1553 ἀσκητῶν
533 1498 673 1549 κατά
722 1502 1047 1570 συστήματα
1094 1497 1470 1565 πολιτεύονται,
1532 1496 1772 1559 ἀλλήλοις
1826 1500 1893 1550 τὰ

224 1592 533 1659 elocuti-parta:
584 1590 719 1660 πρὸς
762 1584 952 1659 ἀρετὴν
982 1588 1392 1660 παραθήγοντες,
1420 1590 1512 1639 καὶ
1663 1594 1761 1639 τῶν
1790 1607 1889 1639 κα-

221 1677 575 1748 τορθωμάτων
607 1674 1016 1748 ἀντιπαραθέσει
1043 1686 1411 1750 παρορμῶντες
1436 1675 1651 1739 ἑαυτοὺς
1689 1675 1771 1729 ἐπὶ
1796 1681 1889 1734 τὴν

217 1773 301 1817 τοῦ
344 1764 517 1817 καλοῦ
563 1770 857 1837 προκοπὴν,
884 1760 1089 1817 δίκαιον
1129 1767 1389 1840 ᾠήθημεν,
1422 1765 1513 1817 καὶ
1554 1768 1759 1829 τούτοις
1797 1769 1890 1824 τὴν

216 1851 248 1907 δ
253 1858 303 1906 ιὰ
327 1864 431 1906 τῶν
461 1854 638 1926 λόγων
666 1855 997 1929 παράκλησιν
1025 1856 1436 1928 εἰσενέγκασθαι.
1468 1858 1559 1913 Ac
1584 1857 1659 1912 de
1689 1861 1891 1913 asceta

212 1944 476 2016 quidem,
532 1944 644 2015 qui
683 1959 952 2000 seorsum
1000 1946 1146 2015 agit,
1196 1946 1501 2017 vitamque
1554 1946 1891 2003 solitariam

211 2028 538 2104 duplam
559 2040 668 2103 est,
702 2034 994 2104 dilucide,
1023 2041 1313 2107 quantum
1337 2037 1399 2091 in
1429 2036 1600 2092 nobis
1621 2047 1769 2107 erat,
1790 2052 1891 2092 su-

208 2126 410 2193 perius
440 2125 867 2191 disseruimus,
897 2127 1188 2196 quomodo
1216 2132 1273 2183 et
1310 2128 1579 2184 animum
1610 2142 1890 2185 exercens

210 2214 287 2269 ad
310 2214 565 2275 bonum,
596 2219 654 2270 et
682 2229 900 2284 corpus
921 2221 1061 2284 apte
1084 2221 1138 2272 et
1159 2220 1277 2272 rite
1303 2222 1674 2286 componens,
1694 2217 1891 2288 philo-

208 2302 467 2372 sophum
495 2304 839 2373 perfectum
872 2305 1042 2362 nobis
1070 2307 1398 2375 exprimere
1418 2308 1630 2377 possit.
1648 2308 1725 2363 At
1750 2322 1892 2378 quo-

206 2397 373 2449 niam
418 2400 766 2450 versantur
810 2396 998 2451 simul
1045 2396 1108 2452 in
1164 2399 1584 2454 communitate
1630 2398 1893 2466 plurimi

202 2490 583 2551 ascetarum,
598 2485 874 2540 animum
894 2492 1105 2541 mutuo
1116 2493 1473 2543 exacuentes
1490 2487 1572 2543 ad
1586 2488 1886 2555 virtutem,

202 2579 253 2628 et
272 2580 444 2629 recte
468 2573 792 2642 factorum
807 2576 1256 2643 comparatione
1274 2577 1494 2646 seipsos
1516 2576 1598 2632 ad
1612 2591 1888 2647 progres-

2003 412 2188 470 fuisse
2216 415 2279 472 in
2310 415 2709 473 anachoretas
2738 418 3048 488 putandus
3079 422 3187 486 est,
3220 436 3359 475 cum
3404 420 3467 477 in
3503 421 3655 495 ipsis

2000 503 2278 573 regulam
2311 505 2631 578 septimam
2652 507 2969 577 majorem,
2989 523 3177 579 quam
3198 509 3460 583 quisque
3485 512 3657 584 sequi

2000 591 2237 659 debeat,
2270 594 2408 650 citet
2438 596 2540 666 (α).
2567 597 2699 651 Jam
2729 612 2936 669 quaero
2979 597 3083 669 qui
3121 597 3249 654 ﬁeri
3279 599 3559 671 potuerit,
3589 604 3657 656 ut

2000 697 2160 738 unus
2190 687 2247 739 et
2274 683 2438 740 idem
2466 685 2652 741 homo
2675 685 2737 741 in
2769 701 2892 741 uno
2919 701 3102 758 opere
3130 687 3404 744 refutarit
3428 705 3564 763 quae
3595 689 3657 745 in

2001 768 2188 826 altero
2212 771 2569 845 scripsisset.
2592 773 2707 830 Sed
2736 773 2993 831 fortasse
3020 775 3283 848 cuipiam
3308 777 3368 832 in
3391 783 3659 836 mentem

1999 859 2196 916 veniet
2221 861 2390 933 quod
2411 862 2723 935 aliquanto
2754 867 2892 920 ante
2923 863 3209 936 diximus,
3238 866 3515 924 videlicet
3534 884 3660 925 non

1999 963 2138 1005 raro
2178 951 2547 1022 contingere,
2578 958 2643 1008 ut
2699 952 2837 1025 quis
2884 952 3056 1009 aliter
3099 953 3230 1010 aliis
3279 958 3659 1030 temporibus

2002 1038 2241 1095 sentiat.
2276 1040 2429 1096 Nihil
2481 1056 2624 1111 ergo
2653 1040 2926 1114 impedit,
2961 1042 3197 1116 inquiet
3238 1044 3481 1117 aliquis,
3511 1064 3662 1119 quo-

2000 1127 2201 1184 minus
2231 1133 2442 1186 auctor
2469 1131 2736 1203 primum
2785 1132 3250 1189 Constitutiones
3290 1136 3662 1193 monasticas

1998 1217 2279 1288 vulgasse
2302 1219 2600 1290 credatur,
2623 1219 2842 1276 deinde
2863 1236 3007 1276 vero
3028 1222 3304 1291 Regulas,
3322 1223 3383 1280 in
3412 1225 3660 1297 quibus,

2001 1322 2139 1363 cum
2165 1308 2528 1380 experientia
2555 1308 2786 1365 doctior
2818 1309 3068 1365 effectus
3098 1310 3330 1379 fuisset,
3364 1317 3663 1372 mutasset

2002 1398 2383 1454 sententiam.
2418 1401 2537 1469 Ego
2573 1398 2823 1473 quidem
2871 1399 3108 1456 fatebor
3143 1400 3228 1457 ita
3270 1402 3418 1458 mihi
3464 1404 3660 1476 primo

2002 1494 2257 1562 aspectu
2285 1490 2484 1546 visum
2513 1490 2697 1547 fuisse
2723 1507 2735 1547 :
2766 1491 2895 1561 sed,
2926 1507 2989 1547 re
3014 1491 3361 1563 diligentius
3391 1495 3661 1552 conside-

1998 1583 2151 1649 rata,
2185 1579 2356 1637 aliter
2395 1580 2687 1652 judicavi.
2726 1581 2864 1639 Mihi
2905 1582 3067 1639 enim
3112 1583 3482 1655 persuadere
3536 1601 3663 1642 non

1918 1669 1962 1723 Β
2000 1669 2190 1743 potui,
2224 1674 2533 1726 auctorem
2561 1675 2684 1727 tam
2715 1671 3017 1728 contraria
3063 1672 3326 1729 scribere
3370 1674 3659 1747 potuisse,

1999 1774 2111 1815 nec
2136 1765 2341 1815 tamen
2362 1759 2436 1815 de
2456 1760 2764 1816 sententia;
2796 1760 3129 1818 mutatione
3153 1762 3452 1819 rationem
3478 1763 3669 1821 ullam

1999 1848 2361 1905 reddidisse.
2396 1851 2585 1917 Certe,
2628 1850 2678 1905 si
2721 1850 2860 1923 quis
2908 1850 3090 1907 hodie
3141 1851 3218 1907 de
3265 1852 3667 1910 informandis

2000 1939 2513 1995 anachoretarum
2559 1939 2833 1995 moribus
2878 1940 3103 1997 librum
3152 1941 3417 2014 aliquem
3445 1942 3666 2019 ederet,

2000 2043 2320 2100 nunquam
2369 2027 2433 2084 in
2479 2027 2596 2084 alio
2628 2027 2783 2085 libro
2826 2028 3098 2085 funditus
3139 2033 3428 2087 everteret
3457 2047 3670 2088 eorum

1998 2117 2359 2186 institutum,
2383 2117 2498 2173 nisi
2519 2118 2689 2191 prius
2721 2118 3056 2175 monuisset
3086 2135 3151 2176 se
3181 2119 3261 2176 ob
3291 2132 3505 2191 graves
3530 2137 3671 2178 cau-

2003 2223 2107 2263 sas
2133 2207 2207 2263 de
2231 2209 2529 2265 sententia
2545 2208 2919 2264 decessisse:
2944 2209 3113 2282 quod
3139 2226 3278 2266 cum
3296 2210 3523 2267 factum
3543 2226 3671 2267 non

2000 2296 2076 2352 sit
2115 2298 2177 2353 in
2226 2297 2319 2368 iis,
2351 2298 2426 2354 de
2474 2298 2697 2372 quibus
2747 2299 3007 2371 agimus,
3042 2301 3296 2374 scriptis,
3328 2302 3471 2359 inde
3512 2299 3669 2359 efﬁci

1999 2387 2239 2443 videtur
2285 2388 2587 2459 ejusmodi
2633 2388 2856 2462 scripta
2908 2406 3035 2447 non
3087 2391 3213 2461 uni,
3271 2392 3373 2448 sed
3423 2392 3668 2449 duobus

1999 2476 2393 2550 scriptoribus
2450 2478 2634 2535 tribui
2692 2484 2991 2552 oportere.
3026 2480 3115 2536 Ab
3163 2495 3255 2552 eo,
3300 2481 3469 2553 quod
3515 2498 3660 2539 mox

1998 2567 2314 2642 proposui,
2347 2572 2707 2637 argumento
2737 2584 2861 2625 non
2905 2569 3168 2626 multum
3213 2570 3446 2626 abludit
3487 2570 3657 2639 illud,

1996 2657 2166 2731 quod
2213 2674 2370 2719 mox.
2408 2658 2738 2730 proferam.
2771 2661 3010 2715 Monere
3058 2674 3202 2730 ergo
3242 2660 3437 2732 juvat,
3468 2659 3661 2717 multa

198 2677 329 2717 sum
362 2664 427 2717 in
481 2662 643 2718 bona
668 2663 1029 2730 faciendum
1073 2666 1458 2732 concitantes,
1487 2681 1721 2738 aequum
1766 2681 1888 2723 esse

191 2752 583 2823 putavimus,
601 2752 712 2808 hos
726 2753 909 2809 etiam
922 2755 1290 2810 sermonibus
1308 2757 1527 2811 nostris
1544 2756 1885 2813 adhortari.

190 2843 275 2897 Ex
304 2842 548 2913 quibus
579 2842 848 2915 perspici
872 2848 1087 2915 potest,
1109 2849 1420 2901 auctorem
1438 2846 1518 2902 ita
1534 2862 1711 2901 suum
1731 2861 1886 2918 opus
1994 2836 2281 2893 tionibus.
2317 2837 2502 2904 Quale
2554 2842 2642 2895 est
2670 2838 2837 2911 quod
2866 2838 3085 2895 dicitur
3130 2844 3258 2896 tam
3306 2840 3369 2896 in
3418 2838 3658 2912 Regulis

185 2932 591 3001 divisisse,ut
615 2932 779 2989 illius
811 2938 935 2989 tota
963 2933 1166 2990 media
1196 2950 1337 3007 pars
1358 2934 1439 2991 ad
1462 2935 1882 3006 anachoretas,
1993 2943 2186 2999 quam
2226 2928 2290 2983 in
2340 2928 2878 2985 Constitutionibus
2918 2927 2994 2985 de
3024 2929 3326 3003 colloquio
3357 2947 3497 2987 cum
3526 2948 3656 2986 mu-

184 3018 385 3078 altera
437 3022 527 3079 ad
583 3023 925 3080 cmnobitas
977 3028 1295 3096 spectaret.
1336 3028 1411 3083 At
1455 3042 1597 3082 vero
1645 3031 1882 3083 tantum
1914 3030 1954 3087 C
1992 3015 2275 3084 liel‘ibusi
2301 3017 2375 3073 de
2408 3017 2698 3089 eligendis
2738 3018 2810 3074 iis
2837 3018 3123 3091 operibus
3148 3036 3285 3092 (Ιυτθ
3311 3020 3496 3077 smmi
3526 3036 3653 3077 ωο-

182 3109 392 3177 abest,
420 3117 493 3167 ut
522 3113 902 3182 Regularum
935 3118 1145 3171 auctor
1172 3116 1423 3171 unicum
1445 3116 1700 3173 verbum
1717 3117 1882 3173 dixe-
1991 3106 2329 3162 nimborum
2375 3106 2771 3175 conveniant;
2817 3108 2893 3163 de
2922 3108 3287 3173 Obediemia:
3318 3110 3392 3165 de
3421 3126 3655 3184 ΡΝΒΡΟ-

178 3198 257 3254 rit
288 3201 371 3257 de
402 3201 602 3258 laude
630 3203 815 3273 hujus
846 3208 1058 3274 status,
1083 3207 1148 3260 ut
1168 3220 1307 3261 eum
1330 3206 1514 3263 etiam
1536 3208 1735 3263 modis
1755 3224 1881 3264 om-
1991 3195 2086 3252 Siti
2131 3195 2360 3264 OfﬁCiO;
2410 3195 2485 3251 de
2516 3195 2907 3264 vestimentis,
2940 3197 3140 3270 deque
3186 3198 3319 3255 aliis
3372 3200 3652 3271 BJUSdem

176 3290 377 3347 nibus
404 3291 704 3362 exagitet.
735 3292 873 3363 Legi
901 3294 1118 3366 poterit
1139 3296 1465 3369 septimum
1484 3303 1668 3371 caput
1693 3301 1881 3370 Regu-

1993 3284 2226 3359 generis
2250 3284 2545 3358 plurimis.
2579 3288 2755 3356 Ergo,
2788 3285 2838 3342 si
2885 3287 3250 3357 Regularum
3290 3294 3471 3363 atque
3498 3293 3651 3348 Con-

174 3380 391 3437 ιιι-ωη
426 3382 750 3453 majorum
779 3387 996 3453 totum,
1025 3384 1088 3440 in
1107 3400 1231 3457 quo
1261 3386 1410 3442 nihil
1439 3388 1742 3445 omissum
1791 3393 1881 3448 est
1987 3374 2369 3431 stitutionum
2410 3374 2572 3431 idem
2629 3379 2843 3432 auctor
2899 3380 3077 3444 esset,
3138 3381 3244 3434 aut
3290 3378 3353 3434 in
3408 3381 3648 3452 [tegulis

174 3485 430 3541 eorum,
465 3470 705 3544 quibus
736 3472 922 3543 huius
951 3473 1205 3530 instituti
1236 3476 1502 3548 pericula
1537 3477 1876 3536 incommo-
1987 3464 2494 3522 Constitutionum
2524 3465 2919 3535 meminisset,
2953 3472 3057 3523 aut
3104 3467 3166 3524 in
3207 3469 3653 3530 Constitutioni-

178 3560 397 3634 daque
427 3561 681 3618 ostendi
702 3563 958 3634 possint.
980 3565 1080 3621 Hic
1107 3565 1311 3622 locum
1339 3568 1878 3641 unum,quiinstar

1993 3554 2102 3612 bus
2134 3554 2502 3612 mentionem
2519 3555 2758 3612 fecisset
2780 3555 3162 3626 Regularum.
3196 3560 3398 3631 quue
3430 3562 3646 3634 magis,

177 3652 482 3708 omnium
533 3667 670 3707 esse
720 3653 933 3725 possit,
973 3654 1335 3712 exscribam.
1367 3656 1518 3713 Cum
1566 3657 1748 3727 igitur
1790 3659 1877 3716 in-

1993 3644 2152 3719 quod
2178 3651 2409 3713 auctor,
2443 3646 2518 3701 de
2553 3662 2677 3718 quo
2707 3645 2966 3716 agimus,
2995 3647 3345 3719 quicunque
3389 3648 3487 3705 ille
3515 3650 3646 3722 fuit,

174 3740 533 3797 commoda
564 3739 800 3813 aliqua,
831 3758 967 3815 quas
995 3742 1154 3800 hanc
1181 3744 1425 3801 vivendi
1455 3745 1749 3803 rationem
1780 3763 1877 3804 co-
1986 3733 2071 3790 ita
2118 3733 2313 3790 facere
2358 3738 2770 3800 consueverat,
2802 3737 2869 3790 ut
2904 3734 3107 3791 videre
3152 3740 3241 3792 est
3293 3735 3356 3792 in
3406 3738 3646 3808 Regulis

173 3830 516 3899 ωίιεωωιι,
567 3829 896 3900 retulisset,
943 3833 1027 3889 ita
1078 3835 1463 3907 persequitur
1511 3837 1677 3908 (ρας,
1705 3838 1872 3909 345);
1984 3821 2385 3887 brevioribus,
2416 3822 2478 3878 in
2534 3822 2756 3895 quibus
2797 3823 2927 3897 ipse
2980 3838 3106 3881 non
3126 3840 3267 3881 raro
3314 3824 3459 3884 citat
3506 3844 3643 3901 quae

172 3912 331 3966 ’Δνηεν
366 3911 435 3967 δί
470 3917 689 3981 τούτου,
723 3920 813 3968 καὶ
843 3920 869 3968 ὸ
906 3936 1001 3978 της
1041 3916 1250 3989 ἀγάπης
1291 3927 1383 3972 τοῦ
1425 3928 1677 3995 Χρτστοῶ
1725 3921 1878 3995 λόγος

1993 3911 2127 3969 alibi
2153 3912 2228 3969 de
2243 3912 2458 3969 eodem
2475 3918 2835 3985 argumento
2860 3914 3202 3987 scripserat.
3226 3916 3369 3988 Ejus
3388 3917 3475 3974 rei
3503 3934 3644 3975 cum
3684 3936 3687 3943 ί

164 4004 267 4055 οὐκ
318 4005 611 4078 ἐπιτρέπει
651 4008 714 4056 τὸ
760 4001 899 4057 ἴδιον
930 4015 1140 4061 σκοπεῖν
1165 4011 1405 4064 ἕκαστον.
1428 4010 1487 4063 Ἡ
1539 4009 1716 4082 ἀγάπη
1749 4014 1873 4087 γὰρ,

1993 4001 2264 4074 superius
2288 4003 2567 4075 exempla
2596 4003 2826 4076 aliquot
2854 4004 3265 4076 retulerimus,
3293 4006 3356 4063 in
3393 4006 3466 4063 iis
3516 4024 3641 4063 am-

167 4112 356 4163 γκσιν,
384 4094 455 4144 οὗ
504 4093 665 4153 ζητεῖ
689 4095 757 4145 τὰ
810 4094 966 4153 icturi
980 4115 1019 4157 ς.
1050 4096 1110 4149 Ὀ
1140 4092 1200 4150 δε
1242 4094 1615 4170 ἀφιδιοιστικός
1645 4098 1759 4171 βίος
1790 4103 1877 4153 ἕνα

1993 4090 2142 4164 plius
2171 4092 2729 4150 immemorandum
2752 4109 2877 4151 non
2911 4095 3283 4167 putavimus.

169 4200 364 4235 nam
443 4186 597 4255 ἔχει,
667 4187 763 4241 τὴν
826 4183 1017 4236 οἰκείαν
1083 4185 1304 4239 ἑκάστου
1381 4196 1480 4240 τῶν
1541 4198 1735 4263 χρειῶν
1798 4192 1874 4243 θε·

2056 4186 2143 4238 35.
2188 4182 2556 4255 Quanquam
2596 4180 2776 4254 lange
2807 4182 3098 4239 diSSentio
3130 4184 3208 4239 ab
3238 4183 3333 4248 iis,
3359 4185 3466 4258 qui
3495 4187 3641 4243 Stoi-

172 4291 429 4341 ραπεεοιν.
462 4279 642 4325 Τοῦτο
700 4268 760 4325 δέ
810 4270 1087 4347 προδήλως
1141 4279 1441 4349 μαχόμενόν
1489 4276 1606 4332 ἔστι
1658 4279 1731 4350 τῷ
1779 4287 1875 4343 τῆς

1993 4288 2124 4329 cum
2138 4271 2198 4327 in
2212 4272 2715 4344 Regulisinveniri
2731 4278 2963 4346 putant,
2981 4290 3192 4330 earum
3211 4279 3411 4331 tamen
3429 4280 3641 4334 auctor

178 4361 397 4432 ἀτὲπ-κς
420 4367 598 4434 κομῶ,
622 4360 679 4413 ὃν
708 4363 735 4413 ὁ
758 4361 1069 4426 ’Λπσοτολος
1091 4363 1338 4440 ἐπλήρου,
1364 4371 1435 4439 μὴ
1472 4367 1642 4428 ζητῶν
1670 4372 1728 4421 τὸ
1755 4370 1873 4422 ἐαυ-

1993 4361 2129 4417 mihi
2156 4361 2420 4417 severior
2433 4361 2600 4417 visus
2627 4363 2733 4428 est,
2758 4376 2948 4433 quam
2969 4366 3035 4417 ut
3053 4361 3214 4418 idem
3242 4363 3335 4431 sit,
3358 4363 3637 4437 qui,Con-

1996 2748 2351 2803 communia
2370 2764 2501 2803 esse
2533 2747 2772 2819 Regalis
2804 2764 2944 2805 cum
2973 2749 3326 2806 monasticis
3358 2749 3659 2807 Constitu-

180 4459 272 4501 τοῦ
324 4456 632 4523 συμφέρον,
669 4448 798 4501 ἀλλὰ
830 4455 889 4504 τὸ
926 4460 1024 4503 τῶν
1067 4452 1283 4507 πολλῶνε
1324 4452 1419 4507 ’ἵνα
1468 4458 1727 4527 σωθῶσιν,
1758 4462 1869 4515 etc.

180 4537 300 4594 Sed
344 4544 673 4608 praterea
726 4538 1030 4609 diligendi
1058 4540 1287 4598 Christi
1331 4544 1485 4600 ratio
1537 4550 1592 4601 et
1639 4547 1867 4619 modus,

184 4641 691 4699 unumquemque
710 4628 872 4698 quod
898 4627 1014 4683 sibi
1033 4633 1346 4700 proprium
1370 4634 1576 4704 fuerit,
1600 4641 1870 4704 spectare

181 4732 301 4771 non
354 4718 539 4773 sinit.
594 4734 628 4769 ‹
682 4716 971 4774 Charitas
1017 4721 1192 4791 enim,
1225 4722 1438 4793 inquit,
1478 4738 1600 4779 non
1649 4726 1869 4796 quaerit

180 4821 311 4875 qua
340 4821 465 4863 sua
487 4811 640 4862 sunt
660 4807 731 4861 ".
755 4828 785 4856 ››
822 4807 952 4862 Vita
981 4816 1177 4866 autem
1207 4812 1486 4868 solitaria
1513 4818 1568 4869 et
1597 4828 1866 4873 seorsum

182 4910 217 4949 a
260 4898 513 4953 celeris
568 4896 850 4953 omnibus
902 4902 1040 4955 acta
1077 4914 1318 4969 scopum
1368 4902 1615 4959 unicum
1668 4902 1865 4974 habet,

184 4996 243 5040 ut
292 4988 431 5044 suis
493 4987 760 5058 quisque
803 4986 1167 5043 utilitatibus
1219 4991 1531 5049 inserviat.
1584 4994 1699 5051 Hoc
1764 5004 1871 5051 au-

188 5082 287 5130 tan
328 5082 555 5146 aperte
597 5075 977 5131 adversatur
1017 5075 1329 5135 charitatis
1375 5081 1513 5150 legi,
1539 5097 1720 5154 quam
1768 5085 1871 5140 im-

180 5166 379 5231 plebat
404 5163 772 5235 Apostolus,
800 5164 904 5234 qui
928 5178 1049 5219 non
1079 5180 1207 5233 sua,
1232 5168 1337 5224 sed
1359 5170 1689 5229 multorum
1717 5189 1871 5233 com:

192 5254 351 5311 modo
376 5257 717 5327 φατι-ενοι,
749 5257 817 5308 αι
865 5252 1031 5309 εαιυί
1055 5254 1286 5326 ﬁerent,
1320 5260 1434 5316 etc.
1465 5260 1669 5333 Neque
1717 5277 1862 5323 vero

250 5387 294 5422 ”
328 5389 520 5448 lCor.
552 5401 688 5456 xm,
717 5390 774 5443 5.

254 5488 309 5555 (α
360 5490 515 5561 Reg.
542 5487 731 5544 brev.
759 5486 855 5541 74.

1981 4451 2319 4507 stitutiones
2340 4449 2773 4523 scripserit.Hic
2786 4448 3034 4522 majoris
3052 4451 3433 4524 perfectionis
3451 4470 3638 4513 causa

1980 4540 2362 4596 severitatem
2404 4540 2629 4612 ubique
2654 4538 2981 4611 praedicat:
3030 4539 3128 4597 ille
3156 4542 3470 4615 quoddam
3500 4544 3635 4601 vita;

1977 4644 2173 4700 genus
2195 4634 2252 4685 et
2268 4630 2467 4687 mitius
2493 4633 2550 4685 et
2569 4628 2949 4686 commodius
2965 4632 3271 4703 proponit.
3285 4633 3384 4689 Hic
3405 4638 3633 4691 arctam

1976 4721 2143 4779 illam
2166 4720 2350 4785 viam,
2374 4735 2513 4792 quae
2535 4718 2614 4775 ad
2642 4734 2852 4775 veram
2881 4720 3070 4777 vitam
3096 4720 3282 4789 ducit,
3308 4723 3402 4779 vel
3422 4724 3635 4796 paulu-

1974 4814 2104 4871 lum
2128 4810 2380 4867 dilatare
2410 4823 2649 4882 semper
2671 4814 2947 4866 veretur:
2979 4809 3076 4867 ille
3106 4827 3168 4867 se
3199 4817 3442 4883 praestat
3468 4813 3634 4870 beni-

1979 4902 2255 4973 gniorem
2310 4899 2757 4972 Scripturarum
2803 4898 3209 4973 interpretem,
3262 4906 3338 4970 et,
3380 4901 3426 4956 si
3470 4902 3631 4959 hanc

1976 4993 2142 5048 viam
2172 5006 2296 5048 non
2322 4989 2549 5057 dilatet,
2573 4993 2635 5045 at
2651 4988 2851 5061 ipsam
2873 4993 3076 5046 tamen
3097 4988 3424 5046 faciliorem
3446 4994 3629 5064 atque

1977 5082 2318 5158 planiorem
2343 5079 2565 5136 reddit.
2596 5081 2744 5137 Cum
2765 5081 2957 5137 multa
2972 5080 3105 5136 loca
3125 5079 3337 5135 afferre
3355 5096 3623 5157 possem,

1982 5172 2207 5246 quibus
2224 5169 2464 5243 probari
2484 5174 2691 5242 posset
2707 5169 2876 5243 quod
2896 5168 3081 5225 modo
3104 5168 3248 5236 dixi,
3271 5168 3334 5225 in
3355 5172 3627 5231 medium

1970 5269 2177 5321 tamen
2192 5275 2393 5336 pauca
2402 5260 2698 5317 duntaxat
2709 5258 3070 5317 adducenda
3080 5258 3310 5316 censui:
3324 5276 3395 5320 eo
3407 5263 3625 5336 magis,

2832 5495 2841 5499 “
2882 5504 2907 5531 \
