4058 6192
381 168 449 223 87
1893 166 2299 225 PRIEFATIO.
2670 186 2681 193 ί
3726 175 3796 231 88

382 291 550 364 quod
579 291 633 349 si
650 291 790 365 quis
804 291 983 375 plura
1005 292 1233 367 cupiat,
1253 292 1309 350 ei
1333 292 1789 368 quamplurima
1806 294 1868 351 in
1883 292 2029 368 ipsis
2057 296 2105 349 Α
2138 293 2298 363 freno
2326 293 2572 363 conﬁsus
2599 295 2740 352 velit
2754 294 3128 367 frequentius
3156 311 3222 350 ac
3245 295 3508 352 crebrius
3527 296 3599 351 ad
3620 297 3803 368 aediﬁ-

381 381 648 438 fontibus
690 382 957 439 invenire
987 382 1160 440 facile
1191 382 1282 439 sit.
1316 384 1402 440 Ita
1437 383 1617 455 igitur
1643 383 1706 440 in
1744 384 2035 440 Constitu-

381 470 563 527 nibus
613 470 830 542 legitur
878 472 1044 546 (pag.
1073 476 1199 540 553,
1245 488 1299 531 c.
1353 477 1406 541 7,
1456 488 1517 529 n.
1547 472 1642 546 2):
1699 478 1812 549 Χρὴ
1863 477 2035 525 τοίνυν

380 560 566 633 ἠσυχῆ
598 564 763 633 μένειν
793 563 859 613 τά
885 560 1066 628 πολλὰ,
1098 565 1189 614 καὶ
1219 570 1483 637 καρτερεῖν
1511 564 1728 616 ἕκαστον
1770 568 1865 623 τὴν
1899 559 1954 615 ἰδ
1959 565 2039 614 ίαν

380 654 713 721 καταγωγὴν,
747 648 832 703 ἳνα
873 652 971 723 ἔχῃ
1016 657 1170 703 τοῦτο
1216 659 1313 713 τῆς
1342 651 1646 714 εὐσταθείας
1691 660 1789 705 τῶν
1837 656 2039 727 τρόπων

381 741 665 813 μαρτύριον
700 760 712 772 ·
768 743 839 811 μὴ
890 741 1057 797 πάντη
1111 742 1202 812 μὶν
1267 742 1605 814 καθεῖρχθαι,
1665 740 1792 795 ἀλλά
1847 745 1941 803 τάς
1986 762 2041 795 τε

383 826 670 899 ἀναγκαίας
716 823 980 901 προόδους
1021 827 1510 904 εὐπαῤῥησιάστους
1561 833 1845 899 ποιεῖσθαι,
1875 829 1922 883 ἐν
1959 831 2043 894 αἶς

383 913 535 970 οῦδὲν
579 920 637 969 τὸ
685 912 925 978 συνειδὸς
956 915 1288 986 ἐπισκήπτει,
1329 923 1420 971 καὶ
1466 922 1588 982 τοὺς
1636 919 1947 993 βελτιστους
1987 941 2042 974 τε

381 1009 473 1058 καὶ
505 1004 931 1077 ὠφελιμωτάτους
961 1002 1054 1058 διὰ
1081 1006 1338 1069 πολιτείος
1367 1007 1634 1082 ἀκριϐειαν
1663 1018 1763 1061 τῶν
1809 1006 2041 1084 ἀδελφῶν

384 1092 813 1162 ἐπισκέπτεσθαι,
859 1091 1269 1169 παραδείγματα
1310 1094 1503 1170 ἀρετῶν
1548 1096 1603 1150 ἐκ
1647 1105 1744 1161 τῆς
1786 1099 2041 1173 ὠφελίμου

384 1186 678 1255 συντυχίας
715 1182 1065 1256 λαμϐάνουτα,
1099 1183 1400 1260 ἐμμέτρους,
1434 1188 1504 1249 ὡς
1550 1188 1757 1261 ἔφημεν,
1790 1194 1881 1242 καὶ
1925 1188 2042 1243 ἀνε-

380 1273 673 1336 πιλήπτους
719 1276 814 1335 τὰς
858 1270 1122 1347 προόδους
1162 1279 1488 1350 ποιούμενον.
1518 1277 1773 1342 Πολλάκις
1799 1282 1921 1354 γάρ,
1954 1285 2045 1334 καὶ

382 1358 610 1420 ἀκηδίαν
662 1361 993 1437 ἐγγενομένην
1030 1364 1121 1437 τοῇ
1164 1364 1318 1438 ψυχῇ
1370 1369 1401 1425 ἡ
1452 1363 1682 1440 πρόοδος
1720 1356 2041 1437 διαλύσασα,

382 1450 535 1504 πάλιν
557 1452 661 1504 οἷον
683 1450 970 1527 ἐπιρρῶσαι
999 1458 1091 1506 καὶ
1113 1452 1433 1508 ἀναπνεῦσαι
1451 1460 1638 1530 μικρὸν
1658 1465 2042 1536 παρασχοῦσα,

383 1540 665 1611 προθύμως
687 1544 959 1613 προσιέναι
988 1548 1100 1605 τοῖς
1127 1543 1254 1617 ὑπὲρ
1298 1552 1395 1604 τῆς
1422 1543 1685 1608 εὐσεϐείας
1709 1545 2047 1621 ἀγωνίσμασι

2142 382 2356 438 candos
2384 384 2814 456 visitandosque
2834 386 3057 456 fratres
3080 385 3311 457 egredi;
3342 400 3495 450 eum,
3525 387 3631 458 qui
3654 389 3805 457 ejus-

2143 473 2309 529 modi
2334 479 2441 539 est,
2472 475 2631 531 ratio
2655 475 2738 531 ad
2760 475 3091 532 exeundum
3116 477 3315 547 potius
3336 475 3602 543 inducet,
3624 483 3691 533 ut
3709 493 3806 549 po-

2142 561 2257 618 sita
2275 577 2455 632 super
2465 563 2817 620 candelabro
2840 565 3109 635 lucerna,
3122 564 3414 621 doctrinae
3426 564 3590 621 bona
3612 566 3805 623 lumen

2148 648 2440 722 impertiat
2464 653 2770 709 omnibus:
2813 655 2866 709 si
2892 653 3060 709 modo
3107 653 3367 723 conﬁdat
3388 668 3563 723 posse
3585 660 3639 710 et
3681 670 3806 712 ser-

2146 755 2313 796 mone
2341 746 2398 797 et
2427 756 2603 811 opere
2628 757 2885 812 seipsum
2928 743 2999 797 iis
3028 741 3381 814 quibuscum
3405 744 3805 815 congreditur,

2149 843 2254 885 ceu
2300 831 2625 901 quamdam
2675 833 2966 887 virtutum
3020 831 3289 888 scholam
3337 830 3635 902 exhibere,
3692 838 3806 890 etc.

2152 916 2418 990 Scriptor
2436 918 2751 992 aliquanto
2780 923 2940 989 ante,
2959 935 3100 975 cum
3124 919 3442 975 monachis
3462 921 3811 991 egrediendi

2150 1006 2503 1065 facultatem
2543 1008 2788 1066 levandi
2830 1009 2988 1066 taedii
3018 1025 3206 1066 causa
3242 1008 3435 1078 daret,
3463 1010 3808 1069 facilitatem

2151 1111 2276 1152 non
2326 1097 2693 1155 mediocrem
2738 1097 3037 1155 ostendit:
3089 1097 3187 1155 hic
3232 1098 3315 1156 ita
3354 1096 3704 1173 facilis‘est,
3746 1105 3811 1158 ut

2151 1186 2407 1243 modum
2429 1202 2675 1244 omnem
2708 1187 2962 1245 transire
2988 1187 3276 1244 videatur.
3305 1190 3456 1245 Nam
3473 1190 3811 1247 monachus

2152 1273 2367 1347 quivis,
2400 1276 2505 1349 qui
2535 1277 2869 1350 perfectum
2914 1293 2978 1334 se
2998 1277 3132 1349 jam
3162 1292 3294 1334 esse
3321 1277 3385 1332 in
3412 1277 3690 1334 animum
3718 1294 3810 1335 se-

2155 1362 2277 1421 mel
2322 1364 2646 1431 induxerit,
2678 1365 2753 1422 de
2806 1366 3069 1422 auctoris
3100 1366 3396 1422 sententia
3422 1381 3550 1423 non
3598 1368 3813 1440 poterit

2156 1452 2365 1524 modo,
2397 1453 2448 1509 si
2475 1453 2635 1523 velit,
2661 1454 3034 1528 frequentius
3064 1470 3136 1511 ac
3183 1454 3456 1511 crebrius
3503 1454 3586 1512 ad
3631 1456 3814 1513 aediﬁ-

2157 1542 2387 1600 candos
2431 1543 2885 1617 visitandosque
2914 1543 3129 1600 fratres
3162 1558 3412 1615 peregre
3449 1543 3652 1600 abire:
3708 1545 3814 1602 sed

388 1623 634 1683 δίδωσιν.
666 1628 793 1685 Par
819 1635 907 1686 est
933 1631 1126 1702 igitur
1153 1633 1218 1688 in
1247 1635 1442 1705 quiete
1470 1639 1537 1690 ut
1562 1635 1895 1704 plurimum
1926 1653 2049 1694 ma-
2079 1652 2118 1707 Β
2156 1631 2423 1706 postulat
2447 1632 2628 1689 etiam
2657 1633 2829 1701 ratio,
2864 1636 2930 1688 ut
2956 1633 3066 1690 iter
3095 1632 3408 1706 suscipiat.
3440 1633 3584 1704 Ejus
3611 1638 3815 1691 autem

387 1732 548 1787 nere,
575 1722 633 1774 et
659 1720 979 1789 quemlibet
1025 1720 1089 1777 in
1126 1723 1387 1792 propria
1427 1723 1563 1781 sede
1610 1725 1950 1798 persistere,
1982 1734 2049 1785 ut

390 1806 501 1864 hoc
529 1810 880 1865 constantia
906 1825 1140 1868 morum
1185 1813 1590 1870 testimonium
1622 1814 1880 1872 habeat:
1926 1832 2049 1874 non

393 1900 593 1952 tamen
615 1912 867 1967 prorsus
912 1899 977 1955 in
1017 1901 1173 1958 cella
1210 1916 1319 1957 sua
1345 1902 1649 1959 inclusum
1681 1918 1819 1972 esse,
1851 1905 1956 1962 sed
1982 1906 2052 1962 li-

396 1984 549 2049 bere,
578 1986 633 2042 si
649 1992 971 2057 propterea
1014 1989 1175 2046 nihil
1203 1991 1569 2049 conscientia
1598 1994 1914 2063 ezprobat,
1947 2011 2053 2053 ne-

396 2075 667 2131 cessitate
684 2081 930 2147 cogente
951 2079 1171 2149 egredi,
1188 2080 1536 2152 fratresque
1555 2081 1690 2138 vitae
1710 2083 2056 2155 integritate

398 2167 455 2220 et
480 2163 734 2232 optimos
779 2170 838 2221 et
866 2166 1215 2224 utilissimos
1252 2168 1528 2236 invisere,
1553 2170 1659 2226 sed
1702 2171 1783 2228 ita
1833 2175 2052 2242 tamen,

401 2255 469 2306 ut
495 2265 570 2308 ea:
593 2252 735 2308 utili
772 2267 1094 2324 congressu
1151 2255 1446 2312 virtutum
1494 2258 1698 2326 capiat
1744 2261 2051 2331 exempla:

401 2340 563 2411 quod
608 2348 1023 2414 consequetur,
1055 2343 1126 2411 si,
1154 2349 1223 2400 ut
1268 2344 1552 2413 diximus,
1604 2347 1667 2402 in
1700 2348 2056 2417 prodeundo

402 2429 615 2486 modus
640 2436 938 2501 teneatur,
965 2432 1239 2506 nihilque
1276 2434 1385 2503 ﬁat
1414 2436 1574 2507 quod
1601 2438 1889 2507 reprendi
1926 2454 2059 2509 pos-

402 2519 500 2575 sit.
555 2520 720 2591 Swpe
761 2522 915 2579 enim
985 2523 1234 2579 insitum
1262 2525 1483 2595 \etiam
1549 2527 1750 2583 animo
1816 2529 2060 2586 twdium

404 2610 678 2667 exeundo
697 2611 1031 2681 dissipatur
1046 2627 1072 2683 ,'
1096 2613 1277 2684 idque
1302 2614 1367 2670 in
1388 2629 1570 2672 causa
1599 2620 1681 2672 est
1713 2632 1826 2673 cur
1842 2618 2059 2675 iterum

406 2700 599 2757 veluti
643 2702 1150 2771 convalescamus,
1190 2717 1263 2759 ac
1293 2705 1620 2772 paululum
1679 2708 2058 2778 respiremus,

408 2789 817 2862 alacriterque
860 2790 943 2847 ad
982 2793 1317 2849 certamina
1356 2809 1473 2863 pro
1499 2796 1723 2864 pietate
1751 2797 2061 2856 subeunda

408 2880 737 2937 veniamus.
779 2880 951 2946 Quod
990 2880 1161 2938 initio
1206 2882 1445 2951 dicitur,
1493 2884 1699 2955 libere,
1754 2886 1806 2944 si
1856 2903 2063 2945 neces-

409 2967 555 3025 sitas
611 2973 808 3038 cogat,
864 2968 1066 3040 egredi
1107 2974 1407 3043 oportere,
1459 2971 1522 3028 id
1578 2972 1832 3031 fortasse
1879 2991 2062 3034 nemo

404 3055 818 3126 intellexisset,
848 3056 965 3113 nisi
1006 3057 1434 3132 interpretatus
1480 3065 1640 3119 esset
1668 3068 1880 3120 auctor
1907 3065 2059 3137 ipse.

404 3148 556 3204 Nam
584 3146 958 3204 necessitatis
998 3147 1249 3204 nomine
1289 3148 1472 3221 vulgo
1516 3150 1937 3223 signiﬁcantur
1967 3171 2063 3211 ur-

404 3240 613 3307 gentes
640 3235 894 3309 quidam
920 3251 1121 3305 casus,
1149 3237 1253 3310 qui
1298 3238 1382 3295 ita
1405 3244 1707 3313 premunt,
1740 3247 1806 3299 ut
1832 3243 1929 3299 vix
1958 3244 2060 3300 ali-

404 3330 494 3383 ter
521 3325 718 3383 facere
758 3326 1000 3399 possis:
1041 3329 1101 3383 et
1128 3331 1333 3383 tamen
1376 3328 1488 3385 hoc
1514 3329 1650 3387 loco
1680 3330 1913 3405 aliquid
1942 3333 2060 3391 tale

400 3414 731 3486 intelligere
758 3415 907 3472 nihil
930 3430 1176 3472 necesse
1196 3420 1306 3473 est.
1338 3419 1484 3475 Cum
1511 3420 1676 3477 enim
1704 3421 1958 3495 scriptor
1974 3422 2060 3480 ita

402 3503 639 3561 locutus
677 3508 802 3562 est:
846 3498 1016 3576 Swpe
1039 3506 1191 3564 enim
1216 3507 1461 3564 insitum
1508 3510 1686 3567 etiam
1711 3511 1912 3568 animo
1962 3517 2059 3568 tae-

403 3594 570 3651 dium
603 3595 873 3653 exeundo
915 3597 1284 3667 dissipatur;
1325 3613 1451 3654 non
1479 3598 1736 3657 obscure
1772 3600 2060 3660 indicavit

403 3684 706 3743 monacho
754 3685 959 3757 egredi
1002 3684 1200 3753 licere,
1234 3685 1285 3742 si
1329 3687 1580 3744 taedium
1619 3689 1915 3763 dissipare
1947 3691 2060 3749 sibi

400 3778 742 3849 proponat:
772 3773 836 3830 in
860 3790 984 3848 quo
1012 3774 1282 3833 maxima
1301 3775 1608 3848 scriptoris
1627 3777 1843 3836 lenitas
1856 3784 2059 3853 aperte

400 3864 736 3922 ostenditur
757 3883 771 3934 ;
796 3863 1101 3937 simulque
1118 3864 1416 3935 ejusmodi
1437 3866 1785 3936 egrediendi
1804 3867 2058 3925 facultas

400 3953 600 4024 datur,
630 3969 753 4028 qua
805 3952 973 4010 abuti
1020 3952 1192 4010 multi
1240 3957 1511 4026 possent.
1561 3956 1765 4026 Longe
1816 3957 2057 4027 gravius

400 4047 491 4101 est
516 4044 683 4117 quod
714 4041 1023 4115 sequitur:
1070 4041 1131 4095 Εἰ
1162 4037 1222 4094 δέ
1248 4049 1331 4104 τις
1358 4045 1417 4094 τὸ
1458 4042 1613 4095 καλὸν
1660 4052 1723 4116 τῇ
1773 4043 1928 4118 ψυχῇ
1959 4044 2055 4118 βε-

399 4132 559 4196 ϐαίως
584 4129 1004 4207 ἐνιδρυσάμενος,
1036 4134 1126 4183 καὶ
1154 4137 1217 4202 τῇ
1241 4148 1435 4204 χρονιᾳ
1457 4129 1683 4190 ἀσκήσει
1711 4140 1807 4195 τῆς
1833 4130 1933 4185 τῶν
1959 4155 2055 4187 πα-

402 4223 500 4276 θῶν
526 4221 884 4297 κυϐερνήσεως
910 4223 1004 4278 τὴν
1032 4217 1297 4292 ἐμπειρίαν
1328 4217 1516 4287 λαϐὼν,
1550 4224 1640 4272 καὶ
1668 4216 1935 4295 δαμάσας,
1964 4226 2054 4297 μὲν

396 4314 491 4374 τάς
550 4312 852 4385 σωματικὰς
903 4307 1180 4382 ἀκρασιας,
1208 4307 1513 4380 χαλινώσας
1562 4306 1622 4363 δὲ
1671 4314 1766 4374 τάς
1812 4311 2129 4407 ψυχικάςῡ

396 4401 633 4468 ἀταξίας,
681 4399 878 4476 θαρρῶν
930 4395 989 4452 δὲ
1039 4405 1112 4451 τῶ
1167 4406 1259 4451 τοῦ
1306 4398 1563 4474 λογισμοῦ
1605 4401 1808 4474 χαλινῶ
1851 4423 2055 4476 συχνο-

393 4494 545 4565 τέρας
600 4488 734 4542 θελοι
780 4488 1045 4541 ποιεῖσθαι
1095 4488 1189 4548 τὰς
1231 4484 1494 4562 προόδους
1532 4488 1604 4552 εἰς
1649 4486 1935 4564 οἰκοδομὴν
1966 4496 2056 4544 καὶ

395 4576 669 4649 ἐπίσκεψιν
717 4572 971 4649 ἀδελφῶν,
999 4579 1088 4629 τόν
1117 4583 1352 4629 τοιοῦτον
1382 4580 1473 4629 καὶ
1504 4584 1836 4653 παρορμήσει
1865 4579 2055 4653 μᾶλλον

393 4669 419 4721 ὁ
448 4667 600 4740 λόγος
624 4666 709 4720 ἐπὶ
740 4671 835 4726 τὴν
864 4662 1110 4740 πρόοδον,
1144 4664 1231 4719 ἳνα
1256 4669 1345 4719 τόν
1373 4665 1565 4738 λύχνον
1596 4665 1680 4719 ἐπὶ
1710 4673 1806 4727 τὴν
1835 4668 2056 4741 λυχνίαν

390 4742 572 4825 “mbas,
604 4762 739 4810 πᾶσι
789 4760 848 4808 τὸ
902 4763 1009 4829 φῶς
1055 4763 1151 4818 τῆς
1197 4763 1298 4809 τῶν
1345 4756 1513 4809 καλῶν
1555 4758 1903 4829 καθηγήσεως
1948 4778 2054 4830 χο..

388 4853 602 4924 ρηγὴση
639 4869 652 4882 ο
686 4851 839 4921 μόνον
887 4847 930 4900 εἰ
970 4866 1031 4920 γε
1085 4846 1323 4923 θαῤῥοίη,
1355 4850 1426 4908 ὡς
1468 4850 1558 4898 καὶ
1602 4845 1739 4919 λόγῳ
1781 4852 1872 4899 καὶ
1921 4848 2055 4922 ἔργῳ

389 4935 760 4992 διδασκαλεῖον
805 4934 997 5010 ἀρετῶν
1045 4936 1225 4991 ἑαυτὸν
1256 4932 1543 4994 δυνήσεται
1589 4934 1698 4996 τοῖς
1753 4940 2055 5009 συντυγχά,

385 5047 537 5082 νουσι
560 5031 830 5102 παρέχειν,
860 5031 971 5084 etc.
1020 5026 1084 5083 Si
1130 5026 1262 5098 quis
1302 5040 1459 5092 vero,
1515 5028 1905 5097 posteaquam
1960 5026 2053 5082 bo-

383 5134 529 5175 num
557 5119 618 5175 in
645 5118 846 5174 animo
861 5117 1108 5188 fortiter
1127 5115 1623 5180 constabiliverit,
1640 5114 2051 5188 diuturnaque

382 5209 812 5267 exercitatione
829 5205 1364 5278 gubernandorum
1394 5204 1719 5274 affectuum
1741 5206 2050 5275 experien-

383 5299 529 5356 tiam
548 5297 801 5368 adeptus
817 5297 1030 5367 fuerit,
1058 5302 1114 5353 et
1134 5294 1372 5352 domitis
1403 5294 1669 5363 corporis
1692 5294 2047 5352 libidinibus

381 5387 711 5446 coercuerit
728 5387 1027 5443 tumultus
1048 5384 1365 5456 animales,
1381 5390 1509 5441 tum
1528 5383 1763 5440 demum
1784 5384 2043 5442 rationis

453 5495 533 5568 (a)
561 5496 705 5566 Reg.
737 5495 809 5549 44
840 5491 989 5563 maj.

2157 1721 2242 1776 rei
2273 1721 2429 1776 hanc
2472 1719 2837 1793 pulchellam
2884 1720 3181 1778 rationem
3225 1719 3460 1777 reddit:
3504 1726 3571 1777 ut
3610 1723 3814 1792 posita

2156 1824 2338 1880 super
2362 1809 2729 1866 candelabro
2763 1811 3034 1877 lucerna,
3067 1810 3359 1867 doctrina:
3408 1810 3574 1866 bonae
3612 1812 3813 1868 lumen

2158 1899 2457 1971 impertiat
2498 1899 2767 1954 omnibus
2784 1914 2808 1955 .·
2855 1897 3024 1971 quod
3078 1902 3281 1956 tamen
3334 1897 3465 1955 ﬁeri
3512 1897 3688 1956 debet
3742 1915 3815 1956 ea

2160 1987 2526 2059 conditione,
2559 1989 2879 2046 dummodo
2906 1990 3168 2058 conﬁdat
3206 2003 3380 2059 posse
3426 1995 3482 2045 et
3530 1989 3715 2046 verbis
3760 1996 3817 2047 et

2159 2079 2343 2150 factis
2393 2079 2649 2149 seipsum
2704 2079 2776 2134 iis
2828 2079 3178 2150 quibuscum
3246 2078 3658 2148 congreditur,
3714 2094 3817 2135 ceu

2161 2167 2484 2239 quamdam
2531 2168 2821 2224 virtutum
2862 2167 3127 2224 scholam
3173 2166 3472 2224 exhibere.
3506 2169 3674 2224 Certe
3702 2166 3818 2224 hoc

2162 2273 2287 2349 non
2316 2257 2692 2328 indulgentia
2716 2261 2825 2326 est,
2857 2257 2963 2313 sed
2990 2256 3172 2313 bonae
3213 2256 3545 2330 disciplinas
3586 2257 3820 2328 integra

2125 2354 2135 2368 ’
2165 2345 2416 2404 e‘versio.
2450 2347 2717 2403 Primum
2748 2346 2984 2403 frenum
3016 2345 3285 2418 rationis,
3314 2362 3439 2420 quo
3478 2345 3607 2404 solo
3636 2346 3821 2419 scrip-

2166 2442 2259 2494 tor
2286 2440 2603 2493 contentus
2647 2440 2756 2506 est,
2785 2451 2974 2509 quam
3015 2435 3212 2492 debile
3260 2435 3335 2492 sit
3381 2440 3440 2492 et
3483 2434 3821 2504 inﬁrmum,

2166 2529 2391 2583 norunt
2436 2541 2669 2582 omnes.
2703 2523 2947 2595 Deinde,
2980 2524 3032 2581 si
3078 2523 3383 2581 monacho
3436 2524 3679 2582 cuilibet
3727 2541 3818 2581 se-

2120 2636 2143 2645 θ
2166 2614 2288 2671 mel
2331 2614 2485 2684 licet,
2513 2632 2650 2672 cum
2674 2614 2898 2686 libebit,
2932 2613 3306 2686 frequentius
3335 2629 3407 2670 ac
3445 2612 3714 2670 crebrius
3742 2612 3825 2669 ad

2168 2703 2559 2761 aediﬁcandas
2574 2703 3029 2776 visitandosque
3050 2703 3263 2760 fratres
3290 2703 3595 2776 progredi,
3614 2706 3826 2759 auctor

2168 2809 2291 2851 non
2321 2795 2749 2852 anachoretam
2780 2793 3054 2859 instituit,
3083 2809 3269 2866 quem
3300 2798 3501 2850 tamen
3516 2792 3826 2850 instituen-

2169 2885 2316 2942 dum
2337 2884 2450 2941 sibi
2475 2888 2898 2958 proposuerat,
2918 2883 3027 2939 sed
3049 2883 3231 2940 veluti
3249 2883 3539 2940 viatorem
3559 2882 3824 2955 aliquem

2092 3006 2133 3063 ρ
2172 2990 2412 3047 semper
2437 2973 2557 3030 huc
2603 2972 2745 3030 illuc
2796 2976 3119 3041 errantem,
3151 2988 3470 3045 nunquam
3516 2971 3828 3045 quiescen-

2167 3067 2309 3132 tem,
2338 3063 2618 3136 quamvis
2649 3062 2848 3136 potius
2869 3062 3054 3119 vitam
3082 3066 3387 3133 agentem,
3412 3077 3601 3135 quam
3629 3060 3827 3118 solita-

2167 3149 2341 3221 riam,
2371 3164 2559 3221 quam
2603 3153 2803 3204 tamen
2853 3146 3155 3218 agendam
3191 3150 3562 3220 susceperat.
3597 3149 3826 3203 Postre-

2167 3255 2292 3309 mo,
2322 3237 2489 3312 quod
2519 3237 2783 3310 additur,
2817 3253 2949 3294 eum
2972 3238 3133 3294 ratio
3158 3237 3240 3294 ad
3269 3236 3606 3294 exeundum
3624 3237 3826 3306 potius

2167 3330 2428 3392 inducet,
2461 3332 2527 3384 ut
2562 3328 2764 3398 posita
2809 3342 2991 3398 super
3018 3326 3383 3383 candelabro
3413 3326 3664 3383 lucerna
3691 3325 3827 3382 doc-

2168 3420 2345 3476 trinae
2391 3419 2558 3475 bona
2603 3418 2796 3474 lumen
2849 3417 3155 3487 impertiat
3185 3417 3479 3481 omnibus,
3507 3415 3826 3472 dummodo

2166 3509 2429 3579 conﬁdat
2457 3523 2628 3578 posse
2672 3512 2726 3563 et
2775 3505 2968 3564 verbis
3015 3511 3070 3563 et
3097 3506 3281 3577 factis
3310 3505 3568 3575 seipsum
3592 3505 3665 3560 iis
3692 3504 3827 3576 qui-

2167 3600 2407 3656 buscum
2469 3597 2880 3669 congreditur,
2947 3610 3055 3653 ceu
3130 3595 3458 3667 quamdam
3532 3595 3829 3650 virtutum

2163 3688 2431 3745 scholam
2460 3686 2755 3755 exhibere,
2785 3684 2990 3741 locum
3033 3682 3477 3756 amplissimum
3506 3681 3829 3756 praestigiis

2163 3776 2398 3833 videtur
2447 3775 2613 3842 dare,
2672 3789 2809 3830 cum
2890 3772 3063 3829 facile
3114 3771 3243 3827 ﬁeri
3308 3770 3522 3844 possit,
3576 3775 3642 3828 ut
3708 3769 3829 3827 sibi

2163 3866 2424 3939 quisque
2470 3863 2640 3920 brevi
2695 3861 3082 3935 persuadeat,
3129 3860 3313 3918 talem
3362 3876 3492 3916 esse
3541 3876 3624 3924 se,
3675 3876 3829 3932 qua-

2161 3954 2281 4012 lem
2324 3956 2580 4027 oportet,
2611 3955 2677 4008 ut
2706 3951 2902 4007 facem
2953 3949 3232 4024 praeferat
3280 3949 3570 4006 omnibus
3603 3949 3681 4006 ad
3708 3949 3829 4007 bo-

2162 4059 2309 4101 nam
2355 4041 2717 4105 doctrinam,
2751 4040 2831 4097 ob
2883 4039 3068 4113 idque
3115 4038 3385 4096 conﬁdat
3434 4038 3727 4105 futurum,
3760 4042 3829 4095 ut

2160 4132 2447 4189 virtutum
2502 4130 2778 4187 omnium
2832 4128 3109 4202 exempla
3152 4144 3359 4185 secum
3409 4125 3827 4199 congressuris

2162 4221 2453 4296 praebeat.
2486 4222 2571 4276 Ex
2598 4219 2823 4293 quibus
2850 4218 3030 4291 plane
3060 4222 3295 4275 constat
3315 4217 3827 4275 Constitutionum

2166 4316 2472 4370 auctorem
2505 4310 2587 4366 ita
2615 4308 3032 4379 indulgentem
3058 4307 3263 4371 fuisse,
3287 4310 3354 4363 ut
3380 4307 3561 4365 etiam
3577 4306 3828 4362 rationis

2163 4401 2316 4459 ﬁnes
2371 4405 2786 4471 transgressus
2838 4397 2931 4453 sit.
2966 4398 3138 4452 Nunc
3183 4395 3518 4453 referamus
3568 4411 3705 4469 quas
3760 4394 3828 4451 in

2164 4489 2404 4563 Regulis
2448 4488 2750 4559 leguntur.
2801 4487 2938 4541 Haec
2985 4490 3188 4541 autem
3237 4488 3376 4543 sunt
3423 4485 3539 4557 (a):
3584 4490 3689 4542 Τήν
3730 4487 3825 4556 μὶν

2165 4578 2467 4655 ἀποδημίαν
2494 4578 2806 4652 ἐπιτρεπέτω
2835 4597 2907 4628 τω
2947 4572 3215 4648 δυναμένῳ
3244 4573 3482 4636 ἀϐλαϐῶς
3523 4582 3585 4647 τῇ
3634 4573 3825 4633 ἑαυτοῦ

2163 4670 2342 4744 ψυχῇ,
2374 4674 2465 4722 καὶ
2509 4667 2772 4741 ὠφελίμως
2822 4673 2932 4726 τοῖς
2976 4667 3432 4737 συντυγχάνουσιν
3481 4663 3644 4722 αὐτὴν
3685 4661 3825 4715 ἐκτε-

2163 4760 2283 4815 λεῖν.
2315 4759 2403 4821 Ὠς
2445 4757 2529 4811 ἐὰν
2576 4761 2647 4830 μὴ
2695 4764 2835 4830 παρῇ
2884 4757 2910 4808 ό
2960 4750 3275 4821 ἐπιτήδειος,
3306 4752 3509 4827 βέλτιον
3557 4751 3605 4805 ἐν
3650 4747 3829 4824 ἐνδείᾳ

2163 4857 2263 4901 τῶν
2315 4847 2609 4920 ἀναγκαίων
2653 4852 2827 4898 πᾶσαν
2879 4844 3051 4916 θλῖψιν
3111 4848 3202 4896 καὶ
3267 4846 3618 4915 στενοχωρίαν
3656 4845 3828 4915 μέχρι

2163 4943 2254 4989 καὶ
2323 4938 2542 4989 θανάτου
2615 4936 2928 5006 ὑπενεγκεῖν,
2989 4937 3019 4992 ἧ
3074 4932 3413 5007 παραμυθίας
3485 4931 3645 4983 ἕνεκεν
3710 4949 3825 4981 σω-

2161 5035 2408 5101 ματικῆς,
2462 5024 2661 5099 βλάϐην
2710 5024 2899 5096 ψυχῆς
2946 5021 3357 5095 ὁμολογουμένην
3405 5025 3669 5093 περιορᾲν.
3710 5019 3828 5075 Pe-

2160 5115 2522 5187 regrinandi
2537 5115 2715 5170 detur
2738 5113 3007 5184 facultas
3036 5113 3108 5177 ei,
3137 5110 3243 5181 qui
3267 5110 3423 5165 citra
3451 5109 3668 5165 anima
3696 5122 3827 5163 suae

2158 5205 2603 5265 detrimentum,
2636 5210 2690 5259 et
2738 5217 2873 5258 cum
2918 5202 3183 5257 utilitate
3210 5214 3435 5267 eorum,
3467 5197 3825 5269 quibuscum

2155 5295 2462 5368 graditur,
2476 5292 2889 5362 iterperﬁcere
2902 5290 3107 5360 possit.
3121 5289 3301 5356 Nam,
3316 5289 3369 5343 si
3382 5302 3551 5343 nemo
3568 5285 3825 5342 idoneus

2155 5385 2421 5456 affuerit,
2446 5386 2699 5454 prastat
2725 5381 2789 5437 in
2818 5394 3020 5436 rerum
3049 5376 3525 5435 necessariarum
3551 5375 3823 5446 penuria
