4058 6192
171 240 234 293 89
1688 236 2073 292 PREFATIO.
3530 249 3600 307 90

172 362 573 432 afﬂictionem
595 377 826 420 omnem
848 369 1030 434 atque
1057 363 1401 434 angustiam
1433 364 1528 420 vel
1555 362 1637 419 ad
1677 378 1837 418 mor-
1874 364 1922 417 Α
1950 379 2085 418 rum
2117 365 2472 424 testimoniis
2500 369 2766 426 referciri
2787 370 2848 426 in
2875 370 2989 426 illis
3011 368 3314 442 ejusmodi
3340 374 3604 430 testimo-

176 461 288 509 tem
310 468 498 524 usque
524 454 788 524 perpeti,
813 469 996 525 quam
1027 454 1290 523 corporis
1320 454 1633 510 levamenti
1659 468 1841 509 causa

176 542 578 598 certissimum
600 557 678 598 an
689 544 821 599 ima
840 543 1263 599 detrimentum
1281 544 1598 613 negligere.
1624 543 1686 596 In
1709 542 1845 615 qui-

177 630 295 685 bus
311 629 572 700 dignum
591 635 818 703 estquo
840 636 1102 701 notetur,
1122 647 1332 687 omnes
1345 630 1420 686 de
1434 632 1694 686 auctoris
1718 645 1850 685 sen-

179 723 362 778 tentia
383 720 591 793 potius
607 737 810 776 rerum
834 723 1290 794 penuriaperire
1312 721 1555 790 debere,
1576 736 1762 792 quam
1788 726 1850 779 ut

182 826 338 867 unus
371 809 457 866 ob
495 815 848 882 susceptam
897 811 1446 883 peregrinationem
1486 815 1715 865 certum
1749 808 1849 864 ali-

178 900 346 974 quod
371 899 810 956 detrimentum
829 901 892 956 in
913 901 1122 957 anima
1139 901 1432 972 patiatur;
1456 916 1592 972 quae
1616 903 1848 955 senten~

180 991 260 1046 tia
274 990 459 1060 justae
480 989 817 1045 severitatis
834 990 1018 1061 plena
1034 995 1146 1060 est,
1165 995 1220 1046 et
1235 989 1604 1045 alienissima
1623 987 1700 1043 ab
1718 988 1847 1057 ejus

180 1080 485 1148 moribus,
516 1080 627 1152 qui
657 1080 1163 1136 Constitutionum
1195 1079 1418 1136 librum
1447 1078 1654 1135 edidit.
1688 1079 1846 1144 Quo-

178 1168 365 1224 modo
419 1169 589 1224 enim
614 1169 813 1225 dicere
845 1168 1237 1241 potuisset,"si
1270 1183 1452 1224 nemo
1472 1167 1729 1223 idoneus
1755 1166 1844 1220 in-

177 1258 479 1327 veniatur,
505 1272 721 1314 omnes
741 1259 944 1329 potius
965 1257 1374 1314 fameinterire
1394 1256 1632 1326 debere,
1657 1271 1846 1328 quam

173 1353 240 1403 ut
271 1363 435 1402 unus
460 1347 685 1402 animae
706 1363 832 1402 suae
860 1347 1178 1420 dispendio
1204 1363 1455 1419 peregre
1477 1346 1676 1412 abeat,
1706 1361 1845 1399 cum

172 1438 304 1510 ipse
328 1436 615 1492 docuerit
642 1437 896 1493 idoneos
921 1438 996 1492 ad
1017 1437 1530 1510 peregrinandum
1549 1451 1681 1492 esse
1719 1452 1842 1504 eos,

173 1528 282 1600 qui
302 1526 633 1582 conﬁdunt
651 1525 886 1582 futuros
903 1542 968 1582 se
991 1526 1267 1598 exemplo
1288 1526 1351 1582 in
1368 1525 1597 1592 itinere,
1624 1525 1692 1580 iis
1713 1524 1846 1598 qui-

170 1617 442 1674 buscum
465 1615 938 1686 congrediantur
957 1617 985 1672 ?
1010 1616 1238 1672 Etenim
1266 1616 1314 1670 si
1338 1620 1504 1671 tanta
1518 1632 1714 1671 rerum
1742 1631 1845 1688 pe-

1951 453 2053 509 nia
2082 470 2278 525 pauca
2308 457 2640 514 admodum
2679 459 2978 518 invenias.
3023 461 3355 534 Scriptores
3403 467 3603 518 autem

1953 545 2036 601 ita
2065 546 2154 600 sui
2180 545 2503 603 dissimiles
2533 565 2662 604 esse
2691 565 2814 604 non
2845 550 3058 619 solent,
3096 559 3160 608 ut
3189 569 3327 607 cum
3359 553 3604 608 easdem

1955 649 2050 689 res
2071 639 2348 704 tractant,
2381 636 2632 692 diversis
2663 638 2960 694 scribendi
2994 641 3313 708 generibus
3339 646 3606 697 utantur.

1958 725 2104 780 Cum
2136 725 2314 794 igitur
2339 731 2571 782 constet
2593 727 2806 783 iisdem
2836 728 2911 784 de
2940 729 3123 784 rebus
3155 729 3214 784 in
3247 730 3484 801 Regulis
3527 735 3609 787 at-

1957 829 2076 884 que
2100 813 2161 868 in
2185 815 2721 871 Constitutionibus
2753 833 3095 873 sermonem
3135 818 3388 886 institui,
3418 821 3480 874 in
3509 819 3608 875 iis-

1955 919 2075 974 que
2095 903 2394 958 diversam
2419 920 2546 959 esse
2571 905 2950 962 citandarum
2974 908 3405 979 scripturarum
3425 908 3608 965 ratio-

1954 1009 2116 1059 nem,
2146 1010 2286 1049 cum
2314 1008 2524 1050 earum
2553 995 2892 1051 testimonia
2919 1012 3078 1068 stepe
3110 997 3168 1051 in
3190 996 3449 1067 Regulis,
3470 1013 3608 1053 raro

1955 1082 2017 1138 in
2068 1084 2606 1140 Constitutionibus
2644 1084 3045 1156 proferantur,
3089 1101 3331 1142 necesse
3379 1085 3611 1142 videtur

1953 1171 2109 1227 duos
2121 1172 2405 1243 distingui
2420 1179 2714 1240 auctores,
2729 1189 2988 1245 quorum
3002 1191 3158 1230 unus
3175 1174 3400 1241 uno,n1i
3410 1192 3477 1230 us
3492 1175 3608 1230 alio

1953 1261 2140 1317 modo
2167 1263 2490 1334 scripserit.
2519 1265 2584 1319 Et
2607 1263 2900 1335 quoniam
2923 1270 3346 1332 argumentum
3369 1279 3399 1319 e
3423 1264 3608 1319 varie-

1954 1355 2070 1406 tate
2097 1351 2350 1406 citandaa
2379 1352 2694 1424 Scriptura;
2716 1357 2915 1424 petere
2930 1352 3113 1407 semel
3135 1353 3309 1424 coepi,
3333 1369 3605 1424 pergam.

1955 1443 2106 1510 Ergo
2133 1455 2379 1495 monere
2418 1456 2617 1512 operae
2645 1441 2903 1513 pretium
2928 1446 3034 1511 est,
3056 1441 3203 1496 illud
3231 1445 3420 1508 Lucae,
3443 1443 3607 1498 Mar-

1956 1530 2077 1596 tha,
2127 1531 2390 1584 sollicita
2435 1546 2514 1599 es,
2555 1536 2609 1586 et
2632 1530 2896 1586 turbaris
2927 1545 3072 1600 erga
3092 1532 3405 1600 plurima:
3422 1547 3608 1600 porro

1954 1635 2136 1673 unum
2162 1624 2245 1674 est
2276 1621 2674 1675 necessarium
2700 1622 2771 1688 29,
2796 1625 2853 1675 et
2881 1620 2940 1675 in
2973 1620 3211 1690 Regulis
3256 1620 3503 1692 reperiri
3555 1624 3611 1677 et

170 1706 353 1762 nuria
379 1711 566 1768 esset,
599 1711 666 1760 ut
689 1705 904 1761 fratres
919 1720 1132 1760 omnes
1153 1705 1215 1760 in
1235 1704 1364 1760 vita:
1393 1705 1721 1760 discrimen
1745 1720 1844 1760 ve-
1878 1713 1918 1766 Β
1955 1708 2014 1763 in
2047 1709 2630 1765 Constitutionibus:
2659 1711 2764 1765 sed
2789 1717 2911 1766 tam
2935 1711 3190 1779 diverse,
3212 1715 3276 1766 ut
3297 1710 3466 1766 aliter
3484 1710 3612 1766 ﬁeri

171 1796 394 1863 nirent,
437 1795 704 1850 dubium
724 1809 848 1850 non
880 1799 973 1849 est
991 1793 1138 1866 quin
1163 1794 1225 1849 in
1250 1793 1521 1866 quolibet
1543 1798 1845 1850 conventu

172 1900 422 1956 semper
441 1884 667 1955 aliquis
710 1882 1050 1939 monachus
1093 1883 1478 1952 inveniretur,
1524 1883 1626 1956 qui
1671 1899 1734 1937 se
1786 1882 1846 1937 in

171 1970 386 2026 itinere
405 1968 692 2024 faciendo
724 1968 1008 2023 virtutum
1037 1967 1310 2022 omnium
1338 1969 1614 2040 exempla
1652 1967 1848 2023 omni-

175 2061 290 2117 bus
318 2059 621 2115 daturum
645 2057 972 2114 conﬁderet
999 2075 1011 2125 ;
1034 2057 1291 2129 ideoque
1318 2065 1505 2113 causa
1532 2073 1657 2113 non
1698 2062 1847 2125 erat,

179 2167 283 2206 cur
307 2149 578 2220 scriptor
593 2147 950 2220 praclarum
973 2146 1124 2202 illud
1153 2147 1504 2203 decantaret
1523 2149 1577 2203 si
1600 2148 1849 2204 idoneus

179 2256 295 2296 non
315 2238 695 2307 reperiatur,
717 2244 967 2292 mortem
972 2237 1173 2306 potius
1187 2237 1659 2294 toleraridebere
1674 2252 1849 2308 quam

177 2335 412 2385 certum
443 2326 698 2397 aliquod
717 2327 936 2382 anima:
955 2326 1238 2382 damnum
1263 2328 1574 2398 negligere,
1601 2343 1763 2394 cum,
1788 2331 1852 2382 ut

179 2419 482 2482 vidimus,
512 2417 774 2472 idoneus
803 2431 1124 2487 nunquam
1153 2416 1412 2473 deesset.
1446 2417 1680 2472 Addere
1707 2415 1854 2471 libet

179 2512 234 2565 et
263 2508 462 2563 alium
494 2505 726 2560 locum.
769 2507 917 2561 Cum
945 2520 1088 2574 ergo
1124 2511 1338 2562 auctor
1380 2506 1854 2575 interrogaretur

174 2605 382 2654 utrum
411 2594 893 2652 auscultandum
913 2594 990 2649 sit
1025 2595 1116 2658 iis,
1143 2594 1248 2667 qui
1270 2611 1380 2650 nos
1407 2594 1485 2650 ad
1512 2594 1852 2666 propriare-

178 2687 404 2742 ducere
447 2684 698 2753 vellent,
736 2684 819 2739 ita
861 2684 1191 2756 respondet
1225 2689 1310 2752 (α)
1335 2702 1347 2739 :
1371 2684 1432 2736 Εἰ
1459 2688 1547 2756 μὲν
1577 2680 1670 2736 διὰ
1719 2683 1853 2735 οἰκο-

176 2775 348 2849 δομήν
379 2786 481 2837 τῆς
505 2775 790 2838 πίστεως,ὁ
815 2770 1097 2846 δυνάμενος
1125 2778 1288 2834 οὕτως
1305 2773 1591 2839 άπεαλθεῐν,
1609 2775 1738 2845 μετά
1763 2768 1798 2824 ὃ
1801 2792 1852 2824 ο-

172 2872 432 2939 κιμασίας
467 2865 775 2936 πεμπέσϐω.
800 2863 870 2919 Si
892 2864 954 2918 id
971 2864 1078 2931 ﬁat
1102 2863 1172 2919 οὺ
1199 2863 1344 2931 ﬁdei
1373 2863 1847 2931 aediﬁcationem,

170 2958 278 3028 qui
299 2957 482 3012 abire
513 2954 626 3010 hoc
645 2953 820 3008 modo
845 2957 1050 3024 potest,
1076 2953 1124 3007 is
1145 2955 1459 3021 praemissa
1477 2953 1698 3021 praevio
1717 2964 1851 3006 exa-

1955 1813 2078 1853 non
2108 1814 2294 1869 posse
2319 1798 2612 1865 videatur,
2637 1799 2782 1872 quin
2811 1801 3026 1856 horum
3054 1815 3308 1870 operum
3332 1799 3454 1855 duo
3476 1815 3612 1855 auc-

1955 1893 2114 1943 tores
2133 1893 2566 1957 agnoscantur.
2589 1890 2739 1943 Loca
2760 1889 2894 1960 ipsa
2913 1888 2974 1943 in
3001 1888 3266 1944 medium
3291 1905 3428 1945 meo
3445 1905 3612 1946 more

1957 1975 2265 2031 adducam
2296 1993 2308 2029 :
2343 1992 2534 2048 eoque
2565 1977 2870 2044 libentius,
2899 1976 3066 2049 quod
3118 1977 3193 2032 in’
3229 1977 3315 2032 eis
3356 1977 3612 2047 dignum

1957 2064 2252 2136 quiddam
2284 2065 2628 2121 curiositate
2661 2065 3070 2121 studiosorum
3092 2065 3290 2123 inesse
3315 2066 3610 2123 videatur.

1958 2153 2046 2208 Ita
2075 2152 2255 2220 igitur
2283 2152 2342 2208 in
2375 2153 2614 2222 Regulis
2667 2153 2960 2225 scriptum
2999 2155 3302 2212 invenitur
3342 2155 3419 2225 (ὁ)
3455 2171 3467 2209 :
3503 2154 3612 2207 Οὐκ

1960 2246 2172 2315 ἐπῄνεσε
2211 2248 2304 2301 τὴν
2335 2245 2551 2316 Μάρθαν
2583 2247 2655 2304 εἰς
2682 2243 2873 2302 πολλὴν
2906 2241 3176 2298 διακονίαν
3219 2252 3611 2320 περισπωμένην

1960 2333 1985 2383 ὁ
2019 2335 2226 2404 Κύριος,
2257 2331 2400 2396 ἀλλὰ,
2429 2327 2690 2405 Μεριμνᾷς
2716 2338 2804 2386 καὶ
2833 2333 3090 2407 τυρϐάζῃ,
3117 2340 3265 2407 φησὶ,
3289 2341 3407 2410 περὶ
3426 2334 3609 2387 πολλοὶ.

1961 2420 2141 2492 ὀλίγων
2169 2417 2227 2473 δέ
2256 2426 2369 2473 ἐστι
2411 2427 2590 2495 χρεία,
2624 2423 2653 2481 ἦ
2690 2421 2816 2484 ἐνὸς·
2852 2422 3037 2494 ὀλίγων
3061 2428 3171 2496 μὲν,
3228 2421 3468 2481 δηλονότι
3512 2430 3611 2475 τῶν

1957 2513 2085 2582 πρὸς
2116 2516 2448 2582 παρασκευήν
2482 2527 2494 2540 ⁸
2521 2511 2626 2572 ἐνὸς
2651 2508 2728 2577 δὲ,
2759 2519 2851 2563 τοῦ
2885 2521 3103 2581 σκοποῦ,
3134 2515 3267 2564 ὥστε
3305 2517 3398 2570 τὴν
3427 2517 3609 2584 χρείαν

1959 2596 2374 2669 ἐκπληρωθῆναι.
2407 2599 2797 2670 Nequaquam
2830 2600 3110 2655 Dominus
3141 2601 3415 2656 laudavit
3444 2601 3611 2670 Mar-

1958 2687 2124 2742 tham
2153 2692 2218 2742 in
2241 2689 2565 2757 multiplex
2592 2690 2990 2745 ministerium
3021 2690 3376 2745 distractam
3428 2705 3440 2743 :
3485 2689 3608 2756 sed,

1960 2776 2290 2832 «Sollicita
2312 2792 2390 2844 es,
2409 2779 2600 2848 inquit
2623 2783 2677 2832 et
2716 2779 2982 2834 turbaris
3004 2782 3166 2835 circa
3185 2779 3399 2834 multa.
3425 2779 3615 2850 Atqui

1953 2865 2184 2933 paucis,
2217 2867 2311 2920 vel
2331 2881 2448 2921 uno
2478 2881 2626 2934 Opus
2655 2872 2739 2923 est
2763 2884 2776 2922 :
2804 2887 2832 2916 »
2862 2868 3074 2938 paucis
3107 2867 3365 2939 quidem,
3417 2883 3611 2939 quan-

1958 2958 2084 3008 tum
2112 2953 2339 3008 scilicet
2369 2954 2452 3009 ad
2475 2962 2865 3025 apparatum,
2889 2971 3008 3011 uno
3037 2972 3196 3026 vero,
3245 2971 3454 3025 nempe
3477 2958 3614 3025 ﬁne

172 3049 329 3104 mine
359 3048 750 3102 dimittatur:
782 3044 887 3099 ubi
908 3043 1209 3099 monacho
1239 3058 1360 3097 non
1382 3042 1739 3112 permititur,
1763 3045 1844 3110 ut,
1880 3062 1920 3117 ς
1957 3042 2105 3110 ipso,
2146 3047 2210 3096 ut
2242 3041 2514 3098 videlicet
2545 3045 2886 3099 necessitati
2913 3045 3018 3112 ﬁat
3049 3045 3216 3099 satis.
3242 3044 3379 3099 ldeo
3410 3049 3612 3099 autem

173 3137 222 3192 si
259 3135 427 3206 velit,
473 3133 822 3203 egrediatur
853 3149 867 3188 :
898 3131 1002 3187 sed
1030 3132 1196 3203 prius
1249 3129 1682 3202 pertentandus
1739 3135 1848 3200 est,

175 3231 384 3281 utrum
407 3223 675 3279 idoneus
698 3221 794 3278 sit.
823 3224 951 3277 Uno
970 3220 1177 3288 verbo,
1197 3219 1366 3292 quod
1385 3220 1446 3274 in
1473 3219 1848 3276 Constitutio—

175 3316 360 3371 nibus
385 3314 511 3384 legi
541 3312 992 3379 adnotavimus,
1017 3309 1279 3378 cuilibet,
1309 3309 1357 3365 si
1378 3309 1532 3375 velit,
1561 3308 1763 3379 egredi
1783 3309 1850 3364 li-

174 3421 308 3462 cere
355 3419 538 3461 vante
562 3401 886 3474 cujusdam
938 3401 1317 3457 confidentiae
1346 3401 1616 3465 obtentu,
1648 3399 1708 3454 id
1746 3402 1852 3454 aut

178 3495 528 3567 quidquam
566 3492 760 3547 simile
788 3491 850 3547 in
871 3490 1109 3561 Regulis
1127 3490 1233 3563 qui
1252 3495 1565 3563 quaereret,
1597 3504 1848 3560 operam

180 3584 436 3640 luderet.
475 3585 671 3648 Quare
710 3582 759 3636 si
794 3579 1157 3650 [tegularum
1189 3580 1442 3652 scriptor
1470 3594 1740 3650 unquam
1762 3577 1840 3632 in;

180 3674 462 3729 duxisset
516 3671 790 3729 animum
837 3671 1236 3726 anachoretas
1278 3669 1610 3734 instituere,
1663 3667 1847 3722 modo

181 3779 387 3819 secum
405 3763 543 3834 ipse
561 3760 902 3817 consentire
914 3759 1220 3824 voluisset,
1239 3774 1361 3814 non
1379 3758 1464 3813 eis
1482 3757 1850 3830 permisisset

184 3860 244 3909 ut
289 3855 672 3921 vagarentur
708 3850 825 3905 huc
851 3849 995 3904 illuc
1036 3849 1274 3922 quoties
1328 3848 1412 3904 ita
1438 3846 1690 3902 liberet:
1741 3845 1847 3902 sed

173 3944 464 4014 iussisset
487 3941 656 4011 ipsos
676 3938 753 3994 ab
777 3938 1024 3994 homine
1073 3937 1342 4009 sapiente
1385 3935 1705 3992 consilium
1745 3951 1844 3991 ca-

178 4049 344 4105 pere,
362 4030 449 4086 ab
465 4044 660 4101 eoque
679 4043 966 4100 quierere,
988 4033 1185 4082 utrum
1203 4026 1407 4098 egredi
1423 4027 1508 4082 eis
1521 4026 1846 4098 expediret,

179 4135 395 4176 necne.
424 4117 632 4172 Videre
650 4121 760 4184 est,
775 4115 1032 4185 igiturin
1053 4115 1291 4184 Regulis
1307 4115 1703 4182 severitatem,
1725 4129 1847 4168 non

181 4209 346 4264 illam
368 4206 626 4281 quidem
660 4205 945 4274 Stoicam,
993 4205 1103 4260 sed
1139 4221 1277 4277 quae
1315 4205 1578 4277 peritum
1624 4203 1847 4273 magis-

184 4305 343 4354 trum
373 4296 616 4362 deceat,
649 4294 1071 4367 consultatque
1102 4294 1328 4366 optime
1353 4299 1514 4349 recto
1537 4293 1733 4349 ordini
1760 4292 1844 4347 :in

1956 3125 2085 3181 haec
2123 3125 2304 3197 paulo
2330 3126 2522 3180 fusius
2551 3127 2746 3195 retuli,
2803 3133 2866 3182 ut
2894 3128 3231 3197 intelligant
3271 3128 3377 3200 qui
3412 3127 3614 3197 legent

1957 3229 2170 3270 vocem
2207 3217 2317 3275 ἐνὸς
2346 3214 2442 3269 hic
2473 3230 2594 3270 non
2625 3216 2820 3289 accipi
2849 3216 3084 3287 vulgari
3114 3232 3318 3285 sensu,
3365 3218 3469 3272 sed
3502 3232 3612 3288 pro

1957 3319 2080 3359 uno
2126 3303 2372 3359 ferculo.
2425 3308 2486 3359 In
2517 3305 3044 3361 constitutionibus
3075 3322 3218 3361 vero
3245 3309 3399 3378 (cap.
3447 3311 3492 3368 ί)
3527 3305 3612 3360 sic

1954 3393 2173 3464 legitur
2217 3411 2230 3450 :
2265 3395 2407 3461 Εἰπὲ,
2450 3401 2627 3468 φησὶν,
2657 3399 2811 3469 αὐτῇ,
2845 3400 2928 3448 ἶνα
2957 3398 3016 3448 ἀν
3034 3395 3244 3449 αστᾶσα
3293 3393 3607 3469 συνδιακονῇ

1956 3503 2067 3556 μοι.
2099 3483 2156 3535 Ὀ
2185 3481 2244 3536 δὲ
2277 3489 2468 3559 Κύριος
2497 3489 2628 3560 πρὸς
2653 3486 2832 3544 αὐτὴν.
2861 3489 3070 3561 Μάρθα,
3102 3489 3312 3561 Μάρθα,
3363 3493 3612 3560 μεριμνᾷς

1955 3593 2045 3625 και
2067 3573 2304 3648 τυρϐάςῃ
2336 3594 2454 3648 περι
2483 3575 2664 3642 πολλὰ,
2693 3579 2800 3637 ἐνὸς
2833 3573 2891 3628 δέ
2919 3580 3032 3628 ἐστι
3061 3581 3239 3650 χρεία.
3273 3580 3448 3649 Μαρία
3485 3578 3608 3649 γάρ,

1956 3668 2066 3719 etc.
2101 3685 2129 3713 ‹‹
2161 3665 2274 3720 Dic
2310 3667 2424 3729 illi,
2469 3667 2688 3736 inquit,
2738 3671 2804 3720 ut
2848 3681 3104 3736 surgens
3150 3667 3449 3721 ministret
3491 3678 3611 3720 me-

1957 3769 2111 3810 cum.
2153 3776 2180 3803 ››
2218 3753 2334 3809 Cui
2372 3756 2661 3810 Dominus
2690 3770 2714 3810 .'
2745 3777 2772 3804 ‹‹
2820 3756 3090 3824 Martha,
3138 3748 3610 3824 Martha,solli-

1954 3843 2076 3898 cita
2101 3857 2179 3908 cs,
2203 3849 2257 3898 et
2287 3843 2554 3898 turbaris
2597 3844 2752 3899 circa
2783 3845 2997 3899 multa.
3049 3845 3242 3898 Porro
3293 3858 3477 3898 unum
3526 3848 3610 3898 est

1955 3933 2374 3989 necessarium.
2401 3933 2601 3988 Maria
2639 3934 2796 3989 enim
2818 3934 2888 4002 ³ο,
2922 3951 2950 3984 ›
2983 3937 3092 3988 etc.
3127 3932 3242 3987 Nec
3281 3932 3610 4005 quisquam

1955 4022 2169 4079 dixerit
2197 4027 2547 4093 corruptum
2574 4038 2705 4078 esse
2759 4021 3120 4093 Regularum
3162 4021 3364 4077 locum
3399 4037 3412 4074 :
3443 4018 3612 4090 quod

1953 4111 2187 4182 vitium,
2218 4116 2279 4166 ut
2305 4111 2424 4167 alia
2448 4111 2723 4181 ejusdem
2751 4110 2988 4181 generis
3013 4110 3292 4184 plurima,
3316 4109 3612 4164 autlibra-

1954 4201 2181 4258 riorum
2211 4201 2552 4264 oscitantia,
2583 4206 2686 4256 aut
2713 4201 2830 4256 alio
2879 4201 3082 4271 aliquo
3113 4216 3254 4255 casu
3286 4198 3607 4270 irrepserit.

1958 4291 2204 4361 Etenim,
2239 4292 2285 4347 si
2317 4291 2495 4346 unico
2524 4292 2642 4346 hoc
2686 4292 2817 4347 loco
2864 4292 2945 4346 ita
2995 4290 3312 4358 legeretur,
3360 4288 3614 4344 fortasse

187 4383 735 4442 Constitutionibus
761 4399 928 4451 vero,
955 4383 1290 4438 molliorem
1312 4381 1647 4455 quamdam
1670 4381 1846 4437 disci-
1880 4421 1926 4474 D
1958 4379 2101 4436 talia
2143 4378 2257 4435 dici
2291 4384 2538 4451 possent
2567 4395 2580 4433 :
2616 4379 2720 4434 sed
2749 4395 2888 4433 cum
2918 4382 2974 4434 et
3005 4377 3146 4432 alibi
3181 4377 3396 4433 eodem
3429 4376 3612 4433 modo

187 4475 446 4547 plinam,
502 4489 646 4545 quae
703 4472 750 4527 si
799 4472 1005 4528 locum
1048 4471 1322 4543 haberet,
1347 4476 1543 4528 rectus
1573 4472 1723 4527 ordo
1744 4471 1848 4526 diu

189 4571 344 4620 stare
379 4579 510 4619 non
541 4567 768 4634 posset.

257 4660 346 4711 36.
392 4654 778 4724 Subjungam
809 4658 1236 4722 argumentum
1271 4651 1456 4721 aliud,
1478 4651 1644 4724 quod
1676 4656 1733 4707 et
1761 4651 1850 4724 ip-

190 4763 320 4802 sum
340 4760 597 4818 quoque
621 4743 834 4816 probat
853 4742 1098 4815 quidem
1121 4758 1245 4798 non
1257 4742 1538 4797 eumdem
1558 4758 1690 4797 esse
1711 4757 1850 4797 aue-

188 4847 378 4892 torem
402 4834 794 4904 Regularum,
818 4832 924 4900 qui
945 4832 1448 4888 Constitutionum
1475 4849 1487 4899 ;
1513 4832 1620 4887 sed
1643 4837 1851 4904 priete-

186 4941 283 4982 rea
313 4928 432 4982 hoc
456 4923 768 4979 commodi
791 4921 998 4990 habet,
1032 4927 1096 4978 ut
1123 4921 1288 4976 nullo
1311 4921 1630 4976 verborum
1663 4937 1850 4993 appa-

187 5023 337 5078 ratu,
382 5021 444 5070 at
469 5012 601 5068 solo
628 5011 949 5067 oculorum
975 5010 1196 5066 auxilio
1221 5010 1509 5079 indigeat.
1535 5009 1717 5065 Velim
1741 5011 1848 5079 igi-

189 5110 278 5159 tur
328 5101 525 5159 oculis
585 5101 921 5157 lustrentur
975 5100 1213 5170 Regula:
1259 5104 1316 5155 et
1359 5100 1847 5169 Constitutiones,

189 5197 742 5266 comparenturque
772 5191 927 5246 inter
956 5206 1105 5246 sese.
1140 5192 1255 5246 Has
1287 5189 1494 5245 videas
1524 5189 1850 5262 Scriptura-

255 5376 302 5410 ε’
337 5376 477 5431 Luc.
505 5389 568 5442 ι,
599 5375 694 5444 tt,
725 5374 818 5428 42.
861 5373 910 5409 ³ο
941 5370 1088 5428 Ibid.
1122 5375 1308 5428 40-42.

255 5586 330 5642 (α)
354 5585 498 5654 Reg.
521 5579 696 5637 brev.
725 5581 796 5636 89

1960 4470 2246 4542 scriptum
2296 4469 2660 4533 inveniatur,
2703 4467 2967 4523 dubitari
3010 4467 3222 4523 merito
3241 4482 3364 4522 non
3394 4470 3612 4538 potest,

1959 4560 2104 4632 quin
2136 4563 2340 4613 auctor
2363 4557 2493 4630 ipse
2525 4558 2608 4612 ita
2633 4557 2956 4629 scripserit.
2989 4556 3134 4612 Volo
3176 4561 3376 4612 autem
3404 4555 3612 4611 memi-

1960 4651 2123 4705 nisse
2153 4663 2386 4714 omnes,
2415 4648 2475 4702 in
2524 4647 2638 4702 hoc
2668 4646 2934 4702 eruditos
2979 4645 3131 4701 inter
3161 4661 3222 4700 se
3254 4644 3610 4709 consentire,

1959 4735 2126 4807 quod
2159 4751 2280 4789 uno
2311 4749 2614 4790 consensu
2641 4734 2879 4791 Moralia
2909 4739 2965 4790 et
2991 4733 3248 4802 Regulas
3269 4733 3372 4787 uni
3394 4731 3612 4786 eidem-

1959 4842 2076 4899 que
2116 4823 2386 4896 scriptori
2421 4824 2710 4879 tribuant.
2743 4823 3066 4878 Videamus
3096 4837 3259 4890 ergo,
3301 4819 3612 4891 quomodo

1961 4915 2281 4970 Moralium
2310 4919 2540 4981 auctor,
2573 4913 2680 4984 qui
2708 4912 2868 4967 idem
2900 4915 2989 4966 est
3013 4915 3194 4982 atque
3227 4908 3610 4978 Regularum,

1960 5005 2130 5072 illud,
2163 5003 2328 5076 quod
2362 5003 2508 5069 dixi,
2541 5004 2713 5057 Lucae
2744 5000 3156 5056 testimonium
3189 4997 3474 5054 retulerit.
3519 4997 3614 5053 Sic

1961 5101 2162 5150 autem
2213 5093 2481 5165 loquitur
2529 5091 2590 5146 in
2647 5091 2857 5160 regula
2906 5093 2973 5146 38
3024 5095 3198 5162 (page
3249 5089 3373 5143 263)
3421 5105 3432 5139 :
3491 5091 3613 5142 Εἰπὲ

1959 5193 2046 5238 οῦν
2091 5181 2246 5256 αὐτῇ,
2300 5185 2382 5234 ἶνα
2420 5201 2510 5253 μοι
2559 5172 3014 5236 συναντιλάϐἡταιο
3069 5179 3395 5254 Ἀποκριθεὶς
3445 5174 3503 5232 δὲ
3535 5176 3610 5231 εἶ-

2014 5576 2048 5631 b
2078 5577 2219 5646 Reg.
2253 5577 2321 5630 2O
2342 5573 2458 5631 fus.
