4058 6192
431 268 494 323 91
1936 261 2323 320 ΡΒᾸΒΡΑΤΙΟ.
3768 262 3847 320 92

430 409 519 444 πεν
545 389 676 463 αὐτῇ
706 389 731 441 ὁ
760 390 983 453 Ἰησοῦς*
1017 392 1225 466 Μάρθα,
1255 392 1466 466 Μάρθα,
1517 384 1766 466 μεριμνᾷς
1819 393 1908 441 καὶ
1953 408 2077 463 τυρ-

2193 386 2306 443 tria
2342 384 2641 459 exempla.
2669 389 2735 442 ln
2759 400 2831 443 eo
2854 385 3035 457 igitur
3061 384 3145 442 ita
3172 384 3389 456 legitur
3413 396 3572 459 (pag.
3600 388 3758 452 550):
3781 391 3848 442 Et

431 478 565 553 ϐάζῃ
600 483 716 554 περὶ
740 479 921 532 πολλοίο
955 480 1135 552 ὀλίγων
1158 477 1218 533 δέ
1243 479 1356 533 ἐστι
1393 485 1568 555 χρεία,
1592 481 1621 539 ἣ
1653 479 1779 541 ἐνὸς.
1810 479 1912 535 Dic
1938 493 2079 549 ergo

427 569 549 638 illi,
577 574 643 623 ut
670 584 763 625 me
786 569 1056 639 adjuvet.
1087 568 1469 639 Respondens
1497 574 1696 626 autem
1721 569 1893 625 Jesus
1923 567 2083 622 dixit

430 658 487 715 ei
541 673 554 712 :
604 657 874 723 Martha,
931 658 1202 725 Martha,
1253 659 1521 715 sollicita
1572 674 1652 725 es,
1702 663 1758 714 et
1814 656 2084 713 turbaris

430 750 594 804 circa
634 749 926 817 plurima,
977 753 1177 804 tamen
1200 749 1418 818 paucis
1447 763 1595 818 opus
1624 752 1728 812 est,
1777 751 1883 803 aut
1912 760 2033 801 uno
2065 761 2079 800 :

429 837 536 894 ubi
571 853 697 893 non
745 837 917 893 aliter
961 836 1177 908 legitur
1214 853 1393 910 quam
1432 837 1493 894 in
1524 837 1666 909 ipsis
1696 834 1935 905 Regulis
1963 852 1977 901 ;
2010 849 2086 889 ex

428 943 553 1000 quo
583 927 668 996 ﬁt,
702 930 765 981 ut
790 942 930 982 cum
960 931 1307 983 constanter
1335 926 1578 983 duobus
1606 926 1666 982 in
1695 924 1845 982 locis
1869 923 2085 980 eodem

428 1016 615 1072 modo
640 1015 897 1085 legatur,
930 1020 1140 1073 auctor
1168 1016 1319 1089 ipse,
1361 1015 1639 1089 quisquis
1672 1019 1787 1083 est,
1835 1014 1915 1070 ita
1947 1013 2086 1068 scri-

426 1105 619 1178 psisse
656 1105 968 1177 putandus
1016 1105 1112 1161 sit.
1156 1109 1471 1172 Praeterea,
1512 1105 1763 1178 opinor,
1789 1103 1919 1159 haec
1948 1101 2085 1158 scri-

426 1200 630 1267 ptura,
647 1196 860 1265 paucis
881 1211 1028 1266 opus
1051 1201 1157 1265 est,
1183 1201 1288 1252 aut
1310 1211 1452 1260 uno,
1477 1198 1601 1251 tam
1623 1210 1784 1251 nova
1809 1197 1903 1249 est
1926 1197 1983 1249 et
2000 1193 2087 1248 in-

427 1284 624 1349 solita,
649 1284 1011 1354 utlibrariis',
1045 1284 1162 1340 nisi
1192 1284 1396 1356 ipsam
1419 1284 1481 1340 in
1511 1284 1585 1339 iis
1612 1299 1750 1356 quae
1778 1281 2091 1339 habebant

427 1373 877 1446 exemplaribus
907 1372 1300 1442 invenissent,
1331 1388 1407 1429 ne
1434 1372 1496 1428 in
1526 1376 1795 1428 mentem
1839 1369 2087 1443 quidem

425 1463 691 1520 venisset
732 1481 745 1532 ;
786 1462 866 1519 ob
912 1462 1095 1535 idque
1142 1462 1340 1533 magis
1385 1461 1758 1533 intelligitur,
1807 1460 2086 1517 librarios

428 1552 582 1623 ejus,
614 1568 801 1626 quam
822 1551 1012 1623 retuli,
1036 1551 1343 1608 varietatis
1369 1555 1649 1608 auctores
1672 1551 1791 1607 dici
1805 1551 1941 1621 jure
1960 1564 2088 1606 non

425 1656 630 1715 posse.
654 1644 733 1736 E‘x
754 1641 979 1714 quibus
1001 1642 1285 1736 omnibus
1305 1641 1587 1736 concludi
1609 1640 1812 1736 debet,
2117 1681 2156 1736 Β

425 1745 561 1786 rum
592 1729 948 1801 scriptorem
987 1730 1173 1786 alium
1202 1746 1332 1786 esse
1362 1729 1440 1786 ab
1469 1745 1540 1786 eo
1572 1729 1680 1802 qui
1709 1728 2087 1784 Constitutio-

427 1833 535 1875 nes
558 1818 622 1875 in
651 1819 848 1875 lucem
879 1819 1088 1890 edidit,
1120 1835 1258 1875 cum
1290 1822 1459 1875 Lucae
1487 1818 1673 1875 verba
1699 1817 1791 1873 bis
1810 1817 1980 1873 aliter
2010 1817 2086 1872 ci-

423 1907 579 1964 tarit.
601 1909 643 1974 Q
655 1908 773 1964 uod
787 1908 1140 1979 autemdixi,
1159 1924 1366 1964 vocem
1386 1907 1490 1970 ἑνός
1509 1907 1674 1980 apud
1692 1909 1911 1963 Lucam
1925 1922 2084 1961 sum-

425 2000 596 2069 ptam
625 2013 755 2053 esse
781 1997 858 2054 ab
884 2001 1128 2054 auctore
1150 2013 1273 2053 non
1305 1996 1561 2069 mystico
1594 2012 1802 2060 sensu,
1827 1995 2087 2068 sed‘pro-

425 2086 558 2159 prio
589 2091 647 2143 et
672 2086 954 2157 naturali,
976 2102 1195 2160 nempe
1218 2103 1322 2159 pro
1348 2086 1595 2158 ferculo,
1625 2085 1687 2141 id
1704 2102 1771 2141 ex
1791 2101 1883 2150 eo,
1902 2100 2085 2157 quem

424 2176 612 2233 modo
641 2176 835 2247 citavi,
860 2177 1171 2233 Moralium
1200 2176 1334 2233 loco
1384 2176 1635 2232 miriﬁce
1664 2175 2082 2231 conﬁrmatur.

425 2266 575 2322 Cum
595 2266 760 2322 enim
785 2282 857 2323 ea
878 2266 1193 2323 Moralium
1214 2265 1452 2337 regula,
1487 2265 1545 2321 in
1575 2280 1699 2337 qua
1723 2265 1851 2320 haec
1878 2263 2086 2334 legun-

424 2359 543 2425 tur,
572 2355 751 2427 ὀλίγων
781 2352 841 2408 δέ
872 2355 987 2409 ἐστι
1015 2360 1190 2431 χρεία,
1227 2356 1255 2415 ἢ
1283 2355 1411 2420 ἑνός,
1447 2360 1646 2410 tamen
1672 2355 1884 2423 paucis
1935 2368 2085 2422 opus

427 2450 532 2514 est,
563 2450 669 2501 aut
706 2461 847 2512 uno,
889 2444 1115 2517 scripta
1141 2444 1214 2500 sit
1257 2443 1331 2499 de
1353 2442 1715 2513 frugalitate,
1749 2445 1906 2498 certe
1933 2440 2084 2497 illud

428 2533 604 2590 Lucae
630 2533 1066 2603 testimonium,
1090 2532 1209 2588 nisi
1238 2548 1354 2588 vox
1377 2531 1482 2594 ἑνός
1513 2531 1595 2587 ibi
1625 2547 1737 2603 pro
1769 2528 2084 2591 ciboacci-

426 2626 687 2696 peretur,
715 2622 865 2679 nihil
893 2622 1144 2678 omnino
1174 2620 1255 2679 ad
1293 2637 1422 2677 rem
1450 2620 1695 2678 faceret.

497 2716 584 2768 37.
610 2716 981 2781 Argumenta
1001 2728 1137 2784 quae
1167 2712 1463 2767 hactenus
1485 2709 1797 2783 proposui,
1828 2709 2085 2765 fortasse

424 2799 618 2856 videri
653 2804 939 2873 poterunt
966 2799 1274 2872 aliquibus
1305 2799 1490 2872 paulo
1520 2798 1847 2855 remotiora
1874 2815 1887 2851 :
1921 2813 2085 2853 nunc

426 2904 771 2962 proponam
802 2888 942 2956 alia,
972 2905 1111 2962 quae
1140 2905 1215 2944 ex
1239 2890 1377 2960 ipsa
1406 2887 1547 2960 styli
1589 2888 1824 2944 ratione
1850 2891 2080 2959 petam.

429 2978 579 3033 Cum
603 2993 747 3048 ergo
769 2977 1025 3048 Regulae
1051 2982 1234 3050 atque
1272 2977 1740 3034 Constitutiones
1766 2976 2088 3046 diligenter

426 3065 703 3138 legerem,
724 3082 953 3139 easque
974 3066 1127 3123 inter
1149 3083 1215 3123 se
1236 3082 1679 3140 compararem,
1698 3065 1900 3121 videre
1920 3065 2087 3120 visus

428 3170 566 3211 sum
586 3155 741 3212 duos
757 3160 1051 3223 auctores,
1067 3171 1330 3229 quorum
1352 3170 1512 3212 unus
1530 3170 1672 3221 uno,
1686 3154 1839 3211 alius
1865 3154 1981 3211 alio
2002 3153 2087 3210 lo-

429 3244 658 3317 quendi
681 3259 898 3316 genere
918 3245 1096 3301 valde
1111 3245 1528 3302 delectaretur.
1551 3247 1618 3301 Et
1632 3243 1927 3317 quoniam
1947 3259 2085 3315 quae

427 3332 580 3405 ipsis
603 3333 794 3390 oculis
822 3333 1249 3406 subjiciuntur,
1292 3335 1501 3390 nescio
1524 3333 1838 3406 quomodo
1888 3332 2086 3402 magis

430 3426 698 3491 movent,
730 3423 1055 3495 cujuslibet
1079 3422 1164 3480 rei
1189 3423 1421 3496 aliquot
1450 3422 1728 3495 exempla
1757 3422 2082 3495 proferam.

428 3510 692 3567 Atribus
728 3511 984 3569 vocibus
1013 3511 1255 3568 initium
1300 3512 1547 3583 ducam,
1597 3511 1890 3584 φιλοσοφία,
1942 3509 2083 3582 φιλὸ-

433 3619 588 3673 σοφος
629 3604 688 3657 et
734 3598 1047 3674 φιλοσοφεῖν
1099 3616 1239 3674 qua;
1264 3617 1403 3656 cum
1437 3616 1499 3656 In
1541 3599 2085 3656 Constitutionibus

428 3704 587 3761 saepe
626 3689 1053 3763 adhibeantur,
1108 3706 1215 3746 eas
1261 3693 1466 3746 tamen
1525 3689 1794 3746 invenire
1834 3703 1958 3744 non
1997 3692 2087 3745 est

428 3794 693 3850 usquam
720 3779 783 3834 in
823 3779 1082 3850 Regulis.
1114 3779 1207 3837 Sic
1252 3778 1432 3850 igitur
1477 3777 1749 3851 loquitur
1788 3777 2085 3834 Constitu-

427 3866 661 3923 tionum
708 3872 919 3924 auctor
941 3868 1075 3940 ipso
1125 3867 1405 3940 prooemii
1445 3868 1541 3923 sui
1570 3866 1738 3923 initio
1772 3873 1921 3926 :‘Ttv
1950 3868 2085 3919 κατά

426 3959 660 4028 Χριστὸν
712 3956 1013 4029 φιλοσοφίαν
1080 3956 1461 4028 ἐπανελόμενος,
1516 3960 1609 4008 καί
1668 3964 1767 4009 τῶν
1812 3954 2084 4028 ίβιωτικῶν

428 4046 714 4118 ἐπιθυμιῶν
759 4064 813 4099 τε
837 4050 924 4098 καὶ
953 4042 1153 4105 ἡδονῶν
1196 4050 1288 4098 καὶ
1317 4041 1602 4117 φροντίδων
1653 4043 1898 4118 ἀνώτερον
1952 4046 2083 4117 ἄρας

428 4137 488 4187 τὸ
528 4139 785 4210 φρόνημα,
840 4140 951 4191 etc.
993 4134 1095 4191 Ea:
1123 4149 1239 4206 quo
1275 4133 1504 4191 Christi
1539 4134 1852 4203 amplexus
1879 4148 1936 4189 es
1948 4132 2087 4201 phi-

430 4224 783 4294 losophzam,
815 4231 871 4281 et
899 4239 1088 4293 supra
1109 4223 1479 4291 cupiditates
1508 4222 1852 4277 mundanas
1905 4228 2084 4293 atque

429 4314 768 4383 voluptates
793 4329 866 4372 ac
904 4329 1082 4371 curas
1125 4314 1395 4389 animum
1435 4312 1725 4381 extulisti,
1774 4316 1887 4368 etc.
1919 4313 2083 4385 Ejus-

425 4400 569 4457 dem
598 4402 729 4458 haec
759 4407 902 4459 sunt
931 4402 1116 4459 verba
1137 4401 1256 4458 alio
1284 4401 1417 4458 loco
1456 4412 1614 4473 (cap.
1639 4406 1694 4469 4,
1728 4418 1900 4457 num.
1935 4407 1988 4471 3,
2020 4418 2082 4475 p.

429 4494 587 4551 546):
615 4495 678 4543 Τί
719 4494 820 4565 γὰρ
874 4491 1095 4564 βελτιον,
1126 4491 1234 4545 εἰπὲ
1258 4511 1368 4564 μοι,
1405 4491 1703 4564 ιμιμεῖσθαι
1732 4500 1831 4544 τῶν
1860 4488 2088 4567 δένδρων

426 4582 493 4633 τὰ
544 4582 846 4654 εὔκαρποι...
901 4579 956 4642 ἐξ
997 4580 1243 4653 ἡμισείας
1287 4577 1346 4633 δε
1397 4586 1490 4638 τὴν
1532 4579 1835 4653 φιλοσοφίαν
1881 4582 2090 4653 ἐργάζε-

430 4665 573 4731 σθαι,
605 4662 759 4736 ψυχῇ
792 4667 944 4737 μόνῃ,
978 4662 1084 4716 ἀλλ’
1117 4664 1245 4736 οὐχὶ
1295 4670 1386 4717 καὶ
1430 4666 1504 4735 τῷ
1555 4670 1765 4737 σώματι
1794 4682 1807 4731 ;
1849 4667 2085 4733 Utrum,

429 4767 647 4826 quaeso,
678 4752 1084 4823 praestabilius
1105 4760 1211 4820 est,
1239 4753 1562 4811 arboresne
1592 4755 1931 4824 frugiferas
1963 4756 2090 4812 imi-

431 4844 621 4901 tari...
640 4848 817 4915 atque
827 4858 903 4900 ex
921 4842 1176 4898 dimidia
1189 4849 1425 4899 tantum
1444 4848 1641 4912 parte,
1664 4844 1790 4899 solo
1812 4844 2087 4901 videlicet

428 4933 630 4990 animo
659 4947 731 4989 ac
768 4948 908 5001 non,
932 4933 1108 4988 etiam
1142 4946 1394 5000 corpore
1414 4931 1818 5001 philosophia
1842 4947 2086 5002 operam

429 5022 578 5079 dare
606 5027 631 5077 .9
661 5021 884 5078 Eodem
916 5020 1017 5077 illo
1044 5021 1106 5077 in
1139 5019 1333 5092 capite
1367 5022 1445 5081 (n.
1479 5023 1532 5091 4)
1565 5019 1648 5076 sic
1682 5020 1886 5076 scribit
1907 5039 1920 5077 :
1944 5025 2085 5074 Tac)-

429 5131 523 5174 της
574 5115 674 5185 γὰρ
728 5120 822 5173 τῆς
882 5108 1165 5172 διαθέσεως
1216 5109 1265 5162 ἐν
1320 5108 1475 5182 ψυχῇ
1530 5114 1825 5182 γενομένης,
1887 5111 2007 5163 οὐὲν
2059 5113 2085 5164 ὁ

430 5205 663 5274 μετέχων
710 5210 806 5263 τῆς
847 5210 1059 5274 τροφῆς,
1110 5206 1203 5252 τοῦ
1249 5204 1320 5272 μὴ
1372 5203 1686 5272 μετέχοντος
1734 5195 1975 5273 δεύτερος
2014 5205 2086 5262 εἰς

431 5288 735 5363 φιλοσοφίαν
767 5298 1017 5362 φανεῖται.
1074 5290 1352 5361 Quisquis
1382 5289 1558 5355 enim,
1612 5289 1812 5344 animo
1855 5291 1939 5345 sic
1984 5291 2085 5369 ,af-

428 5380 610 5449 fecto,
627 5379 817 5434 cibum
848 5380 1048 5448 sumit,
1066 5380 1130 5434 in
1147 5379 1340 5434 nihilo
1369 5376 1672 5434 videbitur
1689 5377 1947 5446 inferior
1965 5395 2087 5437 non

430 5468 707 5534 sumenti,
741 5473 1037 5539 quantum
1058 5468 1275 5523 attinet
1298 5466 1381 5523 ad
1395 5465 1868 5536 philosophiam.
1895 5469 2087 5540 Caput

431 5553 734 5634 quintum,
765 5553 878 5613 etsi
903 5553 1353 5626 brevissimum,
1400 5552 1532 5626 ejus
1561 5552 1646 5621 rei
1677 5553 2088 5628 suppeditabit

2193 472 2253 529 δέ
2306 496 2358 528 τι
2410 472 2522 528 δέοι
2578 473 2672 528 διὰ
2727 481 2818 535 τήν
2876 474 3163 548 ἀναγκαίαν
3218 480 3405 551 χρείαν
3450 481 3542 528 καὶ
3593 478 3851 550 ὕπαιθρον

2192 569 2339 641 ἔργον
2386 565 2650 634 ἐπιτελεῖν,
2707 562 2832 619 οὐδὲ
2876 573 3030 618 τοῦτο
3059 567 3153 624 τὴν
3182 564 3487 638 φιλοσοφίαν
3515 565 3758 624 κωλύσει.
3781 566 3848 619 Ὁ

2190 659 2288 730 γὰρ
2330 654 2550 729 ἀκριϐὴς
2600 654 2898 728 φιλόσοφος.
2946 661 3337 731 φροντιστήριον
3392 657 3528 727 ἔχων
3578 659 3638 707 τὸ
3670 664 3846 729 σῶμα,

2191 749 2281 797 καὶ
2321 748 2630 816 καταγωγὴν
2672 753 2767 806 τῆς
2821 744 3008 817 ψυχῆς
3065 743 3292 817 ἀσφαλῆ,
3320 743 3414 795 κᾶν
3441 743 3521 796 ἐπ’
3553 743 3746 820 ἀγορᾶς
3777 747 3851 797 ὧν

2191 836 2357 907 τύχῃ,
2402 834 2498 886 κᾶν
2555 834 2605 886 ἐν
2648 838 2960 909 πανηγύρει,
2992 834 3085 887 κᾶν
3116 833 3166 886 ἐν
3191 836 3317 909 ὄρει,
3349 833 3445 886 κᾶν
3476 833 3525 887 ἐν
3558 833 3721 909 ἀγροῦ,
3750 835 3850 887 κᾶν

2195 924 2383 987 μεταξὺ
2443 923 2669 986 πλήθους
2736 924 2951 993 πολλοῦ,
3010 923 3059 976 ἐν
3125 932 3198 977 τῶ
3250 920 3454 996 φυσικῷ
3510 929 3852 997 μοναστηρίῳ

2191 1010 2531 1089 καθίδρυται,
2587 1009 2731 1066 ἔνδον
2786 1015 3022 1085 συνάγων
3069 1015 3157 1065 τὸν
3203 1021 3320 1066 νοῦν
3349 1019 3439 1066 καὶ
3469 1013 3852 1085 φιλοσοφῶντὰ

2194 1105 2334 1175 αυτ-ῳ
2362 1108 2641 1176 πρέποντα.
2665 1103 2846 1171 Quod
2872 1104 2926 1159 si
2952 1104 3281 1172 oportuerit
3330 1103 3402 1159 ob
3440 1103 3850 1160 inevitabilem

2193 1193 2520 1264 quamdam
2580 1194 2988 1250 necessitatem
3040 1207 3188 1263 opus
3231 1192 3482 1264 aliquod
3534 1194 3712 1250 etiam
3736 1192 3851 1248 sub

2193 1282 2293 1338 dio
2317 1283 2550 1351 perﬁci,
2589 1297 2666 1338 ne
2688 1283 2801 1338 hoc
2829 1282 3069 1353 quidem
3113 1281 3512 1352 philosophia:
3564 1287 3849 1351 futurum

2193 1378 2278 1428 est
2306 1372 2742 1442 impedimento.
2777 1372 2892 1440 Qui
2910 1372 3069 1428 enim
3091 1386 3228 1428 vere
3245 1372 3644 1442 philosophus
3662 1376 3770 1442 est,
3796 1372 3857 1429 ei

2194 1478 2329 1520 cum
2358 1476 2576 1532 corpus
2594 1462 2676 1517 sit
2709 1463 2838 1518 loco
2867 1461 3079 1518 scholae
3108 1466 3162 1518 et
3191 1461 3515 1532 gymnasii,
3545 1463 3739 1532 sitque
3767 1462 3850 1518 ei-

2194 1552 2327 1608 dem
2347 1551 2539 1607 animi
2561 1550 2725 1607 sedes
2744 1552 3088 1621 ﬁrmissima
3112 1566 3125 1606 :
3149 1551 3385 1607 etiamsi
3401 1551 3464 1606 in
3482 1550 3620 1620 foro
3633 1550 3850 1620 fuerit,

2193 1641 2316 1697 sive
2336 1645 2651 1707 conventu,
2683 1643 2806 1696 sive
2825 1640 2889 1695 in
2917 1644 3135 1706 monte,
3168 1640 3292 1696 sive
3314 1640 3378 1694 in
3417 1639 3614 1696 media
3649 1640 3851 1696 multi-

2195 1729 2423 1785 tudinis
2467 1730 2833 1801 frequentia,
2880 1743 2988 1786 ccu
3044 1730 3109 1784 in
3156 1729 3441 1785 naturali
3484 1730 3852 1785 monasterio

2194 1822 2602 1875 commoratur
2641 1835 2654 1873 :
2689 1819 2910 1889 quippe
2934 1818 3043 1889 qui
3062 1818 3225 1874 intus
3255 1819 3318 1874 in
3347 1832 3409 1873 se
3437 1818 3687 1887 colligat
3715 1819 3853 1874 ani-

2192 1924 2376 1977 mum,
2399 1914 2453 1966 et
2471 1909 2544 1965 de
2570 1909 2913 1979 rebus,quae
2931 1909 3044 1964 sibi
3068 1908 3448 1977 conveniant,
3469 1908 3855 1978 philosophe-

2195 2003 2314 2053 tur.
2345 1997 2635 2053 Ultimum
2681 1997 2886 2053 locum
2925 2012 3236 2053 accersam
3261 2012 3292 2052 e
3322 2010 3458 2068 cap.
3506 1999 3591 2064 18,
3618 1995 3726 2051 ubi
3765 1996 3853 2051 sic

2191 2087 2409 2157 legitur
2448 2090 2608 2160 (pag.
2660 2090 2783 2149 560)
2812 2104 2825 2139 :
2858 2082 3229 2159 Δεὸηλὼκαμεν
3278 2085 3485 2148 ὃπως...
3533 2081 3737 2137 δύναιτ’
3789 2084 3854 2137 ἂν

2193 2177 2319 2250 ἡμῖν
2345 2180 2433 2228 τὸν
2473 2175 2660 2251 ἀκριϐῆ
2689 2181 3095 2251 χαρακτηρίσαι
3125 2175 3428 2248 φιλόσοφον,
3467 2175 3855 2246 exposuimus

2193 2264 2551 2336 quomodo...
2569 2264 2994 2334 philosophum
3013 2265 3348 2334 perfectum
3373 2263 3543 2319 nobis
3563 2265 3857 2333 emprime-
3912 2252 3918 2256 ’

2192 2369 2259 2411 re
2285 2356 2490 2431 possit.
2521 2357 2603 2409 Ex
2629 2353 2856 2426 quibus
2876 2352 3140 2426 perspici
3161 2357 3380 2425 potest,
3403 2368 3527 2425 eas,
3549 2368 3706 2425 quas
3727 2352 3855 2409 dixi

2192 2460 2373 2500 voces
2401 2443 2914 2500 Constitutionum
2948 2444 3178 2499 auctori
3202 2458 3329 2499 non
3349 2459 3568 2517 parum
3598 2442 3852 2499 familia-

2191 2548 2287 2590 res
2324 2533 2509 2588 fuisse
2542 2550 2555 2589 :
2592 2548 2730 2605 quae
2764 2537 2970 2588 tamen
3009 2531 3377 2602 Regularum
3415 2532 3713 2605 scriptori,
3750 2547 3853 2589 res

2192 2621 2443 2678 easdem
2463 2627 2520 2679 et
2539 2621 2760 2677 dicenti
2780 2626 2838 2678 et
2861 2622 3207 2694 exponenti,
3227 2626 3330 2677 aut
3353 2621 3416 2677 in
3436 2625 3698 2678 mentem
3724 2636 3854 2679 non

2190 2716 2489 2767 venerunt
2507 2716 2633 2781 aut,
2658 2712 2707 2767 si
2727 2711 3000 2767 venerint
3014 2711 3160 2783 ipsis
3174 2715 3376 2768 tamen
3396 2710 3483 2767 uti
3502 2710 3715 2769 noluit.
3729 2713 3853 2767 Hoc

2191 2799 2376 2868 idem,
2399 2800 2567 2874 quod
2587 2800 2766 2857 nobis
2794 2799 3255 2872 proposuimus,
3289 2800 3409 2856 alia
3465 2800 3563 2857 via
3603 2801 3856 2873 exsequi

2194 2905 2502 2946 conemur.
2526 2889 2678 2945 Illud
2699 2889 2880 2961 igitur
2903 2889 3265 2955 notandum,
3292 2889 3550 2946 verbum
3580 2891 3854 2943 ποιεῖσθαι

2192 2979 2276 3035 ita
2292 2978 2357 3034 in
2377 2978 2921 3037 Constitutionibus
2954 2978 3260 3051 usurpari,
3282 2982 3349 3035 ut
3376 2978 3529 3052 ipsis
3552 2980 3732 3035 etiam
3766 2978 3855 3035 lo-

2194 3068 2300 3134 cis,
2331 3068 2437 3125 ubi
2461 3069 2735 3140 thmpore
2754 3066 3003 3140 passivo
3022 3068 3290 3141 ponitur,
3312 3073 3519 3124 tamen
3550 3067 3855 3139 signiﬁca-

2192 3157 2419 3214 tionem
2440 3158 2699 3213 activam
2720 3157 3142 3215 retineat.‘Res
3177 3157 3397 3214 clarior
3431 3157 3501 3213 ﬁt
3536 3156 3851 3229 exemplis.

2195 3247 2282 3302 Ita
2310 3261 2455 3317 ergo
2483 3245 2700 3316 legitur
2722 3245 2784 3301 in
2813 3245 2953 3317 ipso
2975 3245 3485 3302 Constitutionum
3510 3244 3808 3318 prommio
3834 3261 3850 3301 :

2195 3335 2447 3398 Πολλάκις
2474 3338 2563 3409 μὲν
2588 3339 2718 3408 πρὸς
2742 3333 2880 3408 ᾑμᾶς
2910 3334 3127 3397 πολλοὺς
3157 3339 3445 3394 πεποίησαι
3488 3334 3693 3407 λόγους,
3724 3354 3853 3387 πυν-

2195 3424 2466 3496 θανόμενος
2495 3427 2611 3476 τίνα
2635 3427 2825 3498 τρόπον
2857 3419 2969 3475 δέοι
2997 3428 3091 3481 τήν
3121 3430 3212 3475 τοῦ
3244 3426 3442 3495 ἀγῶνος
3480 3425 3725 3476 ἔνστασιν
3769 3441 3854 3484 τεν

2190 3512 2427 3567 λειῶσαι.
2449 3513 2585 3569 Νοη
2611 3526 2755 3569 raro
2777 3511 3083 3568 nobiscum
3102 3512 3370 3569 habuisti
3386 3526 3735 3579 sermonem,
3775 3526 3852 3568 ac

2188 3607 2580 3671 percontatus
2609 3616 2689 3669 es,
2722 3601 3015 3672 quomodo
3043 3606 3375 3670 susceptum
3411 3607 3713 3657 certamen
3745 3600 3855 3657 ab-

2191 3692 2346 3747 solvi
2368 3696 2661 3761 oporteat.
2707 3688 3035 3762 Aliquanto
3081 3693 3221 3762 post
3266 3694 3476 3746 auctor
3511 3689 3596 3745 ita
3642 3688 3855 3746 scribit

2193 3779 2351 3853 (cap.
2382 3784 2434 3848 4,
2466 3795 2608 3853 pag.
2641 3782 2763 3840 548)
2788 3796 2801 3834 :
2832 3777 2925 3840 Ἀς
2966 3782 3097 3853 πρὸς
3126 3782 3213 3830 τὸν
3243 3782 3441 3853 πατέρα
3469 3788 3563 3841 τῆς
3589 3779 3852 3852 ἁμαρτίας

2193 3873 2281 3921 τὸν
2307 3866 2548 3921 διάϐολον
2577 3869 2918 3940 πεποιήμεθα,
2936 3882 3084 3938 quas
3110 3867 3548 3940 [obligationes]
3570 3884 3703 3924 cum
3714 3883 3857 3938 pec-

2192 3959 2316 4014 cati
2351 3962 2610 4026 parente
2651 3956 2892 4013 diabolo
2921 3957 3353 4013 contraximus.
3387 3956 3612 4012 Eodem
3658 3956 3760 4012 illo
3788 3955 3855 4013 in

2192 4047 2389 4117 capite
2418 4045 2501 4101 ita
2524 4045 2815 4118 scriptum
2845 4045 3153 4101 invenitur
3182 4048 3348 4118 (pag.
3381 4048 3511 4111 549)
3542 4064 3556 4110 ;
3584 4045 3737 4098 Οὒτω
3758 4048 3857 4108 τὰς

2193 4131 2379 4208 ἀρετὰς
2408 4143 2503 4196 τῆς
2532 4133 2718 4205 ψυχῆς
2748 4142 2809 4207 τῇ
2846 4138 3094 4208 συνεργία
3139 4142 3231 4187 τοῦ
3282 4140 3522 4207 σώματος
3550 4132 3853 4209 ἀπελάμπρ-

2190 4242 2335 4290 υναν,
2383 4226 2471 4275 τὸν
2526 4226 2811 4297 πρακτικὸν
2843 4222 2959 4296 βίον
3014 4219 3283 4296 σφραγῖδα
3311 4228 3401 4276 καὶ
3446 4222 3709 4276 τελείωσιν
3755 4232 3856 4286 τῆς

2191 4320 2545 4384 πνευματικῆς
2570 4311 2833 4374 πολιτείας
2858 4316 3214 4384 πεποιημένοι.
3241 4312 3338 4368 Sic
3377 4312 3565 4368 animi
3599 4312 3856 4368 virtutes

2194 4402 2462 4471 corporis
2476 4416 2584 4471 ope
2597 4403 3014 4469 illustrarunt,
3038 4408 3344 4458 actuosam
3361 4402 3545 4458 vitam
3563 4416 3669 4457 ceu
3683 4401 3856 4472 sigil-

2200 4492 2320 4547 lum
2344 4496 2525 4562 atque
2533 4492 2757 4561 perfect
2765 4492 2955 4546 ionem
2972 4490 3312 4560 spiritualis
3326 4492 3460 4547 vitae
3467 4495 3849 4559 praestantes.

2199 4582 2422 4635 Horum
2444 4579 2661 4636 similia
2681 4584 2820 4635 sunt
2838 4595 2974 4651 quae
2994 4579 3275 4650 leguntur
3296 4594 3433 4651 cap.
3450 4582 3519 4634 20
3539 4584 3730 4638 (num.
3753 4579 3811 4651 2)
3834 4597 3850 4636 :

2197 4673 2315 4729 Τοῖς
2364 4671 2454 4740 μεν
2502 4663 2591 4720 οὖν
2642 4672 2943 4738 συγγενέσιν
2994 4666 3274 4740 εὐχώμεθα
3324 4670 3392 4720 τὰ
3431 4665 3707 4739 βέλτιστα,
3766 4663 3851 4720 δι-

2197 4758 2498 4823 καιοσύνην,
2525 4760 2677 4828 φημὶ,
2709 4760 2799 4808 καὶ
2830 4754 3112 4821 εὐσέϐειαν,
3151 4760 3241 4808 καὶ
3287 4762 3474 4821 ταῦτα,
3513 4755 3641 4828 οἷπερ
3697 4759 3851 4826 ἡμεῖς

2195 4849 2348 4917 τίμια
2376 4846 2725 4917 πεποιήμεθα.
2764 4845 3085 4902 Precemur
3112 4846 3318 4917 itaque
3357 4847 3585 4914 optima
3631 4858 3854 4914 cogna-

2195 4934 2271 4988 tis
2300 4935 2539 4999 uostris,
2562 4934 2890 5003 justitiam,
2919 4935 3190 5005 inquam,
3219 4941 3272 4990 et
3290 4933 3594 5002 pietatem,
3621 4938 3677 4989 et
3717 4947 3855 5004 quae

2194 5038 2299 5078 nos
2326 5024 2538 5094 magni
2559 5023 2831 5093 fecimus.
2855 5025 2970 5079 Nec
2991 5023 3393 5095 diversa,quaa
3416 5037 3559 5078 mox
3579 5037 3852 5093 sequun-

2193 5115 2289 5168 tur
2317 5112 2471 5184 (cap.
2505 5116 2595 5176 2i,
2626 5128 2688 5168 n.
2713 5117 2807 5183 2):
2842 5111 2917 5164 Οὐ
2961 5114 3062 5184 γὰρ
3112 5110 3197 5163 ἐπι
3243 5117 3402 5184 κακίᾳ
3443 5116 3530 5169 τὴν
3579 5130 3852 5163 κοινωνιαν

2192 5205 2522 5273 πεποίηνται,
2550 5202 2857 5273 ξείᾳαίιίεγη
2904 5217 3026 5257 ηοη
3075 5195 3236 5257 malo
3285 5201 3530 5257 consilio
3572 5200 3854 5270 pepigere

2193 5292 2552 5347 societatem.
2611 5292 2810 5347 Notari
2864 5293 3060 5362 potest
3124 5294 3184 5345 et
3235 5288 3384 5345 illud
3441 5291 3598 5361 (cap.
3631 5292 3721 5354 2'2,
3780 5304 3846 5359 p.

2197 5382 2317 5444 571)
2385 5396 2397 5434 :
2456 5378 2531 5441 Οὐ
2593 5381 2693 5451 γὰρ
2765 5379 2962 5430 οἴκοθεν
3028 5378 3295 5449 ὀρμηθεις,
3366 5375 3474 5429 ἀλλ’
3530 5375 3620 5428 ἀπ’
3673 5378 3848 5429 αὐτῶν

2196 5475 2294 5519 τῶν
2355 5470 2500 5520 θείων
2554 5472 2804 5540 Γραφῶην
2869 5464 3027 5518 ταῦτν
3084 5470 3172 5523 τὴν
3226 5462 3460 5518 εἶκασίαν
3518 5469 3846 5538 πεποίημαι.

2194 5557 2330 5614 Νοη
2368 5557 2522 5615 enim
2548 5558 2800 5626 proprio
2825 5560 3038 5624 marte,
3086 5553 3190 5611 sed
3243 5555 3388 5627 ipsis
3418 5554 3638 5612 divinis
3672 5553 3844 5611 Scri-
