4058 6192
238 177 295 231 93
1749 174 2137 233 PREFATIO.
3582 170 3653 227 94

234 298 412 372 pluris
452 297 774 356 —inductus
834 298 991 358 hanc
1051 300 1304 357 adhibui
1364 301 1895 371 comparationem.
1932 303 1972 356 A
2010 305 2235 358 terram
2262 302 2505 372 publica
2534 305 2852 359 conventu.
2882 298 3057 356 Plura
3092 295 3372 369 ejusdem
3417 292 3654 363 generis

234 387 386 444 Hanc
413 391 625 444 autem
653 388 954 461 loquendi
975 373 1274 446 rationem
1306 406 1432 463 qua
1466 390 1719 447 verbum
1752 396 1892 443 ποεῖ-

236 480 343 529 σθαι
366 480 651 549 tempore
700 478 950 549 passivo
974 474 1243 551 p0situm
1289 480 1551 535 activam
1595 479 1895 549 signiﬁca-

234 566 443 623 tionem
466 565 682 635 habet,
699 567 810 639 qui
832 567 895 622 in
914 568 1153 637 Regulis
1174 572 1423 641 qumret,
1437 584 1576 624 eum
1595 584 1728 638 ego,
1752 584 1893 624 cum

233 655 300 713 ab
317 671 535 712 earum
553 656 822 713 lectione
844 672 1055 713 recens
1079 657 1216 727 sim,
1242 658 1465 714 frustra
1488 658 1893 730 quaesiturum

231 744 526 802 aﬂirmare
542 760 730 818 posse
751 744 982 802 videor.
1008 749 1076 802 Et
1096 747 1290 803 sicubi
1320 763 1438 803 vox
1464 732 1894 819 πεποιημένοςῖη

228 834 457 904 Regalis
476 833 771 902 occurrit,
788 835 874 891 uti
896 834 1100 908 reipsa
1120 837 1181 891 in
1205 835 1419 907 regula
1444 840 1544 892 128
1567 834 1894 900 invenitur,

224 925 353 980 tunc
373 924 899 995 signiﬁcationem
920 927 1231 999 passivam
1246 926 1506 999 praefert.
1530 931 1684 987 loco
1706 926 1890 991 enim,

221 1029 395 1087 quem
420 1014 648 1072 notavi
665 1014 824 1085 loco,
865 1015 953 1071 ita
979 1015 1273 1088 scriptum
1296 1020 1383 1072 est
1415 1034 1427 1073 :
1461 1020 1530 1070 Τό
1560 1015 1803 1091 ἐρώτημα
1832 1015 1892 1067 ού

216 1108 396 1175 ινρίως
454 1108 705 1176 φαίνεταί
751 1124 842 1177 μοι
898 1108 1259 1177 πεποιημένον.
1304 1105 1540 1174 Questio
1596 1105 1723 1162 htrc
1771 1120 1891 1161 non

220 1193 364 1248 mihi
405 1194 534 1249 rite
576 1194 900 1263 proposita
938 1194 1194 1250 videtur.
1228 1194 1604 1251 Conﬁrmare
1639 1208 1890 1266 pergam

203 1281 364 1354 quod
393 1281 557 1338 mihi
586 1282 915 1355 proposui,
940 1281 1061 1339 hoc
1098 1286 1460 1353 argumento
1485 1300 1499 1340 :
1530 1282 1636 1356 qui
1666 1281 1890 1339 Consti-

204 1370 510 1427 tutionum
533 1375 751 1427 auctor
767 1374 881 1440 est,
897 1386 1039 1427 cum
1058 1371 1409 1429 monasterii
1426 1372 1782 1445 praefectum
1802 1373 1887 1429 in-

201 1459 405 1516 dicare
440 1459 605 1529 vult,
632 1460 865 1533 passim
910 1460 1006 1516 his
1042 1460 1297 1518 vocibus
1335 1461 1547 1531 utitur,
1576 1465 1884 1536 ἡγούμενος,

204 1550 595 1623 ἀφηγούμενος,
629 1552 1041 1623 καθηγούμενος,
1066 1551 1446 1625 ὑφηγούμενος·
1470 1552 1646 1623 cujus
1670 1553 1755 1609 rei
1785 1551 1885 1609 ali-

2008 390 2148 457 alia,
2189 392 2239 447 si
2291 392 2527 463 vellem,
2587 391 2920 462 adjungere
2979 403 3225 461 possem
3272 403 3286 442 :
3344 383 3453 440 sed
3511 399 3654 440 cum

2004 486 2222 538 caetera
2250 481 2312 536 in
2342 482 2479 554 ipso
2509 481 2674 538 fonte
2712 481 2914 535 videre
2962 478 3182 549 cuique
3226 476 3421 541 liceat,
3450 474 3511 530 in
3558 472 3653 529 his

2001 569 2228 626 diutius
2256 570 2573 631 immorari
2602 569 2768 625 nolui
2801 586 2814 624 :
2855 584 2927 623 eo
2955 567 3173 640 magis,
3205 566 3375 639 quod
3417 580 3489 621 ea
3516 579 3655 636 qum

2000 660 2200 732 retuli,
2260 662 2406 717 satis
2462 676 2763 735 superque
2821 658 3079 733 probent
3143 654 3655 714 Constitutionum

2002 755 2311 808 auctorem
2332 752 2425 815 iis,
2444 768 2598 824 quas
2617 750 2763 821 dixi,
2788 750 3040 806 vocibus
3057 747 3452 804 libentissime
3473 760 3655 801 usum

2001 839 2216 912 fuisse,
2251 841 2477 913 quibus
2520 846 2724 896 tamen
2781 839 3147 909 Regularum
3196 836 3466 906 scriptor,
3512 848 3653 890 cum

2001 930 2356 986 monasterii
2402 929 2754 1002 praefectum
2803 928 3091 983 denotare
3143 925 3292 992 vult,
3333 938 3652 995 nunquam

2001 1018 2206 1075 utitur.
2242 1019 2335 1075 Ab
2353 1019 2448 1075 his
2478 1035 2601 1076 non
2632 1020 2715 1075 ita
2736 1018 2993 1074 multum
3022 1016 3372 1088 discrepant
3396 1028 3533 1086 quae
3556 1027 3653 1068 as-

2001 1107 2253 1165 cribam.
2282 1110 2431 1165 Cum
2459 1124 2602 1179 ergo
2632 1107 3138 1165 Constitutionum
3179 1104 3403 1160 librum
3432 1105 3653 1158 attente

1997 1195 2281 1269 legerem,
2308 1197 2369 1253 in
2391 1197 2485 1253 his
2508 1196 2910 1253 animadverti
2930 1210 3142 1251 vocem
3171 1197 3420 1266 σύστημα
3446 1190 3652 1264 saepis-

2000 1286 2150 1342 sime
2182 1286 2464 1358 usurpari
2494 1286 2572 1342 ad
2609 1285 3077 1356 signiﬁcandam
3118 1283 3374 1339 fratrum
3401 1280 3653 1338 societa-

1998 1380 2164 1433 tem:
2214 1376 2381 1449 quod
2428 1392 2558 1432 esse
2603 1377 2707 1445 ita,
2741 1380 2806 1432 ut
2849 1374 2996 1445 dixi,
3028 1372 3347 1429 ostendent
3391 1386 3463 1427 ea
3512 1385 3651 1443 qua:

1998 1465 2306 1538 proferam
2332 1465 2631 1538 exempla.
2667 1466 2875 1522 Statim
2906 1463 3167 1521 occurrit
3185 1460 3354 1528 illud,
3376 1459 3545 1533 quod
3570 1458 3652 1516 1e-

1996 1554 2157 1624 gitur
2206 1554 2377 1611 initio
2431 1554 2646 1627 capitis
2709 1558 2815 1610 l8:
2880 1554 3019 1607 Ἐπεὶ
3059 1549 3118 1605 δὲ
3166 1553 3214 1604 οἱ
3265 1549 3498 1604 πλεῖστοι
3548 1556 3648 1600 τῶν

202 1644 351 1712 quot
375 1639 677 1713 exempla
705 1656 844 1696 meo
865 1656 1034 1697 more
1060 1641 1402 1713 subjiciam.
1428 1644 1512 1698 lta
1536 1641 1719 1713 igitur
1739 1642 1880 1699 scri-

1997 1644 2239 1703 ἁσκητῶν
2272 1648 2407 1697 κατὰ
2457 1650 2776 1718 συστήματα
2818 1644 3194 1709 πολιτεύονται,
3240 1644 3349 1698 etc.
3382 1640 3462 1695 Αἰ
3510 1652 3651 1710 quo-

204 1729 286 1784 hit
304 1743 453 1801 cap.
476 1732 553 1784 22
601 1730 794 1799 (num.
819 1733 873 1797 2,
917 1745 981 1802 p.
1024 1730 1150 1801 5'70)
1182 1748 1196 1787 :
1229 1735 1331 1784 Καὶ
1356 1728 1548 1804 μηδεὶς
1588 1731 1775 1785 οἰέσθω
1800 1752 1881 1805 με,

205 1820 488 1891 κρατύνειν
535 1816 775 1871 ἕθέλοντα
798 1822 894 1878 τήν
923 1824 1043 1893 περὶ
1072 1823 1191 1882 τοὺς
1218 1822 1539 1893 ἡγουμένους
1580 1821 1881 1887 εὐπείθειαν,

203 1910 483 1980 ὑπέρογκα
510 1909 772 1981 παράγειν
792 1909 858 1960 τὰ
886 1904 1272 1981 ὑποδειγματα.
1297 1910 1500 1982 Neque
1525 1925 1663 1968 vero
1691 1911 1886 1967 existi-

208 2003 323 2053 met
360 1998 720 2070 quisquam,
748 2012 860 2064 me,
888 1996 1283 2055 obedientiam
1308 2000 1607 2071 pra’fectis
1626 2000 1883 2058 debitam

203 2087 494 2143 stabilire
536 2087 854 2153 colentem,
885 2088 1157 2158 exempla
1197 2088 1552 2145 sublimiora
1588 2090 1885 2159 proferre.

201 2176 383 2233 Haud
417 2176 612 2246 longe
640 2175 727 2232 ita
754 2186 971 2232 rursUs
1015 2176 1282 2250 loquitur
1311 2180 1508 2249 (num.
1541 2182 1595 2249 4,
1625 2196 1686 2252 p.
1715 2179 1840 2251 573)
1871 2196 1884 2235 :

198 2269 415 2324 ’ταύτην
462 2270 561 2323 τήν
592 2265 876 2318 εὐπείθειαν
904 2265 1202 2320 ἀπαιτεῖται
1233 2267 1259 2319 ό
1305 2269 1440 2320 κατὰ
1483 2271 1610 2321 Θεὸν
1651 2267 1886 2331 ἀσκητὴς

198 2376 270 2428 τῳ
298 2358 594 2428 ἡγουμένῳ
615 2355 972 2428 εἰσφέρεσθαι.
997 2356 1290 2428 Erigitur
1324 2358 1402 2415 ab
1427 2373 1513 2428 eo,
1541 2360 1651 2431 qui
1674 2374 1886 2416 secun-

195 2447 343 2502 dum
373 2448 582 2502 Deum
611 2451 818 2502 asceta
844 2452 951 2514 est,
983 2452 1051 2502 ut
1079 2462 1185 2503 suo
1212 2448 1499 2518 praefecto
1527 2448 1688 2505 hanc
1704 2463 1888 2520 praes-

201 2542 281 2594 tet
312 2534 761 2593 obedientiam.
814 2538 880 2591 In
926 2536 1123 2608 capite
1150 2537 1440 2594 vicesimo
1467 2537 1665 2611 primo
1694 2541 1883 2602 (num.

199 2630 257 2685 4.
298 2641 456 2699 pag.
487 2630 624 2685 569)
652 2624 736 2681 ita
761 2626 1054 2698 scriptum
1078 2631 1166 2683 est
1192 2643 1206 2683 :
1238 2626 1361 2679 Ὀτι
1392 2624 1428 2680 δ
1431 2636 1452 2680 ε
1481 2628 1507 2680 ό
1535 2627 1887 2702 ἀφηγούμενος

202 2716 297 2768 οὐκ
348 2715 419 2766 ἂν
460 2715 638 2768 ἕλοιτο
695 2718 784 2767 τόν
829 2715 971 2787 αύτῳ
1009 2717 1424 2790 μαθητευόμενον
1466 2720 1597 2792 πρός
1638 2722 1886 2794 πονηρίαν

201 2805 610 2877 Eur/cyth..."
638 2804 823 2870 οὕτως,
850 2810 893 2857 εί
914 2801 1078 2871 δοκεῖ,
1114 2804 1448 2879 σκεψώμεθα.
1483 2806 1652 2874 Quod
1689 2814 1886 2864 autem

194 2902 557 2968 praceptor
584 2895 957 2964 discipulum
988 2910 1160 2951 suum
1200 2895 1283 2952 ad
1314 2896 1679 2965 pravitatem
1712 2898 1886 2953 indu-

1993 1737 2157 1793 niam
2190 1732 2514 1793 versanti/2'
2540 1735 2722 1792 simul
2752 1736 2815 1790 in
2838 1733 3262 1791 communitate
3279 1729 3538 1801 plurimi
3562 1742 3651 1784 as-

1995 1830 2283 1893 cetarum,
2315 1829 2428 1880 etc.
2456 1823 2579 1881 Sub
2599 1823 2785 1879 ﬁnem
2813 1822 3021 1896 capitis
3053 1826 3115 1876 21
3142 1820 3223 1877 ita
3242 1820 3460 1889 legitur
3480 1819 3647 1889 (pag.

1996 1919 2115 1975 570)
2153 1932 2166 1970 :
2215 1915 2428 1968 ⁴ΙΑττασα
2462 1919 2631 1967 τοίνυν
2679 1917 2940 1989 πρόφασις
2987 1911 3192 1983 εὔλογος
3230 1906 3302 1982 τῷ
3353 1907 3648 1981 βουλομένῳ

1994 2004 2326 2080 χωρίζεσθαι
2371 2010 2722 2077 πνευματικοῦ
2773 2007 3110 2074 συστήματος
3152 2004 3488 2074 περιῄρηται,
3534 1999 3645 2052 etc.

1995 2096 2211 2167 Itaque
2234 2109 2440 2165 (equus
2470 2094 2661 2150 omnis
2676 2097 3013 2163 prwtextus
3033 2090 3307 2147 sublatus
3328 2092 3414 2144 est
3440 2086 3514 2154 ei,
3546 2085 3655 2157 qui

1995 2185 2130 2241 vult
2154 2198 2191 2240 a
2215 2184 2528 2254 spirituali
2550 2184 2833 2240 societate
2858 2180 3156 2252 separari,
3183 2182 3294 2234 etc.
3319 2177 3412 2232 Sic
3441 2178 3648 2231 autem

1994 2273 2205 2345 incipit
2229 2277 2411 2345 caput
2438 2276 2546 2328 22:
2597 2271 2774 2334 ⁴Οπως
2803 2274 2891 2345 μὲν
2940 2267 3027 2323 οὖν
3073 2273 3330 2344 προσήκει
3375 2268 3462 2318 τὸν
3506 2263 3647 2326 ἅπαξ

1996 2364 2242 2416 ὶνωθέντα
2286 2381 2618 2435 πνευματικῳ
2660 2366 2982 2433 συστήματι,
3026 2357 3295 2431 φυλάττειν
3340 2360 3434 2414 τήν
3464 2357 3645 2407 ἕνωσιν

1998 2448 2297 2519 ἀδιάλυτον,
2325 2455 2459 2504 κατὰ
2481 2455 2540 2504 τό
2573 2450 2678 2503 ἐνόν
2705 2452 3011 2523 ὑπεθέμεθα.
3065 2447 3364 2516 Quomodo
3410 2443 3646 2516 quidem

1996 2541 2431 2598 indissolubilis
2474 2540 2816 2611 conjunctio
2845 2540 2921 2597 ab
2958 2553 3043 2607 eo,
3083 2538 3189 2609 qui
3213 2533 3526 2606 spirituali
3558 2547 3647 2588 so-

1994 2631 2192 2687 cietati
2214 2631 2396 2687 semel
2414 2630 2789 2700 adjunxerit,
2804 2628 3101 2685 servanda
3118 2628 3214 2695 sit,
3233 2624 3430 2696 quoad
3451 2621 3649 2693 potui-

1994 2735 2148 2788 mus,
2177 2720 2561 2776 ostendzmus.
2587 2718 2813 2775 Eodem
2833 2717 2936 2774 illo
2962 2717 3025 2773 in
3054 2716 3247 2788 capite
3271 2715 3466 2787 (num.
3500 2716 3552 2780 5,
3581 2727 3644 2784 p.

1997 2808 2121 2878 573)
2150 2823 2359 2863 rursus
2389 2807 2473 2863 ita
2504 2808 2799 2880 scriptum
2830 2809 2919 2863 est
2953 2823 2966 2861 :
3013 2808 3220 2867 Ταύτης
3248 2805 3349 2878 γὰρ
3374 2810 3477 2863 τῆς
3516 2820 3649 2873 συμ-

1997 2901 2185 2969 φωνίας
2211 2895 2259 2948 ἐν
2282 2895 2553 2956 ἁσκητικῶ
2586 2902 2889 2969 συστήματι
2917 2896 3277 2959 καθεστώσης,
3305 2887 3506 2966 ρᾳδίως
3533 2893 3565 2948 ἣ
3591 2907 3646 2941 τε

201 3000 340 3042 cere
360 2999 495 3040 non
520 2984 757 3040 ναίει...
786 2982 892 3040 hoc
912 2983 1108 3055 modo,
1130 2985 1184 3040 si
1192 2985 1409 3055 ~placet
1431 2985 1880 3043 consideremus.

1996 2986 2172 3060 εἰρήνη
2206 2984 2254 3037 ἓν
2284 2986 2461 3047 αὐτοῖς
2492 2985 2872 3051 πολιτεύσεται,
2905 2988 3016 3040 etc.
3048 2984 3255 3039 Stante
3279 2981 3433 3037 enim
3464 2979 3527 3035 in
3556 2993 3648 3034 as-

200 3075 338 3130 Alio
404 3073 554 3129 loco
606 3072 692 3128 ita
742 3072 1035 3146 scriptum
1087 3072 1435 3129 invenimus
1482 3086 1646 3148 (cap.
1701 3079 1788 3146 22,
1822 3090 1883 3147 p.

203 3166 337 3219 573)
366 3179 383 3217 :
414 3157 558 3215 Οἵδε
584 3162 691 3235 γὰρ
722 3162 749 3213 ὁ
785 3179 846 3233 γε
897 3169 1120 3224 συνετῶς
1148 3160 1505 3235 ἀφηγούμενος
1534 3162 1756 3215 ἑκάστου
1794 3168 1885 3215 καὶ

200 3254 331 3315 ἤθη,
366 3257 464 3303 καὶ
510 3251 684 3319 πάθη,
728 3254 819 3302 καὶ
859 3249 1099 3322 ψυχικὰς
1139 3252 1303 3326 ὁρμὰς
1352 3249 1578 3326 ἀκριϐῶς
1608 3251 1881 3315 ἐξετάζειν.

198 3341 390 3398 Novit
416 3341 583 3397 enim
623 3340 733 3411 qui
754 3339 1090 3408 prudenter
1116 3346 1361 3410 praeest,
1392 3342 1571 3396 unius
1596 3343 1888 3412 cujusque

198 3438 255 3488 et
284 3445 520 3493 mores,
553 3433 613 3485 et
641 3429 893 3498 affectus
921 3434 976 3485 et
1006 3430 1199 3485 animi
1221 3436 1417 3487 motus
1446 3430 1772 3501 diligenter
1791 3446 1887 3487 ear

202 3521 476 3592 quirere.
513 3520 711 3591 Atque
751 3517 936 3574 etiam
961 3533 1177 3575 vocem
1206 3521 1594 3592 καθηγούμενος
1624 3519 1687 3575 in
1719 3535 1883 3576 eam-

201 3610 350 3667 dem
381 3605 763 3677 sententiam
794 3605 1070 3664 adhiberi
1100 3612 1339 3665 constat
1369 3624 1441 3663 ex
1468 3608 1563 3664 his
1583 3624 1721 3680 quae
1740 3625 1885 3665 mox

203 3699 603 3769 subjungam
633 3694 836 3751 verbis
866 3696 1026 3767 (cap.
1063 3700 1146 3767 19,
1175 3712 1236 3769 p.
1270 3701 1394 3766 568)
1428 3713 1441 3753 :
1478 3696 1655 3749 Πολλῶ
1692 3696 1881 3770 μᾶλλον

198 3792 247 3840 οἱ
294 3790 433 3859 πρὸς
466 3788 559 3843 τήν
609 3785 843 3857 μάθησιν
892 3792 987 3845 τῆς
1044 3783 1304 3848 εὐσεϐείας
1327 3790 1418 3838 καὶ
1463 3794 1558 3848 τῆς
1607 3785 1880 3848 ὁσιότητος

200 3877 600 3949 ἀφικνούμενοι,
635 3872 775 3936 ἅπαξ
815 3878 1117 3935 πεπεικότες
1166 3874 1401 3943 ἑαυτοὺς,
1436 3876 1518 3927 ὅτι
1559 3871 1881 3933 δυνήσονται

199 3968 348 4041 παρὰ
380 3971 484 4017 τοῦ
526 3964 926 4035 καθηγουμένου
953 3968 1049 4020 τήν
1083 3966 1334 4021 τοιαύτην
1367 3962 1657 4037 ἐπιστήμην
1684 3963 1877 4031 λαϐεῖν,

198 4061 316 4111 etc.
349 4053 560 4110 Multo
598 4052 794 4122 magis
819 4052 927 4124 qui
952 4052 1035 4108 ad
1061 4052 1411 4109 discendam
1435 4054 1679 4123 pietatis
1708 4068 1880 4110 sanc-

200 4145 527 4215 titatisque
575 4141 968 4211 disciplinam
1009 4141 1326 4208 accedunt,
1378 4141 1483 4198 ubi
1523 4143 1702 4210 semel
1747 4158 1879 4213 per-

198 4234 519 4289 suaserint
545 4230 686 4298 sibi,
726 4245 788 4287 se
824 4231 1117 4301 ejusmodi
1153 4232 1465 4288 scientiam
1506 4248 1542 4288 a
1586 4232 1877 4302 praefecto

1996 3080 2264 3132 cetarum
2313 3081 2611 3132 conventu
2664 3074 2780 3131 hac
2822 3074 3203 3130 voluntatum
3242 3068 3643 3133 consensione,

1992 3166 2168 3221 nullo
2192 3165 2427 3236 negotio
2456 3170 2513 3221 et
2534 3179 2657 3233 pax
2689 3166 2847 3220 inter
2873 3165 3028 3233 ipsos
3066 3159 3491 3228 diversabitur,
3530 3160 3642 3213 etc.

1994 3256 2110 3310 Nec
2134 3253 2219 3310 ita
2247 3253 2438 3311 multo
2467 3253 2622 3311 intra
2650 3254 2735 3311 sic
2760 3253 2977 3325 legitur
3001 3257 3162 3325 (cap.
3194 3255 3286 3319 25,
3317 3265 3381 3306 n.
3409 3249 3460 3320 1)
3482 3289 3495 3303 .
3544 3249 3645 3299 Καὶ

1994 3350 2085 3395 τοῦ
2141 3347 2251 3395 οναὶ
2291 3343 2606 3417 κληρονόμος
2648 3348 2847 3417 γίνεται
2899 3345 2925 3396 ό
2966 3342 3013 3395 ἐν
3046 3347 3345 3413 συστήματι
3372 3336 3645 3407 ἁσκητικῳ

1993 3434 2238 3493 τοιαύτας
2286 3432 2459 3494 αἰτίας
2505 3442 2749 3505 ταραχῆς
2779 3428 3038 3497 ἐνδιδούς,
3068 3437 3123 3488 et
3162 3430 3319 3487 vocis
3354 3427 3524 3483 illius
3550 3441 3643 3480 τω

1994 3520 2182 3577 haeres
2213 3521 2410 3578 evadit
2441 3522 2508 3585 is,
2530 3522 2634 3593 qui
2652 3522 2718 3576 in
2747 3522 3001 3577 ascetica
3030 3520 3311 3576 societate
3339 3518 3489 3573 tales
3521 3508 3645 3569 tur-

1994 3609 2204 3665 barum
2230 3624 2443 3666 causas
2467 3611 2633 3665 serit.
2662 3612 2852 3665 Locus
2880 3625 3040 3665 unus
3081 3609 3204 3664 duo
3242 3605 3518 3679 ejusdem
3555 3602 3643 3659 rei

1990 3696 2269 3770 exempla
2296 3696 2544 3770 praebet;
2597 3698 2684 3754 Ita
2722 3697 2906 3768 igitur
2935 3701 3144 3753 auctor
3190 3694 3458 3769 loquitur
3503 3708 3638 3765 cap.

1990 3789 2059 3840 26
2084 3786 2242 3858 (pag.
2268 3787 2395 3849 576)
2417 3803 2429 3840 :
2463 3790 2727 3860 Προσήκει
2755 3791 2925 3839 τοίνυν
2945 3791 3035 3839 καὶ
3065 3789 3152 3838 τόν
3179 3783 3639 3858 ἕγκαταλεγόμενον

1988 3894 2320 3948 πνευματικῳ
2370 3879 2672 3947 συστήματι
2736 3880 2808 3948 μή
2877 3874 3100 3937 ἐκείνους
3152 3879 3283 3949 πρὸς
3324 3878 3411 3926 τόν
3455 3872 3639 3941 ἑαυτοῦ

1987 3968 2176 4037 τρόπον
2214 3964 2559 4037 μεθαρμόζειν
2599 3962 2801 4031 ὶθέλειν,
2826 3963 2953 4017 ἀλλὰ
2976 3967 3064 4017 τόν
3104 3964 3288 4017 οἰκεῖον
3317 3967 3505 4036 τρόπον
3530 3967 3640 4024 τοῖς

1988 4052 2036 4105 ἓν
2062 4074 2134 4126 τῳ
2166 4061 2470 4126 συστήματι
2500 4055 2641 4107 ἔθεσι
2664 4073 2718 4107 τε
2743 4059 2833 4106 καὶ
2865 4057 3048 4116 τύποις
3078 4053 3361 4127 ἐξομοιοῦν.
3380 4054 3509 4108 Par
3531 4053 3642 4122 igi-

1985 4152 2088 4198 tur
2118 4142 2334 4212 fuerit,
2369 4156 2500 4198 eum
2532 4145 2731 4211 etiam,
2762 4144 2869 4215 qui
2902 4145 2967 4198 in
2993 4143 3371 4212 spiritualem
3397 4141 3640 4198 societa-

1986 4237 2103 4289 tem
2125 4232 2380 4288 allectus
2408 4238 2638 4291 est.non
2667 4232 2808 4288 illos
2836 4232 2920 4288 ad
2932 4246 3069 4287 suos
3090 4246 3281 4288 mores
3311 4245 3639 4287 accommo-

198 4323 480 4378 ediscere
499 4334 698 4390 posse,
730 4324 840 4376 ctc.
878 4320 1160 4392 Sequitur
1184 4325 1339 4394 (cap.
1370 4325 1462 4389 20,
1483 4337 1544 4377 n.
1583 4326 1625 4382 1)
1652 4338 1665 4377 :
1695 4326 1875 4395 Πατὴρ
1910 4350 1953 4404 D
1984 4320 2136 4377 dare
2160 4321 2331 4385 velle,
2360 4321 2465 4378 sed
2489 4336 2625 4376 suos
2653 4336 2846 4378 mores
2884 4321 3184 4377 societatis
3212 4319 3477 4377 moribus
3521 4321 3641 4377 ins-

197 4413 299 4483 γάρ
323 4409 475 4463 ἔστιν
496 4408 878 4475 ἀληθέστατος,
902 4416 1106 4481 πρῶτος
1126 4412 1215 4482 μὲν
1238 4410 1264 4461 ὁ
1289 4418 1388 4462 τῶν
1410 4409 1646 4463 ἁπάντων
1669 4416 1872 4484 Πατήρ·

200 4500 225 4550 ὁ
250 4496 503 4573 δεύτερος
535 4495 599 4550 δέ
626 4497 739 4570 μετ’
761 4496 966 4565 ἐκεῖνον,
991 4498 1017 4551 ό
1047 4508 1143 4561 τῆς
1166 4509 1524 4573 πνευματικῆς
1542 4502 1868 4573 καθηγούμε-

194 4608 281 4651 n;
316 4589 614 4649 πολιτείοις.
676 4588 865 4644 Pater
909 4593 994 4644 est
1032 4589 1192 4645 enim
1241 4590 1599 4657 verissimus,
1636 4590 1877 4659 primus

194 4679 442 4749 quidem
494 4678 917 4733 universorum
959 4677 1191 4735 Pater:
1237 4679 1531 4735 secundus
1569 4694 1708 4737 vero
1742 4685 1875 4749 post

193 4768 396 4836 illum,
431 4768 483 4822 is
528 4766 639 4838 qui
673 4766 855 4836 prurit
892 4767 957 4821 in
1002 4768 1345 4837 spiritualis
1392 4769 1527 4826 vita
1573 4770 1871 4825 instituto.

192 4855 480 4913 Auctoris
508 4856 646 4912 haec
678 4859 821 4911 sunt
850 4854 1037 4913 verba
1066 4855 1187 4913 alio
1216 4856 1352 4913 loco
1382 4860 1538 4930 (cap.
1568 4858 1659 4926 21,
1685 4874 1747 4914 n.
1780 4861 1829 4929 5)
1855 4877 1868 4915 :

194 4952 291 4999 Καὶ.
316 4949 493 5018 ἕτερον
527 4940 588 4997 δε
614 4952 907 5017 σκοπῶμεν,
932 4947 999 5007 ὡς
1025 4945 1070 4997 εί
1109 4944 1296 5017 φαῦλος
1338 4945 1363 4998 ό
1390 4947 1633 5019 μαθητὴς
1657 4951 1861 5019 γένοιτο

190 5039 332 5105 παρὰ
382 5039 483 5091 τήν
532 5033 697 5085 αὐτοῦ
742 5031 975 5105 ἀγωγὴν,
1018 5034 1282 5106 αἰσχύνην
1323 5033 1725 5109 ἀπαρηγόρητον
1770 5035 1870 5099 ἔξει

188 5122 268 5177 ἐπὶ
298 5134 401 5186 τῆς
432 5125 807 5196 οἱκουμενικῆς
827 5125 966 5175 κατὰ
994 5127 1082 5175 τόν
1112 5132 1209 5185 τῆς
1237 5129 1458 5197 κρίσεως
1488 5128 1669 5198 καιρόν
1695 5145 1867 5183 πανη-

185 5218 388 5288 γύρεως
430 5215 457 5265 ό
498 5213 881 5285 ὑφηγούμενος.
922 5212 1042 5270 Sed
1068 5217 1124 5269 et
1162 5213 1338 5269 aliud
1375 5219 1670 5283 praeterea
1717 5230 1864 5271 con-

183 5304 542 5371 sideremus,
576 5301 748 5376 quod
786 5301 842 5357 si
875 5302 1074 5360 malus
1113 5303 1373 5360 evaserit
1414 5303 1747 5374 discipulus
1793 5305 1864 5361 ob

187 5393 378 5461 ipsius
422 5392 898 5459 institutionem,
963 5391 1267 5450 inurenda
1304 5392 1598 5464 magistro
1658 5394 1734 5449 sit
1759 5396 1867 5463 ju-

359 5488 627 5555 tempore
668 5479 1015 5539 indelebilis
1060 5482 1398 5554 ignominia
1451 5497 1653 5540 coram
1702 5482 1863 5540 orbis

1988 4410 2300 4480 titutisque
2337 4409 2735 4479 confOrmare.
2779 4412 2975 4482 Caput
3009 4408 3364 4465 vicesimum
3405 4425 3640 4466 nonum

1984 4496 2185 4568 legere
2241 4498 2345 4570 qui
2392 4497 2570 4566 volet,
2614 4498 2678 4554 in
2733 4513 2806 4554 eo
2858 4514 3106 4572 quoque
3160 4498 3341 4566 hanc,
3392 4497 3468 4555 de
3515 4514 3640 4572 qua
3700 4494 3717 4499 “

1988 4587 2205 4659 agitur,
2244 4602 2452 4643 vocem
2483 4594 2698 4660 quater
2716 4587 3055 4645 adhibitam
3081 4588 3364 4646 inveniet.
3392 4587 3640 4661 Incipia-

1984 4693 2127 4733 mus
2172 4677 2251 4733 ab
2302 4676 2438 4750 ipso
2493 4677 2683 4747 iitulo,
2711 4678 2816 4735 ubi
2865 4678 2952 4735 sic
2996 4678 3247 4749 legitur:
3294 4677 3499 4730 Ὀτιού
3529 4680 3638 4750 χρὴ

1985 4767 2214 4843 ἑταιρίας
2245 4763 2343 4820 δύο
2372 4768 2401 4826 ἡ
2445 4776 2600 4840 τριῶν
2645 4764 2879 4842 ἀδελφῶν
2923 4768 2971 4822 ἐν
3019 4774 3318 4842 συστήματι
3366 4766 3637 4825 ἀσκητικῶ

1982 4859 2244 4929 γενέσθαι.
2278 4857 2445 4924 Quod
2469 4873 2590 4913 non
2641 4857 2803 4916 decet
2833 4860 2898 4915 in
2948 4860 3199 4916 ascetico
3226 4857 3499 4914 instituto
3532 4871 3635 4925 pe-

1987 4948 2281 5004 culiarem
2314 4947 2643 5017 quamdam
2673 4950 3001 5005 amicitiam
3029 4963 3149 5005 esse
3178 4949 3337 5004 inter
3368 4946 3517 5003 duos
3537 4954 3643 5004 aut

1981 5042 2104 5094 tres
2133 5037 2383 5106 fratres.
2411 5035 2692 5108 Sequitur
2720 5054 2732 5092 :
2774 5038 2835 5090 Εἰ
2866 5034 2924 5089 δὲ
2967 5035 3308 5109 ἀποτεμόντες
3336 5042 3426 5088 καὶ
3460 5033 3636 5111 διορί-

1981 5145 2163 5187 σαντες
2192 5125 2431 5191 ἑαυτοὺς,
2471 5128 2721 5197 σύστημα
2751 5125 2797 5177 ἐν
2827 5129 3129 5196 συστήματι
3153 5129 3403 5196 γίνονται,
3438 5130 3640 5199 πονηρὰ

1976 5217 2007 5273 ἠ
2053 5223 2150 5275 τῆς
2192 5216 2440 5276 τοιαύτης
2484 5213 2656 5286 φιλίας
2704 5218 3100 5284 avrae/0:77)...”
3154 5220 3418 5287 Προσήκει
3464 5222 3638 5270 τοίνυν

1974 5309 2105 5377 μήτε
2129 5306 2224 5366 τὰς
2252 5307 2500 5364 τοιαύτας
2526 5301 2757 5375 ἑταιρίας
2812 5304 3216 5375 συγχωρεῖσθαι
3259 5303 3306 5356 ἐν
3349 5308 3460 5368 τοῖς
3509 5322 3639 5359 συσ·

1972 5398 2195 5465 τήμασι,
2253 5396 2404 5463 μήτε,
2438 5394 2551 5446 etc.
2605 5389 2673 5445 Si
2716 5404 2855 5447 vero
2908 5396 3174 5450 secantes
3231 5408 3305 5450 ac
3354 5409 3640 5465 separan-

1982 5488 2068 5539 tes
2121 5482 2360 5555 seipsos,
2414 5480 2625 5552 aliqua
2653 5482 3052 5540 communitas
3094 5483 3159 5539 in
3215 5484 3646 5546 communitate
