4058 6192
408 238 474 292 95
1911 206 2295 295 PREFATIO.
3748 248 3818 303 95

403 363 578 431 ﬁant,
611 362 823 421 vitiosa
847 366 930 420 est
955 363 1250 434 ejusmodi
1276 362 1556 419 amicitia:
1597 363 2053 434 conjunctio.....
2096 366 2141 417 A
2169 360 2328 418 volo.
2361 360 2649 429 Primum,
2672 363 3149 422 Contitutionum
3175 370 3484 424 auctorem
3504 368 3687 425 variis
3712 384 3822 427 no-

409 453 607 521 Quare
626 460 858 523 oportet
882 469 1072 525 neque
1118 453 1418 523 ejusmodi
1463 454 1752 511 sodalitia
1793 460 2062 525 permitti

405 542 469 598 in
501 543 906 613 conventibus,
937 558 1144 613 neque,
1186 547 1295 597 etc.
1332 545 1397 598 Et
1424 543 1672 616 quando
1718 549 1838 601 tam
1870 548 2060 605 multa

406 647 731 701 congerere
770 633 957 688 semel
986 632 1165 703 coepi,
1197 631 1317 688 alia
1350 632 1534 688 etiam
1565 648 1635 689 ex
1662 633 1736 689 iis
1782 651 1921 707 quae
1971 653 2060 693 se-

405 724 675 792 quuntur
703 720 1005 795 capitibus
1033 720 1283 778 addam.
1311 723 1461 792 Ergo
1487 721 1706 778 horum
1736 723 1798 779 in
1830 740 1952 782 uno
1978 726 2062 783 ita

406 808 698 880 scriptum
747 810 1048 865 invenitur
1078 811 1237 883 (cap.
1272 813 1363 876 32,
1395 827 1455 883 p.
1487 813 1613 883 579)
1645 830 1658 868 :
1712 817 1919 875 Ταύτης
1965 824 2059 876 τῆς

406 898 597 961 τάξεως
648 898 696 951 ἓν
748 908 1078 972 πνευματικώ
1142 906 1445 974 συστήματι
1501 901 1917 975 φυλασσομένης,
1979 908 2059 957 ὅτι

407 986 564 1047 ὃντως
588 985 736 1059 ἐσμὲν
770 995 923 1060 σῶμα
952 996 1207 1062 Χριστοῦ,
1235 993 1344 1046 etc.
1373 991 1517 1047 Haec
1562 990 1887 1061 disciplina
1915 993 1969 1048 si
1995 994 2057 1049 in

400 1076 715 1144 spirituali
737 1084 1030 1134 conventu
1060 1084 1350 1149 servetur,
1382 1081 1761 1150 perspicuum
1801 1083 1913 1137 erit
1951 1097 2058 1138 nos

405 1179 540 1220 vere
561 1180 775 1235 corpus
792 1166 1023 1223 Christi
1039 1170 1303 1236 esse,fetc.
1335 1168 1507 1224 Aliud
1533 1185 1670 1225 vero
1698 1170 1852 1243 (cap.
1875 1172 1967 1239 33,
1993 1187 2056 1244 p.

407 1256 529 1311 579)
557 1253 641 1310 sic
665 1254 874 1326 incipit
906 1274 918 1312 :
954 1262 1065 1329 Χρὴ
1094 1262 1269 1330 μέντοι
1297 1262 1388 1309 καὶ
1418 1262 1539 1320 τοὺς
1568 1267 1668 1311 τῶν
1698 1268 2057 1332 πνευματικῶν

409 1346 758 1416 συστημάτων
802 1344 1193 1418 ἀφηγουμένους
1232 1352 1326 1406 τὴν
1370 1351 1503 1421 πρός
1548 1345 1800 1411 ἀλλήλους
1836 1348 2059 1402 ἀσκοῦν-

405 1452 499 1492 τας
541 1431 827 1488 εῢνοιαν....
861 1439 933 1507 μὴ
979 1435 1249 1489 καταλύειν
1287 1440 1353 1489 τα
1382 1435 1609 1496 ἀλλήλων
1644 1435 2054 1512 σπουδάσματα.

407 1522 651 1591 Oportet
680 1528 878 1579 autem
909 1529 966 1580 et
992 1526 1407 1594 spiritualium
1435 1532 1690 1583 coetuum
1721 1530 2055 1597 pra’fectos,

405 1614 677 1666 mutuam
706 1619 1045 1669 exercentes
1075 1614 1659 1672 benevolentiam.....
1689 1618 1951 1673 alterum
1972 1619 2059 1674 al-

405 1700 590 1755 terius
619 1702 823 1758 studia
849 1718 971 1759 non
989 1704 1314 1762 destruere.
1350 1708 1414 1761 Et
1434 1705 1618 1778 paulo
1637 1712 1778 1778 post
1803 1707 1889 1762 ita
1910 1706 2056 1777 legi-

405 1791 503 1843 tur
531 1806 544 1857 ;
575 1794 665 1842 Ἂν
686 1795 858 1842 τοίνυν
885 1791 910 1844 ό
935 1793 1287 1867 ῥᾳθυμότερος
1312 1790 1402 1867 ἴδῃ
1428 1792 1536 1856 ἐξόν
1558 1794 1698 1867 αὐτῳ
1720 1797 1850 1867 μετὰ
1874 1791 2057 1857 ἁδείας

407 1875 713 1950 ἀποφεύγειν
741 1884 860 1942 τοὺς
891 1878 938 1932 ἐν
969 1901 1041 1952 τῳ
1071 1881 1211 1944 ἅπαξ
1240 1884 1491 1956 αιρεθέντι
1523 1889 1819 1956 σνστήματι
1848 1889 2056 1951 πόνους,

405 1972 517 2022 etc.
551 1967 618 2024 Si
646 1971 829 2040 igitur
855 1972 961 2042 qui
992 1973 1394 2043 negligentior
1423 1974 1521 2040 sit,
1563 1975 1742 2030 licere
1782 1975 1896 2029 sibi
1931 1975 2062 2030 ani-

405 2057 821 2128 madverterit,
875 2061 1117 2130 impune
1146 2062 1377 2118 labores
1408 2063 1654 2120 detecta;-
1672 2065 1851 2120 semel
1891 2066 2062 2120 socie-

406 2148 549 2201 tatis
594 2148 874 2218 effugere,
921 2154 1033 2206 etc.
1064 2149 1321 2206 Titulum
1364 2149 1557 2206 ultimi
1595 2152 1806 2224 capitis
1844 2152 1947 2224 qui
1984 2151 2064 2207 le-

405 2238 528 2304 get,
556 2235 617 2291 in
647 2252 718 2292 eo
747 2237 830 2293 ita
867 2238 1157 2311 scriptum
1198 2239 1485 2307 inveniet,
1516 2239 1636 2292 Ὅτι
1666 2242 1724 2293 οὐ
1754 2247 1865 2315 χρὴ
1899 2245 1986 2294 τόν
2012 2240 2060 2293 ἐν

408 2329 712 2405 συστήματι
758 2325 1146 2400 πολιτευόμενον
1187 2326 1447 2387 ἀσκητόν.
1483 2329 1655 2395 Quod
1679 2345 1800 2386 non
1831 2335 2059 2399 oportet

404 2417 665 2468 ascetam
710 2414 773 2468 in
818 2415 1024 2486 aliquo
1054 2421 1349 2472 conventu
1380 2416 1713 2487 degentem,
1747 2422 1859 2472 etc.
1888 2416 2062 2472 Haud

404 2500 618 2573 procul
647 2517 684 2557 a
712 2502 883 2559 titulo
913 2505 1173 2560 occurrit
1194 2504 1365 2573 illud,
1389 2504 1549 2558 Ὅταν
1576 2506 1679 2579 γαρ
1727 2506 1752 2558 ὀ
1776 2509 1865 2579 μὲν
1895 2511 2060 2558 κανὼν

406 2597 498 2642 τοῦ
551 2589 674 2662 βίου
724 2595 847 2665 ἔχῃ,
906 2590 1047 2666 μηδὲ
1097 2594 1428 2669 χωρίζεσθαι
1474 2603 1566 2647 τοῦ
1626 2601 1965 2669 συστήματος
2021 2596 2061 2667 ᾧ

408 2681 759 2752 συνῆφθημεν,
787 2678 945 2754 μηδέ,
979 2687 1090 2738 etc.
1143 2683 1293 2739 Cum
1324 2685 1481 2740 enim
1514 2685 1653 2740 vitae
1682 2690 1904 2740 nostra?
1937 2686 2061 2740 ins-

407 2767 652 2823 titutum
684 2772 780 2837 sit,
821 2785 1014 2842 neque
1056 2773 1338 2840 separari
1364 2774 1574 2829 abillo
1622 2780 1777 2829 coetu
1800 2775 1900 2829 cui
1938 2773 2062 2838 fui-

404 2872 536 2913 mus
565 2858 866 2928 adjuncti,
888 2876 1095 2932 neque,
1129 2865 1239 2917 etc.
1275 2863 1429 2918 Sane
1478 2863 1526 2918 si
1555 2863 2063 2919 Constitutionum

405 2948 589 3018 atque
614 2948 981 3017 Regularum
1010 2949 1173 3006 idem
1206 2951 1465 3023 scriptor
1495 2967 1624 3007 esse
1673 2951 1857 3007 semel
1903 2952 2065 3008 dica-

2167 450 2437 508 minibus
2459 453 2544 509 uti
2564 453 2643 510 ad
2662 453 3133 524 signiﬁcandam
3151 456 3406 521 fratrum
3429 457 3777 516 societatem
3803 478 3818 516 :

2167 540 2444 619 alterum,
2490 542 2584 598 his
2617 544 2970 599 nominibus
3010 560 3134 601 non
3178 545 3528 619 simpliciter
3576 548 3680 616 uti,
3712 548 3857 605 sed’

2166 628 2273 699 sic,
2324 636 2387 686 ut
2440 648 2653 688 vocem
2702 638 3047 707 πνευματικός
3102 634 3255 706 ipsis
3303 635 3623 708 adjungat,
3667 639 3824 694 Loca

2165 720 2472 792 quaedam,
2508 720 2732 795 quibus
2758 721 2821 778 id
2851 723 3041 779 oculis
3075 724 3452 794 subjiciatur,
3480 726 3811 784 adducam.

2168 807 2271 863 Hic
2300 813 2391 864 est
2421 811 2633 883 capitis
2658 802 2717 867 2t
2750 811 2954 868 titulus
2988 831 3001 869 :
3026 812 3147 866 Ὀτι
3168 814 3227 866 οὐ
3251 810 3335 866 δεῖ
3352 824 3444 876 τῆς
3465 826 3822 889 πνευματικῆς

2166 892 2515 971 adsigno-mro;
2546 899 2956 956 ἀποκόπτεσθαι.
2993 903 3163 969 Quod
3188 918 3306 959 non
3333 910 3563 973 oportet
3588 920 3626 961 a
3647 907 3825 975 spiri-

2167 989 2325 1043 tuali
2346 990 2746 1061 [internitate
2766 993 3047 1048 resecari.
3075 992 3354 1065 Sequitur
3374 993 3573 1050 statim
3596 1000 3733 1067 post
3758 995 3830 1052 ti-

2167 1076 2360 1133 tutum
2394 1095 2408 1147 ;
2448 1084 2563 1153 Χρὴ
2592 1084 2766 1152 μέντοι
2810 1085 2921 1133 καὶ,
2947 1089 3100 1133 τοῦτο
3147 1084 3425 1136 πεπεῖσθαι
3457 1093 3653 1156 σαφῶς,
3686 1089 3766 1138 ὅτι
3794 1088 3825 1138 ὁ

2168 1164 2309 1228 ἅπαξ
2337 1167 2408 1228 εἰς
2459 1163 2751 1240 σύνδεσμον
2795 1175 2884 1247 καὶ
2943 1173 3219 1242 συνάφειαν
3268 1166 3423 1223 ἐλθὼν
3470 1182 3825 1245 πνευματικῆς

2170 1250 2539 1327 ἀδελφότητος,
2574 1261 2684 1313 etc.
2715 1259 2855 1315 Jam
2904 1260 3069 1315 illud
3095 1275 3328 1332 quoque
3351 1276 3465 1330 pro
3511 1269 3671 1319 certo
3716 1265 3828 1321 ha-

2170 1343 2423 1401 bendum
2452 1352 2558 1415 est,
2590 1361 2743 1415 eum,
2771 1348 2877 1418 qui
2897 1350 3078 1404 semel
3091 1350 3484 1419 fraternitati
3517 1353 3832 1421 spirituali

2168 1429 2459 1500 alligatus
2489 1436 2572 1487 est
2604 1436 2663 1486 et—
2685 1432 3037 1502 adjunctus,
3060 1439 3170 1488 etc.
3204 1433 3387 1489 Paulo
3414 1439 3551 1507 post
3579 1435 3659 1491 ita
3685 1435 3832 1506 legi-

2166 1521 2293 1572 tur:
2320 1517 2495 1590 Πολλῳ
2515 1518 2704 1591 μᾶλλον
2727 1521 2752 1571 ὁ
2772 1522 2842 1582 εἱς
2864 1520 3127 1593 σύμϐασιν
3145 1520 3300 1574 ἐλθὼν
3320 1533 3674 1596 πνευματικῆς
3696 1545 3830 1597 συμ-

2169 1604 2416 1674 ϐιώσεως,
2450 1613 2563 1664 etc.
2590 1610 2793 1679 Longe
2819 1611 3010 1679 magis
3039 1611 3144 1682 qui
3184 1611 3385 1680 ftedus
3418 1613 3624 1669 inierit
3650 1614 3832 1683 spiri-

2096 1715 2139 1767 B
2170 1697 2354 1752 tualis
2384 1698 2552 1753 illius
2583 1699 2984 1766 contubernii,
3019 1704 3128 1755 etc.
3161 1702 3283 1755 Hoc
3310 1699 3447 1772 ipso
3485 1701 3548 1756 in
3583 1701 3718 1758 loco
3747 1702 3832 1758 ita

2170 1783 2460 1857 scriptum
2491 1791 2580 1842 est
2612 1804 2625 1841 :
2659 1792 2813 1859 Πόσῳ
2842 1787 3031 1860 μᾶλλον
3059 1788 3084 1839 ό
3114 1798 3434 1862 πνευματικῇ
3468 1794 3709 1863 κοινωνίᾳ
3739 1810 3832 1843 συ-

2169 1875 2499 1946 ναρμοσθείς,
2531 1880 2642 1931 etc.
2679 1876 2917 1944 Quanto
2948 1878 3143 1947 magis
3182 1880 3292 1950 qui
3316 1880 3632 1948 spirituali
3656 1882 3836 1937 socie-

2172 1964 2290 2018 tati
2311 1965 2534 2021 ascitus
2561 1971 2664 2032 est,
2698 1967 2767 2028 is,
2791 1970 2905 2024 etc.
2939 1967 3110 2023 Haud
3128 1967 3319 2024 multo
3342 1973 3483 2041 post
3510 1969 3596 2025 sic
3615 1969 3835 2039 legitur

2168 2052 2435 2125 (cap.2t,
2469 2071 2530 2113 η.
2565 2059 2617 2123 ‘2)
2647 2073 2661 2112 :
2714 2057 2893 2118 Οὕτως
2927 2055 2952 2108 ό
2984 2055 3172 2129 λέγων,
3206 2059 3287 2110 ὃτι
3337 2055 3428 2111 διὰ
3458 2063 3577 2121 τοὺς
3604 2059 3831 2132 φαύλους

2167 2143 2501 2217 χωρίζεσθαι
2517 2152 2610 2206 τῆς
2638 2154 2989 2217 πνευματικῆς
3007 2144 3368 2220 ἀναγκάζομαι
3391 2167 3687 2221 συναφειας,
3715 2154 3828 2205 etc.

2168 2232 2267 2289 Sic
2288 2233 2394 2304 qui
2418 2233 2502 2288 ait
2533 2250 2545 2287 :
2580 2234 2770 2304 Cogor
2794 2241 3048 2304 propter
3073 2237 3264 2291 malos
3286 2250 3323 2291 a
3341 2238 3659 2305 spirituali
3677 2253 3832 2294 com-

2170 2324 2468 2379 munitate
2496 2325 2795 2393 separari,
2829 2328 2943 2382 etc.
2975 2324 3150 2396 Operi
3181 2341 3293 2380 suo
3318 2324 3505 2381 ﬁnem
3530 2326 3701 2385 brevi
3724 2326 3835 2382 im-

2171 2409 2480 2482 positurus
2509 2410 2829 2482 auctor,sic
2854 2411 3122 2484 loquitur
3153 2412 3646 2486 (cap.33,p.580):
3679 2414 3745 2468 Ἦ
3780 2417 3823 2467 εἰ

2171 2503 2352 2552 ἐκεῖνοι
2383 2497 2638 2572 ἐμμένοιεν
2669 2507 2730 2573 τῆ
2760 2501 3003 2559 ἀθετήσει
3032 2510 3128 2563 τῆς
3156 2512 3511 2575 πνευματικῆς
3538 2523 3828 2571 κοινωνιας,

2171 2592 2285 2643 etc.
2316 2589 2428 2644 Aut
2451 2590 2503 2644 si
2540 2589 2717 2645 iidem
2749 2590 2849 2645 illi
2874 2591 3257 2659 spiritualem
3288 2590 3665 2649 sodalitatem
3691 2608 3832 2662 per-

2169 2684 2318 2748 gant
2338 2678 2680 2749 aspernari,
2699 2683 2809 2733 etc.
2829 2680 2962 2733 tam
2978 2677 3244 2734 vidimus
3261 2695 3470 2736 vocem
3487 2687 3834 2753 πνευματικός

2171 2766 2307 2823 voci
2340 2770 2591 2840 σύστημα
2614 2767 2936 2840 quinquies
2958 2773 3063 2824 aut
3085 2768 3279 2825 sexies
3301 2770 3620 2841 conjungi;
3646 2770 3726 2827 ob
3746 2770 3837 2827 id-

2173 2871 2291 2928 que
2320 2872 2392 2911 ea
2430 2855 2565 2912 loca
2594 2856 2691 2912 hic
2721 2873 2933 2912 rursus
2958 2857 3263 2914 excribere
3289 2874 3539 2915 necesse
3568 2875 3690 2915 non
3721 2865 3834 2917 est.

2172 2946 2291 3001 Etsi
2309 2950 2510 3002 autem
2536 2946 2902 3017 Regularum
2921 2947 3178 3019 scriptor
3193 2947 3396 3004 multis
3413 2949 3714 3021 variisque
3732 2965 3840 3007 no-

406 3037 524 3100 tur,
556 3035 763 3091 mirari
793 3037 1020 3093 subibit
1041 3040 1206 3094 vocis
1238 3042 1488 3113 σύστημα
1517 3057 1655 3113 quin
1688 3041 2066 3098 Constitutio-
2104 3066 2144 3122 ϐ
2172 3034 2440 3090 minibus
2499 3034 2683 3091 utitur
2739 3035 2818 3091 ad
2872 3035 3344 3107 signiﬁcandum
3391 3037 3837 3095 monachorum

404 3137 557 3181 num
581 3125 813 3182 auctori
840 3127 1060 3200 quavis
1090 3128 1210 3184 alia
1247 3129 1609 3185 familiarior
1638 3136 1784 3200 erat,
1818 3146 1893 3185 ne
1936 3146 2067 3185 ves-

406 3210 615 3282 tigium
638 3214 887 3286 quidem
909 3216 971 3271 in
994 3216 1230 3287 Regulis
1254 3223 1512 3277 exstare.
1529 3221 1677 3276 Nam
1699 3219 2066 3291 experientia

405 3300 602 3365 docet,
631 3309 927 3374 auctores,
957 3306 1061 3379 qui
1090 3323 1185 3363 res
1226 3307 1476 3364 easdem
1502 3308 1565 3363 in
1602 3307 1845 3364 duobus
1875 3307 2066 3381 operi-

403 3389 521 3447 bus
550 3397 657 3447 aut
684 3397 944 3450 tractant
969 3400 1076 3451 aut
1098 3394 1589 3468 interpretantur,
1618 3397 1667 3453 si
1691 3398 1753 3452 in
1774 3413 1897 3453 uno
1941 3413 2063 3454 una

403 3494 554 3535 voce
598 3480 678 3536 ad
707 3497 837 3537 rem
885 3482 1156 3555 aliquam
1210 3484 1682 3555 signiﬁcandam
1733 3486 2064 3559 saepissime

406 3568 501 3624 usi
527 3569 668 3637 sint,
695 3570 911 3627 eadem
938 3573 1023 3628 uti
1047 3573 1256 3630 solitos
1285 3578 1340 3630 et
1368 3574 1431 3631 in
1464 3575 1651 3631 altero
1699 3591 1902 3649 opere,
1933 3591 2065 3633 ma-

402 3656 564 3712 xime
587 3658 635 3714 si
660 3658 820 3715 hanc
848 3652 1053 3733 ipsam'
1080 3677 1208 3718 rem
1239 3663 1472 3736 passim
1498 3664 1755 3737 exprimi
1786 3680 1942 3738 opus
1969 3666 2062 3721 sit.

405 3746 770 3816 Regularum
795 3756 999 3806 autem
1019 3756 1249 3818 auctor,
1265 3751 1542 3825 quisquis
1565 3758 1673 3823 est,
1687 3755 1912 3810 centies
1930 3753 2064 3827 qui-

403 3832 545 3889 dem
576 3835 710 3891 aliis
740 3838 1093 3895 nominibus
1120 3839 1376 3897 fratrum
1425 3847 1795 3899 conventum
1828 3859 2067 3916 expres-

405 3920 481 3977 sit
510 3939 523 3978 :
560 3924 668 3980 sed
698 3929 904 3982 tamen
934 3943 1073 3983 eum
1097 3944 1341 4001 semper
1372 3946 1407 3986 a
1436 3946 1584 3986 voce
1618 3935 1865 4004 σύστημα
1885 3932 2066 3989 absti-

403 4010 629 4080 nuisse,
648 4029 719 4069 ex
752 4016 951 4087 operis
970 4015 1223 4073 lectione
1250 4018 1429 4089 plane
1459 4025 1712 4093 constat.
1746 4021 2064 4086 Quomodo

403 4116 548 4172 ergo
600 4103 964 4175 Regularum
1009 4109 1192 4177 atque
1242 4107 1750 4163 Constitutionum
1802 4124 1962 4163 unus
2006 4115 2063 4165 et

400 4190 564 4247 idem
614 4198 828 4249 auctor
879 4210 1009 4250 esse
1059 4200 1275 4266 potest,
1309 4211 1447 4250 cum
1495 4196 1554 4251 in
1584 4196 1678 4251 his
1721 4197 1798 4252 ad
1837 4203 2062 4255 certam

402 4281 740 4351 quamdam
784 4297 912 4338 rem
968 4282 1430 4355 exprimendam
1483 4299 1696 4339 vocem
1726 4300 1913 4342 unam
1949 4284 2063 4341 fre-

2173 3125 2659 3192 contubernium,
2680 3131 2884 3181 tamen
2904 3125 2997 3181 his
3019 3125 3374 3182 nominibus
3401 3142 3479 3183 ne
3495 3126 3682 3184 semel
3701 3127 3833 3200 qui-

2168 3213 2312 3270 dem
2345 3231 2556 3271 vocem
2608 3220 2953 3288 πνευματικός
3001 3215 3298 3286 adjungit.
3344 3219 3457 3273 Par
3503 3222 3594 3274 est
3647 3218 3833 3288 igitur

2169 3302 2327 3359 duos
2356 3309 2632 3360 auctores
2653 3303 2963 3375 distingui,
2985 3319 3272 3377 quorum,
3300 3310 3367 3362 ut
3396 3305 3569 3377 solet,
3592 3306 3833 3365 diversa

2172 3396 2301 3447 erat
2330 3392 2636 3449 scribendi
2665 3394 2838 3450 ratio.

2243 3485 2332 3537 38.
2365 3481 2668 3538 Hactenus
2690 3497 2888 3538 sermo
2907 3480 3214 3538 institutus
3234 3487 3325 3540 est
3346 3482 3420 3538 de
3450 3483 3830 3555 quibusdam

2169 3570 2445 3638 vocibus,
2460 3587 2597 3643 quas
2629 3570 2910 3642 cum,sint
2931 3570 3418 3628 familiarissimas
3440 3573 3828 3637 Constitutio-

2170 3676 2318 3716 num
2341 3661 2593 3729 auctori,
2617 3676 2927 3733 nusquam
2948 3665 3153 3717 tamen
3175 3660 3236 3716 in
3265 3660 3503 3731 Regulis
3537 3660 3829 3718 adhiben-

2170 3755 2293 3819 tur:
2328 3766 2488 3806 nunc
2514 3750 2842 3822 loquamur
2869 3750 2946 3805 de
2977 3748 3111 3805 aliis
3144 3756 3249 3807 aut
3270 3750 3521 3807 vocibus
3551 3755 3657 3807 aut
3685 3751 3829 3807 scri-

2170 3839 2357 3896 bendi
2381 3839 2743 3903 rationibus,
2771 3855 2929 3911 qure,
2951 3855 3089 3895 cum
3114 3854 3240 3895 non
3270 3840 3472 3897 minus
3498 3839 3827 3898 familiares

2172 3928 2289 3983 sint
2327 3927 2689 3998 Regularum
2731 3927 3025 4000 scriptori,
3058 3943 3161 3983 eas
3198 3933 3402 3984 tamen
3427 3944 3747 4002 nunquam
3766 3929 3831 3985 in

2171 4016 2710 4072 Constitutionibus
2740 4023 3065 4089 usurpatas
3093 4018 3390 4074 invenias.
3418 4018 3509 4075 Ad
3538 4019 3706 4091 quod
3730 4035 3831 4092 ge-

2169 4117 2284 4158 nus
2308 4105 2604 4176 pertinent
2624 4106 2748 4161 duo
2769 4106 2892 4175 illa,
2918 4107 3257 4182 πληροφορεῑν
3279 4107 3822 4182 θιπληροφορεῖσθαιζ

2168 4205 2305 4262 quae
2334 4208 2513 4249 voces
2543 4211 2682 4250 cum
2713 4195 2775 4250 in
2796 4196 3037 4266 Regulis
3068 4196 3187 4252 sint
3209 4196 3737 4268 frequentissimae,
3763 4199 3827 4254 in

2169 4283 2709 4342 Constitutionibus
2749 4290 2952 4341 tamen
2987 4301 3297 4358 nusquam
3339 4285 3642 4358 leguntur.
3687 4288 3825 4343 Jam

402 4369 697 4439 quentissi
707 4387 803 4427 me
826 4371 1106 4444 usurpari
1126 4372 1467 4439 videamus,
1488 4390 1625 4449 quae
1642 4379 1846 4431 tamen
1868 4391 1982 4431 vox
1997 4374 2060 4431 in
2094 4414 2137 4468 Β
2168 4378 2378 4428 nostro
2402 4387 2569 4427 more
2592 4372 2822 4445 aliquot
2841 4373 2971 4444 ejus
2988 4374 3070 4429 rei
3094 4373 3373 4447 exempla
3385 4374 3465 4431 ob
3484 4374 3690 4431 oculos
3714 4391 3824 4448 po-

401 4455 518 4511 illis
572 4458 653 4512 ad
709 4458 989 4515 eamdem
1047 4476 1177 4517 rem
1234 4461 1703 4531 signiﬁcandam
1750 4480 2057 4537 nusquam

401 4546 779 4617 usurpatur?
805 4550 929 4618 Ego
954 4548 1013 4604 in
1044 4550 1335 4622 exemplis
1361 4567 1491 4607 esse
1520 4567 1643 4607 non
1683 4557 1851 4624 puto,
1875 4555 2058 4627 scrip-

402 4636 589 4690 torem
631 4636 715 4693 ita
745 4653 1017 4710 unquam
1063 4640 1155 4694 sui
1185 4640 1542 4697 dissimilem
1581 4642 1790 4709 fuisse,
1823 4650 1888 4699 ut
1916 4660 2055 4701 cum

402 4738 529 4781 rem
565 4724 839 4798 aliquam
868 4727 930 4782 in
961 4743 1084 4783 uno
1116 4744 1298 4801 opere
1323 4736 1484 4786 certo
1509 4731 1779 4804 quodam
1811 4734 2056 4790 nomine

400 4812 735 4886 saepissime
775 4815 1187 4886 expressisset,
1224 4817 1287 4872 in
1350 4812 1538 4875 altero
1575 4818 1728 4875 libro
1772 4820 2054 4878 eamdem

399 4916 529 4958 rem
583 4903 800 4960 eodem
857 4904 958 4960 illo
1013 4905 1258 4962 nomine
1306 4923 1610 4981 nusquam
1674 4912 2053 4982 expresserit,

400 4993 761 5064 praesertim,
795 4999 858 5050 ut
903 4995 1188 5063 diximus,
1213 4997 1259 5053 si
1303 4998 1390 5053 rei
1436 4998 1596 5054 illius
1645 5000 2053 5072 exprimendae

401 5083 643 5139 occasio
684 5100 813 5140 sese
848 5086 1079 5157 passim
1128 5084 1385 5143 offerret.
1441 5091 1521 5144 Ex
1569 5088 1792 5161 quibus
1840 5106 2049 5146 conse-

398 5186 591 5249 quens
621 5188 751 5230 esse
791 5174 1070 5245 arbitror,
1104 5180 1169 5232 ut
1205 5176 1328 5233 duo
1357 5184 1635 5234 auctores
1678 5179 2052 5252 distinguan-

401 5263 517 5326 tur,
550 5277 816 5334 quorum
862 5256 1022 5320 unus
1072 5265 1350 5337 Regulas,
1392 5266 1538 5323 alter
1584 5268 2059 5333 Constitutiones

398 5348 840 5422 conscripserit.
886 5352 1022 5408 Hinc
1066 5354 1245 5411 certa'
1267 5371 1398 5412 esse
1426 5356 1702 5414 existimo
1754 5358 2003 5430 quidem
2033 5377 2046 5415 :

398 5436 526 5508 sed,
551 5453 627 5495 ne
655 5440 753 5495 cui
777 5440 916 5512 quis
939 5442 1260 5515 scrupulus
1282 5445 1565 5517 supersit,
1583 5446 1700 5504 hoc
1729 5446 1891 5504 idem
1926 5464 2028 5505 ma

2165 4476 2409 4517 namus.
2428 4460 2708 4531 Itaigitur
2729 4461 3022 4534 scriptum
3045 4463 3207 4518 estin
3229 4462 3467 4533 Regulis
3488 4463 3823 4535 majoribus

2165 4556 2312 4622 (reg.
2334 4556 2352 4606 1
2372 4552 2447 4621 1):
2471 4556 2568 4604 Τόν
2585 4554 2674 4624 μὲν
2695 4551 2993 4626 πληροφορῆ
3004 4572 3119 4619 σας,
3136 4554 3216 4604 ότι
3241 4554 3285 4620 ὁ,
3301 4559 3437 4619 etc.,
3457 4554 3542 4609 sic
3560 4559 3624 4609 ut
3641 4554 3828 4616 alteri

2164 4642 2399 4715 quidem
2416 4642 2804 4711 persuaserit,
2818 4646 2883 4696 ut
2900 4643 2970 4707 si,
2985 4646 3095 4697 etc.
3120 4641 3275 4698 Alibi
3292 4642 3353 4697 in
3370 4641 3567 4699 isdem
3587 4642 3703 4698 illis
3725 4645 3825 4699 Re-

2166 4730 2322 4801 gulis
2338 4733 2484 4800 (reg.
2502 4736 2566 4786 27
2587 4730 2708 4801 maj
2721 4730 2850 4801 .)ita
2866 4730 3102 4801 legitur:
3122 4730 3604 4804 Πληροφορηθέντες
3622 4728 3714 4784 διὰ
3726 4742 3823 4795 τῆς

2164 4825 2496 4892 φανερώσεως
2531 4826 2630 4870 τῶν
2661 4822 2718 4870 οὐ
2740 4817 2848 4891 μετ’
2872 4816 3115 4882 ἀληθείας
3153 4820 3592 4887 ὑποπτευθέντων,
3625 4828 3721 4880 τῆς
3741 4817 3821 4873 ἐπ’

2163 4909 2304 4980 αὐτῳ
2322 4905 2637 4980 διακρίσεως
2654 4905 3098 4962 ἀπαλλάσσονται.
3113 4898 3257 4979 Ipsi,
3274 4909 3365 4974 iis,
3386 4924 3517 4978 quae
3528 4907 3826 4978 latsosus-

2160 5004 2328 5068 pecta
2355 4998 2626 5067 fuerant,
2647 4999 2923 5068 cognitis,
2954 4999 3042 5054 ita
3069 4999 3305 5054 demum
3332 5000 3613 5055 certiores
3637 4999 3823 5068 facti,

2163 5088 2238 5145 ab
2256 5103 2346 5157 ea,
2360 5103 2539 5159 quam
2554 5088 2626 5144 de
2639 5089 2764 5157 ipso
2779 5093 3193 5158 conceperant,
3210 5088 3545 5157 suspicione
3561 5088 3825 5145 liberan-

2163 5184 2285 5233 tur.
2308 5181 2424 5233 Nec
2454 5177 2629 5234 aliter
2646 5176 2913 5249 loquitur
2942 5184 3151 5233 auctor
3180 5177 3240 5232 in
3265 5176 3505 5246 Regulis
3531 5176 3823 5233 breviori-

2160 5267 2296 5339 bus,
2314 5266 2418 5323 ubi
2439 5267 2570 5323 haec
2592 5265 2776 5322 verba
2796 5265 3331 5338 reperiuntur(reg.
3354 5266 3411 5320 11
3431 5265 3550 5337 br.)
3566 5284 3578 5321 :
3596 5265 3710 5318 Ἐὰν
3728 5262 3819 5317 οὖν

2159 5377 2241 5418 τις
2268 5356 2638 5431 πληροφορηθῇ
2672 5356 2805 5407 ὃσων
2834 5375 2925 5407 και
2945 5353 3134 5412 ἡλίκων
3159 5363 3330 5406 κακῶν
3355 5359 3552 5427 γίνεται
3577 5357 3722 5406 αἴτια
3749 5357 3821 5407 τὰ

2162 5448 2535 5522 ἁμαρτήματα,
2551 5432 2658 5502 etc.
2682 5446 2752 5501 Si
2770 5446 2868 5501 cui
2889 5445 3079 5515 igitur
3094 5459 3449 5516 persuasum
3470 5445 3567 5515 sit,
3588 5443 3817 5515 quodet

398 5527 491 5608 gis
516 5528 877 5591 conﬁrmare
904 5530 1105 5593 statui.
1135 5535 1264 5594 Duo
1288 5540 1428 5597 sunt
1450 5526 1649 5609 igitur,
1677 5553 1815 5613 quae
1843 5541 2051 5597 notata
2157 5543 2522 5611 quantorum
2550 5535 2847 5594 malorum
2885 5548 3068 5592 causa
3081 5538 3336 5604 peccata
3364 5534 3507 5603 sint,
3539 5538 3652 5590 etc.
3678 5531 3815 5592 Alia
