4058 6192
193 304 253 360 97
1676 298 2058 360 PREFATIO.
2421 283 2434 288 ’
3535 312 3604 368 98

191 427 389 498 regula
437 427 591 496 (reg.
636 429 704 483 37
745 426 944 498 brev.)
995 427 1082 484 sic
1124 427 1332 502 incipit
1372 445 1386 484 :
1430 427 1850 503 ιιληροφορηθεὶς

1965 427 2144 484 verbo
2191 430 2631 506 πληροφορεῖσθαι
2673 433 2734 489 in
2785 434 2877 501 iis,
2921 451 3059 507 qua:
3113 433 3258 498 dixi,
3319 435 3610 492 Constitu-

191 525 276 577 τὴν
317 522 618 591 παρουσίαν
661 524 752 568 τοῦ
793 523 1061 570 Δεσπότω
1113 526 1245 571 Θεοῦ
1293 526 1384 570 τοῦ
1433 521 1497 570 τὰ
1530 520 1698 569 πάντα
1729 515 1848 588 ἐφο-

192 618 387 682 ρενιτος.
406 608 550 664 Siei
569 622 927 675 persuasum
952 609 1029 664 sit
1050 609 1122 664 de
1139 609 1462 678 praesentia
1483 607 1731 664 Domini
1746 607 1856 662 Dei

193 699 379 755 omnia
407 698 813 767 inspicientis.
838 699 969 753 Mox
996 697 1077 752 ita
1107 697 1322 767 legitur
1349 700 1495 769 (reg.
1526 701 1592 752 38
1616 696 1805 764 brev.)
1833 712 1845 750 :

193 788 628 860 Ηὶιςροφορείσθω
677 782 756 849 δὲ,
791 791 870 838 ὅτι
909 791 1005 838 οὐκ
1054 786 1304 859 ἀνθρώπῳ
1336 785 1604 858 ἀντιλέγει,
1638 789 1666 843 ἦ
1710 786 1849 836 ὑπα-

189 879 336 940 κούει,
371 871 484 932 ἢδη
521 869 584 924 δὲ
613 879 705 924 καί
736 873 876 945 αὐτ-ῳ
912 894 985 945 τῳ
1035 879 1226 947 Κυρίῳ.
1274 876 1340 929 Si
1373 881 1569 930 autem
1598 887 1849 942 persua-

186 967 480 1020 sissimum
533 964 607 1028 ei,
671 977 733 1019 se
787 979 907 1018 non
967 965 1193 1020 homini
1248 964 1683 1030 contradicere,
1743 967 1848 1017 aut

186 1056 439 1122 obedire,
487 1054 599 1109 sed
639 1055 898 1134 Domino
937 1055 1072 1124 ipsi.
1126 1054 1404 1126 Sequitur
1446 1054 1594 1125 (reg.
1643 1056 1729 1114 81,
1785 1068 1844 1124 p.

183 1146 294 1212 444)
331 1159 345 1196 :
379 1147 600 1216 Μέχρις
642 1141 705 1192 οἷν
745 1140 1205 1214 πληροφορηϐἧναι
1237 1138 1460 1213 δυνηθῇ,
1496 1144 1524 1199 ἦ
1559 1142 1639 1192 ὅτι
1665 1142 1690 1192 ὁ
1722 1142 1849 1201 Θεὸς

181 1239 359 1302 κριτής
423 1228 671 1297 δίκαιος,
714 1236 827 1286 etc.
883 1231 1092 1297 Quoad
1145 1231 1199 1286 ei
1237 1231 1599 1300 persuaderi
1640 1230 1846 1299 possit,

177 1329 276 1377 aut
327 1323 526 1376 Deum
575 1334 700 1375 esse
740 1321 980 1388 justum
1024 1319 1306 1388 iudicem,
1349 1324 1461 1375 etc.
1521 1318 1848 1388 tnterjectis

173 1411 405 1474 multis,
441 1409 706 1480 scriptor
731 1406 1002 1480 loquitur
1040 1409 1188 1479 (reg.
1235 1409 1356 1478 127)
1389 1425 1401 1463 :
1447 1412 1600 1479 Ηὸσῳ
1639 1406 1846 1479 μᾶλλον,

173 1500 252 1550 ἐὰν
299 1499 691 1570 πληροφορηθῇ
743 1515 842 1562 τις,
891 1501 1018 1548 Θεὸν
1076 1500 1215 1568 ἔχειν
1273 1496 1499 1554 ἐπόπτην
1544 1506 1641 1548 τῶν
1703 1492 1849 1548 ἰδίων

169 1593 515 1660 tangite-)3;
565 1586 805 1654 Quanto
855 1587 1047 1657 magis
1089 1587 1244 1642 idem
1290 1587 1580 1642 vitabitur
1627 1586 1678 1641 si
1717 1585 1850 1656 quis

165 1680 284 1733 sibi
307 1680 511 1746 plane
550 1677 952 1746 persuaserit,
985 1690 1044 1731 se
1073 1683 1340 1731 motuum
1383 1691 1629 1732 suorum
1659 1676 1847 1730 Deum

165 1770 584 1837 inspectorem
616 1765 838 1822 habere
858 1768 884 1818 .9
917 1764 1096 1820 Plura
1125 1765 1231 1837 qui
1259 1765 1485 1832 volent,
1511 1764 1709 1834 legere
1739 1780 1848 1836 po-
1880 1775 1920 1828 Β

168 1862 375 1913 terunt
410 1855 669 1926 regulas
705 1859 826 1923 132,
878 1857 999 1925 174,
1044 1859 1165 1924 199,
1209 1859 1335 1924 219,
1382 1859 1506 1923 233,
1552 1859 1678 1918 261,
1723 1859 1848 1922 272,

163 1951 272 2002 296
325 1955 385 2003 et
439 1949 573 2001 306.
624 1945 762 2000 Jam
809 1943 991 1999 velim
1045 1960 1252 2000 secum
1310 1948 1590 2016 reputent
1635 1941 1854 1999 eruditi

164 2037 483 2103 homines,
517 2050 676 2090 num
707 2033 1029 2088 verisimile
1061 2033 1136 2088 sit
1161 2039 1467 2088 auctorem
1499 2033 1855 2105 quempiam

170 2142 293 2181 uno
331 2124 537 2180 verbo
587 2122 668 2178 ad
719 2122 953 2194 aliquid
1005 2121 1475 2191 signiﬁcandum
1520 2123 1748 2194 passim
1792 2123 1854 2178 in

170 2216 378 2286 aliquo
428 2229 624 2285 opere
678 2211 786 2280 uti,
838 2211 944 2282 qui
1003 2215 1208 2266 tamen
1258 2213 1474 2266 eodem
1521 2211 1624 2267 illo
1671 2211 1855 2267 verbo

168 2318 507 2375 nunquam
533 2305 749 2357 utatur
768 2301 829 2355 in
861 2299 981 2355 alio
1011 2298 1165 2355 libro
1194 2299 1273 2355 ad
1300 2299 1581 2355 eamdem
1603 2316 1729 2356 rem
1759 2316 1854 2356 ex-

169 2391 587 2464 primendam,
621 2390 892 2444 maxime
925 2389 973 2444 si
1001 2404 1127 2444 rem
1155 2387 1318 2444 illam
1345 2389 1568 2460 saepius
1599 2390 1856 2461 exprimi

167 2482 539 2554 oportuerit.
561 2484 622 2534 In
648 2478 1196 2536 Constitutionibus
1218 2482 1420 2534 autem
1445 2477 1702 2534 verbum
1722 2479 1854 2537 πλη-

174 2573 422 2646 ροξορεὶν
472 2584 796 2641 nusquam
826 2568 1064 2638 legitur,
1094 2583 1230 2622 cum
1263 2572 1467 2623 tamen
1513 2582 1724 2623 earum
1755 2584 1856 2624 au-

172 2667 297 2715 ctor
326 2659 412 2714 ad
437 2657 737 2714 eamdem
758 2673 886 2712 rem
910 2655 1383 2726 signiﬁcandam
1401 2655 1521 2712 alio
1542 2655 1730 2712 verbo
1752 2672 1856 2711 sae-

171 2752 308 2821 pius
344 2765 503 2804 usus
541 2751 638 2803 sit.
673 2749 738 2802 Et
778 2762 855 2802 ne
885 2746 1024 2818 quis
1051 2745 1110 2800 id
1155 2748 1375 2801 temere
1405 2744 1636 2800 dictum
1675 2743 1856 2798 fuisse

169 2840 500 2906 existimet,
533 2836 677 2893 loca
699 2835 987 2908 quaedam
1009 2833 1336 2899 adducam,
1364 2833 1594 2906 quibus
1625 2832 1858 2888 dubita-

173 2930 254 3000 ιὶο
282 2928 495 2984 omnis
547 2926 810 2982 tollatur.
857 2929 1063 2996 itaque
1098 2922 1607 2980 Constitutionum
1648 2926 1860 2978 auctor

168 3020 253 3076 sic
297 3019 591 3090 loquitur
634 3019 794 3088 (cap.
823 3015 878 3084 9)
927 3031 940 3068 :
992 3017 1197 3074 Γνόντες
1246 3008 1305 3064 οὗ
1351 3017 1446 3070 τὴν
1496 3013 1711 3084 ζημίαν,
1755 3014 1854 3084 φύ-

1957 517 2191 575 tionum
2221 520 2369 576 locis
2400 539 2650 578 usurum
2682 523 2865 579 fuisse
2895 529 3061 596 puto,
3087 524 3255 596 quod
3284 523 3470 580 verbo
3499 527 3610 576 πεί-

1961 607 2144 660 θεσθαι
2174 610 2256 664 uti
2291 627 2413 666 non
2446 611 2637 668 soleat
2668 629 2777 683 pro
2809 627 2903 677 eo,
2936 613 3102 684 quod
3134 620 3243 679 est,
3278 621 3438 670 certo
3476 628 3606 669 cre-

1959 698 2118 758 dere.
2151 702 2644 768 autpersuaderi.
2675 700 2964 756 Videntur
2990 702 3170 770 igitur
3198 701 3609 771 distinguendi

1960 804 2090 842 esse
2118 788 2240 844 duo
2272 796 2564 861 auctores,
2599 807 2863 862 quorum
2911 807 3070 845 unus
3118 792 3304 847 verbo
3343 792 3607 866 πληροφο-

1958 877 2165 950 ρείσθαι
2192 879 2365 933 unice
2409 880 2739 936 deleCtatus
2787 881 2859 936 sit
2885 880 2963 936 ad
2992 881 3326 952 quamdam
3359 898 3609 954 persua-

1958 965 2191 1021 sionem
2223 967 2708 1037 significandam,
2737 968 2884 1024 alter
2912 985 3052 1024 vero
3074 969 3152 1024 ad
3179 971 3457 1025 eamdem
3480 987 3608 1026 rem

1958 1056 2417 1127 exprimendam
2447 1059 2648 1127 potius
2677 1058 2794 1113 alio
2832 1059 3049 1130 quovis
3080 1058 3266 1114 verbo
3315 1076 3461 1114 usus
3513 1061 3607 1115 sit.

1963 1145 2073 1199 Ubi
2117 1150 2172 1200 et
2205 1145 2352 1200 illud
2399 1147 2596 1201 notari
2643 1152 2861 1218 potest,
2896 1163 3108 1202 vocem
3152 1147 3475 1222 πληροφορία
3504 1165 3608 1204 saa-

1959 1233 2208 1305 pissime
2238 1250 2482 1306 quoque
2513 1235 2570 1290 in
2605 1234 2841 1305 Regulis
2869 1241 2989 1290 tam
3022 1236 3393 1304 longioribus
3422 1253 3608 1308 quam

1958 1322 2337 1378 brevioribus
2380 1322 2497 1392 legi
2547 1341 2559 1378 :
2607 1340 2744 1395 quae
2793 1329 2996 1380 tamen
3047 1324 3232 1380 semel
3264 1330 3498 1380 tantum
3547 1326 3607 1380 in

1961 1409 2499 1465 Constitutionibus
2531 1411 2850 1482 reperitur;
2885 1428 2956 1466 ex
2986 1427 3110 1484 quo
3137 1412 3224 1478 ﬁt,
3255 1417 3320 1467 ut
3348 1412 3470 1467 duo
3499 1429 3609 1468 au-

1959 1503 2152 1553 ctores
2182 1497 2472 1567 distingui
2501 1498 2786 1565 debeant,
2818 1515 3082 1571 quorum
3115 1500 3217 1554 uni
3262 1516 3381 1555 vox
3410 1500 3608 1573 πληρο-

1961 1591 2117 1659 φορία
2155 1586 2235 1641 ita
2280 1586 2592 1658 placuerit,
2644 1592 2704 1643 ut
2753 1604 2824 1643 ea
2870 1588 3100 1659 passim
3147 1593 3432 1658 uteretur,
3463 1589 3613 1645 alter

1960 1692 2104 1731 vero
2135 1675 2348 1731 eadem
2384 1677 2571 1731 semel
2603 1677 2899 1732 duntaxat
2947 1677 3125 1749 quasi
3175 1676 3419 1733 fortuito
3462 1695 3609 1734 usus

1964 1765 2056 1820 sit.
2089 1764 2268 1820 Multa
2299 1765 2511 1820 omitto
2542 1766 2774 1832 sciens;
2807 1781 2918 1820 nec
2958 1766 3117 1822 enim
3142 1767 3338 1822 notari
3368 1772 3616 1839 possent

1962 1855 2187 1920 omnia,
2217 1854 2364 1925 quin
2386 1854 2634 1910 taedium
2667 1860 2844 1926 atque
2869 1855 3113 1910 satietas
3137 1856 3468 1912 aiferretur.
3499 1855 3613 1912 Sed

1960 1946 2167 1998 tamen
2197 1943 2344 1998 illud
2371 1943 2606 1999 silentio
2637 1943 2940 2014 praeterire
2968 1959 3091 1998 non
3117 1959 3296 2016 queo,
3324 1945 3614 2000 adverbia

1961 2032 2244 2103 quaedam
2267 2033 2328 2087 in
2357 2032 2594 2103 [tegulis
2620 2048 2741 2088 non
2764 2048 2902 2089 raro
2932 2033 3140 2104 praeire
3172 2034 3614 2105 Scripturarum

1962 2121 2319 2177 testimoniis
2353 2139 2365 2177 :
2399 2122 2504 2194 qui
2535 2121 2964 2178 adverbiorum
3005 2138 3148 2176 usus
3184 2122 3386 2177 nullus
3428 2129 3518 2179 est
3553 2124 3616 2178 in

1965 2210 2534 2266 Constitutionibus.
2577 2211 2759 2281 Magis
2789 2226 2885 2266 res
2913 2209 3299 2280 intelligetur,
3328 2212 3375 2266 si
3417 2227 3617 2268 exem-

1963 2297 2064 2367 pla
2095 2296 2300 2370 aliqua
2332 2303 2773 2370 proponantur.
2806 2299 3071 2354 Primum
3111 2304 3315 2355 autem
3358 2301 3618 2356 occurrit

1962 2385 2109 2441 illud
2137 2387 2196 2442 in
2217 2386 2455 2456 Regulis
2475 2387 2809 2458 majoribus
2839 2395 2982 2458 (reg.
3010 2393 3061 2463 5,
3085 2402 3146 2443 n.
3175 2389 3226 2460 2)
3252 2407 3264 2443 ε
3288 2396 3389 2441 Τοῦ
3419 2393 3614 2463 Κυρίου

1965 2477 2241 2550 ὀριστικῶς
2273 2477 2524 2542 εἰπόντος,
2571 2479 2651 2529 ὅτι
2699 2477 2850 2529 Οὕτω
2881 2483 2982 2539 πᾶς
3125 2480 3286 2550 ὑμῶν,
3319 2482 3430 2533 etc.
3466 2478 3614 2533 Cum

1964 2568 2253 2622 Dominus
2301 2567 2491 2622 verbis
2531 2567 2881 2623 decretoriis
2923 2568 3172 2636 dixerit,
3218 2591 3246 2617 «
3279 2569 3379 2624 Sic
3425 2569 3617 2622 omnis

1965 2669 2041 2711 ex
2070 2656 2312 2722 vobis,»
2361 2661 2472 2711 etc.
2517 2658 2634 2711 Hoc
2675 2655 2811 2727 ipso
2853 2655 2912 2711 in
2951 2655 3086 2712 loco
3110 2656 3194 2712 ita
3224 2656 3438 2725 legitur
3470 2677 3482 2711 :
3517 2661 3616 2708 Καὶ

1967 2748 2042 2796 ἔτι
2105 2741 2647 2818 δυσωπητικὼτερον,
2712 2747 2894 2807 Καθὼς
2961 2745 3058 2818 ἐγὼ
3112 2749 3203 2808 τὰς
3265 2745 3466 2808 ἐντολὰς
3524 2755 3616 2799 τοῦ

1967 2840 2171 2907 Πατρός
2228 2855 2326 2907 μου
2385 2841 2686 2908 τετήρηκα,
2745 2841 2856 2891 etc.
2909 2836 3026 2904 Et,
3094 2837 3256 2908 quod
3310 2837 3617 2906 efﬁcacius

1967 2926 2145 2981 etiam
2171 2927 2358 2995 possit
2387 2941 2770 2993 commovere,
2807 2948 2835 2976 «
2863 2927 3031 2982 Sicut
3059 2933 3113 2982 et
3143 2942 3246 2997 ego
3271 2927 3478 2981 Patris
3507 2927 3622 2982 mei

1959 3021 2271 3084 praecepta
2320 3016 2575 3077 servavi,
2630 3036 2658 3064 »
2694 3020 2806 3070 etc.
2851 3014 3158 3071 Consentit
3203 3030 3343 3069 cum
3381 3014 3452 3069 iis
3480 3030 3617 3086 quae

170 3127 338 3180 γωμτδ
373 3117 473 3168 τῆς
509 3107 794 3176 ἐπιθυμίας
816 3107 874 3155 τὸ
904 3104 1117 3157 ἄτοπον.
1152 3103 1408 3171 Cognito
1437 3102 1641 3172 itaque
1671 3101 1851 3157 detri-

1967 3103 2255 3168 diximus,
2303 3103 2453 3158 illud
2492 3107 2644 3174 (reg.
2683 3108 2772 3170 37,
2803 3119 2864 3157 n.
2899 3103 2971 3170 2),
3004 3111 3094 3154 τοῦ
3119 3101 3435 3155 Ἀποστόλου
3460 3123 3616 3175 φανε-

175 3204 399 3262 mento,
431 3197 602 3252 hanc
631 3194 962 3250 absurdam
1002 3191 1343 3261 cupidinem
1369 3191 1707 3260 fugiamus.
1739 3193 1854 3245 Nec

175 3289 256 3342 ita
296 3285 505 3342 multo
558 3283 721 3339 infra
751 3283 835 3338 sic
876 3281 1086 3336 scribit
1127 3283 1285 3351 (cap.
1322 3280 1411 3346 16)
1453 3295 1466 3333 :
1509 3275 1688 3336 Μηδὲν
1728 3279 1854 3341 δλως

177 3378 475 3447 κατορθοῦν
509 3374 566 3436 ἐξ
609 3374 804 3434 οἰκείας
851 3372 1157 3443 λογιζομένη
1211 3366 1497 3441 δυνάμεως,
1533 3370 1693 3425 nihil
1738 3385 1856 3426 om-

182 3467 324 3521 nino
379 3468 512 3519 suis
573 3477 636 3519 se
692 3462 918 3518 viribus
970 3465 1132 3516 recte
1176 3458 1380 3528 facere
1435 3464 1626 3514 ratus.
1681 3457 1858 3514 Paria

185 3561 322 3609 sunt
350 3569 502 3626 qua:
546 3550 734 3624 paulo
776 3555 915 3622 post
960 3549 1244 3620 leguntur
1275 3549 1428 3618 (cap.
1471 3551 1554 3618 17,
1588 3562 1648 3619 p.
1679 3551 1803 3613 560)
1839 3563 1852 3602 :

189 3645 338 3697 ’Δῦάι
368 3644 698 3714 λογισαμένη
731 3649 793 3713 τῇ
843 3636 1081 3711 ἀναιδείᾳ
1118 3646 1208 3690 τοῦ
1248 3646 1341 3699 τῆς
1372 3643 1622 3710 πονηρίας
1652 3639 1857 3711 εὑρετοῦ

187 3739 281 3791 τήν
311 3741 415 3784 τῶν
472 3731 685 3783 ἀτόπων
729 3729 924 3781 ἐννοιῶν
974 3731 1259 3801 φαντασίαν
1307 3728 1568 3797 γενέσθαι,
1596 3731 1710 3782 etc.
1742 3727 1861 3783 Sed

188 3823 352 3878 illud
378 3837 588 3878 secum
615 3822 905 3889 cogitans,
947 3818 1023 3874 ab
1061 3816 1407 3886 impudente
1433 3816 1540 3871 illo
1579 3818 1858 3887 nequitiae

190 3915 512 3968 mventore
559 3910 965 3966 absurdarum
1008 3907 1437 3977 cogitationum
1474 3908 1722 3975 speciem
1752 3907 1859 3962 im-

187 4004 413 4073 primi,
476 4005 592 4056 etc.
651 3998 904 4054 Maxime
964 3997 1302 4053 notandum
1355 3994 1522 4066 quod
1591 3995 1862 4067 sequitur

189 4093 355 4164 (cap.
401 4095 491 4159 19,
527 4105 587 4162 p.
619 4089 746 4157 563)
783 4105 795 4143 :
833 4086 1008 4158 Ηολλῳ
1037 4085 1225 4158 μᾶλλον
1261 4087 1308 4136 οὶ
1346 4087 1475 4156 πρὸς
1505 4089 1597 4141 τὴν
1626 4086 1860 4156 μάθησιν

189 4192 282 4243 τίς
315 4179 593 4240 τὰσεϐείας
625 4183 714 4229 καὶ
740 4186 832 4238 τῆς
863 4178 1136 4237 ὁσιότητος
1183 4173 1562 4246 ἀφικνούμενοι,
1596 4173 1737 4235 ἅπαξ
1766 4192 1861 4226 πε-

189 4279 428 4332 nacta;
457 4269 676 4329 ἑαυτοὺς
703 4270 782 4324 ὅτι
810 4262 1149 4331 δυνήσονται,
1174 4270 1286 4321 etc.
1315 4263 1509 4318 Multo
1538 4263 1730 4332 magis
1761 4263 1867 4335 qui

194 4363 272 4416 ad
308 4359 670 4416 discendam
695 4357 938 4426 pietatis
986 4353 1440 4423 sanctitatisque
1483 4351 1862 4422 disciplinam

1965 3201 2066 3265 ρώς
2097 3191 2558 3265 παραγγέλλοντος,
2601 3195 2685 3244 τὸν
2729 3197 2799 3263 μὴ
2852 3190 3208 3264 ἐργαζόμενον,
3236 3189 3375 3264 μηδὲ
3406 3191 3614 3259 ἐσθίειν,

1966 3297 2099 3338 cum
2143 3283 2467 3351 Apostolus
2510 3287 2718 3351 aperte
2763 3281 3103 3350 praecipiat,
3135 3288 3200 3338 ut
3239 3283 3346 3354 qui
3380 3299 3499 3338 non
3531 3283 3616 3340 la-

1967 3370 2156 3440 borat,
2189 3387 2376 3443 neque
2406 3372 2584 3426 etiam
2623 3371 2964 3427 manducet.
3000 3371 3288 3427 Eamdem
3315 3372 3618 3428 scribendi

1965 3459 2262 3516 rationem
2295 3464 2536 3515 secutus
2567 3464 2778 3515 auctor
2816 3460 2877 3514 in
2926 3461 3166 3531 Regulis
3214 3460 3617 3527 brevioribus,

1966 3548 2051 3604 ita
2095 3550 2331 3620 scripsit
2375 3553 2521 3618 (reg.
2558 3553 2646 3616 47)
2683 3565 2696 3602 :
2727 3547 2930 3600 Ἠλίκον
2981 3545 3039 3600 δέ
3086 3549 3199 3602 ἐστι
3229 3553 3286 3601 τὸ
3334 3555 3498 3622 κρίμα
3527 3558 3617 3602 τοῦ

1968 3636 2334 3711 ἁμαρτήματος
2396 3639 2580 3689 τούτου
2611 3679 2624 3702 ,
2681 3637 2849 3698 ἔξεστι
2913 3645 3103 3708 γνῶναι
3159 3647 3360 3712 πρῶτον
3412 3641 3501 3710 μὲν
3567 3637 3618 3700 ἐξ

1970 3726 2273 3798 ἀποφάσεως
2326 3735 2417 3778 τοῦ
2474 3731 2668 3800 Κυρίου
2721 3726 3007 3788 καθολικῶς
3061 3727 3312 3794 εἰπόντος,
3355 3728 3412 3779 '0
3466 3726 3616 3780 ἀπει-

1971 3818 2071 3868 θῶν
2113 3836 2184 3886 τῳ
2232 3820 2351 3887 Υίῳ,
2385 3819 2496 3871 etc.
2547 3816 2748 3871 Porro
2795 3830 2975 3887 quam
3017 3831 3204 3885 grave
3248 3818 3324 3872 sit
3369 3818 3622 3887 hujusce

1960 3905 2196 3975 peccati
2213 3905 2538 3974 judicium,
2561 3905 2826 3974 intelligi
2843 3911 3037 3973 potest
3057 3906 3252 3974 primo
3280 3907 3516 3977 quidem
3543 3922 3621 3963 ea:

1967 3996 2264 4050 sententia
2290 3994 2554 4060 Domini,
2579 3994 2685 4064 qui
2701 3994 2764 4048 in
2786 3993 3130 4050 universum
3161 3995 3316 4051 dixit
3346 4011 3368 4050 :
3395 4017 3422 4044 «
3455 3995 3620 4062 Quis-

1967 4085 2100 4156 quis
2148 4100 2270 4140 non
2317 4083 2512 4140 obedit
2540 4083 2722 4153 Filio,
2756 4104 2783 4132 n
2816 4088 2927 4138 etc.
2963 4084 3174 4139 Statim
3201 4083 3282 4140 ita
3328 4085 3622 4157 scriptum

1967 4171 2269 4227 invenitur
2309 4179 2456 4242 (reg.
2490 4171 2580 4241 48)
2609 4188 2621 4222 :
2657 4171 2749 4231 Οἷς
2797 4168 3022 4242 ἐπιφέρει
3051 4170 3475 4245 καθολικώτερον,
3510 4175 3618 4224 Οὔ-

1968 4280 2068 4322 τως
2100 4263 2124 4312 ὁ
2154 4261 2489 4336 θησαυρίζων
2541 4259 2728 4332 ἐαυτῳ,
2775 4263 2887 4315 etc.
2942 4260 3163 4327 Quibus
3207 4263 3398 4332 magis
3441 4277 3620 4332 gene-

1970 4352 2152 4406 ratim
2184 4351 2465 4420 adjungit
2497 4367 2515 4402 :
2544 4372 2573 4400 «
2605 4351 2706 4406 Sic
2732 4350 2837 4421 qui
2863 4349 2976 4404 sibi
3015 4350 3405 4416 thesaurizat,
3438 4371 3466 4400 ›
3507 4357 3620 4409 etc.

196 4453 521 4518 accedunt,
577 4449 684 4503 ubi
735 4448 913 4504 semel
960 4445 1370 4514 persuaserint
1425 4442 1560 4511 sibi,
1611 4457 1691 4512 se,
1748 4447 1860 4497 etc.
1894 4457 1936 4510 ι)
1970 4441 2296 4510 lnterjectis
2348 4453 2472 4494 non
2538 4438 2753 4509 paucis
2822 4437 2906 4493 sic
2969 4438 3205 4495 locutus
3263 4447 3354 4497 est
3415 4447 3626 4498 auctor

198 4543 403 4598 Prima
451 4540 675 4612 capitis
723 4544 783 4593 2t
834 4537 1024 4594 verba
1055 4537 1184 4592 haec
1213 4539 1354 4590 sunt
1386 4551 1399 4588 :
1432 4537 1546 4605 Χρῂ
1576 4537 1750 4605 μέντοι
1773 4538 1864 4584 καὶ

199 4640 351 4683 τοῦτο
381 4631 671 4683 πεπεῖσθαι
714 4637 908 4700 σαφῶς,
951 4629 1050 4696 ὅτι,
1084 4631 1195 4681 etc.
1243 4625 1383 4679 Jam
1432 4622 1592 4677 illud
1629 4637 1864 4694 quoque

194 4737 308 4790 pro
331 4726 502 4776 certo
524 4717 865 4774 habendum
889 4722 994 4784 est,
1017 4719 1128 4771 etc.
1152 4712 1441 4784 Ejusdem
1465 4713 1703 4781 generis
1724 4715 1866 4766 sunt

199 4826 333 4882 qua:
364 4807 682 4865 ascribam
705 4822 736 4862 e
761 4821 894 4877 cap.
925 4808 1094 4876 22(p.
1119 4807 1242 4868 573)
1280 4819 1292 4856 :
1325 4804 1418 4853 Διά
1448 4820 1528 4852 τοι
1548 4807 1699 4851 τοῦτο
1729 4819 1862 4873 προ-

203 4907 351 4957 σέχει
372 4894 642 4970 μηδαμῶς
665 4895 1023 4948 ἐδαντιοῦσοαι
1059 4901 1172 4955 ταῖς
1203 4893 1356 4944 αὐτον
1390 4887 1710 4956 ὃιατάξεσιν,
1738 4887 1864 4942 ἀλλὰ

202 4991 503 5052 πτεῑςᾶαι,
534 4992 648 5043 etc.
698 4987 991 5052 Quorcica
1032 4984 1201 5039 nullo
1249 4981 1422 5038 modo
1461 4982 1590 5050 ejus
1621 4979 1862 5034 statutis

203 5078 655 5135 advenandum
707 5081 812 5139 est,
856 5075 961 5131 sed
1001 5090 1115 5143 pro
1153 5077 1314 5129 certo
1360 5069 1721 5136 habendum,
1749 5073 1858 5124 etc.

205 5169 364 5226 certe
400 5169 454 5224 si
498 5168 606 5240 qui
648 5165 905 5236 Regulas
943 5163 1201 5236 scripsit,
1235 5158 1572 5232 scripsisset
1611 5164 1669 5214 et
1715 5160 1890 5250 (Ion:

209 5261 566 5324 stitutiones,
593 5253 929 5328 aliquando
957 5254 1019 5308 in
1041 5253 1132 5320 iis,
1165 5267 1300 5324 quin
1323 5265 1466 5305 mox
1495 5247 1692 5317 citavi,
1715 5245 1864 5302 locis

209 5350 386 5404 verbo
439 5347 906 5420 πληροφορείσθω,
950 5359 1071 5398 uno
1120 5342 1398 5398 omnium
1451 5336 1564 5392 sibi
1612 5334 1864 5392 familia-

211 5437 471 5505 rissima,
503 5453 651 5493 usus
683 5438 844 5490 esset
876 5450 889 5488 :
933 5431 1100 5504 quod
1138 5446 1278 5486 cum
1308 5443 1434 5484 non
1463 5424 1688 5493 fecerit,
1728 5425 1864 5495 jure

214 5526 515 5596 putandus
535 5532 628 5582 est
657 5524 817 5580 alius
841 5537 977 5579 esse
997 5521 1076 5578 ab
1101 5536 1190 5591 eo,
1221 5519 1326 5592 qui
1354 5515 1864 5575 Constitutionum

215 5613 428 5673 librum
451 5617 672 5675 emisit.
710 5615 920 5686 quue
947 5611 1144 5682 magis
1169 5607 1525 5681 Regularum
1555 5609 1866 5664 auctorem

1971 4535 2121 4599 (reg.
2171 4531 2293 4587 115)
2328 4545 2341 4582 :
2376 4528 2468 4588 Οἷς
2516 4525 2744 4600 ἐπιφέρει
2792 4523 3316 4602 δυσωπητικὼτερον,
3357 4529 3554 4603 Ὠσπερ
3597 4531 3623 4582 ὁ

1972 4621 2089 4679 Υἱὸς
2119 4625 2211 4669 τοῦ
2244 4615 2536 4688 ἀνθρώπου,
2584 4621 2695 4671 etc.
2746 4616 2968 4683 Quibus
3017 4618 3143 4673 haec
3185 4619 3530 4688 efﬁcaciora
3569 4625 3623 4676 et

1971 4707 2054 4764 ad
2079 4705 2568 4777 persuadendum
2599 4707 2840 4774 aptiora
2887 4705 3172 4778 adjungit
3198 4723 3221 4764 .'
3255 4730 3282 4756 ‹‹
3328 4709 3623 4774 Quemad-

1970 4795 2210 4852 modum
2251 4795 2446 4850 Filius
2496 4794 2778 4859 hominis,
2813 4815 2840 4844 »
2872 4801 2983 4850 etc.
3029 4798 3251 4851 Harum
3290 4812 3489 4852 rerum
3518 4795 3623 4868 qui

1971 4884 2194 4941 curiosi
2227 4889 2387 4951 sunt,
2421 4882 2639 4938 similia
2683 4883 2960 4956 exempla
3008 4885 3212 4940 videre
3250 4889 3534 4956 poterunt
3560 4884 3624 4939 in

1970 4973 2193 5044 regulis
2228 4977 2346 5038 125,
2387 4976 2505 5040 131,
2557 4977 2677 5042 138,
2724 4977 2851 5040 212,
2899 4977 2997 5029 221
3053 4979 3110 5030 et
3154 4978 3280 5030 269.
3314 4973 3625 5044 Ejusmodi

1971 5067 2174 5120 autem
2200 5061 2790 5134 adverbia,quorum
2822 5079 2964 5118 usus
2988 5062 3049 5118 in
3080 5061 3319 5132 Regulis
3339 5062 3625 5135 frequens

1969 5156 2398 5224 est,nusquam
2425 5151 2483 5206 in
2517 5151 3058 5208 Constitutionibus
3088 5155 3431 5207 occurrunt.
3450 5150 3624 5218 Quod

1970 5241 2183 5298 ultimo
2209 5241 2341 5298 loco
2367 5256 2704 5313 proponere
2730 5239 2982 5305 decrevi,
3007 5237 3067 5293 id
3090 5239 3290 5296 nescio
3311 5241 3625 5313 quomodo

1973 5347 2071 5388 me
2101 5331 2298 5400 magis
2319 5334 2519 5386 movet
2544 5347 2556 5384 :
2580 5329 2790 5384 merito
2814 5344 2891 5383 an
2916 5327 3240 5396 immerito,
3258 5329 3626 5400 judicabunt

1973 5421 2094 5477 alii.
2126 5418 2519 5476 Probavimus
2544 5415 2892 5472 monasterii
2920 5415 3274 5489 praefectum
3314 5420 3374 5475 in
3403 5419 3626 5477 Consti-

1973 5508 2308 5566 tutionibus
2336 5504 2588 5561 indicari
2617 5504 2798 5561 variis
2818 5505 3188 5576 nominibus,
3211 5524 3348 5580 quae
3378 5525 3416 5565 a
3436 5512 3624 5580 Regu-

1973 5600 2051 5658 lis
2079 5600 2301 5657 absunt
2332 5613 2346 5653 :
2379 5611 2543 5652 nunc
2579 5595 2865 5654 eumdem
2904 5595 3024 5655 alia
3059 5597 3330 5670 quadam
3368 5600 3622 5672 ratione,
