4058 6192
420 325 492 384 99
1910 300 2299 366 PREFATIO.

3733 312 3826 370 100

420 462 607 523 quam
631 445 695 503 in
722 441 1216 502 Constitutionem
1243 437 1397 495 libro
1436 450 1677 494 cernere
1715 449 1841 491 non
1872 436 1981 501 est,
2011 430 2075 523 in
2106 434 2153 488 Α
2184 432 2305 489 ciat
2360 431 2450 523 rei
2490 408 2795 491 communi
2829 432 3138 504 praefectis
3191 433 3350 492 hanc
3400 433 3596 505 ipsam
3644 423 3824 493 ratio-

419 520 659 608 Regulis
700 530 1010 604 designari
1052 528 1459 586 ostendemus.
1509 528 1640 582 Jam
1682 523 1760 580 ad
1798 520 2075 593 exempla

419 625 859 696 confugiamus.
884 625 1103 678 Auctor
1122 617 1302 689 igitur
1331 632 1471 673 cum
1491 614 1737 672 dixisset
1758 614 2076 669 honestam

417 716 584 775 illam
611 730 744 772 esse
772 718 828 769 et
855 710 1199 768 ordinatam
1227 705 1468 763 vivendi
1500 704 1819 773 rationem,
1847 701 1898 756 si
1922 701 2076 757 inter

417 807 631 864 fratres
660 801 1073 860 membrorum
1092 797 1268 872 ,ratio
1307 800 1594 862 servetur,
1634 789 2073 865 comparationi

416 896 559 953 huic
585 893 891 961 insistens,
909 889 992 945 sic
1017 888 1252 943 locutus
1284 888 1373 941 est
1404 884 1551 957 (reg.
1577 886 1667 952 24,
1689 882 1842 938 inter
1859 880 2067 952 maj.):

416 984 579 1038 ’Ὡστε
632 986 718 1035 τόν
775 984 866 1053 μέν
926 998 1042 1031 τινα
1099 975 1366 1048 ὀφθαλμοῦ
1421 972 1625 1044 ἐπέχειν
1688 967 1909 1043 δύναμιν
1973 973 2069 1028 τὴν

417 1072 702 1147 ἐπιμέλειαν
766 1074 861 1147 τὴν
921 1072 1097 1125 κοινὴν
1162 1067 1598 1135 πεπιστευμένον,
1661 1065 1774 1118 etc.
1838 1061 1937 1117 Ita
2000 1064 2070 1115 ut

416 1144 578 1220 alius
600 1144 839 1234 quidem.
883 1158 1044 1215 oculi
1070 1156 1187 1212 vim
1218 1154 1505 1223 obtineat,
1538 1151 1638 1207 cui
1662 1150 1889 1206 scilicet
1931 1163 2069 1205 con-

416 1252 647 1310 credita
670 1251 749 1307 sit
779 1247 1108 1306 communis
1131 1260 1332 1301 rerum
1360 1256 1532 1308 cura,
1553 1244 1664 1297 etc.
1697 1238 1869 1295 Haud
1888 1236 2068 1308 longe

413 1343 498 1400 ita
528 1344 672 1415 (reg.
717 1344 807 1409 25,
838 1354 900 1393 n.
937 1340 987 1407 ί)
1027 1333 1235 1391 scribit
1261 1350 1274 1387 ζ
1310 1337 1494 1404 Διόπερ
1527 1332 1553 1381 ὁ
1582 1333 1672 1389 τὴν
1704 1331 1880 1387 κοινὴν
1907 1346 2065 1400 φρον-

413 1429 544 1487 τίδα
594 1430 1025 1501 πεπιστευμένος,
1081 1428 1148 1486 ὡς
1215 1421 1421 1496 ὀφείλων
1488 1420 1636 1493 λόγον
1699 1415 1883 1472 δοῦναι
1946 1421 2066 1490 περὶ

415 1524 658 1590 ἐκάστου,
706 1521 841 1574 οὕτω
888 1514 1200 1570 διακείσθω.
1253 1512 1646 1580 Quamobrem
1694 1510 1796 1573 cui
1827 1508 2067 1565 deman-

412 1615 561 1672 data
598 1617 683 1668 est
730 1610 1059 1667 communis
1105 1618 1276 1672 cura,
1325 1603 1375 1658 is
1421 1602 1510 1657 ita
1552 1600 1888 1669 afﬁciatur,
1928 1603 2066 1654 tan-

412 1718 595 1775 quam
642 1700 750 1772 qui
797 1698 869 1754 de
914 1695 1167 1767 singulis
1223 1691 1575 1748 redditurus
1621 1689 1698 1744 sit
1744 1688 2060 1744 rationem.

2182 537 2337 591 nem,
2370 519 2442 577 ob
2472 537 2653 595 quam
2683 524 3009 594 asperitate
3035 524 3262 594 majori
3286 523 3560 595 indigere
3586 540 3648 581 se
3674 525 3825 582 arbi-

2185 615 2407 668 tratur.
2450 612 2590 682 Ejus
2636 611 2721 668 rei
2763 611 2887 668 duo
2939 610 3219 684 exempla
3271 611 3578 669 exhibebit
3624 612 3827 684 regula

2182 712 2305 755 una
2335 700 2480 773 (reg.
2529 701 2677 772 235),
2726 699 2790 756 in
2835 715 2961 773 qua
3006 700 3090 757 sic
3132 699 3396 771 legitur:
3428 703 3527 754 Δύο
3554 704 3823 775 ταγμάτων

2181 788 2597 862 καθολικωτέρων
2659 792 2815 842 ὄντων
2844 832 2857 857 ,
2911 793 3003 842 καὶ
3059 797 3159 842 τῶν
3212 791 3301 862 μὲν
3358 794 3452 852 τὴν
3502 795 3823 863 προστασίαν

2179 882 2614 951 πεπιστευμένων,
2649 886 2750 932 τῶν
2796 875 2855 931 δὲ
2902 879 2974 939 εἰς
3018 879 3301 932 εὐπείθειαν
3349 884 3440 932 καὶ
3480 881 3715 941 ὑπακοὴν
3744 900 3824 934 τε-

2179 970 2463 1039 ταγμένων,
2513 965 2563 1019 ἐν
2591 963 2866 1041 διαφόροις
2892 972 3229 1042 χαρίσμασι,
3261 967 3541 1042 λογίζομαι
3571 969 3652 1022 ὃτι
3682 971 3708 1022 ὁ
3740 974 3824 1044 μὲν

2178 1059 2272 1114 τὴν
2302 1060 2631 1129 προστασίαν
2674 1062 2765 1109 καὶ
2815 1055 3104 1130 ἐπιμέλειαν
3150 1065 3253 1111 τῶν
3300 1056 3544 1111 πλειόνων
3591 1057 3823 1132 ἐγκεχει-

2177 1150 2439 1218 ρισμένος,
2494 1148 2560 1199 τὰ
2600 1149 2804 1200 πάντων
2857 1144 3051 1200 εἰδέναι
3103 1146 3194 1199 καὶ
3232 1145 3563 1221 ἐκμανθάνειν
3621 1148 3821 1221 ὀφείλει,

2178 1237 2289 1290 etc.
2346 1236 2480 1292 Duo
2520 1251 2654 1292 cum
2707 1237 2831 1292 sint
2874 1237 3069 1308 magis
3120 1238 3431 1307 generales
3473 1238 3734 1311 ordines,
3771 1245 3823 1296 et

2177 1339 2405 1395 eorum,
2436 1326 2544 1397 qui
2568 1327 2707 1383 aliis
2734 1327 3176 1396 praeﬁciuntur,
3217 1332 3273 1383 et
3311 1342 3541 1395 eorum,
3570 1343 3823 1400 quorum

2169 1419 2377 1484 partes
2395 1420 2539 1471 sunt
2556 1430 2780 1473 morem
2800 1429 3009 1485 gerere
3026 1420 3082 1472 et
3110 1414 3369 1485 obedire,
3395 1416 3720 1473 secundum
3740 1417 3824 1473 di-

2176 1518 2348 1561 versa
2376 1504 2557 1574 dona,
2589 1505 2881 1575 arbitror,
2916 1505 3019 1561 cui
3040 1506 3411 1575 praefectura
3431 1511 3487 1562 et
3516 1520 3669 1562 cura
3686 1508 3821 1577 plu-

2173 1595 2334 1651 rium
2354 1594 2696 1652 concredita
2716 1601 2822 1662 est,
2842 1610 2997 1665 eum,
3014 1609 3148 1666 qua
3167 1596 3442 1652 omnibus
3461 1603 3821 1666 congruunt,

2171 1684 2327 1741 scire
2352 1700 2426 1740 ac
2449 1685 2710 1743 ediscere
2737 1684 2969 1750 debere,
3001 1688 3113 1741 etc.
3144 1684 3263 1741 Etsi
3284 1683 3475 1741 multa
3497 1685 3629 1757 jam
3658 1689 3824 1744 nota-

412 1772 797 1863 Persequitur
832 1786 949 1843 hoc
978 1782 1163 1840 modo
1199 1781 1348 1853 (reg.
1393 1782 1483 1843 26)
1515 1796 1527 1835 :
1557 1776 1687 1831 Ἀλλ’
1733 1775 2063 1863 ἀπογυμνοῦν
2095 1782 2136 1838 Β
2172 1773 2250 1843 vi,
2298 1772 2694 1830 nihilominus
2747 1776 2953 1863 tamen
2992 1773 3122 1863 (alia
3170 1772 3295 1830 duo
3342 1772 3482 1863 loca
3520 1774 3821 1846 adjiciam.

411 1884 479 1936 τὰ
502 1881 709 1954 κρυπτὰ
734 1886 828 1939 τῆς
859 1871 1085 1949 καρδίας
1113 1878 1221 1933 τοῖς
1250 1871 1673 1942 πεπιστευμένοις
1702 1876 1802 1919 τῶν
1832 1862 2063 1938 ἀδελφῶν

413 1970 788 2041 εὐσπλάγχνως
843 1970 934 2018 καὶ
993 1962 1281 2036 συμπαθῶς
1341 1958 1694 2032 ἐπιμελεῖσθαι
1745 1964 1844 2008 τῶν
1910 1954 2064 2008 ἀσθε-

410 2063 648 2114 νούντων.
705 2057 822 2114 Sed
875 2055 1044 2111 debet
1100 2052 1260 2108 hisce
1317 2047 1655 2119 fratribus,
1723 2046 1830 2118 qui
1889 2045 2063 2114 inﬁr-

409 2142 521 2208 mis
570 2148 818 2218 benigne
868 2150 922 2201 et
966 2143 1227 2198 humane
1255 2138 1545 2195 curandis
1586 2134 1861 2205 praefecti
1898 2139 2062 2202 sunt,

408 2239 607 2299 cordis
631 2249 866 2294 arcana
907 2231 1162 2302 aperire.
1208 2227 1337 2284 Alio
1378 2226 1514 2283 loco
1560 2225 1643 2281 ita
1669 2222 1885 2294 legitur
1913 2230 2061 2293 (reg.

408 2330 497 2400 30)
530 2346 545 2385 :
580 2326 731 2380 Οὓτω
783 2326 873 2375 καὶ
920 2319 1089 2374 πολλῶ
1132 2317 1280 2370 πλέον
1326 2317 1351 2367 ό
1398 2316 1464 2367 τά
1511 2312 1851 2385 ἀσθενήματα
1882 2312 2064 2365 ἰᾶσθαι

407 2426 505 2480 τῆς
550 2411 900 2487 ἆδελφότητος
943 2408 1260 2474 πιστευθείς,
1319 2407 1430 2460 etc.
1491 2403 1594 2460 Sic
1638 2402 1827 2458 multo
1882 2402 2063 2458 etiam

406 2507 598 2579 magis
625 2521 722 2562 cui
762 2503 943 2559 totius
988 2500 1259 2569 fratrum
1305 2493 1606 2551 societatis
1649 2491 1939 2548 sanandae
1965 2491 2063 2547 de-

409 2601 613 2670 legata
640 2593 959 2666 provincia
989 2596 1096 2656 est,
1129 2592 1240 2646 etc.
1272 2585 1551 2658 Sequitur
1579 2584 1726 2655 (reg.
1760 2587 1850 2651 43,
1876 2597 1939 2638 n.
1970 2582 2017 2653 1)
2042 2598 2056 2638 :

408 2691 476 2741 Οἱ
524 2691 619 2746 τὴν
672 2681 895 2755 όδηγίαν
936 2687 1037 2733 τῶν
1080 2677 1278 2731 πολλῶν
1333 2676 1749 2746 πεπιστευμένοι,
1808 2677 1929 2734 τοὺς
1983 2674 2060 2724 ἔτι

406 2779 807 2850 ἀσθενεστέρους
864 2770 958 2825 διὰ
1007 2779 1103 2831 τῆς
1159 2768 1351 2821 ἑαυτῶν
1408 2768 1671 2838 μεσιτείας
1722 2762 2058 2839 προϐιϐάζειν

408 2867 672 2942 ὀφείλουσι
700 2871 762 2936 τῇ
804 2869 897 2915 τοῦ
927 2865 1164 2936 Χριστοῦ
1190 2856 1512 2929 ἐξομοιώσει,
1545 2856 1662 2910 etc.
1715 2853 1802 2907 Ηί
1846 2853 2060 2924 quibus

406 2959 639 3018 credita
666 2960 751 3014 est
776 2953 1046 3025 plurium
1071 2947 1470 3020 regendorum
1509 2958 1679 3013 cura,
1700 2943 2060 3013 inﬁrmiores

404 3065 517 3107 sua
546 3050 816 3118 ipsorum
845 3055 1024 3113 Opera
1060 3039 1143 3097 ad
1178 3036 1540 3094 imitandum
1584 3032 1893 3090 Christum
1916 3047 2060 3102 pro-

2174 1864 2405 1920 Primus
2433 1868 2522 1920 est
2546 1866 2692 1935 (reg.
2725 1864 2852 1935 252)
2886 1882 2900 1921 :
2930 1862 3084 1916 Ἀλλὰ
3111 1871 3183 1915 τῶ
3216 1870 3331 1918 Θεῶ
3366 1862 3672 1937 ἐντυγχάνει
3708 1869 3824 1938 περὶ

2171 1956 2378 2009 τούτου.
2414 1958 2515 2007 Καὶ
2562 1958 2657 2014 τὴν
2705 1952 2937 2025 ἀνάγκην
2983 1962 3081 2017 τῆς
3123 1949 3324 2017 ἐνδείας
3369 1954 3510 2006 αὐτῶ
3541 1951 3821 2023 ἐπιδείξας,

2173 2043 2336 2106 οὓτως
2379 2042 2542 2097 ἐσθίει
2588 2047 2646 2097 τό
2697 2039 2971 2116 διδόμενον
3014 2045 3159 2116 παρὰ
3202 2050 3295 2097 τοῦ
3337 2046 3469 2117 μετὰ
3511 2040 3825 2117 δοκιμασίας

2173 2132 2570 2206 ἐπιτεταγμένον
2617 2140 2780 2186 ποιεῖν
2829 2131 2901 2206 ἐφ’
2928 2132 3156 2196 ἑκάστης
3197 2135 3397 2207 ἡμέρας
3441 2136 3522 2201 τὸ,
3557 2130 3825 2187 Δίεδίδοτο

2174 2220 2376 2273 ἑκάστω
2404 2223 2591 2274 καθότι
2621 2223 2682 2275 ἄν
2710 2241 2792 2284 τις
2820 2224 3006 2296 χρείαν
3038 2216 3198 2294 εἶχεν.
3235 2220 3357 2278 Sed
3401 2236 3534 2278 eum
3564 2222 3827 2294 [panem]

2172 2324 2211 2366 a
2252 2311 2375 2367 Deo
2419 2312 2589 2380 petit.
2647 2313 2838 2383 Atque
2890 2312 3090 2381 posita
3119 2311 3240 2380 ipsi
3286 2311 3360 2366 ob
3414 2311 3621 2368 oculos
3675 2312 3826 2367 indi-

2169 2400 2387 2471 gentiae
2432 2415 2556 2457 suae
2606 2401 2975 2467 necessitate,
3026 2400 3112 2456 sic
3150 2400 3273 2457 edit
3322 2400 3483 2472 quod
3527 2400 3715 2457 datur
3750 2400 3826 2458 ab

2170 2504 2257 2559 eo,
2301 2490 2401 2547 cui
2437 2506 2571 2548 cum
2612 2490 2973 2560 probatione
3014 2505 3088 2547 ea
3137 2505 3287 2547 cura
3335 2490 3684 2548 concredita
3718 2497 3822 2562 est,

2169 2584 2236 2635 ut
2272 2580 2540 2650 quotidie
2576 2579 2774 2649 faciat
2822 2580 3004 2650 illud,
3038 2601 3067 2631 «
3098 2579 3500 2637 Dividebatur
3543 2581 3822 2652 singulis,

2164 2673 2351 2738 prout
2380 2669 2595 2739 cuique
2640 2684 2790 2738 opus
2819 2673 2972 2725 erat.
3006 2690 3035 2719 »
3078 2667 3239 2725 Alter
3285 2668 3433 2741 (reg.
3473 2668 3600 2740 284)
3630 2685 3644 2725 :
3678 2671 3828 2743 Ηαρὰ

2167 2761 2317 2810 τίνων
2349 2752 2408 2809 δὲ
2437 2759 2546 2831 χρὴ
2574 2756 2869 2830 λαμϐάνειν,
2899 2761 2989 2809 καὶ
3019 2760 3163 2826 πότε,
3195 2761 3287 2810 καὶ
3316 2765 3444 2825 πῶς,
3473 2759 3500 2810 ὁ
3528 2762 3622 2817 τὴν
3647 2777 3825 2816 κοινην

2170 2844 2425 2921 φροντίδα
2470 2846 2867 2921 ἐπιτεταγμένος
2913 2843 3220 2921 δοκιμάζειν
3264 2846 3471 2920 ὀφείλει.
3514 2847 3566 2903 Α
3609 2848 3825 2920 quibus

2170 2943 2368 2996 autem
2396 2938 2668 3008 accipere
2690 2938 3025 3005 conveniat,
3058 2944 3115 2994 et
3140 2939 3402 3011 quando,
3426 2944 3482 2996 et
3512 2938 3822 3011 quomodo,

2169 3026 2506 3096 eapendere
2551 3027 2722 3084 debet
2763 3027 2812 3082 is
2852 3027 2952 3083 cui
2993 3027 3339 3085 concredita
3386 3032 3473 3084 est
3499 3028 3827 3084 communis

404 3113 639 3197 movere
682 3135 920 3202 debent,
960 3135 1070 3188 etc.
1118 3125 1404 3199 Exempla
1445 3123 1634 3181 multo
1662 3122 1854 3196 fplura
1892 3139 1923 3179 e
1954 3125 2063 3179 Re-
2093 3129 2136 3186 (ι
2171 3132 2341 3174 cura.
2369 3116 2679 3188 Ejusmodi
2701 3118 2907 3173 autem
2927 3115 3403 3187 circumlocutio,
3426 3131 3550 3189 qua
3574 3113 3826 3186 Regula-

406 3229 563 3302 gulis
609 3222 1009 3289 brevioribus,
1063 3218 1112 3274 si
1158 3216 1390 3285 liberet,
1436 3212 1701 3302 proferre
1755 3227 2003 3302 possem
2044 3222 2058 3261 :

405 3300 512 3375 sed
539 3331 616 3373 ne
645 3312 902 3371 nimium
949 3309 1167 3381 longus
1205 3320 1337 3362 esse
1366 3302 1597 3371 videar,
1628 3300 1836 3374 aliqua
1861 3300 2062 3359 solum

406 3404 748 3478 subjiciam,
785 3403 999 3458 caetera
1038 3393 1340 3452 indicabo.
1396 3392 1465 3448 In
1510 3391 1604 3448 his
1645 3389 1824 3461 igitur
1853 3390 1941 3447 ita
1974 3390 2059 3447 le-

405 3496 607 3567 gimus
653 3492 801 3565 (reg.
832 3487 925 3552 45)
961 3504 975 3542 :
1004 3485 1063 3538 Ὀ
1092 3488 1265 3557 μέντοι
1310 3481 1702 3553 ἐπιτεταγμένος
1730 3483 1826 3537 την
1855 3478 2059 3532 οἰκονο-

404 3589 530 3659 μίαν
567 3589 660 3636 τοῦ
705 3580 879 3652 λόγου,
927 3575 1012 3628 ἐὰν
1058 3572 1287 3647 ἆμελήσῃ
1342 3578 1434 3624 τοῦ
1482 3568 1801 3642 ἀναγγεῖλαι,
1855 3570 1924 3631 ὡς
1973 3588 2061 3642 φο..

360 3656 512 3737 *νεός
570 3676 821 3749 κρίνεται.
889 3668 1184 3725 Caeterum
1244 3662 1347 3720 cui
1406 3660 1716 3718 tradendae
1771 3659 2062 3716 doctrinae

400 3779 620 3823 munus
644 3760 1019 3820 commissum
1040 3760 1147 3826 est,
1170 3754 1221 3809 is
1241 3754 1294 3809 si
1313 3750 1686 3809 annuntiare
1703 3750 2057 3821 neglexerit,

400 3853 651 3927 perinde
687 3855 755 3906 ut
790 3845 1091 3906 homicida
1128 3843 1480 3900 damnatur.
1512 3839 1796 3927 Ejusdem
1826 3839 2062 3909 generis

403 3925 544 4003 sunt
589 3942 719 3999 haec
759 3940 909 4009 (reg.
958 3936 1045 4006 93)
1077 3951 1090 3991 :
1126 3937 1230 3986 Καὶ
1260 3934 1455 3993 ταύτης
1487 3930 1581 3983 οὐκ
1611 3927 1659 3980 ἐν
1701 3925 1816 4002 ἰδίᾳ
1851 3928 2064 4001 ἐξουσίᾳ

400 4037 661 4111 κειμένης,
694 4029 824 4083 ἀλλὰ
843 4028 986 4100 παρὰ
1014 4031 1106 4078 τοῦ
1131 4025 1327 4081 ταύτην
1357 4021 1756 4092 ἐπιτεταγμένου
1786 4022 1879 4077 τὴν
1898 4038 2064 4111 ᾃφρον-

399 4109 528 4181 τίδα
556 4120 957 4193 οἰκονομουμένη
970 4136 1009 4182 ς,
1043 4115 1093 4166 ἕν
1121 4132 1177 4165 τε
1197 4119 1364 4184 καιρῶ
1394 4113 1485 4161 καὶ
1517 4113 1709 4182 μετρῶ,
1741 4112 1851 4164 etc.
1883 4109 2063 4180 Isque

396 4214 611 4289 [cibus]
644 4215 707 4267 in
732 4210 922 4279 ipsius
946 4207 1246 4276 potestate
1265 4200 1504 4270 positus
1545 4213 1666 4289 non
1710 4197 1809 4269 sit,
1848 4198 1954 4254 sed
1982 4199 2059 4255 ab

398 4288 463 4366 eo
494 4306 596 4363 cui
622 4303 747 4374 fuit
777 4312 924 4357 cura
963 4296 1088 4353 haec
1114 4290 1479 4360 concredita,
1511 4294 1568 4346 et
1611 4288 1677 4343 in
1710 4293 1974 4358 tempore
2000 4294 2058 4346 et

396 4398 461 4453 in
490 4406 774 4452 mensura
797 4388 914 4460 ipsi
940 4382 1458 4452 subministretur,
1487 4382 1599 4435 etc.
1633 4376 1863 4444 Quibus
1894 4392 2056 4434 com-

2168 3224 2306 3265 rum
2339 3210 2548 3264 auctor
2569 3206 2686 3262 sibi
2716 3205 2965 3263 miriﬁce
2984 3204 3229 3279 placuit,
3255 3220 3569 3278 nusquam
3594 3204 3658 3261 in
3676 3207 3827 3262 Con-

2171 3295 2583 3354 stitutionibus
2610 3299 2905 3369 usurpata
2926 3294 3249 3351 invenitur.
3279 3293 3386 3352 Cui
3403 3309 3549 3365 ergo
3578 3307 3827 3366 persua-

2167 3385 2297 3442 deri
2338 3383 2596 3459 poterit,
2650 3382 3022 3454 Regularum
3078 3386 3263 3455 atque
3315 3381 3826 3439 Constitutionum

2168 3492 2361 3533 unum
2390 3479 2448 3532 et
2473 3472 2760 3531 eumdem
2788 3476 3100 3529 auctorem
3143 3487 3296 3541 esse,
3326 3487 3467 3528 cum
3495 3475 3824 3545 utrumque

2167 3584 2322 3642 opus
2338 3571 2461 3624 tam
2473 3565 2710 3622 diverse
2721 3563 3013 3637 scriptum
3031 3562 3143 3619 sit?
3162 3564 3284 3633 Ego
3299 3561 3545 3635 quidem
3556 3576 3679 3619 non
3694 3565 3828 3619 tan-

2169 3663 2373 3732 topere
2394 3653 2800 3712 insistendum
2820 3656 3121 3726 putarem,
3143 3651 3195 3707 si
3224 3651 3634 3709 controversia
3662 3655 3827 3710 esset

2168 3748 2245 3805 de
2267 3745 2471 3819 aliqua
2491 3759 2553 3799 re
2569 3758 2707 3817 quae
2729 3756 2869 3799 raro
2888 3740 3090 3797 tamin
3109 3738 3353 3810 Regulis
3371 3756 3559 3813 quam
3581 3740 3644 3795 in
3671 3742 3827 3797 Con-

2169 3833 2577 3892 stitutionibus
2595 3833 2934 3888 occurreret
2956 3846 2969 3884 :
2994 3828 3101 3885 sed
3121 3844 3262 3885 cum
3281 3828 3343 3885 in
3362 3833 3618 3901 utroque
3636 3843 3830 3901 opere

2169 3926 2244 3983 de
2264 3922 2705 3986 monachorum
2725 3918 3048 3993 praeposito
3067 3918 3298 3991 passim
3323 3933 3522 3975 sermo
3545 3918 3828 3977 institua-

2171 4020 2285 4085 tur,
2319 4027 2441 4071 non
2470 4011 2651 4067 video
2675 4009 2784 4082 qui
2806 4008 2935 4064 ﬁeri
2962 4008 3276 4080 potuisset,
3299 4012 3365 4064 ut
3390 4007 3646 4064 fratrum
3668 4023 3824 4081 prae-

2166 4104 2356 4162 fectus
2402 4116 2493 4169 ea,
2535 4114 2726 4173 quam
2761 4096 2908 4167 dixi,
2938 4096 3267 4153 verborum
3309 4095 3657 4154 circuitione
3693 4112 3827 4154 non

2166 4191 2486 4267 aliquoties
2500 4189 2715 4247 saltem
2727 4188 2791 4245 in
2813 4186 3358 4244 Constitutionibus
3371 4187 3825 4259 designaretur,

2166 4283 2216 4340 si
2243 4298 2453 4341 earum
2479 4280 2643 4337 idem
2686 4280 2899 4335 auctor
2934 4280 3109 4346 esset,
3136 4274 3243 4349 qui
3284 4276 3669 4348 Regularum.
3702 4281 3828 4334 Au-

2164 4377 2358 4431 ctores
2389 4371 2573 4442 enim,
2595 4368 2702 4443 qui
2729 4367 2903 4425 certis
2933 4366 3304 4441 quibusdam
3325 4366 3568 4423 dicendi
3594 4367 3831 4424 formu-

394 4502 508 4560 par
532 4501 601 4542 ac
630 4455 942 4555 geminum
982 4479 1072 4533 est
1112 4472 1262 4530 illud
1289 4472 1441 4543 (reg.
1488 4471 1611 4538 182)
1644 4470 1944 4560 :‘dmlvzrut
1973 4467 2053 4521 ὃτι
2080 4481 2125 4537 D
2160 4464 2234 4521 lis
2264 4461 2672 4560 ad‘ali‘quam.
2699 4472 2829 4514 rem
2863 4455 3343 4560 exprimendam
3372 4457 3460 4555 uti
3488 4472 3830 4560 consueve-

395 4554 490 4630 ξάκ
520 4554 914 4649 ἐπληίροφορήθη
963 4567 1057 4624 τὴν
1105 4557 1293 4616 ἐλπίδα
1345 4559 1609 4632 Λαζάρου,
1643 4554 1759 4609 οὕτε
1805 4555 2054 4649 ἐγνώρισε

394 4670 489 4724 τὴν
533 4646 740 4737 ἀγάπην
783 4665 876 4711 τοῦ
920 4654 1329 4724 πεπιστευμένου
1378 4652 1473 4706 τὴν
1510 4649 1713 4699 πάντων
1756 4650 1847 4698 καὶ
1891 4646 2051 4699 αὐτοῦ

396 4736 704 4829 ἐπιμέλειαν.
753 4748 1029 4818 Apparet
1077 4742 1218 4798 huic
1258 4740 1614 4810 persuasum
1655 4752 1778 4793 non
1821 4750 1945 4793 esse
1979 4736 2054 4794 de

322 4850 333 4873 ε
394 4826 499 4916 spé
541 4840 779 4906 Lazari,
827 4848 1017 4906 neque
1065 4832 1269 4901 ipsum
1311 4827 1673 4885 charitatem
1721 4826 1914 4893 illius,
1955 4826 2056 4884 cui

394 4934 659 4992 omnium
686 4934 740 4986 et
769 4926 866 4984 sui
892 4923 1080 4992 ipsius
1101 4933 1247 4976 cura
1268 4917 1613 4975 concredita
1645 4920 1751 4984 est,
1769 4930 2050 4986 perspec-

398 5031 521 5082 tam
570 5019 805 5077 habere.
862 5011 1015 5071 Nihil
1068 5008 1319 5067 omnino
1365 5005 1651 5063 differunt
1687 5021 1826 5078 quae
1870 5006 2050 5063 ascri-

392 5113 540 5171 bam
584 5112 729 5182 (reg.
767 5106 886 5177 138)
919 5122 932 5157 :
963 5101 1024 5157 Εἰ
1054 5097 1115 5154 δέ
1158 5118 1241 5161 τις
1287 5101 1448 5151 οἴεται
1491 5096 1714 5169 χρῄζειν
1751 5102 1844 5148 τοῦ
1882 5094 2049 5148 πλείο-

392 5223 496 5270 νος,
532 5203 629 5255 εἴτε
687 5196 734 5251 ἐν
776 5198 1014 5268 νηστεία,
1060 5195 1159 5245 εἴτε
1208 5188 1255 5242 ἐν
1287 5188 1569 5262 ἀγρυπνίᾳ,
1604 5190 1702 5239 εἴτε
1733 5184 1779 5238 ἐν
1807 5181 2049 5258 ᾠδήποτε

395 5293 549 5360 ἄλλω,
606 5286 1010 5343 ἀποκαλυπτέτω
1065 5280 1175 5343 τοὶς
1230 5283 1324 5337 τὴν
1375 5281 1552 5335 κοινὴν
1609 5274 1896 5348 ἐπιμέλειαν
1951 5295 2048 5329 πε-

392 5383 757 5454 πιστευμένοις
806 5380 899 5435 τὴν
952 5374 1198 5426 ὑπόθεσιν
1248 5368 1429 5434 αὐτὴν,
1484 5362 1554 5418 δι’
1601 5367 1661 5424 ἦν
1709 5364 1911 5438 νομίζει
1955 5371 2048 5416 τοῦ

393 5472 622 5532 πλείονος
651 5468 895 5542 χρῄζειν.
927 5462 1096 5530 Quod
1122 5461 1176 5516 si
1204 5458 1501 5531 quispiam
1548 5454 1855 5512 existimat
1900 5469 2049 5525 opus

393 5560 510 5619 sibi
537 5573 658 5617 esse
688 5554 1020 5627 asperitate
1054 5549 1307 5619 majore,
1338 5547 1462 5603 sive
1505 5543 1570 5600 in
1606 5544 1887 5614 jejuniis,
1926 5543 2052 5599 sive

393 5651 459 5710 in
506 5648 754 5722 vigiliis,
807 5649 930 5703 sive
975 5641 1041 5699 in
1078 5650 1438 5712 quacunque
1492 5632 1620 5692 alia
1673 5648 1757 5704 re,
1801 5631 2044 5704 patefa«

2160 4557 2322 4620 runt,
2353 4550 2590 4617 iisdem,
2626 4546 2676 4602 si
2704 4544 2985 4602 eamdem
3016 4544 3182 4601 illam
3210 4560 3342 4601 rem
3373 4544 3436 4600 in
3462 4545 3597 4602 aliis
3626 4544 3831 4618 operi-

2159 4642 2276 4699 bus
2305 4654 2467 4713 saepe
2507 4634 2843 4709 exprimere
2881 4649 3130 4691 necesse
3168 4633 3457 4700 habeant,
3486 4634 3831 4708 aliquando

2161 4731 2371 4790 saltem
2395 4727 2486 4786 vel
2512 4725 2915 4796 incogitantes
2940 4728 3212 4781 utuntur.
3237 4726 3304 4780 Et
3325 4724 3493 4797 quod
3516 4723 3712 4796 magis
3734 4726 3830 4781 at-

2159 4836 2278 4896 que
2295 4819 2491 4889 magis
2510 4831 2754 4873 movere
2778 4813 2995 4871 debet:
3025 4830 3117 4880 ea,
3140 4829 3326 4887 quam
3344 4814 3573 4882 notavi,
3595 4811 3829 4870 verbo-

2157 4927 2296 4969 rum
2333 4906 2599 4965 circuitio
2628 4909 2755 4961 tam
2787 4902 3100 4960 familiaris
3128 4906 3256 4959 erat
3283 4902 3649 4973 Regularum
3676 4902 3832 4959 scri-

2157 4999 2335 5075 ptori,
2359 5000 2425 5054 ut
2448 5011 2573 5053 non
2595 4994 2792 5052 solum
2809 5010 2945 5051 eam
2970 4992 3285 5050 adhiberet
3306 4997 3437 5048 tum
3466 5008 3609 5048 cum
3634 4990 3829 5047 totius

2158 5085 2515 5148 monasterii
2543 5083 2939 5158 praepositum
2964 5081 3234 5139 indicare
3259 5081 3459 5153 vellet,
3486 5081 3593 5137 sed
3614 5080 3828 5153 ipsam

2158 5179 2342 5237 etiam
2373 5179 2712 5248 usurparet,
2731 5189 2871 5229 cum
2896 5187 3095 5228 sermo
3116 5170 3443 5227 haberetur
3469 5173 3542 5226 de
3567 5169 3832 5243 privatis

2157 5266 2533 5343 quibusdam
2549 5261 2892 5329 monachis,
2907 5260 3011 5333 qui
3025 5259 3336 5333 quibusvis
3351 5258 3536 5316 rebus
3551 5257 3835 5333 praeﬁce-

2156 5364 2384 5416 rentur.
2429 5358 2561 5413 Haec
2608 5353 2740 5424 ejus
2782 5351 2868 5408 rei
2907 5350 3189 5423 exempla
3221 5353 3364 5405 sunt
3396 5357 3543 5419 (reg.
3578 5351 3712 5419 87):
3749 5352 3835 5401 Τὸ

2159 5442 2371 5500 διδόναι
2422 5444 2451 5503 ἢ
2502 5440 2778 5515 λαμϐάνειν
2831 5438 2876 5491 εἰ
2921 5443 3011 5491 καὶ
3061 5437 3175 5491 κατ’
3225 5436 3448 5504 ἐντολὴν,
3509 5436 3568 5489 οὐ
3625 5441 3837 5499 παντὸς

2159 5536 2319 5603 ἐστιν,
2377 5532 2504 5587 ἀλλὰ
2545 5539 2638 5585 τοῦ
2694 5532 2827 5603 μετὰ
2886 5525 3202 5601 δοκιμασίας
3254 5530 3664 5601 πεπιστευμένου
3722 5530 3839 5586 τήν

2158 5626 2480 5700 οἰκονομίαν.
2495 5623 2660 5681 Dare
2684 5624 2791 5678 aut
2814 5618 3087 5690 accipere
3104 5618 3284 5676 etiam
3304 5616 3631 5675 secundum
3650 5630 3842 5674 man-
