4058 6192
213 277 297 331 {Ol
1725 277 1846 334 PR1!

1956 277 2108 336 LTIO.

3523 290 3624 361 10'2

203 401 430 496 datum,
453 407 688 496 non-est
711 400 1054 496 cujuslibet,
1074 401 1178 458 sed
1196 401 1463 496 ejus_,cui
1477 401 1862 496 post/:actum
1895 408 1941 460 Α
1971 403 2192 496 quibus
2218 407 2410 464 Basilii
2435 410 2936 472 Constitutionum
2963 418 3186 475 mentio
3222 419 3307 486 ﬁt,
3346 421 3496 479 nihil
3526 426 3626 496 ju-

199 490 535 559 periculum
557 490 828 547 delatum
845 496 932 546 est
959 491 1352 561 dispensandi
1368 507 1607 547 munus.
1640 493 1864 547 Rursus

201 591 335 648 (reg.
369 583 488 637 100)
515 597 528 634 :
590 587 633 632 Ο
665 586 758 638 τὴν
785 576 1073 652 μετάδοσιν
1103 580 1516 653 ἐπιτεταγμένος,
1547 583 1676 653 μετὰ
1709 577 1862 632 δοκι-

202 674 388 739 μασίας
420 664 580 720 τοῦτο
602 673 835 724 ποιείτω.
892 670 1008 726 Cui
1047 686 1264 727 munus
1293 670 1692 726 distribuendi
1739 671 1863 739 fuit

199 760 595 828 assignatum,
626 762 691 813 in
721 763 1002 816 examine
1023 761 1331 829 praemisso
1383 759 1545 815 illud
1588 761 1856 829 impleat.

197 849 302 902 Nec
334 863 517 903 secus
561 848 855 920 scriptum
885 853 976 904 est
1003 848 1313 921 aliquanto
1339 854 1475 921 post
1513 851 1660 920 (reg.
1696 850 1856 919 Ml):

200 940 457 1006 Παρατός
505 944 603 988 τοῦ
639 941 1053 1008 πεπιστευμένου
1096 943 1188 996 τὴν
1241 937 1510 1008 iniquisque;
1559 945 1658 989 τῶν
1700 935 1858 1011 ἐργα-

197 1026 437 1097 ζομνων,
473 1026 503 1084 ἦ
551 1031 646 1084 τὴν
667 1027 967 1099 οἰκονομίαν
997 1035 1095 1080 τῶν
1138 1031 1316 1102 ἔργων,
1349 1029 1423 1094 ὃς,
1465 1031 1577 1083 etc.
1626 1026 1714 1081 ΕΟ
1763 1041 1859 1082 ex-

194 1122 350 1182 cepto
375 1116 490 1186 qui
517 1116 818 1184 operariis
840 1117 1163 1174 invisendis
1193 1123 1249 1173 et
1278 1116 1693 1186 dispensandis
1728 1131 1856 1184 ope-

191 1205 347 1259 ribus
375 1205 714 1273 prafectus
728 1205 873 1274 fuit,
901 1207 1189 1276 quisquis,
1213 1211 1322 1262 etc.
1348 1205 1574 1262 Similia
1595 1205 1728 1261 loca
1756 1203 1860 1259 ad-

184 1293 358 1363 jicere
385 1293 546 1349 mihi
581 1293 821 1351 liceret:
884 1295 990 1351 sed
1020 1311 1093 1351 ea
1129 1295 1394 1351 indicare
1424 1293 1568 1350 satis
1596 1292 1856 1351 habebo.

188 1381 364 1436 Velim
397 1381 591 1450 igitur
617 1381 900 1452 legantur
926 1381 1149 1453 regulae
1197 1387 1316 1451 148,
1348 1387 1470 1448 152,
1508 1385 1604 1438 187
1637 1386 1692 1438 et
1729 1385 1854 1437 288.

184 1471 558 1528 Adnotanda
585 1475 714 1528 tam
753 1471 946 1530 multa
974 1472 1324 1539 existimavi,
1356 1477 1422 1529 ut
1471 1472 1666 1542 magis
1694 1471 1858 1527 intel-

183 1559 469 1630 ligeretur
513 1561 886 1631 Regularum
937 1566 1116 1634 atque
1173 1562 1679 1619 Constitutionum
1733 1576 1858 1616 non

1970 494 2097 586 vari
2126 496 2474 567 opinionem
2505 517 2732 568 eorum,
2768 505 2871 575 qui
2917 509 3376 567 Constitutiones
3418 494 3625 571 mona-

1972 582 2168 646 sticas,
2193 597 2349 652 quas
2383 591 2618 653 vocant,
2643 589 2852 644 Basilio
2883 590 3170 660 tribuunt,
3205 611 3362 662 cum,
3388 602 3452 652 ut
3481 598 3621 666 dixi,

1971 671 2462 729 constitutionum
2491 690 2715 732 nomen
2744 693 2851 749 per
2875 695 2936 734 se
2967 695 3189 754 anceps
3221 683 3294 739 sit
3339 690 3396 740 et
3433 687 3624 744 ambi-

1969 769 2175 825 guum.
2221 762 2432 818 Fateor
2479 765 2722 833 quidem
2759 769 3129 826 monasticas
3163 774 3625 834 Constitutiones

1969 851 2105 918 apte
2137 853 2192 904 et
2230 853 2468 924 proprie
2497 856 2988 913 constitutionum
3019 861 3264 918 nomine
3293 863 3623 933 signiﬁcari

1967 951 2139 1008 posse
2161 955 2172 1005 ;
2197 939 2300 995 sed
2313 956 2414 996 eas
2426 945 2765 1000 necessario
2786 946 2901 1002 hoc
2919 948 3163 1005 nomine
3174 949 3424 1008 indicari
3441 969 3618 1025 nego,

1967 1041 2106 1080 cum
2128 1032 2185 1083 et
2212 1028 2376 1112 ipsas
2404 1032 2658 1102 chulas
2684 1033 2764 1090 ita
2801 1051 3045 1109 quoque
3083 1039 3387 1112 appellare
3422 1042 3618 1101 liceat.

1967 1116 2116 1171 Cum
2146 1113 2300 1174 enim
2327 1121 2550 1190 regula),
2582 1123 2728 1178 nihil
2758 1123 2921 1180 aliud
2953 1127 3087 1193 sint,
3121 1145 3308 1200 quam
3339 1133 3624 1190 constitu-

1967 1203 2155 1261 tiones
2179 1208 2463 1278 quaedam
2492 1212 2858 1280 monasticae,
2884 1214 3009 1269 sine
3031 1215 3217 1272 dubio
3237 1217 3381 1290 ipsis
3400 1221 3623 1290 regulis

1967 1295 2457 1353 constitutionum
2487 1315 2711 1356 nomen
2740 1301 2872 1357 dari
2913 1303 3060 1358 nihil
3101 1309 3277 1361 vetat.
3326 1310 3518 1373 Quare
3547 1326 3622 1367 ex

1967 1382 2264 1452 ejusmodi
2312 1386 2682 1455 testimoniis,
2743 1389 2806 1445 in
2853 1391 3075 1462 quibus
3121 1399 3350 1450 veteres
3394 1397 3624 1471 aliquot

1966 1471 2282 1542 scriptores
2308 1475 2499 1530 Basilii
2522 1477 3024 1536 Constitutionum
3046 1482 3466 1551 meminerunt,
3496 1486 3622 1542 cili-

1966 1559 2117 1615 citur
2147 1561 2364 1628 solum,
2392 1564 2671 1620 Basilium
2696 1568 2922 1640 scripta
2950 1569 3173 1642 aliqua,
3221 1589 3358 1644 quae
3405 1574 3482 1630 ad
3524 1591 3621 1632 res

184 1666 372 1706 unum
406 1655 469 1706 et
507 1650 800 1707 eumdem
844 1655 1152 1708 auctorem
1189 1668 1344 1724 esse,
1402 1667 1538 1708 cum
1585 1649 1856 1707 naturale
1896 1670 1935 1723 Β
1965 1650 2337 1706 monasticas
2365 1653 2745 1723 pertinerent,
2781 1656 3098 1726 vulgasse:
3141 1663 3200 1715 at
3228 1676 3300 1716 ex
3338 1661 3431 1717 his
3473 1663 3624 1719 nihil

182 1756 294 1796 non
326 1741 429 1807 sit,
462 1747 531 1798 ut
567 1756 726 1796 unus
773 1745 832 1798 et
881 1741 1046 1798 idem
1097 1741 1351 1814 scriptor
1385 1746 1511 1800 tam
1539 1741 1772 1798 diverse
1801 1744 1859 1796 et

180 1830 397 1886 sentiat
429 1834 490 1886 et
522 1830 769 1887 scribat.

177 1977 304 2043 §XL
357 1975 529 2031 Pars
561 1980 759 2046 sexta,
783 1974 888 2031 ubi
926 1975 1132 2031 multis
1161 1975 1532 2046 argumentis
1558 1973 1858 2044 probatur

386 2066 701 2122 Basiliam
743 2067 1115 2137 Regutarum
1163 2071 1470 2123 auctorem
1501 2081 1637 2122 esse.

240 2194 328 2248 39.
365 2190 651 2246 Vidimus
681 2206 805 2247 non
827 2206 1017 2247 unam
1039 2191 1312 2247 omnium
1339 2190 1697 2247 sententiam
1721 2207 1853 2247 esse

174 2279 239 2336 de
269 2279 590 2336 Asceticis.
624 2279 1024 2336 Combeﬁsius
1045 2279 1329 2340 Basilium
1349 2280 1852 2336 Constitutionum

174 2370 666 2426 monasticarum
697 2373 1003 2425 auctorem
1035 2368 1210 2426 facit:
1253 2369 1359 2425 sed
1381 2368 1640 2438 Regulas
1660 2368 1851 2441 ipsius

170 2475 288 2515 esse
319 2464 541 2528 negat.
575 2458 1010 2526 Tillemontius,
1036 2459 1325 2530 Dupinus,
1357 2457 1577 2515 Natalis
1596 2457 1851 2514 Alexan-

170 2551 269 2604 der
296 2555 356 2604 et
383 2548 494 2605 alii
527 2547 654 2604 fere
683 2564 898 2604 omnes
927 2552 992 2604 ut
1022 2547 1302 2618 Regulas,
1340 2547 1424 2604 ita
1452 2551 1510 2603 et
1552 2548 1850 2604 Constitu-

171 2639 354 2695 tiones
379 2638 769 2695 monasticas
800 2637 1017 2694 Basilio
1037 2637 1325 2694 tribuunt.
1358 2639 1425 2694 Ut
1443 2642 1509 2692 ut
1527 2637 1655 2692 haec
1684 2642 1844 2705 sunt,

169 2729 430 2785 dubitari
463 2729 691 2785 merito
720 2743 845 2784 non
874 2731 1076 2801 potest
1100 2729 1250 2800 quin
1282 2726 1536 2783 Basilius
1566 2727 1847 2784 volumen

167 2819 414 2891 aliquod
446 2819 531 2874 de
564 2817 753 2874 rebus
781 2817 1132 2875 monasticis
1162 2816 1501 2874 confecerit.
1551 2820 1702 2873 Nam
1751 2833 1844 2882 ea,

1964 1737 2225 1810 amplius
2265 1740 2466 1811 colligi
2510 1748 2725 1815 potest.
2767 1745 2915 1800 Cum
2965 1761 3109 1815 ergo
3152 1747 3234 1805 ita
3280 1766 3374 1805 res
3417 1751 3489 1807 sit
3519 1754 3618 1824 (c),

1961 1841 2125 1882 nunc
2154 1827 2483 1886 videndum
2512 1847 2648 1903 quas
2680 1835 2796 1889 sint
2819 1833 3040 1910 scripta
3055 1835 3157 1892 illa
3182 1839 3458 1906 ascetica,
3482 1856 3619 1912 quas

1963 1918 2374 1988 composuisse
2422 1919 2709 1976 Basilium
2752 1927 2836 1978 tot
2881 1927 3062 1979 testes
3110 1929 3166 1980 et
3217 1927 3620 1999 antiquissimi

1961 2006 2359 2064 tradiderunt.
2397 2011 2517 2079 Ego
2547 2015 2747 2068 autem
2775 2028 2914 2068 cum
2945 2015 3221 2086 superius
3250 2016 3503 2073 dixerim
3533 2021 3618 2090 (d)

1961 2095 2216 2164 Regulas
2247 2097 2426 2154 simul
2461 2104 2518 2155 et
2549 2101 3012 2158 Constitutiones
3043 2104 3410 2162 monasticas
3431 2108 3534 2164 uni
3563 2113 3622 2166 et

1960 2183 2155 2240 eidem
2187 2187 2458 2259 scriptori
2487 2189 2707 2245 ascribi
2736 2206 2859 2248 non
2898 2191 3138 2259 debere,
3189 2209 3303 2264 ego
3332 2195 3510 2265 igitur
3555 2202 3622 2254 ut

1958 2271 2374 2332 liberalissime
2405 2293 2542 2333 cum
2574 2278 2786 2334 Basilio
2813 2295 3014 2351 agam,
3063 2281 3210 2337 nihil
3241 2283 3503 2356 amplius
3534 2284 3619 2342 fa-

1960 2378 2093 2418 cere
2123 2380 2300 2436 queo,
2332 2381 2521 2437 quam
2554 2372 2619 2423 ut
2646 2367 2865 2424 horum
2903 2384 3157 2442 operum
3186 2369 3537 2428 alterutrum
3564 2374 3617 2431 ci

1958 2453 2239 2510 tribuam.
2273 2457 2497 2511 Rursus
2526 2473 2664 2512 cum
2695 2474 2836 2514 mox
2866 2458 3213 2516 afﬁrmarim
3255 2462 3420 2518 nulla
3461 2467 3616 2520 vete-

1956 2557 2094 2599 rum
2123 2544 2482 2616 scriptorum
2515 2547 2855 2603 testimonia
2884 2548 3135 2619 proferri
3164 2565 3362 2622 posse,
3394 2568 3464 2608 ex
3486 2553 3615 2624 qui-

1957 2633 2071 2689 bus
2097 2641 2258 2690 certo
2289 2640 2522 2692 constet
2553 2637 3013 2694 Constitutiones
3065 2641 3427 2698 monasticas
3469 2641 3614 2700 olim

1956 2721 2175 2778 Basilio
2203 2722 2455 2780 tributas
2484 2723 2685 2790 fuisse,
2720 2726 2815 2780 vix
2844 2724 3130 2782 ferendus
3172 2743 3390 2795 essem,
3425 2729 3473 2784 si
3507 2745 3614 2786 eas

1955 2826 2198 2867 summo
2234 2811 2318 2868 illi
2360 2813 2484 2868 viro
2527 2813 2963 2884 adjudicarem.
3022 2818 3217 2882 Quare
3260 2818 3516 2889 Regulas
3561 2820 3614 2876 ci

164 2925 291 2981 quae
312 2908 648 2965 retulimus
671 2907 1415 2978 (a),veterumtestimonia
1433 2912 1634 2980 aperte
1651 2911 1847 2964 osten-
1883 2921 1924 2977 ρ
1955 2900 2497 2958 δεονὶὺθηάεςιεεεθ
2528 2903 2769 2959 censui:
2803 2920 2873 2960 co
2895 2905 3112 2975 magis,
3136 2906 3302 2978 quod
3333 2912 3389 2963 et
3415 2913 3617 2965 aucto-

163 2998 306 3054 dunt
328 2998 633 3054 Basilium
655 3013 781 3054 non
803 2997 979 3054 breve
1000 2996 1334 3069 quoddam,
1355 2995 1464 3052 sed
1481 2996 1752 3068 amplum
1773 3012 1844 3054 ac

160 3087 550 3160 praecipuum
580 3103 741 3159 opus
770 3087 847 3143 de
890 3087 1332 3143 monachorum
1373 3085 1660 3142 institutis
1699 3101 1841 3142 con-

162 3179 504 3251 scripsisse.
541 3179 741 3242 Quare
787 3180 890 3232 aut
916 3175 1178 3246 regulas,
1211 3180 1315 3232 aut
1351 3179 1508 3232 certe
1549 3175 1844 3232 monasti-

161 3281 256 3322 cas
293 3265 782 3324 Constitutiones
822 3265 876 3321 ei
915 3265 1253 3336 adiudicari
1283 3280 1524 3321 necesse
1574 3268 1682 3320 est.
1732 3267 1841 3321 Νο-

159 3357 414 3413 tandum
446 3361 548 3413 est
578 3360 806 3424 autem,
840 3355 1075 3411 nullum
1099 3355 1394 3412 hactenus
1413 3359 1681 3411 veterum
1703 3355 1842 3410 scri-

160 3452 402 3519 ptorum
434 3446 861 3503 testimonium
883 3445 1133 3503 allatum
1163 3461 1296 3503 esse
1314 3461 1511 3518 neque
1537 3461 1574 3502 a
1593 3444 1841 3503 Combe-

163 3536 308 3602 tisio,
339 3551 556 3608 neque
581 3552 620 3592 a
650 3535 868 3608 quovis
897 3534 1036 3602 alio,
1067 3550 1190 3606 quo
1223 3538 1523 3591 constaret
1567 3533 1712 3590 olim
1760 3533 1839 3589 ab

165 3623 366 3696 aliquo
388 3625 690 3696 scriptore
716 3625 966 3697 antiquo
986 3624 1450 3681 Constitutiones
1475 3624 1840 3680 monasticas

167 3715 384 3770 Basilio
409 3715 719 3786 ascriptas
749 3714 957 3770 fuisse.
981 3717 1047 3770 Et
1087 3717 1262 3782 certe,
1304 3718 1370 3770 ut
1404 3712 1554 3769 mihi
1589 3713 1839 3786 quidem

165 3804 421 3873 videtur,
469 3804 781 3876 ejusmodi
812 3804 1159 3861 testimonia
1200 3807 1360 3860 certa
1405 3807 1462 3860 et
1500 3802 1840 3860 indubitata

166 3893 432 3965 proferre
464 3898 826 3967 promptum
853 3909 978 3950 non
1017 3897 1164 3961 erat,
1197 3909 1336 3949 cum
1367 3893 1418 3948 si
1447 3908 1570 3965 qua
1594 3908 1722 3950 esse
1750 3893 1838 3948 vi-

160 3989 446 4058 deantur,
479 4007 554 4047 ea
582 3991 646 4046 in
677 3991 1037 4048 contrariam
1071 3991 1433 4048 sententiam
1463 3989 1839 4063 interpretari

162 4081 352 4138 liceat.
378 4085 534 4138 Nam
555 4080 725 4154 quod
751 4081 1081 4137 litterarum
1103 4081 1513 4137 monumentis
1533 4079 1840 4152 proditum

1952 2989 2114 3057 ritas,
2147 2995 2204 3046 et
2230 2991 2399 3058 ratio,
2434 2997 2491 3048 et
2521 2992 2722 3066 ipsum
2765 2994 3068 3050 scribendi
3117 3011 3306 3065 genus
3353 2998 3434 3054 ita
3483 3014 3614 3055 sua-

1952 3079 2150 3136 deant.
2182 3082 2248 3135 Et
2276 3080 2523 3152 quidem
2555 3083 2974 3155 composuisse
3003 3084 3287 3140 Basilium
3319 3091 3423 3142 aut
3441 3091 3613 3143 Asce-

1951 3168 2135 3224 ticum
2179 3169 2543 3242 simpliciter,
2585 3176 2689 3227 aut
2730 3171 2973 3228 Librum
3007 3175 3348 3241 asceticum,
3374 3179 3477 3231 aut
3503 3178 3612 3246 Be-

1951 3257 2178 3327 gulam,
2194 3263 2298 3315 aut
2310 3259 2794 3326 Constitutiones,
2811 3269 2913 3317 aut
2926 3261 3262 3335 quidquam
3276 3263 3486 3331 simile,
3501 3268 3612 3321 tes-

1949 3350 2038 3402 tes
2052 3353 2194 3404 sunt
2208 3348 2625 3420 Hieronymus,
2642 3349 2876 3417 Suidas,
2899 3352 3214 3421 Gregorius
3226 3354 3609 3422 Turonensis,

1949 3437 2321 3501 Benedictus,
2344 3439 2737 3508 Theodosius,
2764 3439 2952 3508 Plato,
2982 3441 3362 3510 Philibertus,
3385 3446 3614 3514 Eugen-

1949 3526 2064 3582 dus
2093 3531 2152 3583 et
2180 3529 2494 3598 Gregorius
2526 3529 2935 3586 Nazianzenus
2965 3532 3058 3601 (e).
3087 3532 3381 3597 Quoniam
3410 3537 3612 3590 autem

1946 3617 2198 3672 nomina
2218 3617 2368 3684 haec,
2391 3616 2612 3690 quibus
2633 3618 2695 3673 hi
2715 3619 3036 3691 scriptores
3062 3620 3156 3675 usi
3181 3625 3320 3676 sunt
3342 3620 3420 3677 ad
3451 3637 3614 3677 asce-

1947 3704 2093 3761 ticas
2122 3705 2321 3762 Basilii
2339 3706 2788 3762 lucubrationes
2808 3707 3190 3775 indicandas,
3213 3725 3287 3764 ex
3317 3725 3379 3766 se
3408 3710 3609 3767 ambi-

1949 3810 2069 3866 gua
2089 3799 2245 3862 sunt,
2269 3811 2380 3852 nec
2400 3811 2508 3868 per
2529 3811 2592 3852 se
2612 3795 2852 3867 regulas
2873 3797 3091 3868 magis,
3118 3814 3305 3869 quam
3325 3799 3610 3856 constitu-

1948 3884 2140 3940 tiones
2168 3884 2535 3941 monasticas
2556 3883 2920 3956 signiﬁcant,
2945 3885 3100 3942 bene
3121 3901 3192 3942 ac
3213 3886 3458 3944 feliciter
3477 3904 3611 3960 pro-

1947 3975 2145 4030 visum
2166 3979 2276 4041 est,
2300 3978 2365 4031 ut
2383 3991 2454 4031 ea
2473 3974 2552 4030 ab
2572 3975 2704 4030 aliis
2725 3975 3072 4032 auctoribus
3098 3980 3155 4032 et
3176 3977 3611 4049 antiquissimis

1949 4068 2006 4120 et
2043 4063 2535 4136 locupletissimis
2567 4064 2746 4136 plane
2789 4069 2848 4122 et
2893 4069 3097 4138 aperte
3147 4066 3604 4138 explicarentur.

161 4177 262 4242 est,
299 4153 624 4244 piissimos
657 4171 840 4238 viros,
883 4171 1307 4241 Theodosium,
1348 4170 1737 4227 Philibertum
1783 4173 1841 4226 et
1876 4170 1919 4225 D
1950 4155 2177 4244 Ρΐωθᾶῒ
2205 4153 2614 4244 βθείίωοηίυω
2649 4153 2985 4244 Βμδηὶίειιιί
3014 4156 3076 4212 in
3103 4171 3213 4213 sua
3258 4155 3608 4214 Ρῖωίθίίοηθ

165 4258 484 4316 Platonem
507 4259 977 4316 Constitutiones
1001 4259 1195 4315 Basilii
1217 4258 1485 4316 studiose
1507 4258 1726 4329 legisse
1742 4258 1838 4329 (b),

164 4364 230 4404 ex
257 4365 335 4405 eo
363 4347 518 4404 nihil
548 4352 784 4403 certum
813 4347 1093 4403 concludi
1137 4351 1354 4419 potest.
1401 4350 1465 4403 Et
1502 4363 1646 4403 vero
1687 4347 1840 4404 Con-

166 4440 546 4495 stitutionum
577 4453 823 4509 nomen,
849 4443 916 4493 ut
937 4437 1057 4494 alia
1091 4437 1401 4510 pleraque,
1444 4437 1526 4494 ita
1554 4441 1613 4494 et
1639 4437 1840 4510 ipsum

167 4543 410 4599 quoque
433 4527 802 4596 ambiguum
832 4532 922 4582 est
942 4545 956 4595 ;
996 4543 1104 4582 nec
1126 4542 1234 4599 per
1254 4543 1317 4582 se
1337 4526 1540 4598 potius
1560 4542 1664 4583 eas
1689 4529 1841 4583 Con—

167 4615 508 4671 stitntiones
539 4615 926 4684 monasticas,
972 4630 1108 4687 quae
1145 4615 1207 4670 in
1239 4614 1438 4670 Basilii
1477 4613 1841 4671 editionibus

170 4705 587 4769 inveniuntur,
634 4703 946 4774 signiﬁcat,
1007 4719 1191 4776 quam
1243 4703 1518 4774 ejusdem
1556 4703 1838 4774 Regulas.

171 4796 383 4851 Omnia
423 4794 597 4850 enim
620 4795 873 4850 nomina
896 4793 1043 4856 haec,
1070 4793 1242 4861 liber,
1275 4796 1576 4861 instituta,
1603 4795 1838 4865 regula,

173 4885 649 4949 constitutiones,
684 4887 741 4939 et
769 4882 1041 4954 ejusdem
1066 4882 1304 4952 generis
1327 4881 1463 4948 alia,
1486 4883 1710 4955 quibus
1731 4899 1840 4939 an-

173 4975 306 5047 tiqui
334 4975 672 5046 scriptores
701 4970 781 5028 ad
809 4972 1079 5028 Ascetica
1105 4971 1302 5027 Basilii
1324 4971 1728 5041 signiﬁcanda
1745 4973 1841 5029 usi

177 5071 320 5128 sunt,
363 5080 444 5120 ex
486 5079 552 5118 se
602 5060 854 5118 omnino
897 5059 1060 5116 idem
1099 5059 1318 5127 valent,
1360 5061 1628 5133 nihilque
1674 5061 1840 5118 aliud

175 5158 380 5210 natura
401 5169 521 5208 sua
551 5150 917 5222 signiﬁcant,
941 5165 1129 5221 quam
1159 5149 1444 5222 quaedam
1465 5165 1668 5223 opera,
1700 5166 1836 5223 quas

175 5241 238 5298 de
262 5244 452 5299 rebus
483 5239 839 5298 monasticis
869 5238 1116 5294 Basilius
1146 5238 1350 5295 edidit.
1377 5242 1509 5296 Haec
1532 5244 1736 5296 autem
1764 5255 1835 5297 eo

173 5336 377 5396 notavi,
410 5341 478 5388 ut
498 5330 889 5388 ostenderem
936 5343 1011 5385 ex
1037 5328 1340 5400 ejusmodi
1371 5329 1745 5399 testimoniis,
1771 5331 1834 5389 in

268 5461 350 5530 ta)
391 5461 546 5529 Lege
586 5473 655 5514 n.
706 5461 798 5512 27.

267 5531 344 5598 (ὁ)
389 5532 542 5601 Lege
579 5545 649 5586 n.
700 5532 796 5584 27.

270 5605 347 5674 (ε)
388 5603 540 5675 Lege
577 5617 649 5658 n.
696 5604 800 5660 27.

1949 4242 2014 4299 in
2038 4242 2328 4314 Regulam
2357 4244 2547 4300 sancti
2575 4243 2770 4299 Basilii
2801 4243 2880 4300 ad
2907 4244 3176 4301 Urseium
3201 4244 3486 4301 abbatem
3523 4246 3610 4302 sic

1950 4331 2216 4405 loquitur
2239 4334 2348 4404 (/'):
2376 4333 2475 4388 Ad
2494 4333 2618 4389 haec
2638 4348 2766 4404 ego,
2789 4348 2865 4389 ne
2883 4334 3029 4403 quid
3050 4335 3160 4390 tibi
3178 4336 3373 4391 minus
3404 4335 3606 4407 digne,

1952 4438 2072 4478 non
2102 4423 2235 4478 dico
2257 4437 2434 4494 quam
2456 4423 2714 4493 geritur,
2745 4422 2849 4478 sed
2877 4438 3058 4493 quam
3098 4425 3233 4494 geri
3270 4425 3462 4492 debet,
3506 4440 3609 4481 ex-

1945 4528 2247 4582 ponerem,
2270 4513 2330 4568 S.
2362 4513 2582 4568 Basilii
2622 4513 3020 4582 Cappadociae
3041 4515 3319 4584 episcopi,
3351 4516 3469 4571 viri
3489 4515 3610 4584 ﬁde

1953 4609 2007 4660 et
2036 4603 2313 4673 operibus
2341 4609 2398 4660 et
2433 4603 2600 4658 omni
2614 4604 2933 4658 sanctitate
2952 4607 3097 4658 satis
3119 4606 3295 4673 clari,
3321 4606 3607 4662 Institula

1952 4693 2402 4758 monachorum,
2449 4707 2581 4763 quae
2623 4693 3137 4763 interrogantibus
3183 4709 3245 4750 se
3298 4696 3607 4752 monachis

1951 4785 2112 4840 velut
2143 4783 2340 4839 sancti
2365 4781 2682 4852 cujusdam
2701 4783 2864 4852 juris
2894 4796 3180 4852 responsa
3209 4785 3442 4852 statuit,
3463 4799 3606 4852 pro-

1951 4875 2086 4930 tuli.
2119 4875 2271 4943 Ergo
2297 4871 2371 4927 de
2402 4871 2593 4927 Ruﬁni
2623 4871 2919 4928 sententia
2956 4873 3244 4928 Instituta
3289 4874 3607 4930 monacho-

1950 4979 2086 5018 rum
2115 4961 2264 5018 nihil
2295 4961 2458 5017 aliud
2488 4965 2645 5027 sunt,
2668 4977 2856 5033 quam
2876 4976 3173 5033 responsa
3192 4961 3313 5028 illa,
3340 4977 3474 5034 quae
3501 4963 3606 5018 Ba-

1951 5053 2118 5109 silius
2130 5051 2639 5119 deditmonachis,
2657 5053 2763 5125 qui
2779 5052 2979 5124 ipsum
3004 5051 3464 5122 interrogarent:
3488 5052 3604 5109 hoc

1949 5148 2056 5212 est,
2090 5143 2236 5216 ipsae
2267 5145 2406 5198 sunt
2435 5141 2694 5212 Regulae,
2743 5141 2806 5197 in
2843 5140 3068 5214 quibus
3103 5140 3352 5196 Basilius
3385 5141 3606 5199 multas

1947 5255 2018 5295 ac
2046 5237 2242 5294 varias
2270 5234 2709 5290 monachorum
2745 5233 3106 5306 quaestiones
3140 5230 3312 5288 docte
3345 5250 3416 5290 ac
3446 5234 3604 5290 dilu-

1947 5327 2078 5385 cide
2108 5327 2302 5383 solvit.
2335 5327 2506 5394 Ergo,
2542 5325 2755 5380 eodem
2797 5327 2966 5391 teste,
3010 5321 3371 5396 Regularum
3409 5323 3602 5396 legiti-

2061 5455 2144 5526 (d)
2185 5456 2337 5522 Lege
2375 5465 2436 5505 n.
2470 5450 2546 5526 ⁸34
2585 5451 2642 5504 et
2680 5463 2806 5521 seq.

2055 5524 2134 5598 (εἲ
2172 5528 2322 5598 ιιθεθ
2361 5535 2422 5598 n.-
2463 5524 2552 5598 2.7°

2057 5591 2131 5669 (Γ)
2172 5591 2323 5667 Lege
2364 5592 2638 5650 Codicem
2676 5591 2914 5664 ReguL,
2956 5607 3019 5652 n.
3051 5595 3140 5651 97.
