4058 6192
442 293 544 358 103

1947 298 2329 359 ΡΒΑΞΡᾹΤΙΟ.

3731 301 3836 356 104

441 443 579 482 mus
611 441 830 498 parens
857 424 1114 481 Basilius
1145 428 1252 481 est.
1289 425 1396 482 Ubi
1425 425 1619 481 obiter
1648 424 2005 491 notandum,
2029 441 2102 480 ex
2132 429 2178 480 Α
2211 424 2454 480 nemine
2484 426 2536 481 ei
2566 429 2727 482 certo
2757 423 3120 481 tribuantur.
3169 425 3385 491 Quare,
3417 422 3467 478 si
3496 423 3866 480 auctoritatis

440 514 533 570 his
562 515 787 586 optime
819 513 1068 585 intelligi
1100 529 1310 568 verum
1345 530 1475 570 esse
1507 514 1673 587 quod
1708 513 1853 578 dixi,
1903 513 2106 569 videli-

439 607 552 673 cet,
569 603 817 658 nomina
842 603 1469 671 haec,constitutiones,
1486 605 1791 670 instituta,
1806 607 1864 657 et
1884 601 2104 657 horum

438 691 656 747 similia
679 692 916 748 diverse
945 691 1231 763 explicari
1255 707 1455 763 posse,
1473 697 1530 747 et
1558 691 1706 747 talia
1731 707 1886 760 esse,
1910 696 1974 746 ut
1994 704 2106 746 sua

438 786 656 838 natura
680 797 799 837 non
820 781 1017 852 potius
1036 781 1489 836 constitutiones
1506 781 1901 848 monasticas,
1915 795 2102 852 quam

439 870 680 939 regulas
711 870 1072 940 significent.
1109 871 1172 924 Et
1215 885 1358 924 vero
1398 869 1512 924 nisi
1544 869 1796 924 Ruﬁnus
1843 869 1970 940 ipse
1997 868 2104 923 do-

439 959 660 1014 cuisset
697 959 842 1030 quid
875 957 1267 1013 intellexisset
1309 973 1417 1030 per
1459 959 1741 1014 instituta
1789 956 2108 1013 monacho~

442 1065 598 1114 rum,
623 1047 1168 1103 Constitutionesne
1199 1063 1278 1102 an
1326 1047 1564 1116 Regulae
1592 1048 1708 1102 hoc
1739 1046 1984 1102 nomine
2024 1047 2104 1101 si-

441 1137 890 1209 gniﬁcarentur,
916 1136 1362 1205 ignoraremus:
1394 1136 1500 1190 sed
1523 1152 1660 1190 cum
1687 1135 1818 1191 haec
1846 1135 2102 1204 addidit,

441 1241 574 1297 qua:
595 1225 1109 1294 interrogantibus
1139 1240 1201 1281 se
1224 1226 1542 1282 monachis
1565 1227 1726 1281 velut
1768 1227 1965 1281 sancti
2000 1241 2102 1280 cu-

429 1317 678 1386 jusdam
681 1319 716 1386 j
722 1317 844 1371 uris
862 1331 1145 1384 responsa
1159 1317 1370 1371 statuit
1383 1315 2102 1385 ,protuli,dubitationem

441 1422 692 1478 prorsus
717 1405 953 1460 exemit.
995 1407 1113 1460 Nec
1153 1404 1325 1460 aliter
1350 1410 1453 1460 aut
1484 1405 1689 1469 sensit,
1729 1410 1834 1460 aut
1872 1404 2107 1476 scripsit

444 1499 787 1566 Cassianus,
816 1496 988 1565 cujus
1012 1494 1196 1550 verba
1217 1495 1332 1550 hoc
1348 1494 1482 1551 loco
1504 1511 1716 1550 rursus
1743 1495 1960 1550 referre
1978 1508 2105 1549 non

443 1585 688 1657 pigebit.
721 1586 869 1640 Sunt
897 1589 1100 1640 autem
1131 1584 1435 1654 ejusmodi
1491 1585 1607 1654 (a):
1659 1585 1797 1640 Huc
1850 1584 2103 1654 accedit,

2210 514 2495 570 habenda
2509 515 2660 570 ratio
2681 515 2774 583 sit,
2804 531 2944 587 quae
2973 515 3242 570 maxima
3265 514 3327 568 in
3347 513 3418 568 iis
3446 512 3629 568 rebus
3656 511 3866 569 haberi

2210 602 2410 669 debet,
2426 609 2661 675 oportet
2676 620 2800 660 non
2822 604 3306 669 Constitutiones,
3320 617 3585 674 quarum
3606 617 3681 656 ne
3701 616 3868 657 men-

2210 692 2291 747 tio
2316 693 2564 764 quidem
2594 693 2908 765 perspicue
2933 693 3092 748 facta
3117 697 3206 747 est
3235 691 3399 763 apud
3425 691 3726 762 antiquos,
3758 689 3867 746 sed

2212 781 2467 850 Regulas
2499 781 2712 837 Basilio
2734 781 2935 850 tribui,
2963 785 3168 854 utpote
3192 795 3455 852 quarum
3477 779 3732 835 Basilius
3757 794 3866 834 au-

2211 876 2339 928 ctOr
2366 871 2552 927 fuisse
2580 872 2723 928 olim
2755 889 2792 929 a
2817 872 3033 944 priscis
3082 871 3475 943 scriptoribus
3524 871 3719 926 dictus
3767 870 3862 938 sit,

2210 961 2312 1032 qui
2341 961 2471 1030 ejus
2501 967 2605 1017 aut
2633 961 2922 1034 aequales,
2955 966 3060 1017 aut
3088 961 3208 1016 fere
3237 959 3503 1032 aequales
3536 959 3720 1014 fuere.

2283 1053 2370 1105 40.
2401 1050 2547 1105 Cum
2577 1049 2725 1105 illud
2750 1050 2927 1122 quasi
2957 1050 3322 1123 principium
3347 1053 3579 1104 certum
3599 1047 3866 1120 posueri-

2211 1155 2367 1201 mus,
2401 1139 2763 1209 Regularum
2784 1144 2966 1211 atque
2985 1139 3496 1195 Constitutionum
3525 1152 3651 1192 non
3675 1152 3864 1191 unum

2211 1234 2269 1285 et
2295 1229 2581 1285 eumdem
2610 1236 2917 1286 auctorem
2943 1245 3077 1284 esse
3107 1247 3122 1297 ;
3151 1243 3537 1299 consequens
3561 1231 3670 1294 est,
3699 1226 3746 1280 si
3772 1241 3867 1280 ra-

2211 1318 2430 1375 tionem
2465 1318 2638 1391 sequi
2663 1318 2966 1389 volumus,
2997 1324 3060 1373 ut
3110 1317 3389 1373 Basiliam
3421 1331 3544 1372 non
3576 1314 3868 1372 Constitu-

2212 1407 2558 1474 tiones,sed
2582 1407 2836 1476 Regulas
2864 1407 3176 1480 scripsisse
3205 1407 3506 1462 dicamus.
3547 1404 3794 1468 Etenim,
3814 1402 3866 1458 si

2211 1498 2350 1569 quis
2378 1497 2746 1552 monasticas
2777 1496 3244 1552 Constitutiones
3271 1511 3413 1551 cum
3442 1491 3682 1564 Regulis
3706 1509 3869 1548 com-

2213 1587 2537 1658 paraverit,
2571 1586 2771 1642 statim
2801 1585 3239 1641 animadvertet
3258 1589 3491 1641 tantum
3513 1583 3624 1639 has
3655 1582 3734 1638 ab
3753 1581 3868 1638 illis

445 1675 604 1746 quod
623 1689 804 1743 super
834 1673 948 1729 hac
970 1687 1035 1728 re
1065 1674 1183 1729 viri
1210 1679 1264 1729 et
1312 1677 1436 1730 vita
1466 1675 1714 1741 nobiles,
1751 1681 1804 1731 et
1835 1688 2106 1730 sermone
2145 1701 2183 1753 Β
2213 1675 2788 1748 differre,quantum
2808 1691 2963 1748 opus
2984 1675 3552 1748 praestantissimum
3565 1671 3644 1729 ab
3665 1686 3866 1744 opere,

444 1764 812 1834 scientiaque
835 1764 1148 1832 praeclari,
1179 1764 1375 1818 multa
1389 1765 1515 1832 iam
1538 1765 1833 1833 opuscula
1855 1764 2106 1820 desuda-

443 1857 608 1917 rant,
643 1851 704 1906 S.
742 1853 1036 1906 Basiliam
1075 1858 1128 1907 et
1169 1851 1604 1921 Hieronymum
1639 1853 1790 1923 dico,
1835 1854 2104 1924 aliosque

443 1941 790 2006 nonnullos,
806 1955 1060 2010 quorum
1073 1941 1794 2006 anteriorsciscitantibus
1805 1942 2108 2012 fratribus

445 2043 624 2098 super
643 2029 888 2085 diversis
910 2030 1201 2084 institutis
1218 2031 1312 2085 vel
1329 2030 1750 2100 quaestionibus
1771 2045 1890 2085 non
1914 2031 2107 2086 solum

442 2119 736 2188 facundo,
779 2133 982 2174 verum
1033 2119 1211 2173 etiam
1260 2119 1607 2174 divinarum
1647 2120 2108 2188 Scripturarum

447 2207 796 2263 testimoniis
818 2209 1051 2276 copioso
1073 2221 1340 2262 sermone
1360 2207 1688 2276 respondit.
1720 2207 1950 2273 Quibus
1984 2224 2110 2263 ver—

445 2295 540 2352 bis
571 2295 824 2366 Regulas
846 2295 1098 2351 indicari
1127 2311 1310 2351 nemo
1331 2311 1455 2351 non
1485 2297 1667 2368 videt,
1695 2313 1832 2352 cum
1864 2297 1926 2352 in
1959 2297 2108 2370 ipsis

445 2384 808 2458 quaestiones
823 2383 1071 2440 fratrum
1088 2389 1268 2455 atque
1291 2384 1794 2454 interrogationes
1815 2392 1876 2441 ut
1892 2385 2108 2441 facun-

447 2475 522 2530 de
541 2478 598 2529 et
616 2473 968 2546 copiose,ita
985 2478 1385 2542 congruenter
1407 2474 1722 2545 Scripturae
1745 2475 2108 2531 convenien-

443 2567 654 2634 terque
691 2561 1044 2617 enodentur.
1085 2565 1205 2617 Hoc
1242 2561 1405 2617 idem
1437 2562 1686 2618 miriﬁce
1728 2563 2110 2619 conﬁrmavit

445 2652 776 2724 imperator
800 2652 1196 2721 Justinianus,
1212 2668 1349 2707 cum
1379 2653 1740 2723 Regularum
1763 2653 2105 2710 breviorum

446 2757 636 2796 unam
661 2740 865 2796 citavit
885 2743 1034 2810 (reg.
1067 2744 1218 2809 267),
1250 2741 1364 2796 hoc
1387 2741 1571 2796 modo
1597 2759 1610 2797 :
1637 2741 1910 2794 Βασιλείου
1955 2742 2106 2795 ἐπισ-

446 2835 607 2882 κόπου
652 2833 966 2900 Καισαρείας
1001 2825 1405 2896 Καππαδοκίας,
1446 2829 1500 2881 ἐκ
1520 2839 1610 2882 τοῦ
1649 2840 1919 2883 κανονικοῡ
1946 2833 2108 2883 αὐτοῦ

448 2917 676 2992 βιϐλίου·
704 2917 1008 2989 Ἐρώτησις,
1037 2917 1096 2970 Εἰ
1126 2919 1254 2970 ὅπου
1284 2921 1373 2990 μὲν
1403 2918 1554 2991 λέγει,
1589 2927 1724 2994 Δαρὴ
1737 2940 1882 2973 σεται
1910 2921 2036 2974 πολλ
2057 2926 2106 2980 ἓξ

447 3009 575 3060 ὅπου
604 3003 681 3072 δὲ,
712 3005 910 3077 Ὀλίγα,
943 3015 1050 3067 πῶς
1080 3005 1294 3078 λέγουσί
1324 3027 1453 3069 τινες
1484 3014 1555 3081 μὴ
1589 3005 1718 3060 εἶναι
1756 3010 1897 3071 τέλος
1926 3019 1986 3068 τῆ
2021 3028 2106 3060 κο-

446 3094 642 3156 λάσεως
667 3102 777 3156 τοῖς
807 3094 1170 3167 κολαζομένοις
1198 3113 1210 3159 ;
1255 3094 1580 3170 Ἀπόκρισις.
1617 3101 1694 3150 Τὰ
1723 3097 1985 3171 ἀμφίϐολα
2013 3103 2104 3151 καὶ

447 3183 927 3255 ἓπικεκαλυμμένως
949 3183 1191 3256 εἰρῆσθαι
1241 3181 1498 3237 δοκοῦντα
1541 3189 1589 3237 ἓν
1637 3207 1749 3239 τισι
1793 3192 1974 3250 τόποις
2011 3197 2106 3250 τῆς

449 3275 790 3325 θεοπνεύστου
822 3277 996 3343 Γραφῆ
1010 3293 1049 3336 ς,
1084 3274 1183 3324 ὑπὸ
1224 3281 1321 3324 τῶν
1351 3273 1512 3324 ἀλλων
1544 3273 1592 3325 ἐν
1617 3274 1791 3337 calor;
1819 3275 2106 3348 ὁμολογου-

446 3365 606 3434 μένων
629 3361 987 3432 σαφηνίζεται,
1004 3365 1116 3415 etc.
1135 3363 1352 3434 Basilii
1366 3364 1629 3433 episcopi
1648 3365 1935 3421 Caesareae
1953 3365 2109 3435 Cap-

439 3451 730 3521 padociae,
765 3465 840 3506 ex
869 3452 996 3520 ejus
1028 3450 1182 3506 libro
1224 3453 1620 3522 Regularum.
1672 3457 2096 3526 Interrogatio.

443 3537 512 3596 Si
531 3545 655 3594 tum
683 3539 848 3603 dicit,
879 3560 908 3587 ‹‹
945 3540 1264 3608 Vapulabil
1293 3543 1499 3597 multis
1521 3544 1592 3611 3',
1625 3549 1770 3614 tum,
1795 3546 2048 3614 paucis:
2074 3568 2101 3596 ››

444 3643 560 3699 quo
593 3635 775 3698 pacto
804 3627 1049 3699 quidam
1081 3629 1292 3686 dicunt
1329 3632 1569 3688 nullum
1604 3634 1783 3701 ﬁnem
1823 3635 2110 3704 supplicii

439 3719 578 3788 fore
596 3718 666 3772 iis
686 3718 790 3788 qui
809 3732 988 3786 paena
1013 3718 1412 3788 afﬁciuntur?
1436 3722 1778 3790 Responsio.
1805 3724 1946 3791 Qua’
1973 3741 2099 3780 am-

447 3807 630 3876 bigua
658 3813 821 3873 sunt,
848 3821 921 3862 ac
951 3807 1234 3863 videntur
1263 3809 1509 3866 obscure
1537 3826 1654 3868 esse
1676 3812 1840 3870 dicta
1867 3815 1932 3868 in
1970 3815 2102 3886 qui-

448 3895 697 3950 busdam
733 3895 875 3950 locis
901 3895 1190 3951 divinitus
1220 3897 1534 3966 inspirata
1569 3901 1922 3970 Scriptura,
1955 3903 2105 3959 alibi

443 3982 520 4040 ab
545 3985 684 4040 aliis
713 3998 844 4054 quae
864 3985 1137 4052 con/essu
1165 3989 1220 4040 et
1248 3993 1462 4054 aperta
1490 3995 1650 4052 sunt,
1679 3990 2098 4060 declarantur,

445 4076 557 4128 etc.
589 4071 955 4142 Regularum
999 4071 1180 4140 igitur
1206 4073 1356 4128 liber
1407 4075 1731 4133 Justiniani
1783 4085 1953 4136 aetate
1997 4083 2100 4136 Ba-

445 4160 573 4217 silio
613 4160 1011 4216 tribuebatur.
1067 4163 1230 4215 Hanc
1281 4162 1630 4232 opinionem
1679 4181 1716 4220 a
1766 4168 2100 4238 majoribus

442 4254 756 4322 acceptam
788 4249 867 4304 ad
897 4253 1170 4321 posteros
1207 4251 1539 4308 transmisit
1579 4254 1822 4312 Photius
1853 4257 1952 4328 (b),
2007 4258 2100 4314 his
2130 4239 2173 4292 Ῑ)

441 4337 643 4393 verbis
685 4354 698 4392 :

444 4424 688 4500 ἐρωτήσει
734 4431 822 4478 καὶ
870 4425 1142 4499 ἀποκρίσει
1197 4435 1636 4503 προηγουμένους,
1698 4433 1956 4490 ἐκτίθεται
2012 4441 2098 4489 τὸν

444 4514 663 4590 ἀριθμόν
709 4520 1022 4573 πεντήκοντα
1068 4517 1277 4588 [nitore].
1348 4525 1446 4571 Καὶ
1507 4521 1662 4574 πάλιν
1713 4533 2098 4603 συντομώτερον

443 4606 646 4677 ἑτέρους
668 4604 858 4676 Ὅρους
880 4604 1000 4676 τιγ’.
1033 4606 1263 4664 Deinde
1286 4609 1462 4678 quasi
1499 4611 1779 4686 Regulus
1805 4619 2095 4688 quasdam

441 4696 748 4763 asceticas,
781 4694 1212 4764 interrogando
1236 4712 1309 4752 ac
1330 4701 1741 4768 respondendo
1759 4710 2098 4775 propositas

441 4785 706 4853 exponit,
735 4797 982 4838 numero
1012 4785 1467 4855 quinquaginta
1497 4791 1760 4861 quinque
1791 4809 1804 4847 :
1851 4795 2098 4854 iterum-

442 4888 556 4944 que
597 4872 891 4929 breviores
946 4873 1100 4927 alias
1170 4879 1468 4932 trecentas
1522 4880 1822 4937 tredecim.
1879 4885 1935 4940 Si
1986 4886 2096 4956 igi-

441 4968 539 5019 tur
569 4978 777 5018 verum
808 4965 898 5017 est
927 4962 1186 5031 Regulas
1217 4963 1399 5020 simul
1419 4971 1477 5022 et
1507 4968 1966 5030 Constitutiones
1988 4974 2100 5033 Ba-

441 5053 574 5108 silio
605 5054 820 5122 Magno
870 5051 1048 5106 tribui
1096 5068 1220 5108 non
1267 5069 1472 5124 posse.
1522 5055 1699 5128 longe
1749 5061 1963 5118 melius
2011 5070 2102 5121 est

441 5148 621 5214 atque
652 5140 1052 5214 praestabilius
1082 5158 1390 5200 summum
1419 5143 1582 5202 hunc
1619 5148 1819 5205 virum
1851 5153 2098 5224 Regula-

440 5247 576 5287 rum
603 5236 912 5286 auctorem
939 5229 1152 5298 facere,
1184 5247 1369 5302 quam
1399 5235 1922 5308 Constitutionum,
1957 5261 2096 5301 cum

437 5318 641 5390 ipsum
663 5318 920 5386 Regulas
937 5319 1354 5390 composuisse
1376 5320 2095 5401 afﬁrmentantiquissimi

441 5413 498 5464 et
529 5405 868 5477 gravissimi
913 5407 1255 5478 scriptores,
1303 5410 1767 5471 Constitutiones
1814 5425 2016 5479 autem
2060 5445 2096 5486 ει

549 5532 592 5566 ³¹
639 5533 782 5586 Luc.
821 5545 915 5597 χιι,
949 5532 1038 5597 47,
1071 5533 1160 5587 48.

548 5654 630 5731 (a)
671 5655 836 5712 Cass.
863 5653 983 5721 In.,
1015 5651 1077 5709 in
1107 5654 1274 5714 Praef.

776 4333 902 4389 Εἶτα
955 4338 1060 4389 οἷον
1108 4336 1299 4413 Ὄρους
1351 4341 1492 4401 τινὰς
1551 4340 1887 4412 ἀσκητικοὺς,
1934 4349 2004 4408 ὡς
2050 4346 2097 4399 ἐν

2215 1765 2264 1820 si
2288 1781 2412 1821 non
2446 1765 2696 1833 malo,at
2728 1765 2884 1821 inter
2912 1764 3244 1820 mediocria
3277 1769 3479 1820 tamen
3519 1762 3730 1818 ultimo
3755 1760 3869 1817 dif-

2215 1855 2344 1910 fert.
2390 1858 2455 1910 Et
2484 1871 2622 1910 vero
2652 1854 2879 1910 refertae
2906 1858 3047 1909 sunt
3092 1853 3331 1924 Regulae
3366 1851 3686 1925 prmceptis
3715 1849 3870 1906 salu-

2213 1943 2490 1999 berrimis
2521 1949 2699 2014 atque
2731 1943 3080 2010 utilissimis,
3111 1942 3335 2014 quibus
3382 1956 3507 1997 non
3535 1939 3868 1995 monacho—

2214 2049 2350 2089 rum
2371 2032 2576 2098 modo,
2607 2033 2715 2089 sed
2745 2033 2926 2088 etiam
2949 2033 3424 2089 Christianorum
3445 2031 3568 2086 vita
3593 2035 3651 2085 et
3671 2044 3870 2084 mores

2215 2123 2592 2178 sanctissime
2620 2123 2901 2194 componi
2928 2121 3179 2195 possint.
3205 2125 3270 2178 ln
3288 2121 3381 2177 his
3408 2119 3595 2177 multa
3618 2135 3690 2175 ac
3718 2117 3870 2173 ditii-

2215 2211 2351 2268 cilia
2390 2211 2711 2284 Scripturae
2739 2212 2874 2268 loca
2915 2212 3264 2268 doctissime
3314 2226 3384 2266 ac
3432 2207 3871 2265 dilucidissime

2215 2301 2636 2374 explanantur.
2667 2301 2882 2357 Videas
2904 2301 3214 2357 hominem
3239 2300 3318 2356 ad
3342 2299 3607 2356 inﬁnitas
3630 2313 3872 2368 graves-

2215 2386 3709 2463 quecujuscunquegenerisquaastionessolvendas
3720 2401 3873 2441 sem-

2214 2496 2324 2552 per
2344 2486 2648 2552 paratum,
2673 2486 2730 2536 et
2745 2481 2824 2536 ita
2849 2485 2986 2552 apte
3011 2480 3091 2536 ad
3112 2480 3353 2548 singula
3372 2476 3866 2549 respondentem,

2215 2574 2280 2625 ut
2293 2569 2440 2624 nihil
2451 2569 2664 2624 melius
2677 2575 2781 2626 aut
2797 2570 3252 2626 convenientius
3271 2567 3469 2624 atterri
3482 2566 3690 2639 possit.
3705 2567 3871 2622 Certe

2216 2673 2371 2729 opus
2398 2663 2523 2714 tam
2570 2658 2923 2714 absolutum
2949 2674 3072 2714 non
3103 2658 3164 2714 in
3192 2655 3526 2730 quemlibet
3571 2653 3868 2723 convenit,

2217 2748 2322 2804 sed
2351 2749 2411 2803 in
2436 2750 2654 2815 virum,
2683 2749 2788 2821 qui
2817 2754 2883 2804 ut
2907 2749 3030 2804 acri
3055 2747 3310 2820 judicio,
3364 2747 3446 2802 ita
3489 2744 3656 2801 omni
3685 2742 3870 2799 eccle-

2216 2837 2468 2898 siasticae
2495 2839 2754 2894 scientiae
2775 2837 3140 2910 supellectile
3161 2838 3486 2893 instructus
3507 2840 3681 2890 esset.
3705 2833 3872 2903 Ejus-

2218 2927 2387 2982 modi
2410 2927 2592 2996 igitur
2619 2943 2776 3000 opus
2821 2928 3018 2999 potius
3069 2927 3247 2984 tribui
3291 2925 3471 2982 debet
3519 2923 3872 2980 doctissmo

2218 3018 2696 3090 gravissimoque
2712 3017 2987 3090 scriptori
3013 3017 3245 3079 Basilio,
3276 3031 3463 3088 quam
3494 3012 3874 3070 Constitutio-

2215 3123 2363 3162 num
2392 3106 2561 3174 liber,
2586 3109 2644 3163 in
2668 3123 2792 3180 quo
2817 3107 2964 3163 nihil
2985 3108 3068 3164 ita
3088 3122 3403 3177 magnum,
3436 3103 3585 3160 nihil
3603 3103 3686 3158 ita
3705 3100 3868 3169 utile,

2215 3197 2363 3252 nihil
2392 3197 2474 3252 ita
2498 3197 2786 3252 eximium
2817 3197 3177 3253 continetur.
3208 3198 3384 3264 Nam,
3413 3199 3481 3250 ut
3507 3193 3694 3260 aiunt,
3743 3207 3872 3247 ma-

2215 3301 2404 3356 gnum
2436 3302 2663 3356 magna
2681 3286 2916 3356 decent,
2942 3301 3201 3358 parvum
3221 3299 3430 3356 parva.
3460 3281 3870 3349 Quamobrem

2215 3390 2339 3431 non
2368 3380 2708 3431 erraturum
2737 3381 2906 3447 puto,
2936 3375 3043 3448 qui
3073 3375 3332 3446 Regulas
3360 3379 3655 3445 tanquam
3683 3386 3870 3443 pries-

2215 3465 2587 3521 tantissimas
2623 3465 3117 3538 praestantissimo
3147 3464 3425 3536 scriptori
3453 3462 3687 3528 Basilio,
3719 3463 3872 3517 Con-

2215 3555 2551 3611 stitutiones
2585 3571 2729 3612 vero
2772 3556 3142 3612 monasticas
3197 3560 3489 3627 tanquam
3532 3551 3874 3608 mediocres

2214 3644 2504 3700 mediocri
2533 3645 2720 3700 cuivis
2744 3646 2973 3702 auctori
3000 3645 3242 3702 tribuet.
3286 3649 3368 3700 Ac
3391 3657 3467 3700 ne
3495 3642 3632 3714 quis
3661 3639 3870 3697 existi-

2212 3738 2337 3789 met
2356 3733 2611 3804 Regulas
2646 3734 2796 3791 falso
2817 3735 2936 3790 dici
2961 3734 3232 3805 eximias,
3272 3748 3387 3789 nec
3412 3733 3611 3788 verius
3650 3744 3869 3786 mona-

2211 3823 2396 3880 sticas
2446 3824 2914 3881 Constitutiones
2957 3824 3076 3879 dici
3125 3822 3477 3890 mediocres,
3517 3819 3871 3877 meminisse

2211 3929 2410 3986 operae
2435 3914 2694 3985 pretium
2713 3918 2823 3980 est,
2851 3913 3218 3969 monasticas
3244 3911 3708 3970 Constitutiones
3726 3923 3874 3964 nes-

2209 4018 2397 4074 quam
2429 4002 2594 4074 apud
2619 4002 2902 4074 antiquos
2931 4006 3095 4059 certo
3125 4006 3182 4058 et
3223 4001 3637 4058 indubitanter
3674 3998 3871 4054 citari.

2214 4093 2366 4147 Sane
2397 4092 2645 4146 Ruﬁnus
2671 4096 2728 4148 et
2753 4091 3098 4160 Cassianus,
3129 4091 3231 4164 qui
3260 4090 3517 4160 Regulas
3548 4088 3872 4162 perspicue

2208 4178 2556 4247 laudarunt,
2580 4196 2829 4252 prorsus
2855 4185 3059 4236 tamen
3088 4180 3182 4237 .de
3224 4177 3760 4236 Constitutionibus
3786 4176 3872 4232 si-

2208 4268 2396 4326 luere.
2422 4273 2489 4326 Et
2512 4269 2679 4342 quod
2704 4270 2898 4341 magis
2925 4269 3241 4337 mirabere,
3274 4270 3538 4336 Photius,
3564 4267 3669 4341 qui
3693 4271 3875 4323 caete-

2209 4360 2430 4431 roquin
2454 4366 2579 4416 tam
2600 4359 2843 4431 copiose
2865 4360 2939 4416 de
2962 4359 3242 4416 Asceticis
3266 4358 3507 4416 locutus
3530 4363 3636 4424 est,
3661 4362 3875 4413 tamen

2208 4464 2286 4504 ne
2315 4465 2507 4505 unum
2530 4449 2780 4521 quidem
2801 4449 3050 4505 verbum
3072 4448 3146 4504 de
3177 4448 3682 4504 Constitutionum
3709 4444 3874 4502 libro

2211 4537 2465 4608 addidit,
2497 4539 2582 4594 sic
2612 4544 2676 4594 ut
2702 4538 2763 4594 id
2789 4554 2942 4611 opus
2985 4542 3090 4594 aut
3118 4553 3241 4593 non
3269 4537 3535 4604 novisse,
3567 4541 3669 4593 aut
3696 4534 3876 4591 nullo

2208 4626 2342 4684 loco
2391 4629 2676 4685 habuisse
2727 4628 3023 4684 videatur.
3073 4631 3274 4700 Neque
3306 4643 3448 4683 vero
3499 4625 3877 4683 monasticas

2210 4717 2673 4774 Constitutiones
2729 4718 2925 4787 magis
2955 4717 3125 4790 apud
3179 4718 3540 4774 recentiores
3583 4715 3876 4771 laudatas

2210 4805 2476 4871 invenio,
2508 4823 2645 4862 cum
2677 4807 2914 4876 Regulae
2953 4811 3156 4864 tamen
3204 4822 3362 4879 saepe
3405 4807 3680 4862 citentur.
3728 4807 3874 4860 Pro-

2209 4895 2384 4960 fecto,
2434 4896 2486 4951 si
2526 4895 2807 4966 theologi,
2856 4897 2905 4952 si
2952 4897 3055 4953 alii
3109 4897 3430 4968 scriptores
3479 4893 3878 4952 ecclesiastici

2209 4985 2441 5058 aliquid
2467 4987 2530 5042 in
2560 4986 3094 5043 Constitutionibus
3117 4986 3504 5053 invenissent,
3556 4984 3722 5057 quod
3748 4982 3877 5040 sibi

2209 5073 2387 5130 alicui
2417 5075 2554 5130 usui
2600 5091 2734 5132 esse
2761 5077 3073 5149 potuisset,
3120 5092 3224 5132 eas
3273 5075 3485 5131 crebro
3533 5076 3873 5130 citassent:

2207 5163 2376 5235 quod
2399 5181 2537 5220 cum
2549 5181 2672 5222 non
2693 5158 2960 5234 fecerint,
2983 5165 3125 5221 satis
3146 5163 3530 5220 declararunt
3550 5161 3880 5232 nihilejus-

2208 5254 2374 5310 modi
2414 5255 2474 5310 in
2501 5255 2646 5328 ipsis
2669 5255 2988 5311 invenisse.
3031 5257 3246 5321 Quare,
3279 5259 3345 5308 ut
3371 5253 3513 5318 dixi,
3544 5256 3876 5308 consenta-

2204 5359 2391 5400 neum
2412 5345 2758 5412 estrationi,
2788 5344 3043 5415 Regulas
3067 5343 3152 5398 uti
3189 5342 3461 5412 egregias
3489 5340 3705 5397 ascribi
3727 5355 3878 5396 eru-

2206 5432 2504 5491 ditissimo
2559 5433 2832 5506 scriptori
2884 5432 3121 5500 Basilio,
3195 5431 3660 5489 Constitutiones
3718 5445 3880 5486 vero

2307 5681 2390 5754 (b)
2428 5682 2571 5741 Cod.
2605 5699 2750 5752 cxcr,
2780 5698 2843 5756 p.
2872 5685 3002 5742 493.
