4058 6192
475 312 573 366 107

1973 304 2374 362 ΡΒΛΕΡΛΤΙΟ.

3777 317 3869 372 108

468 434 532 488 in
553 433 721 488 Novo
747 433 1115 488 Testamento
1133 445 1256 488 non
1277 433 1551 502 reperiri.
1579 435 1708 491 Una
1729 445 1984 502 namque
2015 431 2085 487 ha

2226 429 2443 501 legitur
2465 449 2478 488 :
2501 433 2589 495 Ὠς
2611 454 2683 506 τῳ
2702 437 2792 507 μὲν
2815 437 3075 497 ἀκουσίως
3105 444 3196 488 τοῦ
3216 441 3575 510 προσήκοντος
3601 436 3869 511 ἁμαρτόντι

470 523 641 579 betur
677 523 972 578 sententia
1017 522 1302 578 adversus
1343 524 1620 594 quaelibet
1663 527 1932 592 peccata,
1985 536 2118 577 cum

463 614 753 668 Dominus
793 612 977 677 dicat,
1003 635 1030 662 «
1060 611 1175 678 Qui
1218 613 1373 681 facit
1409 619 1745 682 peccatum,
1787 627 1996 669 servus
2033 617 2117 667 est

461 703 696 771 peccati
710 701 780 754 ³⁵.
798 723 825 748 ››
849 701 913 756 Et
940 699 1108 772 quod
1129 699 1441 756 molestius
1462 701 1784 768 videbitur,
1809 705 2018 757 auctor
2036 698 2119 755 ita

462 791 879 864 imprudenter
901 789 1180 862 scripisse
1205 791 1367 846 credi
1398 791 1493 847 vix
1516 795 1901 863 potest,tcum
1931 789 1991 844 in
2023 805 2116 844 re-
2145 829 2152 831 -

460 883 604 953 gula
625 885 839 954 quarta
856 895 980 936 non
1005 879 1327 936 dissimilia.
1347 881 1477 951 jam
1499 881 1766 936 dixisset.
1794 883 1873 934 Ex
1893 877 2114 951 quibus

454 971 742 1029 omnibus
783 969 985 1041 colligi
1013 973 1214 1041 potest
1241 975 1573 1038 auctorem,
1614 969 1728 1026 nisi
1757 969 1888 1040 ejus
1927 967 2113 1023 verba

452 1067 611 1117 recte
631 1059 1061 1128 intelligantur,
1083 1057 1444 1114 severiorem
1468 1057 1657 1113 videri
1673 1058 1886 1113 merito
1904 1071 2107 1128 posse.

451 1151 646 1215 Quare
668 1148 719 1203 si
738 1146 1006 1203 difficilia
1025 1146 1309 1218 quaedam
1329 1145 1696 1214 Regularum
1715 1145 1850 1201 loca
1868 1145 2109 1201 incaute

443 1238 680 1309 legeris,
701 1236 872 1293 facile
893 1235 1128 1300 credas,
1143 1234 1487 1291 Combeﬁsii
1507 1234 1806 1306 exemplo,
1829 1233 2106 1307 quemvis

443 1327 631 1384 alium
676 1327 881 1399 potius
914 1341 1125 1382 earum
1177 1329 1489 1382 auctorem
1520 1341 1680 1394 esse,
1716 1339 1904 1396 quam
1943 1322 2105 1378 Basi-

401 1424 406 1429 '
441 1418 590 1472 lium
624 1434 636 1471 :
664 1416 770 1471 sed
812 1415 859 1470 si
896 1414 1207 1486 quispiam
1237 1413 1544 1484 ejusmodi
1569 1413 1844 1469 locorum
1868 1417 2103 1468 senten-

435 1509 584 1562 tiam
607 1508 712 1560 rite
731 1509 787 1559 et
805 1509 1104 1560 scrutatus
1125 1504 1301 1560 fuerit
1321 1507 1379 1558 et
1397 1508 1729 1570 assecutus,
1754 1502 1902 1558 nihil
1925 1517 2101 1574 aspe-

435 1597 560 1651 rius
582 1598 686 1650 aut
705 1594 917 1649 durius
941 1593 1001 1649 in
1023 1594 1171 1666 ipsis
1192 1593 1476 1662 inveniet,
1501 1593 1736 1665 sibique
1756 1592 1937 1664 plane
1957 1607 2095 1664 per-

434 1683 714 1740 suadebit
735 1685 1118 1740 severitatem
1156 1683 1323 1738 illam
1344 1684 1408 1738 in
1428 1682 1664 1738 nullum
1687 1681 1874 1737 alium
1898 1681 2096 1750 magis

2228 539 2318 572 και
2343 529 2628 596 συγγνώμη
2654 544 2734 584 τις
2755 529 2885 586 ἴσως
2904 529 3046 600 παρὰ
3067 534 3156 578 τοῦ
3196 534 3329 579 Θεοῦ
3358 530 3578 598 γένοιτοο
3603 535 3673 579 τῶ
3696 525 3755 579 δὲ
3774 527 3866 590 ἑξε-

2226 607 2448 673 πίτηὸις
2475 615 2540 664 τὰ
2568 618 2733 687 χείρω
2765 615 3083 687 προελομένω
3114 611 3336 688 οὐδεμία
3357 621 3681 690 παραίτησις
3717 621 3773 668 τὸ
3799 622 3861 689 μὴ

2226 699 2355 770 οὐχὶ
2375 699 2746 754 πολλαπλασίω
2766 708 2860 761 τὴν
2891 703 3104 756 κόλασιν
3135 709 3412 775 ὑποσχεῖν.
3434 705 3755 762 Enimvero
3774 707 3866 776 qui

2223 803 2261 844 a
2301 795 2463 846 recto
2501 790 2836 863 decoroque
2856 809 2976 848 non
2999 795 3346 850 voluntarie
3365 794 3691 862 aberrarit,
3717 797 3866 865 forte

2224 880 2454 934 veniam
2501 881 2770 952 aliquam
2812 884 3100 938 obtinebit
3127 885 3346 939 aDeo:
3385 885 3490 955 qui
3528 899 3666 940 vero
3689 885 3863 954 fuerit

2221 970 2494 1025 consulto
2523 971 2688 1026 mala
2709 973 3048 1042 amplexus,
3072 973 3546 1042 implacabilater
3572 975 3865 1043 supplicia

2222 1057 2396 1128 longe
2414 1061 2654 1128 majora
2671 1062 2958 1130 perferet.
2984 1061 3116 1116 Haec
3137 1061 3242 1133 qui
3270 1061 3492 1130 legent,
3518 1062 3615 1129 iis,
3643 1063 3756 1118 nisi
3774 1078 3861 1119 ca-

2216 1152 2416 1209 veant,
2449 1147 2622 1204 facile
2659 1149 2721 1204 in
2760 1155 3027 1206 mentem
3049 1151 3266 1220 veniet,
3299 1151 3518 1207 horum
3548 1151 3862 1208 verborum

2214 1235 2374 1292 hanc
2393 1252 2522 1292 esse
2545 1239 2910 1295 sententiam
2931 1239 3036 1312 qui
3055 1255 3177 1295 non
3190 1239 3521 1296 voluntarie
3541 1241 3864 1312 peccaverit

2212 1339 2354 1380 eum
2393 1325 2650 1382 fortasse
2687 1328 2931 1384 veniam
2970 1333 3464 1394 consecuturum;
3505 1329 3612 1401 qui
3667 1336 3859 1386 autem

2211 1413 2490 1494 consulto
2529 1420 2586 1471 et
2623 1415 2981 1484 voluntarie,
3003 1417 3152 1472 nihil
3189 1418 3242 1473 ei
3284 1418 3413 1490 spei
3450 1418 3733 1491 relinqui,
3759 1417 3858 1474 sed

2208 1517 2456 1559 omnem
2495 1505 2862 1576 pwnitentiae
2898 1505 3103 1562 locum
3143 1522 3392 1580 prorsus
3438 1507 3666 1563 adimi:
3700 1507 3858 1580 quod

2207 1606 2331 1647 non
2353 1591 2538 1648 modo
2558 1593 2696 1664 plus
2716 1610 2895 1665 inquo
2916 1605 3190 1650 severum
3213 1600 3320 1659 est,
3355 1595 3465 1650 sed
3485 1595 3727 1665 falsum,
3755 1601 3806 1652 et
3822 1611 3858 1652 a

2208 1677 2408 1736 Basilii
2445 1685 2646 1738 mente
2668 1683 3169 1739 remotissimum.
3193 1683 3422 1739 Eodem
3443 1684 3543 1740 illo
3564 1701 3637 1740 ex
3667 1683 3856 1740 libello

432 1774 777 1842 convenire,
800 1789 989 1845 quam
1009 1773 1070 1828 in
1093 1773 1524 1844 Basilium,qui
1557 1788 1628 1828 eo
1659 1771 1903 1841 ingenio
1942 1775 2089 1833 erat,
2121 1783 2164 1837 Β
2205 1787 2415 1826 rursus
2454 1788 2656 1844 pauca
2695 1773 3034 1844 subjiciam.
3079 1777 3230 1831 Sunt
3271 1779 3475 1831 autem
3513 1775 3858 1846 hujusmodi

430 1869 496 1919 ut
516 1880 657 1919 cum
678 1863 906 1933 dogma
927 1863 1179 1934 aliquod
1220 1862 1546 1935 explanare
1585 1861 1702 1917 sibi
1723 1877 1847 1917 non
1870 1876 2090 1933 propo-

430 1953 670 2015 suisset,
684 1951 1016 2024 aliquando
1037 1951 1287 2007 liberius
1309 1952 1702 2022 severiusque
1722 1950 2086 2022 loqueretur.

428 2046 579 2099 Nam
617 2043 678 2097 in
717 2042 900 2098 rebus
940 2042 1021 2097 ad
1059 2057 1260 2097 mores
1299 2040 1766 2113 pertinentibus,
1811 2054 2090 2094 nonnun-

428 2147 617 2204 quam
657 2131 878 2194 minus,
905 2135 973 2186 ut
1007 2131 1090 2188 ita
1128 2130 1351 2199 dicam,
1394 2129 1748 2185 attendebat
1784 2129 1865 2184 ad
1902 2127 2091 2183 verba

427 2221 653 2293 quibus
677 2225 965 2288 uteretur,
987 2235 1176 2291 quam
1199 2219 1280 2274 ad
1302 2219 1682 2275 audientium
1707 2217 1988 2285 salutem,
2011 2215 2089 2272 ad

428 2327 617 2384 quam
639 2327 968 2383 quemque,
986 2325 1357 2382 quacunque
1377 2309 1610 2364 ratione
1630 2313 1857 2380 posset,
1874 2307 2091 2380 perdu-

429 2415 563 2456 cere
583 2399 940 2456 conabatur.
956 2403 1126 2456 Nunc
1141 2415 1173 2456 e
1195 2397 1395 2454 Basilii
1413 2397 1789 2454 orationibus
1810 2395 2091 2468 exempla

431 2488 637 2561 aliqua
657 2488 942 2560 subdam,
970 2493 1032 2544 ut
1052 2504 1193 2544 cum
1223 2487 1319 2556 iis,
1343 2503 1480 2560 quae
1501 2486 1693 2549 retuli,
1721 2486 2087 2555 Regularum

426 2577 576 2634 locis
613 2578 850 2651 possint
887 2577 1252 2649 comparari.
1279 2575 1534 2632 Basilius
1566 2575 1748 2646 igitur
1769 2591 1907 2629 cum
1938 2573 2088 2629 illud

429 2670 623 2736 Lucae,
646 2671 964 2725 Destruam
998 2668 1212 2724 horrea
1232 2681 1386 2734 mea,
1409 2671 1465 2720 et
1486 2668 1727 2735 majora
1755 2664 2086 2733 aediﬁcabo,

429 2758 800 2829 explanaret,
823 2757 906 2813 ita
925 2756 1164 2813 locutus
1193 2761 1283 2812 est
1304 2755 1475 2826 (tom.
1501 2755 1568 2816 ll,
1593 2771 1652 2827 p.
1679 2756 1766 2824 50)
1791 2773 1803 2809 :
1827 2761 1918 2813 Τις
1948 2752 2086 2805 ἐστιν

431 2849 456 2898 ὁ
477 2846 782 2908 πλεονέκτης
805 2863 818 2912 ;
842 2845 901 2897 Ὦ.
919 2849 990 2918 μὴ
1016 2848 1243 2917 ὶμμένων
1266 2852 1327 2917 τῇ
1357 2844 1659 2917 αὐταρκείᾳ.
1687 2844 1825 2903 Quis
1863 2857 2086 2898 avarus

430 2942 552 2999 est?
575 2945 690 3012 Qui
707 2944 882 3000 rebus
919 2959 1052 3014 quae
1089 2944 1236 3000 satis
1274 2947 1438 3007 sunt,
1479 2946 1794 2998 contentus
1832 2955 1950 2995 non
1977 2946 2081 2996 est.

432 3033 604 3096 Quod
640 3033 722 3088 ita
756 3033 1014 3089 breviter
1032 3048 1102 3089 ac
1124 3031 1475 3105 simpliciter
1511 3030 1737 3086 dictum
1777 3033 2083 3101 perterret.

2205 1859 2394 1930 (ibid.)
2411 1877 2424 1916 :
2441 1860 2600 1914 Ὥστε
2621 1861 2986 1921 καλλωπιστήν
3009 1860 3137 1915 εἶναι
3158 1883 3247 1915 χαι
3269 1864 3637 1936 ὀνομάζεσθαι,
3672 1866 3858 1937 ὁμοίως

2202 1951 2431 2022 αἰσχρὸν
2455 1951 2698 2021 ἡγεῖσθαι
2719 1971 2851 2023 φημι
2875 1948 2984 2004 δεῖν
3007 1956 3128 2013 τοὺς
3148 1957 3433 2019 τοιούτους,
3453 1957 3519 2015 ὡς
3541 1957 3599 2005 τὸ
3622 1953 3853 2026 ἑταιρεῖν,

2202 2041 2232 2094 ἣ
2261 2037 2554 2113 ἠλλοτρίοις
2577 2042 2767 2111 γάμοις
2798 2038 3160 2096 ἐπίϐουλεύειν.
3209 2042 3409 2105 Quare
3446 2044 3856 2098 cincinnatum

2200 2141 2321 2183 esse
2349 2134 2406 2184 et
2435 2130 2760 2198 appellari,
2792 2145 2954 2201 a’que
3003 2136 3179 2200 turpe
3208 2131 3564 2188 censendum
3595 2133 3727 2188 dico
3770 2138 3859 2188 at-

2199 2232 2313 2288 que
2339 2221 2619 2283 scortari,
2651 2225 2757 2274 aut
2801 2221 3016 2275 alienis
3059 2223 3287 2290 nuptiis
3336 2223 3636 2278 insidiari.
3670 2225 3852 2290 Certe,

2199 2322 2337 2362 cum
2368 2307 2452 2363 ita
2480 2307 2716 2364 locutus
2746 2314 2835 2364 est
2862 2309 3142 2373 Basilius,
3170 2327 3297 2366 rem
3321 2326 3717 2381 exaggerasse
3737 2311 3855 2367 dici

2199 2397 2410 2451 merito
2439 2402 2657 2467 potest.
2700 2400 2849 2454 Nam
2881 2397 3045 2454 aliud
3077 2399 3269 2455 multo
3299 2405 3406 2466 est,
3439 2401 3851 2458 cincinnatum

2197 2501 2328 2540 esse
2376 2484 2816 2557 appellarique,
2868 2493 2924 2542 et
2968 2486 3135 2542 aliud
3183 2489 3454 2559 scortari,
3496 2493 3601 2544 aut
3648 2488 3855 2544 alienis

2197 2574 2428 2646 nuptiis
2455 2573 2749 2629 insidiari.
2782 2576 2863 2629 Ex
2893 2575 3118 2647 quibus
3156 2575 3344 2648 liquet
3375 2577 3682 2647 Basilium,
3714 2593 3852 2632 cum

2197 2663 2542 2718 animarum
2591 2662 2754 2719 salus
2797 2671 3098 2733 ageretur.
3146 2665 3410 2722 naturali
3449 2667 3715 2738 quodam
3743 2667 3854 2721 im-

2197 2757 2338 2823 petu
2367 2752 2543 2824 quasi
2575 2751 2917 2823 abreptum,
2951 2769 3091 2810 raro
3119 2743 3388 2826 quidem,
3440 2755 3550 2811 sed
3578 2771 3855 2810 nonnun-

2197 2856 2386 2913 quam
2409 2846 2611 2897 tamen
2638 2841 2844 2913 aliqua
2865 2841 3112 2910 dixisse,
3140 2859 3296 2915 quae,
3321 2844 3436 2902 nisi
3455 2844 3854 2917 explicantur,

2199 2930 2502 2986 severiora
2550 2935 2655 2986 aut
2700 2936 2859 2998 sunt,
2910 2937 3014 2987 aut
3055 2932 3244 2991 videri
3309 2940 3582 3005 possunt.
3647 2938 3856 3006 Itaque

2195 3020 2471 3092 quisquis
2499 3020 2795 3076 rationem
2834 3021 3006 3092 sequi
3039 3021 3314 3092 voluerit,
3356 3024 3614 3094 Regulas
3651 3025 3857 3097 potius

431 3126 602 3189 Nam,
628 3123 676 3177 si
713 3123 797 3178 ita
836 3127 946 3192 est,
968 3123 1150 3194 pauci
1189 3125 1390 3189 erunt,
1427 3119 1534 3193 qui
1573 3119 1738 3175 avari
1777 3135 1901 3174 non
1946 3118 2081 3174 sint.
2117 3135 2158 3190 ρ
2197 3111 2414 3166 Basilio
2441 3110 2679 3180 tribuet,
2711 3125 2975 3183 quarum
3019 3111 3080 3167 in
3124 3113 3437 3169 nonnullis
3465 3115 3664 3185 major
3681 3131 3854 3186 quaa-

431 3215 630 3282 Longe
653 3211 896 3282 gravius
919 3216 1010 3266 est
1027 3211 1196 3284 quod
1217 3210 1514 3282 sequitur.
1537 3212 1686 3265 Cum
1726 3208 1886 3263 enim
1917 3208 2083 3264 Basi-

427 3301 546 3356 lius
583 3301 642 3356 in
663 3301 938 3373 quadam
953 3300 1243 3367 ,oratione
1267 3313 1610 3354 sermonem
1633 3297 1994 3352 instituisset
2010 3296 2086 3352 de

429 3405 502 3446 eo
523 3390 928 3454 adolescente,
954 3389 1070 3457 cui,
1097 3394 1162 3444 ut
1202 3393 1292 3444 est
1313 3387 1479 3459 apud
1502 3386 1860 3453 Mattbeeum,
1886 3385 2084 3440 Domi-

427 3495 543 3535 nus
564 3479 824 3536 dixerat:
852 3479 1046 3535 Vende
1064 3493 1200 3550 quaz
1221 3477 1424 3541 habes,
1439 3481 1491 3532 et
1509 3476 1587 3532 da
1607 3475 1976 3545 pauperibus
1989 3475 2082 3543 π’,

427 3573 557 3625 tum
579 3569 828 3625 demum
866 3569 1067 3641 ipsum
1109 3567 1192 3624 ita
1233 3566 1563 3638 alloquitur
1583 3567 1750 3636 (tom.
1776 3567 1842 3631 ll',
1867 3579 1926 3635 p.
1952 3568 2080 3635 51):

425 3659 486 3712 Ei
522 3661 620 3733 γὰρ
661 3659 754 3712 οὐκ
793 3658 1089 3731 ἐφόνευσας,
1133 3661 1199 3720 ὡς
1234 3661 1299 3709 σὺ
1327 3661 1444 3729 φὴς,
1476 3659 1592 3708 οὔτε
1624 3654 1938 3728 ἐμοίχευσας
1969 3654 2086 3708 οὒτε

425 3749 661 3820 ἔκλεψας,
706 3749 822 3802 οὕτε
859 3751 1334 3823 κατεμαρτύρησάς
1379 3766 1518 3807 τινος
1556 3749 1846 3818 μαρτυρίαν
1884 3741 2081 3815 ψευδῆ,

424 3837 666 3897 ἀνόνητον
691 3858 890 3891 σεαυτω
912 3845 1076 3900 ποιεῖς
1096 3843 1188 3896 τὴν
1211 3841 1330 3909 περὶ
1352 3844 1520 3888 ταῦτα
1543 3831 1802 3900 σπουδὴν,
1827 3839 1898 3906 μὴ
1924 3853 2086 3906 προσ-

420 3931 585 3990 τιθεὶς
603 3933 661 3981 τὸ
683 3925 951 3996 λεῖπον,δι’
971 3928 1031 3980 οὗ
1052 3933 1210 4000 μόνου
1235 3923 1438 3998 δυνήσῃ
1463 3923 1702 3977 εἰσελθεῖν
1726 3924 1796 3983 εἰς
1816 3928 1908 3981 τὴν
1933 3921 2086 3995 βασι.

421 4017 560 4070 λείαν
590 4026 682 4070 τοῦ
705 4026 858 4072 Θεοῦ.
883 4018 1146 4082 Etenim,
1187 4016 1242 4070 si
1278 4030 1399 4069 non
1438 4013 1724 4076 occidisti,
1751 4018 1817 4067 ut
1841 4013 1950 4078 ais,
1983 4027 2081 4068 ne-

420 4124 535 4180 que
553 4109 925 4165 adulterium
947 4105 1297 4162 commisisti
1317 4117 1505 4172 neque
1521 4103 1768 4170 furatus
1791 4116 1869 4168 es,
1893 4115 2083 4171 neque

420 4205 636 4256 contra
659 4199 998 4270 quempiam
1017 4196 1250 4265 falsum
1295 4192 1694 4248 testimonium
1718 4191 1935 4244 dixisti
1955 4206 1967 4244 :
1991 4190 2080 4244 ni-

418 4290 743 4345 hilominus
764 4294 963 4343 tamen
983 4283 1314 4342 adhibitam
1339 4283 1403 4337 in
1443 4280 1534 4335 his
1555 4280 1804 4350 agendis
1825 4279 2077 4348 diligen-

415 4381 564 4436 tiam
593 4379 703 4434 tibi
737 4378 1179 4446 infructuosam
1203 4373 1413 4442 efﬁcis,
1439 4371 1544 4443 qui
1579 4370 1740 4442 quod
1777 4371 2075 4441 reliquum

2194 3200 2337 3255 dam
2365 3199 2654 3256 severitas
2684 3205 2961 3272 apparet,
2987 3216 3178 3272 quam
3218 3203 3590 3259 monasticas
3623 3202 3857 3259 Consti-

2192 3290 2473 3357 tutiones,
2508 3289 2566 3344 in
2596 3289 2825 3361 quibus
2856 3289 3157 3360 ejusmodi
3183 3293 3514 3348 severitatis
3557 3309 3632 3348 ne
3672 3295 3856 3349 vesti-

2193 3379 2358 3448 gium
2408 3378 2655 3451 quidem
2703 3378 2894 3435 ullum
2932 3384 3152 3436 exstat.
3209 3385 3293 3438 Ita
3339 3382 3502 3438 enim
3552 3382 3866 3450 constabit

2193 3468 2502 3536 Basilium,
2551 3484 2692 3524 cum
2738 3468 2814 3524 de
2862 3468 3135 3524 moribus
3183 3486 3528 3528 sermonem
3577 3471 3854 3542 haberet,

2193 3574 2432 3630 semper
2484 3557 2579 3612 sui
2609 3557 2866 3613 similem
2918 3557 3104 3614 fuisse
3147 3576 3160 3614 :
3217 3561 3322 3631 qui
3361 3561 3585 3617 scilicet
3619 3561 3856 3635 ubique

2193 3651 2316 3703 tam
2342 3649 2403 3703 in
2430 3646 2667 3716 Regulis
2697 3662 2883 3719 quem
2904 3646 2964 3702 in
2986 3648 3119 3704 aliis
3148 3649 3275 3705 suis
3304 3650 3540 3724 scriptis
3564 3667 3857 3708 nonnun-

2193 3753 2380 3809 quam
2427 3752 2491 3791 se
2521 3735 2702 3807 paulo
2733 3736 3094 3792 severiorem
3141 3738 3489 3795 ostenderit.
3524 3742 3723 3813 Neque
3765 3747 3862 3800 ta-

2194 3843 2333 3882 men
2347 3830 2666 3898 propterea
2687 3825 2890 3880 statim
2910 3827 3447 3897 reprehendendus
3467 3835 3557 3886 est
3575 3831 3664 3886 vir
3681 3849 3860 3889 sum-

2191 3932 2350 3980 mus,
2389 3931 2529 3971 cum
2549 3915 2680 3984 ejus
2699 3913 2887 3969 verba
2913 3915 3164 3986 quilibet
3202 3918 3646 3989 paulummodo
3675 3937 3860 3994 pers-

2190 4004 2453 4077 picacior
2473 4003 2533 4058 in
2555 4002 2784 4059 bonam
2800 4009 3034 4075 partem
3056 4005 3434 4078 interpretari
3447 4007 3619 4065 facile
3630 4013 3862 4082 possit.

2261 4097 2346 4147 42.
2391 4091 2565 4157 Quod
2600 4092 2731 4162 jam
2771 4092 2981 4150 attinet
3007 4094 3085 4150 ad
3107 4094 3306 4167 ipsam
3328 4097 3632 4154 scribendi
3662 4099 3865 4156 ratio~

2186 4196 2351 4248 nem,
2383 4180 2648 4251 ingenue
2685 4180 2921 4238 fatebor
2941 4183 3221 4253 Regulae,
3248 4185 3298 4240 si
3327 4185 3669 4258 eloquentia
3706 4204 3867 4260 spe-

2185 4274 2399 4336 ctetur,
2418 4285 2454 4325 a
2475 4271 2704 4326 caeteris
2724 4270 2926 4327 Basilii
2947 4272 3236 4344 operibus
3256 4275 3531 4332 nonnihil
3551 4276 3804 4333 differre
3842 4297 3858 4336 :

2183 4359 2289 4414 sed
2311 4359 2438 4414 haec
2459 4358 2796 4430 diversitas,
2814 4375 2952 4415 cum
2975 4360 3059 4416 rei
3080 4367 3507 4432 argumentum
3528 4365 3613 4420 ita
3630 4371 3866 4438 postu-

417 4469 499 4521 est
522 4479 644 4518 non
665 4463 946 4532 adjicias,
973 4476 1089 4532 quo
1127 4460 1251 4514 solo
1271 4458 1462 4527 possis
1484 4457 1547 4512 in
1585 4457 1690 4512 Dei
1707 4470 1960 4526 regnum
1982 4457 2074 4511 in-
2104 4485 2148 4540 Β
2179 4447 2350 4515 laret,
2371 4447 2672 4503 neminem
2696 4463 2937 4504 movere
2956 4447 3155 4505 debet.
3173 4452 3302 4506 Non
3323 4451 3484 4510 enim
3503 4453 3765 4510 decebat
3786 4455 3864 4513 in

411 4553 604 4625 gredi.
648 4554 713 4606 Et
740 4567 880 4606 vero
906 4549 1184 4622 quisquis
1228 4547 1398 4604 audit
1435 4545 1582 4601 illud
1615 4564 1626 4601 :
1661 4545 2072 4601 Nihilominus

413 4649 612 4699 tamen
632 4640 967 4696 adhibitam
989 4640 1052 4694 in
1091 4638 1182 4693 his
1204 4637 1580 4707 diligentiam
1603 4635 1712 4690 tibi
1729 4636 2068 4704 infructuo-

411 4748 540 4790 sam
569 4731 780 4801 e/‘ﬁcis,
802 4729 909 4800 qui
927 4727 1088 4800 quod
1107 4728 1409 4798 reliquum
1439 4731 1492 4782 et
1517 4741 1637 4780 non
1660 4725 2068 4795 adjicias,quo

411 4824 538 4878 solo
555 4822 747 4891 possis
785 4826 849 4874 in
880 4818 990 4873 Dei
1027 4831 1273 4887 regnum
1297 4815 1560 4886 ingredi,
1585 4813 1810 4884 statim,
1836 4814 1956 4868 nisi
1984 4818 2067 4869 at-

409 4911 629 4968 tentior
651 4909 744 4974 sit,
769 4907 880 4963 sibi
901 4907 963 4962 in
985 4906 1258 4962 animum
1281 4904 1512 4960 inducit
1535 4903 1822 4958 Basilium
1843 4903 1958 4958 hoc
1979 4902 2067 4957 di-

408 5017 542 5056 cere
564 4998 848 5069 voluisse,
875 4996 1002 5052 ﬁeri
1030 5012 1153 5051 non
1194 5011 1396 5066 posse,
1422 4999 1485 5050 ut
1525 4993 1662 5066 quis
1701 4993 1763 5047 in
1806 5009 2064 5064 regnum

407 5090 698 5146 caelorum
721 5086 1110 5158 ingrediatur,
1126 5084 1242 5139 nisi
1261 5084 1464 5139 fecerit
1483 5082 1649 5156 quod
1670 5082 1810 5138 huic
1831 5082 2062 5138 adoles

405 5178 564 5234 centi
589 5177 816 5245 deerat,
857 5176 972 5232 hoc
1012 5177 1125 5242 est,
1166 5173 1280 5227 nisi
1308 5171 1517 5226 omnia
1555 5185 1670 5225 sua
1706 5167 2058 5249 vendiderit,

403 5267 753 5338 dederitque
775 5263 1148 5337 pauperibus
1172 5280 1184 5317 :
1209 5260 1376 5334 quod
1399 5259 1578 5315 nimis
1599 5263 1906 5315 austerum
1929 5273 2059 5312 esse

400 5356 606 5412 vident
624 5371 864 5412 omnes.
887 5353 1125 5409 Addam
1147 5350 1351 5406 locum
1372 5347 1704 5421 quemdam
1727 5364 1757 5403 e
1781 5363 2056 5402 sermone

398 5449 485 5504 De
507 5446 770 5516 legendis
794 5445 966 5500 libris
986 5443 1303 5514 gentilium
1323 5442 1488 5510 (tom.
1513 5443 1578 5509 11,
1597 5439 1827 5511 p.181),
1849 5437 1954 5494 ubi
1973 5437 2056 5494 ita

467 5601 514 5636 ³⁵
553 5599 725 5656 Joan.
760 5614 883 5667 vui,
917 5599 1003 5653 34.
1082 5595 1150 5631 ⁸⁵·
1190 5594 1388 5652 Matth.
1421 5608 1543 5660 xxx,
1571 5595 1660 5646 ‘21.

2179 4537 2534 4594 monasticis
2555 4536 2794 4606 Regulis
2813 4537 3267 4595 conscribendis
3290 4541 3372 4597 uti
3392 4541 3702 4612 grandiori
3722 4547 3868 4616 sty-

2178 4626 2257 4697 lo,
2283 4626 2387 4682 sed
2411 4625 2798 4697 simpliciore,
2822 4626 3051 4698 quique
3092 4627 3172 4683 ad
3209 4643 3329 4699 res,
3352 4646 3488 4702 quae
3509 4635 3866 4690 tractaren-

2179 4722 2292 4784 tur,
2316 4715 2513 4788 aptior
2533 4718 2692 4769 esset
2723 4719 2904 4786 atque
2944 4718 3482 4775 accommodatior.
3506 4722 3627 4790 Ego
3653 4720 3866 4792 igitur

2177 4805 2460 4876 Regulae,
2485 4804 2532 4859 si
2554 4819 2691 4859 cum
2712 4803 2961 4876 reliquis
2983 4804 3187 4862 Basilii
3213 4808 3449 4881 scriptis
3467 4825 3864 4881 comparen-

2177 4901 2290 4958 tur,
2316 4895 2516 4950 minus
2537 4891 2842 4963 elegantes
2885 4909 3014 4949 esse
3051 4911 3174 4951 non
3213 4912 3374 4966 nego
3409 4898 3659 4970 quidem
3689 4918 3702 4955 :
3731 4901 3868 4958 sed

2174 4990 2376 5042 tamen
2398 4981 2704 5039 contendo
2725 4981 2888 5054 ipsas
2910 4998 3032 5039 non
3052 4983 3339 5055 indignas
3362 5002 3512 5050 esse,
3539 5004 3678 5061 quas
3721 4988 3870 5045 elo-

2171 5072 2572 5147 quentissimo
2595 5071 2871 5144 scriptori
2894 5087 2964 5128 ac
2986 5072 3426 5132 facundissimo
3466 5077 3865 5136 tribuantur.

2171 5167 2239 5220 Et
2266 5179 2410 5220 vero
2431 5161 2580 5236 quid
2599 5161 2662 5217 in
2683 5160 3053 5230 Regularum
3075 5162 3232 5234 stylo
3268 5165 3361 5221 vel
3399 5166 3660 5223 morosis
3703 5167 3868 5224 dis-

2166 5254 2385 5328 plicere
2406 5251 2616 5326 possit,
2637 5267 2762 5307 non
2784 5249 2977 5306 video.
3014 5251 3162 5308 Fluit
3185 5253 3408 5326 ubique
3429 5257 3620 5312 oratio
3639 5255 3871 5316 libere

2167 5360 2238 5401 ac
2284 5343 2564 5400 suaviter.
2600 5342 2668 5396 Ut
2695 5338 3024 5396 verborum
3061 5341 3441 5401 abundantia
3470 5345 3872 5419 scriptorem

2165 5431 2663 5508 copiosissimum
2693 5428 2881 5485 fuisse
2923 5434 3130 5502 aperte
3161 5433 3443 5506 ostendit,
3477 5435 3559 5494 ita
3583 5450 3868 5508 eorum,
