4058 6192
207 297 313 350 109

1737 291 2123 349 PREFATIO.

3519 300 3622 359 HO

192 419 462 475 delectus
513 420 1003 492 constructioque
1050 419 1325 476 dubitare
1363 434 1489 474 non
1521 418 1660 476 sinit
1703 415 1851 489 quin
1883 422 1928 471 Α
1965 437 1993 467 ‹‹
2023 416 2102 472 Ei
2148 415 2254 488 qui
2300 417 2429 473 vult
2473 421 2664 474 tecum
2691 417 2763 474 in
2783 417 3019 487 judicio
3048 419 3424 485 contendere,
3447 442 3477 473 »
3508 426 3620 480 etc.

191 508 348 564 idem
380 509 818 565 disertissimus
846 509 1047 567 fuerit.
1071 509 1221 575 Quid
1249 509 1424 581 plura
1443 509 1471 564 ‘2
1497 513 1540 562 A
1572 506 1750 564 nobis
1772 505 1854 562 fa-

193 598 264 653 cit
291 613 508 654 earum
536 614 740 654 rerum
769 599 1036 669 optimus
1060 597 1248 669 judex
1279 597 1540 654 Photius.
1568 595 1676 652 Ubi
1693 594 1854 650 enim

190 687 260 744 de
286 689 580 744 Asceticis
610 689 810 745 Basilii
835 688 1122 760 loquitur,
1157 689 1238 744 ita
1278 687 1482 743 scribit
1505 689 1589 755 (a)
1615 705 1628 741 ε
1661 687 1734 740 In
1763 684 1854 740 his

190 784 386 834 tamen
419 779 657 834 duobus
692 779 860 834 libris
885 795 1006 834 non
1045 794 1272 847 semper
1296 779 1378 834 ad
1404 777 1734 847 emphasim
1765 789 1854 830 re-

188 869 404 922 currit.
437 869 663 924 Statim
694 871 849 924 enim
877 869 1109 938 primus
1141 868 1294 924 liber
1318 868 1477 923 nihil
1501 883 1626 936 prae
1657 880 1716 920 se
1731 865 1856 934 fert

185 957 324 1026 tale,
338 958 468 1012 nisi
486 957 653 1029 quod
671 957 852 1013 semel
871 957 1098 1013 alicubi
1110 972 1220 1026 per
1230 957 1605 1012 reticentiam
1628 954 1856 1009 malum

185 1060 346 1100 omen
380 1052 651 1102 avertat.
684 1047 840 1103 Nam
868 1046 950 1102 ad
991 1053 1203 1103 caetera
1235 1046 1393 1118 quod
1416 1045 1653 1111 attinet,
1682 1041 1859 1099 valde

184 1135 261 1189 ibi
279 1142 368 1190 est
389 1137 635 1204 ﬁrmus,
662 1142 716 1192 et
741 1151 908 1207 aeque
926 1152 1118 1205 purus
1166 1140 1340 1206 atque
1370 1134 1697 1200 dilucidus,
1725 1147 1858 1202 per-

183 1239 289 1294 que
317 1225 479 1280 duos
519 1225 694 1281 hosce
722 1225 906 1280 libros
958 1225 1226 1281 decurrit
1250 1224 1584 1294 simplicior
1609 1222 1856 1294 quidam

182 1320 232 1370 et
256 1315 720 1383 perfamiliaris
744 1329 936 1370 sermo
958 1329 1029 1370 ac
1049 1315 1413 1383 compositio,
1448 1314 1528 1368 ad
1558 1313 1730 1382 vulgi
1747 1326 1856 1366 au-

181 1419 269 1459 res
289 1410 665 1472 comparata
693 1410 874 1474 atque
899 1403 1172 1469 demissa,
1201 1409 1254 1459 et
1281 1404 1361 1459 ad
1389 1404 1580 1458 solam
1621 1401 1857 1457 demum

181 1493 541 1549 auditorum
570 1494 832 1549 salutem
876 1495 1124 1550 intenta.
1161 1495 1362 1549 Graeca
1391 1491 1595 1547 videre
1621 1489 1727 1562 qui
1757 1505 1859 1544 cu-

182 1583 320 1654 piet,
351 1598 431 1638 ea
453 1582 747 1654 superius
770 1581 970 1652 legere
1000 1581 1215 1654 poterit
1244 1584 1434 1654 (num.
1467 1583 1577 1644 27).
1599 1579 1711 1635 Sed
1732 1577 1860 1633 haec

180 1671 528 1742 generatim
564 1671 728 1726 dicta
755 1676 932 1726 sunt:
979 1687 1140 1726 nunc
1177 1671 1251 1726 de
1279 1671 1456 1727 certis
1486 1668 1860 1742 quibusdam

1965 505 2119 560 Loca
2149 506 2435 576 quaedam
2468 507 2786 578 Scripturaa
2817 507 3052 564 diverse
3082 508 3160 564 ab
3189 509 3622 584 interpretibus

1961 610 2138 650 versa
2188 595 2370 651 fuisse
2421 611 2546 652 non
2592 612 2731 653 raro
2775 602 2981 655 monet
3027 598 3298 656 Basilius.
3355 592 3626 674 Exempli

1965 699 2176 754 causa,
2193 685 2274 740 sic
2305 685 2368 740 in
2396 701 2576 758 opere
2605 687 2722 743 Sex
2749 687 2981 744 dierum
3005 688 3300 760 scriptum
3325 689 3628 752 invenitur

1966 772 2153 842 (hom.
2189 778 2220 829 4
2246 775 2308 830 in
2337 777 2519 844 Beda,
2551 792 2612 832 n.
2649 776 2702 848 ὅ)
2729 794 2742 831 :
2778 781 3093 850 Πρόσκειται
3125 775 3186 830 δέ
3213 777 3260 830 ἐν
3290 779 3496 844 πολλοῖς
3524 790 3625 835 τῶν

1967 858 2311 936 ἀντιγράφων,
2372 870 2470 916 Καὶ
2535 867 2777 936 συνήχθη
2821 870 2880 918 τὸ
2935 863 3077 940 ὕδωρ
3131 870 3190 920 τό
3234 868 3477 921 ὑποκάτω
3532 875 3626 922 τοῦ

1968 950 2187 1023 οὐρανοῦ
2259 953 2331 1014 εἰς
2399 956 2492 1016 τὰς
2569 957 2879 1027 συναγωγὰς
2943 955 3132 1024 αὐτῶν,
3209 961 3300 1008 καὶ
3373 959 3517 1031 ὤφθη
3590 960 3621 1018 ἠ

1968 1039 2102 1115 ξηροί
2131 1058 2143 1070 ο
2179 1042 2307 1115 ἅπερ
2358 1042 2474 1095 οὒτε
2518 1047 2651 1105 τινες
2680 1053 2781 1105 τῶς
2827 1045 3016 1098 λοιπῶν
3067 1042 3424 1100 ἐκδεὸώκασιν
3471 1067 3628 1121 ερμη-

1966 1138 2177 1189 νέων....
2211 1135 2276 1184 τὰ
2328 1137 2496 1185 τοίνυν
2551 1132 2738 1208 ἀκριϐῆ
2790 1144 2888 1186 τῶν
2946 1135 3272 1212 ἀντιγράφων
3321 1136 3621 1192 ὠϐέλισται.

1969 1223 2257 1278 Additum
2290 1228 2374 1278 est
2406 1227 2604 1279 tamen
2652 1225 2716 1279 in
2760 1226 2965 1280 multis
2996 1227 3465 1296 exemplaribus,
3497 1229 3627 1284 «Et

1968 1319 2333 1384 congregata
2357 1319 2441 1369 est
2479 1328 2662 1384 aqua,
2688 1330 2816 1386 qua
2853 1315 2962 1370 sub
2997 1317 3144 1372 caelo
3188 1324 3338 1387 erat,
3369 1317 3434 1374 in
3478 1333 3623 1374 con-

1965 1403 2342 1472 gregationes
2384 1418 2544 1473 suas,
2573 1409 2626 1458 et
2673 1405 2960 1472 apparuit
3004 1405 3252 1462 arida.»
3295 1406 3435 1473 Quae
3479 1422 3627 1465 sane

1968 1490 2149 1546 verba
2181 1493 2341 1547 nulli
2390 1508 2466 1548 ex
2493 1493 2741 1564 reliquis
2772 1494 3201 1563 interpretibus
3247 1497 3623 1554 tradidere...

1968 1581 2190 1636 Notata
2220 1588 2359 1637 sunt
2387 1583 2575 1651 igitur
2602 1583 2768 1638 obelo
2813 1585 3190 1653 exemplaria
3217 1587 3622 1644 accuratiora.

1971 1668 2252 1740 Basilius,
2282 1685 2421 1724 cum
2453 1671 2767 1741 psalmum
2798 1672 3157 1729 vicesimum
3206 1679 3490 1731 octavum
3530 1691 3627 1733 co-

179 1759 666 1832 notis,equibus
697 1758 984 1814 Basilium
1018 1759 1381 1830 Regularum
1414 1763 1712 1814 auctorem
1731 1770 1862 1811 esse
1893 1769 1932 1822 Β
1970 1776 2102 1816 ram
2149 1759 2380 1832 populo
2435 1759 2785 1832 explanaret
2834 1764 2898 1833 (t.
2951 1767 2994 1832 Ι,
3043 1779 3184 1836 pag.
3231 1767 3372 1835 114),
3411 1765 3627 1824 eodem

177 1849 474 1919 cognosci
505 1849 722 1920 possit,
753 1847 1148 1906 disseramus.
1182 1851 1345 1904 Hanc
1376 1847 1614 1904 dicendi
1645 1847 1863 1902 formu-

175 1941 318 2006 lam,
351 1954 466 2008 ego
501 1938 654 2004 vidi,
677 1944 780 1992 aut
805 1953 910 2008 ego
942 1939 1105 2007 novi,
1139 1938 1357 1993 Basilio
1387 1937 1860 2010 perfamiliarem

180 2026 354 2082 fuisse
373 2029 516 2097 jam
541 2027 752 2082 monui
777 2028 877 2098 (b).
903 2029 1205 2084 Invenitur
1227 2033 1432 2084 autem
1450 2033 1507 2082 et
1526 2026 1587 2081 in
1618 2025 1860 2094 Begulis

177 2133 424 2190 quoque
448 2133 527 2172 ea
550 2117 686 2189 ipsa
716 2117 1018 2172 scribendi
1041 2119 1231 2185 ratio;
1275 2117 1352 2174 ob
1383 2117 1568 2189 idque
1612 2114 1861 2172 Basilius

179 2223 387 2262 earum
423 2206 743 2274 legitimus
790 2222 1012 2278 parens
1069 2223 1198 2262 esse
1238 2208 1374 2278 jure
1403 2205 1715 2279 putandus
1744 2208 1857 2259 est.

181 2301 260 2353 ita
325 2298 526 2367 igitur
583 2297 648 2352 in
705 2297 916 2367 regula
982 2301 1086 2353 254-
1152 2298 1442 2370 scriptum
1508 2296 1854 2352 invenitur:

179 2388 394 2461 Ὠσπερ
425 2384 526 2440 οὖν
549 2393 608 2439 τό
636 2387 885 2462 ἀργύριον
916 2386 1221 2440 ἀκολουθίαν
1254 2391 1366 2458 ἔχει
1387 2395 1494 2448 τοῖς
1515 2385 1855 2461 τραπεζίταις

180 2475 434 2530 δίδοσθαι
475 2478 555 2540 εἰς
602 2482 880 2550 πορισμὸν,
929 2478 1031 2530 εἰσὶ
1059 2481 1180 2552 γὰρ,
1214 2481 1280 2539 ὡς
1316 2476 1362 2529 ἐν
1393 2473 1754 2550 Ἀλεξανδρείᾳ
1800 2476 1853 2526 ἕ-

170 2590 318 2639 γνων,
355 2574 410 2620 οι
443 2564 845 2640 ὑποδεχόμενοι
891 2573 981 2618 καὶ
1029 2575 1180 2619 τοῦτο
1205 2575 1490 2633 ποιοῦντες,
1523 2568 1704 2632 οὕτως,
1739 2571 1850 2624 etc.

176 2657 706 2724 Quemadmodum
749 2659 937 2727 igitur
957 2658 1213 2725 pecunia
1244 2659 1388 2714 solet
1426 2656 1850 2712 nummulariis

171 2749 249 2803 ad
271 2753 586 2818 quaestum
619 2748 760 2802 dari
801 2747 957 2817 (sunt
985 2749 1162 2815 enim,
1194 2753 1260 2802 ut
1304 2761 1406 2816 ego
1455 2746 1849 2804 Alexandriae

172 2840 329 2904 novi,
359 2838 479 2908 qui
497 2837 828 2905 recipiant,
851 2843 905 2892 et
935 2836 1194 2906 idipsum
1219 2836 1563 2908 peragant),
1591 2837 1698 2906 sic,
1733 2843 1844 2893 etc.

169 2929 231 2982 Et
254 2926 407 2982 alibi
442 2942 595 2981 cum
627 2925 703 2980 de
725 2925 1093 2997 quibusdam
1114 2925 1318 2992 rebus,
1338 2941 1473 2998 quae
1504 2931 1719 2997 sponte
1741 2942 1847 2982 na-

167 3021 311 3072 tura
341 3017 535 3084 fiunt,
568 3014 756 3071 verba
784 3015 1040 3086 iecisset,
1074 3020 1428 3087 persecutus
1460 3019 1552 3070 est
1577 3015 1690 3071 hoc
1720 3031 1850 3072 mo-

1970 1850 2154 1906 modo
2184 1849 2422 1906 locutus
2453 1854 2544 1907 est
2569 1868 2580 1906 :
2627 1850 2705 1904 Ἐν
2733 1851 2942 1915 πολλοῖς
2967 1857 3141 1926 μέντοι
3169 1862 3270 1906 τῶν
3301 1853 3626 1930 ἀντιγράφων

1970 1945 2337 2013 προσκείμενον
2368 1940 2577 2013 εὕρομεν
2605 1945 2684 2008 τό,
2719 1947 2828 1998 etc.
2865 1943 2938 2000 In
2968 1945 3177 2000 multis
3202 1950 3402 2002 autem
3431 1960 3628 2003 exem-

1964 2031 2246 2099 plaribus
2305 2031 2576 2087 additum
2626 2032 2950 2101 reperimus
2991 2033 3174 2104 illud,
3220 2039 3331 2089 etc.
3387 2035 3628 2105 Insigne

1971 2120 2136 2175 aliud
2183 2120 2531 2192 exemplum
2578 2120 2887 2192 proferam
2930 2137 2962 2177 e
3011 2122 3282 2178 secundo
3328 2125 3393 2180 in
3421 2125 3629 2183 Euno-

1968 2211 2152 2266 mium
2178 2209 2332 2265 libro
2359 2213 2554 2280 (num.
2585 2214 2700 2278 20),
2733 2210 2840 2267 ubi
2868 2211 2954 2269 ita
2983 2210 3238 2282 legitur:
3271 2218 3406 2277 Τέως
3435 2234 3495 2287 γε
3523 2220 3627 2288 μὴν

1920 2330 1930 2340 -
1967 2295 2106 2370 μηδὲ
2154 2297 2310 2352 ἐκεῖνο
2351 2297 2790 2374 ἀπαρασὴμαντον
2819 2301 3204 2375 καταλίπωμεν,
3231 2304 3314 2356 ὅτι
3355 2303 3500 2357 οῦελοι
3527 2313 3627 2359 τῶν

1967 2388 2240 2462 ἑρμηνέων,
2274 2390 2322 2440 οἱ
2368 2395 2703 2464 καιριώτερον
2744 2399 2842 2453 τῆς
2892 2397 3160 2466 σημασίας
3190 2401 3312 2459 τῶν,
3345 2393 3627 2468 Ἑϐραῖκῶν

1964 2479 2314 2550 καθικόμενοι,
2373 2477 2660 2537 Ἐκτησατό
2708 2499 2793 2552 με,
2845 2478 2960 2533 ἀντὶ
3017 2490 3131 2552 τοῦ,
3179 2481 3440 2552 Ἓκτισεν,
3486 2480 3630 2536 ἔκδε-

1967 2563 2222 2622 δὼκασιν.
2259 2569 2506 2624 Interim
2538 2574 2737 2624 tamen
2785 2584 2977 2641 neque
3004 2571 3167 2628 illud
3192 2573 3432 2629 silentio
3472 2588 3625 2642 prav-

1963 2660 2277 2725 tereamus,
2346 2658 2700 2726 interpretes
2767 2658 2939 2727 alios,
2999 2661 3106 2732 qui
3177 2662 3623 2719 convenienttus

1957 2745 2399 2802 Hebraicarum
2458 2761 2667 2802 vocum
2724 2748 3084 2805 sententiam
3138 2751 3397 2807 assecuti
3457 2757 3622 2821 sunt,

1948 2849 2066 2904 pro
2126 2835 2474 2902 «creavit,»
2527 2835 2778 2892 edidisse
2824 2839 3138 2908 «possedit
3203 2855 3314 2897 me.
3341 2862 3370 2891 ››
3423 2842 3492 2898 Et
3543 2857 3622 2899 ne

1953 2922 2174 2992 longus
2224 2923 2363 2993 sim,
2401 2924 2615 2980 omitto
2657 2925 2880 2998 sciens,
2911 2943 3048 2999 qua:
3097 2927 3383 3000 leguntur
3411 2929 3473 2986 in
3510 2930 3621 2988 ho-

1953 3012 2117 3068 milia
2143 3011 2338 3084 prima
2367 3014 2432 3068 in
2457 3015 2746 3072 Hexaem.
2766 3031 2936 3073 num.
2968 3021 2999 3073 6
3025 3036 3038 3087 ;
3073 3018 3216 3075 item
3238 3035 3376 3090 quas
3399 3020 3621 3093 scripta

167 3105 241 3162 d0
298 3111 458 3176 (reg.
519 3105 684 3173 309):
737 3103 853 3176 Ἐγύ
898 3101 958 3157 δὲ
1004 3106 1178 3175 ἔγνων,
1209 3103 1289 3156 ὅτι
1335 3112 1502 3156 ταῦτα
1525 3107 1843 3178 κατωρθώθη

1961 3104 2094 3156 sunt
2146 3099 2208 3155 in
2276 3099 2527 3156 homilia
2589 3102 2652 3157 in
2720 3104 3024 3172 psalmum
3089 3105 3618 3177 quadragesimum

169 3203 440 3266 Χρισοτοῦ
463 3197 662 3266 χάριτι
709 3199 799 3245 καὶ
840 3192 886 3244 ἐν
929 3190 1157 3266 ἀνδράσι
1199 3193 1368 3246 καὶέν
1411 3194 1640 3265 γυναιξὶ,
1673 3198 1848 3247 πίστει

169 3296 224 3358 τῇ
251 3288 324 3348 εἰς
358 3291 451 3337 τὸν
480 3288 676 3355 Κύριον
701 3303 916 3355 ymo-tu.
947 3284 1077 3353 Ego
1104 3289 1302 3340 autem
1324 3285 1465 3340 novi
1484 3283 1610 3339 ha’c
1631 3284 1852 3340 Christi

169 3374 374 3442 gratia
396 3370 701 3441 completa
721 3370 909 3437 fuisse
928 3376 1053 3424 tum
1085 3371 1146 3425 in
1174 3370 1318 3426 viris
1345 3375 1471 3425 tum
1502 3371 1563 3425 in
1580 3369 1846 3439 feminis,

165 3478 274 3532 per
285 3462 638 3532 genuinam
664 3460 726 3514 in
758 3461 1076 3516 Dominum
1101 3459 1281 3529 ﬁdem
1315 3465 1404 3520 (c).
1432 3461 1576 3515 Cum
1601 3458 1663 3514 in
1684 3464 1848 3515 tomo

173 3552 372 3622 primo
426 3550 512 3604 de
560 3547 786 3604 ultimis
841 3547 1084 3604 duobus
1136 3549 1200 3604 in
1257 3549 1627 3604 Eunomium
1681 3547 1849 3604 libris

175 3640 668 3712 disputaremus,
698 3636 1120 3693 adnotavimus
1154 3637 1458 3705 Basilium,
1491 3637 1541 3692 si
1568 3637 1715 3711 quid
1747 3641 1852 3694 aut

175 3731 523 3802 probasset,
575 3731 684 3783 aut
730 3727 1120 3795 confutasset,
1166 3732 1270 3784 aut
1317 3727 1722 3800 explanasset,
1769 3726 1852 3783 ita

174 3820 522 3875 orationem
559 3815 921 3872 concludere
964 3816 1229 3881 solitum,
1259 3821 1348 3868 καὶ
1395 3824 1562 3868 ταῦτα
1611 3819 1701 3889 μὲν
1744 3814 1851 3868 ἐπὶ·

175 3917 448 3974 τοτε-ἆται,
490 3905 557 3957 τὰ
600 3909 690 3978 μὲν
741 3902 826 3958 οὖν
874 3908 1088 3978 περὶ....
1144 3904 1230 3958 ἐπὶ
1282 3912 1550 3972 τοσοῦτον,
1585 3909 1689 3960 aut
1734 3903 1850 3960 alio

181 3997 354 4053 simili
386 3995 606 4052 modo.
641 3995 810 4050 Paria
858 4000 1062 4051 autem
1103 3994 1166 4050 in
1214 3993 1453 4064 Regalis
1481 3993 1848 4061 invenimus,

174 4086 230 4142 in
273 4086 516 4160 quibus
564 4085 651 4139 sic
687 4083 906 4154 legitur
953 4087 1096 4155 (reg.
1129 4089 1162 4138 2
1193 4083 1333 4152 fus.,
1364 4098 1426 4139 n.
1454 4087 1505 4153 4)
1534 4099 1548 4138 :
1597 4087 1698 4136 Καὶ
1729 4086 1848 4155 περὶ

176 4181 258 4246 μὲν
304 4185 404 4237 τῆς
456 4174 535 4234 εὶς
579 4177 709 4225 Θεὸν
755 4175 963 4244 αγοίπης
993 4181 1244 4227 τοσαῦτα.
1277 4173 1396 4229 Scd
1440 4172 1727 4228 hactenus
1779 4171 1852 4226 de

175 4267 504 4323 dilectione
553 4264 685 4319 Dei.
740 4261 996 4328 Quando
1042 4267 1245 4319 autem
1299 4261 1487 4318 semel
1541 4260 1738 4317 Basilii
1785 4261 1848 4317 in

177 4357 552 4412 Eunomium
605 4351 773 4407 libris
819 4367 968 4407 usus
1017 4367 1174 4420 sum,
1201 4367 1274 4407 ex
1323 4351 1416 4406 his
1457 4350 1623 4406 aliud
1667 4365 1848 4420 argu-

178 4453 458 4502 mentum
493 4447 721 4515 petam.
755 4443 955 4512 lgitur,
985 4455 1123 4497 cum
1151 4440 1321 4497 initio
1336 4439 1475 4496 libri
1500 4439 1652 4496 tertii
1669 4440 1846 4512 signi—
1878 4473 1922 4528 Β

179 4535 358 4592 ﬁcare
388 4531 580 4590 vellet
612 4531 982 4603 Scripturam
1031 4545 1295 4595 sacram,
1325 4530 1408 4586 ita
1443 4528 1681 4586 locutus
1721 4535 1844 4587 est:

192 4628 470 4699 Δξιὼματι
513 4625 610 4696 μὲν
655 4625 756 4695 γὰρ
809 4617 1118 4694 δευτερεύειν
1166 4627 1258 4672 τοῦ
1305 4623 1429 4674 Υἱοῦ
1476 4616 1849 4694 παραδίδωσιν

181 4719 302 4778 ῑτως
351 4720 378 4768 ὁ
425 4723 529 4775 τῆς
585 4711 846 4772 εὐσεϐείας
887 4710 1056 4782 λόγος.
1089 4711 1397 4780 Dignitate
1420 4711 1658 4782 quidem
1690 4711 1852 4783 [Spi-

181 4807 382 4878 ritum]
415 4802 756 4861 secundum
772 4816 894 4857 esse
917 4815 953 4856 a
981 4801 1136 4856 Filio
1164 4800 1350 4856 tradit
1373 4801 1638 4869 fortasse
1663 4802 1850 4871 picta.

183 4899 249 4951 tis
266 4911 492 4953 sermo.
509 4894 700 4948 Secus
731 4893 935 4946 autem
958 4889 1020 4945 in
1052 4889 1261 4960 regula
1281 4905 1446 4946 nona
1478 4890 1706 4960 majore
1730 4905 1855 4946 non

182 4986 412 5058 legitur,
449 4983 558 5039 ubi
589 4981 672 5038 ita
707 4980 1001 5054 scriptum
1031 4986 1120 5036 est
1149 4983 1309 5052 (pag.
1344 4981 1470 5051 35l)
1497 4998 1510 5036 :
1540 4980 1856 5048 Δικάξεσθαι

187 5071 235 5129 '3':
283 5081 406 5148 περὶ
485 5072 661 5125 αὐτῶν
739 5069 822 5122 ἐπὶ
890 5066 1250 5145 δικαστηρίων
1322 5068 1576 5132 ἐξωτικῶν
1652 5069 1856 5142 ἀπηγόι

185 5184 348 5234 ξας-εστι
381 5169 411 5216 ὁ
465 5171 566 5222 τῆς
599 5163 654 5213 ϐε
674 5158 908 5221 οσεϐείας
935 5159 1107 5231 λόγος,
1156 5156 1213 5212 δι
1238 5157 1304 5210 ὧν
1353 5179 1503 5232 φησι·
1537 5166 1620 5231 Τῷ
1663 5159 1860 5214 θελοντί

188 5273 262 5308 σοι
312 5256 594 5328 κριθῆναι,

187 5353 422 5402 artemo
475 5343 729 5413 litigare
771 5345 930 5397 vetat
951 5339 1199 5410 pietatis
1241 5353 1452 5408 sermo,
1486 5337 1578 5394 his
1616 5339 1843 5396 verbis:

250 5455 292 5489 ”
325 5455 467 5508 Luc.
495 5466 650 5515 xx",
680 5452 776 5506 36.

253 5547 328 5612 fa)
361 5541 510 5599 Cod.
551 5555 706 5601 CXC],
739 5553 801 5610 p.
834 5540 958 5592 493.

257 5617 323 5682 rb}
359 5617 496 5683 ch.
531 5629 592 5676 n,
629 5617 727 5666 29.

675 5255 788 5307 etc.
847 5251 961 5306 Sed
1021 5265 1156 5307 cum
1206 5251 1350 5321 ipsis
1419 5266 1532 5320 pro
1586 5250 1862 5306 tribunal

1953 3195 2261 3262 quartum,
2291 3192 2549 3257 num.'_4.
2590 3190 2677 3247 Fit
2713 3195 2919 3249 autem
2966 3209 3214 3268 quoque
3265 3195 3329 3252 in
3376 3196 3618 3268 Regulis

1953 3278 2178 3335 mentio
2207 3277 2368 3334 illius
2416 3279 2480 3334 in
2511 3279 2956 3353 Scripturarum
2986 3282 3484 3357 interpretatione
3513 3301 3618 3344 va-

1952 3367 2201 3422 rietatis.
2235 3367 2300 3422 In
2347 3365 2467 3430 his:
2493 3367 2653 3424 enim
2694 3368 2779 3425 ita
2826 3370 3117 3443 scriptum
3149 3377 3241 3430 est
3268 3376 3418 3446 (reg.
3449 3378 3613 3447 251):

1951 3462 2037 3516 Ὡς
2074 3459 2143 3527 μὴ
2196 3450 2324 3507 εἶναι
2366 3458 2705 3529 πρόσταγμα,
2739 3453 2892 3510 Ἀλλὰ
2921 3465 3008 3510 νῦν
3049 3459 3075 3511 ὁ
3128 3461 3264 3533 ἔχων
3314 3459 3614 3535 βαλάντιον,

1955 3541 2149 3616 ἀράτω,
2210 3546 2328 3601 ἦτοι
2385 3541 2500 3616 ἀρεῖ
2553 3543 2712 3612 (οὓτω
2763 3547 2864 3619 γὰρ
2921 3550 3012 3598 καὶ
3060 3549 3128 3601 τὰ
3171 3548 3335 3602 πολλά
3383 3559 3484 3602 τῶν
3533 3549 3618 3604 ἁν-

1955 3629 2217 3702 τιγράφων
2267 3631 2423 3702 ἔχει),
2458 3629 2585 3682 ὰάλλ
2636 3635 2951 3704 προφητείαν
2982 3633 3321 3708 προλέγοντος
3372 3645 3464 3691 τοῦ
3515 3645 3618 3693 Κυ-

1955 3725 2092 3794 ρίου,
2125 3724 2234 3776 etc.
2265 3722 2362 3777 Ita
2392 3725 2454 3776 ut
2484 3721 2664 3792 illud,
2700 3721 2870 3778 «Sed
2897 3739 3061 3781 nuuc
3114 3726 3220 3798 qui
3264 3727 3444 3785 habet
3488 3745 3617 3786 sac-

1957 3812 2183 3879 culum,
2208 3811 2407 3880 tollat,
2423 3832 2452 3860 »
2471 3825 2574 3866 seu
2596 3833 2625 3862 «
2649 3812 2902 3884 tollet“,
2920 3813 3022 3885 (sic
3043 3816 3199 3873 enim
3223 3819 3402 3875 etiam
3421 3821 3616 3878 multa

1957 3901 2331 3970 exemplaria
2361 3899 2626 3969 habent),
2655 3916 2777 3956 non
2802 3901 2878 3958 sit
2909 3904 3202 3976 quoddam
3221 3915 3616 3982 praeceptum,

1956 3991 2060 4046 sed
2073 3991 2423 4045 vaticinium
2439 3990 2702 4056 Domini,
2717 3992 2824 4062 qui
2837 3995 3294 4062 praenuntiabat
3306 3998 3616 4068 futurum,

1959 4085 2068 4136 etc.
2099 4081 2217 4136 Has
2259 4078 2501 4135 dicendi
2543 4079 2860 4152 formulas,
2887 4085 2975 4134 τὸν
3005 4081 3292 4157 ἕπιμέλειαν
3321 4091 3414 4145 τὴν
3440 4092 3616 4146 κοινὴν

1957 4172 2377 4242 πεπιστευμένον,
2439 4170 2487 4220 οἱ
2535 4173 2626 4226 τὴν
2671 4165 2894 4241 ὁδηγίαν
2942 4179 3042 4223 τῶν
3088 4173 3285 4226 πολλῶν
3331 4194 3619 4229 πεπιστευ-

1958 4262 2118 4330 μένοι,
2145 4263 2202 4314 et
2227 4257 2376 4314 alias
2397 4258 2459 4313 id
2483 4273 2672 4328 genus
2701 4258 2764 4314 in
2791 4259 3032 4329 Regulis
3059 4262 3281 4336 smpius
3305 4280 3620 4322 occurrere

1958 4347 2268 4418 aliquanto
2294 4351 2430 4402 ante
2460 4347 2837 4403 ostendimus
2870 4349 2973 4419 (d)-.
3018 4350 3382 4426 Principium
3415 4360 3620 4413 autem
3671 4419 3674 4422 ,

1960 4437 2420 4494 Proverbiorum
2448 4453 2759 4511 exponens
2789 4438 3043 4497 Basilius
3083 4442 3300 4500 eodem
3328 4444 3621 4519 loquendi

1959 4542 2176 4599 genere
2195 4543 2340 4583 usus
2369 4532 2478 4596 est,
2511 4528 2628 4584 hoc
2658 4528 2844 4585 modo
2865 4542 3031 4603 (pag.
3061 4536 3222 4602 106):
3251 4541 3377 4587 Οἰον
3405 4541 3620 4612 πορνεία

1958 4622 2050 4669 καὶ
2083 4615 2390 4689 σωφροσύνη
2423 4619 2564 4690 παρὰ
2596 4621 2678 4670 σοὶ
2699 4623 2948 4692 κρίνεται,
2970 4625 3061 4674 καὶ
3087 4620 3286 4694 ὑψηλὸς
3307 4626 3620 4700 προκαθίξε-

1959 4711 2048 4760 ταί
2080 4726 2172 4759 σου
2195 4707 2220 4758 ό
2250 4714 2366 4768 νοῦς
2395 4711 2798 4778 πεπιστευμένος
2823 4712 2881 4760 τὸ
2930 4705 3297 4787 δικαστήριον.
3336 4715 3625 4784 Exempli

1962 4799 2460 4865 causa,scortatio
2487 4801 2541 4853 et
2570 4798 2870 4867 pudicitia
2899 4802 3066 4871 apud
3095 4807 3151 4860 te
3164 4803 3546 4876 iudicantur,
3563 4810 3618 4862 et

1961 4889 2197 4944 excelsa
2242 4892 2346 4942 tua
2378 4900 2540 4942 mens
2579 4888 2875 4956 ejusmodi
2890 4891 3126 4960 judicio
3171 4891 3288 4948 sibi
3313 4893 3618 4950 commisso

1955 4977 2258 5048 praesidet.
2315 4977 2489 5032 Decet
2550 4974 2730 5046 igitur
2775 4993 2900 5035 non
2964 4979 3458 5052 Constitutiones,
3511 4982 3620 5039 sed

1963 5065 2220 5136 [tegulas
2269 5065 2484 5120 Basilio
2535 5067 2748 5136 Magno
2802 5067 3003 5138 tribui,
3033 5085 3174 5125 cum
3213 5069 3276 5125 in
3321 5070 3416 5126 bis
3448 5071 3619 5129 Basi-

1963 5157 2108 5213 liani
2141 5154 2279 5228 styli
2317 5155 2509 5211 multa
2551 5156 2927 5213 monimenta
2955 5163 3208 5226 exstent,
3240 5160 3304 5216 in
3355 5160 3475 5218 illis
3515 5179 3620 5221 au-

1966 5251 2087 5303 tem
2116 5245 2266 5301 nihil
2297 5246 2413 5301 tale
2429 5260 2691 5316 usquam
2716 5251 3080 5316 compareat.
3106 5250 3311 5323 Neque
3334 5250 3453 5310 hoc
3472 5252 3621 5312 mihi

1957 5336 2118 5393 credi
2149 5332 2412 5407 postulo,
2443 5332 2551 5389 sed
2589 5332 3097 5392 Constitutionum
3132 5337 3354 5397 librum
3397 5346 3620 5401 attente

2039 5538 2115 5605 (cl
2140 5531 2307 5588 Praef.
2335 5545 2398 5585 n.
2425 5535 2514 5585 72.

2045 5606 2126 5674 (εἰ)
2160 5606 2294 5673 ch.
2323 5617 2384 5657 n.
2411 5605 2498 5656 38.
