  <div class='ocr_page' id='page_1' title='image "/cluster/home/n/w/nwhite01/storage/ocr_20150623/31/hvd.32044048272629/061.png"; bbox 0 0 4058 6192; ppageno 0'>
   <div class='ocr_carea' id='block_1_1' title="bbox 486 348 584 404">
    <p class='ocr_par' dir='ltr' id='par_1_1' title="bbox 486 348 584 404">
     <span class='ocr_line' id='line_1_1' title="bbox 486 348 584 404; baseline -0.02 0"><span class='ocrx_word' id='word_1_1' title='bbox 486 348 584 404; x_wconf 73' lang='lat' dir='ltr'>lli</span> 
     </span>
    </p>
   </div>
   <div class='ocr_carea' id='block_1_2' title="bbox 1979 334 2376 394">
    <p class='ocr_par' dir='ltr' id='par_1_2' title="bbox 1979 334 2376 394">
     <span class='ocr_line' id='line_1_2' title="bbox 1979 334 2376 394; baseline -0.005 0"><span class='ocrx_word' id='word_1_2' title='bbox 1979 334 2348 394; x_wconf 73' lang='lat' dir='ltr'>PREFATIO</span> <span class='ocrx_word' id='word_1_3' title='bbox 2362 377 2376 392; x_wconf 91' lang='lat'>.</span> 
     </span>
    </p>
   </div>
   <div class='ocr_carea' id='block_1_3' title="bbox 3764 330 3853 389">
    <p class='ocr_par' dir='ltr' id='par_1_3' title="bbox 3764 330 3853 389">
     <span class='ocr_line' id='line_1_3' title="bbox 3764 330 3853 389; baseline -0.011 0"><span class='ocrx_word' id='word_1_4' title='bbox 3764 330 3853 389; x_wconf 75' lang='lat' dir='ltr'>H2</span> 
     </span>
    </p>
   </div>
   <div class='ocr_carea' id='block_1_4' title="bbox 482 459 2124 539">
    <p class='ocr_par' dir='ltr' id='par_1_4' title="bbox 482 461 2124 539">
     <span class='ocr_line' id='line_1_4' title="bbox 482 461 2124 539; baseline -0.005 -11"><span class='ocrx_word' id='word_1_5' title='bbox 482 487 557 528; x_wconf 89' lang='lat' dir='ltr'>ac</span> <span class='ocrx_word' id='word_1_6' title='bbox 585 468 900 539; x_wconf 82' lang='lat' dir='ltr'>diligenter</span> <span class='ocrx_word' id='word_1_7' title='bbox 937 465 1055 537; x_wconf 84' lang='lat' dir='ltr'>legi</span> <span class='ocrx_word' id='word_1_8' title='bbox 1090 464 1305 522; x_wconf 87' lang='lat' dir='ltr'>velim:</span> <span class='ocrx_word' id='word_1_9' title='bbox 1351 461 1519 538; x_wconf 91' lang='lat' dir='ltr'>quod</span> <span class='ocrx_word' id='word_1_10' title='bbox 1557 462 1662 537; x_wconf 89' lang='lat' dir='ltr'>qui</span> <span class='ocrx_word' id='word_1_11' title='bbox 1687 463 1913 536; x_wconf 82' lang='lat' dir='ltr'>fecerit,</span> <span class='ocrx_word' id='word_1_12' title='bbox 1938 464 2039 532; x_wconf 88' lang='lat' dir='ltr'>ita,</span> <span class='ocrx_word' id='word_1_13' title='bbox 2065 467 2124 520; x_wconf 84' lang='lat' dir='ltr'>ut</span> 
     </span>
    </p>
   </div>
   <div class='ocr_carea' id='block_1_5' title="bbox 2226 459 3865 539">
    <p class='ocr_par' dir='ltr' id='par_1_5' title="bbox 2249 459 3865 536">
     <span class='ocr_line' id='line_1_5' title="bbox 2249 459 3865 536; baseline -0.001 -22"><span class='ocrx_word' id='word_1_14' title='bbox 2249 461 2498 535; x_wconf 80' lang='grc' dir='ltr'>ὁμοίωσιν</span> <span class='ocrx_word' id='word_1_15' title='bbox 2553 470 2650 523; x_wconf 86' lang='grc' dir='ltr'>τῆς</span> <span class='ocrx_word' id='word_1_16' title='bbox 2719 461 3020 536; x_wconf 79' lang='grc' dir='ltr'>ἐπουρανίου</span> <span class='ocrx_word' id='word_1_17' title='bbox 3076 460 3350 535; x_wconf 82' lang='grc' dir='ltr'>βασιλείας</span> <span class='ocrx_word' id='word_1_18' title='bbox 3403 459 3763 536; x_wconf 74' lang='grc' dir='ltr'>παρείληπται,</span> <span class='ocrx_word' id='word_1_19' title='bbox 3814 460 3865 518; x_wconf 76' lang='grc' dir='ltr'>ἢν</span> 
     </span>
    </p>
   </div>
   <div class='ocr_carea' id='block_1_6' title="bbox 481 553 1585 627">
    <p class='ocr_par' dir='ltr' id='par_1_6' title="bbox 481 553 1585 627">
     <span class='ocr_line' id='line_1_6' title="bbox 481 553 1585 627; baseline -0.006 -10"><span class='ocrx_word' id='word_1_20' title='bbox 481 560 626 627; x_wconf 80' lang='lat' dir='ltr'>dixi,</span> <span class='ocrx_word' id='word_1_21' title='bbox 651 574 777 615; x_wconf 91' lang='lat' dir='ltr'>rem</span> <span class='ocrx_word' id='word_1_22' title='bbox 805 573 961 626; x_wconf 91' lang='lat' dir='ltr'>esse,</span> <span class='ocrx_word' id='word_1_23' title='bbox 989 556 1117 611; x_wconf 89' lang='lat' dir='ltr'>suis</span> <span class='ocrx_word' id='word_1_24' title='bbox 1138 553 1327 611; x_wconf 91' lang='lat' dir='ltr'>oculis</span> <span class='ocrx_word' id='word_1_25' title='bbox 1361 557 1585 610; x_wconf 86' lang='lat' dir='ltr'>cernet.</span> 
     </span>
    </p>
   </div>
   <div class='ocr_carea' id='block_1_7' title="bbox 550 642 2141 705">
    <p class='ocr_par' dir='ltr' id='par_1_7' title="bbox 550 642 2141 705">
     <span class='ocr_line' id='line_1_7' title="bbox 550 642 2141 705; baseline -0.004 0"><span class='ocrx_word' id='word_1_26' title='bbox 550 653 645 705; x_wconf 84' lang='grc'>43.</span> <span class='ocrx_word' id='word_1_27' title='bbox 683 647 814 705; x_wconf 90' lang='lat' dir='ltr'>Scio</span> <span class='ocrx_word' id='word_1_28' title='bbox 845 646 1012 703; x_wconf 83' lang='lat' dir='ltr'>aliter</span> <span class='ocrx_word' id='word_1_29' title='bbox 1044 644 1262 700; x_wconf 89' lang='lat' dir='ltr'>sentire</span> <span class='ocrx_word' id='word_1_30' title='bbox 1292 642 1711 699; x_wconf 86' lang='lat' dir='ltr'>doctissimum</span> <span class='ocrx_word' id='word_1_31' title='bbox 1743 643 1940 699; x_wconf 88' lang='lat' dir='ltr'>virum</span> <span class='ocrx_word' id='word_1_32' title='bbox 1969 645 2141 699; x_wconf 88' lang='lat' dir='ltr'>Com-</span> 
     </span>
    </p>
   </div>
   <div class='ocr_carea' id='block_1_8' title="bbox 477 731 2135 807">
    <p class='ocr_par' dir='ltr' id='par_1_8' title="bbox 477 731 2135 807">
     <span class='ocr_line' id='line_1_8' title="bbox 477 731 2135 807; baseline -0.005 -10"><span class='ocrx_word' id='word_1_33' title='bbox 477 739 764 797; x_wconf 82' lang='lat' dir='ltr'>beﬁsium</span> <span class='ocrx_word' id='word_1_34' title='bbox 791 756 804 793; x_wconf 89' lang='lat'><strong>:</strong></span> <span class='ocrx_word' id='word_1_35' title='bbox 839 736 944 793; x_wconf 91' lang='lat' dir='ltr'>sed</span> <span class='ocrx_word' id='word_1_36' title='bbox 976 733 1143 807; x_wconf 90' lang='lat' dir='ltr'>quod</span> <span class='ocrx_word' id='word_1_37' title='bbox 1184 748 1295 806; x_wconf 91' lang='lat' dir='ltr'>pro</span> <span class='ocrx_word' id='word_1_38' title='bbox 1333 733 1511 790; x_wconf 88' lang='lat' dir='ltr'>ﬁrmo</span> <span class='ocrx_word' id='word_1_39' title='bbox 1538 738 1896 803; x_wconf 90' lang='lat' dir='ltr'>argumento</span> <span class='ocrx_word' id='word_1_40' title='bbox 1921 731 2135 799; x_wconf 84' lang='lat' dir='ltr'>attulit,</span> 
     </span>
    </p>
   </div>
   <div class='ocr_carea' id='block_1_9' title="bbox 477 821 2132 898">
    <p class='ocr_par' dir='ltr' id='par_1_9' title="bbox 477 821 2132 898">
     <span class='ocr_line' id='line_1_9' title="bbox 477 821 2132 898; baseline -0.007 -14"><span class='ocrx_word' id='word_1_41' title='bbox 477 826 738 898; x_wconf 87' lang='lat' dir='ltr'>Regulas</span> <span class='ocrx_word' id='word_1_42' title='bbox 793 823 1127 897; x_wconf 83' lang='lat' dir='ltr'>aliquando</span> <span class='ocrx_word' id='word_1_43' title='bbox 1186 822 1513 878; x_wconf 87' lang='lat' dir='ltr'>severiores</span> <span class='ocrx_word' id='word_1_44' title='bbox 1562 822 1767 893; x_wconf 89' lang='lat' dir='ltr'>videri,</span> <span class='ocrx_word' id='word_1_45' title='bbox 1804 821 1863 877; x_wconf 91' lang='lat' dir='ltr'>id</span> <span class='ocrx_word' id='word_1_46' title='bbox 1915 825 2132 876; x_wconf 82' lang='lat' dir='ltr'>nostrae</span> 
     </span>
    </p>
   </div>
   <div class='ocr_carea' id='block_1_10' title="bbox 476 910 2123 990">
    <p class='ocr_par' dir='ltr' id='par_1_10' title="bbox 476 910 2123 990">
     <span class='ocr_line' id='line_1_10' title="bbox 476 910 2123 990; baseline -0.006 -16"><span class='ocrx_word' id='word_1_47' title='bbox 476 916 751 990; x_wconf 89' lang='lat' dir='ltr'>opinioni</span> <span class='ocrx_word' id='word_1_48' title='bbox 793 914 992 982; x_wconf 88' lang='lat' dir='ltr'>magis</span> <span class='ocrx_word' id='word_1_49' title='bbox 1056 912 1256 967; x_wconf 88' lang='lat' dir='ltr'>favere</span> <span class='ocrx_word' id='word_1_50' title='bbox 1303 927 1492 984; x_wconf 91' lang='lat' dir='ltr'>quam</span> <span class='ocrx_word' id='word_1_51' title='bbox 1546 910 1784 967; x_wconf 81' lang='lat' dir='ltr'>oﬂicere</span> <span class='ocrx_word' id='word_1_52' title='bbox 1840 910 2123 967; x_wconf 82' lang='lat' dir='ltr'>arbitror.</span> 
     </span>
    </p>
   </div>
   <div class='ocr_carea' id='block_1_11' title="bbox 476 999 2130 1072">
    <p class='ocr_par' dir='ltr' id='par_1_11' title="bbox 476 999 2130 1072">
     <span class='ocr_line' id='line_1_11' title="bbox 476 999 2130 1072; baseline -0.005 -9"><span class='ocrx_word' id='word_1_53' title='bbox 476 1006 727 1063; x_wconf 90' lang='lat' dir='ltr'>Basilius</span> <span class='ocrx_word' id='word_1_54' title='bbox 755 1003 936 1070; x_wconf 90' lang='lat' dir='ltr'>enim,</span> <span class='ocrx_word' id='word_1_55' title='bbox 955 1006 1019 1058; x_wconf 91' lang='lat' dir='ltr'>ut</span> <span class='ocrx_word' id='word_1_56' title='bbox 1048 1018 1120 1058; x_wconf 84' lang='lat' dir='ltr'>ex</span> <span class='ocrx_word' id='word_1_57' title='bbox 1143 1001 1314 1057; x_wconf 89' lang='lat' dir='ltr'>dictis</span> <span class='ocrx_word' id='word_1_58' title='bbox 1342 1003 1425 1072; x_wconf 88' lang='lat' dir='ltr'>(a)</span> <span class='ocrx_word' id='word_1_59' title='bbox 1452 1006 1708 1069; x_wconf 87' lang='lat' dir='ltr'>constat,</span> <span class='ocrx_word' id='word_1_60' title='bbox 1736 1000 1796 1056; x_wconf 88' lang='lat' dir='ltr'>in</span> <span class='ocrx_word' id='word_1_61' title='bbox 1823 999 1954 1057; x_wconf 91' lang='lat' dir='ltr'>aliis</span> <span class='ocrx_word' id='word_1_62' title='bbox 1983 1014 2130 1072; x_wconf 78' lang='lat' dir='ltr'>quo~</span> 
     </span>
    </p>
   </div>
   <div class='ocr_carea' id='block_1_12' title="bbox 473 1089 2129 1168">
    <p class='ocr_par' dir='ltr' id='par_1_12' title="bbox 473 1089 2129 1168">
     <span class='ocr_line' id='line_1_12' title="bbox 473 1089 2129 1168; baseline -0.004 -17"><span class='ocrx_word' id='word_1_63' title='bbox 473 1111 591 1168; x_wconf 91' lang='lat' dir='ltr'>que</span> <span class='ocrx_word' id='word_1_64' title='bbox 621 1093 855 1165; x_wconf 86' lang='lat' dir='ltr'>scriptis</span> <span class='ocrx_word' id='word_1_65' title='bbox 884 1091 1008 1147; x_wconf 86' lang='lat' dir='ltr'>suis</span> <span class='ocrx_word' id='word_1_66' title='bbox 1046 1107 1108 1146; x_wconf 92' lang='lat' dir='ltr'>se</span> <span class='ocrx_word' id='word_1_67' title='bbox 1157 1090 1427 1162; x_wconf 79' lang='lat' dir='ltr'>praestitit</span> <span class='ocrx_word' id='word_1_68' title='bbox 1456 1106 1617 1159; x_wconf 91' lang='lat' dir='ltr'>eum,</span> <span class='ocrx_word' id='word_1_69' title='bbox 1644 1090 1750 1162; x_wconf 89' lang='lat' dir='ltr'>qui</span> <span class='ocrx_word' id='word_1_70' title='bbox 1797 1089 2129 1162; x_wconf 85' lang='lat' dir='ltr'>aliquando</span> 
     </span>
    </p>
   </div>
   <div class='ocr_carea' id='block_1_13' title="bbox 470 1177 2128 1253">
    <p class='ocr_par' dir='ltr' id='par_1_13' title="bbox 470 1177 2128 1253">
     <span class='ocr_line' id='line_1_13' title="bbox 470 1177 2128 1253; baseline -0.004 -12"><span class='ocrx_word' id='word_1_71' title='bbox 470 1183 734 1241; x_wconf 87' lang='lat' dir='ltr'>severior</span> <span class='ocrx_word' id='word_1_72' title='bbox 764 1182 945 1237; x_wconf 83' lang='lat' dir='ltr'>fuisse</span> <span class='ocrx_word' id='word_1_73' title='bbox 975 1180 1138 1237; x_wconf 89' lang='lat' dir='ltr'>credi</span> <span class='ocrx_word' id='word_1_74' title='bbox 1166 1180 1356 1253; x_wconf 90' lang='lat' dir='ltr'>possit</span> <span class='ocrx_word' id='word_1_75' title='bbox 1384 1198 1396 1235; x_wconf 92' lang='lat'>:</span> <span class='ocrx_word' id='word_1_76' title='bbox 1451 1179 1558 1236; x_wconf 92' lang='lat' dir='ltr'>sed</span> <span class='ocrx_word' id='word_1_77' title='bbox 1599 1181 1683 1237; x_wconf 88' lang='lat' dir='ltr'>ita</span> <span class='ocrx_word' id='word_1_78' title='bbox 1712 1184 1933 1251; x_wconf 89' lang='lat' dir='ltr'>tamen,</span> <span class='ocrx_word' id='word_1_79' title='bbox 1966 1184 2050 1250; x_wconf 87' lang='lat' dir='ltr'>ut,</span> <span class='ocrx_word' id='word_1_80' title='bbox 2079 1177 2128 1234; x_wconf 89' lang='lat' dir='ltr'>si</span> 
     </span>
    </p>
   </div>
   <div class='ocr_carea' id='block_1_14' title="bbox 467 1268 2127 1341">
    <p class='ocr_par' dir='ltr' id='par_1_14' title="bbox 467 1268 2127 1341">
     <span class='ocr_line' id='line_1_14' title="bbox 467 1268 2127 1341; baseline -0.004 -11"><span class='ocrx_word' id='word_1_81' title='bbox 467 1274 791 1331; x_wconf 88' lang='lat' dir='ltr'>verborum</span> <span class='ocrx_word' id='word_1_82' title='bbox 853 1271 983 1341; x_wconf 91' lang='lat' dir='ltr'>ejus</span> <span class='ocrx_word' id='word_1_83' title='bbox 1030 1285 1175 1325; x_wconf 90' lang='lat' dir='ltr'>vera</span> <span class='ocrx_word' id='word_1_84' title='bbox 1206 1269 1501 1326; x_wconf 88' lang='lat' dir='ltr'>sententia</span> <span class='ocrx_word' id='word_1_85' title='bbox 1548 1268 1931 1340; x_wconf 82' lang='lat' dir='ltr'>intelligatur,</span> <span class='ocrx_word' id='word_1_86' title='bbox 1978 1268 2127 1324; x_wconf 89' lang='lat' dir='ltr'>nihil</span> 
     </span>
    </p>
   </div>
   <div class='ocr_carea' id='block_1_15' title="bbox 464 1358 2123 1433">
    <p class='ocr_par' dir='ltr' id='par_1_15' title="bbox 464 1358 2123 1433">
     <span class='ocr_line' id='line_1_15' title="bbox 464 1358 2123 1433; baseline -0.005 -12"><span class='ocrx_word' id='word_1_87' title='bbox 464 1364 717 1420; x_wconf 88' lang='lat' dir='ltr'>omnino</span> <span class='ocrx_word' id='word_1_88' title='bbox 766 1376 961 1433; x_wconf 91' lang='lat' dir='ltr'>neque</span> <span class='ocrx_word' id='word_1_89' title='bbox 1010 1360 1072 1415; x_wconf 94' lang='lat' dir='ltr'>in</span> <span class='ocrx_word' id='word_1_90' title='bbox 1120 1358 1386 1429; x_wconf 80' lang='lat' dir='ltr'>Regalis,</span> <span class='ocrx_word' id='word_1_91' title='bbox 1415 1375 1614 1432; x_wconf 92' lang='lat' dir='ltr'>neque</span> <span class='ocrx_word' id='word_1_92' title='bbox 1661 1360 1724 1415; x_wconf 91' lang='lat' dir='ltr'>in</span> <span class='ocrx_word' id='word_1_93' title='bbox 1755 1358 1887 1415; x_wconf 90' lang='lat' dir='ltr'>aliis</span> <span class='ocrx_word' id='word_1_94' title='bbox 1933 1358 2123 1431; x_wconf 88' lang='lat' dir='ltr'>ipsius</span> 
     </span>
    </p>
   </div>
   <div class='ocr_carea' id='block_1_16' title="bbox 460 1447 2122 1519">
    <p class='ocr_par' dir='ltr' id='par_1_16' title="bbox 460 1447 2122 1519">
     <span class='ocr_line' id='line_1_16' title="bbox 460 1447 2122 1519; baseline -0.004 -11"><span class='ocrx_word' id='word_1_95' title='bbox 460 1448 983 1508; x_wconf 86' lang='lat' dir='ltr'>lucubrationibus</span> <span class='ocrx_word' id='word_1_96' title='bbox 1004 1451 1109 1503; x_wconf 89' lang='lat' dir='ltr'>aut</span> <span class='ocrx_word' id='word_1_97' title='bbox 1130 1448 1482 1519; x_wconf 64' lang='lat' dir='ltr'>praedurum</span> <span class='ocrx_word' id='word_1_98' title='bbox 1500 1452 1605 1505; x_wconf 90' lang='lat' dir='ltr'>aut</span> <span class='ocrx_word' id='word_1_99' title='bbox 1632 1449 1898 1505; x_wconf 91' lang='lat' dir='ltr'>Stoicum</span> <span class='ocrx_word' id='word_1_100' title='bbox 1926 1447 2122 1502; x_wconf 88' lang='lat' dir='ltr'>inesse</span> 
     </span>
    </p>
   </div>
   <div class='ocr_carea' id='block_1_17' title="bbox 458 1534 2118 1613">
    <p class='ocr_par' dir='ltr' id='par_1_17' title="bbox 458 1534 2118 1613">
     <span class='ocr_line' id='line_1_17' title="bbox 458 1534 2118 1613; baseline -0.004 -17"><span class='ocrx_word' id='word_1_101' title='bbox 458 1541 845 1613; x_wconf 89' lang='lat' dir='ltr'>perspicuum</span> <span class='ocrx_word' id='word_1_102' title='bbox 861 1537 956 1593; x_wconf 91' lang='lat' dir='ltr'>sit.</span> <span class='ocrx_word' id='word_1_103' title='bbox 974 1539 1184 1592; x_wconf 87' lang='lat' dir='ltr'>Fateor</span> <span class='ocrx_word' id='word_1_104' title='bbox 1200 1536 1385 1607; x_wconf 86' lang='lat' dir='ltr'>igitur</span> <span class='ocrx_word' id='word_1_105' title='bbox 1404 1552 1527 1592; x_wconf 91' lang='lat' dir='ltr'>non</span> <span class='ocrx_word' id='word_1_106' title='bbox 1548 1536 1611 1592; x_wconf 91' lang='lat' dir='ltr'>in</span> <span class='ocrx_word' id='word_1_107' title='bbox 1640 1535 1885 1607; x_wconf 87' lang='lat' dir='ltr'>Regulis</span> <span class='ocrx_word' id='word_1_108' title='bbox 1911 1534 2118 1603; x_wconf 91' lang='lat' dir='ltr'>modo,</span> 
     </span>
    </p>
   </div>
   <div class='ocr_carea' id='block_1_18' title="bbox 458 1622 2120 1697">
    <p class='ocr_par' dir='ltr' id='par_1_18' title="bbox 458 1622 2120 1697">
     <span class='ocr_line' id='line_1_18' title="bbox 458 1622 2120 1697; baseline -0.004 -13"><span class='ocrx_word' id='word_1_109' title='bbox 458 1630 563 1684; x_wconf 91' lang='lat' dir='ltr'>sed</span> <span class='ocrx_word' id='word_1_110' title='bbox 595 1630 656 1684; x_wconf 93' lang='lat' dir='ltr'>in</span> <span class='ocrx_word' id='word_1_111' title='bbox 690 1627 820 1683; x_wconf 89' lang='lat' dir='ltr'>aliis</span> <span class='ocrx_word' id='word_1_112' title='bbox 850 1625 1027 1681; x_wconf 90' lang='lat' dir='ltr'>etiam</span> <span class='ocrx_word' id='word_1_113' title='bbox 1058 1624 1432 1697; x_wconf 88' lang='lat' dir='ltr'>quibusdam</span> <span class='ocrx_word' id='word_1_114' title='bbox 1467 1624 1663 1681; x_wconf 85' lang='lat' dir='ltr'>Basilii</span> <span class='ocrx_word' id='word_1_115' title='bbox 1694 1625 1931 1696; x_wconf 88' lang='lat' dir='ltr'>scriptis</span> <span class='ocrx_word' id='word_1_116' title='bbox 1962 1622 2120 1679; x_wconf 83' lang='lat' dir='ltr'>difﬁ-</span> 
     </span>
    </p>
   </div>
   <div class='ocr_carea' id='block_1_19' title="bbox 453 1713 2120 1791">
    <p class='ocr_par' dir='ltr' id='par_1_19' title="bbox 453 1713 2120 1791">
     <span class='ocr_line' id='line_1_19' title="bbox 453 1713 2120 1791; baseline -0.003 -16"><span class='ocrx_word' id='word_1_117' title='bbox 453 1719 589 1776; x_wconf 89' lang='lat' dir='ltr'>cilia</span> <span class='ocrx_word' id='word_1_118' title='bbox 635 1716 924 1791; x_wconf 82' lang='lat' dir='ltr'>quaedam</span> <span class='ocrx_word' id='word_1_119' title='bbox 968 1715 1104 1772; x_wconf 90' lang='lat' dir='ltr'>loca</span> <span class='ocrx_word' id='word_1_120' title='bbox 1145 1714 1432 1787; x_wconf 89' lang='lat' dir='ltr'>reperiri:</span> <span class='ocrx_word' id='word_1_121' title='bbox 1487 1713 1597 1771; x_wconf 89' lang='lat' dir='ltr'>sed</span> <span class='ocrx_word' id='word_1_122' title='bbox 1644 1730 1768 1771; x_wconf 91' lang='lat' dir='ltr'>non</span> <span class='ocrx_word' id='word_1_123' title='bbox 1800 1718 2120 1787; x_wconf 90' lang='lat' dir='ltr'>pr0pterea</span> 
     </span>
    </p>
   </div>
   <div class='ocr_carea' id='block_1_20' title="bbox 2248 546 3868 627">
    <p class='ocr_par' dir='ltr' id='par_1_20' title="bbox 2248 546 3868 627">
     <span class='ocr_line' id='line_1_20' title="bbox 2248 546 3868 627; baseline -0.001 -23"><span class='ocrx_word' id='word_1_124' title='bbox 2248 549 2502 605; x_wconf 69' lang='grc' dir='ltr'>ἀδύνατον</span> <span class='ocrx_word' id='word_1_125' title='bbox 2577 555 2700 625; x_wconf 77' lang='grc' dir='ltr'>ἡμῖν</span> <span class='ocrx_word' id='word_1_126' title='bbox 2755 555 3136 627; x_wconf 73' lang='grc' dir='ltr'>προσγενέσθαι</span> <span class='ocrx_word' id='word_1_127' title='bbox 3193 556 3217 604; x_wconf 88' lang='grc' dir='ltr'>ὁ</span> <span class='ocrx_word' id='word_1_128' title='bbox 3276 559 3368 604; x_wconf 80' lang='grc' dir='ltr'>τοῦ</span> <span class='ocrx_word' id='word_1_129' title='bbox 3440 556 3602 626; x_wconf 78' lang='grc' dir='ltr'>Κυρίο</span> <span class='ocrx_word' id='word_1_130' title='bbox 3660 546 3868 602; x_wconf 79' lang='grc' dir='ltr'>δείκνυσι</span> 
     </span>
    </p>
   </div>
   <div class='ocr_carea' id='block_1_21' title="bbox 2243 638 3865 717">
    <p class='ocr_par' dir='ltr' id='par_1_21' title="bbox 2243 638 3865 717">
     <span class='ocr_line' id='line_1_21' title="bbox 2243 638 3865 717; baseline -0.002 -24"><span class='ocrx_word' id='word_1_131' title='bbox 2243 640 2414 713; x_wconf 81' lang='grc' dir='ltr'>λόγος,</span> <span class='ocrx_word' id='word_1_132' title='bbox 2448 647 2519 714; x_wconf 82' lang='grc' dir='ltr'>μὴ</span> <span class='ocrx_word' id='word_1_133' title='bbox 2569 645 2737 694; x_wconf 79' lang='grc' dir='ltr'>πάντα</span> <span class='ocrx_word' id='word_1_134' title='bbox 2785 644 2913 715; x_wconf 78' lang='grc' dir='ltr'>ὁμοῦ</span> <span class='ocrx_word' id='word_1_135' title='bbox 2962 644 3027 694; x_wconf 79' lang='grc' dir='ltr'>τοί</span> <span class='ocrx_word' id='word_1_136' title='bbox 3065 646 3328 717; x_wconf 80' lang='grc' dir='ltr'>προσόντα</span> <span class='ocrx_word' id='word_1_137' title='bbox 3357 643 3502 713; x_wconf 80' lang='grc' dir='ltr'>ἡμῖν,</span> <span class='ocrx_word' id='word_1_138' title='bbox 3536 644 3625 691; x_wconf 81' lang='grc' dir='ltr'>καὶ</span> <span class='ocrx_word' id='word_1_139' title='bbox 3653 638 3865 705; x_wconf 79' lang='grc' dir='ltr'>πλοῦτον,</span> 
     </span>
    </p>
   </div>
   <div class='ocr_carea' id='block_1_22' title="bbox 2242 728 3868 803">
    <p class='ocr_par' dir='ltr' id='par_1_22' title="bbox 2242 728 3868 803">
     <span class='ocr_line' id='line_1_22' title="bbox 2242 728 3868 803; baseline -0.001 -21"><span class='ocrx_word' id='word_1_140' title='bbox 2242 737 2351 799; x_wconf 83' lang='grc' dir='ltr'>καὶ,</span> <span class='ocrx_word' id='word_1_141' title='bbox 2387 728 2565 799; x_wconf 71' lang='grc' dir='ltr'>δόξαν,</span> <span class='ocrx_word' id='word_1_142' title='bbox 2598 737 2687 783; x_wconf 81' lang='grc' dir='ltr'>καὶ</span> <span class='ocrx_word' id='word_1_143' title='bbox 2715 736 2879 803; x_wconf 69' lang='grc' dir='ltr'>γὲνος,</span> <span class='ocrx_word' id='word_1_144' title='bbox 2912 738 3001 783; x_wconf 81' lang='grc' dir='ltr'>καὶ</span> <span class='ocrx_word' id='word_1_145' title='bbox 3033 736 3076 784; x_wconf 80' lang='grc' dir='ltr'><strong>εἰ</strong></span> <span class='ocrx_word' id='word_1_146' title='bbox 3103 751 3156 783; x_wconf 85' lang='grc' dir='ltr'>τι</span> <span class='ocrx_word' id='word_1_147' title='bbox 3185 731 3306 783; x_wconf 71' lang='grc' dir='ltr'>ἀλλο</span> <span class='ocrx_word' id='word_1_148' title='bbox 3350 740 3449 783; x_wconf 78' lang='grc' dir='ltr'>τῶν</span> <span class='ocrx_word' id='word_1_149' title='bbox 3497 730 3703 790; x_wconf 79' lang='grc' dir='ltr'>πολλοῖς</span> <span class='ocrx_word' id='word_1_150' title='bbox 3740 749 3868 803; x_wconf 83' lang='grc' dir='ltr'>περι-</span> 
     </span>
    </p>
   </div>
   <div class='ocr_carea' id='block_1_23' title="bbox 2239 818 3869 896">
    <p class='ocr_par' dir='ltr' id='par_1_23' title="bbox 2239 818 3869 896">
     <span class='ocr_line' id='line_1_23' title="bbox 2239 818 3869 896; baseline 0.002 -24"><span class='ocrx_word' id='word_1_151' title='bbox 2239 818 2553 873; x_wconf 77' lang='grc' dir='ltr'>πουδάστων</span> <span class='ocrx_word' id='word_1_152' title='bbox 2583 825 2713 896; x_wconf 86' lang='grc' dir='ltr'>πρὸς</span> <span class='ocrx_word' id='word_1_153' title='bbox 2742 826 2835 879; x_wconf 78' lang='grc' dir='ltr'>τὴν</span> <span class='ocrx_word' id='word_1_154' title='bbox 2863 820 3183 893; x_wconf 75' lang='grc' dir='ltr'>ἀνταλλαγῆν</span> <span class='ocrx_word' id='word_1_155' title='bbox 3208 822 3373 882; x_wconf 71' lang='grc' dir='ltr'>αὐτῆς</span> <span class='ocrx_word' id='word_1_156' title='bbox 3399 824 3714 893; x_wconf 82' lang='grc' dir='ltr'>προεμένοις.</span> <span class='ocrx_word' id='word_1_157' title='bbox 3742 820 3869 875; x_wconf 89' lang='lat' dir='ltr'>Pla-</span> 
     </span>
    </p>
   </div>
   <div class='ocr_carea' id='block_1_24' title="bbox 2238 911 3871 981">
    <p class='ocr_par' dir='ltr' id='par_1_24' title="bbox 2238 911 3871 981">
     <span class='ocr_line' id='line_1_24' title="bbox 2238 911 3871 981; baseline -0.002 -15"><span class='ocrx_word' id='word_1_158' title='bbox 2238 926 2382 967; x_wconf 89' lang='lat' dir='ltr'>num</span> <span class='ocrx_word' id='word_1_159' title='bbox 2422 916 2505 967; x_wconf 89' lang='lat' dir='ltr'>est</span> <span class='ocrx_word' id='word_1_160' title='bbox 2532 912 2687 967; x_wconf 86' lang='lat' dir='ltr'>enim</span> <span class='ocrx_word' id='word_1_161' title='bbox 2716 925 2963 981; x_wconf 83' lang='lat' dir='ltr'>regnum</span> <span class='ocrx_word' id='word_1_162' title='bbox 3000 912 3231 967; x_wconf 76' lang='lat' dir='ltr'>caeleste</span> <span class='ocrx_word' id='word_1_163' title='bbox 3257 925 3366 980; x_wconf 86' lang='lat' dir='ltr'>per</span> <span class='ocrx_word' id='word_1_164' title='bbox 3389 911 3715 979; x_wconf 80' lang='lat' dir='ltr'>pretiosam</span> <span class='ocrx_word' id='word_1_165' title='bbox 3735 923 3871 964; x_wconf 89' lang='lat' dir='ltr'>mar-</span> 
     </span>
    </p>
   </div>
   <div class='ocr_carea' id='block_1_25' title="bbox 2236 1000 3872 1071">
    <p class='ocr_par' dir='ltr' id='par_1_25' title="bbox 2236 1000 3872 1071">
     <span class='ocr_line' id='line_1_25' title="bbox 2236 1000 3872 1071; baseline -0.001 -16"><span class='ocrx_word' id='word_1_166' title='bbox 2236 1002 2502 1070; x_wconf 88' lang='lat' dir='ltr'>garitam</span> <span class='ocrx_word' id='word_1_167' title='bbox 2530 1000 2927 1056; x_wconf 80' lang='lat' dir='ltr'>adumbrari:</span> <span class='ocrx_word' id='word_1_168' title='bbox 2977 1000 3135 1071; x_wconf 89' lang='lat' dir='ltr'>quod</span> <span class='ocrx_word' id='word_1_169' title='bbox 3162 1015 3270 1055; x_wconf 90' lang='lat' dir='ltr'>nos</span> <span class='ocrx_word' id='word_1_170' title='bbox 3316 1000 3557 1070; x_wconf 83' lang='lat' dir='ltr'>assequi</span> <span class='ocrx_word' id='word_1_171' title='bbox 3579 1013 3698 1053; x_wconf 91' lang='lat' dir='ltr'>non</span> <span class='ocrx_word' id='word_1_172' title='bbox 3724 1012 3872 1067; x_wconf 80' lang='lat' dir='ltr'>posse</span> 
     </span>
    </p>
   </div>
   <div class='ocr_carea' id='block_1_26' title="bbox 2236 1087 3870 1157">
    <p class='ocr_par' dir='ltr' id='par_1_26' title="bbox 2236 1087 3870 1157">
     <span class='ocr_line' id='line_1_26' title="bbox 2236 1087 3870 1157; baseline -0.002 -13"><span class='ocrx_word' id='word_1_173' title='bbox 2236 1089 2556 1146; x_wconf 82' lang='lat' dir='ltr'>declarant</span> <span class='ocrx_word' id='word_1_174' title='bbox 2599 1090 2845 1145; x_wconf 81' lang='lat' dir='ltr'>Domini</span> <span class='ocrx_word' id='word_1_175' title='bbox 2891 1089 3093 1155; x_wconf 89' lang='lat' dir='ltr'>verba,</span> <span class='ocrx_word' id='word_1_176' title='bbox 3127 1090 3247 1144; x_wconf 88' lang='lat' dir='ltr'>nisi</span> <span class='ocrx_word' id='word_1_177' title='bbox 3295 1090 3497 1144; x_wconf 83' lang='lat' dir='ltr'>omnia</span> <span class='ocrx_word' id='word_1_178' title='bbox 3541 1087 3723 1143; x_wconf 84' lang='lat' dir='ltr'>simul</span> <span class='ocrx_word' id='word_1_179' title='bbox 3757 1101 3870 1157; x_wconf 74' lang='lat' dir='ltr'>qua:</span> 
     </span>
    </p>
   </div>
   <div class='ocr_carea' id='block_1_27' title="bbox 2237 1177 3873 1250">
    <p class='ocr_par' dir='ltr' id='par_1_27' title="bbox 2237 1177 3873 1250">
     <span class='ocr_line' id='line_1_27' title="bbox 2237 1177 3873 1250; baseline -0.001 -16"><span class='ocrx_word' id='word_1_180' title='bbox 2237 1178 2539 1250; x_wconf 81' lang='lat' dir='ltr'>habemus,</span> <span class='ocrx_word' id='word_1_181' title='bbox 2575 1183 2631 1235; x_wconf 85' lang='lat' dir='ltr'>et</span> <span class='ocrx_word' id='word_1_182' title='bbox 2674 1179 2937 1249; x_wconf 80' lang='lat' dir='ltr'>divitias,</span> <span class='ocrx_word' id='word_1_183' title='bbox 2971 1185 3023 1234; x_wconf 90' lang='lat' dir='ltr'>et</span> <span class='ocrx_word' id='word_1_184' title='bbox 3066 1179 3346 1248; x_wconf 81' lang='lat' dir='ltr'>gloriam,</span> <span class='ocrx_word' id='word_1_185' title='bbox 3394 1182 3451 1234; x_wconf 89' lang='lat' dir='ltr'>et</span> <span class='ocrx_word' id='word_1_186' title='bbox 3495 1192 3696 1248; x_wconf 86' lang='lat' dir='ltr'>genus.</span> <span class='ocrx_word' id='word_1_187' title='bbox 3734 1183 3782 1233; x_wconf 90' lang='lat' dir='ltr'>et</span> <span class='ocrx_word' id='word_1_188' title='bbox 3825 1177 3873 1233; x_wconf 89' lang='lat' dir='ltr'>si</span> 
     </span>
    </p>
   </div>
   <div class='ocr_carea' id='block_1_28' title="bbox 2233 1267 3871 1339">
    <p class='ocr_par' dir='ltr' id='par_1_28' title="bbox 2233 1267 3871 1339">
     <span class='ocr_line' id='line_1_28' title="bbox 2233 1267 3871 1339; baseline -0.001 -16"><span class='ocrx_word' id='word_1_189' title='bbox 2233 1270 2383 1339; x_wconf 90' lang='lat' dir='ltr'>quid</span> <span class='ocrx_word' id='word_1_190' title='bbox 2411 1269 2584 1325; x_wconf 86' lang='lat' dir='ltr'>aliud</span> <span class='ocrx_word' id='word_1_191' title='bbox 2617 1274 2725 1337; x_wconf 87' lang='lat' dir='ltr'>est,</span> <span class='ocrx_word' id='word_1_192' title='bbox 2755 1269 2926 1338; x_wconf 85' lang='lat' dir='ltr'>cujus</span> <span class='ocrx_word' id='word_1_193' title='bbox 2955 1267 3149 1323; x_wconf 82' lang='lat' dir='ltr'>studio</span> <span class='ocrx_word' id='word_1_194' title='bbox 3180 1267 3591 1339; x_wconf 86' lang='lat' dir='ltr'>desiderioque</span> <span class='ocrx_word' id='word_1_195' title='bbox 3615 1267 3871 1337; x_wconf 80' lang='lat' dir='ltr'>plerique</span> 
     </span>
    </p>
   </div>
   <div class='ocr_carea' id='block_1_29' title="bbox 2232 1356 3873 1428">
    <p class='ocr_par' dir='ltr' id='par_1_29' title="bbox 2232 1356 3873 1428">
     <span class='ocr_line' id='line_1_29' title="bbox 2232 1356 3873 1428; baseline -0.001 -14"><span class='ocrx_word' id='word_1_196' title='bbox 2232 1362 2575 1427; x_wconf 82' lang='lat' dir='ltr'>teneantur,</span> <span class='ocrx_word' id='word_1_197' title='bbox 2588 1374 2704 1428; x_wconf 88' lang='lat' dir='ltr'>pro</span> <span class='ocrx_word' id='word_1_198' title='bbox 2734 1373 2798 1415; x_wconf 90' lang='lat' dir='ltr'>eo</span> <span class='ocrx_word' id='word_1_199' title='bbox 2827 1358 3228 1427; x_wconf 87' lang='lat' dir='ltr'>comparando</span> <span class='ocrx_word' id='word_1_200' title='bbox 3252 1358 3619 1414; x_wconf 87' lang='lat' dir='ltr'>deseramus.</span> <span class='ocrx_word' id='word_1_201' title='bbox 3643 1356 3873 1413; x_wconf 88' lang='lat' dir='ltr'>Combe-</span> 
     </span>
    </p>
   </div>
   <div class='ocr_carea' id='block_1_30' title="bbox 2227 1446 3870 1518">
    <p class='ocr_par' dir='ltr' id='par_1_30' title="bbox 2227 1446 3870 1518">
     <span class='ocr_line' id='line_1_30' title="bbox 2227 1446 3870 1518; baseline -0.001 -16"><span class='ocrx_word' id='word_1_202' title='bbox 2227 1446 2399 1502; x_wconf 85' lang='lat' dir='ltr'>ﬁsius</span> <span class='ocrx_word' id='word_1_203' title='bbox 2428 1463 2572 1504; x_wconf 84' lang='lat' dir='ltr'>vero</span> <span class='ocrx_word' id='word_1_204' title='bbox 2600 1447 2717 1503; x_wconf 92' lang='lat' dir='ltr'>hoc</span> <span class='ocrx_word' id='word_1_205' title='bbox 2748 1448 2932 1503; x_wconf 93' lang='lat' dir='ltr'>modo</span> <span class='ocrx_word' id='word_1_206' title='bbox 2960 1448 3036 1518; x_wconf 78' lang='lat' dir='ltr'>(c)</span> <span class='ocrx_word' id='word_1_207' title='bbox 3060 1464 3073 1502; x_wconf 88' lang='lat'><strong>:</strong></span> <span class='ocrx_word' id='word_1_208' title='bbox 3121 1446 3367 1503; x_wconf 85' lang='lat' dir='ltr'>Videtur</span> <span class='ocrx_word' id='word_1_209' title='bbox 3386 1448 3514 1502; x_wconf 89' lang='lat' dir='ltr'>istis</span> <span class='ocrx_word' id='word_1_210' title='bbox 3544 1447 3690 1502; x_wconf 87' lang='lat' dir='ltr'>satis</span> <span class='ocrx_word' id='word_1_211' title='bbox 3719 1460 3870 1515; x_wconf 87' lang='lat' dir='ltr'>aper-</span> 
     </span>
    </p>
   </div>
   <div class='ocr_carea' id='block_1_31' title="bbox 2229 1535 3872 1608">
    <p class='ocr_par' dir='ltr' id='par_1_31' title="bbox 2229 1535 3872 1608">
     <span class='ocr_line' id='line_1_31' title="bbox 2229 1535 3872 1608; baseline -0.002 -16"><span class='ocrx_word' id='word_1_212' title='bbox 2229 1542 2285 1594; x_wconf 92' lang='lat' dir='ltr'>te</span> <span class='ocrx_word' id='word_1_213' title='bbox 2305 1542 2521 1593; x_wconf 86' lang='lat' dir='ltr'>auctor</span> <span class='ocrx_word' id='word_1_214' title='bbox 2543 1552 2575 1593; x_wconf 91' lang='lat' dir='ltr'>e</span> <span class='ocrx_word' id='word_1_215' title='bbox 2602 1552 2787 1608; x_wconf 87' lang='lat' dir='ltr'>regno</span> <span class='ocrx_word' id='word_1_216' title='bbox 2835 1538 3121 1593; x_wconf 76' lang='lat' dir='ltr'>caelorum</span> <span class='ocrx_word' id='word_1_217' title='bbox 3148 1536 3490 1605; x_wconf 76' lang='lat' dir='ltr'>excludere,</span> <span class='ocrx_word' id='word_1_218' title='bbox 3520 1535 3628 1607; x_wconf 78' lang='lat' dir='ltr'>qui</span> <span class='ocrx_word' id='word_1_219' title='bbox 3653 1550 3761 1591; x_wconf 88' lang='lat' dir='ltr'>non</span> <span class='ocrx_word' id='word_1_220' title='bbox 3786 1549 3872 1590; x_wconf 87' lang='lat' dir='ltr'>re-</span> 
     </span>
    </p>
   </div>
   <div class='ocr_carea' id='block_1_32' title="bbox 2226 1625 3869 1696">
    <p class='ocr_par' dir='ltr' id='par_1_32' title="bbox 2226 1625 3869 1696">
     <span class='ocr_line' id='line_1_32' title="bbox 2226 1625 3869 1696; baseline -0.001 -15"><span class='ocrx_word' id='word_1_221' title='bbox 2226 1626 2507 1682; x_wconf 81' lang='lat' dir='ltr'>nuntient</span> <span class='ocrx_word' id='word_1_222' title='bbox 2554 1626 2847 1695; x_wconf 90' lang='lat' dir='ltr'>omnibus,</span> <span class='ocrx_word' id='word_1_223' title='bbox 2879 1641 2989 1682; x_wconf 85' lang='lat' dir='ltr'>nec</span> <span class='ocrx_word' id='word_1_224' title='bbox 3015 1630 3436 1696; x_wconf 81' lang='lat' dir='ltr'>paupertatem</span> <span class='ocrx_word' id='word_1_225' title='bbox 3485 1625 3869 1695; x_wconf 79' lang='lat' dir='ltr'>evangelicum</span> 
     </span>
    </p>
   </div>
   <div class='ocr_carea' id='block_1_33' title="bbox 2225 1715 3870 1788">
    <p class='ocr_par' dir='ltr' id='par_1_33' title="bbox 2225 1715 3870 1788">
     <span class='ocr_line' id='line_1_33' title="bbox 2225 1715 3870 1788; baseline -0.002 -15"><span class='ocrx_word' id='word_1_226' title='bbox 2225 1717 2672 1786; x_wconf 75' lang='lat' dir='ltr'>amplexentur,</span> <span class='ocrx_word' id='word_1_227' title='bbox 2735 1716 2892 1788; x_wconf 89' lang='lat' dir='ltr'>quod</span> <span class='ocrx_word' id='word_1_228' title='bbox 2959 1716 3175 1772; x_wconf 85' lang='lat' dir='ltr'>Patres</span> <span class='ocrx_word' id='word_1_229' title='bbox 3244 1715 3623 1785; x_wconf 86' lang='lat' dir='ltr'>Gangrenses</span> <span class='ocrx_word' id='word_1_230' title='bbox 3676 1717 3870 1770; x_wconf 84' lang='lat' dir='ltr'>merito</span> 
     </span>
    </p>
   </div>
   <div class='ocr_carea' id='block_1_34' title="bbox 449 1802 3870 1881">
    <p class='ocr_par' dir='ltr' id='par_1_34' title="bbox 449 1802 3870 1881">
     <span class='ocr_line' id='line_1_34' title="bbox 449 1802 3870 1881; baseline -0.002 -16"><span class='ocrx_word' id='word_1_231' title='bbox 449 1808 623 1865; x_wconf 87' lang='lat' dir='ltr'>facile</span> <span class='ocrx_word' id='word_1_232' title='bbox 668 1807 962 1874; x_wconf 89' lang='lat' dir='ltr'>adducar,</span> <span class='ocrx_word' id='word_1_233' title='bbox 1008 1810 1073 1861; x_wconf 93' lang='lat' dir='ltr'>ut</span> <span class='ocrx_word' id='word_1_234' title='bbox 1117 1820 1221 1862; x_wconf 88' lang='lat' dir='ltr'>eas</span> <span class='ocrx_word' id='word_1_235' title='bbox 1275 1803 1649 1861; x_wconf 89' lang='lat' dir='ltr'>adulterinas</span> <span class='ocrx_word' id='word_1_236' title='bbox 1692 1811 1824 1860; x_wconf 84' lang='lat' dir='ltr'>esse</span> <span class='ocrx_word' id='word_1_237' title='bbox 1871 1809 2108 1876; x_wconf 89' lang='lat' dir='ltr'>putem.</span> <span class='ocrx_word' id='word_1_238' title='bbox 2145 1828 2186 1881; x_wconf 77' lang='grc' dir='ltr'><strong>Β</strong></span> <span class='ocrx_word' id='word_1_239' title='bbox 2224 1807 2617 1863; x_wconf 89' lang='lat' dir='ltr'>damnarunt.</span> <span class='ocrx_word' id='word_1_240' title='bbox 2649 1807 2761 1863; x_wconf 84' lang='lat' dir='ltr'>Est</span> <span class='ocrx_word' id='word_1_241' title='bbox 2790 1822 2932 1877; x_wconf 88' lang='lat' dir='ltr'>ergo</span> <span class='ocrx_word' id='word_1_242' title='bbox 2959 1807 3065 1862; x_wconf 89' lang='lat' dir='ltr'>ille</span> <span class='ocrx_word' id='word_1_243' title='bbox 3088 1808 3383 1875; x_wconf 85' lang='lat' dir='ltr'>pretiosus</span> <span class='ocrx_word' id='word_1_244' title='bbox 3412 1806 3568 1875; x_wconf 88' lang='lat' dir='ltr'>lapis</span> <span class='ocrx_word' id='word_1_245' title='bbox 3615 1802 3870 1859; x_wconf 83' lang='lat' dir='ltr'>omnibus</span> 
     </span>
    </p>
   </div>
   <div class='ocr_carea' id='block_1_35' title="bbox 449 1894 2114 1969">
    <p class='ocr_par' dir='ltr' id='par_1_35' title="bbox 449 1894 2114 1969">
     <span class='ocr_line' id='line_1_35' title="bbox 449 1894 2114 1969; baseline -0.001 -19"><span class='ocrx_word' id='word_1_246' title='bbox 449 1898 565 1953; x_wconf 89' lang='lat' dir='ltr'>Cur</span> <span class='ocrx_word' id='word_1_247' title='bbox 594 1897 778 1965; x_wconf 89' lang='lat' dir='ltr'>enim,</span> <span class='ocrx_word' id='word_1_248' title='bbox 810 1911 1041 1969; x_wconf 72' lang='lat' dir='ltr'>quaeso,</span> <span class='ocrx_word' id='word_1_249' title='bbox 1072 1895 1134 1950; x_wconf 90' lang='lat' dir='ltr'>in</span> <span class='ocrx_word' id='word_1_250' title='bbox 1182 1894 1403 1966; x_wconf 90' lang='lat' dir='ltr'>spuriis</span> <span class='ocrx_word' id='word_1_251' title='bbox 1453 1898 1827 1967; x_wconf 86' lang='lat' dir='ltr'>ponerentur</span> <span class='ocrx_word' id='word_1_252' title='bbox 1872 1894 2114 1963; x_wconf 66' lang='lat' dir='ltr'>Regulae</span> 
     </span>
    </p>
   </div>
   <div class='ocr_carea' id='block_1_36' title="bbox 447 1981 2114 2055">
    <p class='ocr_par' dir='ltr' id='par_1_36' title="bbox 447 1981 2114 2055">
     <span class='ocr_line' id='line_1_36' title="bbox 447 1981 2114 2055; baseline -0.003 -12"><span class='ocrx_word' id='word_1_253' title='bbox 447 1987 695 2043; x_wconf 90' lang='lat' dir='ltr'>nomine</span> <span class='ocrx_word' id='word_1_254' title='bbox 743 1984 1076 2042; x_wconf 86' lang='lat' dir='ltr'>severitatis</span> <span class='ocrx_word' id='word_1_255' title='bbox 1118 1982 1445 2055; x_wconf 88' lang='lat' dir='ltr'>cujusdam</span> <span class='ocrx_word' id='word_1_256' title='bbox 1496 1983 1771 2055; x_wconf 87' lang='lat' dir='ltr'>majoris,</span> <span class='ocrx_word' id='word_1_257' title='bbox 1806 1981 1925 2039; x_wconf 89' lang='lat' dir='ltr'>alia</span> <span class='ocrx_word' id='word_1_258' title='bbox 1970 1998 2114 2038; x_wconf 90' lang='lat' dir='ltr'>vero</span> 
     </span>
    </p>
   </div>
   <div class='ocr_carea' id='block_1_37' title="bbox 444 2071 2115 2147">
    <p class='ocr_par' dir='ltr' id='par_1_37' title="bbox 444 2071 2115 2147">
     <span class='ocr_line' id='line_1_37' title="bbox 444 2071 2115 2147; baseline -0.002 -16"><span class='ocrx_word' id='word_1_259' title='bbox 444 2076 547 2132; x_wconf 89' lang='lat' dir='ltr'>illa</span> <span class='ocrx_word' id='word_1_260' title='bbox 593 2074 789 2132; x_wconf 87' lang='lat' dir='ltr'>Basilii</span> <span class='ocrx_word' id='word_1_261' title='bbox 819 2074 1062 2147; x_wconf 89' lang='lat' dir='ltr'>scripta,</span> <span class='ocrx_word' id='word_1_262' title='bbox 1096 2073 1159 2129; x_wconf 90' lang='lat' dir='ltr'>in</span> <span class='ocrx_word' id='word_1_263' title='bbox 1204 2073 1431 2145; x_wconf 92' lang='lat' dir='ltr'>quibus</span> <span class='ocrx_word' id='word_1_264' title='bbox 1480 2089 1605 2129; x_wconf 93' lang='lat' dir='ltr'>non</span> <span class='ocrx_word' id='word_1_265' title='bbox 1654 2073 1916 2129; x_wconf 91' lang='lat' dir='ltr'>minores</span> <span class='ocrx_word' id='word_1_266' title='bbox 1965 2071 2115 2128; x_wconf 79' lang='lat' dir='ltr'><strong>difﬁ-</strong></span> 
     </span>
    </p>
   </div>
   <div class='ocr_carea' id='block_1_38' title="bbox 444 2162 2115 2235">
    <p class='ocr_par' dir='ltr' id='par_1_38' title="bbox 444 2162 2115 2235">
     <span class='ocr_line' id='line_1_38' title="bbox 444 2162 2115 2235; baseline -0.002 -14"><span class='ocrx_word' id='word_1_267' title='bbox 444 2165 693 2221; x_wconf 88' lang='lat' dir='ltr'>cultates</span> <span class='ocrx_word' id='word_1_268' title='bbox 747 2166 1091 2232; x_wconf 89' lang='lat' dir='ltr'>occurrunt,</span> <span class='ocrx_word' id='word_1_269' title='bbox 1142 2179 1253 2235; x_wconf 92' lang='lat' dir='ltr'>pro</span> <span class='ocrx_word' id='word_1_270' title='bbox 1309 2162 1468 2218; x_wconf 89' lang='lat' dir='ltr'>veris</span> <span class='ocrx_word' id='word_1_271' title='bbox 1520 2163 1941 2219; x_wconf 82' lang='lat' dir='ltr'>haberentur?</span> <span class='ocrx_word' id='word_1_272' title='bbox 1998 2164 2115 2218; x_wconf 87' lang='lat' dir='ltr'>Cur</span> 
     </span>
    </p>
   </div>
   <div class='ocr_carea' id='block_1_39' title="bbox 441 2251 2113 2326">
    <p class='ocr_par' dir='ltr' id='par_1_39' title="bbox 441 2251 2113 2326">
     <span class='ocr_line' id='line_1_39' title="bbox 441 2251 2113 2326; baseline -0.003 -14"><span class='ocrx_word' id='word_1_273' title='bbox 441 2271 651 2312; x_wconf 91' lang='lat' dir='ltr'>rursus</span> <span class='ocrx_word' id='word_1_274' title='bbox 682 2257 979 2326; x_wconf 81' lang='lat' dir='ltr'>suspectae</span> <span class='ocrx_word' id='word_1_275' title='bbox 1010 2257 1187 2309; x_wconf 91' lang='lat' dir='ltr'>erunt</span> <span class='ocrx_word' id='word_1_276' title='bbox 1217 2252 1416 2309; x_wconf 89' lang='lat' dir='ltr'>Basilii</span> <span class='ocrx_word' id='word_1_277' title='bbox 1460 2253 1698 2322; x_wconf 78' lang='lat' dir='ltr'>Regulae</span> <span class='ocrx_word' id='word_1_278' title='bbox 1729 2252 1809 2309; x_wconf 94' lang='lat' dir='ltr'>ob</span> <span class='ocrx_word' id='word_1_279' title='bbox 1840 2251 2113 2308; x_wconf 81' lang='lat' dir='ltr'>difﬁciles</span> 
     </span>
    </p>
   </div>
   <div class='ocr_carea' id='block_1_40' title="bbox 438 2341 2111 2418">
    <p class='ocr_par' dir='ltr' id='par_1_40' title="bbox 438 2341 2111 2418">
     <span class='ocr_line' id='line_1_40' title="bbox 438 2341 2111 2418; baseline -0.002 -18"><span class='ocrx_word' id='word_1_280' title='bbox 438 2343 747 2418; x_wconf 89' lang='lat' dir='ltr'>quosdam</span> <span class='ocrx_word' id='word_1_281' title='bbox 774 2343 962 2411; x_wconf 90' lang='lat' dir='ltr'>locos,</span> <span class='ocrx_word' id='word_1_282' title='bbox 995 2342 1258 2399; x_wconf 89' lang='lat' dir='ltr'>aliorum</span> <span class='ocrx_word' id='word_1_283' title='bbox 1290 2358 1432 2398; x_wconf 88' lang='lat' dir='ltr'>vero</span> <span class='ocrx_word' id='word_1_284' title='bbox 1480 2347 1833 2398; x_wconf 89' lang='lat' dir='ltr'>sanctorum</span> <span class='ocrx_word' id='word_1_285' title='bbox 1864 2341 2111 2397; x_wconf 89' lang='lat' dir='ltr'>Patrum</span> 
     </span>
    </p>
   </div>
   <div class='ocr_carea' id='block_1_41' title="bbox 438 2429 2113 2505">
    <p class='ocr_par' dir='ltr' id='par_1_41' title="bbox 438 2429 2113 2505">
     <span class='ocr_line' id='line_1_41' title="bbox 438 2429 2113 2505; baseline -0.004 -14"><span class='ocrx_word' id='word_1_286' title='bbox 438 2434 597 2504; x_wconf 88' lang='lat' dir='ltr'>libri,</span> <span class='ocrx_word' id='word_1_287' title='bbox 655 2433 719 2489; x_wconf 92' lang='lat' dir='ltr'>in</span> <span class='ocrx_word' id='word_1_288' title='bbox 769 2432 994 2505; x_wconf 86' lang='lat' dir='ltr'>quibus</span> <span class='ocrx_word' id='word_1_289' title='bbox 1044 2430 1164 2487; x_wconf 91' lang='lat' dir='ltr'>loci</span> <span class='ocrx_word' id='word_1_290' title='bbox 1229 2435 1335 2488; x_wconf 88' lang='lat' dir='ltr'>aut</span> <span class='ocrx_word' id='word_1_291' title='bbox 1403 2446 1575 2503; x_wconf 70' lang='lat' dir='ltr'>aeque</span> <span class='ocrx_word' id='word_1_292' title='bbox 1641 2429 1935 2499; x_wconf 75' lang='lat' dir='ltr'>difﬁciles,</span> <span class='ocrx_word' id='word_1_293' title='bbox 2006 2446 2113 2501; x_wconf 66' lang='lat' dir='ltr'>aut</span> 
     </span>
    </p>
   </div>
   <div class='ocr_carea' id='block_1_42' title="bbox 440 2519 2109 2592">
    <p class='ocr_par' dir='ltr' id='par_1_42' title="bbox 440 2519 2109 2592">
     <span class='ocr_line' id='line_1_42' title="bbox 440 2519 2109 2592; baseline -0.004 -11"><span class='ocrx_word' id='word_1_294' title='bbox 440 2524 623 2581; x_wconf 90' lang='lat' dir='ltr'>etiam</span> <span class='ocrx_word' id='word_1_295' title='bbox 652 2521 1018 2578; x_wconf 77' lang='lat' dir='ltr'>difﬁciliores</span> <span class='ocrx_word' id='word_1_296' title='bbox 1046 2521 1456 2587; x_wconf 85' lang='lat' dir='ltr'>inveniuntur,</span> <span class='ocrx_word' id='word_1_297' title='bbox 1487 2519 1780 2577; x_wconf 90' lang='lat' dir='ltr'>carebunt</span> <span class='ocrx_word' id='word_1_298' title='bbox 1811 2520 2109 2592; x_wconf 88' lang='lat' dir='ltr'>suspicio-</span> 
     </span>
    </p>
   </div>
   <div class='ocr_carea' id='block_1_43' title="bbox 438 2608 2107 2684">
    <p class='ocr_par' dir='ltr' id='par_1_43' title="bbox 438 2608 2107 2684">
     <span class='ocr_line' id='line_1_43' title="bbox 438 2608 2107 2684; baseline -0.004 -14"><span class='ocrx_word' id='word_1_299' title='bbox 438 2629 517 2670; x_wconf 88' lang='lat' dir='ltr'>ne</span> <span class='ocrx_word' id='word_1_300' title='bbox 544 2614 572 2669; x_wconf 85' lang='lat'><strong>?</strong></span> <span class='ocrx_word' id='word_1_301' title='bbox 618 2615 684 2669; x_wconf 89' lang='lat' dir='ltr'>Et</span> <span class='ocrx_word' id='word_1_302' title='bbox 733 2610 962 2684; x_wconf 86' lang='lat' dir='ltr'>alioqui</span> <span class='ocrx_word' id='word_1_303' title='bbox 1002 2610 1161 2666; x_wconf 90' lang='lat' dir='ltr'>levia</span> <span class='ocrx_word' id='word_1_304' title='bbox 1206 2614 1363 2673; x_wconf 88' lang='lat' dir='ltr'>sunt,</span> <span class='ocrx_word' id='word_1_305' title='bbox 1407 2625 1544 2682; x_wconf 62' lang='lat' dir='ltr'>quae</span> <span class='ocrx_word' id='word_1_306' title='bbox 1591 2609 1675 2665; x_wconf 87' lang='lat' dir='ltr'>vir</span> <span class='ocrx_word' id='word_1_307' title='bbox 1714 2608 2107 2664; x_wconf 83' lang='lat' dir='ltr'>doctissimus</span> 
     </span>
    </p>
   </div>
   <div class='ocr_carea' id='block_1_44' title="bbox 438 2698 2109 2774">
    <p class='ocr_par' dir='ltr' id='par_1_44' title="bbox 438 2698 2109 2774">
     <span class='ocr_line' id='line_1_44' title="bbox 438 2698 2109 2774; baseline -0.004 -14"><span class='ocrx_word' id='word_1_308' title='bbox 438 2702 842 2760; x_wconf 84' lang='lat' dir='ltr'>Combeﬁsius</span> <span class='ocrx_word' id='word_1_309' title='bbox 895 2701 1170 2774; x_wconf 86' lang='lat' dir='ltr'>opponit,</span> <span class='ocrx_word' id='word_1_310' title='bbox 1208 2704 1265 2757; x_wconf 89' lang='lat' dir='ltr'>et</span> <span class='ocrx_word' id='word_1_311' title='bbox 1313 2698 1477 2766; x_wconf 88' lang='lat' dir='ltr'>talia,</span> <span class='ocrx_word' id='word_1_312' title='bbox 1531 2698 1738 2772; x_wconf 89' lang='lat' dir='ltr'>qualia</span> <span class='ocrx_word' id='word_1_313' title='bbox 1781 2699 1843 2754; x_wconf 91' lang='lat' dir='ltr'>in</span> <span class='ocrx_word' id='word_1_314' title='bbox 1888 2698 2109 2754; x_wconf 91' lang='lat' dir='ltr'>scholis</span> 
     </span>
    </p>
   </div>
   <div class='ocr_carea' id='block_1_45' title="bbox 437 2787 2109 2864">
    <p class='ocr_par' dir='ltr' id='par_1_45' title="bbox 437 2787 2109 2864">
     <span class='ocr_line' id='line_1_45' title="bbox 437 2787 2109 2864; baseline -0.002 -17"><span class='ocrx_word' id='word_1_315' title='bbox 437 2791 697 2864; x_wconf 87' lang='lat' dir='ltr'>publicis</span> <span class='ocrx_word' id='word_1_316' title='bbox 725 2789 996 2862; x_wconf 90' lang='lat' dir='ltr'>quotidie</span> <span class='ocrx_word' id='word_1_317' title='bbox 1020 2788 1283 2862; x_wconf 89' lang='lat' dir='ltr'>proponi</span> <span class='ocrx_word' id='word_1_318' title='bbox 1312 2788 1526 2855; x_wconf 91' lang='lat' dir='ltr'>solent,</span> <span class='ocrx_word' id='word_1_319' title='bbox 1559 2803 1819 2860; x_wconf 68' lang='lat' dir='ltr'>quaeque</span> <span class='ocrx_word' id='word_1_320' title='bbox 1846 2803 1969 2859; x_wconf 91' lang='lat' dir='ltr'>qua</span> <span class='ocrx_word' id='word_1_321' title='bbox 2018 2787 2109 2844; x_wconf 89' lang='lat' dir='ltr'>fa-</span> 
     </span>
    </p>
   </div>
   <div class='ocr_carea' id='block_1_46' title="bbox 438 2876 2146 2950">
    <p class='ocr_par' dir='ltr' id='par_1_46' title="bbox 438 2876 2146 2950">
     <span class='ocr_line' id='line_1_46' title="bbox 438 2876 2146 2950; baseline -0.002 -14"><span class='ocrx_word' id='word_1_322' title='bbox 438 2879 659 2936; x_wconf 91' lang='lat' dir='ltr'>cilitate</span> <span class='ocrx_word' id='word_1_323' title='bbox 686 2879 1079 2950; x_wconf 89' lang='lat' dir='ltr'>objiciuntur,</span> <span class='ocrx_word' id='word_1_324' title='bbox 1111 2878 1325 2934; x_wconf 90' lang='lat' dir='ltr'>eadem</span> <span class='ocrx_word' id='word_1_325' title='bbox 1365 2876 1462 2933; x_wconf 89' lang='lat' dir='ltr'>vel</span> <span class='ocrx_word' id='word_1_326' title='bbox 1491 2876 1571 2933; x_wconf 89' lang='lat' dir='ltr'>ab</span> <span class='ocrx_word' id='word_1_327' title='bbox 1623 2877 2108 2933; x_wconf 86' lang='lat' dir='ltr'>adolescentibus</span> <span class='ocrx_word' id='word_1_328' title='bbox 2143 2884 2146 2888; x_wconf 70' lang='lat'>‘</span> 
     </span>
    </p>
   </div>
   <div class='ocr_carea' id='block_1_47' title="bbox 438 2965 2110 3031">
    <p class='ocr_par' dir='ltr' id='par_1_47' title="bbox 438 2965 2110 3031">
     <span class='ocr_line' id='line_1_47' title="bbox 438 2965 2110 3031; baseline -0.002 -6"><span class='ocrx_word' id='word_1_329' title='bbox 438 2968 777 3026; x_wconf 88' lang='lat' dir='ltr'>solvuntur.</span> <span class='ocrx_word' id='word_1_330' title='bbox 810 2970 1006 3031; x_wconf 86' lang='lat' dir='ltr'>Quare</span> <span class='ocrx_word' id='word_1_331' title='bbox 1035 2981 1175 3022; x_wconf 93' lang='lat' dir='ltr'>cum</span> <span class='ocrx_word' id='word_1_332' title='bbox 1204 2965 1651 3022; x_wconf 87' lang='lat' dir='ltr'>eruditissimus</span> <span class='ocrx_word' id='word_1_333' title='bbox 1682 2966 1772 3021; x_wconf 89' lang='lat' dir='ltr'>vir</span> <span class='ocrx_word' id='word_1_334' title='bbox 1789 2965 2110 3021; x_wconf 92' lang='lat' dir='ltr'>Tillemon-</span> 
     </span>
    </p>
   </div>
   <div class='ocr_carea' id='block_1_48' title="bbox 438 3055 2108 3132">
    <p class='ocr_par' dir='ltr' id='par_1_48' title="bbox 438 3055 2108 3132">
     <span class='ocr_line' id='line_1_48' title="bbox 438 3055 2108 3132; baseline -0.004 -15"><span class='ocrx_word' id='word_1_335' title='bbox 438 3060 559 3118; x_wconf 90' lang='lat' dir='ltr'>tius</span> <span class='ocrx_word' id='word_1_336' title='bbox 610 3060 688 3132; x_wconf 92' lang='lat' dir='ltr'>(b)</span> <span class='ocrx_word' id='word_1_337' title='bbox 749 3056 1096 3115; x_wconf 86' lang='lat' dir='ltr'>Combeﬁsii</span> <span class='ocrx_word' id='word_1_338' title='bbox 1146 3061 1512 3127; x_wconf 89' lang='lat' dir='ltr'>argumenta</span> <span class='ocrx_word' id='word_1_339' title='bbox 1562 3055 1825 3127; x_wconf 88' lang='lat' dir='ltr'>legisset,</span> <span class='ocrx_word' id='word_1_340' title='bbox 1872 3072 2108 3113; x_wconf 89' lang='lat' dir='ltr'>eorum-</span> 
     </span>
    </p>
   </div>
   <div class='ocr_carea' id='block_1_49' title="bbox 2222 1892 3872 1964">
    <p class='ocr_par' dir='ltr' id='par_1_49' title="bbox 2222 1892 3872 1964">
     <span class='ocr_line' id='line_1_49' title="bbox 2222 1892 3872 1964; baseline -0.002 -15"><span class='ocrx_word' id='word_1_341' title='bbox 2222 1895 2594 1964; x_wconf 89' lang='lat' dir='ltr'>coemendus,</span> <span class='ocrx_word' id='word_1_342' title='bbox 2619 1895 2913 1964; x_wconf 82' lang='lat' dir='ltr'>perfectio</span> <span class='ocrx_word' id='word_1_343' title='bbox 2946 1896 3060 1950; x_wconf 89' lang='lat' dir='ltr'>illa</span> <span class='ocrx_word' id='word_1_344' title='bbox 3105 1894 3215 1949; x_wconf 87' lang='lat' dir='ltr'>sub</span> <span class='ocrx_word' id='word_1_345' title='bbox 3265 1894 3515 1949; x_wconf 85' lang='lat' dir='ltr'>consilio</span> <span class='ocrx_word' id='word_1_346' title='bbox 3563 1908 3601 1948; x_wconf 92' lang='lat' dir='ltr'>a</span> <span class='ocrx_word' id='word_1_347' title='bbox 3645 1892 3872 1948; x_wconf 84' lang='lat' dir='ltr'>Christo</span> 
     </span>
    </p>
   </div>
   <div class='ocr_carea' id='block_1_50' title="bbox 2212 1982 3871 2057">
    <p class='ocr_par' dir='ltr' id='par_1_50' title="bbox 2212 1982 3871 2057">
     <span class='ocr_line' id='line_1_50' title="bbox 2212 1982 3871 2057; baseline -0.001 -18"><span class='ocrx_word' id='word_1_348' title='bbox 2212 1986 2549 2057; x_wconf 84' lang='lat' dir='ltr'>proposita,</span> <span class='ocrx_word' id='word_1_349' title='bbox 2576 1991 2642 2039; x_wconf 91' lang='lat' dir='ltr'>ut</span> <span class='ocrx_word' id='word_1_350' title='bbox 2663 1991 2716 2041; x_wconf 90' lang='lat' dir='ltr'>et</span> <span class='ocrx_word' id='word_1_351' title='bbox 2750 1985 3108 2055; x_wconf 77' lang='lat' dir='ltr'>virginitas;</span> <span class='ocrx_word' id='word_1_352' title='bbox 3151 2000 3271 2040; x_wconf 90' lang='lat' dir='ltr'>non</span> <span class='ocrx_word' id='word_1_353' title='bbox 3298 1987 3429 2053; x_wconf 81' lang='lat' dir='ltr'>ipsa</span> <span class='ocrx_word' id='word_1_354' title='bbox 3461 1982 3730 2039; x_wconf 87' lang='lat' dir='ltr'>absolute</span> <span class='ocrx_word' id='word_1_355' title='bbox 3755 1982 3871 2037; x_wconf 82' lang='lat' dir='ltr'>vita</span> 
     </span>
    </p>
   </div>
   <div class='ocr_carea' id='block_1_51' title="bbox 2222 2071 3871 2145">
    <p class='ocr_par' dir='ltr' id='par_1_51' title="bbox 2222 2071 3871 2145">
     <span class='ocr_line' id='line_1_51' title="bbox 2222 2071 3871 2145; baseline -0.004 -13"><span class='ocrx_word' id='word_1_356' title='bbox 2222 2081 2447 2132; x_wconf 75' lang='lat' dir='ltr'>(eterna</span> <span class='ocrx_word' id='word_1_357' title='bbox 2493 2081 2600 2132; x_wconf 89' lang='lat' dir='ltr'>aut</span> <span class='ocrx_word' id='word_1_358' title='bbox 2643 2076 2837 2145; x_wconf 80' lang='lat' dir='ltr'>pietas</span> <span class='ocrx_word' id='word_1_359' title='bbox 2892 2075 3265 2130; x_wconf 82' lang='lat' dir='ltr'>Christiana.</span> <span class='ocrx_word' id='word_1_360' title='bbox 3300 2071 3733 2129; x_wconf 71' lang='lat' dir='ltr'>Co.i.betisium</span> <span class='ocrx_word' id='word_1_361' title='bbox 3775 2085 3871 2126; x_wconf 87' lang='lat' dir='ltr'>au-</span> 
     </span>
    </p>
   </div>
   <div class='ocr_carea' id='block_1_52' title="bbox 2220 2158 3875 2236">
    <p class='ocr_par' dir='ltr' id='par_1_52' title="bbox 2220 2158 3875 2236">
     <span class='ocr_line' id='line_1_52' title="bbox 2220 2158 3875 2236; baseline -0.004 -14"><span class='ocrx_word' id='word_1_362' title='bbox 2220 2170 2342 2222; x_wconf 89' lang='lat' dir='ltr'>tem</span> <span class='ocrx_word' id='word_1_363' title='bbox 2373 2165 2423 2220; x_wconf 91' lang='lat' dir='ltr'>si</span> <span class='ocrx_word' id='word_1_364' title='bbox 2453 2166 2827 2221; x_wconf 85' lang='lat' dir='ltr'>meminisset</span> <span class='ocrx_word' id='word_1_365' title='bbox 2856 2179 3067 2219; x_wconf 87' lang='lat' dir='ltr'>eorum</span> <span class='ocrx_word' id='word_1_366' title='bbox 3094 2180 3231 2236; x_wconf 77' lang='lat' dir='ltr'>quae</span> <span class='ocrx_word' id='word_1_367' title='bbox 3258 2163 3423 2236; x_wconf 84' lang='lat' dir='ltr'>prius</span> <span class='ocrx_word' id='word_1_368' title='bbox 3449 2158 3875 2225; x_wconf 81' lang='lat' dir='ltr'>dixisset,talia</span> 
     </span>
    </p>
   </div>
   <div class='ocr_carea' id='block_1_53' title="bbox 2222 2250 3869 2326">
    <p class='ocr_par' dir='ltr' id='par_1_53' title="bbox 2222 2250 3869 2326">
     <span class='ocr_line' id='line_1_53' title="bbox 2222 2250 3869 2326; baseline -0.004 -17"><span class='ocrx_word' id='word_1_369' title='bbox 2222 2268 2343 2310; x_wconf 91' lang='lat' dir='ltr'>non</span> <span class='ocrx_word' id='word_1_370' title='bbox 2378 2254 2743 2326; x_wconf 88' lang='lat' dir='ltr'>scripturum</span> <span class='ocrx_word' id='word_1_371' title='bbox 2769 2252 2955 2309; x_wconf 89' lang='lat' dir='ltr'>fuisse</span> <span class='ocrx_word' id='word_1_372' title='bbox 2986 2258 3153 2325; x_wconf 91' lang='lat' dir='ltr'>puto.</span> <span class='ocrx_word' id='word_1_373' title='bbox 3190 2256 3337 2309; x_wconf 90' lang='lat' dir='ltr'>Cum</span> <span class='ocrx_word' id='word_1_374' title='bbox 3369 2251 3532 2307; x_wconf 87' lang='lat' dir='ltr'>enim</span> <span class='ocrx_word' id='word_1_375' title='bbox 3562 2250 3623 2305; x_wconf 90' lang='lat' dir='ltr'>in</span> <span class='ocrx_word' id='word_1_376' title='bbox 3648 2264 3719 2305; x_wconf 89' lang='lat' dir='ltr'>ea</span> <span class='ocrx_word' id='word_1_377' title='bbox 3746 2263 3869 2304; x_wconf 85' lang='lat' dir='ltr'>ora-</span> 
     </span>
    </p>
   </div>
   <div class='ocr_carea' id='block_1_54' title="bbox 2170 2335 3868 2415">
    <p class='ocr_par' dir='ltr' id='par_1_54' title="bbox 2170 2335 3868 2415">
     <span class='ocr_line' id='line_1_54' title="bbox 2170 2335 3868 2415; baseline -0.005 -15"><span class='ocrx_word' id='word_1_378' title='bbox 2170 2352 2175 2359; x_wconf 84' lang='lat'><strong>&#39;</strong></span> <span class='ocrx_word' id='word_1_379' title='bbox 2221 2344 2401 2411; x_wconf 89' lang='lat' dir='ltr'>tione,</span> <span class='ocrx_word' id='word_1_380' title='bbox 2453 2358 2640 2415; x_wconf 90' lang='lat' dir='ltr'>quam</span> <span class='ocrx_word' id='word_1_381' title='bbox 2690 2341 2944 2398; x_wconf 87' lang='lat' dir='ltr'>Basilius</span> <span class='ocrx_word' id='word_1_382' title='bbox 2996 2343 3059 2398; x_wconf 92' lang='lat' dir='ltr'>in</span> <span class='ocrx_word' id='word_1_383' title='bbox 3106 2342 3317 2397; x_wconf 84' lang='lat' dir='ltr'>divites</span> <span class='ocrx_word' id='word_1_384' title='bbox 3369 2340 3599 2406; x_wconf 81' lang='lat' dir='ltr'>habuit,</span> <span class='ocrx_word' id='word_1_385' title='bbox 3649 2335 3868 2410; x_wconf 88' lang='lat' dir='ltr'>aliquid</span> 
     </span>
    </p>
   </div>
   <div class='ocr_carea' id='block_1_55' title="bbox 2219 2426 3873 2505">
    <p class='ocr_par' dir='ltr' id='par_1_55' title="bbox 2219 2426 3873 2505">
     <span class='ocr_line' id='line_1_55' title="bbox 2219 2426 3873 2505; baseline -0.004 -18"><span class='ocrx_word' id='word_1_386' title='bbox 2219 2432 2410 2489; x_wconf 92' lang='lat' dir='ltr'>simile</span> <span class='ocrx_word' id='word_1_387' title='bbox 2456 2432 2721 2503; x_wconf 87' lang='lat' dir='ltr'>legisset,</span> <span class='ocrx_word' id='word_1_388' title='bbox 2760 2432 2843 2487; x_wconf 87' lang='lat' dir='ltr'>ita</span> <span class='ocrx_word' id='word_1_389' title='bbox 2891 2431 3224 2505; x_wconf 90' lang='lat' dir='ltr'>respondit,</span> <span class='ocrx_word' id='word_1_390' title='bbox 3266 2436 3332 2486; x_wconf 87' lang='lat' dir='ltr'>ut</span> <span class='ocrx_word' id='word_1_391' title='bbox 3387 2432 3516 2502; x_wconf 88' lang='lat' dir='ltr'>ejus</span> <span class='ocrx_word' id='word_1_392' title='bbox 3568 2426 3873 2500; x_wconf 67' lang='grc' dir='ltr'>τεευοιιεὶο</span> 
     </span>
    </p>
   </div>
   <div class='ocr_carea' id='block_1_56' title="bbox 2218 2511 3877 2591">
    <p class='ocr_par' dir='ltr' id='par_1_56' title="bbox 2218 2511 3877 2591">
     <span class='ocr_line' id='line_1_56' title="bbox 2218 2511 3877 2591; baseline -0.006 -13"><span class='ocrx_word' id='word_1_393' title='bbox 2218 2522 2298 2578; x_wconf 90' lang='lat' dir='ltr'>ad</span> <span class='ocrx_word' id='word_1_394' title='bbox 2328 2523 2488 2578; x_wconf 92' lang='lat' dir='ltr'>hunc</span> <span class='ocrx_word' id='word_1_395' title='bbox 2516 2521 2878 2591; x_wconf 81' lang='lat' dir='ltr'>Regularum</span> <span class='ocrx_word' id='word_1_396' title='bbox 2916 2520 3119 2576; x_wconf 90' lang='lat' dir='ltr'>locum</span> <span class='ocrx_word' id='word_1_397' title='bbox 3168 2519 3392 2591; x_wconf 91' lang='lat' dir='ltr'>optime</span> <span class='ocrx_word' id='word_1_398' title='bbox 3430 2511 3877 2575; x_wconf 88' lang='lat' dir='ltr'>accommodari</span> 
     </span>
    </p>
   </div>
   <div class='ocr_carea' id='block_1_57' title="bbox 2219 2608 3879 2686">
    <p class='ocr_par' dir='ltr' id='par_1_57' title="bbox 2219 2608 3879 2686">
     <span class='ocr_line' id='line_1_57' title="bbox 2219 2608 3879 2686; baseline -0.004 -17"><span class='ocrx_word' id='word_1_399' title='bbox 2219 2613 2431 2686; x_wconf 91' lang='lat' dir='ltr'>possit.</span> <span class='ocrx_word' id='word_1_400' title='bbox 2497 2612 2695 2667; x_wconf 87' lang='lat' dir='ltr'>Basilii</span> <span class='ocrx_word' id='word_1_401' title='bbox 2761 2617 2965 2667; x_wconf 88' lang='lat' dir='ltr'>autem</span> <span class='ocrx_word' id='word_1_402' title='bbox 3029 2610 3236 2677; x_wconf 86' lang='lat' dir='ltr'>verba,</span> <span class='ocrx_word' id='word_1_403' title='bbox 3304 2625 3441 2682; x_wconf 74' lang='lat' dir='ltr'>quae</span> <span class='ocrx_word' id='word_1_404' title='bbox 3501 2608 3630 2680; x_wconf 90' lang='lat' dir='ltr'>jam</span> <span class='ocrx_word' id='word_1_405' title='bbox 3704 2612 3879 2663; x_wconf 86' lang='lat' dir='ltr'>antea</span> 
     </span>
    </p>
   </div>
   <div class='ocr_carea' id='block_1_58' title="bbox 2217 2694 3878 2773">
    <p class='ocr_par' dir='ltr' id='par_1_58' title="bbox 2217 2694 3878 2773">
     <span class='ocr_line' id='line_1_58' title="bbox 2217 2694 3878 2773; baseline -0.004 -15"><span class='ocrx_word' id='word_1_406' title='bbox 2217 2701 2407 2773; x_wconf 86' lang='lat' dir='ltr'>retuli,</span> <span class='ocrx_word' id='word_1_407' title='bbox 2463 2700 2560 2756; x_wconf 89' lang='lat' dir='ltr'>hic</span> <span class='ocrx_word' id='word_1_408' title='bbox 2608 2716 2819 2756; x_wconf 88' lang='lat' dir='ltr'>rursus</span> <span class='ocrx_word' id='word_1_409' title='bbox 2880 2699 3117 2755; x_wconf 86' lang='lat' dir='ltr'>edenda</span> <span class='ocrx_word' id='word_1_410' title='bbox 3182 2698 3472 2770; x_wconf 88' lang='lat' dir='ltr'>judicavi.</span> <span class='ocrx_word' id='word_1_411' title='bbox 3538 2696 3645 2752; x_wconf 90' lang='lat' dir='ltr'>Ubi</span> <span class='ocrx_word' id='word_1_412' title='bbox 3700 2694 3878 2763; x_wconf 81' lang='lat' dir='ltr'>igitur</span> 
     </span>
    </p>
   </div>
   <div class='ocr_carea' id='block_1_59' title="bbox 2217 2784 3874 2860">
    <p class='ocr_par' dir='ltr' id='par_1_59' title="bbox 2217 2784 3874 2860">
     <span class='ocr_line' id='line_1_59' title="bbox 2217 2784 3874 2860; baseline -0.004 -13"><span class='ocrx_word' id='word_1_413' title='bbox 2217 2795 2529 2848; x_wconf 88' lang='lat' dir='ltr'>oratorum</span> <span class='ocrx_word' id='word_1_414' title='bbox 2556 2789 2821 2860; x_wconf 89' lang='lat' dir='ltr'>optimus</span> <span class='ocrx_word' id='word_1_415' title='bbox 2852 2787 3106 2843; x_wconf 89' lang='lat' dir='ltr'>Basilius</span> <span class='ocrx_word' id='word_1_416' title='bbox 3131 2786 3318 2842; x_wconf 90' lang='lat' dir='ltr'>verba</span> <span class='ocrx_word' id='word_1_417' title='bbox 3346 2786 3488 2843; x_wconf 82' lang='lat' dir='ltr'>facit</span> <span class='ocrx_word' id='word_1_418' title='bbox 3517 2785 3593 2841; x_wconf 91' lang='lat' dir='ltr'>de</span> <span class='ocrx_word' id='word_1_419' title='bbox 3624 2802 3695 2842; x_wconf 88' lang='lat' dir='ltr'>eo</span> <span class='ocrx_word' id='word_1_420' title='bbox 3724 2784 3874 2841; x_wconf 89' lang='lat' dir='ltr'>ado-</span> 
     </span>
    </p>
   </div>
   <div class='ocr_carea' id='block_1_60' title="bbox 2216 2875 3880 2948">
    <p class='ocr_par' dir='ltr' id='par_1_60' title="bbox 2216 2875 3880 2948">
     <span class='ocr_line' id='line_1_60' title="bbox 2216 2875 3880 2948; baseline -0.003 -13"><span class='ocrx_word' id='word_1_421' title='bbox 2216 2879 2499 2948; x_wconf 90' lang='lat' dir='ltr'>lescente,</span> <span class='ocrx_word' id='word_1_422' title='bbox 2532 2878 2628 2933; x_wconf 92' lang='lat' dir='ltr'>cui</span> <span class='ocrx_word' id='word_1_423' title='bbox 2660 2893 2696 2933; x_wconf 90' lang='lat' dir='ltr'>a</span> <span class='ocrx_word' id='word_1_424' title='bbox 2722 2877 2977 2934; x_wconf 90' lang='lat' dir='ltr'>Domino</span> <span class='ocrx_word' id='word_1_425' title='bbox 3007 2876 3236 2932; x_wconf 89' lang='lat' dir='ltr'>dictum</span> <span class='ocrx_word' id='word_1_426' title='bbox 3266 2876 3497 2947; x_wconf 77' lang='lat' dir='ltr'>fuerat,</span> <span class='ocrx_word' id='word_1_427' title='bbox 3528 2875 3722 2933; x_wconf 88' lang='lat' dir='ltr'>Vende</span> <span class='ocrx_word' id='word_1_428' title='bbox 3745 2890 3880 2946; x_wconf 73' lang='lat' dir='ltr'>quae</span> 
     </span>
    </p>
   </div>
   <div class='ocr_carea' id='block_1_61' title="bbox 2218 2964 3878 3037">
    <p class='ocr_par' dir='ltr' id='par_1_61' title="bbox 2218 2964 3878 3037">
     <span class='ocr_line' id='line_1_61' title="bbox 2218 2964 3878 3037; baseline -0.005 -12"><span class='ocrx_word' id='word_1_429' title='bbox 2218 2968 2421 3030; x_wconf 86' lang='lat' dir='ltr'>habes,</span> <span class='ocrx_word' id='word_1_430' title='bbox 2471 2973 2527 3024; x_wconf 91' lang='lat' dir='ltr'>et</span> <span class='ocrx_word' id='word_1_431' title='bbox 2575 2968 2656 3023; x_wconf 90' lang='lat' dir='ltr'>da</span> <span class='ocrx_word' id='word_1_432' title='bbox 2697 2966 3067 3037; x_wconf 85' lang='lat' dir='ltr'>pauperibus</span> <span class='ocrx_word' id='word_1_433' title='bbox 3094 2966 3164 3035; x_wconf 67' lang='lat'>37,</span> <span class='ocrx_word' id='word_1_434' title='bbox 3211 2964 3295 3020; x_wconf 89' lang='lat' dir='ltr'>sic</span> <span class='ocrx_word' id='word_1_435' title='bbox 3343 2964 3548 3021; x_wconf 89' lang='lat' dir='ltr'>scribit</span> <span class='ocrx_word' id='word_1_436' title='bbox 3598 2970 3765 3033; x_wconf 89' lang='lat' dir='ltr'>(tom.</span> <span class='ocrx_word' id='word_1_437' title='bbox 3807 2965 3878 3031; x_wconf 86' lang='grc' dir='ltr'>ΙΙ,</span> 
     </span>
    </p>
   </div>
   <div class='ocr_carea' id='block_1_62' title="bbox 2219 3052 3883 3130">
    <p class='ocr_par' dir='ltr' id='par_1_62' title="bbox 2219 3052 3883 3130">
     <span class='ocr_line' id='line_1_62' title="bbox 2219 3052 3883 3130; baseline -0.007 -16"><span class='ocrx_word' id='word_1_438' title='bbox 2219 3071 2360 3130; x_wconf 88' lang='lat' dir='ltr'>pag.</span> <span class='ocrx_word' id='word_1_439' title='bbox 2408 3057 2535 3128; x_wconf 73' lang='lat'>51):</span> <span class='ocrx_word' id='word_1_440' title='bbox 2591 3056 2651 3109; x_wconf 82' lang='lat' dir='ltr'>Ei</span> <span class='ocrx_word' id='word_1_441' title='bbox 2706 3056 2804 3129; x_wconf 73' lang='grc' dir='ltr'>γάρ</span> <span class='ocrx_word' id='word_1_442' title='bbox 2858 3054 2951 3106; x_wconf 74' lang='grc' dir='ltr'>οὐκ</span> <span class='ocrx_word' id='word_1_443' title='bbox 2999 3052 3296 3127; x_wconf 69' lang='grc' dir='ltr'>ἐφόνευσας,</span> <span class='ocrx_word' id='word_1_444' title='bbox 3347 3056 3417 3116; x_wconf 77' lang='grc' dir='ltr'>ὡς</span> <span class='ocrx_word' id='word_1_445' title='bbox 3472 3057 3537 3105; x_wconf 79' lang='grc' dir='ltr'>σὺ</span> <span class='ocrx_word' id='word_1_446' title='bbox 3595 3058 3712 3126; x_wconf 75' lang='grc' dir='ltr'>φὴς,</span> <span class='ocrx_word' id='word_1_447' title='bbox 3762 3055 3883 3104; x_wconf 77' lang='grc' dir='ltr'>οὔτε</span> 
     </span>
    </p>
   </div>
   <div class='ocr_carea' id='block_1_63' title="bbox 441 3143 2124 3244">
    <p class='ocr_par' dir='ltr' id='par_1_63' title="bbox 441 3145 2112 3223">
     <span class='ocr_line' id='line_1_63' title="bbox 441 3145 2112 3223; baseline -0.002 -18"><span class='ocrx_word' id='word_1_448' title='bbox 441 3165 561 3223; x_wconf 90' lang='lat' dir='ltr'>que</span> <span class='ocrx_word' id='word_1_449' title='bbox 587 3148 805 3222; x_wconf 91' lang='lat' dir='ltr'>cuique</span> <span class='ocrx_word' id='word_1_450' title='bbox 833 3146 1205 3219; x_wconf 90' lang='lat' dir='ltr'>respondere</span> <span class='ocrx_word' id='word_1_451' title='bbox 1228 3146 1552 3213; x_wconf 87' lang='lat' dir='ltr'>statuisset,</span> <span class='ocrx_word' id='word_1_452' title='bbox 1575 3145 1659 3202; x_wconf 90' lang='lat' dir='ltr'>ita</span> <span class='ocrx_word' id='word_1_453' title='bbox 1689 3145 2023 3218; x_wconf 87' lang='lat' dir='ltr'>respondit,</span> <span class='ocrx_word' id='word_1_454' title='bbox 2048 3150 2112 3202; x_wconf 90' lang='lat' dir='ltr'>ut</span> 
     </span>
    </p>
   </div>
   <div class='ocr_carea' id='block_1_64' title="bbox 2226 3143 3887 3244">
    <p class='ocr_par' dir='ltr' id='par_1_64' title="bbox 2226 3143 3887 3219">
     <span class='ocr_line' id='line_1_64' title="bbox 2226 3143 3887 3219; baseline -0.002 -22"><span class='ocrx_word' id='word_1_455' title='bbox 2226 3144 2555 3219; x_wconf 78' lang='grc' dir='ltr'>ἐμοῖσιυσας,</span> <span class='ocrx_word' id='word_1_456' title='bbox 2603 3148 2720 3197; x_wconf 74' lang='grc' dir='ltr'>οὔτε</span> <span class='ocrx_word' id='word_1_457' title='bbox 2773 3143 3011 3215; x_wconf 67' lang='grc' dir='ltr'>ἔκλεψας,</span> <span class='ocrx_word' id='word_1_458' title='bbox 3053 3144 3171 3195; x_wconf 74' lang='grc' dir='ltr'>οὔτε</span> <span class='ocrx_word' id='word_1_459' title='bbox 3226 3144 3699 3218; x_wconf 74' lang='grc' dir='ltr'>κατεμαρτύρησάς</span> <span class='ocrx_word' id='word_1_460' title='bbox 3744 3160 3887 3202; x_wconf 88' lang='grc' dir='ltr'>τινος</span> 
     </span>
    </p>
   </div>
   <div class='ocr_carea' id='block_1_65' title="bbox 442 3234 2111 3306">
    <p class='ocr_par' dir='ltr' id='par_1_65' title="bbox 442 3234 2111 3306">
     <span class='ocr_line' id='line_1_65' title="bbox 442 3234 2111 3306; baseline -0.002 -12"><span class='ocrx_word' id='word_1_461' title='bbox 442 3238 648 3295; x_wconf 90' lang='lat' dir='ltr'>mirari</span> <span class='ocrx_word' id='word_1_462' title='bbox 678 3253 740 3293; x_wconf 91' lang='lat' dir='ltr'>se</span> <span class='ocrx_word' id='word_1_463' title='bbox 769 3251 894 3293; x_wconf 90' lang='lat' dir='ltr'>non</span> <span class='ocrx_word' id='word_1_464' title='bbox 922 3251 1061 3292; x_wconf 90' lang='lat' dir='ltr'>raro</span> <span class='ocrx_word' id='word_1_465' title='bbox 1084 3234 1531 3306; x_wconf 87' lang='lat' dir='ltr'>signiﬁcaverit,</span> <span class='ocrx_word' id='word_1_466' title='bbox 1558 3239 1681 3291; x_wconf 90' lang='lat' dir='ltr'>tam</span> <span class='ocrx_word' id='word_1_467' title='bbox 1711 3234 1869 3291; x_wconf 89' lang='lat' dir='ltr'>levia</span> <span class='ocrx_word' id='word_1_468' title='bbox 1898 3234 1977 3291; x_wconf 85' lang='lat' dir='ltr'>ab</span> <span class='ocrx_word' id='word_1_469' title='bbox 2006 3234 2111 3290; x_wconf 93' lang='lat' dir='ltr'>ho-</span> 
     </span>
    </p>
   </div>
   <div class='ocr_carea' id='block_1_66' title="bbox 448 3323 2113 3397">
    <p class='ocr_par' dir='ltr' id='par_1_66' title="bbox 448 3323 2113 3397">
     <span class='ocr_line' id='line_1_66' title="bbox 448 3323 2113 3397; baseline -0.002 -13"><span class='ocrx_word' id='word_1_470' title='bbox 448 3326 611 3384; x_wconf 89' lang='lat' dir='ltr'>mine</span> <span class='ocrx_word' id='word_1_471' title='bbox 655 3326 834 3382; x_wconf 88' lang='lat' dir='ltr'>docto</span> <span class='ocrx_word' id='word_1_472' title='bbox 886 3324 1039 3381; x_wconf 90' lang='lat' dir='ltr'>serio</span> <span class='ocrx_word' id='word_1_473' title='bbox 1085 3323 1350 3397; x_wconf 91' lang='lat' dir='ltr'>proponi</span> <span class='ocrx_word' id='word_1_474' title='bbox 1400 3323 1688 3396; x_wconf 86' lang='lat' dir='ltr'>potuisse.</span> <span class='ocrx_word' id='word_1_475' title='bbox 1741 3323 1862 3379; x_wconf 91' lang='lat' dir='ltr'>Etsi</span> <span class='ocrx_word' id='word_1_476' title='bbox 1908 3335 2113 3380; x_wconf 82' lang='lat' dir='ltr'>autem</span> 
     </span>
    </p>
   </div>
   <div class='ocr_carea' id='block_1_67' title="bbox 448 3412 2113 3485">
    <p class='ocr_par' dir='ltr' id='par_1_67' title="bbox 448 3412 2113 3485">
     <span class='ocr_line' id='line_1_67' title="bbox 448 3412 2113 3485; baseline -0.003 -13"><span class='ocrx_word' id='word_1_477' title='bbox 448 3415 805 3479; x_wconf 88' lang='lat' dir='ltr'>Tillemontii</span> <span class='ocrx_word' id='word_1_478' title='bbox 857 3413 995 3470; x_wconf 91' lang='lat' dir='ltr'>libri</span> <span class='ocrx_word' id='word_1_479' title='bbox 1041 3414 1161 3469; x_wconf 88' lang='lat' dir='ltr'>rari</span> <span class='ocrx_word' id='word_1_480' title='bbox 1200 3428 1325 3469; x_wconf 92' lang='lat' dir='ltr'>non</span> <span class='ocrx_word' id='word_1_481' title='bbox 1365 3416 1528 3481; x_wconf 92' lang='lat' dir='ltr'>sunt,</span> <span class='ocrx_word' id='word_1_482' title='bbox 1561 3412 1856 3485; x_wconf 90' lang='lat' dir='ltr'>quoniam</span> <span class='ocrx_word' id='word_1_483' title='bbox 1911 3417 2113 3468; x_wconf 90' lang='lat' dir='ltr'>tamen</span> 
     </span>
    </p>
   </div>
   <div class='ocr_carea' id='block_1_68' title="bbox 450 3501 2111 3574">
    <p class='ocr_par' dir='ltr' id='par_1_68' title="bbox 450 3501 2111 3574">
     <span class='ocr_line' id='line_1_68' title="bbox 450 3501 2111 3574; baseline -0.004 -12"><span class='ocrx_word' id='word_1_484' title='bbox 450 3505 708 3562; x_wconf 85' lang='lat' dir='ltr'>fortasse</span> <span class='ocrx_word' id='word_1_485' title='bbox 747 3503 828 3560; x_wconf 93' lang='lat' dir='ltr'>ad</span> <span class='ocrx_word' id='word_1_486' title='bbox 865 3518 1124 3559; x_wconf 91' lang='lat' dir='ltr'>manum</span> <span class='ocrx_word' id='word_1_487' title='bbox 1171 3517 1296 3558; x_wconf 92' lang='lat' dir='ltr'>non</span> <span class='ocrx_word' id='word_1_488' title='bbox 1341 3501 1628 3558; x_wconf 90' lang='lat' dir='ltr'>omnibus</span> <span class='ocrx_word' id='word_1_489' title='bbox 1657 3505 1855 3567; x_wconf 87' lang='lat' dir='ltr'>erunt,</span> <span class='ocrx_word' id='word_1_490' title='bbox 1883 3502 2111 3574; x_wconf 88' lang='lat' dir='ltr'>specio-</span> 
     </span>
    </p>
   </div>
   <div class='ocr_carea' id='block_1_69' title="bbox 457 3590 2115 3662">
    <p class='ocr_par' dir='ltr' id='par_1_69' title="bbox 457 3590 2115 3662">
     <span class='ocr_line' id='line_1_69' title="bbox 457 3590 2115 3662; baseline -0.003 -11"><span class='ocrx_word' id='word_1_491' title='bbox 457 3594 720 3651; x_wconf 89' lang='lat' dir='ltr'>sioribus</span> <span class='ocrx_word' id='word_1_492' title='bbox 759 3591 1103 3650; x_wconf 90' lang='lat' dir='ltr'>Combeﬁsii</span> <span class='ocrx_word' id='word_1_493' title='bbox 1132 3590 1504 3662; x_wconf 86' lang='lat' dir='ltr'>argumentis</span> <span class='ocrx_word' id='word_1_494' title='bbox 1552 3590 1810 3647; x_wconf 88' lang='lat' dir='ltr'>breviter</span> <span class='ocrx_word' id='word_1_495' title='bbox 1838 3591 1953 3647; x_wconf 93' lang='lat' dir='ltr'>hoc</span> <span class='ocrx_word' id='word_1_496' title='bbox 1979 3590 2115 3647; x_wconf 92' lang='lat' dir='ltr'>loco</span> 
     </span>
    </p>
   </div>
   <div class='ocr_carea' id='block_1_70' title="bbox 456 3679 2115 3757">
    <p class='ocr_par' dir='ltr' id='par_1_70' title="bbox 456 3679 2115 3757">
     <span class='ocr_line' id='line_1_70' title="bbox 456 3679 2115 3757; baseline -0.002 -17"><span class='ocrx_word' id='word_1_497' title='bbox 456 3682 827 3757; x_wconf 91' lang='lat' dir='ltr'>respondere</span> <span class='ocrx_word' id='word_1_498' title='bbox 857 3681 1007 3738; x_wconf 89' lang='lat' dir='ltr'>mihi</span> <span class='ocrx_word' id='word_1_499' title='bbox 1038 3681 1237 3737; x_wconf 89' lang='lat' dir='ltr'>visum</span> <span class='ocrx_word' id='word_1_500' title='bbox 1267 3686 1393 3737; x_wconf 88' lang='lat' dir='ltr'>est:</span> <span class='ocrx_word' id='word_1_501' title='bbox 1426 3679 1594 3753; x_wconf 90' lang='lat' dir='ltr'>quod</span> <span class='ocrx_word' id='word_1_502' title='bbox 1619 3696 1690 3737; x_wconf 92' lang='lat' dir='ltr'>eo</span> <span class='ocrx_word' id='word_1_503' title='bbox 1718 3679 2004 3736; x_wconf 89' lang='lat' dir='ltr'>libentius</span> <span class='ocrx_word' id='word_1_504' title='bbox 2033 3681 2115 3737; x_wconf 85' lang='lat' dir='ltr'>fa-</span> 
     </span>
    </p>
   </div>
   <div class='ocr_carea' id='block_1_71' title="bbox 461 3770 2119 3846">
    <p class='ocr_par' dir='ltr' id='par_1_71' title="bbox 461 3770 2119 3846">
     <span class='ocr_line' id='line_1_71' title="bbox 461 3770 2119 3846; baseline -0.002 -16"><span class='ocrx_word' id='word_1_505' title='bbox 461 3774 640 3840; x_wconf 88' lang='lat' dir='ltr'>ciam,</span> <span class='ocrx_word' id='word_1_506' title='bbox 672 3773 818 3846; x_wconf 90' lang='lat' dir='ltr'>quia</span> <span class='ocrx_word' id='word_1_507' title='bbox 845 3772 909 3827; x_wconf 92' lang='lat' dir='ltr'>in</span> <span class='ocrx_word' id='word_1_508' title='bbox 938 3770 1121 3828; x_wconf 88' lang='lat' dir='ltr'>variis</span> <span class='ocrx_word' id='word_1_509' title='bbox 1163 3770 1669 3843; x_wconf 88' lang='lat' dir='ltr'>responsionibus</span> <span class='ocrx_word' id='word_1_510' title='bbox 1716 3770 1861 3826; x_wconf 88' lang='lat' dir='ltr'>novi</span> <span class='ocrx_word' id='word_1_511' title='bbox 1888 3770 2119 3843; x_wconf 88' lang='lat' dir='ltr'>aliquid</span> 
     </span>
    </p>
   </div>
   <div class='ocr_carea' id='block_1_72' title="bbox 462 3859 2120 3933">
    <p class='ocr_par' dir='ltr' id='par_1_72' title="bbox 462 3859 2120 3933">
     <span class='ocr_line' id='line_1_72' title="bbox 462 3859 2120 3933; baseline -0.002 -14"><span class='ocrx_word' id='word_1_512' title='bbox 462 3860 935 3919; x_wconf 89' lang='lat' dir='ltr'>inveniri&#39;solet.</span> <span class='ocrx_word' id='word_1_513' title='bbox 997 3860 1113 3918; x_wconf 89' lang='lat' dir='ltr'>Sed</span> <span class='ocrx_word' id='word_1_514' title='bbox 1152 3865 1485 3933; x_wconf 89' lang='lat' dir='ltr'>antequam</span> <span class='ocrx_word' id='word_1_515' title='bbox 1534 3859 1690 3916; x_wconf 89' lang='lat' dir='ltr'>ultra</span> <span class='ocrx_word' id='word_1_516' title='bbox 1742 3859 2120 3932; x_wconf 87' lang='lat' dir='ltr'>progrediar,</span> 
     </span>
    </p>
   </div>
   <div class='ocr_carea' id='block_1_73' title="bbox 467 3948 2125 4016">
    <p class='ocr_par' dir='ltr' id='par_1_73' title="bbox 467 3948 2125 4016">
     <span class='ocr_line' id='line_1_73' title="bbox 467 3948 2125 4016; baseline -0.002 -8"><span class='ocrx_word' id='word_1_517' title='bbox 467 3955 756 4009; x_wconf 87' lang='lat' dir='ltr'>annotare</span> <span class='ocrx_word' id='word_1_518' title='bbox 784 3949 930 4006; x_wconf 83' lang='lat' dir='ltr'>libet</span> <span class='ocrx_word' id='word_1_519' title='bbox 959 3948 1411 4016; x_wconf 86' lang='lat' dir='ltr'>Combeﬁsium,</span> <span class='ocrx_word' id='word_1_520' title='bbox 1446 3965 1586 4005; x_wconf 92' lang='lat' dir='ltr'>cum</span> <span class='ocrx_word' id='word_1_521' title='bbox 1614 3948 1996 4004; x_wconf 86' lang='lat' dir='ltr'>Eustathium</span> <span class='ocrx_word' id='word_1_522' title='bbox 2030 3952 2125 4005; x_wconf 89' lang='lat' dir='ltr'>Se-</span> 
     </span>
    </p>
   </div>
   <div class='ocr_carea' id='block_1_74' title="bbox 469 4027 2128 4111">
    <p class='ocr_par' dir='ltr' id='par_1_74' title="bbox 469 4027 2128 4111">
     <span class='ocr_line' id='line_1_74' title="bbox 469 4027 2128 4111; baseline -0.003 -13"><span class='ocrx_word' id='word_1_523' title='bbox 469 4042 799 4099; x_wconf 90' lang='lat' dir='ltr'>bastenum</span> <span class='ocrx_word' id='word_1_524' title='bbox 836 4039 1199 4111; x_wconf 82' lang='lat' dir='ltr'>Regularum</span> <span class='ocrx_word' id='word_1_525' title='bbox 1248 4043 1558 4094; x_wconf 88' lang='lat' dir='ltr'>auctorem</span> <span class='ocrx_word' id='word_1_526' title='bbox 1602 4053 1735 4093; x_wconf 89' lang='lat' dir='ltr'>esse</span> <span class='ocrx_word' id='word_1_527' title='bbox 1786 4036 1900 4092; x_wconf 92' lang='lat' dir='ltr'>sibi</span> <span class='ocrx_word' id='word_1_528' title='bbox 1941 4027 2128 4093; x_wconf 86' lang='lat' dir='ltr'>semel</span> 
     </span>
    </p>
   </div>
   <div class='ocr_carea' id='block_1_75' title="bbox 472 4126 2122 4203">
    <p class='ocr_par' dir='ltr' id='par_1_75' title="bbox 472 4126 2122 4203">
     <span class='ocr_line' id='line_1_75' title="bbox 472 4126 2122 4203; baseline -0.004 -16"><span class='ocrx_word' id='word_1_529' title='bbox 472 4131 626 4187; x_wconf 87' lang='lat' dir='ltr'>falso</span> <span class='ocrx_word' id='word_1_530' title='bbox 659 4129 1085 4203; x_wconf 86' lang='lat' dir='ltr'>persuasisset,</span> <span class='ocrx_word' id='word_1_531' title='bbox 1139 4126 1254 4182; x_wconf 92' lang='lat' dir='ltr'>sibi</span> <span class='ocrx_word' id='word_1_532' title='bbox 1296 4126 1676 4198; x_wconf 88' lang='lat' dir='ltr'>persuasisse</span> <span class='ocrx_word' id='word_1_533' title='bbox 1724 4141 1849 4181; x_wconf 90' lang='lat' dir='ltr'>non</span> <span class='ocrx_word' id='word_1_534' title='bbox 1902 4126 2122 4198; x_wconf 88' lang='lat' dir='ltr'>verius,</span> 
     </span>
    </p>
   </div>
   <div class='ocr_carea' id='block_1_76' title="bbox 475 4215 2127 4285">
    <p class='ocr_par' dir='ltr' id='par_1_76' title="bbox 475 4215 2127 4285">
     <span class='ocr_line' id='line_1_76' title="bbox 475 4215 2127 4285; baseline -0.004 -7"><span class='ocrx_word' id='word_1_535' title='bbox 475 4220 759 4278; x_wconf 88' lang='lat' dir='ltr'>eumdem</span> <span class='ocrx_word' id='word_1_536' title='bbox 800 4218 969 4274; x_wconf 87' lang='lat' dir='ltr'>illum</span> <span class='ocrx_word' id='word_1_537' title='bbox 1012 4215 1384 4272; x_wconf 84' lang='lat' dir='ltr'>Eustathium</span> <span class='ocrx_word' id='word_1_538' title='bbox 1413 4215 1493 4272; x_wconf 94' lang='lat' dir='ltr'>ob</span> <span class='ocrx_word' id='word_1_539' title='bbox 1524 4230 1734 4272; x_wconf 89' lang='lat' dir='ltr'>earum</span> <span class='ocrx_word' id='word_1_540' title='bbox 1764 4215 2127 4285; x_wconf 85' lang='lat' dir='ltr'>Regularum</span> 
     </span>
    </p>
   </div>
   <div class='ocr_carea' id='block_1_77' title="bbox 472 4305 2131 4385">
    <p class='ocr_par' dir='ltr' id='par_1_77' title="bbox 472 4305 2131 4385">
     <span class='ocr_line' id='line_1_77' title="bbox 472 4305 2131 4385; baseline -0.004 -18"><span class='ocrx_word' id='word_1_541' title='bbox 472 4325 827 4385; x_wconf 88' lang='lat' dir='ltr'>perversam</span> <span class='ocrx_word' id='word_1_542' title='bbox 848 4307 1188 4364; x_wconf 91' lang='lat' dir='ltr'>doctrinam</span> <span class='ocrx_word' id='word_1_543' title='bbox 1232 4305 1296 4361; x_wconf 90' lang='lat' dir='ltr'>in</span> <span class='ocrx_word' id='word_1_544' title='bbox 1344 4305 1598 4362; x_wconf 92' lang='lat' dir='ltr'>concilio</span> <span class='ocrx_word' id='word_1_545' title='bbox 1632 4305 1963 4377; x_wconf 88' lang='lat' dir='ltr'>Gangrensi</span> <span class='ocrx_word' id='word_1_546' title='bbox 1993 4322 2131 4363; x_wconf 90' lang='lat' dir='ltr'>con-</span> 
     </span>
    </p>
   </div>
   <div class='ocr_carea' id='block_1_78' title="bbox 478 4394 2133 4468">
    <p class='ocr_par' dir='ltr' id='par_1_78' title="bbox 478 4394 2133 4468">
     <span class='ocr_line' id='line_1_78' title="bbox 478 4394 2133 4468; baseline -0.003 -12"><span class='ocrx_word' id='word_1_547' title='bbox 478 4401 835 4456; x_wconf 88' lang='lat' dir='ltr'>demnatum</span> <span class='ocrx_word' id='word_1_548' title='bbox 864 4397 1084 4453; x_wconf 89' lang='lat' dir='ltr'>fuisse:</span> <span class='ocrx_word' id='word_1_549' title='bbox 1133 4394 1241 4451; x_wconf 91' lang='lat' dir='ltr'>sed</span> <span class='ocrx_word' id='word_1_550' title='bbox 1269 4395 1436 4468; x_wconf 91' lang='lat' dir='ltr'>quod</span> <span class='ocrx_word' id='word_1_551' title='bbox 1466 4410 1577 4467; x_wconf 91' lang='lat' dir='ltr'>pro</span> <span class='ocrx_word' id='word_1_552' title='bbox 1607 4400 1768 4451; x_wconf 90' lang='lat' dir='ltr'>certo</span> <span class='ocrx_word' id='word_1_553' title='bbox 1799 4395 1889 4451; x_wconf 90' lang='lat' dir='ltr'>vir</span> <span class='ocrx_word' id='word_1_554' title='bbox 1917 4395 2133 4453; x_wconf 90' lang='lat' dir='ltr'>doetis-</span> 
     </span>
    </p>
   </div>
   <div class='ocr_carea' id='block_1_79' title="bbox 480 4484 2135 4549">
    <p class='ocr_par' dir='ltr' id='par_1_79' title="bbox 480 4484 2135 4549">
     <span class='ocr_line' id='line_1_79' title="bbox 480 4484 2135 4549; baseline -0.002 -4"><span class='ocrx_word' id='word_1_555' title='bbox 480 4490 676 4546; x_wconf 91' lang='lat' dir='ltr'>simus</span> <span class='ocrx_word' id='word_1_556' title='bbox 716 4486 949 4549; x_wconf 90' lang='lat' dir='ltr'>habuit,</span> <span class='ocrx_word' id='word_1_557' title='bbox 979 4486 1042 4542; x_wconf 91' lang='lat' dir='ltr'>in</span> <span class='ocrx_word' id='word_1_558' title='bbox 1069 4484 1249 4542; x_wconf 91' lang='lat' dir='ltr'>valde</span> <span class='ocrx_word' id='word_1_559' title='bbox 1291 4484 1586 4541; x_wconf 87' lang='lat' dir='ltr'>incertum</span> <span class='ocrx_word' id='word_1_560' title='bbox 1633 4489 1743 4540; x_wconf 90' lang='lat' dir='ltr'>est.</span> <span class='ocrx_word' id='word_1_561' title='bbox 1780 4487 1928 4541; x_wconf 93' lang='lat' dir='ltr'>Sunt</span> <span class='ocrx_word' id='word_1_562' title='bbox 1972 4486 2135 4541; x_wconf 91' lang='lat' dir='ltr'>enim</span> 
     </span>
    </p>
   </div>
   <div class='ocr_carea' id='block_1_80' title="bbox 483 4574 2136 4652">
    <p class='ocr_par' dir='ltr' id='par_1_80' title="bbox 483 4574 2136 4652">
     <span class='ocr_line' id='line_1_80' title="bbox 483 4574 2136 4652; baseline -0.001 -19"><span class='ocrx_word' id='word_1_563' title='bbox 483 4579 587 4652; x_wconf 90' lang='lat' dir='ltr'>qui</span> <span class='ocrx_word' id='word_1_564' title='bbox 643 4577 849 4633; x_wconf 89' lang='lat' dir='ltr'>dicant</span> <span class='ocrx_word' id='word_1_565' title='bbox 901 4590 1248 4631; x_wconf 89' lang='lat' dir='ltr'>sermonem</span> <span class='ocrx_word' id='word_1_566' title='bbox 1298 4574 1361 4630; x_wconf 93' lang='lat' dir='ltr'>in</span> <span class='ocrx_word' id='word_1_567' title='bbox 1418 4574 1673 4631; x_wconf 92' lang='lat' dir='ltr'>concilio</span> <span class='ocrx_word' id='word_1_568' title='bbox 1701 4574 2035 4645; x_wconf 83' lang='lat' dir='ltr'>Gangrensi</span> <span class='ocrx_word' id='word_1_569' title='bbox 2060 4575 2136 4633; x_wconf 90' lang='lat' dir='ltr'>de</span> 
     </span>
    </p>
   </div>
   <div class='ocr_carea' id='block_1_81' title="bbox 480 4664 2139 4737">
    <p class='ocr_par' dir='ltr' id='par_1_81' title="bbox 480 4664 2139 4737">
     <span class='ocr_line' id='line_1_81' title="bbox 480 4664 2139 4737; baseline -0.002 -10"><span class='ocrx_word' id='word_1_570' title='bbox 480 4668 602 4727; x_wconf 89' lang='lat' dir='ltr'>&#39;alio</span> <span class='ocrx_word' id='word_1_571' title='bbox 654 4665 962 4723; x_wconf 89' lang='lat' dir='ltr'>Eustathio</span> <span class='ocrx_word' id='word_1_572' title='bbox 1006 4664 1237 4735; x_wconf 85' lang='lat' dir='ltr'>haberi,</span> <span class='ocrx_word' id='word_1_573' title='bbox 1274 4680 1540 4737; x_wconf 89' lang='lat' dir='ltr'>quorum</span> <span class='ocrx_word' id='word_1_574' title='bbox 1582 4666 1963 4737; x_wconf 88' lang='lat' dir='ltr'>antesignani</span> <span class='ocrx_word' id='word_1_575' title='bbox 1996 4670 2139 4723; x_wconf 91' lang='lat' dir='ltr'>sunt</span> 
     </span>
    </p>
   </div>
   <div class='ocr_carea' id='block_1_82' title="bbox 487 4755 2140 4829">
    <p class='ocr_par' dir='ltr' id='par_1_82' title="bbox 487 4755 2140 4829">
     <span class='ocr_line' id='line_1_82' title="bbox 487 4755 2140 4829; baseline -0.004 -12"><span class='ocrx_word' id='word_1_576' title='bbox 487 4755 874 4817; x_wconf 87' lang='lat' dir='ltr'>eruditissimi</span> <span class='ocrx_word' id='word_1_577' title='bbox 928 4756 1041 4811; x_wconf 89' lang='lat' dir='ltr'>viri</span> <span class='ocrx_word' id='word_1_578' title='bbox 1087 4756 1400 4819; x_wconf 88' lang='lat' dir='ltr'>Baronius,</span> <span class='ocrx_word' id='word_1_579' title='bbox 1452 4755 1790 4811; x_wconf 62' lang='lat' dir='ltr'>Blondellus</span> <span class='ocrx_word' id='word_1_580' title='bbox 1842 4762 1900 4812; x_wconf 92' lang='lat' dir='ltr'>et</span> <span class='ocrx_word' id='word_1_581' title='bbox 1952 4755 2140 4829; x_wconf 91' lang='lat' dir='ltr'>Dupi-</span> 
     </span>
    </p>
   </div>
   <div class='ocr_carea' id='block_1_83' title="bbox 485 4844 2136 4917">
    <p class='ocr_par' dir='ltr' id='par_1_83' title="bbox 485 4844 2136 4917">
     <span class='ocr_line' id='line_1_83' title="bbox 485 4844 2136 4917; baseline -0.002 -10"><span class='ocrx_word' id='word_1_582' title='bbox 485 4865 630 4907; x_wconf 89' lang='lat' dir='ltr'>nus.</span> <span class='ocrx_word' id='word_1_583' title='bbox 667 4847 781 4905; x_wconf 85' lang='lat' dir='ltr'>Sed</span> <span class='ocrx_word' id='word_1_584' title='bbox 829 4856 970 4903; x_wconf 87' lang='lat' dir='ltr'>cum</span> <span class='ocrx_word' id='word_1_585' title='bbox 1022 4845 1153 4901; x_wconf 66' lang='lat' dir='ltr'>haec</span> <span class='ocrx_word' id='word_1_586' title='bbox 1201 4844 1456 4914; x_wconf 72' lang='lat' dir='ltr'>quaestio</span> <span class='ocrx_word' id='word_1_587' title='bbox 1492 4845 1672 4917; x_wconf 85' lang='lat' dir='ltr'>hujus</span> <span class='ocrx_word' id='word_1_588' title='bbox 1709 4845 1828 4903; x_wconf 92' lang='lat' dir='ltr'>loci</span> <span class='ocrx_word' id='word_1_589' title='bbox 1873 4862 1999 4902; x_wconf 92' lang='lat' dir='ltr'>non</span> <span class='ocrx_word' id='word_1_590' title='bbox 2043 4847 2136 4916; x_wconf 92' lang='lat' dir='ltr'>sit,</span> 
     </span>
    </p>
   </div>
   <div class='ocr_carea' id='block_1_84' title="bbox 490 4934 2141 5002">
    <p class='ocr_par' dir='ltr' id='par_1_84' title="bbox 490 4934 2141 5002">
     <span class='ocr_line' id='line_1_84' title="bbox 490 4934 2141 5002; baseline -0.002 -6"><span class='ocrx_word' id='word_1_591' title='bbox 490 4939 638 4997; x_wconf 89' lang='lat' dir='ltr'>mihi</span> <span class='ocrx_word' id='word_1_592' title='bbox 683 4936 829 4992; x_wconf 90' lang='lat' dir='ltr'>satis</span> <span class='ocrx_word' id='word_1_593' title='bbox 882 4950 1011 4991; x_wconf 91' lang='lat' dir='ltr'>esse</span> <span class='ocrx_word' id='word_1_594' title='bbox 1045 4934 1400 5002; x_wconf 78' lang='lat' dir='ltr'>existimavi,</span> <span class='ocrx_word' id='word_1_595' title='bbox 1435 4934 1484 4990; x_wconf 88' lang='lat' dir='ltr'>si</span> <span class='ocrx_word' id='word_1_596' title='bbox 1532 4951 1605 4991; x_wconf 90' lang='lat' dir='ltr'>ea</span> <span class='ocrx_word' id='word_1_597' title='bbox 1647 4935 1721 4991; x_wconf 90' lang='lat' dir='ltr'>de</span> <span class='ocrx_word' id='word_1_598' title='bbox 1760 4952 1825 4991; x_wconf 86' lang='lat' dir='ltr'>re</span> <span class='ocrx_word' id='word_1_599' title='bbox 1869 4937 2141 4993; x_wconf 89' lang='lat' dir='ltr'>monuis-</span> 
     </span>
    </p>
   </div>
   <div class='ocr_carea' id='block_1_85' title="bbox 492 5023 2143 5099">
    <p class='ocr_par' dir='ltr' id='par_1_85' title="bbox 492 5023 2143 5099">
     <span class='ocr_line' id='line_1_85' title="bbox 492 5023 2143 5099; baseline -0.001 -15"><span class='ocrx_word' id='word_1_600' title='bbox 492 5044 642 5085; x_wconf 88' lang='lat' dir='ltr'>sem.</span> <span class='ocrx_word' id='word_1_601' title='bbox 672 5028 805 5083; x_wconf 73' lang='lat' dir='ltr'>1am</span> <span class='ocrx_word' id='word_1_602' title='bbox 852 5040 994 5095; x_wconf 91' lang='lat' dir='ltr'>ergo</span> <span class='ocrx_word' id='word_1_603' title='bbox 1037 5027 1116 5081; x_wconf 90' lang='lat' dir='ltr'>ad</span> <span class='ocrx_word' id='word_1_604' title='bbox 1154 5023 1534 5097; x_wconf 90' lang='lat' dir='ltr'>propositum</span> <span class='ocrx_word' id='word_1_605' title='bbox 1578 5041 1674 5081; x_wconf 88' lang='lat' dir='ltr'>me</span> <span class='ocrx_word' id='word_1_606' title='bbox 1708 5024 1932 5094; x_wconf 85' lang='lat' dir='ltr'>refero;</span> <span class='ocrx_word' id='word_1_607' title='bbox 1981 5027 2143 5099; x_wconf 90' lang='lat' dir='ltr'>ipsa-</span> 
     </span>
    </p>
   </div>
   <div class='ocr_carea' id='block_1_86' title="bbox 494 5113 2141 5191">
    <p class='ocr_par' dir='ltr' id='par_1_86' title="bbox 494 5113 2141 5191">
     <span class='ocr_line' id='line_1_86' title="bbox 494 5113 2141 5191; baseline -0.001 -17"><span class='ocrx_word' id='word_1_608' title='bbox 494 5133 614 5191; x_wconf 92' lang='lat' dir='ltr'>que</span> <span class='ocrx_word' id='word_1_609' title='bbox 661 5114 1005 5174; x_wconf 85' lang='lat' dir='ltr'>Combeﬁsii</span> <span class='ocrx_word' id='word_1_610' title='bbox 1032 5113 1241 5181; x_wconf 86' lang='lat' dir='ltr'>verba,</span> <span class='ocrx_word' id='word_1_611' title='bbox 1275 5113 1497 5186; x_wconf 88' lang='lat' dir='ltr'>quibus</span> <span class='ocrx_word' id='word_1_612' title='bbox 1543 5114 1819 5184; x_wconf 90' lang='lat' dir='ltr'>regulam</span> <span class='ocrx_word' id='word_1_613' title='bbox 1862 5121 2141 5172; x_wconf 85' lang='lat' dir='ltr'>octavam</span> 
     </span>
    </p>
   </div>
   <div class='ocr_carea' id='block_1_87' title="bbox 494 5202 2149 5279">
    <p class='ocr_par' dir='ltr' id='par_1_87' title="bbox 494 5202 2149 5279">
     <span class='ocr_line' id='line_1_87' title="bbox 494 5202 2149 5279; baseline 0.001 -16"><span class='ocrx_word' id='word_1_614' title='bbox 494 5207 789 5278; x_wconf 89' lang='lat' dir='ltr'>majorem</span> <span class='ocrx_word' id='word_1_615' title='bbox 811 5208 1146 5277; x_wconf 88' lang='lat' dir='ltr'>oppugnat,</span> <span class='ocrx_word' id='word_1_616' title='bbox 1174 5204 1289 5259; x_wconf 93' lang='lat' dir='ltr'>hoc</span> <span class='ocrx_word' id='word_1_617' title='bbox 1312 5202 1446 5259; x_wconf 93' lang='lat' dir='ltr'>loco</span> <span class='ocrx_word' id='word_1_618' title='bbox 1472 5203 1810 5259; x_wconf 78' lang='lat' dir='ltr'>exscribere</span> <span class='ocrx_word' id='word_1_619' title='bbox 1840 5221 1965 5261; x_wconf 94' lang='lat' dir='ltr'>non</span> <span class='ocrx_word' id='word_1_620' title='bbox 1985 5208 2149 5279; x_wconf 86' lang='lat' dir='ltr'>pige-</span> 
     </span>
    </p>
   </div>
   <div class='ocr_carea' id='block_1_88' title="bbox 496 5293 2152 5365">
    <p class='ocr_par' dir='ltr' id='par_1_88' title="bbox 496 5293 2152 5365">
     <span class='ocr_line' id='line_1_88' title="bbox 496 5293 2152 5365; baseline 0.001 -11"><span class='ocrx_word' id='word_1_621' title='bbox 496 5297 604 5355; x_wconf 86' lang='lat' dir='ltr'>bit.</span> <span class='ocrx_word' id='word_1_622' title='bbox 624 5296 885 5352; x_wconf 87' lang='lat' dir='ltr'>Primum</span> <span class='ocrx_word' id='word_1_623' title='bbox 908 5301 1110 5351; x_wconf 88' lang='lat' dir='ltr'>autem</span> <span class='ocrx_word' id='word_1_624' title='bbox 1138 5293 1353 5365; x_wconf 87' lang='lat' dir='ltr'>Basilii,</span> <span class='ocrx_word' id='word_1_625' title='bbox 1370 5293 1590 5349; x_wconf 90' lang='lat' dir='ltr'>deinde</span> <span class='ocrx_word' id='word_1_626' title='bbox 1608 5293 1952 5352; x_wconf 86' lang='lat' dir='ltr'>Combeﬁsii</span> <span class='ocrx_word' id='word_1_627' title='bbox 1969 5299 2152 5356; x_wconf 85' lang='lat' dir='ltr'>verba</span> 
     </span>
    </p>
   </div>
   <div class='ocr_carea' id='block_1_89' title="bbox 498 5383 2148 5458">
    <p class='ocr_par' dir='ltr' id='par_1_89' title="bbox 498 5383 2148 5458">
     <span class='ocr_line' id='line_1_89' title="bbox 498 5383 2148 5458; baseline 0.001 -15"><span class='ocrx_word' id='word_1_628' title='bbox 498 5386 839 5458; x_wconf 88' lang='lat' dir='ltr'>subjiciam.</span> <span class='ocrx_word' id='word_1_629' title='bbox 874 5384 1124 5442; x_wconf 89' lang='lat' dir='ltr'>Basilius</span> <span class='ocrx_word' id='word_1_630' title='bbox 1152 5385 1333 5455; x_wconf 93' lang='lat' dir='ltr'>igitur</span> <span class='ocrx_word' id='word_1_631' title='bbox 1360 5385 1447 5440; x_wconf 90' lang='lat' dir='ltr'>ita</span> <span class='ocrx_word' id='word_1_632' title='bbox 1487 5383 1947 5458; x_wconf 80' lang='lat' dir='ltr'>loquiturtpag.</span> <span class='ocrx_word' id='word_1_633' title='bbox 1987 5392 2148 5451; x_wconf 79' lang='lat'>350):</span> 
     </span>
    </p>
   </div>
   <div class='ocr_carea' id='block_1_90' title="bbox 2221 3230 3892 3309">
    <p class='ocr_par' dir='ltr' id='par_1_90' title="bbox 2221 3230 3892 3309">
     <span class='ocr_line' id='line_1_90' title="bbox 2221 3230 3892 3309; baseline -0.002 -22"><span class='ocrx_word' id='word_1_634' title='bbox 2221 3254 2509 3309; x_wconf 75' lang='grc' dir='ltr'>μαρτυρίαν</span> <span class='ocrx_word' id='word_1_635' title='bbox 2540 3230 2737 3305; x_wconf 68' lang='grc' dir='ltr'>ψευδῆ,</span> <span class='ocrx_word' id='word_1_636' title='bbox 2783 3232 3026 3291; x_wconf 80' lang='grc' dir='ltr'>ἀνόνητον</span> <span class='ocrx_word' id='word_1_637' title='bbox 3052 3240 3253 3303; x_wconf 79' lang='grc' dir='ltr'>σεαυτῷ</span> <span class='ocrx_word' id='word_1_638' title='bbox 3281 3240 3448 3292; x_wconf 74' lang='grc' dir='ltr'>ποιεῖς</span> <span class='ocrx_word' id='word_1_639' title='bbox 3473 3237 3687 3305; x_wconf 71' lang='grc' dir='ltr'>τήνπερὶ</span> <span class='ocrx_word' id='word_1_640' title='bbox 3716 3238 3892 3283; x_wconf 80' lang='grc' dir='ltr'>ταῦτα</span> 
     </span>
    </p>
   </div>
   <div class='ocr_carea' id='block_1_91' title="bbox 2225 3317 3885 3398">
    <p class='ocr_par' dir='ltr' id='par_1_91' title="bbox 2225 3317 3885 3398">
     <span class='ocr_line' id='line_1_91' title="bbox 2225 3317 3885 3398; baseline -0.004 -21"><span class='ocrx_word' id='word_1_641' title='bbox 2225 3322 2485 3392; x_wconf 74' lang='grc' dir='ltr'>σπουδὴν,</span> <span class='ocrx_word' id='word_1_642' title='bbox 2515 3329 2585 3397; x_wconf 76' lang='grc' dir='ltr'>μὴ</span> <span class='ocrx_word' id='word_1_643' title='bbox 2632 3324 2934 3398; x_wconf 80' lang='grc' dir='ltr'>προστιθεὶς</span> <span class='ocrx_word' id='word_1_644' title='bbox 2963 3326 3020 3374; x_wconf 88' lang='grc' dir='ltr'>τὸ</span> <span class='ocrx_word' id='word_1_645' title='bbox 3051 3322 3223 3374; x_wconf 84' lang='grc' dir='ltr'>λεῖπον</span> <span class='ocrx_word' id='word_1_646' title='bbox 3256 3317 3343 3373; x_wconf 81' lang='grc' dir='ltr'>δι’</span> <span class='ocrx_word' id='word_1_647' title='bbox 3371 3321 3431 3373; x_wconf 81' lang='grc' dir='ltr'>οὔ</span> <span class='ocrx_word' id='word_1_648' title='bbox 3482 3325 3642 3394; x_wconf 83' lang='grc' dir='ltr'>μόνου</span> <span class='ocrx_word' id='word_1_649' title='bbox 3675 3318 3885 3395; x_wconf 71' lang='grc' dir='ltr'>δυνήσῃ</span> 
     </span>
    </p>
   </div>
   <div class='ocr_carea' id='block_1_92' title="bbox 2223 3410 3895 3484">
    <p class='ocr_par' dir='ltr' id='par_1_92' title="bbox 2223 3410 3895 3484">
     <span class='ocr_line' id='line_1_92' title="bbox 2223 3410 3895 3484; baseline -0.004 -17"><span class='ocrx_word' id='word_1_650' title='bbox 2223 3414 2465 3467; x_wconf 71' lang='grc' dir='ltr'>εἰσελθεῖν</span> <span class='ocrx_word' id='word_1_651' title='bbox 2511 3413 2583 3475; x_wconf 87' lang='grc' dir='ltr'>εἰς</span> <span class='ocrx_word' id='word_1_652' title='bbox 2629 3417 2722 3470; x_wconf 80' lang='grc' dir='ltr'>τὴν</span> <span class='ocrx_word' id='word_1_653' title='bbox 2764 3411 3037 3484; x_wconf 83' lang='grc' dir='ltr'>βασιλείαν</span> <span class='ocrx_word' id='word_1_654' title='bbox 3077 3420 3169 3463; x_wconf 71' lang='grc' dir='ltr'>τοῦ</span> <span class='ocrx_word' id='word_1_655' title='bbox 3209 3418 3363 3467; x_wconf 76' lang='grc' dir='ltr'>Θεοῦ.</span> <span class='ocrx_word' id='word_1_656' title='bbox 3395 3410 3633 3467; x_wconf 80' lang='lat' dir='ltr'>Etenim</span> <span class='ocrx_word' id='word_1_657' title='bbox 3665 3412 3717 3466; x_wconf 79' lang='lat' dir='ltr'>si</span> <span class='ocrx_word' id='word_1_658' title='bbox 3763 3427 3895 3467; x_wconf 80' lang='lat' dir='ltr'>non</span> 
     </span>
    </p>
   </div>
   <div class='ocr_carea' id='block_1_93' title="bbox 2224 3500 3895 3573">
    <p class='ocr_par' dir='ltr' id='par_1_93' title="bbox 2224 3500 3895 3573">
     <span class='ocr_line' id='line_1_93' title="bbox 2224 3500 3895 3573; baseline -0.004 -12"><span class='ocrx_word' id='word_1_659' title='bbox 2224 3504 2513 3572; x_wconf 83' lang='lat' dir='ltr'>occidisti,</span> <span class='ocrx_word' id='word_1_660' title='bbox 2538 3507 2604 3558; x_wconf 88' lang='lat' dir='ltr'>ut</span> <span class='ocrx_word' id='word_1_661' title='bbox 2642 3503 2731 3559; x_wconf 89' lang='lat' dir='ltr'>ais</span> <span class='ocrx_word' id='word_1_662' title='bbox 2770 3507 2856 3569; x_wconf 88' lang='lat' dir='ltr'>tu,</span> <span class='ocrx_word' id='word_1_663' title='bbox 2884 3516 3075 3573; x_wconf 89' lang='lat' dir='ltr'>neque</span> <span class='ocrx_word' id='word_1_664' title='bbox 3115 3500 3488 3558; x_wconf 87' lang='lat' dir='ltr'>adulterium</span> <span class='ocrx_word' id='word_1_665' title='bbox 3520 3501 3895 3572; x_wconf 86' lang='lat' dir='ltr'>commisisti,</span> 
     </span>
    </p>
   </div>
   <div class='ocr_carea' id='block_1_94' title="bbox 2224 3591 3902 3668">
    <p class='ocr_par' dir='ltr' id='par_1_94' title="bbox 2224 3591 3902 3668">
     <span class='ocr_line' id='line_1_94' title="bbox 2224 3591 3902 3668; baseline -0.004 -15"><span class='ocrx_word' id='word_1_666' title='bbox 2224 3610 2413 3668; x_wconf 90' lang='lat' dir='ltr'>neque</span> <span class='ocrx_word' id='word_1_667' title='bbox 2428 3596 2677 3665; x_wconf 84' lang='lat' dir='ltr'>furatus</span> <span class='ocrx_word' id='word_1_668' title='bbox 2708 3608 2785 3665; x_wconf 90' lang='lat' dir='ltr'>es,</span> <span class='ocrx_word' id='word_1_669' title='bbox 2819 3608 3007 3664; x_wconf 90' lang='lat' dir='ltr'>neque</span> <span class='ocrx_word' id='word_1_670' title='bbox 3048 3600 3256 3649; x_wconf 87' lang='lat' dir='ltr'>contra</span> <span class='ocrx_word' id='word_1_671' title='bbox 3282 3593 3623 3664; x_wconf 88' lang='lat' dir='ltr'>quempiam</span> <span class='ocrx_word' id='word_1_672' title='bbox 3651 3591 3902 3660; x_wconf 85' lang='lat' dir='ltr'>falsum</span> 
     </span>
    </p>
   </div>
   <div class='ocr_carea' id='block_1_95' title="bbox 2228 3679 3899 3750">
    <p class='ocr_par' dir='ltr' id='par_1_95' title="bbox 2228 3679 3899 3750">
     <span class='ocr_line' id='line_1_95' title="bbox 2228 3679 3899 3750; baseline -0.004 -9"><span class='ocrx_word' id='word_1_673' title='bbox 2228 3686 2631 3743; x_wconf 89' lang='lat' dir='ltr'>testimonium</span> <span class='ocrx_word' id='word_1_674' title='bbox 2680 3682 2909 3750; x_wconf 73' lang='lat' dir='ltr'>dixisti,</span> <span class='ocrx_word' id='word_1_675' title='bbox 2968 3682 3363 3738; x_wconf 83' lang='lat' dir='ltr'>nihilominus</span> <span class='ocrx_word' id='word_1_676' title='bbox 3416 3688 3615 3737; x_wconf 85' lang='lat' dir='ltr'>tamen</span> <span class='ocrx_word' id='word_1_677' title='bbox 3662 3679 3899 3735; x_wconf 89' lang='lat' dir='ltr'>adhibi-</span> 
     </span>
    </p>
   </div>
   <div class='ocr_carea' id='block_1_96' title="bbox 2229 3770 3907 3843">
    <p class='ocr_par' dir='ltr' id='par_1_96' title="bbox 2229 3770 3907 3843">
     <span class='ocr_line' id='line_1_96' title="bbox 2229 3770 3907 3843; baseline -0.005 -11"><span class='ocrx_word' id='word_1_678' title='bbox 2229 3782 2351 3833; x_wconf 88' lang='lat' dir='ltr'>tam</span> <span class='ocrx_word' id='word_1_679' title='bbox 2382 3777 2445 3831; x_wconf 91' lang='lat' dir='ltr'>in</span> <span class='ocrx_word' id='word_1_680' title='bbox 2477 3775 2569 3831; x_wconf 86' lang='lat' dir='ltr'>his</span> <span class='ocrx_word' id='word_1_681' title='bbox 2597 3773 2842 3843; x_wconf 88' lang='lat' dir='ltr'>agendis</span> <span class='ocrx_word' id='word_1_682' title='bbox 2883 3772 3263 3842; x_wconf 87' lang='lat' dir='ltr'>diligentiam</span> <span class='ocrx_word' id='word_1_683' title='bbox 3310 3770 3419 3827; x_wconf 90' lang='lat' dir='ltr'>tibi</span> <span class='ocrx_word' id='word_1_684' title='bbox 3447 3772 3907 3839; x_wconf 80' lang='lat' dir='ltr'>infructuosam</span> 
     </span>
    </p>
   </div>
   <div class='ocr_carea' id='block_1_97' title="bbox 2228 3860 3905 3935">
    <p class='ocr_par' dir='ltr' id='par_1_97' title="bbox 2228 3860 3905 3935">
     <span class='ocr_line' id='line_1_97' title="bbox 2228 3860 3905 3935; baseline -0.005 -13"><span class='ocrx_word' id='word_1_685' title='bbox 2228 3866 2439 3935; x_wconf 81' lang='lat' dir='ltr'>efﬁcis,</span> <span class='ocrx_word' id='word_1_686' title='bbox 2467 3864 2574 3935; x_wconf 90' lang='lat' dir='ltr'>qui</span> <span class='ocrx_word' id='word_1_687' title='bbox 2615 3862 2777 3934; x_wconf 91' lang='lat' dir='ltr'>quod</span> <span class='ocrx_word' id='word_1_688' title='bbox 2818 3861 3120 3932; x_wconf 87' lang='lat' dir='ltr'>reliquum</span> <span class='ocrx_word' id='word_1_689' title='bbox 3161 3867 3247 3918; x_wconf 90' lang='lat' dir='ltr'>est</span> <span class='ocrx_word' id='word_1_690' title='bbox 3288 3875 3410 3917; x_wconf 89' lang='lat' dir='ltr'>non</span> <span class='ocrx_word' id='word_1_691' title='bbox 3461 3860 3743 3930; x_wconf 75' lang='lat' dir='ltr'>adiicias,</span> <span class='ocrx_word' id='word_1_692' title='bbox 3777 3873 3905 3930; x_wconf 90' lang='lat' dir='ltr'>quo</span> 
     </span>
    </p>
   </div>
   <div class='ocr_carea' id='block_1_98' title="bbox 2226 3946 3912 4023">
    <p class='ocr_par' dir='ltr' id='par_1_98' title="bbox 2226 3946 3912 4023">
     <span class='ocr_line' id='line_1_98' title="bbox 2226 3946 3912 4023; baseline -0.006 -11"><span class='ocrx_word' id='word_1_693' title='bbox 2226 3956 2352 4011; x_wconf 89' lang='lat' dir='ltr'>solo</span> <span class='ocrx_word' id='word_1_694' title='bbox 2399 3954 2587 4023; x_wconf 88' lang='lat' dir='ltr'>possis</span> <span class='ocrx_word' id='word_1_695' title='bbox 2636 3952 2700 4006; x_wconf 91' lang='lat' dir='ltr'>in</span> <span class='ocrx_word' id='word_1_696' title='bbox 2742 3951 2854 4007; x_wconf 88' lang='lat' dir='ltr'>Dei</span> <span class='ocrx_word' id='word_1_697' title='bbox 2890 3965 3145 4021; x_wconf 88' lang='lat' dir='ltr'>regnum</span> <span class='ocrx_word' id='word_1_698' title='bbox 3172 3949 3429 4020; x_wconf 80' lang='lat' dir='ltr'>ingredi.</span> <span class='ocrx_word' id='word_1_699' title='bbox 3460 3952 3526 4004; x_wconf 87' lang='lat' dir='ltr'>In</span> <span class='ocrx_word' id='word_1_700' title='bbox 3568 3962 3755 4020; x_wconf 89' lang='lat' dir='ltr'>quem</span> <span class='ocrx_word' id='word_1_701' title='bbox 3811 3946 3912 4003; x_wconf 94' lang='lat' dir='ltr'>lo-</span> 
     </span>
    </p>
   </div>
   <div class='ocr_carea' id='block_1_99' title="bbox 2229 4036 3916 4110">
    <p class='ocr_par' dir='ltr' id='par_1_99' title="bbox 2229 4036 3916 4110">
     <span class='ocr_line' id='line_1_99' title="bbox 2229 4036 3916 4110; baseline -0.004 -12"><span class='ocrx_word' id='word_1_702' title='bbox 2229 4058 2370 4099; x_wconf 90' lang='lat' dir='ltr'>cum</span> <span class='ocrx_word' id='word_1_703' title='bbox 2412 4039 2801 4097; x_wconf 90' lang='lat' dir='ltr'>doctissimus</span> <span class='ocrx_word' id='word_1_704' title='bbox 2844 4040 2938 4095; x_wconf 87' lang='lat' dir='ltr'>vir</span> <span class='ocrx_word' id='word_1_705' title='bbox 2982 4037 3378 4095; x_wconf 87' lang='lat' dir='ltr'>Combeﬁsius</span> <span class='ocrx_word' id='word_1_706' title='bbox 3411 4040 3477 4110; x_wconf 91' lang='lat' dir='ltr'>(t.</span> <span class='ocrx_word' id='word_1_707' title='bbox 3519 4040 3560 4107; x_wconf 92' lang='grc'>1,</span> <span class='ocrx_word' id='word_1_708' title='bbox 3592 4053 3737 4110; x_wconf 89' lang='lat' dir='ltr'>pag.</span> <span class='ocrx_word' id='word_1_709' title='bbox 3776 4036 3916 4106; x_wconf 76' lang='lat' dir='ltr'>H5)</span> 
     </span>
    </p>
   </div>
   <div class='ocr_carea' id='block_1_100' title="bbox 2229 4126 3918 4201">
    <p class='ocr_par' dir='ltr' id='par_1_100' title="bbox 2229 4126 3918 4201">
     <span class='ocr_line' id='line_1_100' title="bbox 2229 4126 3918 4201; baseline -0.004 -14"><span class='ocrx_word' id='word_1_710' title='bbox 2229 4131 2361 4188; x_wconf 72' lang='lat' dir='ltr'>haec</span> <span class='ocrx_word' id='word_1_711' title='bbox 2390 4130 2620 4187; x_wconf 89' lang='lat' dir='ltr'>notavit</span> <span class='ocrx_word' id='word_1_712' title='bbox 2648 4146 2660 4185; x_wconf 92' lang='lat'><strong>:</strong></span> <span class='ocrx_word' id='word_1_713' title='bbox 2690 4130 2938 4199; x_wconf 86' lang='lat' dir='ltr'>Durior,</span> <span class='ocrx_word' id='word_1_714' title='bbox 2970 4128 3185 4201; x_wconf 90' lang='lat' dir='ltr'>inquit,</span> <span class='ocrx_word' id='word_1_715' title='bbox 3217 4129 3567 4199; x_wconf 88' lang='lat' dir='ltr'>propositio,</span> <span class='ocrx_word' id='word_1_716' title='bbox 3598 4126 3918 4183; x_wconf 83' lang='lat' dir='ltr'>siintelli-</span> 
     </span>
    </p>
   </div>
   <div class='ocr_carea' id='block_1_101' title="bbox 2231 4217 3924 4293">
    <p class='ocr_par' dir='ltr' id='par_1_101' title="bbox 2231 4217 3924 4293">
     <span class='ocr_line' id='line_1_101' title="bbox 2231 4217 3924 4293; baseline -0.005 -14"><span class='ocrx_word' id='word_1_717' title='bbox 2231 4237 2340 4293; x_wconf 92' lang='lat' dir='ltr'>gas</span> <span class='ocrx_word' id='word_1_718' title='bbox 2366 4220 2439 4276; x_wconf 92' lang='lat' dir='ltr'>de</span> <span class='ocrx_word' id='word_1_719' title='bbox 2474 4226 2699 4276; x_wconf 69' lang='lat' dir='ltr'>aeterna</span> <span class='ocrx_word' id='word_1_720' title='bbox 2736 4220 2953 4286; x_wconf 85' lang='lat' dir='ltr'>salute,</span> <span class='ocrx_word' id='word_1_721' title='bbox 2976 4233 3084 4275; x_wconf 92' lang='lat' dir='ltr'>nec</span> <span class='ocrx_word' id='word_1_722' title='bbox 3112 4233 3373 4288; x_wconf 72' lang='lat' dir='ltr'>exponas</span> <span class='ocrx_word' id='word_1_723' title='bbox 3400 4219 3463 4275; x_wconf 89' lang='lat' dir='ltr'>in</span> <span class='ocrx_word' id='word_1_724' title='bbox 3496 4217 3924 4288; x_wconf 72' lang='lat' dir='ltr'>praeparatio-</span> 
     </span>
    </p>
   </div>
   <div class='ocr_carea' id='block_1_102' title="bbox 2233 4306 3926 4381">
    <p class='ocr_par' dir='ltr' id='par_1_102' title="bbox 2233 4306 3926 4381">
     <span class='ocr_line' id='line_1_102' title="bbox 2233 4306 3926 4381; baseline -0.003 -13"><span class='ocrx_word' id='word_1_725' title='bbox 2233 4327 2311 4369; x_wconf 90' lang='lat' dir='ltr'>ne</span> <span class='ocrx_word' id='word_1_726' title='bbox 2332 4311 2540 4368; x_wconf 89' lang='lat' dir='ltr'>animi.</span> <span class='ocrx_word' id='word_1_727' title='bbox 2557 4311 2679 4379; x_wconf 88' lang='lat' dir='ltr'>Ego</span> <span class='ocrx_word' id='word_1_728' title='bbox 2706 4307 2889 4380; x_wconf 87' lang='lat' dir='ltr'>igitur</span> <span class='ocrx_word' id='word_1_729' title='bbox 2915 4306 3051 4363; x_wconf 91' lang='lat' dir='ltr'>dico</span> <span class='ocrx_word' id='word_1_730' title='bbox 3070 4323 3317 4381; x_wconf 91' lang='lat' dir='ltr'>quoque</span> <span class='ocrx_word' id='word_1_731' title='bbox 3338 4306 3585 4364; x_wconf 90' lang='lat' dir='ltr'>duriora</span> <span class='ocrx_word' id='word_1_732' title='bbox 3604 4322 3739 4364; x_wconf 88' lang='lat' dir='ltr'>esse</span> <span class='ocrx_word' id='word_1_733' title='bbox 3766 4322 3926 4380; x_wconf 73' lang='lat' dir='ltr'>quae</span> 
     </span>
    </p>
   </div>
   <div class='ocr_carea' id='block_1_103' title="bbox 2239 4396 3929 4469">
    <p class='ocr_par' dir='ltr' id='par_1_103' title="bbox 2239 4396 3929 4469">
     <span class='ocr_line' id='line_1_103' title="bbox 2239 4396 3929 4469; baseline -0.004 -12"><span class='ocrx_word' id='word_1_734' title='bbox 2239 4399 2491 4458; x_wconf 89' lang='lat' dir='ltr'>Basilius</span> <span class='ocrx_word' id='word_1_735' title='bbox 2531 4399 2594 4454; x_wconf 89' lang='lat' dir='ltr'>in</span> <span class='ocrx_word' id='word_1_736' title='bbox 2636 4397 2847 4468; x_wconf 90' lang='lat' dir='ltr'>regula</span> <span class='ocrx_word' id='word_1_737' title='bbox 2884 4401 3101 4453; x_wconf 89' lang='lat' dir='ltr'>octava</span> <span class='ocrx_word' id='word_1_738' title='bbox 3145 4397 3376 4468; x_wconf 88' lang='lat' dir='ltr'>majore</span> <span class='ocrx_word' id='word_1_739' title='bbox 3417 4396 3678 4469; x_wconf 89' lang='lat' dir='ltr'>scripsit,</span> <span class='ocrx_word' id='word_1_740' title='bbox 3711 4398 3774 4452; x_wconf 88' lang='lat' dir='ltr'>si</span> <span class='ocrx_word' id='word_1_741' title='bbox 3816 4412 3929 4452; x_wconf 82' lang='grc' dir='ltr'>ιη-</span> 
     </span>
    </p>
   </div>
   <div class='ocr_carea' id='block_1_104' title="bbox 2167 4486 3936 4587">
    <p class='ocr_par' dir='ltr' id='par_1_104' title="bbox 2167 4486 3936 4587">
     <span class='ocr_line' id='line_1_104' title="bbox 2167 4486 3936 4587; baseline -0.003 -39"><span class='ocrx_word' id='word_1_742' title='bbox 2167 4532 2211 4587; x_wconf 78' lang='lat' dir='ltr'><strong>D</strong></span> <span class='ocrx_word' id='word_1_743' title='bbox 2242 4491 2482 4561; x_wconf 87' lang='lat' dir='ltr'>telligas</span> <span class='ocrx_word' id='word_1_744' title='bbox 2520 4489 2593 4545; x_wconf 91' lang='lat' dir='ltr'>de</span> <span class='ocrx_word' id='word_1_745' title='bbox 2616 4494 2847 4545; x_wconf 70' lang='lat' dir='ltr'>aeterna</span> <span class='ocrx_word' id='word_1_746' title='bbox 2883 4486 3100 4585; x_wconf 78' lang='lat' dir='ltr'>salute,</span> <span class='ocrx_word' id='word_1_747' title='bbox 3130 4500 3236 4587; x_wconf 75' lang='lat' dir='ltr'>nec</span> <span class='ocrx_word' id='word_1_748' title='bbox 3262 4500 3531 4556; x_wconf 72' lang='lat' dir='ltr'>exponas</span> <span class='ocrx_word' id='word_1_749' title='bbox 3560 4486 3623 4541; x_wconf 90' lang='lat' dir='ltr'>in</span> <span class='ocrx_word' id='word_1_750' title='bbox 3665 4500 3936 4555; x_wconf 74' lang='lat' dir='ltr'>praepa—</span> 
     </span>
    </p>
   </div>
   <div class='ocr_carea' id='block_1_105' title="bbox 2243 4573 3939 4647">
    <p class='ocr_par' dir='ltr' id='par_1_105' title="bbox 2243 4573 3939 4647">
     <span class='ocr_line' id='line_1_105' title="bbox 2243 4573 3939 4647; baseline -0.004 -10"><span class='ocrx_word' id='word_1_751' title='bbox 2243 4581 2479 4637; x_wconf 89' lang='lat' dir='ltr'>ratione</span> <span class='ocrx_word' id='word_1_752' title='bbox 2498 4577 2708 4643; x_wconf 88' lang='lat' dir='ltr'>animi,</span> <span class='ocrx_word' id='word_1_753' title='bbox 2727 4576 2834 4632; x_wconf 91' lang='lat' dir='ltr'>sed</span> <span class='ocrx_word' id='word_1_754' title='bbox 2855 4575 2905 4630; x_wconf 90' lang='lat' dir='ltr'>si</span> <span class='ocrx_word' id='word_1_755' title='bbox 2933 4576 3064 4646; x_wconf 91' lang='lat' dir='ltr'>ejus</span> <span class='ocrx_word' id='word_1_756' title='bbox 3091 4573 3275 4631; x_wconf 90' lang='lat' dir='ltr'>verba</span> <span class='ocrx_word' id='word_1_757' title='bbox 3297 4590 3565 4645; x_wconf 73' lang='lat' dir='ltr'>exponas</span> <span class='ocrx_word' id='word_1_758' title='bbox 3589 4576 3650 4631; x_wconf 91' lang='lat' dir='ltr'>in</span> <span class='ocrx_word' id='word_1_759' title='bbox 3668 4590 3939 4647; x_wconf 48' lang='lat' dir='ltr'>praepa‘</span> 
     </span>
    </p>
   </div>
   <div class='ocr_carea' id='block_1_106' title="bbox 2242 4663 3945 4737">
    <p class='ocr_par' dir='ltr' id='par_1_106' title="bbox 2242 4663 3945 4737">
     <span class='ocr_line' id='line_1_106' title="bbox 2242 4663 3945 4737; baseline -0.002 -13"><span class='ocrx_word' id='word_1_760' title='bbox 2242 4670 2476 4726; x_wconf 84' lang='lat' dir='ltr'>ratione</span> <span class='ocrx_word' id='word_1_761' title='bbox 2508 4668 2718 4733; x_wconf 89' lang='lat' dir='ltr'>animi,</span> <span class='ocrx_word' id='word_1_762' title='bbox 2738 4680 2809 4721; x_wconf 90' lang='lat' dir='ltr'>ea</span> <span class='ocrx_word' id='word_1_763' title='bbox 2835 4663 3071 4721; x_wconf 80' lang='lat' dir='ltr'>afﬁrmo</span> <span class='ocrx_word' id='word_1_764' title='bbox 3098 4663 3345 4721; x_wconf 88' lang='lat' dir='ltr'>duriora</span> <span class='ocrx_word' id='word_1_765' title='bbox 3362 4680 3487 4722; x_wconf 91' lang='lat' dir='ltr'>non</span> <span class='ocrx_word' id='word_1_766' title='bbox 3508 4680 3657 4721; x_wconf 91' lang='lat' dir='ltr'>esse.</span> <span class='ocrx_word' id='word_1_767' title='bbox 3692 4667 3945 4737; x_wconf 75' lang='lat' dir='ltr'>Repre~</span> 
     </span>
    </p>
   </div>
   <div class='ocr_carea' id='block_1_107' title="bbox 2245 4753 3950 4828">
    <p class='ocr_par' dir='ltr' id='par_1_107' title="bbox 2245 4753 3950 4828">
     <span class='ocr_line' id='line_1_107' title="bbox 2245 4753 3950 4828; baseline -0.004 -10"><span class='ocrx_word' id='word_1_768' title='bbox 2245 4760 2594 4818; x_wconf 89' lang='lat' dir='ltr'>henduntur</span> <span class='ocrx_word' id='word_1_769' title='bbox 2636 4770 2883 4828; x_wconf 90' lang='lat' dir='ltr'>quoque</span> <span class='ocrx_word' id='word_1_770' title='bbox 2920 4769 2958 4810; x_wconf 91' lang='lat' dir='ltr'>a</span> <span class='ocrx_word' id='word_1_771' title='bbox 2987 4754 3368 4823; x_wconf 76' lang='lat' dir='ltr'>Combefisio,</span> <span class='ocrx_word' id='word_1_772' title='bbox 3397 4770 3534 4827; x_wconf 69' lang='lat' dir='ltr'>quae</span> <span class='ocrx_word' id='word_1_773' title='bbox 3583 4754 3647 4810; x_wconf 91' lang='lat' dir='ltr'>in</span> <span class='ocrx_word' id='word_1_774' title='bbox 3693 4753 3950 4824; x_wconf 88' lang='lat' dir='ltr'>regula.</span> 
     </span>
    </p>
   </div>
   <div class='ocr_carea' id='block_1_108' title="bbox 2247 4842 3953 4916">
    <p class='ocr_par' dir='ltr' id='par_1_108' title="bbox 2247 4842 3953 4916">
     <span class='ocr_line' id='line_1_108' title="bbox 2247 4842 3953 4916; baseline -0.004 -10"><span class='ocrx_word' id='word_1_775' title='bbox 2247 4847 2548 4907; x_wconf 86' lang='lat' dir='ltr'>tricesima</span> <span class='ocrx_word' id='word_1_776' title='bbox 2574 4843 2842 4901; x_wconf 90' lang='lat' dir='ltr'>secunda</span> <span class='ocrx_word' id='word_1_777' title='bbox 2857 4842 2932 4900; x_wconf 94' lang='lat' dir='ltr'>de</span> <span class='ocrx_word' id='word_1_778' title='bbox 2943 4843 3295 4916; x_wconf 85' lang='lat' dir='ltr'>parentibus</span> <span class='ocrx_word' id='word_1_779' title='bbox 3312 4860 3381 4900; x_wconf 90' lang='lat' dir='ltr'>ac</span> <span class='ocrx_word' id='word_1_780' title='bbox 3403 4843 3677 4915; x_wconf 90' lang='lat' dir='ltr'>cognatis</span> <span class='ocrx_word' id='word_1_781' title='bbox 3703 4843 3953 4914; x_wconf 84' lang='lat' dir='ltr'>legun-</span> 
     </span>
    </p>
   </div>
   <div class='ocr_carea' id='block_1_109' title="bbox 2251 4929 3953 5006">
    <p class='ocr_par' dir='ltr' id='par_1_109' title="bbox 2251 4929 3953 5006">
     <span class='ocr_line' id='line_1_109' title="bbox 2251 4929 3953 5006; baseline -0.005 -11"><span class='ocrx_word' id='word_1_782' title='bbox 2251 4943 2366 4995; x_wconf 92' lang='lat' dir='ltr'>tur.</span> <span class='ocrx_word' id='word_1_783' title='bbox 2400 4936 2484 4993; x_wconf 88' lang='lat' dir='ltr'>lbi</span> <span class='ocrx_word' id='word_1_784' title='bbox 2515 4939 2719 4991; x_wconf 87' lang='lat' dir='ltr'>autem</span> <span class='ocrx_word' id='word_1_785' title='bbox 2764 4933 2848 4989; x_wconf 89' lang='lat' dir='ltr'>ita</span> <span class='ocrx_word' id='word_1_786' title='bbox 2897 4932 3190 5005; x_wconf 85' lang='lat' dir='ltr'>scriptum</span> <span class='ocrx_word' id='word_1_787' title='bbox 3232 4938 3321 4990; x_wconf 89' lang='lat' dir='ltr'>est</span> <span class='ocrx_word' id='word_1_788' title='bbox 3352 4933 3513 5006; x_wconf 91' lang='lat' dir='ltr'>(pag.</span> <span class='ocrx_word' id='word_1_789' title='bbox 3549 4934 3676 5005; x_wconf 83' lang='lat'>375)</span> <span class='ocrx_word' id='word_1_790' title='bbox 3713 4949 3727 4987; x_wconf 92' lang='lat'><strong>:</strong></span> <span class='ocrx_word' id='word_1_791' title='bbox 3771 4933 3844 4986; x_wconf 84' lang='grc' dir='ltr'>Εἰ</span> <span class='ocrx_word' id='word_1_792' title='bbox 3876 4929 3953 4986; x_wconf 64' lang='lat'>6“:</span> 
     </span>
    </p>
   </div>
   <div class='ocr_carea' id='block_1_110' title="bbox 2255 5019 3961 5101">
    <p class='ocr_par' dir='ltr' id='par_1_110' title="bbox 2255 5019 3961 5101">
     <span class='ocr_line' id='line_1_110' title="bbox 2255 5019 3961 5101; baseline -0.003 -21"><span class='ocrx_word' id='word_1_793' title='bbox 2255 5025 2652 5101; x_wconf 69' lang='grc' dir='ltr'>ἐμπεπλεγμένοι</span> <span class='ocrx_word' id='word_1_794' title='bbox 2674 5023 2775 5076; x_wconf 86' lang='grc' dir='ltr'>εἰσὶ</span> <span class='ocrx_word' id='word_1_795' title='bbox 2804 5043 2876 5075; x_wconf 87' lang='grc' dir='ltr'>τω</span> <span class='ocrx_word' id='word_1_796' title='bbox 2904 5031 3058 5094; x_wconf 77' lang='grc' dir='ltr'>κοινῷ</span> <span class='ocrx_word' id='word_1_797' title='bbox 3091 5020 3212 5096; x_wconf 83' lang='grc' dir='ltr'>βίῳ·</span> <span class='ocrx_word' id='word_1_798' title='bbox 3247 5019 3421 5083; x_wconf 71' lang='grc' dir='ltr'>οὐδεὶς</span> <span class='ocrx_word' id='word_1_799' title='bbox 3443 5024 3566 5097; x_wconf 75' lang='grc' dir='ltr'>ἡμῖν</span> <span class='ocrx_word' id='word_1_800' title='bbox 3587 5025 3770 5085; x_wconf 82' lang='grc' dir='ltr'>κοινὸς</span> <span class='ocrx_word' id='word_1_801' title='bbox 3792 5026 3961 5097; x_wconf 78' lang='grc' dir='ltr'>πρὸς</span> 
     </span>
    </p>
   </div>
   <div class='ocr_carea' id='block_1_111' title="bbox 2257 5110 3963 5187">
    <p class='ocr_par' dir='ltr' id='par_1_111' title="bbox 2257 5110 3963 5187">
     <span class='ocr_line' id='line_1_111' title="bbox 2257 5110 3963 5187; baseline -0.003 -18"><span class='ocrx_word' id='word_1_802' title='bbox 2257 5117 2446 5178; x_wconf 67' lang='grc' dir='ltr'>αὐτοὺς</span> <span class='ocrx_word' id='word_1_803' title='bbox 2473 5114 2768 5187; x_wconf 74' lang='grc' dir='ltr'>λόγος,τοῖς</span> <span class='ocrx_word' id='word_1_804' title='bbox 2796 5117 2855 5166; x_wconf 87' lang='grc' dir='ltr'>τὸ</span> <span class='ocrx_word' id='word_1_805' title='bbox 2886 5116 3157 5187; x_wconf 72' lang='grc' dir='ltr'>εὔσχημον</span> <span class='ocrx_word' id='word_1_806' title='bbox 3179 5118 3268 5165; x_wconf 79' lang='grc' dir='ltr'>καὶ</span> <span class='ocrx_word' id='word_1_807' title='bbox 3299 5110 3615 5187; x_wconf 72' lang='grc' dir='ltr'>εὐπάρεδρον</span> <span class='ocrx_word' id='word_1_808' title='bbox 3637 5121 3714 5185; x_wconf 82' lang='grc' dir='ltr'>τῷ</span> <span class='ocrx_word' id='word_1_809' title='bbox 3742 5117 3963 5186; x_wconf 79' lang='grc' dir='ltr'>Κυρίῳ</span> 
     </span>
    </p>
   </div>
   <div class='ocr_carea' id='block_1_112' title="bbox 2260 5198 3967 5279">
    <p class='ocr_par' dir='ltr' id='par_1_112' title="bbox 2260 5198 3967 5279">
     <span class='ocr_line' id='line_1_112' title="bbox 2260 5198 3967 5279; baseline -0.001 -20"><span class='ocrx_word' id='word_1_810' title='bbox 2260 5205 2664 5279; x_wconf 76' lang='grc' dir='ltr'>ἀπερισπάστως</span> <span class='ocrx_word' id='word_1_811' title='bbox 2691 5205 2976 5279; x_wconf 74' lang='grc' dir='ltr'>κατορθοῦν</span> <span class='ocrx_word' id='word_1_812' title='bbox 3008 5198 3387 5257; x_wconf 78' lang='grc' dir='ltr'>ἐσπουδακόσι.</span> <span class='ocrx_word' id='word_1_813' title='bbox 3424 5201 3595 5269; x_wconf 83' lang='lat' dir='ltr'>Quod</span> <span class='ocrx_word' id='word_1_814' title='bbox 3621 5203 3675 5259; x_wconf 88' lang='lat' dir='ltr'>si</span> <span class='ocrx_word' id='word_1_815' title='bbox 3716 5203 3967 5273; x_wconf 81' lang='lat' dir='ltr'>impli-</span> 
     </span>
    </p>
   </div>
   <div class='ocr_carea' id='block_1_113' title="bbox 2260 5292 3973 5362">
    <p class='ocr_par' dir='ltr' id='par_1_113' title="bbox 2260 5292 3973 5362">
     <span class='ocr_line' id='line_1_113' title="bbox 2260 5292 3973 5362; baseline -0.005 -7"><span class='ocrx_word' id='word_1_816' title='bbox 2260 5297 2383 5355; x_wconf 90' lang='lat' dir='ltr'>cati</span> <span class='ocrx_word' id='word_1_817' title='bbox 2403 5301 2545 5352; x_wconf 90' lang='lat' dir='ltr'>sunt</span> <span class='ocrx_word' id='word_1_818' title='bbox 2574 5295 2698 5350; x_wconf 87' lang='lat' dir='ltr'>vita</span> <span class='ocrx_word' id='word_1_819' title='bbox 2734 5293 3055 5362; x_wconf 90' lang='lat' dir='ltr'>communi,</span> <span class='ocrx_word' id='word_1_820' title='bbox 3084 5293 3262 5349; x_wconf 86' lang='lat' dir='ltr'>nulla</span> <span class='ocrx_word' id='word_1_821' title='bbox 3303 5308 3398 5350; x_wconf 89' lang='lat' dir='ltr'>res</span> <span class='ocrx_word' id='word_1_822' title='bbox 3444 5309 3576 5349; x_wconf 91' lang='lat' dir='ltr'>cum</span> <span class='ocrx_word' id='word_1_823' title='bbox 3614 5292 3700 5349; x_wconf 90' lang='lat' dir='ltr'>eis</span> <span class='ocrx_word' id='word_1_824' title='bbox 3754 5292 3973 5348; x_wconf 82' lang='lat' dir='ltr'>nobis</span> 
     </span>
    </p>
   </div>
   <div class='ocr_carea' id='block_1_114' title="bbox 2261 5382 3977 5455">
    <p class='ocr_par' dir='ltr' id='par_1_114' title="bbox 2261 5382 3977 5455">
     <span class='ocr_line' id='line_1_114' title="bbox 2261 5382 3977 5455; baseline -0.002 -11"><span class='ocrx_word' id='word_1_825' title='bbox 2261 5386 2589 5445; x_wconf 89' lang='lat' dir='ltr'>communis</span> <span class='ocrx_word' id='word_1_826' title='bbox 2617 5389 2721 5454; x_wconf 91' lang='lat' dir='ltr'>est,</span> <span class='ocrx_word' id='word_1_827' title='bbox 2754 5385 2863 5453; x_wconf 90' lang='lat' dir='ltr'>qui</span> <span class='ocrx_word' id='word_1_828' title='bbox 2883 5382 3195 5439; x_wconf 87' lang='lat' dir='ltr'>honestum</span> <span class='ocrx_word' id='word_1_829' title='bbox 3224 5382 3625 5455; x_wconf 88' lang='lat' dir='ltr'>decorumque</span> <span class='ocrx_word' id='word_1_830' title='bbox 3653 5396 3977 5453; x_wconf 85' lang='lat' dir='ltr'>servare,</span> 
     </span>
    </p>
   </div>
   <div class='ocr_carea' id='block_1_115' title="bbox 501 5471 2124 5551">
    <p class='ocr_par' dir='ltr' id='par_1_115' title="bbox 501 5471 2124 5551">
     <span class='ocr_line' id='line_1_115' title="bbox 501 5471 2124 5551; baseline 0.001 -23"><span class='ocrx_word' id='word_1_831' title='bbox 501 5475 662 5534; x_wconf 82' lang='grc' dir='ltr'>Δῆλον</span> <span class='ocrx_word' id='word_1_832' title='bbox 724 5477 849 5547; x_wconf 77' lang='grc' dir='ltr'>γὰρ,</span> <span class='ocrx_word' id='word_1_833' title='bbox 908 5475 987 5526; x_wconf 85' lang='grc' dir='ltr'>ὅτι</span> <span class='ocrx_word' id='word_1_834' title='bbox 1043 5475 1068 5525; x_wconf 83' lang='grc' dir='ltr'><strong>ὁ</strong></span> <span class='ocrx_word' id='word_1_835' title='bbox 1133 5471 1417 5545; x_wconf 72' lang='grc' dir='ltr'>πολύτιμος</span> <span class='ocrx_word' id='word_1_836' title='bbox 1484 5476 1814 5547; x_wconf 71' lang='grc' dir='ltr'>μαργαρίτης</span> <span class='ocrx_word' id='word_1_837' title='bbox 1880 5479 2009 5551; x_wconf 85' lang='grc' dir='ltr'>πρὸς</span> <span class='ocrx_word' id='word_1_838' title='bbox 2072 5480 2124 5535; x_wconf 64' lang='grc' dir='ltr'>τῆ</span> 
     </span>
    </p>
   </div>
   <div class='ocr_carea' id='block_1_116' title="bbox 2226 5471 3983 5551">
    <p class='ocr_par' dir='ltr' id='par_1_116' title="bbox 2275 5472 3983 5542">
     <span class='ocr_line' id='line_1_116' title="bbox 2275 5472 3983 5542; baseline -0.001 -9"><span class='ocrx_word' id='word_1_839' title='bbox 2275 5481 2331 5533; x_wconf 92' lang='lat' dir='ltr'>et</span> <span class='ocrx_word' id='word_1_840' title='bbox 2376 5474 2614 5532; x_wconf 90' lang='lat' dir='ltr'>assidue</span> <span class='ocrx_word' id='word_1_841' title='bbox 2654 5474 2778 5530; x_wconf 91' lang='lat' dir='ltr'>Deo</span> <span class='ocrx_word' id='word_1_842' title='bbox 2829 5473 3127 5529; x_wconf 62' lang='lat' dir='ltr'>coharere</span> <span class='ocrx_word' id='word_1_843' title='bbox 3152 5472 3478 5542; x_wconf 84' lang='lat' dir='ltr'>studemus,</span> <span class='ocrx_word' id='word_1_844' title='bbox 3524 5472 3682 5529; x_wconf 89' lang='lat' dir='ltr'>citra</span> <span class='ocrx_word' id='word_1_845' title='bbox 3726 5472 3983 5531; x_wconf 85' lang='lat' dir='ltr'>ullam</span> 
     </span>
    </p>
   </div>
   <div class='ocr_carea' id='block_1_117' title="bbox 576 5566 1145 5634">
    <p class='ocr_par' dir='ltr' id='par_1_117' title="bbox 576 5566 1145 5634">
     <span class='ocr_line' id='line_1_117' title="bbox 576 5566 1145 5634; baseline 0.002 -15"><span class='ocrx_word' id='word_1_846' title='bbox 576 5566 620 5601; x_wconf 83' lang='grc'>³“¹</span> <span class='ocrx_word' id='word_1_847' title='bbox 654 5567 864 5622; x_wconf 83' lang='lat' dir='ltr'>Matth.</span> <span class='ocrx_word' id='word_1_848' title='bbox 898 5580 1018 5634; x_wconf 74' lang='lat' dir='ltr'>nx,</span> <span class='ocrx_word' id='word_1_849' title='bbox 1051 5568 1145 5620; x_wconf 83' lang='lat' dir='ltr'>2i.</span> 
     </span>
    </p>
   </div>
   <div class='ocr_carea' id='block_1_118' title="bbox 579 5656 1036 5727">
    <p class='ocr_par' dir='ltr' id='par_1_118' title="bbox 579 5656 1036 5727">
     <span class='ocr_line' id='line_1_118' title="bbox 579 5656 1036 5727; baseline -0.011 -14"><span class='ocrx_word' id='word_1_850' title='bbox 579 5656 660 5726; x_wconf 90' lang='lat' dir='ltr'>(a)</span> <span class='ocrx_word' id='word_1_851' title='bbox 692 5659 828 5727; x_wconf 87' lang='lat' dir='ltr'>Leg.</span> <span class='ocrx_word' id='word_1_852' title='bbox 861 5672 922 5712; x_wconf 93' lang='lat' dir='ltr'>n.</span> <span class='ocrx_word' id='word_1_853' title='bbox 947 5658 1036 5710; x_wconf 79' lang='grc'>41.</span> 
     </span>
    </p>
   </div>
   <div class='ocr_carea' id='block_1_119' title="bbox 579 5726 1584 5800">
    <p class='ocr_par' dir='ltr' id='par_1_119' title="bbox 579 5726 1584 5800">
     <span class='ocr_line' id='line_1_119' title="bbox 579 5726 1584 5800; baseline -0.005 -17"><span class='ocrx_word' id='word_1_854' title='bbox 579 5729 658 5800; x_wconf 68' lang='grc' dir='ltr'>(ὁ)</span> <span class='ocrx_word' id='word_1_855' title='bbox 702 5726 798 5786; x_wconf 68' lang='lat' dir='ltr'>we</span> <span class='ocrx_word' id='word_1_856' title='bbox 819 5731 894 5786; x_wconf 90' lang='lat' dir='ltr'>de</span> <span class='ocrx_word' id='word_1_857' title='bbox 915 5730 1076 5785; x_wconf 81' lang='lat' dir='ltr'>saint</span> <span class='ocrx_word' id='word_1_858' title='bbox 1106 5726 1335 5793; x_wconf 74' lang='lat' dir='ltr'>Basile,</span> <span class='ocrx_word' id='word_1_859' title='bbox 1358 5739 1420 5796; x_wconf 90' lang='lat' dir='ltr'>p.</span> <span class='ocrx_word' id='word_1_860' title='bbox 1454 5727 1584 5779; x_wconf 83' lang='lat'>638.</span> 
     </span>
    </p>
   </div>
   <div class='ocr_carea' id='block_1_120' title="bbox 2339 5651 3410 5726">
    <p class='ocr_par' dir='ltr' id='par_1_120' title="bbox 2339 5651 3410 5726">
     <span class='ocr_line' id='line_1_120' title="bbox 2339 5651 3410 5726; baseline -0.006 -15"><span class='ocrx_word' id='word_1_861' title='bbox 2339 5654 2413 5726; x_wconf 89' lang='lat' dir='ltr'>(c)</span> <span class='ocrx_word' id='word_1_862' title='bbox 2437 5653 2630 5710; x_wconf 87' lang='lat' dir='ltr'>Basil.</span> <span class='ocrx_word' id='word_1_863' title='bbox 2662 5666 2887 5709; x_wconf 84' lang='lat' dir='ltr'>recens.</span> <span class='ocrx_word' id='word_1_864' title='bbox 2916 5653 3063 5709; x_wconf 86' lang='lat' dir='ltr'>tom.</span> <span class='ocrx_word' id='word_1_865' title='bbox 3097 5651 3166 5721; x_wconf 82' lang='grc' dir='ltr'>ΙΙ,</span> <span class='ocrx_word' id='word_1_866' title='bbox 3196 5666 3256 5724; x_wconf 92' lang='lat' dir='ltr'>p.</span> <span class='ocrx_word' id='word_1_867' title='bbox 3290 5652 3410 5709; x_wconf 75' lang='lat'>165.</span> 
     </span>
    </p>
   </div>
  </div>
