4058 6192
210 244 307 298 113

1735 239 2119 298 PREFATIO.

3529 252 3632 307 114

204 365 421 421 mentis
435 364 914 425 aberrationem:
929 382 1068 440 qua;
1083 365 1268 424 verba
1282 365 1462 423 valde
1477 361 1870 436 improbatis,
1906 362 1957 418 A
1983 345 2267 419 Basilium
2304 363 2648 433 audiamus,
2670 365 2775 439 qui
2797 365 2884 423 sic
2902 367 3167 440 loquitur
3188 372 3336 441 (reg.
3365 376 3429 427 12
3448 372 3627 438 fus.):

203 468 383 525 quem
400 452 635 526 saepius
649 454 797 522 dixi,
810 455 900 511 vir
913 454 1352 511 eruditissimus
1363 452 1761 510 Combeﬁsius
1773 450 1869 519 (a).
1914 457 1919 461 ’

204 541 421 610 Porro,
449 544 674 616 inquit,
703 546 871 601 istud
889 546 964 602 de
976 546 1333 615 parentibus
1352 545 1458 616 qui
1484 543 1738 613 implexi
1754 542 1874 597 sint

205 640 273 702 τῷ
292 641 453 703 κοινῷ
479 632 606 705 βίῳ,
620 635 690 689 id
711 640 817 702 est,
833 636 940 707 qui
947 635 1231 693 saeculari
1239 635 1457 691 militia
1473 636 1534 691 vi
1539 631 1877 705 vant,quod

204 736 307 777 nec
327 722 596 792 visendi,
618 739 730 780 nec
748 725 1098 794 recipiendi.
1120 739 1230 781 nec
1248 724 1536 794 juvandi,
1554 723 1729 795 quasi
1736 723 1872 792 jam

205 810 414 866 liberis
434 812 503 866 in
526 812 800 869 camabio
836 813 1123 870 monachi
1147 814 1333 871 vitam
1363 813 1677 884 agentibus
1714 811 1875 867 nihil

202 900 300 954 illi
323 902 667 970 attineant,
692 918 882 959 unum
914 904 1154 960 videtur
1171 908 1227 959 et
1244 904 1574 959 maximum
1605 915 1681 958 ea:
1701 901 1872 957 dam-

201 991 355 1045 natis
408 991 477 1046 in
529 992 791 1049 concilio
840 993 1197 1064 Gangrensi.
1236 992 1602 1049 Honorandi
1642 1006 1875 1060 semper

197 1085 508 1149 parentes,
542 1096 616 1138 ac
666 1096 803 1137 cum
834 1088 1068 1153 egeant,
1097 1083 1310 1154 quibus
1358 1082 1557 1151 liceat,
1585 1081 1871 1151 fovendi;

195 1169 315 1225 sive
331 1170 403 1225 in
427 1171 562 1227 vita
581 1175 719 1223 κατὰ
742 1176 891 1239 Θεὸν,
906 1188 1087 1244 quam
1108 1174 1193 1229 sic
1213 1172 1642 1229 monachorum
1659 1177 1874 1228 auctor

197 1266 390 1325 vocat,
422 1263 559 1317 sive
585 1262 651 1316 in
679 1263 985 1318 communi
1011 1268 1068 1318 et
1096 1263 1305 1319 seculi
1332 1264 1480 1328 vita,
1509 1276 1582 1317 ac
1611 1263 1708 1317 vel
1746 1262 1873 1331 ipsa

195 1364 309 1404 non
326 1364 602 1418 prorsus
624 1351 932 1408 laudabili
950 1365 974 1420 ;
992 1358 1281 1424 quantum
1309 1355 1509 1408 tamen
1528 1356 1723 1407 status
1747 1352 1875 1420 ipse

188 1441 453 1507 patitur.
478 1440 628 1511 Legi
648 1455 895 1513 quoque
924 1444 1124 1513 potest
1151 1440 1495 1497 Combeﬁsii
1517 1444 1663 1496 nota
1690 1439 1751 1495 in
1785 1455 1872 1496 re-

189 1526 399 1598 gulam
436 1533 571 1598 190,
595 1530 705 1585 ubi
727 1530 818 1585 vir
846 1529 1065 1587 doctus
1086 1530 1149 1586 in
1170 1529 1534 1599 Regularum
1563 1533 1871 1586 auctorem

191 1615 380 1673 multo
411 1618 845 1674 vehementius
866 1618 1187 1675 invehitur.
1212 1621 1387 1675 Recte
1417 1623 1621 1675 autem
1650 1622 1708 1673 et
1731 1632 1871 1673 vere

1984 456 2088 505 Καί
2116 456 2236 515 τοὺς
2264 452 2313 505 ἓν
2345 454 2578 527 συζυγίᾳ
2622 452 2680 507 δὲ
2708 458 2880 528 γάμου
2923 462 3141 531 τοιούτῳ
3189 458 3293 533 βιῳ
3338 481 3633 535 προσερχο-

1981 545 2166 614 μένους
2195 541 2561 615 ἀνακρίνεσθαι
2594 540 2693 609 δεῖ,
2729 545 2772 597 εἰ
2801 544 2855 596 ἐκ
2897 553 3173 619 συμφώνου
3221 557 3373 602 τοῦτο
3421 560 3633 604 ποιοῦσι

1980 634 2116 683 κατὰ
2144 636 2232 689 τὴν
2265 628 2524 707 ὃιαταγὴυ
2550 641 2641 685 τοῦ
2662 632 2999 690 ’Λποστόλου.
3022 644 3125 689 Τοῦ
3150 634 3250 711 γὰρ
3285 636 3423 693 ἰδίου
3458 646 3635 714 σώμα-

1980 739 2087 785 τος,
2122 726 2302 792 φησὶν,
2335 721 2429 773 οὐχ
2468 720 2780 789 ἐξουσιάζει,
2805 729 2896 776 καὶ
2928 725 3092 788 οὕτως
3122 725 3206 779 ἐπὶ
3236 728 3477 781 πλειόνων
3503 751 3634 804 μαρ·

1979 811 2146 882 τύρων
2169 805 2427 880 δέχεσθαι
2455 815 2543 862 τὸν
2568 817 3007 885 προσερχόμενον.
3035 815 3234 886 Atque
3254 817 3301 871 ii
3323 820 3501 874 etiam
3531 820 3638 889 qui

1980 898 2365 954 matrimonio
2396 897 2725 969 conjuncti,
2761 902 2843 956 ad
2878 900 3228 971 hujusmodi
3271 906 3403 960 vita:
3447 922 3636 976 genus

1981 987 2297 1053 accedunt,
2330 989 2756 1059 interrogandi
2781 996 2945 1057 sunt,
2978 1005 3059 1046 an
3097 998 3304 1048 mutuo
3345 1009 3634 1051 consensu

1979 1074 2038 1130 id
2061 1077 2352 1145 efﬁciant,
2383 1077 2751 1146 euApostoli
2769 1086 3069 1149 praecepto
3094 1099 3115 1135 :
3146 1101 3173 1132 «
3206 1082 3385 1151 Nam,
3412 1083 3631 1154 inquit,

1978 1166 2077 1221 sui
2100 1166 2367 1235 corporis
2389 1172 2748 1235 potestatem
2778 1183 2897 1223 non
2929 1169 3103 1226 habet
3124 1171 3218 1239 δῖ’,
3244 1194 3272 1221 ››
3302 1172 3501 1243 sicque
3532 1174 3638 1243 qui

1980 1256 2232 1323 accedit,
2266 1271 2467 1312 coram
2508 1257 2787 1325 pluribus
2815 1258 3059 1314 testibus
3085 1262 3460 1330 recipiendus
3506 1267 3634 1319 est:

1979 1360 2117 1417 quae
2145 1344 2333 1401 verba
2372 1345 2705 1416 retulimus,
2738 1362 2860 1402 non
2890 1347 3059 1419 quod
3102 1349 3177 1404 de
3204 1349 3299 1404 his
3344 1350 3464 1406 ulla
3488 1367 3633 1408 con-

1980 1433 2269 1489 troversia
2299 1433 2394 1496 sit,
2418 1434 2527 1489 sed
2547 1435 2717 1507 quod
2741 1435 2821 1491 ad
2847 1436 3342 1508 respondendum
3363 1454 3637 1496 necessa-

1978 1522 2070 1579 ria
2097 1538 2228 1578 esse
2264 1523 2600 1580 videantur.
2633 1524 2851 1580 Gravia
2905 1530 3045 1581 sunt
3090 1530 3147 1582 et
3192 1526 3457 1584 difﬁcilia
3496 1545 3633 1600 qua:

1984 1617 2340 1686 sequuntur.
2373 1617 2456 1670 lta
2474 1614 2655 1684 igitur
2682 1615 2933 1670 Basilius
2960 1616 3196 1688 reliqua
3218 1619 3631 1691 persequitur:

186 1704 515 1762 adnotavit
538 1706 988 1763 eruditissimus
1006 1708 1097 1764 vir
1111 1708 1395 1765 Tillemon
1403 1708 1535 1773 tius,
1551 1711 1655 1764 aut
1670 1723 1862 1779 aequa-

1984 1704 2043 1757 Εί
2091 1700 2150 1756 δὲ
2199 1700 2580 1765 διαστασιάζοι
2626 1708 2685 1757 τὸ
2734 1706 2901 1779 ἕτερον
2948 1710 3121 1779 μέρος,
3154 1713 3244 1759 καὶ
3287 1704 3631 1780 διαμάχοιτο,

183 1794 279 1863 lia,
295 1802 410 1852 aut
431 1795 629 1852 etiam
647 1797 948 1854 severiora
966 1796 1029 1853 in
1049 1797 1243 1869 capite
1263 1796 1555 1852 vicesimo
1578 1796 1872 1852 Constitu-

184 1884 426 1940 tionum
457 1884 760 1941 inveniri:
783 1885 952 1958 quod
977 1901 1054 1942 ne
1073 1887 1274 1959 ipsum
1303 1885 1552 1957 quidem
1579 1884 1873 1940 Combeﬁ-

186 1972 338 2029 sium
369 1972 581 2030 latuit.
607 1976 760 2030 Cum
789 1975 951 2030 enim
981 1974 1059 2031 ad
1082 1975 1144 2030 id
1166 1980 1350 2046 caput
1376 1974 1656 2043 venisset,
1683 1973 1868 2029 vidis-

186 2069 395 2135 setque
427 2062 681 2119 nullam
708 2062 788 2119 ibi
815 2079 1014 2136 neque
1046 2069 1385 2136 parentum,
1418 2079 1616 2136 neque
1646 2079 1871 2133 cogna-

185 2158 385 2209 torum
405 2153 727 2209 rationem
752 2152 984 2221 haberi,
998 2154 1079 2209 ita
1107 2153 1369 2224 scripsit:
1393 2154 1602 2210 Nescio
1623 2168 1705 2209 an
1725 2154 1873 2210 satis

182 2243 539 2314 Evangelia
560 2250 845 2300 consonet
864 2248 1040 2300 tanta
1061 2243 1185 2300 haec
1201 2249 1524 2312 parentum
1544 2243 1866 2311 abdicatio,

182 2336 234 2389 si
247 2334 406 2405 quid
427 2340 713 2390 extreme
734 2334 1153 2390 laborantibus
1174 2333 1505 2389 monachus
1534 2335 1662 2402 opis
1688 2349 1870 2403 praes-

185 2430 312 2479 tare
325 2424 556 2490 possit.
573 2425 747 2478 Nunc
766 2437 909 2491 ergo
927 2439 965 2479 a
979 2422 1359 2488 Combeﬁsio,
1376 2422 1424 2477 si
1442 2422 1663 2478 viveret
1680 2422 1871 2478 liben-

184 2518 267 2568 ter
284 2527 673 2585 quaererem,
691 2528 798 2566 cur
818 2511 916 2567 ille
939 2516 1260 2584 parentum
1281 2511 1458 2584 quasi
1484 2515 1868 2583 contemptus

183 2600 539 2674 impedierit
562 2600 715 2673 quin
748 2600 1111 2670 Regularum
1139 2600 1419 2657 Basilium
1454 2604 1763 2656 auctorem
1784 2600 1870 2656 fa-

188 2696 364 2761 ceret,
400 2705 541 2745 non
570 2693 776 2745 autem
805 2688 1149 2761 impedierit
1177 2690 1325 2762 quin
1342 2689 1553 2746 .eidem
1583 2689 1868 2745 tribueret

187 2778 713 2835 Constitutionum
742 2777 986 2848 librum,
1015 2794 1151 2833 cum
1179 2779 1243 2834 in
1278 2782 1534 2850 utroque
1554 2794 1734 2851 opere
1754 2795 1864 2851 pa-

185 2874 429 2923 rentum
476 2867 627 2938 jura
654 2866 880 2938 pariter
920 2866 1134 2923 violari
1161 2867 1497 2923 videantur.
1531 2870 1596 2924 Et
1638 2867 1864 2941 alioqui

186 2972 307 3013 non
327 2962 421 3012 est
443 2954 892 3023 timendum,ne
916 2971 1183 3029 unquam
1208 2956 1270 3012 in
1292 2956 1621 3014 liberorum
1642 2956 1862 3013 animis

1981 1791 2189 1844 ἔλαττον
2216 1793 2485 1865 φροντίζον
2529 1801 2626 1854 τῆς
2666 1797 2798 1868 πρὸς
2829 1799 2957 1847 Θεὸν
2989 1796 3396 1869 εὐαρεστήσεως,
3430 1817 3635 1870 μνημο-

1980 1882 2205 1933 νευέσθω
2236 1882 2260 1932 ὁ
2286 1880 2598 1942 Ἀπόστολος
2622 1881 2801 1954 λέγων,
2830 1882 2905 1935 Ἐν
2940 1879 2998 1935 δὲ
3024 1884 3197 1957 εἰρήνῃ
3228 1885 3471 1942 κέκληκεν
3499 1889 3637 1958 ἡμᾶς

1981 1969 2007 2020 ὁ
2039 1973 2168 2030 Θεός
2201 1990 2213 2002 ⁸
2242 1974 2332 2021 καὶ
2358 1969 2673 2042 πληρούσθω
2692 1974 2751 2022 τὸ
2777 1974 3099 2046 πρόσταγμα
3121 1980 3213 2024 τοῦ
3242 1978 3435 2048 Κυρίου
3463 1974 3636 2027 εἰπόν-

1979 2079 2067 2121 τος
2101 2076 2114 2089 ·
2148 2062 2209 2113 Εἴ
2236 2080 2318 2122 τις
2364 2062 2577 2133 ἔρχεται
2605 2063 2736 2133 πρὸς
2765 2064 2847 2133 μὲ,
2880 2066 2969 2113 καὶ
3018 2062 3076 2114 οὐ
3123 2070 3273 2135 μισεῖ
3315 2068 3402 2116 τὸν
3440 2070 3640 2138 πατέρα

1980 2149 2161 2213 αὑτοῦ,
2184 2152 2275 2200 καὶ
2296 2152 2390 2205 τὴν
2412 2152 2631 2220 μητέρα,
2656 2153 2747 2200 καὶ
2766 2154 2862 2209 τὴν
2883 2158 3126 2220 γυναῖκα,
3151 2155 3241 2203 καὶ
3267 2155 3332 2204 τὰ
3353 2157 3521 2220 τέκνα,
3545 2158 3635 2206 καὶ

1979 2240 2047 2290 τὰ
2073 2237 2247 2303 λοιπὰ,
2279 2238 2337 2290 οὐ
2370 2234 2591 2290 δύναταί
2615 2258 2716 2312 μου
2744 2236 2872 2291 εἶναι
2897 2242 3107 2312 (ruenti)
3121 2261 3159 2302 ς.
3196 2240 3365 2308 Quod
3416 2244 3469 2297 si
3515 2243 3638 2298 dis-

1978 2329 2171 2384 sentia
2193 2328 2392 2385 altera
2414 2319 2582 2399 pars,
2606 2334 3038 2401 repugnetque,
3057 2331 3218 2402 quod
3245 2332 3445 2387 minus
3471 2333 3639 2389 solli-

1978 2420 2099 2474 cita
2149 2420 2228 2473 sit
2264 2418 2557 2489 quomodo
2593 2420 2839 2488 placeat
2864 2420 3005 2483 Deo,
3036 2421 3099 2475 in
3148 2428 3399 2478 mentem
3432 2424 3635 2479 veniat

1975 2508 2271 2578 Apostoli,
2303 2508 2411 2578 qui
2454 2508 2638 2564 dicit:
2668 2530 2696 2558 «
2726 2509 2798 2563 In
2820 2524 2976 2578 pace
3017 2515 3217 2566 autem
3263 2512 3496 2568 vocavit
3526 2527 3633 2567 nos

1972 2597 2131 2654 Deus
2154 2597 2234 2668 3tl;
2258 2618 2287 2647 »
2309 2603 2489 2669 atque
2508 2598 2839 2666 impleatur
2864 2604 3229 2668 praeceptum
3250 2600 3509 2668 Domini,
3530 2602 3639 2671 qui

1972 2686 2169 2744 dixit:
2196 2707 2225 2736 ‹‹
2253 2687 2315 2744 Si
2342 2687 2475 2758 quis
2509 2688 2668 2744 venit
2708 2688 2790 2743 ad
2823 2703 2937 2757 me,
2967 2694 3023 2744 et
3069 2704 3190 2744 non
3224 2689 3348 2744 odit
3391 2696 3632 2758 patrem

1971 2792 2168 2845 suum,
2200 2783 2256 2834 et
2294 2781 2570 2845 matrem,
2607 2781 2665 2834 et
2710 2793 2984 2846 uxorem,
3019 2785 3075 2835 et
3118 2780 3296 2850 ﬁlios,
3339 2783 3477 2847 etc.,
3508 2796 3631 2836 non

1967 2873 2159 2936 potest
2184 2882 2346 2923 meus
2372 2881 2493 2923 esse
2516 2867 2853 2937 discipulus
2869 2870 2939 2923 ³ο.
2962 2889 2990 2919 »
3017 2871 3097 2924 Ex
3126 2868 3348 2942 quibus
3372 2870 3632 2942 perspici

1970 2960 2168 3028 potest
2195 2970 2408 3011 omnes
2433 2955 2680 3028 quidem
2705 2956 2892 3029 recipi
2918 2957 3139 3015 debere
3167 2958 3229 3014 in
3259 2960 3628 3016 monasterio

188 3046 435 3117 penitus
468 3043 896 3114 exstinguatur
915 3060 1090 3101 amor
1107 3050 1449 3118 parentum,
1470 3062 1608 3102 cum
1639 3063 1711 3102 ex
1732 3062 1860 3103 sese
1900 3065 1939 3121 ε
1969 3044 2044 3101 de
2074 3043 2275 3100 Basilii
2322 3044 2636 3114 sententia,
2671 3049 2797 3101 tam
2829 3061 2935 3102 eos
2965 3046 3070 3119 qui
3115 3047 3627 3104 consentientibus

188 3133 497 3207 pbcenicis
529 3132 590 3188 in
630 3135 884 3189 modum
915 3150 1154 3207 semper
1198 3139 1564 3191 renascatur.
1598 3135 1766 3202 Quod
1795 3136 1859 3192 in

188 3223 404 3293 regula
463 3223 800 3279 centesima
856 3223 1054 3296 prima
1109 3224 1494 3297 vituperatur,
1541 3224 1857 3297 improbos

188 3313 397 3370 vocari
425 3328 560 3379 eos,
581 3313 688 3385 qui
715 3328 839 3369 non
868 3313 1076 3369 omnia
1104 3313 1270 3370 bona
1295 3330 1407 3371 sua
1434 3314 1853 3382 vendiderunt,

186 3401 243 3457 id
272 3402 414 3458 leve
451 3405 569 3469 est,
602 3407 663 3457 et
687 3401 913 3458 nullius
941 3402 1253 3458 momenti.
1290 3402 1549 3475 [mprobi
1578 3403 1741 3459 enim
1770 3403 1856 3459 di-

189 3496 408 3547 cuntur
454 3506 584 3546 non
630 3490 890 3563 proprie,
921 3490 1026 3546 sed
1069 3491 1236 3563 quod
1278 3491 1479 3547 minus
1505 3492 1681 3565 probi
1712 3492 1852 3564 sint,

192 3580 527 3653 minusque
576 3579 846 3651 perfecti.
891 3579 1096 3648 Omisi,
1135 3580 1301 3652 quod
1344 3580 1590 3637 minime
1632 3581 1852 3652 decuit,

190 3669 355 3725 aliud
385 3667 742 3726 Combeﬁsii
770 3673 1213 3738 argumentum.
1249 3670 1641 3743 Conqueritur
1677 3671 1857 3741 igitur

188 3757 272 3813 vir
294 3758 548 3822 doctus,
580 3756 912 3812 sanctiores
931 3757 1299 3813 matrimonii
1326 3758 1491 3828 leges
1519 3774 1767 3831 prorsus
1790 3761 1854 3816 in

186 3848 400 3918 regula
426 3845 799 3903 duodecima
827 3845 1147 3919 prolixiora
1175 3847 1477 3918 abrogari.
1510 3849 1702 3922 Ipsius
1725 3850 1856 3907 haec

192 3944 331 3995 sunt
348 3938 546 3994 verba
568 3956 582 3993 :
608 3938 743 3993 Non
757 3943 955 4007 potest
974 3938 1099 3994 dici
1116 3939 1346 3994 clarius
1375 3940 1614 4010 aliquid
1635 3941 1717 3996 ad
1739 3942 1854 3997 vim

188 4030 360 4085 illam
393 4042 585 4100 quam
613 4026 1008 4083 Eustathiani
1032 4026 1397 4083 adhibebant
1437 4030 1757 4099 conjugiis,
1787 4036 1855 4086 ut

181 4122 568 4189 pugnantem
600 4116 859 4173 alterum
904 4118 1238 4186 conjugem,
1272 4118 1333 4172 vi
1373 4118 1536 4173 omni
1563 4118 1645 4173 ad
1673 4120 1859 4175 alteri

187 4207 416 4263 volenti
480 4206 837 4261 renuntiare
891 4205 1336 4262 assentiendum
1393 4212 1689 4277 cogerent,
1744 4214 1851 4264 aut

184 4299 364 4353 etiam
407 4295 525 4351 illo
575 4295 761 4350 invito
788 4295 1239 4352 renuntiantem
1281 4298 1655 4369 reciperent;
1693 4298 1853 4369 quod

1966 3133 2256 3190 uxoribus
2282 3133 2596 3202 accedunt,
2623 3150 2813 3206 quam
2842 3150 2969 3206 eos,
2998 3152 3259 3208 quorum
3292 3153 3508 3193 uxores
3533 3153 3623 3194 re-

1966 3227 2240 3296 pugnant
2264 3239 2277 3278 :
2312 3222 2419 3278 sed
2439 3238 2563 3278 non
2584 3223 2800 3279 eodem
2826 3223 3035 3280 modo.
3062 3224 3149 3280 llli
3178 3225 3337 3280 enim
3368 3226 3452 3281 ita
3478 3226 3623 3282 reci-

1963 3311 2306 3385 piebantur,
2323 3317 2390 3368 ut
2410 3312 2657 3369 Basilius
2676 3317 2856 3369 testes
2877 3312 3154 3370 adhiberi
3174 3314 3375 3371 vellet:
3396 3314 3458 3371 hi
3478 3331 3619 3372 vero

1963 3417 2104 3457 cum
2131 3402 2558 3475 reciperentur,
2590 3406 2773 3459 testes
2798 3403 3011 3461 adesse
3037 3419 3287 3460 necesse
3316 3420 3440 3461 non
3470 3410 3617 3474 erat,

1961 3494 2168 3564 utpote
2183 3507 2446 3565 quorum
2462 3491 2707 3548 Basilius
2724 3492 3091 3549 mentionem
3103 3509 3226 3549 non
3238 3494 3434 3549 faciat.
3452 3494 3619 3550 Unde

1962 3584 2168 3637 autem
2205 3580 2368 3636 hoc?
2412 3580 2528 3636 nisi
2573 3580 2721 3653 quia
2766 3580 2997 3653 priores
3044 3581 3126 3637 ad
3171 3581 3616 3654 professionem

1963 3668 2458 3739 admittebantur,
2486 3668 2570 3724 sic
2614 3684 2741 3724 non
2771 3669 2858 3724 eis
2896 3668 3158 3741 amplius
3187 3686 3219 3725 e
3247 3670 3615 3726 monasterio

1963 3757 2168 3830 egredi
2211 3757 2448 3823 liceret;
2501 3757 2580 3813 ob
2626 3756 2810 3830 idque
2856 3757 3186 3815 intererant
3232 3762 3425 3827 testes,
3452 3763 3518 3815 ut
3565 3759 3616 3815 si

1963 3847 2214 3921 quando
2236 3851 2376 3903 vota
2397 3862 2507 3902 sua
2522 3846 2688 3904 irrita
2706 3845 2903 3904 facere
2920 3846 3486 3917 vellent,hominum
3509 3849 3617 3923 qui

1963 3936 2302 3995 adfuissent
2326 3935 2669 3992 testimonio
2690 3936 3085 3992 retinerentur
3114 3954 3127 3992 :
3160 3936 3310 3993 alios
3338 3954 3482 3995 vero
3511 3954 3613 3995 co-
3656 4004 3664 4013 .

1962 4042 2097 4083 ram
2119 4024 2373 4083 testibus
2390 4024 2843 4098 recipiBasilius
2861 4040 2985 4081 non
3005 4025 3463 4099 jubebat,quod
3488 4044 3613 4084 non

1964 4116 2044 4172 ad
2063 4115 2505 4189 professionem
2525 4114 3000 4183 admitterentur,
3016 4115 3120 4171 sed
3141 4115 3220 4172 ad
3239 4117 3613 4174 exercitatio-

1960 4220 2123 4261 nem.
2146 4204 2322 4261 Aliud
2347 4210 2550 4261 autem
2582 4204 2769 4261 multo
2794 4208 2902 4273 est,
2924 4204 3159 4262 admitti
3187 4205 3266 4262 ad
3290 4206 3612 4279 professio-

1958 4309 2121 4364 nem,
2137 4298 2195 4350 et
2218 4293 2402 4362 aliud,
2417 4294 2496 4350 ad
2526 4294 3037 4351 exercitationem.
3054 4295 3284 4351 Etenim
3304 4296 3489 4351 semel
3508 4296 3614 4370 qui

186 4386 344 4441 nihil
364 4384 746 4453 subjectione
763 4383 846 4440 ad
867 4384 1051 4440 Deum
1077 4383 1235 4440 nihil
1254 4385 1589 4443 obedientia
1601 4393 1852 4455 praesta-
1886 4418 1929 4471 Β
1958 4384 2271 4457 professus
2292 4388 2401 4450 est,
2422 4399 2549 4440 non
2577 4388 2667 4440 est
2694 4384 2955 4456 amplius
2989 4384 3077 4440 sui
3105 4385 3257 4457 juris
3282 4403 3295 4441 :
3327 4386 3432 4458 qui
3473 4402 3613 4443 vero

189 4476 411 4541 bilius;
440 4473 780 4543 meritoque
819 4473 1195 4529 damnarunt
1231 4475 1445 4532 Patres
1498 4476 1848 4547 Gangreses.

186 4565 341 4622 Sane
356 4565 567 4621 virum
590 4561 668 4617 ab
688 4577 878 4618 uxore
892 4578 1013 4618 non
1028 4563 1349 4633 discedere,
1363 4566 1473 4621 Dei
1484 4571 1853 4635 praeceptum

186 4662 298 4723 est;
331 4653 689 4710 castitatem
713 4652 1013 4720 prmferre
1040 4653 1232 4709 altero
1278 4656 1601 4725 conjugum
1644 4656 1852 4724 invito,

185 4754 300 4794 non
323 4738 447 4794 Dei
465 4737 662 4806 jussis
680 4750 902 4804 parere
928 4742 1037 4802 est,
1067 4739 1239 4809 eique
1262 4738 1495 4808 subjici,
1526 4740 1630 4796 sed
1644 4741 1855 4809 palam

184 4841 503 4898 pignore;
527 4825 653 4879 nisi
670 4839 805 4881 cum
824 4831 1030 4881 ratum
1051 4826 1356 4883 duntaxat
1379 4830 1727 4898 conjugium
1748 4835 1855 4899 est,

184 4934 287 4974 nec
306 4934 381 4973 ea
400 4916 592 4986 plene
604 4916 933 4984 conjugum
950 4921 1160 4971 mutua
1175 4918 1430 4973 servitus
1443 4920 1776 4990 coivit.-qua
1788 4920 1860 4977 de

186 5022 247 5063 re
258 5007 429 5062 nihil
443 5011 670 5062 auctor
685 5006 885 5075 cogita
897 5005 1004 5073 vit;
1016 5005 1119 5060 sed
1128 5006 1245 5061 vim
1259 5006 1529 5063 absolute
1540 5011 1679 5078 conj
1683 5010 1858 5079 ugiis,

188 5100 363 5167 quasi
409 5097 544 5151 Deo
578 5092 837 5163 jubente
866 5093 1196 5150 divortium
1230 5093 1506 5156 ἀσκήσεως
1540 5104 1862 5169 praetextu,

187 5183 541 5251 faciendam
562 5183 856 5239 admittit.
870 5181 1226 5238 Audivimus
1238 5184 1380 5240 Com
1388 5182 1692 5242 beﬁsium:
1702 5203 1865 5244 nunc

260 5363 330 5397 ⁸τ⁹
360 5365 383 5419 ι
411 5364 552 5421 Cor.
578 5376 684 5431 vn,
716 5363 772 5418 4.
853 5359 903 5395 ³⁸
928 5357 1079 5418 ibid.
1111 5364 1198 5420 l5.
1276 5362 1323 5398 ³ο
1354 5364 1492 5420 Luc.
1523 5379 1647 5435 xxv,
1679 5369 1771 5423 26.

267 5543 351 5614 (a)
392 5540 610 5600 Comb.
638 5538 702 5600 in
730 5538 930 5597 Basil.
969 5552 1195 5600 recens.
1228 5543 1373 5599 tom.
1406 5543 1473 5614 ll,
1502 5557 1564 5619 p.
1596 5548 1687 5601 77.

1962 4472 2403 4529 exercitationis
2428 4488 2617 4529 causa
2636 4472 2699 4529 in
2719 4474 3173 4530 monasterium
3191 4474 3613 4539 introivit,non

1960 4566 2283 4635 propterea
2312 4561 2403 4617 sui
2426 4561 2579 4633 juris
2622 4577 2754 4618 esse
2783 4561 3021 4630 desinit,
3054 4563 3179 4629 sed,
3214 4564 3263 4619 si
3304 4564 3389 4620 ita
3425 4563 3613 4630 lubet,

1963 4651 2395 4724 egredipotest.
2409 4654 2574 4707 Hanc
2595 4657 2797 4708 autem
2812 4652 3009 4708 Basilii
3029 4653 3387 4710 sententiam
3411 4653 3617 4724 fuisse,

1962 4757 2168 4809 nemo,
2183 4740 2419 4812 opinor,
2433 4740 2643 4810 homo,
2656 4740 2763 4812 qui
2780 4741 2911 4812 ejus
2930 4740 3119 4798 verba
3138 4746 3358 4799 attente
3386 4741 3615 4812 legerit,

1964 4828 2234 4900 negabit.
2258 4832 2373 4885 Cur
2390 4830 2571 4901 enim,
2587 4845 2819 4903 quaeso,
2843 4830 3046 4901 rogari
3068 4830 3467 4899 voluisset,an
3488 4846 3617 4886 mu-

1969 4926 2072 4977 tuo
2094 4934 2387 4976 consensu
2415 4921 2478 4975 id
2505 4919 2806 4990 efﬁciant,
2829 4920 2877 4975 si
2898 4934 3112 4976 omnes
3141 4936 3213 4975 ex
3240 4935 3415 4992 aequo
3438 4918 3623 4991 recipi

1968 5009 2190 5066 debere
2220 5008 2622 5065 credidisset?
2651 5008 3187 5080 Interrogabantur
3214 5015 3415 5069 autem
3462 5011 3545 5073 ut,
3574 5007 3625 5063 si

1969 5114 2188 5155 uxores
2246 5097 2584 5155 consentire
2633 5102 2964 5167 constaret,
3013 5097 3478 5170 proﬁterentur;
3534 5096 3625 5153 sin

1972 5187 2201 5256 minus,
2231 5187 2689 5246 admitterentur
2716 5186 2963 5260 quidem
3008 5184 3090 5247 ad
3141 5185 3629 5244 exercitationem
