4058 6192
441 284 541 337 H5

1959 277 2340 334 PREFATIO.

3752 283 3853 335 H6

435 418 545 477 per
573 402 822 476 aliquod
851 403 1112 474 tempus,
1140 414 1460 474 nunquam
1503 403 1707 458 autem
1736 401 1814 458 ad
1860 402 2092 474 profes-
2120 406 2168 459 Α
2202 402 2367 472 dicit,
2390 405 2447 459 et
2480 418 2516 458 a
2555 402 2938 474 Combefisio,
2975 402 3079 476 qui
3108 403 3168 458 in
3197 401 3331 475 ipsa
3371 401 3630 459 Stoicum
3677 401 3854 474 quid-

438 494 694 562 sionem,
710 492 828 548 nisi
850 506 1111 547 uxorum
1132 505 1470 546 consensus
1492 490 1739 546 tandem
1760 492 2090 548 accederet.

434 584 500 640 Id
526 583 612 640 ita
639 598 777 639 esse
804 585 1010 655 aperte
1035 581 1384 648 ostendunt,
1406 597 1541 654 quae
1569 585 1920 653 sequuntur.
1946 583 2093 637 Sunt

433 677 634 730 autem
679 670 1036 744 hujnsmodi
1063 672 1227 742 (pag.
1262 671 1387 740 354)
1413 687 1425 725 :
1456 669 1631 743 Ἡμεῖς
1677 667 1734 723 δὲ
1778 674 1994 744 ἔγνωμεν
2043 670 2092 722 ἐν

433 763 641 827 πολλοῖς
667 762 917 824 πολλάκις
945 767 1034 815 καὶ
1066 759 1160 814 διὰ
1207 764 1454 814 συντόνου
1504 771 1814 835 προσευχῆς
1855 768 1944 815 καὶ
1991 782 2089 820 νη-

435 858 612 916 στείας
635 850 1037 919 ἆνενδότου,τὸν
1062 853 1255 904 σκοπὸν
1281 859 1377 912 τῆς
1399 849 1445 902 ἐν
1469 849 1648 923 ἁγνείᾳ
1673 851 1814 912 ζωῆς
1832 856 2091 926 περιγενὸ-

430 964 600 1017 μενον,
634 950 725 996 τοῦ
759 945 955 1016 Κυρίου
1003 945 1125 1005 τοὺς
1161 945 1326 1014 μέχρι
1367 944 1564 1002 παντὸς
1609 939 1966 1008 ἀπειθοῦντας,
1999 946 2088 994 καὶ

432 1030 505 1087 δι’
551 1032 784 1105 ἀνάγκης
829 1030 1078 1092 πολλάκις
1127 1038 1435 1103 σωματικῆς
1475 1037 1537 1102 τῇ
1583 1032 1965 1102 συγκαταθέσει
1994 1040 2089 1092 τῆς

432 1122 594 1197 ὀρθῆς
640 1126 864 1196 κρίσεως
911 1121 1220 1193 ὑπάγοντος.
1255 1120 1553 1176 Ceterum
1584 1135 1690 1175 nos
1734 1125 1914 1177 castw
1952 1121 2089 1177 vitae

428 1211 677 1283 agendae
697 1211 1015 1268 consilium
1037 1225 1160 1266 non
1181 1223 1324 1266 raro
1347 1213 1473 1264 tum
1500 1209 1934 1265 vehementiam
1952 1225 2087 1280 pre-

428 1318 585 1372 cum,
610 1307 735 1358 tum
758 1299 991 1358 assidui
1009 1299 1240 1369 jejunii
1257 1312 1367 1368 ope
1387 1299 1449 1354 in
1470 1299 1677 1354 multis
1702 1300 2089 1370 praevaluisse

424 1392 718 1461 novimus,
744 1389 998 1446 Domino
1024 1403 1140 1455 eos,
1167 1389 1276 1459 qui
1297 1402 1550 1457 prorsus
1570 1387 1860 1444 obstinati
1888 1393 2083 1457 erant,

423 1495 577 1550 saepe
596 1481 776 1536 etiam
793 1493 907 1548 per
926 1491 1181 1547 corpora
1190 1478 1301 1534 tem
1322 1478 1732 1533 necessitatem
1758 1477 1840 1534 ad
1856 1485 2084 1534 rectum

414 1569 725 1640 judicium
775 1567 1289 1636 comprobandum
1346 1567 1683 1624 inducente.
1743 1567 1941 1623 Causa
1979 1567 2086 1638 igi-

420 1662 538 1724 tur,
570 1673 678 1714 cur
706 1656 956 1713 Basilius
986 1655 1292 1725 quosdam
1324 1655 1528 1711 invitis
1552 1654 1841 1712 uxoribus
1866 1655 1929 1710 in
1957 1671 2086 1711 mo—

2200 492 2346 549 dam
2367 493 2604 565 reperit,
2626 493 2806 563 longe
2833 493 3141 549 dissentio.
3167 495 3371 565 Neque
3397 493 3556 547 enini
3577 492 3639 547 in
3659 491 3854 547 Basilii

2200 582 2398 638 verbis
2428 582 2767 656 quidquam
2799 582 3222 654 excipiendum
3255 581 3533 649 arbitror,
3564 597 3760 654 neque
3791 581 3855 636 in

2198 672 2414 728 iisdem
2457 673 2644 728 ullum
2674 673 2901 743 dogma
2929 673 3191 729 Stoicum
3234 671 3498 728 invenio.
3532 671 3717 727 Velim
3748 671 3855 742 igi-

2199 764 2293 817 tur
2323 778 2578 834 scopum
2626 761 2991 818 sanctissimi
3019 761 3206 816 Patris
3245 766 3425 834 atque
3469 761 3854 832 propositum

2200 851 2475 922 spectari.
2523 855 2928 922 Interrogatus
2974 850 3168 907 fuerat
3217 850 3487 920 Basilius,
3539 849 3856 922 quomodo

2199 955 2338 995 cum
2368 941 2439 996 iis
2467 941 2775 1010 agendum
2798 941 3008 1013 sit,qui
3029 939 3309 1010 graviora
3330 939 3575 1012 quidem
3601 942 3855 1011 peccata

2197 1029 2486 1099 devitant,
2509 1030 2616 1085 sed
2638 1029 2860 1086 leviora
2881 1029 3406 1086 indiscriminatim
3439 1029 3850 1085 committunt:

2197 1121 2291 1175 cui
2319 1119 2776 1194 interrogationi
2805 1119 2887 1176 ita
2914 1119 3287 1192 respondere
3314 1117 3540 1186 debuit,
3566 1123 3630 1172 ut
3648 1117 3710 1172 id
3738 1117 3854 1173 sibi

2198 1213 2336 1265 ante
2356 1210 2564 1265 omnia
2584 1215 2968 1283 proponeret,
2995 1213 3059 1266 nt
3083 1209 3213 1266 illos
3235 1209 3573 1265 monachos
3595 1223 3632 1264 a
3659 1222 3854 1280 prava

2195 1299 2298 1355 illa
2325 1300 2765 1355 consuetudine
2795 1299 3135 1355 deterreret.
3169 1298 3320 1355 Nihil
3350 1314 3494 1369 ergo
3517 1297 3595 1354 ab
3623 1313 3694 1353 eo
3724 1311 3852 1352 me-

2194 1386 2310 1442 lius
2349 1387 2469 1443 dici
2515 1387 2726 1460 potuit,
2753 1403 2891 1443 cum
2938 1387 3040 1444 illa
3085 1385 3322 1444 Domini
3364 1385 3681 1455 sententia,
3712 1400 3851 1456 quae

2194 1476 2428 1532 nullum
2458 1477 2520 1533 in
2549 1476 2811 1550 peccatis
2839 1477 3164 1533 discrimen
3203 1477 3394 1550 ponit,
3423 1492 3546 1532 una
3573 1474 3851 1531 omnium

2194 1565 2511 1636 aptissima
2541 1566 2614 1622 sit
2639 1572 2816 1638 atque
2839 1565 3477 1622 accommodatissima
3506 1563 3584 1619 ad
3611 1562 3852 1618 animos

2192 1655 2633 1727 perterrendos.
2667 1659 2819 1727 Ergo
2863 1656 2912 1710 si
2941 1656 3076 1710 finis
3118 1659 3271 1726 ejus,
3304 1670 3487 1726 quem
3533 1652 3643 1708 sibi
3684 1650 3852 1707 Basio

419 1747 686 1805 nasteria
733 1746 813 1804 ad
861 1745 1350 1802 exercitationem
1391 1744 1692 1801 introduci
1729 1745 1926 1813 vellet,
1953 1746 2083 1801 haec
2114 1756 2154 1810 Β
2191 1743 2306 1800 lius
2357 1746 2695 1817 proposuit,
2745 1745 2897 1802 ratio
2941 1745 3260 1810 habeatur,
3294 1744 3442 1800 nihil
3487 1749 3571 1797 est
3620 1744 3684 1797 in
3731 1741 3852 1796 hac

419 1839 565 1906 erat,
588 1834 754 1908 quod
782 1833 1087 1908 ejusmodi
1107 1837 1290 1890 castae
1319 1833 1452 1889 vitae
1482 1834 1736 1904 agendae
1766 1833 2082 1889 consilium

417 1925 701 1998 precibus
754 1929 812 1981 et
853 1923 1101 1997 jejuniis
1150 1939 1311 1995 saepe
1355 1922 1418 1978 in
1448 1922 1654 1978 multis
1695 1923 2081 1995 prmvaliiisse

417 2019 646 2071 nosset.
679 2013 851 2080 Quod
897 2011 1068 2070 addit
1114 2011 1533 2079 Combeﬁsius,
1560 2012 1844 2068 traditam
1875 2013 1937 2068 in
1967 2013 2081 2069 hac

415 2103 626 2174 regula
644 2102 983 2161 doctrinam
1007 2118 1044 2159 a
1065 2101 1337 2158 Patribus
1359 2101 1812 2171 Gangrensibus
1832 2103 2083 2158 damna-

417 2197 542 2250 tam
587 2191 797 2257 fuisse,
829 2191 892 2248 id
937 2191 1016 2248 ad
1045 2207 1175 2247 rem
1206 2206 1331 2246 non
1361 2191 1659 2263 pertinere
1684 2191 1815 2262 jam
1845 2191 2081 2263 pridem

419 2282 659 2339 monuit
697 2280 1068 2338 clarissimus
1111 2279 1204 2335 vir
1241 2279 1673 2335 Tillemontius.
1704 2283 1768 2334 ln
1810 2295 1881 2335 eo
1920 2280 2080 2336 enim

418 2370 672 2428 concilio
695 2371 773 2444 (a)
794 2371 888 2426 hee
909 2367 1190 2425 mulieres
1210 2367 1603 2434 damnantur,
1629 2384 1767 2440 qum
1797 2369 1934 2423 ideo
1955 2385 2080 2424 ma-

417 2459 564 2518 ritos
583 2459 1029 2533 relinquebant,
1051 2457 1221 2530 quod
1239 2456 1696 2513 matrimonium
1725 2457 2038 2514 horrerent
2062 2476 2075 2514 :

418 2565 603 2624 quem
642 2548 910 2621 coniugii
935 2549 1252 2605 horrorem
1283 2551 1521 2603 tantum
1544 2547 1716 2603 abest
1744 2553 1810 2603 ut
1833 2547 2081 2616 Regula-

418 2656 554 2696 rum
577 2644 788 2696 auctor
814 2637 1092 2708 suaserit,
1114 2636 1383 2694 utetiam
1404 2637 1648 2709 nuptias
1677 2640 1731 2692 et
1751 2637 2080 2708 permissas

419 2733 477 2786 et
524 2729 674 2801 [Dei]
719 2727 1144 2785 benedictione
1187 2727 1522 2783 honoratas
1571 2725 1752 2782 fuisse
1801 2742 2080 2797 expresse

419 2815 583 2872 dicat
612 2819 760 2887 (reg.
786 2818 823 2874 5
861 2815 1025 2887 fus.).
1062 2815 1229 2882 Quod
1272 2815 1486 2870 ultimo
1517 2815 1652 2871 loco
1683 2814 2080 2871 Combeﬁsuis

421 2904 645 2976 objicit,
699 2905 762 2961 id
805 2904 1178 2961 'I‘illemontio
1226 2904 1310 2961 ita
1363 2920 1544 2975 grave
1605 2905 1806 2960 visum
1859 2909 1966 2973 est,
2017 2907 2084 2960 ut

424 2994 711 3052 Basilium
755 2994 1035 3051 deserere
1081 3009 1207 3050 non
1268 2994 1578 3051 dubitarit.
1618 2997 1748 3060 Qua
1796 2993 1870 3049 de
1910 3009 1974 3049 re
2019 2997 2086 3049 ut

2191 1833 2421 1902 regula,
2445 1835 2611 1905 quod
2632 1839 2734 1891 aut
2755 1850 2790 1890 a
2817 1833 3179 1891 Combeﬁsio
3205 1834 3339 1904 jure
3367 1833 3630 1905 potuerit
3651 1846 3854 1904 repre-

2192 1921 2397 1990 hendi,
2430 1928 2532 1979 aut
2561 1938 2596 1978 a
2626 1923 3002 1978 Tillemontio
3032 1923 3372 1978 necessario
3402 1922 3593 1994 excipi
3624 1923 3850 1980 debue-

2191 2010 2286 2066 rit.
2314 2011 2568 2066 Basilius
2602 2016 2824 2076 autem,
2858 2011 3033 2084 quasi
3063 2011 3437 2083 praevidisset
3464 2027 3588 2067 non
3618 2013 3848 2081 defore,

2192 2099 2296 2170 qui
2345 2099 2536 2171 ipsius
2586 2101 2770 2156 verba
2818 2101 2879 2156 in
2928 2100 3154 2156 malam
3199 2105 3435 2171 partem
3483 2101 3848 2172 acciperent,

2193 2189 2552 2245 sententiam
2575 2206 2748 2245 suam
2768 2190 2844 2245 de
2869 2190 3216 2245 discrimine
3246 2195 3630 2261 peccatorum
3661 2189 3852 2245 diser-

2192 2277 2421 2333 tissime
2470 2279 2812 2350 explicavit,
2845 2296 2986 2335 cum
3028 2281 3159 2335 haec
3207 2279 3439 2334 addidit
3477 2281 3643 2350 (pag.
3675 2284 3845 2348 518):

2190 2364 2356 2428 ’Ὁλως
2389 2363 2447 2419 δὲ
2479 2368 2521 2419 εἰ
2552 2367 2928 2441 ἐπιτρεπόμεθα
2954 2369 3116 2441 λέγειν
3155 2373 3340 2442 μικρὸν
3383 2373 3474 2419 καὶ
3504 2373 3640 2441 μέγα
3669 2367 3846 2442 ἀμάρ-

2191 2473 2352 2526 τημα,
2381 2453 2747 2530 ἀναντίρρητον
2775 2460 2887 2528 ἔχει
2913 2463 3004 2515 τὴν
3028 2453 3308 2524 ἀτοδειξιν,
3334 2457 3537 2528 ἑκάστῳ
3557 2461 3690 2528 μέγα
3716 2455 3848 2509 εἶναι

2190 2547 2249 2594 τὸ
2276 2542 2497 2595 ἑκάστου
2529 2554 2772 2617 κρατοῦν,
2806 2552 2894 2598 καὶ
2941 2550 3126 2619 μικρὸν
3157 2554 3328 2610 τοῦτο,
3364 2547 3422 2597 οὗ
3462 2546 3680 2606 ἕκαστος
3709 2565 3845 2618 κρα-

2191 2639 2355 2686 τεῖ....
2391 2638 2473 2685 Δεῖ
2503 2630 2590 2684 οὖν
2617 2632 2699 2685 ἐπὶ
2728 2639 2918 2696 παντὸς
2939 2635 3321 2709 ἁμαρτάνοντος
3347 2631 3653 2692 οἱονδὴποτε
3678 2632 3847 2707 ἀμάρ-

2192 2740 2354 2793 τημα,
2407 2721 2681 2793 φυλάσσειν
2707 2728 2765 2776 τὸ
2796 2731 2960 2797 κρῖμα
2998 2732 3088 2775 τοῦ
3123 2728 3314 2798 Κυρίου
3366 2724 3612 2790 εἰπόντος,
3646 2725 3726 2775 ὅτι
3749 2722 3846 2776 Ἀν

2194 2811 2401 2886 ἁμάρτῃ
2436 2832 2507 2874 εις
2539 2816 2594 2866 σὲ
2625 2815 2650 2865 ὁ
2682 2810 2902 2886 ἀδελφὸς
2935 2835 3048 2881 σου,
3079 2815 3264 2886 ὕπαγε,
3298 2813 3498 2885 ἔλεγξον
3548 2813 3700 2865 αὐτὸν
3749 2833 3848 2886 με-

2194 2903 2321 2965 suae
2355 2911 2448 2955 σοῦ
2480 2907 2568 2955 καὶ
2600 2905 2758 2956 αὐτοῦ
2789 2910 2966 2977 μόνου,
2991 2909 3106 2961 etc.
3146 2907 3272 2961 Uno
3294 2905 3490 2968 verbo,
3511 2906 3563 2960 si
3585 2919 3852 2974 parvum

2195 2999 2249 3049 et
2299 3008 2586 3064 magnum
2644 3003 2950 3064 peccatum
3002 2996 3201 3052 dicere
3248 2995 3416 3050 nobis
3475 2997 3674 3064 liceat,
3725 2995 3859 3051 sine

426 3084 620 3141 cuivis
663 3083 882 3141 melius
922 3083 1266 3140 existimare
1303 3083 1500 3152 liceat,
1521 3084 1721 3140 Basilii
1759 3089 1816 3140 et
1839 3084 2087 3140 Combe-
2116 3112 2155 3167 Ο
2196 3085 2608 3140 controversia
2628 3087 2846 3154 negari
2864 3101 2981 3140 non
3001 3091 3215 3154 potest,
3242 3086 3469 3156 hocque
3491 3085 3703 3156 cuique
3721 3099 3856 3139 ma-

424 3173 542 3230 ﬁsii
566 3173 754 3230 verba
781 3173 1066 3231 referam.
1097 3172 1361 3229 Basilius
1391 3179 1539 3244 (reg.
1571 3176 1698 3244 293)
1723 3192 1735 3229 :
1764 3181 1969 3247 Πρῶτον
1996 3178 2084 3247 μὲν

429 3260 621 3317 εἰδέναι
648 3267 782 3337 χρὴ,
807 3264 888 3315 ὅτι
916 3261 967 3315 ἐν
997 3271 1059 3336 τῇ
1097 3269 1258 3335 Καινῇ
1294 3265 1526 3336 Διαθήκῃ
1559 3266 1753 3322 ταύτην
1783 3269 1876 3321 τὴν
1905 3261 2087 3335 διαφο-

427 3356 522 3427 ρὰν
571 3353 666 3406 οὐκ
713 3356 826 3406 ἔστι
874 3353 1075 3426 μαθεῖν.
1122 3356 1234 3405 Μία
1279 3355 1379 3427 γὰρ
1413 3350 1676 3424 ἀπόφασις
1717 3357 1853 3405 κατὰ
1881 3356 2084 3406 πάντων

429 3442 818 3517 ἁμαρτημάτων
855 3448 1042 3509 κεῖται,
1077 3448 1170 3494 τοῦ
1199 3446 1393 3516 Κυρίου
1426 3442 1656 3504 εἰπόντος
1689 3463 1701 3475 ο
1737 3443 1816 3494 ὅτι
1839 3441 1897 3494 e0
1926 3452 2084 3495 ποιῶν

428 3536 523 3591 τὴν
550 3532 810 3607 ἁμαρτιαν
841 3527 1026 3594 δοῦλός
1053 3529 1166 3584 ἐστι
1190 3539 1287 3592 τῆς
1317 3531 1664 3606 ἁμαρτίας....
1698 3535 1786 3582 καὶ
1817 3540 1908 3584 τοῦ
1936 3534 2088 3585 Ιωάν-

428 3641 517 3675 νου
549 3621 797 3696 βοῶντος·
829 3620 890 3674 Ὀ
921 3619 1142 3674 ἀπειθῶν
1168 3629 1242 3693 τῷ
1271 3623 1395 3692 Υἱῷ,
1427 3621 1520 3674 οὐκ
1551 3621 1734 3692 ὄψεται
1781 3625 1874 3679 τὴν
1925 3622 2083 3689 ζωὴν,

430 3711 535 3766 ἀλλ’
561 3715 590 3772 ἠ
621 3711 749 3787 ὀργὴ
777 3717 869 3764 τοῦ
901 3718 1033 3766 Θεοῦ
1063 3718 1203 3784 μενεῖ
1244 3709 1319 3762 ἐπ’
1349 3709 1525 3779 αὑτὸν,
1557 3719 1654 3772 τῆς
1701 3709 1964 3772 ἀπειθείας
1994 3711 2088 3763 οὐκ

430 3800 480 3855 ἐν
509 3810 570 3875 τῇ
603 3799 832 3876 διαφορᾷ
858 3809 958 3853 τῶν
986 3801 1394 3876 ἁμαρτημάτων,
1426 3798 1530 3852 ἀλλ’
1560 3799 1608 3852 ἐν
1637 3809 1698 3874 τῇ
1723 3809 1960 3875 παρακοῇ
1994 3806 2087 3859 τὴν

431 3889 643 3950 ἀπειλὴν
666 3890 917 3964 ἐχούσης.
933 3892 1208 3947 Primum
1229 3891 1469 3962 quidem
1491 3905 1661 3947 nosse
1679 3898 1909 3960 oportet
1931 3892 2090 3948 hanc

427 3980 858 4052 (peccatorum)
875 3979 1282 4049 differentiam
1301 3981 1364 4035 in
1379 3981 1546 4035 Novo
1575 3980 1948 4035 Testamento
1968 3996 2087 4036 non

429 4071 708 4141 reperiri.
761 4069 894 4126 Una
939 4082 1199 4139 namque
1241 4067 1500 4124 habetur
1539 4069 1836 4123 sententia
1871 4071 2088 4124 adver-

429 4175 531 4216 sus
559 4159 841 4232 qutelibet
873 4162 1149 4229 peccata,
1183 4171 1316 4212 cum
1345 4156 1633 4212 Dominus
1663 4156 1830 4213 dicat
1856 4172 1880 4213 .·
1910 4178 1938 4206 ‹‹
1977 4156 2093 4223 Qui

428 4251 582 4321 facit
602 4255 940 4320 peccatum,
968 4261 1177 4304 servus
1205 4251 1288 4302 est
1310 4245 1547 4315 peccati
1563 4246 1703 4301 ⁴⁰....
1725 4266 1754 4296 ››
1783 4247 1922 4302 item
1953 4261 2086 4302 cum

429 4341 695 4396 Joannes
724 4339 945 4394 clamet
963 4352 986 4393 ,ο
1004 4358 1033 4389 ι(
1061 4337 1175 4405 Qui
1192 4351 1314 4391 non
1345 4335 1540 4391 obedit
1571 4335 1747 4405 Filio,
1772 4351 1893 4392 non
1924 4336 2086 4392 vide-

434 4428 518 4484 bit
565 4428 773 4496 vitam,
812 4425 916 4482 sed
951 4427 1047 4483 ira
1085 4424 1196 4481 Dei
1229 4423 1496 4481 manebit
1532 4439 1714 4494 super
1745 4426 1936 4494 ipsum
1957 4426 2026 4488 ιι,
2057 4446 2085 4475 »

433 4516 815 4574 contumacia
843 4531 963 4572 non
994 4515 1066 4572 ob
1095 4521 1482 4586 peccatorum
1525 4515 1868 4584 discrimen,
1890 4515 1993 4571 sed
2017 4516 2087 4571 ob

431 4606 959 4677 trangressionem,
1009 4606 1205 4662 locum
1255 4605 1712 4662 comminationi
1756 4605 2082 4678 prtebente.

434 4694 829 4753 Combeﬁsius
860 4695 936 4768 (b)
961 4711 985 4752 ,ο
1011 4695 1215 4752 Stoica
1257 4698 1662 4765 peccatorum,
1702 4696 1942 4752 auctori
1986 4711 2085 4752 as-

431 4791 611 4857 serta,
657 4785 1000 4858 aequalitas,
1042 4785 1400 4855 cautiusque
1442 4790 1498 4840 et
1557 4785 1682 4840 alia
1729 4799 1900 4853 vena,
1941 4800 2086 4856 quos

431 4876 830 4932 Hermantius
859 4876 1034 4947 quasi
1052 4875 1290 4944 afﬁnes,
1305 4879 1412 4930 aut
1437 4875 1615 4931 etiam
1642 4875 1960 4945 rigidiores
1978 4891 2086 4931 suo

433 4965 534 5023 hic
560 4967 821 5038 Basilio,
854 4966 1104 5023 adducit
1126 4967 1368 5022 Patres.
1397 4967 1519 5034 Ego
1550 4980 1621 5020 ea
1643 4964 1703 5020 in
1734 4980 1795 5020 re
1826 4969 1884 5020 et
1923 4981 1959 5021 a
1987 4965 2086 5021 Til.

430 5056 719 5113 lemontio
742 5055 962 5130 (c),qui
990 5058 1180 5112 totam
1201 5054 1360 5111 hanc
1385 5054 1956 5126 regulam,exceptis
1985 5055 2083 5110 tri-

430 5144 547 5202 bus
575 5145 785 5219 primis
807 5144 1100 5215 versibus,
1121 5159 1327 5201 veram
1349 5147 1746 5217 sanctamque
1776 5159 1846 5200 ac
1867 5143 2084 5199 miram

2195 3187 2379 3241 gnum
2405 3188 2547 3240 esse,
2570 3176 2740 3243 cujus
2770 3176 3017 3246 quisque
3036 3175 3360 3244 subjicitur
3379 3174 3672 3229 dominio:
3692 3173 3860 3228 illud

2197 3277 2334 3318 vero
2378 3277 2660 3334 parvum,
2713 3266 2817 3320 cui
2867 3266 3115 3336 quisque
3161 3265 3628 3321 dominatur.....
3686 3263 3855 3329 Qua-

2186 3357 2444 3420 propter
2489 3368 2635 3422 erga
2680 3369 3092 3424 quemcunque
3147 3356 3561 3424 cujuscunque
3615 3353 3856 3422 generis

2190 3448 2506 3510 peccatum
2534 3443 2942 3499 admittentem
2974 3444 3336 3499 servandum
3369 3449 3455 3499 est
3477 3448 3854 3512 praeceptum

2197 3532 2458 3597 Domini,
2505 3533 2611 3602 qui
2653 3533 2850 3589 dixit:
2892 3556 2917 3582 ‹‹
2959 3531 3026 3588 Si
3058 3534 3393 3603 peccaverit
3435 3534 3498 3588 in
3548 3535 3603 3587 te
3644 3532 3856 3600 frater

2199 3625 2359 3686 tuus,
2407 3621 2576 3691 vade,
2629 3623 2869 3691 corripe
2909 3637 3042 3677 eum
3088 3623 3248 3677 inter
3304 3628 3358 3677 te
3413 3627 3466 3677 et
3517 3622 3709 3689 ipsum
3756 3634 3852 3675 so-

2201 3710 2323 3765 lum
2349 3711 2417 3777 ⁴²,
2453 3733 2480 3760 ››
2520 3715 2636 3767 etc.
2677 3711 2939 3767 Primum
2969 3711 3218 3782 quidem
3247 3713 3541 3783 tanquam
3584 3709 3635 3764 si
3678 3709 3861 3764 dubi-

2197 3802 2398 3871 tasset,
2423 3799 2506 3855 ita
2529 3799 2767 3855 locutus
2797 3804 2903 3869 est,
2927 3801 2980 3855 si
3000 3801 3169 3855 nobis
3198 3801 3334 3856 licet
3353 3815 3613 3868 parvum
3642 3804 3698 3855 et
3725 3814 3860 3854 ma-

2197 3905 2384 3958 gnum
2414 3890 2614 3945 dicere
2631 3904 2654 3944 .·
2675 3889 2783 3944 sed
2814 3889 3013 3944 statim
3043 3904 3235 3960 parva
3264 3894 3321 3945 et
3345 3903 3571 3958 magna
3601 3892 3860 3960 peccata

2197 3994 2262 4033 re
2290 3977 2426 4049 ipsa
2451 3977 2711 4032 discerni
2740 3982 3017 4050 oportere
3049 3985 3252 4050 aperte
3281 3977 3566 4044 ostendit,
3599 3993 3736 4032 cum
3767 3976 3862 4034 ita

2198 4065 2435 4138 scripsit
2459 4084 2471 4122 :
2503 4067 2648 4122 Sine
2678 4070 3087 4123 controversia
3114 4069 3333 4138 negari
3356 4083 3478 4123 non
3501 4071 3716 4136 potest,
3741 4066 3864 4121 hoc

2199 4155 2414 4226 cuique
2433 4171 2720 4225 magnum
2750 4171 2871 4212 esse
2900 4159 3074 4226 cujus
3113 4159 3363 4227 quisque
3390 4157 3712 4226 subjicitur
3738 4155 3858 4210 do—

2197 4245 2423 4300 minio:
2452 4245 2611 4301 illud
2633 4260 2768 4302 vero
2785 4261 3068 4317 parvum,
3094 4248 3194 4302 cui
3211 4249 3461 4318 quisque
3479 4246 3856 4301 dominatur.

2200 4337 2346 4390 Ecce
2377 4334 2537 4390 enim
2580 4334 2687 4390 tibi
2718 4334 2839 4390 duo
2879 4341 3263 4406 peccatorum
3296 4350 3517 4404 genera
3538 4333 3864 4405 perspicue

2199 4425 2503 4482 distincta.
2534 4425 2666 4480 Alia
2714 4441 2824 4480 suo
2855 4441 2966 4480 nos
3008 4425 3278 4481 dominio
3309 4423 3638 4495 subjiciunt
3669 4439 3682 4477 :
3716 4422 3860 4478 aliis

2197 4531 2309 4571 nos
2358 4513 2782 4580 dominamur;
2815 4514 2930 4569 hoc
2976 4518 3084 4577 est,
3127 4513 3245 4570 alia
3279 4529 3504 4583 magna
3540 4517 3698 4581 sunt,
3730 4511 3862 4569 alia

2197 4620 2407 4675 parva.
2433 4607 2559 4660 Imo
2599 4603 2921 4658 dilucidius
2953 4604 3131 4658 etiam
3158 4603 3287 4659 haec
3315 4608 3702 4675 peccatorum
3732 4600 3865 4656 dis-

2199 4693 2400 4749 tinctio
2429 4697 2682 4765 apparet
2709 4708 2776 4747 ex
2800 4692 2891 4747 his
2923 4708 3058 4765 qua:
3089 4697 3425 4765 sequuntur
3445 4691 3664 4747 verbis.
3691 4691 3859 4756 Qua-

2191 4789 2446 4854 propter
2501 4798 2647 4852 erga
2701 4797 3110 4854 quemcunque
3167 4785 3578 4852 cujuscunque
3619 4784 3864 4851 generis

2191 4879 2505 4943 peccatum
2525 4871 2938 4928 admittentcm
2967 4873 3332 4928 servandum
3365 4877 3451 4927 est
3472 4874 3849 4940 praeceptum

2195 4962 2456 5029 Domini,
2479 4963 2602 5032 qui,
2625 4966 2734 5016 etc.
2760 4964 2908 5017 Nam
2930 4962 3044 5017 hoc
3066 4961 3250 5016 modo
3271 4961 3376 5032 qui
3402 4960 3688 5032 loquitur,
3711 4975 3858 5031 pec-

2197 5057 2334 5108 cata
2382 5051 2588 5107 omnia
2631 5051 2811 5106 unius
2858 5056 2915 5107 et
2961 5038 3233 5122 ejusdem
3273 5050 3507 5120 generis
3547 5065 3680 5104 esse
3723 5064 3858 5106 non

2195 5144 2387 5215 putat,
2412 5141 2518 5197 sed
2543 5140 2888 5214 multiplicis
2912 5158 2924 5196 :
2957 5157 3094 5196 cum
3119 5156 3236 5195 vox
3266 5140 3663 5211 quodcunque
3686 5154 3760 5195 ex
3789 5155 3861 5195 se

503 5329 553 5368 ‘°
587 5331 762 5391 Joan.
789 5346 913 5404 VIII,
942 5332 1034 5392 34.
1111 5333 1156 5371 ⁸⁸
1197 5299 1374 5390 Ιοοῐι.
1401 5347 1482 5401 ιιι,
1510 5334 1604 5389 36.
1680 5332 1727 5368 ⁸³
1766 5331 1966 5390 Matth.
1995 5346 2150 5400 xvm,
2185 5336 2269 5388 15.

499 5518 582 5663 ἔα)
621 5518 766 5576 Can.
796 5521 861 5576 14
889 5519 1072 5576 Cone.
1095 5522 1240 5577 tom.
1275 5521 1344 5575 II.

525 5591 582 5663 b)
622 5589 835 5650 Comb.
866 5590 928 5648 in
955 5591 1104 5651 Bas.
1133 5595 1283 5650 tom.
1314 5594 1344 5647 II

525 5591 582 5664 b)
622 5589 835 5650 Comb.
866 5590 928 5648 in
955 5591 1104 5651 Bas.
1133 5595 1283 5650 tom.
1314 5593 1382 5660 II,
1413 5604 1556 5663 pag.
1584 5593 1710 5660 223,

2259 5518 2330 5592 (c)
2382 5519 2481 5578 Vie
2509 5519 2580 5578 de
2609 5519 2674 5576 S.
2703 5517 2927 5586 Basite,
2954 5531 3013 5590 p.
3043 5519 3169 5573 642.
