4058 6192
253 221 364 273 H7

1791 211 2176 268 PREFATIO.

3596 217 3698 271 H8

247 338 574 413 multiplex
604 338 905 412 quiddam
934 343 994 397 et
1019 339 1255 397 varium
1283 339 1601 411 signiﬁcet.
1632 339 1927 394 Praeterea
1956 336 2005 390 Α
2041 336 2488 394 mentaetcerta
2507 335 2925 393 etinduhitata
2944 335 3006 392 in
3019 335 3259 407 Regulis
3281 339 3698 409 exstare(c),ut

247 445 393 486 eum
442 429 714 485 Basilius
749 430 832 486 ita
873 430 1113 486 locutus
1149 435 1258 501 est,
1323 446 1375 486 δι
1409 444 1671 501 parvum
1701 434 1759 485 et
1807 440 1931 482 ma-

249 535 440 590 gnum
465 520 675 576 dicere
694 518 864 575 nobis
888 521 1086 588 liceat,
1110 535 1232 576 non
1254 520 1501 592 proprie
1521 518 1819 575 dubitavit
1846 530 1928 572 an

2039 423 2119 480 ob
2139 425 2422 496 exiguam
2441 426 2504 482 in
2524 442 2647 482 una
2667 442 2730 482 re
2750 425 3308 482 dissimilitudinem
3333 443 3435 484 eas
3456 443 3696 501 suspec-

2039 517 2130 571 tas
2167 515 2380 571 haberi
2407 532 2653 588 aequum
2681 531 2808 571 non
2837 515 2929 578 sit,
2974 531 3115 571 cum
3154 516 3306 572 ratio
3326 517 3608 589 postulet,
3631 522 3696 574 ut

248 609 370 665 alia
386 615 656 683 peccata
678 625 911 680 magna
929 609 1288 678 essent,alia
1308 625 1524 683 parva;
1549 609 1656 664 sed
1677 604 1931 664 credidit
2036 604 2304 677 plurium
2345 605 2675 661 similitudo
2727 605 2904 660 unius
2953 604 3467 674 dissimilitudine,
3501 623 3694 680 eaque

245 699 468 754 omnia
498 704 761 771 peccata
781 713 1013 769 magna
1031 699 1152 755 dici
1191 715 1388 772 posse,
1422 699 1471 753 si
1494 702 1795 770 spectetur
1821 697 1929 769 qui

249 787 592 844 oﬂenditur
611 788 802 843 Deus:
823 787 992 861 quod
1013 804 1137 844 non
1158 787 1411 860 impedit
1429 787 1578 861 quin
1598 786 1789 843 multa
1809 786 1928 842 sint

247 893 465 950 parva,
499 877 553 933 si
587 893 732 934 cum
764 877 1146 947 gravioribus
1184 882 1632 950 comparentur.
1657 876 1926 948 Denique

243 967 457 1023 omnia
502 966 697 1022 simul
735 965 1087 1023 Combeﬁsii
1108 970 1487 1037 argumenta,
1509 981 1648 1038 quae
1671 964 1750 1021 ad
1788 980 1925 1020 sen-

245 1055 486 1127 tentias,
497 1055 832 1128 pertinent,
857 1055 1120 1112 arbitror
1143 1054 1314 1111 facile
1337 1053 1486 1111 solvi
1515 1069 1698 1127 posse
1720 1052 1799 1110 ab
1827 1068 1921 1122 eo,

237 1145 343 1218 qui
366 1145 665 1201 universe
686 1144 844 1201 dicet
864 1144 1033 1202 aliter
1055 1143 1398 1200 locuturum
1421 1143 1607 1200 fuisse
1629 1142 1809 1198 Basili
1819 1159 1923 1198 um

239 1233 290 1288 si
317 1239 426 1289 aut
451 1232 539 1288 ad
570 1233 924 1306 episcopos,
942 1238 1048 1289 aut
1068 1233 1148 1288 ad
1168 1232 1316 1289 alios
1337 1232 1582 1305 quosvis
1612 1232 1922 1304 perspica-

235 1322 432 1378 ciores
471 1321 648 1378 viros
690 1323 1069 1395 scripsisset;
1112 1337 1222 1378 nec
1259 1321 1486 1378 mirum
1516 1337 1668 1388 esse,
1700 1320 1748 1376 si
1781 1337 1920 1396 cum

233 1411 350 1466 sibi
370 1426 594 1466 sermo
621 1417 786 1468 esset
822 1428 965 1467 cum
998 1411 1337 1478 monachis,
1361 1411 1477 1467 hoc
1507 1416 1619 1482 est,
1652 1427 1791 1467 cum
1829 1411 1921 1467 in-

229 1500 452 1570 genuis
474 1515 554 1556 ac
579 1500 964 1572 simplicibus
983 1499 1360 1565 hominibus;
1383 1501 1586 1556 minus
1609 1500 1683 1556 de
1705 1501 1920 1557 verbo-

227 1605 363 1646 rum
405 1589 664 1646 delectu
685 1590 929 1659 curarit,
955 1591 1142 1646 modo
1169 1606 1271 1646 eos
1301 1590 1381 1646 ad
1413 1590 1671 1647 salutem
1701 1591 1918 1664 perdu-

2033 694 2360 765 levissima,
2381 695 2580 767 potior
2612 695 2937 766 judicetur.
2984 695 3272 764 Alterum,
3296 696 3430 767 ejus
3453 695 3692 767 generis

2034 783 2324 840 adverbia
2351 801 2475 841 non
2496 786 2580 842 ita
2598 784 2938 858 frequentia
2963 801 3114 851 esse,
3135 791 3200 842 ut
3220 791 3542 857 propterea
3564 802 3692 842 sus-

2031 873 2189 946 picio
2219 873 2426 947 aliqua
2464 874 2724 930 suboriri
2749 874 2961 930 merito
2992 874 3201 945 possit.
3237 877 3386 930 Cum
3426 875 3588 930 enim
3627 875 3689 930 in

2030 965 2303 1036 utrisque
2341 965 2580 1034 Regulis
2609 980 2733 1020 non
2756 964 3038 1037 amplius,
3071 964 3308 1036 opinor,
3331 964 3686 1037 quindecies

2029 1054 2455 1122 adhibeantur,
2474 1069 2655 1110 nemo
2677 1055 2806 1121 erit,
2833 1054 2957 1126 qui,
2983 1053 3031 1109 si
3061 1053 3260 1125 operis
3283 1053 3685 1126 prolixitatem

2028 1142 2386 1210 consideret,
2415 1159 2616 1215 pauca
2644 1158 2716 1199 ea
2735 1159 2865 1199 esse
2885 1158 3008 1198 non
3029 1148 3293 1200 censeat.
3309 1142 3686 1215 Complectar

2028 1231 2237 1288 omnia
2261 1248 2384 1289 uno
2406 1231 2608 1288 verbo.
2624 1233 2767 1301 Etsi,
2787 1235 2852 1286 ut
2872 1247 3015 1286 mox
3033 1231 3316 1303 vidimus,
3339 1231 3475 1304 styli
3496 1231 3681 1287 solius

2025 1323 2179 1379 ratio
2199 1323 2756 1390 haberetur,tamen
2774 1321 3033 1391 Regulas
3058 1322 3240 1378 tribui
3268 1322 3487 1378 Basilio
3509 1337 3683 1395 opor-

2025 1410 2193 1478 teret,
2213 1424 2353 1463 cum
2374 1424 2566 1480 parva
2587 1408 2794 1480 aliqua
2813 1407 2875 1462 in
2899 1422 3024 1462 una
3044 1423 3108 1462 re
3127 1407 3535 1480 discrepantia
3557 1423 3681 1463 ma-

2025 1511 2160 1567 gna:
2181 1497 2241 1552 in
2263 1497 2490 1552 caeteris
2511 1496 2902 1553 concensioni
2917 1496 3127 1552 cedere
3148 1497 3433 1552 debeat.N
3442 1511 3556 1551 unc
3577 1512 3682 1552 au-

2022 1593 2146 1644 tem
2169 1604 2308 1644 cum
2330 1593 2544 1660 praeter
2559 1603 2853 1658 magnam
2872 1588 3038 1644 illam
3059 1587 3198 1659 styli
3217 1588 3278 1643 in
3299 1587 3527 1644 caeteris
3543 1603 3680 1643 cou-

227 1684 406 1736 ceret.
456 1680 558 1736 Ad
593 1685 814 1738 caetera
851 1695 1128 1752 pergam,
1170 1681 1217 1735 si
1248 1680 1419 1753 prius
1449 1696 1747 1736 monuero
1796 1680 1915 1737 alia
1947 1685 1994 1742 B
2024 1677 2368 1734 sensionem
2403 1682 2730 1749 suppetant
2760 1676 2950 1733 multa
2980 1677 3099 1733 alia
3127 1680 3506 1747 argumenta.
3547 1692 3681 1749 par-

223 1768 524 1842 quedam
548 1768 717 1831 loca,
730 1784 870 1840 qua;
891 1768 1116 1838 negotii
1130 1767 1356 1841 aliquid
1371 1768 1737 1824 Combeﬁsio
1754 1769 1916 1824 exhi-

223 1857 516 1923 buerant,
543 1857 612 1912 in
643 1856 800 1913 notis
818 1856 1124 1915 illustrari.
1149 1859 1514 1930 Quanquam
1539 1857 1722 1928 igitur
1743 1859 1915 1936 Gom-

221 1945 477 2001 beﬁsius
504 1961 768 2001 omnem
788 1961 966 2000 suam
983 1961 1234 2018 operam
1255 1946 1316 2002 in
1331 1962 1403 2002 eo
1422 1946 1721 2019 posuit,ut
1741 1946 1915 2001 doce-

221 2041 308 2091 ret
335 2034 733 2105 [tegularum
762 2035 1100 2091 doctrinam
1131 2035 1308 2091 talem
1341 2052 1496 2103 esse,
1519 2051 1656 2108 quae
1686 2035 1747 2090 in
1775 2051 1912 2090 san-

217 2125 582 2181 ctissimum
616 2124 814 2180 virum
839 2123 1129 2181 Basilium
1150 2124 1474 2180 convenire
1505 2141 1626 2181 non
1658 2128 1861 2196 posset
1893 2146 1907 2181 :

218 2220 423 2269 tamen
456 2213 796 2270 adnotavit
815 2213 996 2286 quasi
1016 2213 1388 2286 praeteriens,
1407 2213 1768 2284 Regularum
1791 2219 1907 2285 sty-

215 2304 340 2360 lum
361 2319 400 2358 a
425 2303 647 2360 Basilii
671 2302 830 2374 stylo
850 2309 1056 2374 aperte
1077 2303 1335 2359 differre.
1363 2304 1544 2374 Cujus
1566 2303 1907 2373 argumenti

217 2396 305 2446 vis
337 2398 407 2448 ut
445 2392 665 2462 magis
693 2390 1085 2461 intelligatur,
1107 2392 1285 2448 altius
1306 2392 1635 2465 repetenda
1665 2408 1762 2447 res
1791 2397 1900 2448 est.

214 2481 572 2538 Ieminisse
594 2496 746 2549 ergo
763 2481 962 2551 juvat,
987 2482 1134 2537 satis
1154 2497 1314 2554 saepe
1335 2482 1419 2537 ita
1450 2481 1819 2553 Scripturam
1839 2483 1902 2538 in

213 2570 458 2641 Regulis
483 2571 692 2640 citari,
709 2577 772 2625 ut
790 2570 1080 2643 quaadam
1101 2571 1391 2627 adverbia
1411 2575 1672 2643 praeant;
1695 2571 1902 2644 qualia

211 2666 352 2716 sunt
392 2663 720 2732 ὅρια-ταῶς,
747 2657 1272 2735 δυσωπητικώτερον,
1313 2661 1622 2729 καθολικῶς,
1647 2667 1702 2718 et
1733 2663 1898 2732 ejus-

205 2750 370 2805 modi
393 2749 550 2817 alia,
573 2765 718 2822 quae
761 2750 819 2804 in
843 2751 1256 2822 superioribus
1279 2754 1358 2815 (a)
1386 2751 1586 2808 videre
1621 2751 1813 2808 cuivis
1831 2750 1896 2807 li-

2022 1768 2128 1824 tim
2151 1783 2182 1823 e
2203 1768 2459 1837 ratione,
2483 1767 2702 1839 partim
2725 1783 2756 1822 e
2778 1771 3048 1823 veterum
3079 1767 3441 1840 scriptorum
3473 1771 3674 1823 aucto-

2020 1858 2194 1914 ritate
2215 1857 2418 1930 petita,
2436 1872 2468 1912 e
2488 1858 2713 1930 quibus
2736 1872 2860 1912 non
2878 1857 3136 1913 obscure
3157 1857 3492 1914 ostenditur
3512 1856 3678 1914 Basi-

2018 1949 2169 2006 lium
2187 1947 2554 2018 Regularum
2574 1963 2782 2004 verum
2802 1953 3117 2020 parentem
3138 1964 3290 2014 esse,
3307 1947 3533 2003 nemini
3553 1947 3677 2004 ulla

2018 2056 2208 2098 causa
2233 2055 2363 2095 esse
2401 2042 2620 2112 potest,
2654 2055 2762 2094 cur
2785 2038 2850 2094 id
2892 2055 3048 2110 opus
3077 2038 3249 2095 alteri
3279 2039 3542 2095 ascribat
3571 2040 3672 2111 (εἰ).

2018 2134 2101 2186 Ex
2140 2128 2364 2202 quibus
2417 2127 2703 2184 omnibus
2750 2127 3080 2198 intelligere
3136 2128 3296 2190 licet,
3337 2127 3670 2196 Ἀσκητικόν,

2014 2219 2184 2293 quod
2202 2222 2446 2285 vocant,
2463 2217 2541 2273 ad
2564 2217 2856 2275 Basilium
2878 2222 3070 2273 totum
3091 2219 3413 2290 pertinere,
3428 2219 3544 2274 hoc
3564 2221 3670 2286 est,

2010 2310 2248 2366 libellos
2269 2310 2355 2366 De
2364 2308 2600 2378 judicio
2617 2309 2728 2364 Dei
2741 2311 2798 2364 et
2812 2309 2899 2364 De
2915 2309 3056 2379 ﬁde,
3072 2308 3313 2364 Moralia
3333 2313 3389 2364 et
3408 2309 3668 2379 Regulus

2011 2407 2140 2458 tam
2177 2399 2484 2454 breviores
2521 2413 2711 2470 quam
2747 2397 3072 2469 longiores.
3107 2401 3171 2454 Et
3207 2399 3458 2472 quando
3489 2415 3666 2468 argu-

2009 2494 2217 2548 menta
2235 2487 2444 2552 multa,
2467 2502 2605 2559 quae
2642 2492 2866 2543 nostrae
2907 2489 3214 2544 sententiae
3237 2488 3548 2543 adversari
3577 2488 3665 2543 vi-

2007 2581 2287 2646 deantur,
2311 2576 2592 2648 colligere
2613 2575 2799 2633 semel
2821 2577 2998 2650 ccepi,
3017 2593 3364 2651 proponam
3386 2582 3443 2632 et
3472 2575 3661 2648 aliud,

2005 2673 2174 2745 quod
2212 2676 2270 2730 et
2304 2674 2510 2745 ipsum
2546 2682 2792 2742 quoque
2813 2668 3107 2725 momenti
3127 2668 3456 2741 plurimum
3477 2671 3660 2740 atque

2000 2762 2231 2820 roboris
2254 2762 2480 2820 habere
2519 2762 2597 2820 ab
2637 2759 2943 2834 aliquibus
2964 2757 3124 2814 credi
3146 2757 3357 2830 possit.
3382 2760 3656 2813 Fortasse

205 2844 312 2894 cet.
331 2842 459 2894 Hoc
481 2838 680 2908 igitur
692 2853 832 2894 cum
846 2839 1888 2902 animadvertissetCombeﬁsius(b).

204 2926 283 2981 ita
304 2927 604 2999 scripsit:
629 2928 958 2996 Aﬁ'ectatio
1001 2930 1340 2986 istiusmodi
1366 2931 1740 2999 adjectorum
1781 2945 1889 2987 au-

203 3020 353 3072 ctori
367 3019 739 3087 propria,et
765 3018 1056 3074 librorum
1093 3019 1167 3076 de
1209 3020 1515 3092 Baptismo
1551 3023 1623 3076 iis
1661 3023 1882 3092 ignota,
1914 3039 1956 3093 ο
1995 3032 2376 3088 anachoretae
2398 3027 3141 3095 habitarent,exstruenda
3161 3042 3432 3091 curasse;
3460 3025 3541 3081 ob
3560 3025 3649 3081 id-

200 3122 324 3177 qua
341 3108 533 3162 nullo
554 3109 849 3176 scrupulo
871 3108 1129 3165 audiunt
1144 3111 1614 3182 Basz'lz'ana.Ego
1631 3111 1881 3183 quidem
1991 3136 2111 3193 que
2131 3121 2249 3176 dici
2268 3120 2434 3177 nullo
2455 3119 2643 3176 modo
2653 3134 2836 3192 posse
2855 3117 3216 3188 Regularum
3237 3120 3566 3184 auctorem,
3581 3115 3642 3170 in
3734 3166 3738 3168 .

200 3195 512 3264 εὶυεωοάί
555 3195 853 3251 adverbia
889 3195 951 3251 in
989 3196 1231 3269 ι’θῙίίίῑιίδ
1262 3198 1456 3254 ΒᾶείΠῘ
1492 3199 1724 3270 Scriptis
1756 3215 1880 3257 non
1986 3210 2208 3282 quibus
2233 3209 2383 3266 illud
2419 3209 2662 3266 vivendi
2689 3207 3030 3264 institutum
3052 3205 3315 3262 maxime
3334 3205 3638 3278 vitupera-

196 3282 417 3352 ιαςίεεε
457 3299 566 3340 me
605 3284 838 3339 fateor:
875 3284 978 3339 sed
1013 3285 1214 3341 statim
1248 3286 1329 3342 οἱ)
1360 3292 1483 3343 tam
1511 3286 1708 3344 leVem
1740 3304 1879 3345 θεω-
1985 3304 2101 3358 tur.
2126 3303 2362 3356 Faterer
2381 3297 2716 3372 quidemid
2754 3301 3181 3368 argumentum
3203 3294 3463 3356 multum
3482 3293 3642 3351 vale-

199 3389 323 3429 sam
350 3373 630 3444 Regulas
651 3374 713 3429 in
734 3373 993 3431 dubium
1016 3377 1287 3432 revocari
1307 3393 1485 3450 posse
1506 3393 1684 3446 nego.
1711 3379 1873 3434 Scire
1978 3405 2065 3459 re,
2089 3390 2160 3459 si,
2183 3389 2547 3460 Regularum
2586 3388 2842 3460 scriptor
2861 3403 3074 3444 omnes
3103 3385 3355 3442 omnino
3376 3385 3634 3442 anacho.

197 3465 352 3520 “lim
382 3469 658 3536 oportet:
681 3463 908 3537 δίΥῙιιω
949 3465 1269 3538 ΡδιιῙυῙυω
1292 3467 1522 3523 variare
1562 3483 1671 3539 PFO
1702 3469 1869 3526 νθιΡίο
1975 3485 2134 3536 retos
2154 3478 2691 3552 reprehendendos
2711 3478 3068 3534 censuisset:
3094 3477 3202 3532 sed
3230 3493 3354 3532 non
3374 3476 3457 3532 ita
3476 3493 3628 3544 esse,

198 3552 434 3609 dicendi
457 3569 722 3624 εθιιετθς
764 3555 844 3610 0b
863 3555 1050 3628 ἱάίιιιθ
1072 3557 1292 3612 mirum
1324 3556 1506 3612 Videl‘i
1539 3573 1663 3613 non
1683 3557 1866 3614 debe-
1973 3585 2047 3624 ex
2083 3569 2232 3641 ipsis
2272 3568 2508 3639 Regulis
2529 3567 2843 3623 discimus.
2869 3569 3018 3623 Cum
3037 3566 3199 3622 enim
3221 3570 3431 3622 auctor
3451 3565 3627 3620 dixis-

195 3656 272 3709 ην
293 3645 344 3699 εἱ
376 3643 759 3712 Βθευιεινιιω
790 3644 983 3715 είῩῙυε
1021 3660 1060 3700 θλ
1096 3645 1467 3717 reliquorum
1499 3647 1861 3718 Scriptorum
1971 3662 2080 3713 set.
2103 3657 2204 3712 vix
2225 3657 2286 3713 in
2307 3656 2628 3712 solitudine
2649 3655 2896 3727 reperiri
2915 3670 3305 3727 quemquam,
3329 3654 3432 3724 qui
3453 3653 3626 3710 corri-

191 3731 342 3820 ﬂﬂO
377 3733 617 3820 9¥i8ua
648 3732 709 3786 in
734 3747 798 3787 τε
821 3732 1140 3805 discrepet
1183 3737 1329 3791 Cum
1351 3735 1860 3806 igitur-eiusmodi
1967 3752 2163 3820 gatur,
2186 3763 2325 3802 cum
2346 3761 2526 3802 nemo
2547 3745 2642 3815 sit,
2664 3745 2771 3817 qui
2792 3743 3072 3814 corrigat,
3094 3743 3178 3799 ita
3200 3743 3432 3816 scripsit
3471 3746 3616 3814 (reg.

189 3818 626 3874 adverbiorum
666 3835 814 3874 usus
832 3836 1030 3892 neque
1060 3821 1141 3877 ad
1177 3823 1527 3891 oratorium,
1548 3839 1747 3897 neque
1777 3824 1856 3881 ad

2015 3836 2161 3907 maj.
2186 3851 2247 3891 n.
2275 3837 2320 3907 1)
2348 3834 2474 3889 εὋν
2515 3834 2598 3888 ἐπὶ
2635 3843 2732 3895 τῆς
2769 3839 3040 3906 μονώσεως
3080 3833 3238 3905 εὑρεῖν
3284 3834 3494 3905 ἄπορον,
3542 3836 3613 3903 μὴ

189 3909 607 3980 epistolarem,
640 3925 841 3982 neque
869 3909 948 3967 ad
968 3911 1382 3982 dogmaticum
1411 3914 1636 3986 stylum
1677 3915 1852 3987 perti-

2014 3925 2310 3976 οοενωθέντα
2327 3925 2462 3976 κατὰ
2480 3927 2566 3976 τὸν
2591 3922 2727 3997 βίον,
2752 3925 2885 3974 ὥστε
2908 3919 3207 3993 συμϐαίνειν
3230 3921 3369 3990 αὐτ-ῳ
3389 3924 3447 3972 τὸ
3478 3919 3615 3993 εἰρη-

187 4002 340 4086 neat,
363 4013 438 4054 ea
488 3997 788 4054 adbibere
833 4012 956 4054 non
1005 4001 1219 4073 potuit,
1266 4017 1377 4058 nec
1425 4003 1632 4059 debuit
1677 4006 1846 4060 Basi-

2014 4017 2105 4066 ἕνον
2127 4012 2304 4080 ἐκεῖνο,
2329 4014 2464 4066 Οὐαὶ
2482 4034 2554 4086 τῳ
2576 4013 2666 4079 ἐνὶ,
2691 4017 2771 4065 ὄτι
2809 4011 2892 4064 ἐὰν
2931 4015 3086 4084 πέσῃ,
3111 4011 3205 4062 οὐκ
3243 4013 3381 4062 ἔστιν
3421 4012 3445 4061 ὁ
3477 4009 3612 4081 ἐγεί-

183 4083 314 4150 lius,
337 4101 489 4141 cum
529 4093 639 4156 aut
675 4088 1156 4159 concionaretur,
1179 4092 1590 4164 autepistolas
1629 4093 1849 4150 scribe-
1954 4083 2056 4177 ῥων
2088 4102 2261 4157 αὐτόν.
2295 4104 2500 4159 Talem
2525 4083 2724 4159 autem
2746 4102 2876 4173 [qui
2902 4083 3175 4158 videlicet
3213 4099 3610 4174 corrigatur],

183 4182 284 4242 ret,
307 4183 419 4232 aut
438 4177 870 4234 hereticorum
893 4194 1125 4235 errores
1148 4181 1482 4238 confutaret
1521 4201 1534 4238 :
1577 4183 1684 4240 sed
1705 4201 1845 4240 cum
1954 4193 2278 4249 solitudine
2315 4195 2579 4262 reperire
2634 4192 3066 4262 difﬁcillimum
3133 4196 3237 4256 est,
3284 4191 3406 4245 nisi
3432 4194 3607 4259 prius

185 4265 270 4354 *ίῖ
302 4282 601 4321 summus
624 4265 703 4321 ad
725 4267 889 4323 διίυά
911 4269 1211 4326 scribendi
1233 4286 1424 4340 genus
1446 4273 1718 4329 animum
1740 4289 1844 4346 ap-
1954 4283 2018 4339 in
2067 4284 2203 4339 vita
2220 4285 2559 4340 societatem
2608 4284 2802 4354 fuerit
2831 4283 3179 4352 adjunctus,
3219 4284 3407 4342 Quare
3447 4283 3603 4338 acci-

185 4353 458 4447 Ραιίὲεείν
503 4354 813 4447 Πδτοειῖυξ
851 4357 1144 4447 ἂξβθίίϐοε
1183 4359 1478 4417 conﬁcere
1516 4363 1838 4432 Stamisset,
1870 4393 1916 4447 ι)
1954 4373 2042 4428 dit
2062 4374 2118 4428 ei
2143 4373 2304 4444 quod
2322 4373 2546 4429 dictum
2585 4353 2705 4429 est:
2735 4395 2759 4422 α
2795 4371 2882 4428 Va:
2901 4374 3028 4437 um“,
3052 4373 3194 4444 quia
3213 4374 3266 4427 si
3301 4373 3601 4442 ceciderit,

185 4445 519 4535 orationem
532 4459 710 4499 suam
724 4443 804 4499 ad
816 4445 1130 4535 utilitatem
1143 4463 1642 4523 eorum,quorum
1655 4467 1841 4508 causa
1870 4443 1911 4447 ’⁷
1952 4479 2073 4520 non
2103 4443 2187 4520 est
2209 4464 2314 4535 qui
2332 4465 2526 4534 erigat
2555 4478 2686 4520 eum
2707 4464 2775 4516 ‘3.
2806 4485 2834 4514 »
2857 4465 2940 4518 Ex
2968 4443 3189 4535 quibus
3207 4463 3600 4535 perspicuum

187 4532 511 4631 scribebat.
553 4534 1024 4631 accgmtflodare
1072 4552 1319 4631 necesse
1358 4539 1600 4631 habuit.
1643 4543 1840 4607 Quare
1951 4557 2038 4609 est
2064 4567 2185 4608 non
2208 4532 2859 4608 omnes—anachoretas
2888 4568 2926 4609 a
2955 4532 3320 4623 B'egular—um
3351 4532 3596 4609 auctore

330 4621 440 4692 hui
453 4621 700 4720 ιξεωοίξί
737 4623 1027 4680 adVel‘bia
1064 4626 1138 4681 ad
1157 4627 1339 4720 lardfi
1358 4628 1676 4720 hominum
1701 4632 1839 4687 Sim-
1947 4641 2318 4714 vituperatos
2339 4657 2491 4709 esse,
2515 4641 2624 4698 sed
2651 4657 2755 4698 eos
2778 4656 2954 4714 unos,
2985 4621 3089 4715 qui
3116 4658 3239 4698 non
3271 4643 3438 4714 prius
3469 4659 3595 4698 sese

187 4709 434 4811 Plicillm_
478 4710 727 4811 3.188316}
766 4715 1214 4811 ορωῑξιύνεηάδ
1257 4717 1588 4811 plurimum
1635 4721 1836 4779 valere
1945 4731 2024 4787 ad
2053 4731 2335 4788 virtutem
2359 4731 2420 4787 in
2441 4730 2719 4788 sodalitio
2747 4731 3176 4788 exercuissent.
3213 4732 3382 4798 Quod
3413 4732 3595 4802 igitur

187 4805 460 4897 cerneret,
488 4801 564 4855 iis
607 4800 721 4898 sibi
756 4802 1053 4902 utendum
1093 4821 1223 4902 esse
1245 4808 1513 4880 credidit,
1539 4815 1834 4869 uteorum
1943 4820 2024 4876 ait
2045 4821 2359 4890 Gregorius
2383 4821 2807 4886 Nazianzenus,
2829 4821 3109 4879 Basilium
3149 4822 3429 4894 quaedam
3443 4800 3590 4892 ipic-

187 4896 420 4983 991°?
451 4896 655 4960 magis
694 4906 764 4983 ἕξις
804 4896 1003 4983 II{agis
1022 4896 1327 4956 excitaret.
1352 4899 1467 4955 Sed
1486 4901 1563 4956 ad
1585 4917 1832 4958 omnem
1941 4910 2076 4966 tatis
2107 4911 2430 4983 gymnasia
2445 4912 2948 4968 anachoretarum
2970 4910 3587 4973 causaconstrnxisse,

1939 4998 2000 5054 id
2029 4999 2198 5056 nullo
2227 5000 2412 5057 modo
2438 5017 2578 5058 cum
2599 5001 2845 5073 Regulis
2875 5005 3129 5075 pugnat,
3156 5017 3294 5055 cum
3337 5000 3398 5055 in
3435 4999 3585 5070 ipsis

1938 5087 2186 5162 aliquod
2215 5089 2718 5150 anachoretarum
2744 5106 2937 5163 genus
2967 5089 3279 5146 manifeste
3310 5103 3588 5162 compro-

1999 2852 2183 2923 igitur
2201 2853 2362 2910 dicet
2381 2852 2620 2926 aliquis,
2647 2849 2952 2919 Basilium,
2975 2853 3218 2905 auctore
3241 2847 3522 2918 Gregorio
3543 2851 3654 2904 Na-

1995 2941 2281 2998 zianzeno
2319 2944 2417 3014 (e),
2442 2941 2763 3014 gymnasia
2801 2944 2860 2996 et
2886 2940 3279 3000 monasteria,
3318 2938 3380 2992 in
3425 2936 3649 3009 quibus

187 4975 614 5034 dubitationem
641 4979 968 5037 tollendam
991 4983 1113 5040 duo
1153 4992 1440 5058 praaterea
1460 4992 1832 5058 considerari

187 5066 314 5121 volo.
357 5069 661 5135 Primum,
703 5074 828 5126 tam
872 5071 1068 5130 multa
1105 5074 1393 5133 Basiliani
1437 5079 1578 5152 styli
1612 5098 1828 5140 monu-

240 5229 280 5261 “
317 5228 518 5288 Eccle.
541 5246 616 5300 iv,
644 5235 728 5287 10.

239 5392 309 5459 (a)
350 5393 490 5463 Leg.
520 5407 586 5449 n.
618 5393 711 5449 38.

243 5461 308 5530 ib)
347 5464 617 5521 Combet'.
657 5470 802 5524 tom.
831 5469 899 5533 ll,
924 5481 987 5537 p.
1015 5471 1136 5537 162,

2014 5394 2090 5537 Ed)
2131 5397 2270 5466 Leg.
2300 5409 2362 5452 n.
2389 5397 2459 5452 39
2488 5398 2547 5452 et
2573 5409 2702 5469 seq.

2033 5466 2084 5537 e)
2125 5467 2220 5524 Or.
2251 5469 2338 5537 20,
2372 5467 2560 5537 p.358
2590 5471 2646 5525 et
2673 5473 2702 5527 3

347 5461 802 5608 Eggibleiiéom.
831 5469 899 5533 ll,
924 5481 987 5540 p.
1015 5471 1136 5539 462,
2008 5461 2084 5539 (ε)
2125 5461 2242 5524 Or:
2251 5469 2338 5539 20,
2372 5467 2560 5541 p.358
2590 5461 2800 5528 et'359.
