4058 6192
461 253 559 306 119

448 463 749 558 privatam
769 466 956 525 vitam
982 474 1160 544 atque
1179 474 1509 534 solitariam
1532 495 1710 550 agere
1732 463 2100 558 statuissent,

449 551 619 642 prius
648 554 709 609 in
761 556 1040 616 sodalitio
1083 561 1287 636 aliquo
1318 570 1582 625 exerceri
1610 571 1808 642 vellet,
1838 551 2103 634 invenire

448 641 689 736 difficile
719 659 842 700 non
886 652 994 704 est.
1037 654 1124 707 Ita
1168 653 1330 710 enim
1363 658 1674 730 contingit,
1699 667 1763 718 ut
1794 641 1844 718 Si
1875 665 2012 736 quis
2040 666 2102 722 in

449 731 770 789 solitudine
814 743 1043 809 peccet,
1076 743 1458 802 meminisset
1504 750 1717 818 possit,
1750 757 1854 808 aut
1884 731 1967 819 se,
2000 761 2102 812 aut

446 819 610 913 alios
631 822 710 913 ob
734 825 927 882 simile
976 828 1199 886 factum
1231 848 1267 889 a
1290 837 1613 908 praeposito
1644 839 1787 896 olim
1814 842 2103 913 redargu-

444 915 546 1002 tos
575 911 811 1002 fuisse;
859 920 1040 989 atque
1084 919 1201 975 hoc
1246 929 1445 994 pacto,
1477 931 1543 981 ut
1572 943 1646 982 ne
1692 930 1956 1002 amplius
1987 911 2103 990 tale

445 998 786 1072 quidquam
819 1005 1116 1076 admittat,
1141 1024 1178 1065 a
1204 1026 1318 1066 sua
1366 1012 1556 1084 ipsius
1586 998 1952 1077 conscientia
2000 1022 2104 1078 ad-

445 1095 728 1146 monetur
751 1111 763 1148 :
790 1098 1018 1163 contra,
1052 1097 1180 1154 ﬁeri
1211 1099 1385 1157 facile
1415 1109 1638 1175 potest,
1663 1112 1728 1164 ut
1753 1110 1801 1165 si
1831 1111 1967 1183 quis
1997 1112 2105 1170 ini-

445 1177 526 1233 tio
555 1178 617 1234 in
659 1181 938 1240 sodalitio
966 1201 1090 1242 non
1117 1187 1348 1261 vixerit,
1373 1193 1555 1250 etiam
1576 1195 1724 1253 dum
1747 1177 2102 1269 gravissime

442 1275 678 1340 peccat,
721 1272 801 1327 ob
821 1273 1182 1346 imperitiam
1231 1283 1435 1338 tamen
1465 1300 1717 1356 peccare
1747 1305 1810 1344 se
1839 1293 2093 1350 nesciat.

445 1357 582 1415 Hac
611 1367 813 1417 autem
847 1369 1054 1423 nostra
1092 1367 1418 1428 declaratio
1460 1374 1654 1447 ipsius
1693 1380 1959 1450 Gregorii
1986 1387 2100 1440 Ne-

444 1447 706 1505 zianzeni
729 1451 930 1508 verbis
950 1456 1214 1513 maxime
1236 1461 1652 1522 conﬁrmatur.
1669 1467 1754 1525 Ita
1777 1447 1938 1528 enim
1963 1476 2102 1532 scri-

442 1537 532 1594 bit
552 1539 635 1610 (a)
663 1557 675 1594 :
711 1548 812 1593 Τοῦ
834 1547 1003 1595 τοίνυν
1026 1544 1278 1620 ἐρημικοῦ
1307 1549 1428 1622 βίου
1460 1557 1661 1608 καὶτοῦ
1681 1557 1912 1631 μιγάὸος
1931 1585 2102 1636 μαχο-

444 1631 604 1700 μένων
644 1633 774 1703 πρὸς
805 1629 1055 1696 ἀλλήλους
1093 1640 1161 1698 ὡς
1190 1641 1255 1690 τὰ
1291 1641 1473 1710 πολλὰ,
1503 1650 1592 1697 καὶ
1633 1644 2093 1723 διισταμένων.....

445 1722 534 1769 καὶ
557 1720 774 1780 τούτους
794 1723 990 1795 ἄριστα
1010 1725 1324 1790 κατήλλαξεν
1349 1729 1588 1795 ἀλλήλοις
1616 1743 1705 1790 καὶ
1738 1720 2093 1815 συνεκέρασεν

446 1804 749 1882 ἁσκητήρια
773 1815 862 1862 καὶ
891 1819 1223 1888 μοναστήρια
1254 1814 1565 1894 δειμάμενος
1591 1828 1702 1896 μὲν,
1736 1828 1795 1879 οὐ
1824 1804 2001 1906 πόβρω
2041 1831 2100 1887 δὲ

443 1904 543 1948 τῶν
587 1907 895 1951 κοινωνικῶν
943 1907 1033 1953 καὶ
1075 1903 1337 1976 μιγάδων,
1386 1907 1497 1963 οἰδὲ
1545 1915 1717 1988 ὥσπερ
1764 1903 1950 1992 τειχιῴ
1997 1942 2098 1975 τινι

444 1988 588 2056 μέσῳ
617 1994 784 2039 ταῦτα
815 1984 1127 2059 διαϐάλλων,
1156 1999 1245 2046 καὶ
1277 1995 1363 2048 ἀπ’
1401 1997 1627 2058 ἀλλήλων
1666 1984 1930 2080 χωρίσαςξ
1974 2010 2100 2064 ἀλλὰ

444 2073 666 2130 πλησίον
700 2076 938 2148 συνάψας
967 2084 1056 2132 καὶ
1087 2077 1387 2154 διαζεύξας,
1421 2093 1531 2145 etc.
1562 2073 1713 2149 Cum
1737 2073 1928 2166 igitur
1952 2102 2097 2157 soli-

447 2163 607 2254 taria
628 2165 769 2235 vita,
786 2172 841 2221 et
862 2182 952 2237 ea,
967 2185 1100 2240 qua
1119 2175 1401 2232 societate
1415 2181 1662 2252 gaudet,
1678 2189 1744 2239 ut
1762 2163 2097 2254 plurimum

444 2253 605 2308 inter
647 2269 708 2310 se
745 2255 1123 2328 dissiderent,
1150 2277 1222 2317 ac
1242 2276 1687 2335 pugnarent....
1711 2253 1872 2343 ipsas
1901 2285 2098 2337 tamen

441 2345 740 2412 praeclare
761 2346 922 2401 inter
941 2362 1002 2403 se
1022 2352 1458 2427 reconciliavit,
1484 2373 1556 2414 ac
1575 2365 1949 2437 permiscuit,
1975 2372 2100 2439 pie-

446 2433 587 2487 tatis
609 2434 894 2491 nimirum
933 2441 1254 2508 gymnasia
1290 2450 1346 2498 et
1383 2454 1752 2510 monasteria
1793 2433 2098 2530 extruens,

443 2537 565 2578 non
588 2529 788 2581 tamen
812 2527 984 2598 longo
1003 2530 1331 2589 intervallo
1369 2536 1444 2591 ab
1481 2538 1575 2607 iis,
1599 2545 1706 2611 qui
1739 2545 1802 2601 in
1822 2527 2102 2610 sodalitio

445 2613 681 2682 vivunt,
704 2622 950 2686 remota,
969 2633 1075 2675 nec
1096 2622 1258 2678 velut
1278 2639 1452 2682 muro
1472 2633 1752 2700 quopiam
1792 2638 2104 2710 interjecto

451 2717 521 2759 ea
560 2705 932 2776 distinguens
952 2713 1129 2779 atque
1148 2725 1185 2766 a
1214 2727 1275 2768 se
1295 2714 1548 2774 invicem
1568 2735 1878 2794 separans,
1903 2705 2106 2790 verum

449 2808 639 2861 prope
668 2799 1036 2866 coniungens
1081 2814 1154 2855 ac
1189 2802 1497 2869 dirimens,
1530 2813 1639 2865 etc.
1672 2814 1904 2872 Etenim
1935 2820 2108 2877 facile

453 2885 672 2957 cuique
700 2886 1000 2955 conjicere
1036 2888 1194 2958 licet,
1224 2894 1509 2953 Basilium
1547 2900 1849 2971 ejusmodi
1873 2925 2112 2969 monas-

455 2974 604 3030 teria
626 2989 696 3030 eo
714 2975 966 3031 consilio
985 2977 1070 3033 ita
1091 2977 1492 3054 disposuisse,
1512 2993 1575 3044 ut
1594 2993 1702 3062 qui
1722 2999 2112 3058 anachoreta—

1956 268 2344 332 ΡΒᾸΞἘΑΤΙΟ.

450 374 644 467 betur.
672 378 838 467 Nunc
867 381 1070 438 autem
1109 397 1380 457 causam,
1405 401 1513 445 cur
1544 390 1793 449 Basilius
1823 409 1947 457 eos,
1997 394 2102 467 qui
2131 398 2180 452 A

3763 300 3870 356 120

2217 401 2502 465 sticarum
2525 419 2831 472 auctorem
2855 433 3029 474 esse:
3054 418 3159 474 sed
3187 419 3360 492 quasi
3381 419 3436 475 ei
3471 420 3614 476 satis
3634 422 3867 495 fuisset,

2215 496 2264 551 si
2285 513 2459 555 suam
2477 505 2836 562 sententiam
2857 507 3242 572 declarasset,
3267 525 3569 580 nusquam
3595 511 3759 567 illam
3780 513 3869 568 ul-

2210 585 2283 641 lis
2321 593 2695 659 argumentis
2723 597 3161 668 comprobavit.
3185 601 3386 670 Neque
3425 603 3628 656 tamen
3667 602 3866 658 virum

2211 677 2684 737 eruditissimum
2701 684 2878 738 ullius
2899 685 3272 756 negligentia
3293 694 3645 744 accusatum
3660 689 3867 745 velim.

2211 769 2398 825 Nemo
2420 770 2602 837 enim,
2627 773 2732 844 qui
2773 780 3021 846 prastat
3057 776 3224 847 quod
3263 781 3476 848 potest,
3502 777 3668 850 quod
3693 795 3866 851 qua-

2211 856 2354 913 dam
2392 875 2517 914 non
2554 861 2768 932 possit,
2796 864 3333 936 reprehendendus
3355 871 3462 921 est.
3489 869 3632 923 Puto
3661 873 3868 924 autem

2211 961 2408 1018 neque
2430 963 2465 1004 a
2489 950 3072 1026 Combeﬁsio,neque
3093 971 3128 1010 a
3145 970 3456 1027 quoquam
3477 955 3668 1011 ullum
3691 971 3868 1026 argu-

2209 1041 2483 1093 mentum
2504 1038 2750 1096 ﬁrmum
2772 1042 2969 1098 afferri
2993 1059 3189 1114 posse,
3212 1060 3334 1116 quo
3372 1060 3496 1100 non
3535 1044 3672 1100 dico
3695 1061 3867 1101 cons-

2210 1131 2310 1194 tet,
2347 1127 2456 1184 sed
2476 1128 2792 1186 verisimile
2836 1131 2963 1199 ﬁat,
2993 1132 3280 1188 Basilium
3318 1138 3630 1205 parentem
3667 1134 3864 1204 legiti-

2210 1232 2382 1273 mum
2429 1233 2562 1275 esse
2609 1221 3088 1277 monasticarum
3139 1223 3662 1279 Constitutionum.
3697 1224 3865 1281 Unde

2211 1307 2396 1375 enim,
2423 1324 2652 1380 quaso,
2676 1310 2980 1379 ejusmodi
3018 1317 3375 1383 argumenta
3403 1314 3792 1383 peterentur?
3822 1316 3864 1369 E

2209 1401 2484 1453 veterum
2524 1399 2884 1471 scriptorum
2923 1401 3323 1457 testimoniis?
3366 1401 3481 1458 Sed
3518 1401 3865 1458 testimonia

2210 1487 2420 1543 omnia
2449 1503 2585 1559 qua
2607 1489 2862 1560 proferri
2883 1490 3234 1562 potuissent,
3260 1491 3550 1560 ambigua
3572 1494 3731 1558 sunt,
3752 1506 3866 1546 nec

2211 1578 2407 1646 magis
2427 1594 2583 1634 exse
2607 1579 3067 1635 Constitutiones
3089 1579 3446 1648 signiﬁcant,
3469 1594 3656 1650 quam
3678 1582 3865 1650 Regu-

2211 1665 2320 1723 las.
2338 1670 2376 1722 Ε
2396 1669 2667 1724 ratione?
2691 1668 2806 1725 Sed
2828 1669 2943 1736 cui,
2966 1684 3178 1742 quaso
3204 1668 3597 1725 Combetisius
3618 1684 3862 1740 persua-

2127 1750 2172 1806 B
2212 1755 2355 1812 dere
2385 1757 2682 1829 potuisset
2702 1761 3182 1814 consentaneum
3205 1773 3337 1813 esse
3375 1757 3612 1823 rationi,
3643 1756 3866 1812 ascribi

2211 1846 2429 1902 Basilio
2469 1850 2681 1916 Magno
2719 1847 3187 1903 Constitutiones
3210 1846 3596 1914 monasticas,
3628 1862 3781 1918 quas
3810 1845 3865 1900 ei

2210 1935 2413 1991 nullus
2453 1936 2708 2008 scriptor
2747 1936 3036 2008 antiquus
3075 1939 3236 1992 certo
3277 1935 3524 1991 tribuit?
3563 1951 3703 1990 cum
3731 1934 3864 2006 ipse

2210 2026 2284 2082 ad
2290 2025 2548 2097 judicari
2588 2026 2808 2081 Basilio
2830 2025 3086 2094 Regulas
3107 2024 3385 2093 noluerit,
3409 2040 3564 2096 quas
3585 2024 3638 2078 ei
3659 2028 3864 2078 tamen

2208 2115 2442 2187 antiqui
2462 2116 2635 2172 multi
2655 2123 2930 2172 auctores
2954 2115 3188 2170 disertis
3212 2114 3412 2170 verbis
3435 2113 3861 2180 attribuebant,

2209 2204 2483 2272 Ruﬁnus,
2525 2203 2869 2274 Cassianus,
2909 2204 3236 2276 imperator
3273 2203 3668 2270 Justinianus,
3708 2201 3863 2256 Pho—

2208 2293 2323 2350 tius
2345 2295 2448 2364 (b).
2472 2297 2512 2349 E
2534 2293 2688 2366 stylo
2704 2296 2731 2349 ?
2752 2293 2864 2348 Sed
2887 2309 3020 2364 qua
3043 2293 3458 2348 convenientia
3479 2290 3731 2346 inveniri
3759 2305 3865 2362 po-

2207 2387 2342 2451 test,
2365 2383 2469 2438 ubi
2490 2383 2657 2439 nulla
2678 2385 2800 2439 est?
2823 2386 2948 2437 lmo
2968 2398 3092 2437 non
3115 2381 3260 2437 satis
3281 2386 3372 2436 est
3393 2381 3610 2446 dicere,
3633 2378 3863 2434 nullam

2212 2487 2342 2528 esse
2396 2473 2457 2527 in
2517 2473 2673 2544 stylo
2731 2472 3234 2533 convenientiam,
3276 2487 3416 2526 cum
3458 2467 3865 2540 discrepantia

2214 2562 2485 2617 maxima
2524 2562 2615 2618 sit.
2642 2563 3003 2634 Quanquam
3044 2565 3242 2616 autem
3267 2558 3664 2614 Combeﬁsius
3687 2555 3864 2610 nullis

2217 2651 2594 2720 argumentis
2635 2667 2807 2706 suam
2850 2649 3210 2705 sententiam
3233 2645 3631 2716 confirmavit,
3663 2650 3866 2700 tamen

2215 2756 2340 2797 non
2379 2745 2600 2795 temere
2622 2740 2849 2796 factum
2870 2743 3037 2812 puto,
3061 2743 3125 2795 ut
3162 2737 3530 2794 monasticas
3567 2733 3868 2790 Constitu-

2219 2829 2410 2886 tiones
2429 2830 2650 2886 Basilio
2672 2829 2960 2886 tribuerit.
2975 2829 3122 2884 Cum
3145 2827 3303 2883 enim
3323 2825 3579 2882 semelin
3597 2837 3870 2878 animum

2221 2919 2562 2975 induxisset
2601 2935 2800 2984 suum,
2845 2918 3104 2988 Regulas
3133 2917 3416 2986 indignas
3457 2928 3586 2968 esse
3611 2925 3870 2984 quarum

2224 3010 2480 3066 Basilius
2519 3016 2730 3066 auctor
2765 3009 3082 3078 diceretur,
3106 3020 3483 3077 consequens
3508 3003 3638 3072 fuit,
3661 3007 3746 3068 ut,
3769 3017 3871 3056 su-

455 3077 594 3170 rum
610 3063 1172 3170 vivendirationem
1195 3072 1478 3170 amplecti
1518 3090 1826 3157 cuperent,
1853 3092 2020 3161 prius
2051 3097 2112 3155 in
2144 3098 2183 3152 c
2227 3100 2402 3157 blatis
2426 3101 2686 3170 Regulis,
2711 3099 2762 3155 ei
2783 3099 2997 3155 saltem
3019 3063 3388 3154 monasticas
3410 3091 3876 3150 Constitutiones

455 3151 662 3225 aliquo
685 3154 962 3211 sodalitio
1000 3156 1198 3213 vicino
1234 3161 1314 3217 ad
1343 3151 1637 3235 ’pietatem
1672 3151 2112 3244 exercerentur:

457 3245 574 3298 Etsi
603 3247 818 3344 autem.
852 3244 1103 3344 Basilius
1123 3250 1441 3344 quoddam
1479 3261 1985 3329 anachoretarum
2016 3290 2113 3344 ge-

455 3347 575 3387 nus
613 3331 928 3402 laudabat,
968 3339 1172 3393 tamen
1205 3339 1268 3394 in
1311 3343 1434 3398 suis
1467 3345 1709 3418 Regulis
1756 3331 2112 3422 universeuin

457 3421 856 3520 anachoretas
875 3427 998 3480 tam
1013 3425 1400 3520 vehementer
1418 3433 1617 3493 invehi
1637 3444 1828 3511 potuit
1849 3463 2111 3520 quorum

457 3507 680 3565 scilicet
701 3526 842 3582 pars
867 3512 1138 3572 maxima
1162 3516 1289 3573 sine
1309 3523 1537 3590 pravia
1565 3507 1666 3584 illa
1686 3507 2112 3598 exercitatione

456 3599 519 3656 id
549 3599 684 3656 vita
715 3617 909 3673 genus
930 3601 1194 3672 eligeret.
1217 3609 1282 3663 Et
1301 3623 1377 3665 ne
1401 3612 1506 3683 qui
1527 3613 1676 3673 forte
1702 3619 1834 3679 hac
1855 3641 1995 3684 cum
2018 3647 2112 3688 su-

455 3689 794 3785 perioribus
814 3705 1090 3764 pugnare
1119 3694 1464 3767 arbitretur,
1488 3717 1735 3764 monere
1761 3710 1926 3785 libet,
1953 3720 2025 3776 Ba
2036 3721 2114 3776 si-

454 3778 604 3835 lium
645 3784 703 3836 et
749 3783 1259 3842 Constitutionum
1293 3793 1772 3857 monasticarum
1803 3778 2112 3868 auctorem

455 3867 518 3923 in
539 3885 610 3924 eo
631 3870 890 3926 maxime
909 3871 1064 3929 inter
1082 3889 1144 3929 se
1165 3875 1480 3950 dissidere,
1501 3886 1669 3956 quod
1689 3887 1831 3947 huic
1851 3899 2114 3955 anacho-

453 3962 722 4015 retarum
745 3959 1086 4017 institutum
1105 3968 1434 4032 generatim
1460 3974 1822 4042 probaretur
1840 3981 1924 4039 illi
1949 3985 2114 4044 idem

456 4049 790 4120 generatim
827 4049 1296 4122 improbaretur.
1319 4058 1568 4128 Magnus
1607 4069 1812 4123 autem
1853 4070 1952 4128 ille
1989 4075 2115 4133 dux

455 4155 527 4196 ac
558 4139 845 4209 magister
873 4141 1318 4199 monachorum
1343 4147 1700 4208 Benedictus
1731 4160 2117 4230 approbabat

455 4244 704 4301 quoque
726 4230 1126 4286 anachoretas
1168 4247 1292 4300 eos,
1316 4234 1421 4307 qui
1463 4252 1602 4294 cum
1626 4242 1733 4298 diu
1753 4245 1813 4301 in
1835 4249 2114 4310 sodalitio

454 4317 767 4387 vixissent,
788 4318 870 4374 ita
890 4317 1140 4376 demum
1160 4321 1345 4378 vitam
1377 4324 1708 4386 solitariam
1729 4349 1907 4403 agere
1931 4345 2114 4396 statu-

2223 3191 2417 3248 daret.
2458 3194 2525 3246 Et
2553 3207 2696 3247 vero
2733 3193 2818 3245 tot
2859 3188 3203 3245 testimonia
3240 3183 3657 3256 vetcrum,qui
3688 3179 3875 3252 ampli

2223 3281 2550 3352 cujusdam
2570 3279 2770 3352 operis
2793 3279 3028 3335 ascetici
3045 3277 3333 3334 Basilium
3356 3280 3660 3331 auctorem
3683 3269 3878 3325 mani-

2222 3373 2370 3428 feste
2391 3371 2639 3436 faciunt,
2663 3370 2919 3441 Begulas
2942 3374 3122 3440 atque
3143 3364 3603 3423 Constitutiones
3625 3361 3675 3417 ei
3696 3357 3877 3415 simul

2223 3460 2410 3517 adimi
2432 3475 2554 3516 non
2595 3460 2819 3515 sinunt.
2846 3462 3008 3514 Hanc
3046 3463 3249 3514 autem
3272 3448 3873 3521 Combeﬁsiiopinio—

2222 3567 2363 3608 nem
2405 3566 2607 3620 nemo,
2632 3548 2798 3622 quod
2839 3548 3048 3616 sciam,
3091 3548 3412 3618 amplexus
3449 3547 3560 3598 est.
3589 3538 3723 3596 Mihi
3741 3537 3872 3609 qui-

2223 3639 2365 3696 dem
2401 3656 2526 3696 non
2563 3640 2842 3709 ignotum
2882 3642 2990 3702 est,
3012 3635 3204 3691 videri
3247 3634 3575 3692 Scultetum
3615 3627 3877 3685 ascetica

2223 3728 2924 3787 omniaeBasilianorum
2947 3726 3310 3798 scriptorum
3331 3722 3607 3789 catalogo
3627 3731 3876 3791 prorsus

2222 3819 2530 3877 sustulisse
2578 3836 2590 3873 :
2635 3819 2742 3873 sed
2779 3817 3086 3872 neminem
3155 3815 3318 3884 novi,
3362 3812 3486 3885 qui,
3533 3803 3880 3866 Combetisii

2221 3905 2782 3979 exemplo,Regulas
2801 3905 2861 3960 in
2885 3904 3104 3976 spuriis
3123 3906 3392 3976 poneret,
3415 3895 3880 3956 Constitutiones

2220 4012 2366 4053 vero
2391 4012 2500 4068 pro
2522 3994 2723 4050 Basilii
2747 3997 3010 4064 genuino
3033 3993 3157 4048 fetu
3184 3992 3455 4048 haberet.
3478 3987 3746 4044 Adversa
3767 3982 3880 4052 igi-

2219 4090 2317 4143 tur
2344 4086 2644 4141 sententia
2659 4083 2908 4140 omnino
2930 4083 3086 4153 vicit,
3105 4098 3336 4148 eorum,
3362 4079 3487 4152 qui,
3511 4081 3577 4132 ut
3595 4071 3880 4144 Regulas,

2222 4174 2307 4231 ita
2345 4180 2402 4231 et
2441 4174 2806 4230 monasticas
2846 4188 3089 4246 quoque
3137 4168 3604 4258 Constitutiones
3641 4159 3882 4258 Basilio

2222 4263 2555 4320 ascribunt.
2583 4265 2704 4335 Ego
2743 4268 2944 4319 autem
2987 4263 3034 4316 si
3072 4261 3143 4316 iis
3182 4277 3318 4332 qua
3358 4255 3533 4331 posui
3561 4251 3880 4326 principiis

2221 4358 2378 4411 stare
2417 4353 2578 4417 volo,
2600 4359 2666 4409 ut
2704 4369 2740 4408 a
2778 4352 3162 4420 Combeﬁsio,
3190 4351 3271 4406 ita
3302 4365 3337 4405 a
3367 4346 3595 4403 cateris
3629 4355 3881 4414 quoque

456 4411 653 4513 erunt.
681 4409 772 4513 Sic
793 4407 956 4464 enim
979 4409 1172 4482 capite
1210 4413 1408 4482 primo
1450 4418 1691 4488 Regula
1714 4439 1838 4481 sua
1861 4429 2066 4488 scribit
2100 4449 2112 4487 :
2145 4442 2189 4494 D
2220 4443 2536 4500 dissentire
2570 4407 2758 4513 cogor
2781 4460 2793 4498 :
2819 4442 2924 4496 sed
2969 4442 3053 4496 sic
3076 4407 3300 4503 tamen,
3324 4443 3391 4494 ut
3423 4438 3470 4492 si
3499 4429 3882 4491 reconciliari

453 4497 892 4554 Monac/torum
914 4504 1177 4569 quatuor
1196 4515 1316 4558 esse
1333 4520 1555 4575 genera
1573 4514 1961 4582 manifestum
1982 4525 2085 4576 est.
2099 4562 2112 4577 .

456 4587 802 4643 Secundum
821 4602 1003 4658 genus
1024 4594 1109 4645 est
1140 4593 1675 4668 anachoretarum,
1699 4603 1764 4658 id
1783 4611 1889 4677 est,
1909 4612 2114 4666 eremi-

457 4681 688 4734 tarum:
707 4677 920 4733 horum
941 4680 1047 4750 qui
1068 4695 1189 4736 non
1211 4686 1611 4744 conversionis
1625 4692 1871 4760 fervore
1889 4701 2112 4757 nouitio

455 4767 579 4836 sed,
615 4768 972 4824 monasterii
1007 4770 1359 4839 probatione
1399 4775 1717 4848 diuturna,
1771 4784 2114 4845 didicerunt

457 4862 667 4913 contra
704 4857 1013 4914 diabolum
1041 4861 1371 4920 multorum
1400 4867 1617 4924 solatio
1649 4873 1777 4940 iam
1813 4873 1972 4931 docti
2001 4893 2114 4947 pu-

453 4961 656 5019 gnare,
692 4951 804 5003 etc.

455 5041 484 5105 §
656 5039 826 5122 ffers
852 5039 1134 5122 septima,
1153 5056 1228 5099 ea:
1247 5058 1365 5122 qua
1385 5049 1666 5122 cognosci
1674 5054 1894 5120 poterit
1931 5055 2111 5112 Cons-

526 5115 835 5238 tbitutcilorges
872 5115 1236 5170 monasticas
1272 5115 1597 5176 Eustathio
1635 5115 1954 5182 Sebasteno
2001 5130 2110 5184 tri-

570 5196 633 5235 ιιι
707 5198 737 5238 e
780 5198 895 5240 ere.

522 5271 612 5324 44.
655 5272 1043 5330 Doctissimus
1063 5275 1154 5330 vir
1173 5276 1571 5335 Combeﬁsius
1592 5297 1752 5354 sape
1773 5284 2022 5356 quidem
2054 5291 2112 5344 et

451 5358 825 5430 conﬁdenter
861 5363 1006 5420 dicit
1036 5365 1325 5424 Basilium
1354 5369 1860 5430 Constitutionum
1900 5391 2108 5434 mona-

522 5505 602 5580 ta)
641 5507 739 5580 or.
762 5509 851 5576 20,
873 5522 934 5580 p.
959 5510 1062 5565 358
1091 5513 1148 5568 et
1179 5514 1302 5569 359.

516 5576 598 5648 (b)
639 5579 772 5648 Leg.
803 5576 993 5636 n30.

2221 4548 2318 4588 me
2350 4548 2621 4604 unquam
2661 4547 2800 4587 cum
2823 4529 3186 4585 Combetisio
3213 4526 3632 4583 difﬁcillimum
3661 4522 3756 4580 sit.
3787 4537 3881 4575 re-

2223 4622 2607 4678 conciliatum
2633 4637 2729 4677 me
2769 4621 2839 4676 iri
2865 4620 3146 4676 facillime
3175 4635 3312 4673 cum
3336 4618 3565 4673 caeteris
3594 4628 3833 4686 sperem
3863 4631 3877 4680 ;

2223 4711 2410 4766 modo
2433 4711 2866 4781 cogitarintme
2907 4709 2986 4764 ab
3032 4709 3178 4781 ipsis
3214 4709 3272 4764 in
3302 4724 3365 4763 re
3390 4707 3506 4762 levi
3534 4702 3877 4759 dissentire.

2224 4800 2355 4856 Mihi
2390 4802 2547 4856 enim
2577 4816 2718 4855 cum
2748 4798 2862 4854 illis
2894 4798 3192 4865 convenit,
3225 4795 3524 4869 quidquid
3555 4794 3615 4849 in
3646 4790 3882 4846 Asceti-

2225 4889 2308 4945 cis
2337 4889 2571 4959 insigne
2611 4893 2704 4943 est
2748 4893 2804 4944 et
2835 4888 3144 4954 eximium,
3177 4902 3356 4942 omne
3384 4885 3447 4940 id
3477 4883 3556 4940 ad
3588 4879 3884 4937 Basilium

2222 4983 2502 5048 Magnum
2535 4977 2832 5050 pertinere
2867 4996 2878 5033 :
2915 4977 3073 5033 solas
3098 4991 3241 5032 vero
3290 4971 3661 5029 monasticas
3693 4969 3886 5024 Cons-

2220 5067 2524 5126 titutiones
2552 5067 2683 5137 ejus
2713 5082 2842 5122 esse
2865 5083 3040 5135 nego,
3065 5079 3202 5137 qua
3232 5069 3409 5126 certe,
3439 5062 3487 5116 si
3517 5077 3655 5117 cum
3685 5063 3886 5127 Regu-

2219 5158 2291 5214 lis
2351 5161 2798 5228 comparentur,
2853 5155 2998 5211 nihil
3045 5154 3252 5223 magni
3313 5159 3416 5209 aut
3463 5149 3667 5207 eximii
3711 5163 3887 5203 com-

2219 5247 2400 5320 plecti
2420 5245 2810 5302 videbuntur.
2841 5247 3015 5313 Nam,
3039 5249 3102 5299 ut
3126 5243 3336 5298 monui
3368 5244 3464 5313 (c),
3489 5237 3887 5296 Constitutio-

2217 5353 2328 5394 nes
2351 5336 2703 5393 monastica
2728 5351 3044 5408 nunquam
3067 5333 3316 5391 fortasse
3335 5348 3530 5406 neque
3549 5329 3714 5403 apud
3731 5345 3813 5386 an
3823 5329 3887 5387 ti'

2291 5497 2372 5571 (ο)
2413 5500 2549 5572 Leg.
2581 5513 2642 5554 n.
2675 5499 2765 5556 40.
