  <div class='ocr_page' id='page_1' title='image "/cluster/home/n/w/nwhite01/storage/ocr_20150623/31/hvd.32044048272629/066.png"; bbox 0 0 4058 6192; ppageno 0'>
   <div class='ocr_carea' id='block_1_1' title="bbox 241 247 334 299">
    <p class='ocr_par' dir='ltr' id='par_1_1' title="bbox 241 247 334 299">
     <span class='ocr_line' id='line_1_1' title="bbox 241 247 334 299; baseline -0.022 0"><span class='ocrx_word' id='word_1_1' title='bbox 241 247 334 299; x_wconf 76' lang='grc'>121</span> 
     </span>
    </p>
   </div>
   <div class='ocr_carea' id='block_1_2' title="bbox 1757 244 2148 301">
    <p class='ocr_par' dir='ltr' id='par_1_2' title="bbox 1757 244 2148 301">
     <span class='ocr_line' id='line_1_2' title="bbox 1757 244 2148 301; baseline 0.005 -2"><span class='ocrx_word' id='word_1_2' title='bbox 1757 244 2148 301; x_wconf 67' lang='lat' dir='ltr'>PRIEFATIO.</span> 
     </span>
    </p>
   </div>
   <div class='ocr_carea' id='block_1_3' title="bbox 3558 249 3661 303">
    <p class='ocr_par' dir='ltr' id='par_1_3' title="bbox 3558 249 3661 303">
     <span class='ocr_line' id='line_1_3' title="bbox 3558 249 3661 303; baseline -0.01 -1"><span class='ocrx_word' id='word_1_3' title='bbox 3558 249 3661 303; x_wconf 84' lang='grc'>122</span> 
     </span>
    </p>
   </div>
   <div class='ocr_carea' id='block_1_4' title="bbox 230 367 3662 441">
    <p class='ocr_par' dir='ltr' id='par_1_4' title="bbox 230 367 3662 441">
     <span class='ocr_line' id='line_1_4' title="bbox 230 367 3662 441; baseline 0.001 -20"><span class='ocrx_word' id='word_1_4' title='bbox 230 382 642 441; x_wconf 86' lang='lat' dir='ltr'>qnos,neque</span> <span class='ocrx_word' id='word_1_5' title='bbox 664 367 1500 441; x_wconf 88' lang='lat' dir='ltr'>apudrecentiorescitantur,</span> <span class='ocrx_word' id='word_1_6' title='bbox 1532 373 1905 426; x_wconf 88' lang='lat' dir='ltr'>cumtamen</span> <span class='ocrx_word' id='word_1_7' title='bbox 1932 368 1980 421; x_wconf 84' lang='lat' dir='ltr'><strong>A</strong></span> <span class='ocrx_word' id='word_1_8' title='bbox 2081 372 2170 425; x_wconf 83' lang='grc'>45.</span> <span class='ocrx_word' id='word_1_9' title='bbox 2233 370 2492 427; x_wconf 83' lang='lat' dir='ltr'>Probare</span> <span class='ocrx_word' id='word_1_10' title='bbox 2541 373 2742 427; x_wconf 89' lang='lat' dir='ltr'>autem</span> <span class='ocrx_word' id='word_1_11' title='bbox 2771 369 3237 426; x_wconf 88' lang='lat' dir='ltr'>Constitutiones</span> <span class='ocrx_word' id='word_1_12' title='bbox 3294 368 3662 425; x_wconf 83' lang='lat' dir='ltr'>monasticas</span> 
     </span>
    </p>
   </div>
   <div class='ocr_carea' id='block_1_5' title="bbox 233 456 1901 532">
    <p class='ocr_par' dir='ltr' id='par_1_5' title="bbox 233 456 1901 532">
     <span class='ocr_line' id='line_1_5' title="bbox 233 456 1901 532; baseline 0.001 -20"><span class='ocrx_word' id='word_1_13' title='bbox 233 456 500 525; x_wconf 77' lang='lat' dir='ltr'>Regulas</span> <span class='ocrx_word' id='word_1_14' title='bbox 531 473 701 530; x_wconf 69' lang='lat' dir='ltr'>saepe</span> <span class='ocrx_word' id='word_1_15' title='bbox 728 457 897 513; x_wconf 89' lang='lat' dir='ltr'>citari</span> <span class='ocrx_word' id='word_1_16' title='bbox 915 463 1150 514; x_wconf 90' lang='lat' dir='ltr'>constet</span> <span class='ocrx_word' id='word_1_17' title='bbox 1182 477 1194 514; x_wconf 90' lang='lat'>:</span> <span class='ocrx_word' id='word_1_18' title='bbox 1223 459 1390 532; x_wconf 90' lang='lat' dir='ltr'>quod</span> <span class='ocrx_word' id='word_1_19' title='bbox 1421 460 1645 515; x_wconf 90' lang='lat' dir='ltr'>indicio</span> <span class='ocrx_word' id='word_1_20' title='bbox 1675 464 1765 515; x_wconf 89' lang='lat' dir='ltr'>est</span> <span class='ocrx_word' id='word_1_21' title='bbox 1796 461 1901 514; x_wconf 87' lang='lat' dir='ltr'>Re-</span> 
     </span>
    </p>
   </div>
   <div class='ocr_carea' id='block_1_6' title="bbox 231 546 1904 621">
    <p class='ocr_par' dir='ltr' id='par_1_6' title="bbox 231 546 1904 621">
     <span class='ocr_line' id='line_1_6' title="bbox 231 546 1904 621; baseline 0.002 -20"><span class='ocrx_word' id='word_1_22' title='bbox 231 546 406 616; x_wconf 80' lang='lat' dir='ltr'>gulas</span> <span class='ocrx_word' id='word_1_23' title='bbox 451 562 706 620; x_wconf 84' lang='lat' dir='ltr'>semper</span> <span class='ocrx_word' id='word_1_24' title='bbox 732 547 999 603; x_wconf 79' lang='lat' dir='ltr'><strong>maxime</strong></span> <span class='ocrx_word' id='word_1_25' title='bbox 1041 549 1104 603; x_wconf 91' lang='lat' dir='ltr'>in</span> <span class='ocrx_word' id='word_1_26' title='bbox 1138 550 1330 621; x_wconf 91' lang='lat' dir='ltr'><strong>pretio</strong></span> <span class='ocrx_word' id='word_1_27' title='bbox 1373 549 1578 618; x_wconf 87' lang='lat' dir='ltr'>fuisse,</span> <span class='ocrx_word' id='word_1_28' title='bbox 1613 549 1904 606; x_wconf 87' lang='lat' dir='ltr'>Constitu-</span> 
     </span>
    </p>
   </div>
   <div class='ocr_carea' id='block_1_7' title="bbox 232 635 1901 710">
    <p class='ocr_par' dir='ltr' id='par_1_7' title="bbox 232 635 1901 710">
     <span class='ocr_line' id='line_1_7' title="bbox 232 635 1901 710; baseline 0.001 -21"><span class='ocrx_word' id='word_1_29' title='bbox 232 635 425 690; x_wconf 88' lang='lat' dir='ltr'>tiones</span> <span class='ocrx_word' id='word_1_30' title='bbox 459 651 593 690; x_wconf 90' lang='lat' dir='ltr'><strong>non</strong></span> <span class='ocrx_word' id='word_1_31' title='bbox 616 637 784 692; x_wconf 84' lang='lat' dir='ltr'>item.</span> <span class='ocrx_word' id='word_1_32' title='bbox 819 638 1012 701; x_wconf 86' lang='lat' dir='ltr'>Quare</span> <span class='ocrx_word' id='word_1_33' title='bbox 1044 653 1168 692; x_wconf 91' lang='lat' dir='ltr'><strong>non</strong></span> <span class='ocrx_word' id='word_1_34' title='bbox 1200 638 1349 693; x_wconf 85' lang='lat' dir='ltr'>satis</span> <span class='ocrx_word' id='word_1_35' title='bbox 1387 653 1547 710; x_wconf 91' lang='lat' dir='ltr'>queo</span> <span class='ocrx_word' id='word_1_36' title='bbox 1605 636 1901 693; x_wconf 88' lang='lat' dir='ltr'>Combeﬁ-</span> 
     </span>
    </p>
   </div>
   <div class='ocr_carea' id='block_1_8' title="bbox 233 724 1900 799">
    <p class='ocr_par' dir='ltr' id='par_1_8' title="bbox 233 724 1900 799">
     <span class='ocr_line' id='line_1_8' title="bbox 233 724 1900 799; baseline 0.002 -21"><span class='ocrx_word' id='word_1_37' title='bbox 233 724 391 779; x_wconf 82' lang='lat' dir='ltr'>sium</span> <span class='ocrx_word' id='word_1_38' title='bbox 423 725 783 797; x_wconf 91' lang='lat' dir='ltr'>mirari,qui</span> <span class='ocrx_word' id='word_1_39' title='bbox 807 741 949 781; x_wconf 91' lang='lat' dir='ltr'>cum</span> <span class='ocrx_word' id='word_1_40' title='bbox 978 726 1230 799; x_wconf 87' lang='lat' dir='ltr'>aliquod</span> <span class='ocrx_word' id='word_1_41' title='bbox 1259 732 1528 782; x_wconf 80' lang='lat' dir='ltr'>veterum</span> <span class='ocrx_word' id='word_1_42' title='bbox 1564 731 1669 783; x_wconf 91' lang='lat' dir='ltr'>aut</span> <span class='ocrx_word' id='word_1_43' title='bbox 1694 742 1900 782; x_wconf 90' lang='lat' dir='ltr'>recen-</span> 
     </span>
    </p>
   </div>
   <div class='ocr_carea' id='block_1_9' title="bbox 229 814 1899 872">
    <p class='ocr_par' dir='ltr' id='par_1_9' title="bbox 229 814 1899 872">
     <span class='ocr_line' id='line_1_9' title="bbox 229 814 1899 872; baseline 0.001 -3"><span class='ocrx_word' id='word_1_44' title='bbox 229 814 450 869; x_wconf 78' lang='lat' dir='ltr'>tiorum</span> <span class='ocrx_word' id='word_1_45' title='bbox 481 815 910 870; x_wconf 88' lang='lat' dir='ltr'>testimonium</span> <span class='ocrx_word' id='word_1_46' title='bbox 943 815 1023 870; x_wconf 88' lang='lat' dir='ltr'>ad</span> <span class='ocrx_word' id='word_1_47' title='bbox 1038 816 1408 872; x_wconf 89' lang='lat' dir='ltr'>monasticas</span> <span class='ocrx_word' id='word_1_48' title='bbox 1438 816 1899 872; x_wconf 88' lang='lat' dir='ltr'>Constitutiones</span> 
     </span>
    </p>
   </div>
   <div class='ocr_carea' id='block_1_10' title="bbox 226 903 1900 975">
    <p class='ocr_par' dir='ltr' id='par_1_10' title="bbox 226 903 1900 975">
     <span class='ocr_line' id='line_1_10' title="bbox 226 903 1900 975; baseline 0.002 -18"><span class='ocrx_word' id='word_1_49' title='bbox 226 903 771 960; x_wconf 75' lang='lat' dir='ltr'>commendandae</span> <span class='ocrx_word' id='word_1_50' title='bbox 820 903 1034 960; x_wconf 80' lang='lat' dir='ltr'>aﬂ‘erre</span> <span class='ocrx_word' id='word_1_51' title='bbox 1079 905 1404 975; x_wconf 84' lang='lat' dir='ltr'>debuisset,</span> <span class='ocrx_word' id='word_1_52' title='bbox 1439 907 1586 961; x_wconf 89' lang='lat' dir='ltr'><strong>satis</strong></span> <span class='ocrx_word' id='word_1_53' title='bbox 1627 905 1742 962; x_wconf 89' lang='lat' dir='ltr'>sibi</span> <span class='ocrx_word' id='word_1_54' title='bbox 1771 921 1900 962; x_wconf 92' lang='lat' dir='ltr'>esse</span> 
     </span>
    </p>
   </div>
   <div class='ocr_carea' id='block_1_11' title="bbox 224 992 1901 1066">
    <p class='ocr_par' dir='ltr' id='par_1_11' title="bbox 224 992 1901 1066">
     <span class='ocr_line' id='line_1_11' title="bbox 224 992 1901 1066; baseline 0.002 -18"><span class='ocrx_word' id='word_1_55' title='bbox 224 992 504 1057; x_wconf 85' lang='lat' dir='ltr'>credidit,</span> <span class='ocrx_word' id='word_1_56' title='bbox 539 993 594 1047; x_wconf 91' lang='lat' dir='ltr'><strong>si</strong></span> <span class='ocrx_word' id='word_1_57' title='bbox 624 993 758 1064; x_wconf 91' lang='lat' dir='ltr'>ipse</span> <span class='ocrx_word' id='word_1_58' title='bbox 784 1009 889 1049; x_wconf 90' lang='lat' dir='ltr'>eas</span> <span class='ocrx_word' id='word_1_59' title='bbox 909 994 1184 1066; x_wconf 89' lang='lat' dir='ltr'><strong>impense</strong></span> <span class='ocrx_word' id='word_1_60' title='bbox 1204 995 1500 1051; x_wconf 79' lang='lat' dir='ltr'>laudaret.</span> <span class='ocrx_word' id='word_1_61' title='bbox 1521 998 1782 1053; x_wconf 88' lang='lat' dir='ltr'>Causam</span> <span class='ocrx_word' id='word_1_62' title='bbox 1799 1011 1901 1053; x_wconf 89' lang='lat' dir='ltr'>au-</span> 
     </span>
    </p>
   </div>
   <div class='ocr_carea' id='block_1_12' title="bbox 222 1083 1897 1148">
    <p class='ocr_par' dir='ltr' id='par_1_12' title="bbox 222 1083 1897 1148">
     <span class='ocr_line' id='line_1_12' title="bbox 222 1083 1897 1148; baseline 0.003 -12"><span class='ocrx_word' id='word_1_63' title='bbox 222 1086 481 1148; x_wconf 90' lang='lat' dir='ltr'>tem,cur</span> <span class='ocrx_word' id='word_1_64' title='bbox 493 1083 986 1138; x_wconf 89' lang='lat' dir='ltr'>monasticarum</span> <span class='ocrx_word' id='word_1_65' title='bbox 999 1083 1505 1140; x_wconf 89' lang='lat' dir='ltr'>Constitutionum</span> <span class='ocrx_word' id='word_1_66' title='bbox 1523 1085 1897 1141; x_wconf 88' lang='lat' dir='ltr'>Eustathium</span> 
     </span>
    </p>
   </div>
   <div class='ocr_carea' id='block_1_13' title="bbox 223 1171 1898 1246">
    <p class='ocr_par' dir='ltr' id='par_1_13' title="bbox 223 1171 1898 1246">
     <span class='ocr_line' id='line_1_13' title="bbox 223 1171 1898 1246; baseline 0.002 -20"><span class='ocrx_word' id='word_1_67' title='bbox 223 1171 644 1226; x_wconf 88' lang='lat' dir='ltr'>Sebastenum</span> <span class='ocrx_word' id='word_1_68' title='bbox 666 1176 982 1227; x_wconf 82' lang='lat' dir='ltr'>auctorem</span> <span class='ocrx_word' id='word_1_69' title='bbox 1011 1171 1251 1236; x_wconf 82' lang='lat' dir='ltr'>faciam,</span> <span class='ocrx_word' id='word_1_70' title='bbox 1275 1173 1898 1246; x_wconf 91' lang='lat' dir='ltr'>vident,opinor,om-</span> 
     </span>
    </p>
   </div>
   <div class='ocr_carea' id='block_1_14' title="bbox 217 1261 1898 1336">
    <p class='ocr_par' dir='ltr' id='par_1_14' title="bbox 217 1261 1898 1336">
     <span class='ocr_line' id='line_1_14' title="bbox 217 1261 1898 1336; baseline 0.004 -22"><span class='ocrx_word' id='word_1_71' title='bbox 217 1275 344 1315; x_wconf 86' lang='lat' dir='ltr'><strong>nes.</strong></span> <span class='ocrx_word' id='word_1_72' title='bbox 381 1263 546 1316; x_wconf 88' lang='lat' dir='ltr'>Cum</span> <span class='ocrx_word' id='word_1_73' title='bbox 581 1261 750 1316; x_wconf 90' lang='lat' dir='ltr'>enim</span> <span class='ocrx_word' id='word_1_74' title='bbox 776 1261 946 1332; x_wconf 89' lang='lat' dir='ltr'>prius</span> <span class='ocrx_word' id='word_1_75' title='bbox 985 1277 1097 1333; x_wconf 93' lang='lat' dir='ltr'>pro</span> <span class='ocrx_word' id='word_1_76' title='bbox 1127 1267 1288 1318; x_wconf 90' lang='lat' dir='ltr'>certo</span> <span class='ocrx_word' id='word_1_77' title='bbox 1313 1268 1368 1319; x_wconf 93' lang='lat' dir='ltr'>et</span> <span class='ocrx_word' id='word_1_78' title='bbox 1413 1263 1725 1336; x_wconf 85' lang='lat' dir='ltr'>explorato</span> <span class='ocrx_word' id='word_1_79' title='bbox 1783 1269 1898 1320; x_wconf 89' lang='lat' dir='ltr'>sta-</span> 
     </span>
    </p>
   </div>
   <div class='ocr_carea' id='block_1_15' title="bbox 217 1350 1896 1423">
    <p class='ocr_par' dir='ltr' id='par_1_15' title="bbox 217 1350 1896 1423">
     <span class='ocr_line' id='line_1_15' title="bbox 217 1350 1896 1423; baseline 0.002 -18"><span class='ocrx_word' id='word_1_80' title='bbox 217 1350 435 1405; x_wconf 87' lang='lat' dir='ltr'>tuerim</span> <span class='ocrx_word' id='word_1_81' title='bbox 457 1350 956 1420; x_wconf 87' lang='lat' dir='ltr'>(a),monasticas</span> <span class='ocrx_word' id='word_1_82' title='bbox 971 1353 1126 1407; x_wconf 91' lang='lat' dir='ltr'>Cons</span> <span class='ocrx_word' id='word_1_83' title='bbox 1135 1352 1432 1408; x_wconf 85' lang='lat' dir='ltr'>titutiones</span> <span class='ocrx_word' id='word_1_84' title='bbox 1445 1358 1502 1408; x_wconf 91' lang='lat' dir='ltr'>et</span> <span class='ocrx_word' id='word_1_85' title='bbox 1513 1353 1774 1423; x_wconf 89' lang='lat' dir='ltr'>Regulas</span> <span class='ocrx_word' id='word_1_86' title='bbox 1793 1355 1896 1409; x_wconf 92' lang='lat' dir='ltr'><strong>uni</strong></span> 
     </span>
    </p>
   </div>
   <div class='ocr_carea' id='block_1_16' title="bbox 213 1439 1896 1515">
    <p class='ocr_par' dir='ltr' id='par_1_16' title="bbox 213 1439 1896 1515">
     <span class='ocr_line' id='line_1_16' title="bbox 213 1439 1896 1515; baseline 0.004 -22"><span class='ocrx_word' id='word_1_87' title='bbox 213 1442 267 1493; x_wconf 85' lang='lat' dir='ltr'>et</span> <span class='ocrx_word' id='word_1_88' title='bbox 293 1439 507 1494; x_wconf 87' lang='lat' dir='ltr'>eidem</span> <span class='ocrx_word' id='word_1_89' title='bbox 542 1439 831 1510; x_wconf 87' lang='lat' dir='ltr'><strong>scriptori</strong></span> <span class='ocrx_word' id='word_1_90' title='bbox 859 1439 1042 1495; x_wconf 85' lang='lat' dir='ltr'><strong>tribui</strong></span> <span class='ocrx_word' id='word_1_91' title='bbox 1067 1455 1190 1496; x_wconf 91' lang='lat' dir='ltr'>non</span> <span class='ocrx_word' id='word_1_92' title='bbox 1211 1442 1737 1515; x_wconf 81' lang='lat' dir='ltr'>posseeodemque</span> <span class='ocrx_word' id='word_1_93' title='bbox 1761 1443 1896 1500; x_wconf 91' lang='lat' dir='ltr'><strong>loco</strong></span> 
     </span>
    </p>
   </div>
   <div class='ocr_carea' id='block_1_17' title="bbox 211 1527 1890 1603">
    <p class='ocr_par' dir='ltr' id='par_1_17' title="bbox 211 1527 1890 1603">
     <span class='ocr_line' id='line_1_17' title="bbox 211 1527 1890 1603; baseline 0.004 -21"><span class='ocrx_word' id='word_1_94' title='bbox 211 1527 590 1582; x_wconf 79' lang='lat' dir='ltr'>afﬁrmarim</span> <span class='ocrx_word' id='word_1_95' title='bbox 650 1528 937 1583; x_wconf 86' lang='lat' dir='ltr'>Basilium</span> <span class='ocrx_word' id='word_1_96' title='bbox 989 1534 1300 1600; x_wconf 89' lang='lat' dir='ltr'>parentem</span> <span class='ocrx_word' id='word_1_97' title='bbox 1343 1546 1476 1586; x_wconf 91' lang='lat' dir='ltr'>esse</span> <span class='ocrx_word' id='word_1_98' title='bbox 1505 1533 1890 1603; x_wconf 84' lang='lat' dir='ltr'>Regularum,</span> 
     </span>
    </p>
   </div>
   <div class='ocr_carea' id='block_1_18' title="bbox 211 1618 1894 1689">
    <p class='ocr_par' dir='ltr' id='par_1_18' title="bbox 211 1618 1894 1689">
     <span class='ocr_line' id='line_1_18' title="bbox 211 1618 1894 1689; baseline 0.004 -17"><span class='ocrx_word' id='word_1_99' title='bbox 211 1633 616 1689; x_wconf 86' lang='lat' dir='ltr'>consequens</span> <span class='ocrx_word' id='word_1_100' title='bbox 641 1622 750 1684; x_wconf 91' lang='lat' dir='ltr'>est,</span> <span class='ocrx_word' id='word_1_101' title='bbox 787 1618 837 1673; x_wconf 91' lang='lat' dir='ltr'>si</span> <span class='ocrx_word' id='word_1_102' title='bbox 859 1634 1100 1674; x_wconf 92' lang='lat' dir='ltr'>mecum</span> <span class='ocrx_word' id='word_1_103' title='bbox 1130 1619 1677 1688; x_wconf 88' lang='lat' dir='ltr'>consentirevelim,</span> <span class='ocrx_word' id='word_1_104' title='bbox 1707 1627 1770 1678; x_wconf 93' lang='lat' dir='ltr'>ut</span> <span class='ocrx_word' id='word_1_105' title='bbox 1791 1623 1894 1680; x_wconf 90' lang='lat' dir='ltr'>ali-</span> 
     </span>
    </p>
   </div>
   <div class='ocr_carea' id='block_1_19' title="bbox 209 1707 1963 1782">
    <p class='ocr_par' dir='ltr' id='par_1_19' title="bbox 209 1707 1963 1782">
     <span class='ocr_line' id='line_1_19' title="bbox 209 1707 1963 1782; baseline 0.005 -22"><span class='ocrx_word' id='word_1_106' title='bbox 209 1722 394 1778; x_wconf 85' lang='lat' dir='ltr'>quem</span> <span class='ocrx_word' id='word_1_107' title='bbox 431 1707 960 1762; x_wconf 90' lang='lat' dir='ltr'>Constitutionum</span> <span class='ocrx_word' id='word_1_108' title='bbox 991 1713 1321 1771; x_wconf 85' lang='lat' dir='ltr'>auctorem,</span> <span class='ocrx_word' id='word_1_109' title='bbox 1353 1710 1458 1782; x_wconf 86' lang='lat' dir='ltr'>qui</span> <span class='ocrx_word' id='word_1_110' title='bbox 1490 1711 1738 1767; x_wconf 87' lang='lat' dir='ltr'>Basilius</span> <span class='ocrx_word' id='word_1_111' title='bbox 1769 1727 1892 1768; x_wconf 92' lang='lat' dir='ltr'><strong>non</strong></span> <span class='ocrx_word' id='word_1_112' title='bbox 1920 1723 1963 1775; x_wconf 87' lang='grc' dir='ltr'>Β</span> 
     </span>
    </p>
   </div>
   <div class='ocr_carea' id='block_1_20' title="bbox 208 1795 1892 1868">
    <p class='ocr_par' dir='ltr' id='par_1_20' title="bbox 208 1795 1892 1868">
     <span class='ocr_line' id='line_1_20' title="bbox 208 1795 1892 1868; baseline 0.004 -19"><span class='ocrx_word' id='word_1_113' title='bbox 208 1796 302 1858; x_wconf 85' lang='lat' dir='ltr'>sit,</span> <span class='ocrx_word' id='word_1_114' title='bbox 333 1811 660 1867; x_wconf 58' lang='lat' dir='ltr'>quaram.</span> <span class='ocrx_word' id='word_1_115' title='bbox 685 1795 824 1860; x_wconf 89' lang='lat' dir='ltr'><strong>Quis</strong></span> <span class='ocrx_word' id='word_1_116' title='bbox 850 1801 1078 1858; x_wconf 88' lang='lat' dir='ltr'>autem,</span> <span class='ocrx_word' id='word_1_117' title='bbox 1099 1813 1554 1868; x_wconf 62' lang='lat' dir='ltr'>qumso,earum</span> <span class='ocrx_word' id='word_1_118' title='bbox 1571 1805 1892 1856; x_wconf 86' lang='lat' dir='ltr'>auctorve-</span> 
     </span>
    </p>
   </div>
   <div class='ocr_carea' id='block_1_21' title="bbox 205 1884 1868 1957">
    <p class='ocr_par' dir='ltr' id='par_1_21' title="bbox 205 1884 1868 1957">
     <span class='ocr_line' id='line_1_21' title="bbox 205 1884 1868 1957; baseline 0.004 -18"><span class='ocrx_word' id='word_1_119' title='bbox 205 1885 536 1939; x_wconf 86' lang='lat' dir='ltr'>risimilius</span> <span class='ocrx_word' id='word_1_120' title='bbox 589 1884 714 1940; x_wconf 91' lang='lat' dir='ltr'>dici</span> <span class='ocrx_word' id='word_1_121' title='bbox 759 1890 974 1956; x_wconf 90' lang='lat' dir='ltr'><strong>potest,</strong></span> <span class='ocrx_word' id='word_1_122' title='bbox 1006 1902 1192 1957; x_wconf 90' lang='lat' dir='ltr'>quam</span> <span class='ocrx_word' id='word_1_123' title='bbox 1239 1888 1584 1943; x_wconf 79' lang='lat' dir='ltr'><strong>Eustathius</strong></span> <span class='ocrx_word' id='word_1_124' title='bbox 1619 1889 1868 1946; x_wconf 91' lang='lat' dir='ltr'>Sebaste</span> 
     </span>
    </p>
   </div>
   <div class='ocr_carea' id='block_1_22' title="bbox 203 1975 1890 2049">
    <p class='ocr_par' dir='ltr' id='par_1_22' title="bbox 203 1975 1890 2049">
     <span class='ocr_line' id='line_1_22' title="bbox 203 1975 1890 2049; baseline 0.003 -18"><span class='ocrx_word' id='word_1_125' title='bbox 203 1975 576 2047; x_wconf 86' lang='lat' dir='ltr'>nus,qui,nt</span> <span class='ocrx_word' id='word_1_126' title='bbox 604 1979 701 2030; x_wconf 90' lang='lat' dir='ltr'>est</span> <span class='ocrx_word' id='word_1_127' title='bbox 729 1977 892 2047; x_wconf 86' lang='lat' dir='ltr'>apud</span> <span class='ocrx_word' id='word_1_128' title='bbox 924 1977 1322 2032; x_wconf 89' lang='lat' dir='ltr'>Sozomenum</span> <span class='ocrx_word' id='word_1_129' title='bbox 1351 1978 1457 2049; x_wconf 78' lang='grc' dir='ltr'>(ὁ),</span> <span class='ocrx_word' id='word_1_130' title='bbox 1479 1979 1702 2035; x_wconf 91' lang='lat' dir='ltr'>librum</span> <span class='ocrx_word' id='word_1_131' title='bbox 1732 1996 1890 2036; x_wconf 90' lang='lat' dir='ltr'>asce-</span> 
     </span>
    </p>
   </div>
   <div class='ocr_carea' id='block_1_23' title="bbox 205 2063 1890 2140">
    <p class='ocr_par' dir='ltr' id='par_1_23' title="bbox 205 2063 1890 2140">
     <span class='ocr_line' id='line_1_23' title="bbox 205 2063 1890 2140; baseline 0.004 -22"><span class='ocrx_word' id='word_1_132' title='bbox 205 2064 422 2131; x_wconf 87' lang='lat' dir='ltr'>ticum,</span> <span class='ocrx_word' id='word_1_133' title='bbox 446 2064 568 2136; x_wconf 87' lang='lat' dir='ltr'>qui</span> <span class='ocrx_word' id='word_1_134' title='bbox 603 2063 810 2119; x_wconf 88' lang='lat' dir='ltr'><strong>Basilii</strong></span> <span class='ocrx_word' id='word_1_135' title='bbox 838 2065 1225 2137; x_wconf 88' lang='lat' dir='ltr'><strong>Cappadocis</strong></span> <span class='ocrx_word' id='word_1_136' title='bbox 1274 2068 1522 2123; x_wconf 87' lang='lat' dir='ltr'>nomine</span> <span class='ocrx_word' id='word_1_137' title='bbox 1565 2068 1890 2140; x_wconf 90' lang='lat' dir='ltr'>inscriptus</span> 
     </span>
    </p>
   </div>
   <div class='ocr_carea' id='block_1_24' title="bbox 207 2152 1890 2224">
    <p class='ocr_par' dir='ltr' id='par_1_24' title="bbox 207 2152 1890 2224">
     <span class='ocr_line' id='line_1_24' title="bbox 207 2152 1890 2224; baseline 0.003 -16"><span class='ocrx_word' id='word_1_138' title='bbox 207 2159 353 2216; x_wconf 85' lang='lat' dir='ltr'>erat,</span> <span class='ocrx_word' id='word_1_139' title='bbox 381 2152 675 2208; x_wconf 87' lang='lat' dir='ltr'><strong>edidisse</strong></span> <span class='ocrx_word' id='word_1_140' title='bbox 693 2169 731 2208; x_wconf 91' lang='lat' dir='ltr'><strong>a</strong></span> <span class='ocrx_word' id='word_1_141' title='bbox 748 2153 1120 2224; x_wconf 90' lang='lat' dir='ltr'>quibusdam</span> <span class='ocrx_word' id='word_1_142' title='bbox 1143 2155 1532 2212; x_wconf 85' lang='lat' dir='ltr'>credebatur?</span> <span class='ocrx_word' id='word_1_143' title='bbox 1548 2160 1697 2213; x_wconf 89' lang='lat' dir='ltr'>Nam</span> <span class='ocrx_word' id='word_1_144' title='bbox 1714 2157 1890 2213; x_wconf 87' lang='lat' dir='ltr'>licere</span> 
     </span>
    </p>
   </div>
   <div class='ocr_carea' id='block_1_25' title="bbox 207 2241 1891 2314">
    <p class='ocr_par' dir='ltr' id='par_1_25' title="bbox 207 2241 1891 2314">
     <span class='ocr_line' id='line_1_25' title="bbox 207 2241 1891 2314; baseline 0.003 -17"><span class='ocrx_word' id='word_1_145' title='bbox 207 2242 385 2297; x_wconf 90' lang='lat' dir='ltr'>nobis</span> <span class='ocrx_word' id='word_1_146' title='bbox 425 2256 572 2296; x_wconf 87' lang='lat' dir='ltr'>non</span> <span class='ocrx_word' id='word_1_147' title='bbox 603 2241 996 2310; x_wconf 86' lang='lat' dir='ltr'>arbitramur,</span> <span class='ocrx_word' id='word_1_148' title='bbox 1027 2247 1298 2299; x_wconf 87' lang='lat' dir='ltr'>veterum</span> <span class='ocrx_word' id='word_1_149' title='bbox 1347 2245 1717 2314; x_wconf 90' lang='lat' dir='ltr'>testimonia,</span> <span class='ocrx_word' id='word_1_150' title='bbox 1776 2247 1891 2302; x_wconf 91' lang='lat' dir='ltr'><strong>nisi</strong></span> 
     </span>
    </p>
   </div>
   <div class='ocr_carea' id='block_1_26' title="bbox 207 2329 1886 2406">
    <p class='ocr_par' dir='ltr' id='par_1_26' title="bbox 207 2329 1886 2406">
     <span class='ocr_line' id='line_1_26' title="bbox 207 2329 1886 2406; baseline 0.003 -21"><span class='ocrx_word' id='word_1_151' title='bbox 207 2347 424 2386; x_wconf 85' lang='lat' dir='ltr'>eorum</span> <span class='ocrx_word' id='word_1_152' title='bbox 459 2329 712 2386; x_wconf 83' lang='lat' dir='ltr'><strong>falsitas</strong></span> <span class='ocrx_word' id='word_1_153' title='bbox 743 2329 988 2386; x_wconf 87' lang='lat' dir='ltr'>aliunde</span> <span class='ocrx_word' id='word_1_154' title='bbox 1037 2332 1358 2388; x_wconf 91' lang='lat' dir='ltr'>manifesto</span> <span class='ocrx_word' id='word_1_155' title='bbox 1397 2334 1642 2406; x_wconf 90' lang='lat' dir='ltr'>probari</span> <span class='ocrx_word' id='word_1_156' title='bbox 1679 2335 1886 2406; x_wconf 88' lang='lat' dir='ltr'><strong>possit,</strong></span> 
     </span>
    </p>
   </div>
   <div class='ocr_carea' id='block_1_27' title="bbox 210 2420 1884 2492">
    <p class='ocr_par' dir='ltr' id='par_1_27' title="bbox 210 2420 1884 2492">
     <span class='ocr_line' id='line_1_27' title="bbox 210 2420 1884 2492; baseline 0.004 -17"><span class='ocrx_word' id='word_1_157' title='bbox 210 2437 315 2492; x_wconf 89' lang='lat' dir='ltr'>pro</span> <span class='ocrx_word' id='word_1_158' title='bbox 343 2421 538 2477; x_wconf 84' lang='lat' dir='ltr'><strong>falsis</strong></span> <span class='ocrx_word' id='word_1_159' title='bbox 570 2420 981 2477; x_wconf 84' lang='lat' dir='ltr'>habere.Cum</span> <span class='ocrx_word' id='word_1_160' title='bbox 1001 2438 1165 2492; x_wconf 89' lang='lat' dir='ltr'>ergo,</span> <span class='ocrx_word' id='word_1_161' title='bbox 1193 2427 1259 2478; x_wconf 92' lang='lat' dir='ltr'>ut</span> <span class='ocrx_word' id='word_1_162' title='bbox 1290 2423 1663 2480; x_wconf 83' lang='lat' dir='ltr'>Sozomenus</span> <span class='ocrx_word' id='word_1_163' title='bbox 1690 2425 1884 2488; x_wconf 89' lang='lat' dir='ltr'>refert,</span> 
     </span>
    </p>
   </div>
   <div class='ocr_carea' id='block_1_28' title="bbox 208 2509 1889 2586">
    <p class='ocr_par' dir='ltr' id='par_1_28' title="bbox 208 2509 1889 2586">
     <span class='ocr_line' id='line_1_28' title="bbox 208 2509 1889 2586; baseline 0.004 -22"><span class='ocrx_word' id='word_1_164' title='bbox 208 2517 416 2565; x_wconf 82' lang='lat' dir='ltr'><strong>essent</strong></span> <span class='ocrx_word' id='word_1_165' title='bbox 449 2510 568 2582; x_wconf 88' lang='lat' dir='ltr'><strong>qui</strong></span> <span class='ocrx_word' id='word_1_166' title='bbox 598 2509 828 2565; x_wconf 90' lang='lat' dir='ltr'>librum</span> <span class='ocrx_word' id='word_1_167' title='bbox 844 2510 1175 2583; x_wconf 89' lang='lat' dir='ltr'>quemdam</span> <span class='ocrx_word' id='word_1_168' title='bbox 1191 2512 1661 2586; x_wconf 89' lang='lat' dir='ltr'>asceticum,qui</span> <span class='ocrx_word' id='word_1_169' title='bbox 1689 2515 1889 2571; x_wconf 88' lang='lat' dir='ltr'><strong>Basilii</strong></span> 
     </span>
    </p>
   </div>
   <div class='ocr_carea' id='block_1_29' title="bbox 205 2598 1887 2671">
    <p class='ocr_par' dir='ltr' id='par_1_29' title="bbox 205 2598 1887 2671">
     <span class='ocr_line' id='line_1_29' title="bbox 205 2598 1887 2671; baseline 0.004 -17"><span class='ocrx_word' id='word_1_170' title='bbox 205 2613 440 2655; x_wconf 86' lang='lat' dir='ltr'>nomen</span> <span class='ocrx_word' id='word_1_171' title='bbox 473 2598 869 2671; x_wconf 70' lang='lat' dir='ltr'>praeferebat,</span> <span class='ocrx_word' id='word_1_172' title='bbox 905 2599 984 2655; x_wconf 91' lang='lat' dir='ltr'>ab</span> <span class='ocrx_word' id='word_1_173' title='bbox 1019 2601 1321 2657; x_wconf 85' lang='lat' dir='ltr'>Eustathio</span> <span class='ocrx_word' id='word_1_174' title='bbox 1373 2604 1702 2659; x_wconf 89' lang='lat' dir='ltr'>Sebasteno</span> <span class='ocrx_word' id='word_1_175' title='bbox 1747 2621 1887 2660; x_wconf 88' lang='lat' dir='ltr'><strong>con-</strong></span> 
     </span>
    </p>
   </div>
   <div class='ocr_carea' id='block_1_30' title="bbox 212 2687 1888 2764">
    <p class='ocr_par' dir='ltr' id='par_1_30' title="bbox 212 2687 1888 2764">
     <span class='ocr_line' id='line_1_30' title="bbox 212 2687 1888 2764; baseline 0.004 -22"><span class='ocrx_word' id='word_1_176' title='bbox 212 2689 518 2760; x_wconf 84' lang='lat' dir='ltr'>scriptum</span> <span class='ocrx_word' id='word_1_177' title='bbox 553 2687 742 2743; x_wconf 85' lang='lat' dir='ltr'>fuisse</span> <span class='ocrx_word' id='word_1_178' title='bbox 762 2688 1156 2744; x_wconf 81' lang='lat' dir='ltr'>affirmarent:</span> <span class='ocrx_word' id='word_1_179' title='bbox 1185 2690 1479 2762; x_wconf 88' lang='lat' dir='ltr'>sequitur,</span> <span class='ocrx_word' id='word_1_180' title='bbox 1509 2691 1557 2746; x_wconf 88' lang='lat' dir='ltr'>si</span> <span class='ocrx_word' id='word_1_181' title='bbox 1579 2694 1717 2764; x_wconf 86' lang='lat' dir='ltr'><strong>quis</strong></span> <span class='ocrx_word' id='word_1_182' title='bbox 1744 2692 1888 2749; x_wconf 92' lang='lat' dir='ltr'><strong>liber</strong></span> 
     </span>
    </p>
   </div>
   <div class='ocr_carea' id='block_1_31' title="bbox 207 2776 1885 2851">
    <p class='ocr_par' dir='ltr' id='par_1_31' title="bbox 207 2776 1885 2851">
     <span class='ocr_line' id='line_1_31' title="bbox 207 2776 1885 2851; baseline 0.004 -19"><span class='ocrx_word' id='word_1_183' title='bbox 207 2777 280 2832; x_wconf 80' lang='lat' dir='ltr'><strong>sit</strong></span> <span class='ocrx_word' id='word_1_184' title='bbox 307 2778 372 2832; x_wconf 91' lang='lat' dir='ltr'><strong>in</strong></span> <span class='ocrx_word' id='word_1_185' title='bbox 405 2776 731 2845; x_wconf 80' lang='lat' dir='ltr'>Asceticis,</span> <span class='ocrx_word' id='word_1_186' title='bbox 763 2778 869 2850; x_wconf 90' lang='lat' dir='ltr'>qui</span> <span class='ocrx_word' id='word_1_187' title='bbox 904 2777 1116 2834; x_wconf 88' lang='lat' dir='ltr'><strong>Basilio</strong></span> <span class='ocrx_word' id='word_1_188' title='bbox 1145 2779 1324 2834; x_wconf 89' lang='lat' dir='ltr'><strong>tribui</strong></span> <span class='ocrx_word' id='word_1_189' title='bbox 1353 2796 1477 2835; x_wconf 91' lang='lat' dir='ltr'>non</span> <span class='ocrx_word' id='word_1_190' title='bbox 1509 2783 1717 2851; x_wconf 87' lang='lat' dir='ltr'>possit.</span> <span class='ocrx_word' id='word_1_191' title='bbox 1746 2799 1885 2839; x_wconf 91' lang='lat' dir='ltr'>eum</span> 
     </span>
    </p>
   </div>
   <div class='ocr_carea' id='block_1_32' title="bbox 209 2866 1885 2939">
    <p class='ocr_par' dir='ltr' id='par_1_32' title="bbox 209 2866 1885 2939">
     <span class='ocr_line' id='line_1_32' title="bbox 209 2866 1885 2939; baseline 0.004 -17"><span class='ocrx_word' id='word_1_192' title='bbox 209 2867 531 2922; x_wconf 85' lang='lat' dir='ltr'>Eustathio</span> <span class='ocrx_word' id='word_1_193' title='bbox 559 2866 785 2922; x_wconf 86' lang='lat' dir='ltr'><strong>ascribi</strong></span> <span class='ocrx_word' id='word_1_194' title='bbox 813 2872 1114 2939; x_wconf 89' lang='lat' dir='ltr'>oportere.</span> <span class='ocrx_word' id='word_1_195' title='bbox 1149 2868 1488 2925; x_wconf 89' lang='lat' dir='ltr'>Obscurum</span> <span class='ocrx_word' id='word_1_196' title='bbox 1520 2876 1731 2926; x_wconf 90' lang='lat' dir='ltr'>autem</span> <span class='ocrx_word' id='word_1_197' title='bbox 1763 2887 1885 2928; x_wconf 92' lang='lat' dir='ltr'>non</span> 
     </span>
    </p>
   </div>
   <div class='ocr_carea' id='block_1_33' title="bbox 210 2957 1888 3026">
    <p class='ocr_par' dir='ltr' id='par_1_33' title="bbox 210 2957 1888 3026">
     <span class='ocr_line' id='line_1_33' title="bbox 210 2957 1888 3026; baseline 0.003 -14"><span class='ocrx_word' id='word_1_198' title='bbox 210 2963 310 3026; x_wconf 74' lang='lat' dir='ltr'>est,</span> <span class='ocrx_word' id='word_1_199' title='bbox 339 2957 536 3013; x_wconf 88' lang='lat' dir='ltr'>talem</span> <span class='ocrx_word' id='word_1_200' title='bbox 569 2972 705 3013; x_wconf 87' lang='lat' dir='ltr'>esse</span> <span class='ocrx_word' id='word_1_201' title='bbox 761 2957 1271 3014; x_wconf 88' lang='lat' dir='ltr'>Constitutionum</span> <span class='ocrx_word' id='word_1_202' title='bbox 1298 2957 1543 3015; x_wconf 90' lang='lat' dir='ltr'>librum.</span> <span class='ocrx_word' id='word_1_203' title='bbox 1599 2963 1768 3024; x_wconf 87' lang='lat' dir='ltr'>Nam,</span> <span class='ocrx_word' id='word_1_204' title='bbox 1823 2967 1888 3017; x_wconf 91' lang='lat' dir='ltr'>ut</span> 
     </span>
    </p>
   </div>
   <div class='ocr_carea' id='block_1_34' title="bbox 2010 458 3662 530">
    <p class='ocr_par' dir='ltr' id='par_1_34' title="bbox 2010 458 3662 530">
     <span class='ocr_line' id='line_1_34' title="bbox 2010 458 3662 530; baseline -0.001 -17"><span class='ocrx_word' id='word_1_205' title='bbox 2010 459 2317 516; x_wconf 87' lang='lat' dir='ltr'>Eustathio</span> <span class='ocrx_word' id='word_1_206' title='bbox 2349 459 2681 516; x_wconf 90' lang='lat' dir='ltr'>Sebasteno</span> <span class='ocrx_word' id='word_1_207' title='bbox 2705 458 3044 530; x_wconf 88' lang='lat' dir='ltr'>adjudicari</span> <span class='ocrx_word' id='word_1_208' title='bbox 3075 463 3373 530; x_wconf 84' lang='lat' dir='ltr'>oportere,</span> <span class='ocrx_word' id='word_1_209' title='bbox 3401 462 3491 513; x_wconf 91' lang='lat' dir='ltr'>est</span> <span class='ocrx_word' id='word_1_210' title='bbox 3528 473 3662 529; x_wconf 92' lang='lat' dir='ltr'><strong>pro-</strong></span> 
     </span>
    </p>
   </div>
   <div class='ocr_carea' id='block_1_35' title="bbox 2009 545 3659 619">
    <p class='ocr_par' dir='ltr' id='par_1_35' title="bbox 2009 545 3659 619">
     <span class='ocr_line' id='line_1_35' title="bbox 2009 545 3659 619; baseline -0.002 -17"><span class='ocrx_word' id='word_1_211' title='bbox 2009 549 2136 619; x_wconf 89' lang='lat' dir='ltr'>prie</span> <span class='ocrx_word' id='word_1_212' title='bbox 2166 553 2365 604; x_wconf 89' lang='lat' dir='ltr'>actum</span> <span class='ocrx_word' id='word_1_213' title='bbox 2403 564 2600 618; x_wconf 85' lang='lat' dir='ltr'>agere.</span> <span class='ocrx_word' id='word_1_214' title='bbox 2623 552 2772 604; x_wconf 87' lang='lat' dir='ltr'>Nam</span> <span class='ocrx_word' id='word_1_215' title='bbox 2805 547 3014 602; x_wconf 89' lang='lat' dir='ltr'>omnia</span> <span class='ocrx_word' id='word_1_216' title='bbox 3041 551 3404 616; x_wconf 83' lang='lat' dir='ltr'>argumenta</span> <span class='ocrx_word' id='word_1_217' title='bbox 3435 545 3659 618; x_wconf 85' lang='lat' dir='ltr'><strong>quibus</strong></span> 
     </span>
    </p>
   </div>
   <div class='ocr_carea' id='block_1_36' title="bbox 2012 635 3659 710">
    <p class='ocr_par' dir='ltr' id='par_1_36' title="bbox 2012 635 3659 710">
     <span class='ocr_line' id='line_1_36' title="bbox 2012 635 3659 710; baseline -0.002 -18"><span class='ocrx_word' id='word_1_218' title='bbox 2012 637 2102 692; x_wconf 92' lang='lat' dir='ltr'>usi</span> <span class='ocrx_word' id='word_1_219' title='bbox 2132 654 2341 692; x_wconf 91' lang='lat' dir='ltr'>sumus</span> <span class='ocrx_word' id='word_1_220' title='bbox 2366 637 2720 710; x_wconf 75' lang='lat' dir='ltr'>(d),partiin,</span> <span class='ocrx_word' id='word_1_221' title='bbox 2742 635 3272 691; x_wconf 89' lang='lat' dir='ltr'>utostenderemus</span> <span class='ocrx_word' id='word_1_222' title='bbox 3299 635 3659 705; x_wconf 86' lang='lat' dir='ltr'>Begularum</span> 
     </span>
    </p>
   </div>
   <div class='ocr_carea' id='block_1_37' title="bbox 2009 725 3660 799">
    <p class='ocr_par' dir='ltr' id='par_1_37' title="bbox 2009 725 3660 799">
     <span class='ocr_line' id='line_1_37' title="bbox 2009 725 3660 799; baseline -0.002 -17"><span class='ocrx_word' id='word_1_223' title='bbox 2009 727 2360 799; x_wconf 91' lang='lat' dir='ltr'>scriptorem</span> <span class='ocrx_word' id='word_1_224' title='bbox 2389 727 2574 783; x_wconf 80' lang='lat' dir='ltr'>alium</span> <span class='ocrx_word' id='word_1_225' title='bbox 2601 742 2733 783; x_wconf 88' lang='lat' dir='ltr'>esse</span> <span class='ocrx_word' id='word_1_226' title='bbox 2765 726 2843 782; x_wconf 90' lang='lat' dir='ltr'>ab</span> <span class='ocrx_word' id='word_1_227' title='bbox 2877 742 2967 790; x_wconf 90' lang='lat' dir='ltr'>eo,</span> <span class='ocrx_word' id='word_1_228' title='bbox 2993 726 3101 797; x_wconf 87' lang='lat' dir='ltr'>qui</span> <span class='ocrx_word' id='word_1_229' title='bbox 3132 725 3660 781; x_wconf 89' lang='lat' dir='ltr'>monasticasCon-</span> 
     </span>
    </p>
   </div>
   <div class='ocr_carea' id='block_1_38' title="bbox 2009 814 3658 889">
    <p class='ocr_par' dir='ltr' id='par_1_38' title="bbox 2009 814 3658 889">
     <span class='ocr_line' id='line_1_38' title="bbox 2009 814 3658 889; baseline -0.001 -20"><span class='ocrx_word' id='word_1_230' title='bbox 2009 816 2349 872; x_wconf 89' lang='lat' dir='ltr'>stitutiones</span> <span class='ocrx_word' id='word_1_231' title='bbox 2381 817 2586 878; x_wconf 86' lang='lat' dir='ltr'>edidit;</span> <span class='ocrx_word' id='word_1_232' title='bbox 2606 817 2918 889; x_wconf 89' lang='lat' dir='ltr'>partim,ut</span> <span class='ocrx_word' id='word_1_233' title='bbox 2933 816 3180 888; x_wconf 89' lang='lat' dir='ltr'>planum</span> <span class='ocrx_word' id='word_1_234' title='bbox 3200 815 3539 870; x_wconf 86' lang='lat' dir='ltr'>faceremus</span> <span class='ocrx_word' id='word_1_235' title='bbox 3560 814 3658 883; x_wconf 86' lang='lat' dir='ltr'>(e),</span> 
     </span>
    </p>
   </div>
   <div class='ocr_carea' id='block_1_39' title="bbox 2007 903 3656 978">
    <p class='ocr_par' dir='ltr' id='par_1_39' title="bbox 2007 903 3656 978">
     <span class='ocr_line' id='line_1_39' title="bbox 2007 903 3656 978; baseline -0.001 -19"><span class='ocrx_word' id='word_1_236' title='bbox 2007 905 2273 962; x_wconf 90' lang='lat' dir='ltr'>dubitari</span> <span class='ocrx_word' id='word_1_237' title='bbox 2303 906 2469 962; x_wconf 91' lang='lat' dir='ltr'>nullo</span> <span class='ocrx_word' id='word_1_238' title='bbox 2505 908 2690 962; x_wconf 92' lang='lat' dir='ltr'>modo</span> <span class='ocrx_word' id='word_1_239' title='bbox 2723 922 2924 978; x_wconf 92' lang='lat' dir='ltr'>posse,</span> <span class='ocrx_word' id='word_1_240' title='bbox 2972 905 3118 977; x_wconf 92' lang='lat' dir='ltr'><strong>quin</strong></span> <span class='ocrx_word' id='word_1_241' title='bbox 3149 903 3396 959; x_wconf 90' lang='lat' dir='ltr'>Basilius</span> <span class='ocrx_word' id='word_1_242' title='bbox 3435 918 3656 976; x_wconf 90' lang='lat' dir='ltr'>parens</span> 
     </span>
    </p>
   </div>
   <div class='ocr_carea' id='block_1_40' title="bbox 2008 992 3664 1066">
    <p class='ocr_par' dir='ltr' id='par_1_40' title="bbox 2008 992 3664 1066">
     <span class='ocr_line' id='line_1_40' title="bbox 2008 992 3664 1066; baseline -0.001 -16"><span class='ocrx_word' id='word_1_243' title='bbox 2008 994 2083 1050; x_wconf 90' lang='lat' dir='ltr'><strong>sit</strong></span> <span class='ocrx_word' id='word_1_244' title='bbox 2110 994 2414 1065; x_wconf 88' lang='lat' dir='ltr'>legitimus</span> <span class='ocrx_word' id='word_1_245' title='bbox 2438 995 2878 1066; x_wconf 85' lang='lat' dir='ltr'>Regularum,si</span> <span class='ocrx_word' id='word_1_246' title='bbox 2909 994 3054 1066; x_wconf 91' lang='lat' dir='ltr'>quid</span> <span class='ocrx_word' id='word_1_247' title='bbox 3087 994 3366 1065; x_wconf 85' lang='lat' dir='ltr'>probent,</span> <span class='ocrx_word' id='word_1_248' title='bbox 3399 992 3664 1064; x_wconf 90' lang='lat' dir='ltr'>probant</span> 
     </span>
    </p>
   </div>
   <div class='ocr_carea' id='block_1_41' title="bbox 2003 1083 3659 1157">
    <p class='ocr_par' dir='ltr' id='par_1_41' title="bbox 2003 1083 3659 1157">
     <span class='ocr_line' id='line_1_41' title="bbox 2003 1083 3659 1157; baseline -0.002 -17"><span class='ocrx_word' id='word_1_249' title='bbox 2003 1101 2247 1156; x_wconf 90' lang='lat' dir='ltr'>quoque</span> <span class='ocrx_word' id='word_1_250' title='bbox 2277 1086 2620 1141; x_wconf 82' lang='lat' dir='ltr'>necessaria</span> <span class='ocrx_word' id='word_1_251' title='bbox 2645 1085 2916 1157; x_wconf 87' lang='lat' dir='ltr'>quadam</span> <span class='ocrx_word' id='word_1_252' title='bbox 2957 1083 3401 1152; x_wconf 88' lang='lat' dir='ltr'>consecutione,</span> <span class='ocrx_word' id='word_1_253' title='bbox 3454 1084 3659 1137; x_wconf 86' lang='lat' dir='ltr'>Eusta-</span> 
     </span>
    </p>
   </div>
   <div class='ocr_carea' id='block_1_42' title="bbox 2004 1170 3656 1230">
    <p class='ocr_par' dir='ltr' id='par_1_42' title="bbox 2004 1170 3656 1230">
     <span class='ocr_line' id='line_1_42' title="bbox 2004 1170 3656 1230; baseline -0.002 -2"><span class='ocrx_word' id='word_1_254' title='bbox 2004 1173 2197 1229; x_wconf 91' lang='lat' dir='ltr'>thium</span> <span class='ocrx_word' id='word_1_255' title='bbox 2227 1173 2626 1230; x_wconf 87' lang='lat' dir='ltr'>Sebastenum</span> <span class='ocrx_word' id='word_1_256' title='bbox 2655 1173 3160 1230; x_wconf 86' lang='lat' dir='ltr'>Constitutionum</span> <span class='ocrx_word' id='word_1_257' title='bbox 3183 1170 3656 1226; x_wconf 89' lang='lat' dir='ltr'>monasticarum</span> 
     </span>
    </p>
   </div>
   <div class='ocr_carea' id='block_1_43' title="bbox 2004 1258 3657 1331">
    <p class='ocr_par' dir='ltr' id='par_1_43' title="bbox 2004 1258 3657 1331">
     <span class='ocr_line' id='line_1_43' title="bbox 2004 1258 3657 1331; baseline -0.002 -13"><span class='ocrx_word' id='word_1_258' title='bbox 2004 1267 2309 1318; x_wconf 90' lang='lat' dir='ltr'>auctorem</span> <span class='ocrx_word' id='word_1_259' title='bbox 2341 1280 2494 1318; x_wconf 89' lang='lat' dir='ltr'>esse.</span> <span class='ocrx_word' id='word_1_260' title='bbox 2521 1264 2772 1331; x_wconf 89' lang='lat' dir='ltr'>Etenim,</span> <span class='ocrx_word' id='word_1_261' title='bbox 2805 1263 2854 1318; x_wconf 94' lang='lat' dir='ltr'>si</span> <span class='ocrx_word' id='word_1_262' title='bbox 2881 1278 3091 1318; x_wconf 89' lang='lat' dir='ltr'>verum</span> <span class='ocrx_word' id='word_1_263' title='bbox 3123 1267 3210 1317; x_wconf 91' lang='lat' dir='ltr'>est</span> <span class='ocrx_word' id='word_1_264' title='bbox 3225 1259 3505 1315; x_wconf 78' lang='lat' dir='ltr'>Basilium</span> <span class='ocrx_word' id='word_1_265' title='bbox 3532 1258 3657 1331; x_wconf 91' lang='lat' dir='ltr'>opi-</span> 
     </span>
    </p>
   </div>
   <div class='ocr_carea' id='block_1_44' title="bbox 2001 1348 3659 1424">
    <p class='ocr_par' dir='ltr' id='par_1_44' title="bbox 2001 1348 3659 1424">
     <span class='ocr_line' id='line_1_44' title="bbox 2001 1348 3659 1424; baseline -0.002 -17"><span class='ocrx_word' id='word_1_266' title='bbox 2001 1352 2177 1407; x_wconf 88' lang='lat' dir='ltr'>ﬁcem</span> <span class='ocrx_word' id='word_1_267' title='bbox 2191 1369 2325 1409; x_wconf 89' lang='lat' dir='ltr'>esse</span> <span class='ocrx_word' id='word_1_268' title='bbox 2343 1353 2724 1422; x_wconf 85' lang='lat' dir='ltr'>Regularum.</span> <span class='ocrx_word' id='word_1_269' title='bbox 2745 1367 3120 1424; x_wconf 87' lang='lat' dir='ltr'>consequens</span> <span class='ocrx_word' id='word_1_270' title='bbox 3148 1356 3254 1421; x_wconf 87' lang='lat' dir='ltr'>est,</span> <span class='ocrx_word' id='word_1_271' title='bbox 3286 1356 3349 1404; x_wconf 89' lang='lat' dir='ltr'>ut</span> <span class='ocrx_word' id='word_1_272' title='bbox 3374 1348 3659 1404; x_wconf 91' lang='lat' dir='ltr'>monasti-</span> 
     </span>
    </p>
   </div>
   <div class='ocr_carea' id='block_1_45' title="bbox 2003 1438 3656 1509">
    <p class='ocr_par' dir='ltr' id='par_1_45' title="bbox 2003 1438 3656 1509">
     <span class='ocr_line' id='line_1_45' title="bbox 2003 1438 3656 1509; baseline -0.002 -12"><span class='ocrx_word' id='word_1_273' title='bbox 2003 1457 2105 1497; x_wconf 90' lang='lat' dir='ltr'>cas</span> <span class='ocrx_word' id='word_1_274' title='bbox 2130 1441 2592 1497; x_wconf 91' lang='lat' dir='ltr'>Constitutiones</span> <span class='ocrx_word' id='word_1_275' title='bbox 2621 1457 2743 1497; x_wconf 95' lang='lat' dir='ltr'>non</span> <span class='ocrx_word' id='word_1_276' title='bbox 2802 1440 3073 1509; x_wconf 90' lang='lat' dir='ltr'>ediderit,</span> <span class='ocrx_word' id='word_1_277' title='bbox 3105 1456 3264 1503; x_wconf 91' lang='lat' dir='ltr'>cum,</span> <span class='ocrx_word' id='word_1_278' title='bbox 3297 1443 3361 1494; x_wconf 90' lang='lat' dir='ltr'>ut</span> <span class='ocrx_word' id='word_1_279' title='bbox 3398 1438 3656 1508; x_wconf 82' lang='lat' dir='ltr'>dixi,Be-</span> 
     </span>
    </p>
   </div>
   <div class='ocr_carea' id='block_1_46' title="bbox 2003 1529 3656 1600">
    <p class='ocr_par' dir='ltr' id='par_1_46' title="bbox 2003 1529 3656 1600">
     <span class='ocr_line' id='line_1_46' title="bbox 2003 1529 3656 1600; baseline -0.002 -16"><span class='ocrx_word' id='word_1_280' title='bbox 2003 1530 2277 1600; x_wconf 89' lang='lat' dir='ltr'>gularum</span> <span class='ocrx_word' id='word_1_281' title='bbox 2294 1531 2864 1586; x_wconf 90' lang='lat' dir='ltr'>etConstitutionum</span> <span class='ocrx_word' id='word_1_282' title='bbox 2885 1547 3042 1586; x_wconf 92' lang='lat' dir='ltr'>unus</span> <span class='ocrx_word' id='word_1_283' title='bbox 3054 1535 3111 1585; x_wconf 90' lang='lat' dir='ltr'>et</span> <span class='ocrx_word' id='word_1_284' title='bbox 3137 1529 3300 1584; x_wconf 91' lang='lat' dir='ltr'>idem</span> <span class='ocrx_word' id='word_1_285' title='bbox 3315 1532 3522 1583; x_wconf 89' lang='lat' dir='ltr'>auctor</span> <span class='ocrx_word' id='word_1_286' title='bbox 3532 1541 3656 1582; x_wconf 90' lang='lat' dir='ltr'>non</span> 
     </span>
    </p>
   </div>
   <div class='ocr_carea' id='block_1_47' title="bbox 2003 1616 3656 1691">
    <p class='ocr_par' dir='ltr' id='par_1_47' title="bbox 2003 1616 3656 1691">
     <span class='ocr_line' id='line_1_47' title="bbox 2003 1616 3656 1691; baseline -0.002 -18"><span class='ocrx_word' id='word_1_287' title='bbox 2003 1619 2097 1674; x_wconf 88' lang='lat' dir='ltr'>sit.</span> <span class='ocrx_word' id='word_1_288' title='bbox 2145 1618 2248 1674; x_wconf 90' lang='lat' dir='ltr'>Cui</span> <span class='ocrx_word' id='word_1_289' title='bbox 2305 1624 2527 1685; x_wconf 89' lang='lat' dir='ltr'>autem,</span> <span class='ocrx_word' id='word_1_290' title='bbox 2586 1635 2814 1691; x_wconf 69' lang='lat' dir='ltr'>quaeso,</span> <span class='ocrx_word' id='word_1_291' title='bbox 2873 1619 3088 1674; x_wconf 92' lang='lat' dir='ltr'>melius</span> <span class='ocrx_word' id='word_1_292' title='bbox 3122 1616 3344 1672; x_wconf 89' lang='lat' dir='ltr'><strong>ascribi</strong></span> <span class='ocrx_word' id='word_1_293' title='bbox 3375 1619 3656 1688; x_wconf 91' lang='lat' dir='ltr'>poterunt</span> 
     </span>
    </p>
   </div>
   <div class='ocr_carea' id='block_1_48' title="bbox 2003 1702 3656 1780">
    <p class='ocr_par' dir='ltr' id='par_1_48' title="bbox 2003 1702 3656 1780">
     <span class='ocr_line' id='line_1_48' title="bbox 2003 1702 3656 1780; baseline -0.003 -17"><span class='ocrx_word' id='word_1_294' title='bbox 2003 1707 2467 1764; x_wconf 87' lang='lat' dir='ltr'>Constitutiones</span> <span class='ocrx_word' id='word_1_295' title='bbox 2522 1709 2890 1772; x_wconf 75' lang='lat' dir='ltr'>monasticae,</span> <span class='ocrx_word' id='word_1_296' title='bbox 2943 1723 3130 1780; x_wconf 89' lang='lat' dir='ltr'>quam</span> <span class='ocrx_word' id='word_1_297' title='bbox 3178 1705 3504 1771; x_wconf 86' lang='lat' dir='ltr'>Eustathio,</span> <span class='ocrx_word' id='word_1_298' title='bbox 3560 1702 3656 1759; x_wconf 91' lang='lat' dir='ltr'>cui</span> 
     </span>
    </p>
   </div>
   <div class='ocr_carea' id='block_1_49' title="bbox 2001 1793 3654 1867">
    <p class='ocr_par' dir='ltr' id='par_1_49' title="bbox 2001 1793 3654 1867">
     <span class='ocr_line' id='line_1_49' title="bbox 2001 1793 3654 1867; baseline -0.003 -15"><span class='ocrx_word' id='word_1_299' title='bbox 2001 1796 2276 1852; x_wconf 91' lang='lat' dir='ltr'>omnium</span> <span class='ocrx_word' id='word_1_300' title='bbox 2335 1813 2638 1853; x_wconf 91' lang='lat' dir='ltr'>consensu</span> <span class='ocrx_word' id='word_1_301' title='bbox 2688 1796 3073 1852; x_wconf 91' lang='lat' dir='ltr'>tribuendum</span> <span class='ocrx_word' id='word_1_302' title='bbox 3101 1799 3190 1850; x_wconf 92' lang='lat' dir='ltr'>est</span> <span class='ocrx_word' id='word_1_303' title='bbox 3237 1793 3535 1867; x_wconf 89' lang='lat' dir='ltr'>quidquid</span> <span class='ocrx_word' id='word_1_304' title='bbox 3593 1793 3654 1847; x_wconf 92' lang='lat' dir='ltr'>in</span> 
     </span>
    </p>
   </div>
   <div class='ocr_carea' id='block_1_50' title="bbox 1999 1880 3656 1956">
    <p class='ocr_par' dir='ltr' id='par_1_50' title="bbox 1999 1880 3656 1956">
     <span class='ocr_line' id='line_1_50' title="bbox 1999 1880 3656 1956; baseline -0.003 -16"><span class='ocrx_word' id='word_1_305' title='bbox 1999 1885 2282 1941; x_wconf 81' lang='lat' dir='ltr'>Asceticis</span> <span class='ocrx_word' id='word_1_306' title='bbox 2317 1885 2686 1941; x_wconf 85' lang='lat' dir='ltr'>Basilianum</span> <span class='ocrx_word' id='word_1_307' title='bbox 2713 1901 2839 1940; x_wconf 94' lang='lat' dir='ltr'>non</span> <span class='ocrx_word' id='word_1_308' title='bbox 2871 1883 3006 1941; x_wconf 85' lang='lat' dir='ltr'>est?</span> <span class='ocrx_word' id='word_1_309' title='bbox 3029 1888 3112 1940; x_wconf 82' lang='lat' dir='ltr'>Ex</span> <span class='ocrx_word' id='word_1_310' title='bbox 3138 1885 3360 1956; x_wconf 89' lang='lat' dir='ltr'><strong>quibus</strong></span> <span class='ocrx_word' id='word_1_311' title='bbox 3391 1880 3656 1955; x_wconf 87' lang='lat' dir='ltr'>perspici</span> 
     </span>
    </p>
   </div>
   <div class='ocr_carea' id='block_1_51' title="bbox 1999 1970 3652 2048">
    <p class='ocr_par' dir='ltr' id='par_1_51' title="bbox 1999 1970 3652 2048">
     <span class='ocr_line' id='line_1_51' title="bbox 1999 1970 3652 2048; baseline -0.002 -19"><span class='ocrx_word' id='word_1_312' title='bbox 1999 1980 2195 2047; x_wconf 90' lang='lat' dir='ltr'>potest</span> <span class='ocrx_word' id='word_1_313' title='bbox 2222 1975 2624 2048; x_wconf 83' lang='lat' dir='ltr'>questionem,</span> <span class='ocrx_word' id='word_1_314' title='bbox 2679 1991 2867 2047; x_wconf 87' lang='lat' dir='ltr'>quam</span> <span class='ocrx_word' id='word_1_315' title='bbox 2905 1976 3002 2030; x_wconf 88' lang='lat' dir='ltr'>hic</span> <span class='ocrx_word' id='word_1_316' title='bbox 3059 1973 3417 2030; x_wconf 89' lang='lat' dir='ltr'>solvendam</span> <span class='ocrx_word' id='word_1_317' title='bbox 3474 1970 3652 2026; x_wconf 91' lang='lat' dir='ltr'>nobis</span> 
     </span>
    </p>
   </div>
   <div class='ocr_carea' id='block_1_52' title="bbox 2001 2060 3656 2137">
    <p class='ocr_par' dir='ltr' id='par_1_52' title="bbox 2001 2060 3656 2137">
     <span class='ocr_line' id='line_1_52' title="bbox 2001 2060 3656 2137; baseline -0.002 -19"><span class='ocrx_word' id='word_1_318' title='bbox 2001 2064 2422 2135; x_wconf 89' lang='lat' dir='ltr'>proponimus,</span> <span class='ocrx_word' id='word_1_319' title='bbox 2478 2069 2667 2120; x_wconf 86' lang='lat' dir='ltr'>totam</span> <span class='ocrx_word' id='word_1_320' title='bbox 2723 2065 2988 2137; x_wconf 89' lang='lat' dir='ltr'>pendere</span> <span class='ocrx_word' id='word_1_321' title='bbox 3040 2080 3113 2119; x_wconf 83' lang='lat' dir='ltr'>ex</span> <span class='ocrx_word' id='word_1_322' title='bbox 3141 2063 3214 2118; x_wconf 89' lang='lat' dir='ltr'>iis</span> <span class='ocrx_word' id='word_1_323' title='bbox 3237 2060 3558 2129; x_wconf 90' lang='lat' dir='ltr'>locis,ubi,</span> <span class='ocrx_word' id='word_1_324' title='bbox 3591 2064 3656 2116; x_wconf 91' lang='lat' dir='ltr'>ut</span> 
     </span>
    </p>
   </div>
   <div class='ocr_carea' id='block_1_53' title="bbox 1997 2150 3652 2226">
    <p class='ocr_par' dir='ltr' id='par_1_53' title="bbox 1997 2150 3652 2226">
     <span class='ocr_line' id='line_1_53' title="bbox 1997 2150 3652 2226; baseline -0.002 -18"><span class='ocrx_word' id='word_1_325' title='bbox 1997 2154 2146 2208; x_wconf 90' lang='lat' dir='ltr'>mihi</span> <span class='ocrx_word' id='word_1_326' title='bbox 2174 2154 2422 2226; x_wconf 89' lang='lat' dir='ltr'>quidem</span> <span class='ocrx_word' id='word_1_327' title='bbox 2448 2154 2705 2223; x_wconf 88' lang='lat' dir='ltr'>videtur,</span> <span class='ocrx_word' id='word_1_328' title='bbox 2739 2155 2882 2210; x_wconf 84' lang='lat' dir='ltr'>satis</span> <span class='ocrx_word' id='word_1_329' title='bbox 2923 2154 3238 2226; x_wconf 89' lang='lat' dir='ltr'><strong>perspicue</strong></span> <span class='ocrx_word' id='word_1_330' title='bbox 3263 2150 3542 2224; x_wconf 81' lang='lat' dir='ltr'>probavi,</span> <span class='ocrx_word' id='word_1_331' title='bbox 3595 2154 3652 2205; x_wconf 92' lang='lat' dir='ltr'>et</span> 
     </span>
    </p>
   </div>
   <div class='ocr_carea' id='block_1_54' title="bbox 1999 2242 3657 2315">
    <p class='ocr_par' dir='ltr' id='par_1_54' title="bbox 1999 2242 3657 2315">
     <span class='ocr_line' id='line_1_54' title="bbox 1999 2242 3657 2315; baseline -0.001 -18"><span class='ocrx_word' id='word_1_332' title='bbox 1999 2242 2283 2298; x_wconf 83' lang='lat' dir='ltr'>Basilium</span> <span class='ocrx_word' id='word_1_333' title='bbox 2314 2243 2677 2313; x_wconf 86' lang='lat' dir='ltr'>Regularum</span> <span class='ocrx_word' id='word_1_334' title='bbox 2698 2244 3032 2314; x_wconf 87' lang='lat' dir='ltr'>legitimum</span> <span class='ocrx_word' id='word_1_335' title='bbox 3073 2246 3388 2315; x_wconf 89' lang='lat' dir='ltr'>parentem</span> <span class='ocrx_word' id='word_1_336' title='bbox 3417 2255 3565 2302; x_wconf 92' lang='lat' dir='ltr'>esse,</span> <span class='ocrx_word' id='word_1_337' title='bbox 3598 2244 3657 2296; x_wconf 91' lang='lat' dir='ltr'>et</span> 
     </span>
    </p>
   </div>
   <div class='ocr_carea' id='block_1_55' title="bbox 1999 2330 3654 2389">
    <p class='ocr_par' dir='ltr' id='par_1_55' title="bbox 1999 2330 3654 2389">
     <span class='ocr_line' id='line_1_55' title="bbox 1999 2330 3654 2389; baseline -0.002 -1"><span class='ocrx_word' id='word_1_338' title='bbox 1999 2333 2502 2388; x_wconf 88' lang='lat' dir='ltr'>Constitutionum</span> <span class='ocrx_word' id='word_1_339' title='bbox 2515 2334 2988 2389; x_wconf 90' lang='lat' dir='ltr'>monasticarum</span> <span class='ocrx_word' id='word_1_340' title='bbox 3002 2336 3308 2388; x_wconf 90' lang='lat' dir='ltr'>auctorem</span> <span class='ocrx_word' id='word_1_341' title='bbox 3321 2330 3506 2386; x_wconf 90' lang='lat' dir='ltr'>alium</span> <span class='ocrx_word' id='word_1_342' title='bbox 3522 2344 3654 2386; x_wconf 89' lang='lat' dir='ltr'>esse</span> 
     </span>
    </p>
   </div>
   <div class='ocr_carea' id='block_1_56' title="bbox 1997 2418 3652 2494">
    <p class='ocr_par' dir='ltr' id='par_1_56' title="bbox 1997 2418 3652 2494">
     <span class='ocr_line' id='line_1_56' title="bbox 1997 2418 3652 2494; baseline -0.002 -18"><span class='ocrx_word' id='word_1_343' title='bbox 1997 2420 2076 2476; x_wconf 89' lang='lat' dir='ltr'>ab</span> <span class='ocrx_word' id='word_1_344' title='bbox 2107 2437 2200 2490; x_wconf 92' lang='lat' dir='ltr'>eo,</span> <span class='ocrx_word' id='word_1_345' title='bbox 2233 2421 2334 2493; x_wconf 91' lang='lat' dir='ltr'><strong>qui</strong></span> <span class='ocrx_word' id='word_1_346' title='bbox 2365 2422 2625 2492; x_wconf 83' lang='lat' dir='ltr'>Regulas</span> <span class='ocrx_word' id='word_1_347' title='bbox 2655 2423 3014 2494; x_wconf 79' lang='lat' dir='ltr'>conscripsit</span> <span class='ocrx_word' id='word_1_348' title='bbox 3032 2422 3126 2492; x_wconf 76' lang='lat' dir='ltr'>(f);</span> <span class='ocrx_word' id='word_1_349' title='bbox 3155 2421 3234 2476; x_wconf 90' lang='lat' dir='ltr'>ob</span> <span class='ocrx_word' id='word_1_350' title='bbox 3263 2419 3446 2492; x_wconf 91' lang='lat' dir='ltr'>idque</span> <span class='ocrx_word' id='word_1_351' title='bbox 3473 2418 3652 2473; x_wconf 85' lang='lat' dir='ltr'>velim</span> 
     </span>
    </p>
   </div>
   <div class='ocr_carea' id='block_1_57' title="bbox 1997 2506 3651 2581">
    <p class='ocr_par' dir='ltr' id='par_1_57' title="bbox 1997 2506 3651 2581">
     <span class='ocr_line' id='line_1_57' title="bbox 1997 2506 3651 2581; baseline -0.002 -17"><span class='ocrx_word' id='word_1_352' title='bbox 1997 2509 2262 2566; x_wconf 78' lang='lat' dir='ltr'>maxime</span> <span class='ocrx_word' id='word_1_353' title='bbox 2291 2526 2364 2566; x_wconf 92' lang='lat' dir='ltr'>ea</span> <span class='ocrx_word' id='word_1_354' title='bbox 2403 2510 2776 2566; x_wconf 69' lang='lat' dir='ltr'>Praefationis</span> <span class='ocrx_word' id='word_1_355' title='bbox 2807 2525 2952 2581; x_wconf 90' lang='lat' dir='ltr'>pars</span> <span class='ocrx_word' id='word_1_356' title='bbox 2979 2509 3164 2581; x_wconf 90' lang='lat' dir='ltr'>paulo</span> <span class='ocrx_word' id='word_1_357' title='bbox 3195 2506 3651 2575; x_wconf 85' lang='lat' dir='ltr'>attentiuslega-</span> 
     </span>
    </p>
   </div>
   <div class='ocr_carea' id='block_1_58' title="bbox 1996 2596 3652 2671">
    <p class='ocr_par' dir='ltr' id='par_1_58' title="bbox 1996 2596 3652 2671">
     <span class='ocr_line' id='line_1_58' title="bbox 1996 2596 3652 2671; baseline -0.004 -16"><span class='ocrx_word' id='word_1_358' title='bbox 1996 2604 2109 2655; x_wconf 89' lang='lat' dir='ltr'>tur.</span> <span class='ocrx_word' id='word_1_359' title='bbox 2135 2600 2399 2668; x_wconf 91' lang='lat' dir='ltr'>Interim,</span> <span class='ocrx_word' id='word_1_360' title='bbox 2429 2605 2494 2656; x_wconf 94' lang='lat' dir='ltr'>ut</span> <span class='ocrx_word' id='word_1_361' title='bbox 2508 2598 3100 2671; x_wconf 87' lang='lat' dir='ltr'>magisintelligatur,</span> <span class='ocrx_word' id='word_1_362' title='bbox 3123 2596 3490 2653; x_wconf 89' lang='lat' dir='ltr'>monasticas</span> <span class='ocrx_word' id='word_1_363' title='bbox 3505 2597 3652 2650; x_wconf 82' lang='lat' dir='ltr'>Con-</span> 
     </span>
    </p>
   </div>
   <div class='ocr_carea' id='block_1_59' title="bbox 1997 2684 3652 2745">
    <p class='ocr_par' dir='ltr' id='par_1_59' title="bbox 1997 2684 3652 2745">
     <span class='ocr_line' id='line_1_59' title="bbox 1997 2684 3652 2745; baseline -0.001 -2"><span class='ocrx_word' id='word_1_364' title='bbox 1997 2688 2332 2744; x_wconf 89' lang='lat' dir='ltr'>stitutiones</span> <span class='ocrx_word' id='word_1_365' title='bbox 2361 2705 2485 2745; x_wconf 93' lang='lat' dir='ltr'>non</span> <span class='ocrx_word' id='word_1_366' title='bbox 2505 2689 2808 2745; x_wconf 89' lang='lat' dir='ltr'>immerito</span> <span class='ocrx_word' id='word_1_367' title='bbox 2865 2704 2902 2744; x_wconf 92' lang='lat' dir='ltr'>a</span> <span class='ocrx_word' id='word_1_368' title='bbox 2924 2688 3103 2744; x_wconf 91' lang='lat' dir='ltr'>nobis</span> <span class='ocrx_word' id='word_1_369' title='bbox 3132 2687 3441 2742; x_wconf 91' lang='lat' dir='ltr'>Eustathio</span> <span class='ocrx_word' id='word_1_370' title='bbox 3475 2684 3652 2742; x_wconf 89' lang='lat' dir='ltr'>Seba-</span> 
     </span>
    </p>
   </div>
   <div class='ocr_carea' id='block_1_60' title="bbox 1997 2778 3649 2848">
    <p class='ocr_par' dir='ltr' id='par_1_60' title="bbox 1997 2778 3649 2848">
     <span class='ocr_line' id='line_1_60' title="bbox 1997 2778 3649 2848; baseline -0.002 -15"><span class='ocrx_word' id='word_1_371' title='bbox 1997 2781 2166 2833; x_wconf 92' lang='lat' dir='ltr'>steno</span> <span class='ocrx_word' id='word_1_372' title='bbox 2195 2778 2397 2847; x_wconf 89' lang='lat' dir='ltr'>tribui,</span> <span class='ocrx_word' id='word_1_373' title='bbox 2429 2779 2528 2834; x_wconf 91' lang='lat' dir='ltr'>hic</span> <span class='ocrx_word' id='word_1_374' title='bbox 2560 2778 2919 2836; x_wconf 90' lang='lat' dir='ltr'>eorumdem</span> <span class='ocrx_word' id='word_1_375' title='bbox 2961 2783 3478 2848; x_wconf 89' lang='lat' dir='ltr'>argumentorum,</span> <span class='ocrx_word' id='word_1_376' title='bbox 3511 2790 3649 2847; x_wconf 66' lang='lat' dir='ltr'>quae</span> 
     </span>
    </p>
   </div>
   <div class='ocr_carea' id='block_1_61' title="bbox 1988 2861 3650 2941">
    <p class='ocr_par' dir='ltr' id='par_1_61' title="bbox 1988 2861 3650 2941">
     <span class='ocr_line' id='line_1_61' title="bbox 1988 2861 3650 2941; baseline -0.003 -19"><span class='ocrx_word' id='word_1_377' title='bbox 1988 2866 2116 2936; x_wconf 89' lang='lat' dir='ltr'>jam</span> <span class='ocrx_word' id='word_1_378' title='bbox 2143 2873 2280 2922; x_wconf 90' lang='lat' dir='ltr'>ante</span> <span class='ocrx_word' id='word_1_379' title='bbox 2308 2868 2526 2939; x_wconf 69' lang='lat' dir='ltr'>prottdi</span> <span class='ocrx_word' id='word_1_380' title='bbox 2548 2869 2655 2938; x_wconf 85' lang='lat' dir='ltr'>(g),</span> <span class='ocrx_word' id='word_1_381' title='bbox 2687 2869 2860 2941; x_wconf 87' lang='lat' dir='ltr'>quasi</span> <span class='ocrx_word' id='word_1_382' title='bbox 2879 2869 3184 2940; x_wconf 89' lang='lat' dir='ltr'>epitomen</span> <span class='ocrx_word' id='word_1_383' title='bbox 3201 2865 3539 2938; x_wconf 87' lang='lat' dir='ltr'>quamdam</span> <span class='ocrx_word' id='word_1_384' title='bbox 3568 2861 3650 2918; x_wconf 91' lang='lat' dir='ltr'>ob</span> 
     </span>
    </p>
   </div>
   <div class='ocr_carea' id='block_1_62' title="bbox 1992 2954 3650 3027">
    <p class='ocr_par' dir='ltr' id='par_1_62' title="bbox 1992 2954 3650 3027">
     <span class='ocr_line' id='line_1_62' title="bbox 1992 2954 3650 3027; baseline -0.001 -18"><span class='ocrx_word' id='word_1_385' title='bbox 1992 2954 2196 3010; x_wconf 92' lang='lat' dir='ltr'>oculos</span> <span class='ocrx_word' id='word_1_386' title='bbox 2224 2956 2572 3026; x_wconf 90' lang='lat' dir='ltr'>ponendam</span> <span class='ocrx_word' id='word_1_387' title='bbox 2605 2973 2734 3012; x_wconf 93' lang='lat' dir='ltr'>esse</span> <span class='ocrx_word' id='word_1_388' title='bbox 2751 2957 3039 3027; x_wconf 61' lang='lat' dir='ltr'>Judicavi.</span> <span class='ocrx_word' id='word_1_389' title='bbox 3065 2959 3360 3012; x_wconf 82' lang='lat' dir='ltr'>Notarunt</span> <span class='ocrx_word' id='word_1_390' title='bbox 3374 2959 3515 3010; x_wconf 89' lang='lat' dir='ltr'>ante</span> <span class='ocrx_word' id='word_1_391' title='bbox 3536 2968 3650 3008; x_wconf 86' lang='lat' dir='ltr'><strong>nos</strong></span> 
     </span>
    </p>
   </div>
   <div class='ocr_carea' id='block_1_63' title="bbox 212 3041 3653 3131">
    <p class='ocr_par' dir='ltr' id='par_1_63' title="bbox 212 3041 3653 3131">
     <span class='ocr_line' id='line_1_63' title="bbox 212 3041 3653 3131; baseline -0.001 -34"><span class='ocrx_word' id='word_1_392' title='bbox 212 3062 369 3118; x_wconf 59' lang='lat' dir='ltr'>sape</span> <span class='ocrx_word' id='word_1_393' title='bbox 392 3047 532 3102; x_wconf 75' lang='lat' dir='ltr'>dixi</span> <span class='ocrx_word' id='word_1_394' title='bbox 562 3049 795 3116; x_wconf 82' lang='lat' dir='ltr'>(c),non</span> <span class='ocrx_word' id='word_1_395' title='bbox 824 3047 986 3102; x_wconf 87' lang='lat' dir='ltr'>idem</span> <span class='ocrx_word' id='word_1_396' title='bbox 1013 3053 1223 3103; x_wconf 79' lang='lat' dir='ltr'>auctor</span> <span class='ocrx_word' id='word_1_397' title='bbox 1243 3053 1330 3103; x_wconf 85' lang='lat' dir='ltr'>est</span> <span class='ocrx_word' id='word_1_398' title='bbox 1356 3049 1882 3116; x_wconf 61' lang='lat' dir='ltr'>Constitutionum,</span> <span class='ocrx_word' id='word_1_399' title='bbox 1914 3076 1954 3131; x_wconf 66' lang='grc' dir='ltr'>Ο</span> <span class='ocrx_word' id='word_1_400' title='bbox 1993 3047 2050 3131; x_wconf 89' lang='lat' dir='ltr'>et</span> <span class='ocrx_word' id='word_1_401' title='bbox 2073 3042 2192 3111; x_wconf 92' lang='lat' dir='ltr'>alii,</span> <span class='ocrx_word' id='word_1_402' title='bbox 2225 3044 2587 3113; x_wconf 84' lang='lat' dir='ltr'>Regularum</span> <span class='ocrx_word' id='word_1_403' title='bbox 2613 3050 2922 3101; x_wconf 90' lang='lat' dir='ltr'>auctorem</span> <span class='ocrx_word' id='word_1_404' title='bbox 2953 3045 3334 3101; x_wconf 88' lang='lat' dir='ltr'><strong>anachoretis</strong></span> <span class='ocrx_word' id='word_1_405' title='bbox 3378 3041 3653 3099; x_wconf 85' lang='lat' dir='ltr'>infensis-</span> 
     </span>
    </p>
   </div>
   <div class='ocr_carea' id='block_1_64' title="bbox 212 3136 1883 3209">
    <p class='ocr_par' dir='ltr' id='par_1_64' title="bbox 212 3136 1883 3209">
     <span class='ocr_line' id='line_1_64' title="bbox 212 3136 1883 3209; baseline 0.003 -19"><span class='ocrx_word' id='word_1_406' title='bbox 212 3137 310 3208; x_wconf 91' lang='lat' dir='ltr'>qui</span> <span class='ocrx_word' id='word_1_407' title='bbox 343 3136 747 3205; x_wconf 85' lang='lat' dir='ltr'>Begularum.</span> <span class='ocrx_word' id='word_1_408' title='bbox 797 3139 946 3191; x_wconf 86' lang='lat' dir='ltr'>Cum</span> <span class='ocrx_word' id='word_1_409' title='bbox 993 3137 1175 3205; x_wconf 84' lang='lat' dir='ltr'><strong>igitur</strong></span> <span class='ocrx_word' id='word_1_410' title='bbox 1225 3138 1472 3193; x_wconf 89' lang='lat' dir='ltr'>Basilius</span> <span class='ocrx_word' id='word_1_411' title='bbox 1523 3140 1883 3209; x_wconf 82' lang='lat' dir='ltr'>Regularum</span> 
     </span>
    </p>
   </div>
   <div class='ocr_carea' id='block_1_65' title="bbox 214 3224 1883 3296">
    <p class='ocr_par' dir='ltr' id='par_1_65' title="bbox 214 3224 1883 3296">
     <span class='ocr_line' id='line_1_65' title="bbox 214 3224 1883 3296; baseline 0.002 -16"><span class='ocrx_word' id='word_1_412' title='bbox 214 3230 424 3280; x_wconf 81' lang='lat' dir='ltr'>auctor</span> <span class='ocrx_word' id='word_1_413' title='bbox 474 3225 576 3294; x_wconf 89' lang='lat' dir='ltr'>sit,</span> <span class='ocrx_word' id='word_1_414' title='bbox 609 3224 739 3296; x_wconf 91' lang='lat' dir='ltr'>ipse</span> <span class='ocrx_word' id='word_1_415' title='bbox 780 3225 1289 3282; x_wconf 90' lang='lat' dir='ltr'>Constitutionum</span> <span class='ocrx_word' id='word_1_416' title='bbox 1338 3231 1546 3282; x_wconf 86' lang='lat' dir='ltr'>auctor</span> <span class='ocrx_word' id='word_1_417' title='bbox 1589 3243 1719 3283; x_wconf 90' lang='lat' dir='ltr'>esse</span> <span class='ocrx_word' id='word_1_418' title='bbox 1761 3245 1883 3284; x_wconf 94' lang='lat' dir='ltr'>non</span> 
     </span>
    </p>
   </div>
   <div class='ocr_carea' id='block_1_66' title="bbox 214 3313 1883 3386">
    <p class='ocr_par' dir='ltr' id='par_1_66' title="bbox 214 3313 1883 3386">
     <span class='ocr_line' id='line_1_66' title="bbox 214 3313 1883 3386; baseline 0.002 -18"><span class='ocrx_word' id='word_1_419' title='bbox 214 3319 429 3385; x_wconf 86' lang='lat' dir='ltr'>potest.</span> <span class='ocrx_word' id='word_1_420' title='bbox 461 3313 788 3384; x_wconf 81' lang='lat' dir='ltr'>Reliquum</span> <span class='ocrx_word' id='word_1_421' title='bbox 804 3319 894 3369; x_wconf 91' lang='lat' dir='ltr'>est</span> <span class='ocrx_word' id='word_1_422' title='bbox 922 3314 1103 3386; x_wconf 83' lang='lat' dir='ltr'><strong>igitur</strong></span> <span class='ocrx_word' id='word_1_423' title='bbox 1130 3320 1194 3370; x_wconf 90' lang='lat' dir='ltr'>ut</span> <span class='ocrx_word' id='word_1_424' title='bbox 1247 3316 1760 3372; x_wconf 84' lang='lat' dir='ltr'>Constitutionum</span> <span class='ocrx_word' id='word_1_425' title='bbox 1818 3317 1883 3372; x_wconf 90' lang='lat' dir='ltr'>li-</span> 
     </span>
    </p>
   </div>
   <div class='ocr_carea' id='block_1_67' title="bbox 217 3402 1885 3475">
    <p class='ocr_par' dir='ltr' id='par_1_67' title="bbox 217 3402 1885 3475">
     <span class='ocr_line' id='line_1_67' title="bbox 217 3402 1885 3475; baseline 0.003 -19"><span class='ocrx_word' id='word_1_426' title='bbox 217 3403 396 3457; x_wconf 89' lang='lat' dir='ltr'>brum</span> <span class='ocrx_word' id='word_1_427' title='bbox 418 3407 534 3457; x_wconf 90' lang='lat' dir='ltr'>aut</span> <span class='ocrx_word' id='word_1_428' title='bbox 549 3402 628 3457; x_wconf 92' lang='lat' dir='ltr'>ad</span> <span class='ocrx_word' id='word_1_429' title='bbox 655 3402 1025 3457; x_wconf 84' lang='lat' dir='ltr'>Eustathium</span> <span class='ocrx_word' id='word_1_430' title='bbox 1044 3405 1338 3474; x_wconf 91' lang='lat' dir='ltr'>pertinere</span> <span class='ocrx_word' id='word_1_431' title='bbox 1360 3404 1659 3475; x_wconf 90' lang='lat' dir='ltr'>dicamus,</span> <span class='ocrx_word' id='word_1_432' title='bbox 1682 3409 1787 3461; x_wconf 90' lang='lat' dir='ltr'>aut</span> <span class='ocrx_word' id='word_1_433' title='bbox 1807 3405 1885 3461; x_wconf 90' lang='lat' dir='ltr'>ad</span> 
     </span>
    </p>
   </div>
   <div class='ocr_carea' id='block_1_68' title="bbox 217 3491 1886 3567">
    <p class='ocr_par' dir='ltr' id='par_1_68' title="bbox 217 3491 1886 3567">
     <span class='ocr_line' id='line_1_68' title="bbox 217 3491 1886 3567; baseline 0.002 -21"><span class='ocrx_word' id='word_1_434' title='bbox 217 3492 604 3562; x_wconf 85' lang='lat' dir='ltr'>incognitum</span> <span class='ocrx_word' id='word_1_435' title='bbox 638 3496 976 3546; x_wconf 89' lang='lat' dir='ltr'>auctorem.</span> <span class='ocrx_word' id='word_1_436' title='bbox 1020 3491 1135 3548; x_wconf 92' lang='lat' dir='ltr'>Sed</span> <span class='ocrx_word' id='word_1_437' title='bbox 1157 3508 1340 3548; x_wconf 90' lang='lat' dir='ltr'>nemo</span> <span class='ocrx_word' id='word_1_438' title='bbox 1366 3493 1688 3564; x_wconf 87' lang='lat' dir='ltr'>hactenus,</span> <span class='ocrx_word' id='word_1_439' title='bbox 1719 3494 1886 3567; x_wconf 93' lang='lat' dir='ltr'>quod</span> 
     </span>
    </p>
   </div>
   <div class='ocr_carea' id='block_1_69' title="bbox 221 3580 1885 3656">
    <p class='ocr_par' dir='ltr' id='par_1_69' title="bbox 221 3580 1885 3656">
     <span class='ocr_line' id='line_1_69' title="bbox 221 3580 1885 3656; baseline 0.002 -21"><span class='ocrx_word' id='word_1_440' title='bbox 221 3581 429 3648; x_wconf 83' lang='lat' dir='ltr'>sciam,</span> <span class='ocrx_word' id='word_1_441' title='bbox 462 3595 673 3651; x_wconf 89' lang='lat' dir='ltr'>neque</span> <span class='ocrx_word' id='word_1_442' title='bbox 711 3580 1087 3636; x_wconf 90' lang='lat' dir='ltr'>monasticas</span> <span class='ocrx_word' id='word_1_443' title='bbox 1139 3582 1628 3650; x_wconf 88' lang='lat' dir='ltr'>Constitutiones,</span> <span class='ocrx_word' id='word_1_444' title='bbox 1689 3599 1885 3656; x_wconf 91' lang='lat' dir='ltr'>neque</span> 
     </span>
    </p>
   </div>
   <div class='ocr_carea' id='block_1_70' title="bbox 219 3669 1887 3740">
    <p class='ocr_par' dir='ltr' id='par_1_70' title="bbox 219 3669 1887 3740">
     <span class='ocr_line' id='line_1_70' title="bbox 219 3669 1887 3740; baseline 0.003 -16"><span class='ocrx_word' id='word_1_445' title='bbox 219 3669 402 3724; x_wconf 84' lang='lat' dir='ltr'>ullam</span> <span class='ocrx_word' id='word_1_446' title='bbox 424 3669 620 3724; x_wconf 84' lang='lat' dir='ltr'>aliam</span> <span class='ocrx_word' id='word_1_447' title='bbox 639 3669 1050 3724; x_wconf 80' lang='lat' dir='ltr'>Asceticorum</span> <span class='ocrx_word' id='word_1_448' title='bbox 1067 3675 1299 3740; x_wconf 88' lang='lat' dir='ltr'>partem</span> <span class='ocrx_word' id='word_1_449' title='bbox 1325 3670 1634 3740; x_wconf 79' lang='lat' dir='ltr'>incognito</span> <span class='ocrx_word' id='word_1_450' title='bbox 1656 3673 1887 3729; x_wconf 89' lang='lat' dir='ltr'>auctori</span> 
     </span>
    </p>
   </div>
   <div class='ocr_carea' id='block_1_71' title="bbox 216 3756 1886 3829">
    <p class='ocr_par' dir='ltr' id='par_1_71' title="bbox 216 3756 1886 3829">
     <span class='ocr_line' id='line_1_71' title="bbox 216 3756 1886 3829; baseline 0.002 -15"><span class='ocrx_word' id='word_1_451' title='bbox 216 3758 443 3814; x_wconf 80' lang='lat' dir='ltr'>tribuit.</span> <span class='ocrx_word' id='word_1_452' title='bbox 475 3760 710 3814; x_wconf 89' lang='lat' dir='ltr'>Omnes</span> <span class='ocrx_word' id='word_1_453' title='bbox 741 3756 922 3829; x_wconf 89' lang='lat' dir='ltr'>enim,</span> <span class='ocrx_word' id='word_1_454' title='bbox 954 3759 1380 3814; x_wconf 89' lang='lat' dir='ltr'>auctoritatem</span> <span class='ocrx_word' id='word_1_455' title='bbox 1437 3762 1752 3817; x_wconf 91' lang='lat' dir='ltr'>Sozomeni</span> <span class='ocrx_word' id='word_1_456' title='bbox 1800 3779 1886 3818; x_wconf 74' lang='lat' dir='ltr'>se-</span> 
     </span>
    </p>
   </div>
   <div class='ocr_carea' id='block_1_72' title="bbox 215 3846 1886 3921">
    <p class='ocr_par' dir='ltr' id='par_1_72' title="bbox 215 3846 1886 3921">
     <span class='ocr_line' id='line_1_72' title="bbox 215 3846 1886 3921; baseline 0.003 -19"><span class='ocrx_word' id='word_1_457' title='bbox 215 3849 354 3912; x_wconf 86' lang='lat' dir='ltr'>cuti,</span> <span class='ocrx_word' id='word_1_458' title='bbox 385 3847 672 3902; x_wconf 80' lang='lat' dir='ltr'>Ascetica</span> <span class='ocrx_word' id='word_1_459' title='bbox 713 3861 954 3918; x_wconf 88' lang='lat' dir='ltr'>semper</span> <span class='ocrx_word' id='word_1_460' title='bbox 998 3852 1104 3902; x_wconf 90' lang='lat' dir='ltr'>aut</span> <span class='ocrx_word' id='word_1_461' title='bbox 1150 3848 1362 3904; x_wconf 87' lang='lat' dir='ltr'><strong>Basilio</strong></span> <span class='ocrx_word' id='word_1_462' title='bbox 1406 3846 1886 3921; x_wconf 72' lang='lat' dir='ltr'>ascripsere,aut</span> 
     </span>
    </p>
   </div>
   <div class='ocr_carea' id='block_1_73' title="bbox 217 3935 1884 4008">
    <p class='ocr_par' dir='ltr' id='par_1_73' title="bbox 217 3935 1884 4008">
     <span class='ocr_line' id='line_1_73' title="bbox 217 3935 1884 4008; baseline 0.003 -17"><span class='ocrx_word' id='word_1_463' title='bbox 217 3936 635 3992; x_wconf 81' lang='lat' dir='ltr'>Eustathio.Et</span> <span class='ocrx_word' id='word_1_464' title='bbox 659 3935 909 4008; x_wconf 90' lang='lat' dir='ltr'>quidem</span> <span class='ocrx_word' id='word_1_465' title='bbox 932 3936 1172 3992; x_wconf 88' lang='lat' dir='ltr'>etiamsi</span> <span class='ocrx_word' id='word_1_466' title='bbox 1185 3938 1403 3993; x_wconf 92' lang='lat' dir='ltr'>eruditi</span> <span class='ocrx_word' id='word_1_467' title='bbox 1434 3938 1686 3994; x_wconf 86' lang='lat' dir='ltr'>miriﬁce</span> <span class='ocrx_word' id='word_1_468' title='bbox 1713 3940 1884 3996; x_wconf 86' lang='lat' dir='ltr'>dissi-</span> 
     </span>
    </p>
   </div>
   <div class='ocr_carea' id='block_1_74' title="bbox 211 4025 1883 4094">
    <p class='ocr_par' dir='ltr' id='par_1_74' title="bbox 211 4025 1883 4094">
     <span class='ocr_line' id='line_1_74' title="bbox 211 4025 1883 4094; baseline 0.002 -12"><span class='ocrx_word' id='word_1_469' title='bbox 211 4026 392 4082; x_wconf 80' lang='lat' dir='ltr'>deant</span> <span class='ocrx_word' id='word_1_470' title='bbox 423 4028 588 4082; x_wconf 90' lang='lat' dir='ltr'>inter</span> <span class='ocrx_word' id='word_1_471' title='bbox 615 4041 680 4081; x_wconf 92' lang='lat' dir='ltr'>se</span> <span class='ocrx_word' id='word_1_472' title='bbox 739 4025 814 4081; x_wconf 90' lang='lat' dir='ltr'>de</span> <span class='ocrx_word' id='word_1_473' title='bbox 850 4026 1152 4094; x_wconf 83' lang='lat' dir='ltr'>Asceticis,</span> <span class='ocrx_word' id='word_1_474' title='bbox 1203 4027 1266 4082; x_wconf 91' lang='lat' dir='ltr'>in</span> <span class='ocrx_word' id='word_1_475' title='bbox 1305 4043 1377 4082; x_wconf 92' lang='lat' dir='ltr'>eo</span> <span class='ocrx_word' id='word_1_476' title='bbox 1423 4032 1624 4084; x_wconf 91' lang='lat' dir='ltr'>tamen</span> <span class='ocrx_word' id='word_1_477' title='bbox 1671 4045 1883 4085; x_wconf 91' lang='lat' dir='ltr'><strong>omnes</strong></span> 
     </span>
    </p>
   </div>
   <div class='ocr_carea' id='block_1_75' title="bbox 207 4115 1882 4188">
    <p class='ocr_par' dir='ltr' id='par_1_75' title="bbox 207 4115 1882 4188">
     <span class='ocr_line' id='line_1_75' title="bbox 207 4115 1882 4188; baseline 0.001 -16"><span class='ocrx_word' id='word_1_478' title='bbox 207 4132 463 4188; x_wconf 84' lang='lat' dir='ltr'>prorsus</span> <span class='ocrx_word' id='word_1_479' title='bbox 491 4118 653 4170; x_wconf 90' lang='lat' dir='ltr'>inter</span> <span class='ocrx_word' id='word_1_480' title='bbox 681 4130 744 4170; x_wconf 91' lang='lat' dir='ltr'>se</span> <span class='ocrx_word' id='word_1_481' title='bbox 767 4116 1156 4183; x_wconf 86' lang='lat' dir='ltr'>conveniunt,</span> <span class='ocrx_word' id='word_1_482' title='bbox 1177 4115 1345 4188; x_wconf 89' lang='lat' dir='ltr'>quod</span> <span class='ocrx_word' id='word_1_483' title='bbox 1375 4131 1586 4173; x_wconf 91' lang='lat' dir='ltr'>eorum</span> <span class='ocrx_word' id='word_1_484' title='bbox 1609 4123 1710 4173; x_wconf 91' lang='lat' dir='ltr'><strong>aut</strong></span> <span class='ocrx_word' id='word_1_485' title='bbox 1731 4120 1882 4174; x_wconf 87' lang='lat' dir='ltr'>Basi-</span> 
     </span>
    </p>
   </div>
   <div class='ocr_carea' id='block_1_76' title="bbox 207 4203 1880 4273">
    <p class='ocr_par' dir='ltr' id='par_1_76' title="bbox 207 4203 1880 4273">
     <span class='ocr_line' id='line_1_76' title="bbox 207 4203 1880 4273; baseline 0.001 -13"><span class='ocrx_word' id='word_1_486' title='bbox 207 4205 352 4261; x_wconf 87' lang='lat' dir='ltr'>lium</span> <span class='ocrx_word' id='word_1_487' title='bbox 383 4209 716 4260; x_wconf 89' lang='lat' dir='ltr'>auctorem</span> <span class='ocrx_word' id='word_1_488' title='bbox 756 4203 997 4270; x_wconf 88' lang='lat' dir='ltr'>faciant,</span> <span class='ocrx_word' id='word_1_489' title='bbox 1028 4210 1131 4261; x_wconf 89' lang='lat' dir='ltr'>aut</span> <span class='ocrx_word' id='word_1_490' title='bbox 1180 4205 1558 4260; x_wconf 89' lang='lat' dir='ltr'>Eustathium</span> <span class='ocrx_word' id='word_1_491' title='bbox 1584 4226 1597 4273; x_wconf 90' lang='lat'><strong>;</strong></span> <span class='ocrx_word' id='word_1_492' title='bbox 1632 4207 1713 4262; x_wconf 91' lang='lat' dir='ltr'><strong>ita</strong></span> <span class='ocrx_word' id='word_1_493' title='bbox 1743 4212 1805 4263; x_wconf 91' lang='lat' dir='ltr'>ut</span> <span class='ocrx_word' id='word_1_494' title='bbox 1831 4207 1880 4262; x_wconf 91' lang='lat' dir='ltr'>si</span> 
     </span>
    </p>
   </div>
   <div class='ocr_carea' id='block_1_77' title="bbox 208 4293 1875 4366">
    <p class='ocr_par' dir='ltr' id='par_1_77' title="bbox 208 4293 1875 4366">
     <span class='ocr_line' id='line_1_77' title="bbox 208 4293 1875 4366; baseline 0.002 -18"><span class='ocrx_word' id='word_1_495' title='bbox 208 4295 342 4366; x_wconf 85' lang='lat' dir='ltr'><strong>quis</strong></span> <span class='ocrx_word' id='word_1_496' title='bbox 375 4293 542 4366; x_wconf 89' lang='lat' dir='ltr'><strong>quid</strong></span> <span class='ocrx_word' id='word_1_497' title='bbox 560 4293 778 4349; x_wconf 82' lang='lat' dir='ltr'><strong>Basilio</strong></span> <span class='ocrx_word' id='word_1_498' title='bbox 809 4293 1148 4361; x_wconf 88' lang='lat' dir='ltr'>sustulit,id</span> <span class='ocrx_word' id='word_1_499' title='bbox 1175 4294 1488 4350; x_wconf 91' lang='lat' dir='ltr'>Eustathio</span> <span class='ocrx_word' id='word_1_500' title='bbox 1517 4294 1767 4365; x_wconf 87' lang='lat' dir='ltr'>largitus</span> <span class='ocrx_word' id='word_1_501' title='bbox 1784 4295 1875 4352; x_wconf 91' lang='lat' dir='ltr'>sit.</span> 
     </span>
    </p>
   </div>
   <div class='ocr_carea' id='block_1_78' title="bbox 1993 3130 3645 3206">
    <p class='ocr_par' dir='ltr' id='par_1_78' title="bbox 1993 3130 3645 3206">
     <span class='ocr_line' id='line_1_78' title="bbox 1993 3130 3645 3206; baseline 0 -21"><span class='ocrx_word' id='word_1_502' title='bbox 1993 3130 2212 3186; x_wconf 90' lang='lat' dir='ltr'>simum</span> <span class='ocrx_word' id='word_1_503' title='bbox 2243 3131 2450 3195; x_wconf 82' lang='lat' dir='ltr'>fuisse,</span> <span class='ocrx_word' id='word_1_504' title='bbox 2487 3133 2793 3206; x_wconf 90' lang='lat' dir='ltr'>viderique</span> <span class='ocrx_word' id='word_1_505' title='bbox 2821 3134 3074 3204; x_wconf 90' lang='lat' dir='ltr'>hujusce</span> <span class='ocrx_word' id='word_1_506' title='bbox 3103 3133 3340 3189; x_wconf 83' lang='lat' dir='ltr'>vivendi</span> <span class='ocrx_word' id='word_1_507' title='bbox 3407 3131 3645 3202; x_wconf 83' lang='lat' dir='ltr'>generis</span> 
     </span>
    </p>
   </div>
   <div class='ocr_carea' id='block_1_79' title="bbox 1991 3219 3647 3295">
    <p class='ocr_par' dir='ltr' id='par_1_79' title="bbox 1991 3219 3647 3295">
     <span class='ocr_line' id='line_1_79' title="bbox 1991 3219 3647 3295; baseline -0.001 -18"><span class='ocrx_word' id='word_1_508' title='bbox 1991 3219 2260 3292; x_wconf 88' lang='lat' dir='ltr'>pericula</span> <span class='ocrx_word' id='word_1_509' title='bbox 2271 3221 2328 3277; x_wconf 91' lang='lat' dir='ltr'><strong>in</strong></span> <span class='ocrx_word' id='word_1_510' title='bbox 2339 3223 2782 3295; x_wconf 77' lang='lat' dir='ltr'>commodeque</span> <span class='ocrx_word' id='word_1_511' title='bbox 2796 3223 2880 3280; x_wconf 84' lang='lat' dir='ltr'>ita</span> <span class='ocrx_word' id='word_1_512' title='bbox 2890 3237 3224 3294; x_wconf 82' lang='lat' dir='ltr'>exaggeras</span> <span class='ocrx_word' id='word_1_513' title='bbox 3232 3238 3292 3276; x_wconf 92' lang='lat' dir='ltr'>se</span> <span class='ocrx_word' id='word_1_514' title='bbox 3303 3227 3383 3287; x_wconf 92' lang='lat' dir='ltr'>,ut</span> <span class='ocrx_word' id='word_1_515' title='bbox 3393 3220 3647 3277; x_wconf 91' lang='lat' dir='ltr'>modum</span> 
     </span>
    </p>
   </div>
   <div class='ocr_carea' id='block_1_80' title="bbox 1992 3311 3645 3380">
    <p class='ocr_par' dir='ltr' id='par_1_80' title="bbox 1992 3311 3645 3380">
     <span class='ocr_line' id='line_1_80' title="bbox 1992 3311 3645 3380; baseline 0 -14"><span class='ocrx_word' id='word_1_516' title='bbox 1992 3311 2280 3367; x_wconf 84' lang='lat' dir='ltr'>excedere</span> <span class='ocrx_word' id='word_1_517' title='bbox 2335 3312 2634 3380; x_wconf 90' lang='lat' dir='ltr'>videatur,</span> <span class='ocrx_word' id='word_1_518' title='bbox 2695 3330 2832 3369; x_wconf 91' lang='lat' dir='ltr'>cum</span> <span class='ocrx_word' id='word_1_519' title='bbox 2890 3320 3092 3370; x_wconf 89' lang='lat' dir='ltr'>tamen</span> <span class='ocrx_word' id='word_1_520' title='bbox 3144 3311 3645 3368; x_wconf 90' lang='lat' dir='ltr'>Constitutionum</span> 
     </span>
    </p>
   </div>
   <div class='ocr_carea' id='block_1_81' title="bbox 1993 3401 3646 3474">
    <p class='ocr_par' dir='ltr' id='par_1_81' title="bbox 1993 3401 3646 3474">
     <span class='ocr_line' id='line_1_81' title="bbox 1993 3401 3646 3474; baseline -0.001 -18"><span class='ocrx_word' id='word_1_521' title='bbox 1993 3401 2250 3473; x_wconf 89' lang='lat' dir='ltr'>scriptor</span> <span class='ocrx_word' id='word_1_522' title='bbox 2275 3402 2360 3457; x_wconf 92' lang='lat' dir='ltr'>sic</span> <span class='ocrx_word' id='word_1_523' title='bbox 2390 3402 2475 3457; x_wconf 92' lang='lat' dir='ltr'>eis</span> <span class='ocrx_word' id='word_1_524' title='bbox 2503 3403 2736 3468; x_wconf 88' lang='lat' dir='ltr'>faverit,</span> <span class='ocrx_word' id='word_1_525' title='bbox 2772 3409 2836 3458; x_wconf 91' lang='lat' dir='ltr'>ut</span> <span class='ocrx_word' id='word_1_526' title='bbox 2861 3403 3128 3460; x_wconf 91' lang='lat' dir='ltr'>mediam</span> <span class='ocrx_word' id='word_1_527' title='bbox 3160 3403 3251 3457; x_wconf 91' lang='lat' dir='ltr'><strong>sui</strong></span> <span class='ocrx_word' id='word_1_528' title='bbox 3281 3401 3482 3474; x_wconf 92' lang='lat' dir='ltr'>operis</span> <span class='ocrx_word' id='word_1_529' title='bbox 3512 3416 3646 3473; x_wconf 89' lang='lat' dir='ltr'><strong>par-</strong></span> 
     </span>
    </p>
   </div>
   <div class='ocr_carea' id='block_1_82' title="bbox 1992 3492 3646 3565">
    <p class='ocr_par' dir='ltr' id='par_1_82' title="bbox 1992 3492 3646 3565">
     <span class='ocr_line' id='line_1_82' title="bbox 1992 3492 3646 3565; baseline -0.001 -19"><span class='ocrx_word' id='word_1_530' title='bbox 1992 3495 2113 3546; x_wconf 88' lang='lat' dir='ltr'>tem</span> <span class='ocrx_word' id='word_1_531' title='bbox 2133 3495 2318 3547; x_wconf 90' lang='lat' dir='ltr'>totam</span> <span class='ocrx_word' id='word_1_532' title='bbox 2341 3507 2548 3547; x_wconf 89' lang='lat' dir='ltr'>eorum</span> <span class='ocrx_word' id='word_1_533' title='bbox 2562 3509 2750 3548; x_wconf 91' lang='lat' dir='ltr'>causa</span> <span class='ocrx_word' id='word_1_534' title='bbox 2763 3493 3191 3565; x_wconf 88' lang='lat' dir='ltr'>composuerit.</span> <span class='ocrx_word' id='word_1_535' title='bbox 3218 3492 3424 3562; x_wconf 87' lang='lat' dir='ltr'>Liquet</span> <span class='ocrx_word' id='word_1_536' title='bbox 3441 3495 3646 3545; x_wconf 89' lang='lat' dir='ltr'>autem</span> 
     </span>
    </p>
   </div>
   <div class='ocr_carea' id='block_1_83' title="bbox 1993 3579 3646 3653">
    <p class='ocr_par' dir='ltr' id='par_1_83' title="bbox 1993 3579 3646 3653">
     <span class='ocr_line' id='line_1_83' title="bbox 1993 3579 3646 3653; baseline -0.001 -17"><span class='ocrx_word' id='word_1_537' title='bbox 1993 3597 2067 3636; x_wconf 82' lang='lat' dir='ltr'>ex</span> <span class='ocrx_word' id='word_1_538' title='bbox 2100 3580 2294 3636; x_wconf 89' lang='lat' dir='ltr'>Basilii</span> <span class='ocrx_word' id='word_1_539' title='bbox 2320 3581 2600 3652; x_wconf 87' lang='lat' dir='ltr'>Epistolis</span> <span class='ocrx_word' id='word_1_540' title='bbox 2631 3582 2836 3653; x_wconf 89' lang='lat' dir='ltr'>(epist.</span> <span class='ocrx_word' id='word_1_541' title='bbox 2864 3582 3011 3651; x_wconf 81' lang='lat'>295),</span> <span class='ocrx_word' id='word_1_542' title='bbox 3042 3596 3350 3635; x_wconf 90' lang='lat' dir='ltr'>summum</span> <span class='ocrx_word' id='word_1_543' title='bbox 3374 3580 3538 3634; x_wconf 91' lang='lat' dir='ltr'>hunc</span> <span class='ocrx_word' id='word_1_544' title='bbox 3564 3579 3646 3634; x_wconf 88' lang='lat' dir='ltr'>vi-</span> 
     </span>
    </p>
   </div>
   <div class='ocr_carea' id='block_1_84' title="bbox 1992 3670 3648 3740">
    <p class='ocr_par' dir='ltr' id='par_1_84' title="bbox 1992 3670 3648 3740">
     <span class='ocr_line' id='line_1_84' title="bbox 1992 3670 3648 3740; baseline -0.002 -14"><span class='ocrx_word' id='word_1_545' title='bbox 1992 3686 2128 3726; x_wconf 92' lang='lat' dir='ltr'>rum</span> <span class='ocrx_word' id='word_1_546' title='bbox 2182 3671 2688 3726; x_wconf 88' lang='lat' dir='ltr'>anachoretarum</span> <span class='ocrx_word' id='word_1_547' title='bbox 2751 3671 2995 3726; x_wconf 82' lang='lat' dir='ltr'>vivendi</span> <span class='ocrx_word' id='word_1_548' title='bbox 3035 3670 3333 3725; x_wconf 90' lang='lat' dir='ltr'>rationem</span> <span class='ocrx_word' id='word_1_549' title='bbox 3362 3683 3486 3724; x_wconf 91' lang='lat' dir='ltr'><strong>non</strong></span> <span class='ocrx_word' id='word_1_550' title='bbox 3513 3683 3648 3740; x_wconf 80' lang='lat' dir='ltr'><strong>pro-</strong></span> 
     </span>
    </p>
   </div>
   <div class='ocr_carea' id='block_1_85' title="bbox 1990 3757 3646 3830">
    <p class='ocr_par' dir='ltr' id='par_1_85' title="bbox 1990 3757 3646 3830">
     <span class='ocr_line' id='line_1_85' title="bbox 1990 3757 3646 3830; baseline -0.002 -15"><span class='ocrx_word' id='word_1_551' title='bbox 1990 3757 2199 3825; x_wconf 89' lang='lat' dir='ltr'>basse,</span> <span class='ocrx_word' id='word_1_552' title='bbox 2225 3757 2305 3814; x_wconf 91' lang='lat' dir='ltr'>ob</span> <span class='ocrx_word' id='word_1_553' title='bbox 2335 3757 2517 3830; x_wconf 90' lang='lat' dir='ltr'>idque</span> <span class='ocrx_word' id='word_1_554' title='bbox 2537 3760 2670 3830; x_wconf 91' lang='lat' dir='ltr'><strong>jure</strong></span> <span class='ocrx_word' id='word_1_555' title='bbox 2692 3775 2762 3814; x_wconf 92' lang='lat' dir='ltr'>ac</span> <span class='ocrx_word' id='word_1_556' title='bbox 2790 3761 3004 3814; x_wconf 90' lang='lat' dir='ltr'>merito</span> <span class='ocrx_word' id='word_1_557' title='bbox 3035 3757 3153 3814; x_wconf 88' lang='lat' dir='ltr'>dici</span> <span class='ocrx_word' id='word_1_558' title='bbox 3190 3757 3411 3812; x_wconf 91' lang='lat' dir='ltr'>debere</span> <span class='ocrx_word' id='word_1_559' title='bbox 3456 3761 3646 3826; x_wconf 80' lang='lat' dir='ltr'>Begu-</span> 
     </span>
    </p>
   </div>
   <div class='ocr_carea' id='block_1_86' title="bbox 1991 3846 3646 3918">
    <p class='ocr_par' dir='ltr' id='par_1_86' title="bbox 1991 3846 3646 3918">
     <span class='ocr_line' id='line_1_86' title="bbox 1991 3846 3646 3918; baseline -0.002 -13"><span class='ocrx_word' id='word_1_560' title='bbox 1991 3849 2186 3905; x_wconf 91' lang='lat' dir='ltr'>larum</span> <span class='ocrx_word' id='word_1_561' title='bbox 2213 3852 2544 3904; x_wconf 89' lang='lat' dir='ltr'>auctorem.</span> <span class='ocrx_word' id='word_1_562' title='bbox 2579 3851 2728 3904; x_wconf 87' lang='lat' dir='ltr'>Nam</span> <span class='ocrx_word' id='word_1_563' title='bbox 2740 3849 2856 3903; x_wconf 90' lang='lat' dir='ltr'>hoc</span> <span class='ocrx_word' id='word_1_564' title='bbox 2877 3848 3063 3904; x_wconf 89' lang='lat' dir='ltr'>modo</span> <span class='ocrx_word' id='word_1_565' title='bbox 3077 3846 3398 3915; x_wconf 89' lang='lat' dir='ltr'>constabit,</span> <span class='ocrx_word' id='word_1_566' title='bbox 3417 3846 3646 3918; x_wconf 61' lang='lat' dir='ltr'>praesti-</span> 
     </span>
    </p>
   </div>
   <div class='ocr_carea' id='block_1_87' title="bbox 1990 3936 3642 4010">
    <p class='ocr_par' dir='ltr' id='par_1_87' title="bbox 1990 3936 3642 4010">
     <span class='ocr_line' id='line_1_87' title="bbox 1990 3936 3642 4010; baseline -0.002 -16"><span class='ocrx_word' id='word_1_567' title='bbox 1990 3939 2131 3994; x_wconf 91' lang='lat' dir='ltr'>tisse</span> <span class='ocrx_word' id='word_1_568' title='bbox 2163 3955 2225 3994; x_wconf 92' lang='lat' dir='ltr'>se</span> <span class='ocrx_word' id='word_1_569' title='bbox 2251 3937 2536 3995; x_wconf 91' lang='lat' dir='ltr'>eumdem</span> <span class='ocrx_word' id='word_1_570' title='bbox 2553 3943 2678 3994; x_wconf 90' lang='lat' dir='ltr'>tam</span> <span class='ocrx_word' id='word_1_571' title='bbox 2695 3938 2756 3994; x_wconf 91' lang='lat' dir='ltr'>in</span> <span class='ocrx_word' id='word_1_572' title='bbox 2782 3938 3043 4008; x_wconf 83' lang='lat' dir='ltr'>Regulis,</span> <span class='ocrx_word' id='word_1_573' title='bbox 3068 3937 3330 4010; x_wconf 91' lang='lat' dir='ltr'>quamin</span> <span class='ocrx_word' id='word_1_574' title='bbox 3347 3936 3642 4009; x_wconf 87' lang='lat' dir='ltr'>Epistolis,</span> 
     </span>
    </p>
   </div>
   <div class='ocr_carea' id='block_1_88' title="bbox 1988 4027 3642 4096">
    <p class='ocr_par' dir='ltr' id='par_1_88' title="bbox 1988 4027 3642 4096">
     <span class='ocr_line' id='line_1_88' title="bbox 1988 4027 3642 4096; baseline -0.002 -13"><span class='ocrx_word' id='word_1_575' title='bbox 1988 4027 2105 4083; x_wconf 90' lang='lat' dir='ltr'>hoc</span> <span class='ocrx_word' id='word_1_576' title='bbox 2135 4027 2767 4092; x_wconf 88' lang='lat' dir='ltr'>est,auachoretarum</span> <span class='ocrx_word' id='word_1_577' title='bbox 2793 4027 3239 4096; x_wconf 83' lang='lat' dir='ltr'>exagitatorem</span> <span class='ocrx_word' id='word_1_578' title='bbox 3261 4040 3642 4096; x_wconf 89' lang='lat' dir='ltr'>osoremque.</span> 
     </span>
    </p>
   </div>
   <div class='ocr_carea' id='block_1_89' title="bbox 1989 4114 3643 4189">
    <p class='ocr_par' dir='ltr' id='par_1_89' title="bbox 1989 4114 3643 4189">
     <span class='ocr_line' id='line_1_89' title="bbox 1989 4114 3643 4189; baseline -0.002 -17"><span class='ocrx_word' id='word_1_579' title='bbox 1989 4117 2310 4183; x_wconf 85' lang='lat' dir='ltr'>Quomodo</span> <span class='ocrx_word' id='word_1_580' title='bbox 2341 4133 2482 4172; x_wconf 90' lang='lat' dir='ltr'>vero</span> <span class='ocrx_word' id='word_1_581' title='bbox 2504 4117 2631 4173; x_wconf 83' lang='lat' dir='ltr'><strong>ﬁeri</strong></span> <span class='ocrx_word' id='word_1_582' title='bbox 2661 4119 2958 4189; x_wconf 90' lang='lat' dir='ltr'>potuisset</span> <span class='ocrx_word' id='word_1_583' title='bbox 2989 4121 3052 4172; x_wconf 92' lang='lat' dir='ltr'>ut</span> <span class='ocrx_word' id='word_1_584' title='bbox 3074 4115 3346 4182; x_wconf 90' lang='lat' dir='ltr'>Basilius,</span> <span class='ocrx_word' id='word_1_585' title='bbox 3369 4114 3463 4170; x_wconf 88' lang='lat' dir='ltr'>cui</span> <span class='ocrx_word' id='word_1_586' title='bbox 3486 4119 3643 4170; x_wconf 92' lang='lat' dir='ltr'>certe</span> 
     </span>
    </p>
   </div>
   <div class='ocr_carea' id='block_1_90' title="bbox 1986 4203 3642 4277">
    <p class='ocr_par' dir='ltr' id='par_1_90' title="bbox 1986 4203 3642 4277">
     <span class='ocr_line' id='line_1_90' title="bbox 1986 4203 3642 4277; baseline -0.001 -17"><span class='ocrx_word' id='word_1_587' title='bbox 1986 4205 2492 4261; x_wconf 88' lang='lat' dir='ltr'>anachoretarum</span> <span class='ocrx_word' id='word_1_588' title='bbox 2523 4205 2861 4261; x_wconf 88' lang='lat' dir='ltr'>institutum</span> <span class='ocrx_word' id='word_1_589' title='bbox 2891 4220 3013 4260; x_wconf 92' lang='lat' dir='ltr'>non</span> <span class='ocrx_word' id='word_1_590' title='bbox 3032 4203 3332 4277; x_wconf 88' lang='lat' dir='ltr'>placebat,</span> <span class='ocrx_word' id='word_1_591' title='bbox 3365 4203 3642 4275; x_wconf 92' lang='lat' dir='ltr'><strong>scripsis-</strong></span> 
     </span>
    </p>
   </div>
   <div class='ocr_carea' id='block_1_91' title="bbox 1985 4293 3644 4367">
    <p class='ocr_par' dir='ltr' id='par_1_91' title="bbox 1985 4293 3644 4367">
     <span class='ocr_line' id='line_1_91' title="bbox 1985 4293 3644 4367; baseline 0.001 -19"><span class='ocrx_word' id='word_1_592' title='bbox 1985 4299 2074 4350; x_wconf 91' lang='lat' dir='ltr'>set</span> <span class='ocrx_word' id='word_1_593' title='bbox 2097 4295 2602 4351; x_wconf 90' lang='lat' dir='ltr'>Constitutionum</span> <span class='ocrx_word' id='word_1_594' title='bbox 2632 4295 2878 4362; x_wconf 90' lang='lat' dir='ltr'>librum,</span> <span class='ocrx_word' id='word_1_595' title='bbox 2900 4295 2962 4350; x_wconf 93' lang='lat' dir='ltr'>in</span> <span class='ocrx_word' id='word_1_596' title='bbox 2989 4310 3112 4367; x_wconf 91' lang='lat' dir='ltr'><strong>quo</strong></span> <span class='ocrx_word' id='word_1_597' title='bbox 3136 4294 3236 4350; x_wconf 92' lang='lat' dir='ltr'>illa</span> <span class='ocrx_word' id='word_1_598' title='bbox 3265 4293 3512 4349; x_wconf 89' lang='lat' dir='ltr'>vivendi</span> <span class='ocrx_word' id='word_1_599' title='bbox 3547 4309 3644 4349; x_wconf 87' lang='lat' dir='ltr'>ra-</span> 
     </span>
    </p>
   </div>
   <div class='ocr_carea' id='block_1_92' title="bbox 214 4382 3645 4477">
    <p class='ocr_par' dir='ltr' id='par_1_92' title="bbox 214 4382 3645 4477">
     <span class='ocr_line' id='line_1_92' title="bbox 214 4382 3645 4477; baseline 0.001 -41"><span class='ocrx_word' id='word_1_600' title='bbox 214 4383 440 4447; x_wconf 83' lang='lat' dir='ltr'>Onodsi</span> <span class='ocrx_word' id='word_1_601' title='bbox 478 4382 542 4437; x_wconf 88' lang='lat' dir='ltr'>in</span> <span class='ocrx_word' id='word_1_602' title='bbox 595 4382 882 4437; x_wconf 87' lang='lat' dir='ltr'>manibus</span> <span class='ocrx_word' id='word_1_603' title='bbox 914 4388 1118 4438; x_wconf 89' lang='lat' dir='ltr'>essent</span> <span class='ocrx_word' id='word_1_604' title='bbox 1159 4383 1368 4455; x_wconf 88' lang='lat' dir='ltr'>aliqua</span> <span class='ocrx_word' id='word_1_605' title='bbox 1424 4382 1542 4439; x_wconf 91' lang='lat' dir='ltr'>alia</span> <span class='ocrx_word' id='word_1_606' title='bbox 1595 4385 1875 4440; x_wconf 88' lang='lat' dir='ltr'>Eustatbii</span> <span class='ocrx_word' id='word_1_607' title='bbox 1911 4425 1950 4477; x_wconf 67' lang='grc' dir='ltr'>Β</span> <span class='ocrx_word' id='word_1_608' title='bbox 1983 4383 2065 4438; x_wconf 89' lang='lat' dir='ltr'>tio</span> <span class='ocrx_word' id='word_1_609' title='bbox 2097 4383 2663 4456; x_wconf 78' lang='lat' dir='ltr'>maximeprobatur</span> <span class='ocrx_word' id='word_1_610' title='bbox 2689 4384 2716 4439; x_wconf 87' lang='lat'><strong>?</strong></span> <span class='ocrx_word' id='word_1_611' title='bbox 2744 4387 2945 4440; x_wconf 79' lang='lat' dir='ltr'>Restat</span> <span class='ocrx_word' id='word_1_612' title='bbox 2969 4382 3645 4453; x_wconf 89' lang='lat' dir='ltr'>igituruthicliberred-</span> 
     </span>
    </p>
   </div>
   <div class='ocr_carea' id='block_1_93' title="bbox 215 4471 1880 4544">
    <p class='ocr_par' dir='ltr' id='par_1_93' title="bbox 215 4471 1880 4544">
     <span class='ocr_line' id='line_1_93' title="bbox 215 4471 1880 4544; baseline 0.002 -18"><span class='ocrx_word' id='word_1_613' title='bbox 215 4487 421 4544; x_wconf 87' lang='lat' dir='ltr'>cpera,</span> <span class='ocrx_word' id='word_1_614' title='bbox 458 4471 744 4526; x_wconf 83' lang='lat' dir='ltr'>fortassis</span> <span class='ocrx_word' id='word_1_615' title='bbox 773 4487 804 4526; x_wconf 92' lang='lat' dir='ltr'><strong>e</strong></span> <span class='ocrx_word' id='word_1_616' title='bbox 825 4471 963 4542; x_wconf 84' lang='lat' dir='ltr'>styli</span> <span class='ocrx_word' id='word_1_617' title='bbox 990 4471 1383 4527; x_wconf 89' lang='lat' dir='ltr'>similitudine</span> <span class='ocrx_word' id='word_1_618' title='bbox 1415 4471 1650 4528; x_wconf 91' lang='lat' dir='ltr'>ostendi</span> <span class='ocrx_word' id='word_1_619' title='bbox 1678 4479 1880 4544; x_wconf 90' lang='lat' dir='ltr'>posset</span> 
     </span>
    </p>
   </div>
   <div class='ocr_carea' id='block_1_94' title="bbox 213 4559 1878 4633">
    <p class='ocr_par' dir='ltr' id='par_1_94' title="bbox 213 4559 1878 4633">
     <span class='ocr_line' id='line_1_94' title="bbox 213 4559 1878 4633; baseline 0.001 -17"><span class='ocrx_word' id='word_1_620' title='bbox 213 4559 603 4616; x_wconf 83' lang='lat' dir='ltr'><strong>monasticas</strong></span> <span class='ocrx_word' id='word_1_621' title='bbox 637 4559 1100 4616; x_wconf 81' lang='lat' dir='ltr'>Constitutiones</span> <span class='ocrx_word' id='word_1_622' title='bbox 1127 4561 1205 4617; x_wconf 91' lang='lat' dir='ltr'>ad</span> <span class='ocrx_word' id='word_1_623' title='bbox 1230 4576 1370 4616; x_wconf 88' lang='lat' dir='ltr'>eum</span> <span class='ocrx_word' id='word_1_624' title='bbox 1393 4561 1691 4633; x_wconf 91' lang='lat' dir='ltr'>pertinere</span> <span class='ocrx_word' id='word_1_625' title='bbox 1725 4580 1737 4617; x_wconf 89' lang='lat'>:</span> <span class='ocrx_word' id='word_1_626' title='bbox 1771 4563 1878 4618; x_wconf 90' lang='lat' dir='ltr'>sed</span> 
     </span>
    </p>
   </div>
   <div class='ocr_carea' id='block_1_95' title="bbox 217 4648 1878 4718">
    <p class='ocr_par' dir='ltr' id='par_1_95' title="bbox 217 4648 1878 4718">
     <span class='ocr_line' id='line_1_95' title="bbox 217 4648 1878 4718; baseline 0.002 -15"><span class='ocrx_word' id='word_1_627' title='bbox 217 4665 346 4705; x_wconf 85' lang='lat' dir='ltr'>cum</span> <span class='ocrx_word' id='word_1_628' title='bbox 372 4648 555 4704; x_wconf 88' lang='lat' dir='ltr'>nulla</span> <span class='ocrx_word' id='word_1_629' title='bbox 587 4648 729 4708; x_wconf 90' lang='lat' dir='ltr'><strong>sint.</strong></span> <span class='ocrx_word' id='word_1_630' title='bbox 751 4648 866 4704; x_wconf 88' lang='lat' dir='ltr'>hoc</span> <span class='ocrx_word' id='word_1_631' title='bbox 887 4654 1388 4718; x_wconf 88' lang='lat' dir='ltr'>argumentorum</span> <span class='ocrx_word' id='word_1_632' title='bbox 1415 4665 1632 4718; x_wconf 82' lang='lat' dir='ltr'>genere</span> <span class='ocrx_word' id='word_1_633' title='bbox 1651 4651 1737 4706; x_wconf 89' lang='lat' dir='ltr'>uti</span> <span class='ocrx_word' id='word_1_634' title='bbox 1756 4667 1878 4707; x_wconf 92' lang='lat' dir='ltr'>non</span> 
     </span>
    </p>
   </div>
   <div class='ocr_carea' id='block_1_96' title="bbox 217 4737 1876 4809">
    <p class='ocr_par' dir='ltr' id='par_1_96' title="bbox 217 4737 1876 4809">
     <span class='ocr_line' id='line_1_96' title="bbox 217 4737 1876 4809; baseline 0.001 -15"><span class='ocrx_word' id='word_1_635' title='bbox 217 4753 580 4809; x_wconf 84' lang='lat' dir='ltr'>possumus.</span> <span class='ocrx_word' id='word_1_636' title='bbox 607 4743 880 4793; x_wconf 78' lang='lat' dir='ltr'>Attamen</span> <span class='ocrx_word' id='word_1_637' title='bbox 908 4739 1026 4794; x_wconf 91' lang='lat' dir='ltr'>alia</span> <span class='ocrx_word' id='word_1_638' title='bbox 1053 4738 1342 4795; x_wconf 87' lang='lat' dir='ltr'>adhibere</span> <span class='ocrx_word' id='word_1_639' title='bbox 1371 4737 1510 4794; x_wconf 91' lang='lat' dir='ltr'>licet</span> <span class='ocrx_word' id='word_1_640' title='bbox 1540 4755 1664 4795; x_wconf 92' lang='lat' dir='ltr'>non</span> <span class='ocrx_word' id='word_1_641' title='bbox 1682 4740 1876 4796; x_wconf 92' lang='lat' dir='ltr'>mino-</span> 
     </span>
    </p>
   </div>
   <div class='ocr_carea' id='block_1_97' title="bbox 212 4827 1879 4901">
    <p class='ocr_par' dir='ltr' id='par_1_97' title="bbox 212 4827 1879 4901">
     <span class='ocr_line' id='line_1_97' title="bbox 212 4827 1879 4901; baseline 0 -17"><span class='ocrx_word' id='word_1_642' title='bbox 212 4831 288 4884; x_wconf 83' lang='lat' dir='ltr'><strong>ris</strong></span> <span class='ocrx_word' id='word_1_643' title='bbox 319 4827 745 4901; x_wconf 86' lang='lat' dir='ltr'>ponderisaut</span> <span class='ocrx_word' id='word_1_644' title='bbox 769 4828 1085 4884; x_wconf 89' lang='lat' dir='ltr'>momenti.</span> <span class='ocrx_word' id='word_1_645' title='bbox 1107 4832 1254 4885; x_wconf 88' lang='lat' dir='ltr'>Cum</span> <span class='ocrx_word' id='word_1_646' title='bbox 1285 4829 1448 4884; x_wconf 92' lang='lat' dir='ltr'>enim</span> <span class='ocrx_word' id='word_1_647' title='bbox 1470 4834 1706 4884; x_wconf 88' lang='lat' dir='ltr'>constet</span> <span class='ocrx_word' id='word_1_648' title='bbox 1728 4830 1879 4885; x_wconf 92' lang='lat' dir='ltr'>inter</span> 
     </span>
    </p>
   </div>
   <div class='ocr_carea' id='block_1_98' title="bbox 213 4917 1879 4991">
    <p class='ocr_par' dir='ltr' id='par_1_98' title="bbox 213 4917 1879 4991">
     <span class='ocr_line' id='line_1_98' title="bbox 213 4917 1879 4991; baseline 0.001 -17"><span class='ocrx_word' id='word_1_649' title='bbox 213 4933 428 4974; x_wconf 87' lang='lat' dir='ltr'>omnes</span> <span class='ocrx_word' id='word_1_650' title='bbox 463 4917 763 4985; x_wconf 84' lang='lat' dir='ltr'>Ascetica,</span> <span class='ocrx_word' id='word_1_651' title='bbox 789 4918 912 4973; x_wconf 85' lang='lat' dir='ltr'>sive</span> <span class='ocrx_word' id='word_1_652' title='bbox 933 4920 1345 4974; x_wconf 87' lang='lat' dir='ltr'>Asceticorum</span> <span class='ocrx_word' id='word_1_653' title='bbox 1376 4923 1579 4991; x_wconf 91' lang='lat' dir='ltr'>partes</span> <span class='ocrx_word' id='word_1_654' title='bbox 1597 4925 1702 4975; x_wconf 91' lang='lat' dir='ltr'>aut</span> <span class='ocrx_word' id='word_1_655' title='bbox 1725 4919 1879 4975; x_wconf 88' lang='lat' dir='ltr'>Basi-</span> 
     </span>
    </p>
   </div>
   <div class='ocr_carea' id='block_1_99' title="bbox 214 5005 1878 5079">
    <p class='ocr_par' dir='ltr' id='par_1_99' title="bbox 214 5005 1878 5079">
     <span class='ocr_line' id='line_1_99' title="bbox 214 5005 1878 5079; baseline 0.001 -17"><span class='ocrx_word' id='word_1_656' title='bbox 214 5005 449 5071; x_wconf 81' lang='lat' dir='ltr'>liiesse,</span> <span class='ocrx_word' id='word_1_657' title='bbox 481 5011 595 5061; x_wconf 88' lang='lat' dir='ltr'><strong>aut</strong></span> <span class='ocrx_word' id='word_1_658' title='bbox 627 5006 996 5071; x_wconf 85' lang='lat' dir='ltr'>Eustathii,si</span> <span class='ocrx_word' id='word_1_659' title='bbox 1018 5007 1480 5079; x_wconf 90' lang='lat' dir='ltr'>probaverimus</span> <span class='ocrx_word' id='word_1_660' title='bbox 1510 5008 1878 5063; x_wconf 87' lang='lat' dir='ltr'>monasticas</span> 
     </span>
    </p>
   </div>
   <div class='ocr_carea' id='block_1_100' title="bbox 218 5096 1875 5166">
    <p class='ocr_par' dir='ltr' id='par_1_100' title="bbox 218 5096 1875 5166">
     <span class='ocr_line' id='line_1_100' title="bbox 218 5096 1875 5166; baseline 0.001 -14"><span class='ocrx_word' id='word_1_661' title='bbox 218 5097 697 5152; x_wconf 82' lang='lat' dir='ltr'><strong>Constitutiones</strong></span> <span class='ocrx_word' id='word_1_662' title='bbox 725 5096 1006 5152; x_wconf 90' lang='lat' dir='ltr'>Basilium</span> <span class='ocrx_word' id='word_1_663' title='bbox 1019 5102 1329 5153; x_wconf 88' lang='lat' dir='ltr'>auctorem</span> <span class='ocrx_word' id='word_1_664' title='bbox 1355 5111 1477 5151; x_wconf 89' lang='lat' dir='ltr'><strong>non</strong></span> <span class='ocrx_word' id='word_1_665' title='bbox 1509 5097 1754 5166; x_wconf 83' lang='lat' dir='ltr'>habere,</span> <span class='ocrx_word' id='word_1_666' title='bbox 1774 5113 1875 5154; x_wconf 91' lang='lat' dir='ltr'>eas</span> 
     </span>
    </p>
   </div>
   <div class='ocr_carea' id='block_1_101' title="bbox 217 5184 1746 5258">
    <p class='ocr_par' dir='ltr' id='par_1_101' title="bbox 217 5184 1746 5258">
     <span class='ocr_line' id='line_1_101' title="bbox 217 5184 1746 5258; baseline 0.007 -22"><span class='ocrx_word' id='word_1_667' title='bbox 217 5184 530 5242; x_wconf 80' lang='lat' dir='ltr'>Eustathio</span> <span class='ocrx_word' id='word_1_668' title='bbox 566 5184 926 5240; x_wconf 90' lang='lat' dir='ltr'>tribuendas</span> <span class='ocrx_word' id='word_1_669' title='bbox 953 5202 1083 5242; x_wconf 91' lang='lat' dir='ltr'>esse</span> <span class='ocrx_word' id='word_1_670' title='bbox 1115 5185 1296 5241; x_wconf 91' lang='lat' dir='ltr'>simul</span> <span class='ocrx_word' id='word_1_671' title='bbox 1325 5185 1746 5258; x_wconf 91' lang='lat' dir='ltr'>probabimus.</span> 
     </span>
    </p>
   </div>
   <div class='ocr_carea' id='block_1_102' title="bbox 283 5329 1021 5400">
    <p class='ocr_par' dir='ltr' id='par_1_102' title="bbox 283 5329 1021 5400">
     <span class='ocr_line' id='line_1_102' title="bbox 283 5329 1021 5400; baseline -0.001 -17"><span class='ocrx_word' id='word_1_672' title='bbox 283 5331 359 5397; x_wconf 77' lang='lat' dir='ltr'>ta)</span> <span class='ocrx_word' id='word_1_673' title='bbox 409 5329 558 5399; x_wconf 85' lang='lat' dir='ltr'>Leg.</span> <span class='ocrx_word' id='word_1_674' title='bbox 598 5342 664 5383; x_wconf 93' lang='lat' dir='ltr'>n.</span> <span class='ocrx_word' id='word_1_675' title='bbox 709 5329 778 5383; x_wconf 78' lang='grc'><strong>34</strong></span> <span class='ocrx_word' id='word_1_676' title='bbox 809 5331 866 5382; x_wconf 92' lang='lat' dir='ltr'>et</span> <span class='ocrx_word' id='word_1_677' title='bbox 896 5343 1021 5400; x_wconf 91' lang='lat' dir='ltr'>seq.</span> 
     </span>
    </p>
   </div>
   <div class='ocr_carea' id='block_1_103' title="bbox 281 5400 890 5468">
    <p class='ocr_par' dir='ltr' id='par_1_103' title="bbox 281 5400 890 5468">
     <span class='ocr_line' id='line_1_103' title="bbox 281 5400 890 5468; baseline -0.005 -13"><span class='ocrx_word' id='word_1_678' title='bbox 281 5400 358 5468; x_wconf 65' lang='lat' dir='ltr'>ib)</span> <span class='ocrx_word' id='word_1_679' title='bbox 403 5400 534 5457; x_wconf 87' lang='lat' dir='ltr'>Lib.</span> <span class='ocrx_word' id='word_1_680' title='bbox 581 5415 667 5454; x_wconf 87' lang='grc' dir='ltr'>ιιι.</span> <span class='ocrx_word' id='word_1_681' title='bbox 708 5414 762 5454; x_wconf 94' lang='lat' dir='ltr'>c.</span> <span class='ocrx_word' id='word_1_682' title='bbox 805 5402 890 5462; x_wconf 74' lang='grc'>14,</span> 
     </span>
    </p>
   </div>
   <div class='ocr_carea' id='block_1_104' title="bbox 287 5472 1013 5542">
    <p class='ocr_par' dir='ltr' id='par_1_104' title="bbox 287 5472 1013 5542">
     <span class='ocr_line' id='line_1_104' title="bbox 287 5472 1013 5542; baseline -0.003 -14"><span class='ocrx_word' id='word_1_683' title='bbox 287 5481 360 5538; x_wconf 78' lang='lat' dir='ltr'>(c)</span> <span class='ocrx_word' id='word_1_684' title='bbox 403 5474 545 5542; x_wconf 88' lang='lat' dir='ltr'>Leg.</span> <span class='ocrx_word' id='word_1_685' title='bbox 591 5487 656 5526; x_wconf 93' lang='lat' dir='ltr'>n.</span> <span class='ocrx_word' id='word_1_686' title='bbox 700 5472 772 5526; x_wconf 70' lang='grc'>34</span> <span class='ocrx_word' id='word_1_687' title='bbox 803 5474 860 5526; x_wconf 91' lang='lat' dir='ltr'>et</span> <span class='ocrx_word' id='word_1_688' title='bbox 885 5483 1013 5541; x_wconf 88' lang='lat' dir='ltr'>seq.</span> 
     </span>
    </p>
   </div>
   <div class='ocr_carea' id='block_1_105' title="bbox 289 5543 1012 5614">
    <p class='ocr_par' dir='ltr' id='par_1_105' title="bbox 289 5543 1012 5614">
     <span class='ocr_line' id='line_1_105' title="bbox 289 5543 1012 5614; baseline -0.003 -17"><span class='ocrx_word' id='word_1_689' title='bbox 289 5543 367 5612; x_wconf 74' lang='grc' dir='ltr'>(α)</span> <span class='ocrx_word' id='word_1_690' title='bbox 411 5546 550 5614; x_wconf 88' lang='lat' dir='ltr'>ch.</span> <span class='ocrx_word' id='word_1_691' title='bbox 592 5559 660 5600; x_wconf 92' lang='lat' dir='ltr'>n.</span> <span class='ocrx_word' id='word_1_692' title='bbox 704 5543 778 5598; x_wconf 74' lang='grc'><strong>34</strong></span> <span class='ocrx_word' id='word_1_693' title='bbox 798 5545 857 5596; x_wconf 91' lang='lat' dir='ltr'>et</span> <span class='ocrx_word' id='word_1_694' title='bbox 887 5556 1012 5613; x_wconf 90' lang='lat' dir='ltr'>seq.</span> 
     </span>
    </p>
   </div>
   <div class='ocr_carea' id='block_1_106' title="bbox 1984 4471 3643 4545">
    <p class='ocr_par' dir='ltr' id='par_1_106' title="bbox 1984 4471 3643 4545">
     <span class='ocr_line' id='line_1_106' title="bbox 1984 4471 3643 4545; baseline 0 -17"><span class='ocrx_word' id='word_1_695' title='bbox 1984 4471 2165 4528; x_wconf 90' lang='lat' dir='ltr'>datur</span> <span class='ocrx_word' id='word_1_696' title='bbox 2193 4489 2304 4528; x_wconf 95' lang='lat' dir='ltr'>suo</span> <span class='ocrx_word' id='word_1_697' title='bbox 2335 4473 2565 4528; x_wconf 90' lang='lat' dir='ltr'>auctori</span> <span class='ocrx_word' id='word_1_698' title='bbox 2589 4472 3358 4545; x_wconf 87' lang='lat' dir='ltr'>Eustathio,qui,quidquid</span> <span class='ocrx_word' id='word_1_699' title='bbox 3388 4471 3450 4528; x_wconf 94' lang='lat' dir='ltr'>in</span> <span class='ocrx_word' id='word_1_700' title='bbox 3472 4477 3643 4528; x_wconf 79' lang='lat' dir='ltr'>Asce-</span> 
     </span>
    </p>
   </div>
   <div class='ocr_carea' id='block_1_107' title="bbox 1984 4560 3644 4634">
    <p class='ocr_par' dir='ltr' id='par_1_107' title="bbox 1984 4560 3644 4634">
     <span class='ocr_line' id='line_1_107' title="bbox 1984 4560 3644 4634; baseline 0.001 -18"><span class='ocrx_word' id='word_1_701' title='bbox 1984 4560 2116 4616; x_wconf 88' lang='lat' dir='ltr'>ticis</span> <span class='ocrx_word' id='word_1_702' title='bbox 2147 4560 2349 4616; x_wconf 90' lang='lat' dir='ltr'>Basilii</span> <span class='ocrx_word' id='word_1_703' title='bbox 2386 4577 2506 4616; x_wconf 93' lang='lat' dir='ltr'>non</span> <span class='ocrx_word' id='word_1_704' title='bbox 2540 4566 2652 4630; x_wconf 91' lang='lat' dir='ltr'>est,</span> <span class='ocrx_word' id='word_1_705' title='bbox 2687 4563 2818 4632; x_wconf 88' lang='lat' dir='ltr'>ejus</span> <span class='ocrx_word' id='word_1_706' title='bbox 2849 4567 3062 4617; x_wconf 90' lang='lat' dir='ltr'>auctor</span> <span class='ocrx_word' id='word_1_707' title='bbox 3092 4578 3332 4634; x_wconf 83' lang='lat' dir='ltr'>semper</span> <span class='ocrx_word' id='word_1_708' title='bbox 3378 4562 3456 4617; x_wconf 89' lang='lat' dir='ltr'><strong>ab</strong></span> <span class='ocrx_word' id='word_1_709' title='bbox 3509 4577 3644 4617; x_wconf 92' lang='lat' dir='ltr'>om-</span> 
     </span>
    </p>
   </div>
   <div class='ocr_carea' id='block_1_108' title="bbox 1983 4648 3640 4723">
    <p class='ocr_par' dir='ltr' id='par_1_108' title="bbox 1983 4648 3640 4723">
     <span class='ocr_line' id='line_1_108' title="bbox 1983 4648 3640 4723; baseline 0.001 -19"><span class='ocrx_word' id='word_1_710' title='bbox 1983 4648 2164 4704; x_wconf 92' lang='lat' dir='ltr'>nibus</span> <span class='ocrx_word' id='word_1_711' title='bbox 2177 4649 2418 4704; x_wconf 85' lang='lat' dir='ltr'>habitus</span> <span class='ocrx_word' id='word_1_712' title='bbox 2432 4649 3064 4723; x_wconf 84' lang='lat' dir='ltr'>est.lnspergunturin</span> <span class='ocrx_word' id='word_1_713' title='bbox 3076 4650 3640 4722; x_wconf 82' lang='lat' dir='ltr'>Regulisnonnulla,</span> 
     </span>
    </p>
   </div>
   <div class='ocr_carea' id='block_1_109' title="bbox 1981 4740 3642 4812">
    <p class='ocr_par' dir='ltr' id='par_1_109' title="bbox 1981 4740 3642 4812">
     <span class='ocr_line' id='line_1_109' title="bbox 1981 4740 3642 4812; baseline 0.001 -20"><span class='ocrx_word' id='word_1_714' title='bbox 1981 4753 2120 4811; x_wconf 69' lang='lat' dir='ltr'>qum</span> <span class='ocrx_word' id='word_1_715' title='bbox 2141 4740 2519 4796; x_wconf 82' lang='lat' dir='ltr'>severitatem</span> <span class='ocrx_word' id='word_1_716' title='bbox 2546 4741 2883 4812; x_wconf 88' lang='lat' dir='ltr'>quamdam</span> <span class='ocrx_word' id='word_1_717' title='bbox 2909 4741 3188 4797; x_wconf 87' lang='lat' dir='ltr'>redolent</span> <span class='ocrx_word' id='word_1_718' title='bbox 3209 4741 3440 4812; x_wconf 76' lang='lat' dir='ltr'>(h‘.,non</span> <span class='ocrx_word' id='word_1_719' title='bbox 3472 4740 3642 4795; x_wconf 90' lang='lat' dir='ltr'>aliter</span> 
     </span>
    </p>
   </div>
   <div class='ocr_carea' id='block_1_110' title="bbox 1983 4827 3641 4903">
    <p class='ocr_par' dir='ltr' id='par_1_110' title="bbox 1983 4827 3641 4903">
     <span class='ocr_line' id='line_1_110' title="bbox 1983 4827 3641 4903; baseline 0 -20"><span class='ocrx_word' id='word_1_720' title='bbox 1983 4833 2164 4900; x_wconf 90' lang='lat' dir='ltr'>atque</span> <span class='ocrx_word' id='word_1_721' title='bbox 2192 4827 2254 4883; x_wconf 93' lang='lat' dir='ltr'>in</span> <span class='ocrx_word' id='word_1_722' title='bbox 2284 4828 2655 4900; x_wconf 91' lang='lat' dir='ltr'>quibusdam</span> <span class='ocrx_word' id='word_1_723' title='bbox 2682 4830 2878 4886; x_wconf 91' lang='lat' dir='ltr'>Basilii</span> <span class='ocrx_word' id='word_1_724' title='bbox 2906 4831 3162 4903; x_wconf 85' lang='lat' dir='ltr'>scriptis;</span> <span class='ocrx_word' id='word_1_725' title='bbox 3192 4846 3228 4886; x_wconf 90' lang='lat' dir='ltr'>a</span> <span class='ocrx_word' id='word_1_726' title='bbox 3257 4846 3383 4902; x_wconf 86' lang='lat' dir='ltr'>qua</span> <span class='ocrx_word' id='word_1_727' title='bbox 3424 4829 3641 4884; x_wconf 81' lang='lat' dir='ltr'>severi-</span> 
     </span>
    </p>
   </div>
   <div class='ocr_carea' id='block_1_111' title="bbox 1983 4916 3639 4988">
    <p class='ocr_par' dir='ltr' id='par_1_111' title="bbox 1983 4916 3639 4988">
     <span class='ocr_line' id='line_1_111' title="bbox 1983 4916 3639 4988; baseline 0.001 -16"><span class='ocrx_word' id='word_1_728' title='bbox 1983 4921 2102 4973; x_wconf 89' lang='lat' dir='ltr'>tate</span> <span class='ocrx_word' id='word_1_729' title='bbox 2131 4916 2485 4988; x_wconf 81' lang='lat' dir='ltr'>longissime</span> <span class='ocrx_word' id='word_1_730' title='bbox 2508 4917 3212 4988; x_wconf 64' lang='lat' dir='ltr'>abestjConstitutionum</span> <span class='ocrx_word' id='word_1_731' title='bbox 3235 4923 3462 4983; x_wconf 91' lang='lat' dir='ltr'>auctor;</span> <span class='ocrx_word' id='word_1_732' title='bbox 3495 4932 3639 4987; x_wconf 90' lang='lat' dir='ltr'>ergo</span> 
     </span>
    </p>
   </div>
   <div class='ocr_carea' id='block_1_112' title="bbox 1981 5007 3639 5080">
    <p class='ocr_par' dir='ltr' id='par_1_112' title="bbox 1981 5007 3639 5080">
     <span class='ocr_line' id='line_1_112' title="bbox 1981 5007 3639 5080; baseline 0.001 -18"><span class='ocrx_word' id='word_1_733' title='bbox 1981 5021 2106 5062; x_wconf 89' lang='lat' dir='ltr'>non</span> <span class='ocrx_word' id='word_1_734' title='bbox 2129 5023 2290 5063; x_wconf 88' lang='lat' dir='ltr'>unus</span> <span class='ocrx_word' id='word_1_735' title='bbox 2320 5012 2378 5064; x_wconf 90' lang='lat' dir='ltr'>et</span> <span class='ocrx_word' id='word_1_736' title='bbox 2406 5007 2566 5064; x_wconf 90' lang='lat' dir='ltr'>idem</span> <span class='ocrx_word' id='word_1_737' title='bbox 2586 5013 2673 5064; x_wconf 91' lang='lat' dir='ltr'>est</span> <span class='ocrx_word' id='word_1_738' title='bbox 2689 5009 3052 5080; x_wconf 68' lang='lat' dir='ltr'>[tegularum</span> <span class='ocrx_word' id='word_1_739' title='bbox 3070 5007 3639 5064; x_wconf 87' lang='lat' dir='ltr'>etConstitutionum</span> 
     </span>
    </p>
   </div>
   <div class='ocr_carea' id='block_1_113' title="bbox 1983 5094 3638 5170">
    <p class='ocr_par' dir='ltr' id='par_1_113' title="bbox 1983 5094 3638 5170">
     <span class='ocr_line' id='line_1_113' title="bbox 1983 5094 3638 5170; baseline 0.003 -22"><span class='ocrx_word' id='word_1_740' title='bbox 1983 5094 2261 5166; x_wconf 89' lang='lat' dir='ltr'>scriptor,</span> <span class='ocrx_word' id='word_1_741' title='bbox 2296 5097 2402 5153; x_wconf 91' lang='lat' dir='ltr'>sed</span> <span class='ocrx_word' id='word_1_742' title='bbox 2423 5097 2566 5164; x_wconf 91' lang='lat' dir='ltr'>duo,</span> <span class='ocrx_word' id='word_1_743' title='bbox 2591 5114 2855 5170; x_wconf 89' lang='lat' dir='ltr'>quorum</span> <span class='ocrx_word' id='word_1_744' title='bbox 2873 5098 3020 5153; x_wconf 90' lang='lat' dir='ltr'>alter</span> <span class='ocrx_word' id='word_1_745' title='bbox 3040 5096 3226 5169; x_wconf 89' lang='lat' dir='ltr'>paulo</span> <span class='ocrx_word' id='word_1_746' title='bbox 3247 5095 3530 5166; x_wconf 88' lang='lat' dir='ltr'>severior,</span> <span class='ocrx_word' id='word_1_747' title='bbox 3554 5096 3638 5152; x_wconf 88' lang='lat' dir='ltr'>al-</span> 
     </span>
    </p>
   </div>
   <div class='ocr_carea' id='block_1_114' title="bbox 1980 5186 3636 5261">
    <p class='ocr_par' dir='ltr' id='par_1_114' title="bbox 1980 5186 3636 5261">
     <span class='ocr_line' id='line_1_114' title="bbox 1980 5186 3636 5261; baseline -0.001 -17"><span class='ocrx_word' id='word_1_748' title='bbox 1980 5192 2068 5244; x_wconf 92' lang='lat' dir='ltr'>ter</span> <span class='ocrx_word' id='word_1_749' title='bbox 2085 5187 2272 5261; x_wconf 89' lang='lat' dir='ltr'>paulo</span> <span class='ocrx_word' id='word_1_750' title='bbox 2291 5187 2697 5257; x_wconf 89' lang='lat' dir='ltr'>indulgentior</span> <span class='ocrx_word' id='word_1_751' title='bbox 2719 5187 2908 5243; x_wconf 91' lang='lat' dir='ltr'>videri</span> <span class='ocrx_word' id='word_1_752' title='bbox 2922 5191 3173 5259; x_wconf 90' lang='lat' dir='ltr'>poterat.</span> <span class='ocrx_word' id='word_1_753' title='bbox 3209 5189 3362 5256; x_wconf 89' lang='lat' dir='ltr'>Ergo</span> <span class='ocrx_word' id='word_1_754' title='bbox 3387 5186 3636 5244; x_wconf 88' lang='lat' dir='ltr'>Basilius</span> 
     </span>
    </p>
   </div>
   <div class='ocr_carea' id='block_1_115' title="bbox 2061 5331 2730 5404">
    <p class='ocr_par' dir='ltr' id='par_1_115' title="bbox 2061 5331 2730 5404">
     <span class='ocr_line' id='line_1_115' title="bbox 2061 5331 2730 5404; baseline -0.004 -16"><span class='ocrx_word' id='word_1_755' title='bbox 2061 5333 2138 5404; x_wconf 92' lang='lat' dir='ltr'>(e)</span> <span class='ocrx_word' id='word_1_756' title='bbox 2178 5331 2393 5387; x_wconf 84' lang='lat' dir='ltr'>Itidem</span> <span class='ocrx_word' id='word_1_757' title='bbox 2424 5335 2491 5387; x_wconf 88' lang='lat'>39</span> <span class='ocrx_word' id='word_1_758' title='bbox 2519 5336 2576 5386; x_wconf 93' lang='lat' dir='ltr'>et</span> <span class='ocrx_word' id='word_1_759' title='bbox 2604 5345 2730 5401; x_wconf 89' lang='lat' dir='ltr'>seq.</span> 
     </span>
    </p>
   </div>
   <div class='ocr_carea' id='block_1_116' title="bbox 2059 5403 3266 5478">
    <p class='ocr_par' dir='ltr' id='par_1_116' title="bbox 2059 5403 3266 5478">
     <span class='ocr_line' id='line_1_116' title="bbox 2059 5403 3266 5478; baseline 0.002 -18"><span class='ocrx_word' id='word_1_760' title='bbox 2059 5404 2141 5478; x_wconf 88' lang='lat' dir='ltr'>(f)_</span> <span class='ocrx_word' id='word_1_761' title='bbox 2177 5405 2312 5478; x_wconf 82' lang='lat' dir='ltr'>Leg.</span> <span class='ocrx_word' id='word_1_762' title='bbox 2354 5417 2415 5456; x_wconf 91' lang='lat' dir='ltr'>n.</span> <span class='ocrx_word' id='word_1_763' title='bbox 2447 5405 2515 5478; x_wconf 76' lang='grc'>33</span> <span class='ocrx_word' id='word_1_764' title='bbox 2545 5407 2604 5457; x_wconf 93' lang='lat' dir='ltr'>et</span> <span class='ocrx_word' id='word_1_765' title='bbox 2628 5416 2758 5473; x_wconf 84' lang='lat' dir='ltr'>seq.</span> <span class='ocrx_word' id='word_1_766' title='bbox 2791 5404 2846 5457; x_wconf 93' lang='lat' dir='ltr'>et</span> <span class='ocrx_word' id='word_1_767' title='bbox 2875 5415 2935 5456; x_wconf 93' lang='lat' dir='ltr'>n.</span> <span class='ocrx_word' id='word_1_768' title='bbox 2960 5403 3028 5457; x_wconf 88' lang='lat'><strong>37</strong></span> <span class='ocrx_word' id='word_1_769' title='bbox 3052 5403 3110 5458; x_wconf 91' lang='lat' dir='ltr'>et</span> <span class='ocrx_word' id='word_1_770' title='bbox 3137 5417 3266 5478; x_wconf 87' lang='lat' dir='ltr'>seq.</span> 
     </span>
    </p>
   </div>
   <div class='ocr_carea' id='block_1_117' title="bbox 2067 5475 2544 5598">
    <p class='ocr_par' dir='ltr' id='par_1_117' title="bbox 2067 5475 2544 5598">
     <span class='ocr_line' id='line_1_117' title="bbox 2067 5475 2544 5598; baseline -0.002 -70"><span class='ocrx_word' id='word_1_771' title='bbox 2067 5475 2150 5598; x_wconf 54' lang='grc' dir='ltr'>(ἕ)</span> <span class='ocrx_word' id='word_1_772' title='bbox 2191 5475 2325 5543; x_wconf 85' lang='lat' dir='ltr'>Leg.</span> <span class='ocrx_word' id='word_1_773' title='bbox 2367 5487 2427 5527; x_wconf 94' lang='lat' dir='ltr'>n.</span> <span class='ocrx_word' id='word_1_774' title='bbox 2456 5475 2544 5528; x_wconf 80' lang='grc'>34.</span> 
     </span>
     <span class='ocr_line' id='line_1_118' title="bbox 2067 5545 2544 5598; baseline 0 0"><span class='ocrx_word' id='word_1_775' title='bbox 2067 5547 2080 5598; x_wconf 84' lang='lat' dir='ltr'>t</span> <span class='ocrx_word' id='word_1_776' title='bbox 2126 5548 2142 5598; x_wconf 79' lang='lat' dir='ltr'>l</span> <span class='ocrx_word' id='word_1_777' title='bbox 2187 5545 2321 5598; x_wconf 68' lang='lat' dir='ltr'>Lee.</span> <span class='ocrx_word' id='word_1_778' title='bbox 2363 5547 2544 5598; x_wconf 28' lang='lat' dir='ltr'>n.35l</span> 
     </span>
    </p>
   </div>
   <div class='ocr_carea' id='block_1_118' title="bbox 2062 5545 2717 5617">
    <p class='ocr_par' dir='ltr' id='par_1_118' title="bbox 2062 5545 2717 5617">
     <span class='ocr_line' id='line_1_119' title="bbox 2062 5545 2717 5617; baseline 0.003 -19"><span class='ocrx_word' id='word_1_779' title='bbox 2062 5545 2142 5617; x_wconf 89' lang='lat' dir='ltr'>(h)</span> <span class='ocrx_word' id='word_1_780' title='bbox 2187 5545 2321 5616; x_wconf 88' lang='lat' dir='ltr'>Leg.</span> <span class='ocrx_word' id='word_1_781' title='bbox 2363 5558 2426 5598; x_wconf 93' lang='lat' dir='ltr'>n.</span> <span class='ocrx_word' id='word_1_782' title='bbox 2449 5547 2515 5599; x_wconf 80' lang='lat'>35</span> <span class='ocrx_word' id='word_1_783' title='bbox 2543 5546 2600 5602; x_wconf 87' lang='lat' dir='ltr'>et</span> <span class='ocrx_word' id='word_1_784' title='bbox 2627 5545 2717 5604; x_wconf 79' lang='grc'><strong>41.</strong></span> 
     </span>
    </p>
   </div>
  </div>
