4058 6192
414 276 515 331 122

1914 288 2279 346 ΡΒΒΕἏΤΙΟ

3712 290 3825 347 124

408 396 772 488 Regularum
795 403 1007 458 auctor
1030 406 1138 473 est,
1167 420 1309 462 cum
1338 410 1396 463 et
1422 407 1484 464 in
1512 408 1644 465 aliis
1681 410 1806 466 suis
1820 410 2054 485 scriptis
2087 417 2134 470 Α
2163 411 2549 473 inﬁciabitur.
2586 413 2863 472 Universe
2889 414 3009 471 dici
3033 417 3230 488 potest
3250 414 3514 485 Regulas
3538 414 3621 472 ita
3669 404 3823 472 con;

406 486 741 543 severitatis
776 505 897 546 non
922 493 1244 550 mediocris
1275 503 1673 556 monumenta
1718 504 1878 557 certa
1922 501 2052 556 reli-

407 575 623 646 querit:
655 579 1165 638 Constitutionum
1196 586 1713 657 autemlegitimus
1729 605 1947 662 parens
1969 596 2058 646 est

406 666 943 753 Eustathius,cum,
977 671 1027 726 si
1051 673 1199 745 quid
1228 674 1287 729 in
1317 676 1601 733 Asceticis
1634 680 1730 746 sit,
1761 681 1928 753 quod
1950 681 2076 738 Ba-'

408 751 521 808 silii
552 770 675 810 non
703 756 796 827 sit,
825 760 1171 833 ejusopifex
1203 778 1335 819 esse
1357 766 1436 821 ab
1448 768 1733 824 omnibus
1755 751 2052 841 credatur,

406 842 491 897 Ita
521 845 753 917 scripta
776 855 915 906 sunt
944 852 1203 923 Regula,
1236 858 1302 911 ut
1328 855 1557 913 refertae
1584 859 1701 915 sint
1731 861 2057 932 Scriptura-

405 944 542 1020 rum
564 935 945 1005 testimoniis;
977 938 1326 1016 idcircoque
1356 944 1632 1012 Basilius,
1662 948 1767 1020 qui
1818 948 1879 1004 in
1929 949 2054 1005 suis

401 1016 570 1074 libris
605 1038 811 1079 sacras
836 1026 1171 1099 Scripturas
1202 1034 1435 1103 passim
1479 1016 1721 1101 citabat,
1746 1038 2054 1109 putandus

402 1111 494 1163 est
514 1114 932 1183 composuisse
954 1118 1230 1188 Regulas,
1263 1136 1388 1177 non
1437 1128 1640 1179 autem
1660 1127 2053 1183 Constitutio-

399 1210 511 1251 nes
536 1197 617 1265 ,in
647 1201 870 1271 quibus
897 1204 1196 1275 ejusmodi
1223 1210 1563 1268 testimonia
1589 1229 1725 1270 raro
1754 1216 2056 1273 adhiben-

400 1288 517 1341 tur.
552 1288 705 1344 Nulli
730 1305 873 1361 ergo
903 1294 1089 1350 altero
1107 1297 1322 1353 rectius
1346 1301 1563 1357 ascribi
1603 1308 1799 1374 potest
1827 1306 2056 1362 Consti-

404 1374 704 1433 tutionum
733 1378 904 1450 liber,
932 1398 1121 1454 quam
1165 1388 1494 1459 Eustathio,
1537 1391 1633 1447 cui
1665 1393 1845 1449 tribui
1874 1394 2054 1452 debet

398 1463 759 1537 quidquidin
775 1471 1060 1528 Asceticis
1075 1475 1441 1533 Basilianam
1453 1480 1753 1538 scribendi
1763 1483 2051 1540 rationem

398 1566 525 1607 non
552 1555 728 1626 sapit.
765 1559 1075 1618 Familiare
1101 1568 1191 1619 est
1219 1568 1725 1626 Constitutionum
1753 1573 2048 1645 scriptori,

398 1655 539 1695 cum
600 1648 1010 1704 monasticum
1032 1651 1266 1709 vivendi
1296 1670 1486 1725 genus
1530 1659 1873 1729 signiﬁcare
1902 1663 2048 1730 vult,

2166 500 2421 573 scriptas
2451 518 2605 570 esse,
2630 509 2695 560 ut
2729 504 2863 577 ipsa
2885 504 3192 561 scribendi
3211 504 3364 561 ratio
3391 504 3595 560 Basilii
3631 505 3823 577 phra-

2166 590 2281 647 sim
2310 591 2485 663 plane
2513 593 2799 650 redoleat.
2831 596 3035 666 Neque
3080 592 3144 649 in
3173 593 3288 649 hoc
3319 593 3465 649 mihi
3496 592 3682 649 ﬁdem
3708 594 3821 649 ha-

2163 678 2293 735 beri
2320 681 2476 750 volo,
2510 682 2617 737 sed
2646 682 2815 752 gravi
2844 688 2901 739 et
2920 682 3153 738 erudito
3172 682 3443 754 scriptori
3475 683 3683 739 Photio
3713 684 3820 754 (Γ),

2162 769 2267 842 qui
2293 770 2355 826 in
2385 771 2625 840 Regulis
2652 771 2876 844 stylum
2906 772 3099 828 Basilii
3125 776 3183 828 et
3218 788 3472 828 manum
3494 773 3821 842 agnovisse

2164 875 2227 914 se
2247 864 2499 916 testatus
2535 864 2644 917 est.
2680 864 2829 917 Sunt
2878 866 3171 933 praeterea
3191 862 3255 917 in
3290 861 3525 931 Regulis
3554 861 3820 933 peculia-

2161 964 2258 1004 res
2278 950 2563 1022 queedam
2612 950 2891 1007 Basiliani
2949 951 3088 1023 styli
3138 956 3317 1018 notae,
3341 966 3497 1023 quas
3526 951 3631 1023 qui
3658 951 3821 1007 serio

2162 1038 2504 1103 attenderit,
2536 1055 2674 1095 eum
2688 1038 2962 1113 ipsarum
2983 1044 3293 1096 auctorem
3314 1056 3446 1095 esse
3471 1039 3644 1096 facile
3670 1039 3822 1096 fate-

2160 1127 2341 1183 bitur.
2376 1128 2578 1194 Qualis
2608 1135 2700 1185 est
2729 1130 2861 1185 haec
2900 1129 3145 1185 dicendi
3188 1129 3475 1200 formula,
3528 1145 3633 1201 ego
3664 1131 3817 1197 vidi,

2163 1222 2286 1283 aut,
2314 1234 2414 1288 ego
2435 1220 2579 1274 novi
2603 1236 2617 1275 :
2648 1234 2773 1292 qua
2800 1218 3174 1275 familiariter
3201 1218 3287 1274 uti
3343 1218 3590 1275 solitum
3650 1219 3820 1277 Basi-

2160 1305 2311 1362 lium
2334 1306 2760 1364 adnotavimus
2805 1309 2906 1379 (g).
2959 1307 3233 1364 Similiter
3253 1323 3364 1364 suo
3390 1307 3526 1364 loco
3580 1308 3823 1364 monui-

2164 1414 2298 1453 mus
2330 1398 2439 1471 (h).
2467 1400 2549 1454 Ba
2562 1398 2788 1468 silium,
2819 1414 2959 1454 cum
2976 1398 3050 1455 de
3083 1398 3289 1471 aliqua
3318 1413 3381 1453 re
3407 1398 3815 1467 disseruisset,

2160 1487 2275 1543 hac
2321 1487 2723 1543 concludendi
2760 1488 2998 1544 ratione
3044 1487 3309 1543 maxime
3366 1486 3669 1557 delectari,
3721 1493 3819 1541 καὶ

2159 1585 2327 1630 ταῦτα
2372 1580 2462 1651 μὶν
2505 1576 2589 1631 ἐπὶ
2633 1585 2901 1644 τοσοῦτον,
2952 1576 3068 1644 vel,
3100 1580 3165 1630 τὰ
3197 1580 3285 1648 μὲν
3336 1574 3422 1630 οὖν
3470 1582 3591 1650 περὶ
3630 1585 3821 1630 τοο-οῦ-

2159 1685 2266 1734 τον,
2299 1666 2393 1722 vel
2420 1666 2539 1723 alio
2569 1665 2746 1722 simili
2771 1666 2977 1722 modo.
3003 1669 3122 1722 Hoc
3134 1670 3337 1723 autem
3358 1666 3598 1722 dicendi
3622 1681 3818 1735 genus

396 1730 651 1827 vocibus
703 1740 805 1791 aut
836 1738 1131 1813 φιλοσοφία,
1165 1748 1268 1799 aut
1298 1745 1594 1820 φιλόσοφος,
1628 1755 1731 1805 aut
1758 1751 2038 1825 φιλοσοφεῖι

2159 1754 2221 1810 in
2252 1730 2491 1823 Begulis
2520 1769 2769 1826 quoque
2790 1758 3140 1827 usurpatur.
3178 1754 3350 1809 Haud
3397 1730 3688 1810 dissimile
3723 1758 3822 1811 est

513 1819 617 1891 (a):
640 1838 793 1895 quas
812 1830 1011 1884 tamen
1025 1845 1204 1887 voces
1228 1817 1498 1891 invenire
1508 1853 1629 1893 non
1642 1844 1732 1895 est
1754 1817 1917 1913 apud
1941 1817 2048 1898 Ba-

395 1905 596 1998 silium
620 1912 736 1968 hoc
759 1930 946 1973 sensu
974 1926 1278 1993 acceptas.
1294 1926 1419 1979 Non
1437 1927 1592 1982 male
1619 1905 2047 1998 igitur.Consti-

395 1996 2045 2092 tutionumliberadjudicabiturEustathio,qui,quodin

392 2087 672 2163 Asceticis
705 2107 740 2147 a
760 2093 1060 2152 Basiliano
1075 2100 1384 2158 scribendi
1405 2118 1622 2171 genere
1647 2087 1910 2164 alienum
1927 2115 2043 2178 est,

395 2188 508 2262 suo
537 2178 809 2247 quodam
830 2181 987 2251 jure,
1030 2200 1223 2259 eoque
1257 2190 1530 2262 antiquo,
1592 2194 1703 2249 sibi
1755 2195 2041 2255 vindicat.

392 2261 591 2320 Simile
620 2271 897 2343 estquod
928 2274 1219 2345 sequitur.
1257 2282 1321 2333 1n
1349 2261 1709 2339 memoriam
1740 2284 1923 2355 igitur
1949 2305 2041 2344 re-

392 2355 736 2411 vocandum
780 2361 947 2431 quod
1005 2364 1149 2430 dixi,
1207 2366 1466 2424 verbum
1518 2375 1784 2427 ποιεῐσθαι
1846 2374 1929 2432 ita
1978 2379 2039 2433 in

391 2442 930 2533 Constitutionibus
946 2452 1242 2524 adhiberi,
1271 2461 1333 2511 ut
1353 2456 1501 2531 ipsis
1532 2462 1895 2533 etiamlocis,
1935 2467 2041 2523 ubi

390 2531 662 2601 tempore
691 2538 934 2607 passivo
966 2542 1232 2613 ponitur,
1291 2550 1494 2603 tamen
1537 2531 2039 2620 signiﬁcationem

389 2621 651 2679 activam
708 2633 906 2685 servet
956 2630 1075 2700 (b):
1128 2634 1301 2701 cujus
1345 2636 1431 2692 rei
1487 2654 1597 2694 suo
1656 2639 1791 2696 loco
1848 2645 2038 2703 multa

386 2711 667 2783 exempla
714 2717 1098 2785 protulimus.
1144 2721 1244 2777 Hic
1313 2729 1517 2781 autem
1565 2728 1733 2784 verbi
1773 2733 2038 2784 ποιεῖσθαι

386 2813 533 2853 usus
566 2800 899 2861 Basilianus
928 2823 1053 2864 non
1079 2816 1187 2866 est:
1216 2814 1640 2872 Eustathianus
1681 2818 1881 2888 igitur,
1896 2836 2037 2877 cum

385 2888 779 2980 Eustathiana
835 2910 964 2951 esse
989 2896 1062 2953 ab
1083 2900 1368 2957 omnibus
1397 2903 1694 2980 dicantur,
1728 2924 1865 2980 quae
1914 2925 2036 2966 non

369 2974 685 3057 .Basdiana
712 2997 843 3039 esse
871 2992 1225 3045 noscuntur.
1544 2978 1551 2981 ’

2156 1843 2322 1916 quod
2337 1842 2663 1899 ascribam.
2699 1844 3067 1914 Scripturam
3096 1858 3335 1899 sacram
3349 1842 3688 1915 signiﬁcare
3716 1859 3821 1899 vo-

2154 1926 2286 1988 lens
2319 1932 2592 1999 Basilius,
2624 1933 2706 1989 ita
2753 1931 2991 1988 locutus
3016 1938 3103 1988 est
3140 1935 3229 2001 (ἰ),
3270 1930 3644 2006 παραδίδωσιν
3688 1936 3821 1995 ἴσως

2155 2024 2181 2075 ό
2210 2032 2306 2084 τῆς
2336 2022 2597 2085 εὐσεϐειας
2617 2022 2785 2093 λόγος,
2815 2023 3006 2078 tradit
3033 2024 3297 2092 fortasse
3326 2024 3569 2092 pietatis
3598 2038 3818 2081 sermo.

2152 2116 2239 2168 lta
2260 2118 2459 2168 autem
2490 2111 2659 2184 loqui
2689 2126 2938 2183 quoque
2963 2113 3331 2182 Begularum
3369 2116 3680 2168 auctorem
3735 2112 3820 2168 ad

2148 2201 2312 2256 idem
2369 2199 2841 2270 signiﬁcandum
2880 2205 3113 2256 constat
3147 2202 3246 2271 (j).
3304 2200 3557 2257 Basilius
3580 2200 3642 2257 in
3689 2200 3820 2257 suis

2147 2288 2316 2347 libris
2340 2303 2465 2344 non
2492 2304 2629 2344 raro
2657 2293 2866 2344 monet
2882 2289 3035 2345 alios
3059 2290 3413 2363 interpretes
3451 2290 3622 2347 aliter
3651 2307 3817 2362 quaa-

2148 2376 2292 2433 dam
2313 2377 2631 2449 Scriptura;
2660 2375 2797 2433 loca
2822 2377 3202 2449 interpretari
3226 2396 3239 2434 :
3270 2379 3439 2451 quod
3469 2380 3649 2436 etiam
3679 2380 3821 2436 fecit

2148 2467 2252 2538 qui
2284 2466 2540 2535 Regulas
2575 2467 2638 2522 in
2677 2465 2876 2521 lucem
2910 2466 3097 2524 edidit
3127 2468 3231 2538 (Ic).
3271 2471 3387 2525 Has
3416 2468 3660 2524 dicendi
3700 2467 3821 2525 for-

2147 2556 2368 2623 mulas,
2444 2559 2531 2608 τὸν
2607 2554 2894 2627 imprium
2970 2561 3063 2616 τὴν
3148 2562 3325 2617 κοινὴν
3404 2563 3813 2631 πεπιστευμένον

2147 2649 2196 2699 οἱ
2225 2650 2319 2704 τὴν
2346 2642 2570 2717 ὁδηγίαν
2600 2653 2700 2699 τῶν
2730 2644 2927 2697 πολλῶν
2956 2652 3376 2720 πεπιστευμένοι,
3431 2653 3487 2703 et
3531 2648 3813 2719 ejusdem

2146 2734 2382 2805 generis
2411 2734 2560 2790 alias
2585 2733 2807 2805 saepius
2835 2735 2897 2790 in
2928 2735 3188 2804 Regulis,
3223 2734 3479 2792 inveniri
3529 2737 3813 2810 aliquan-

2149 2828 2205 2879 to
2232 2828 2372 2879 ante
2398 2823 2607 2879 multis
2623 2823 2914 2897 exemplis
2943 2825 3179 2881 ostendi
3198 2827 3290 2896 (ι).
3320 2824 3549 2882 Eodem
3599 2831 3813 2883 autem

2143 2912 2245 2972 illo
2259 2913 2466 2969 inloco
2489 2918 2801 2970 ostensum
2815 2918 2922 2981 est,
2943 2915 3251 2983 Basilium,
3277 2931 3419 2972 cum
3435 2916 3810 2988 principium

2144 3002 2605 3059 Proverbiorum
2620 3002 2968 3075 explicaret,
2981 3020 3106 3060 non
3127 3004 3577 3061 aliterlocutum
3598 3006 3810 3066 fuisse.

452 3069 547 3167 46'.
564 3069 801 3170 Quanta
813 3073 1289 3170 sitantiquorum
1311 3081 1677 3155 scriptorum
1705 3088 2032 3145 auctoritas
2064 3117 2106 3170 ο
2146 3094 2228 3147 Ex
2250 3091 2470 3164 quibus
2490 3069 2773 3148 omnibus
2786 3069 3050 3165 perspici
3067 3095 3508 3165 potest,Basilio
3544 3095 3813 3151 tribuen-

383 3153 445 3210 in
475 3157 773 3250 ejusmodi
805 3164 1241 3233 quaestionibus
1273 3153 1912 3247 persolvendis,nemo,
1930 3178 2037 3250 qui

381 3243 635 3312 paulum
649 3249 833 3305 modo
846 3251 1171 3310 humanior
1182 3263 1290 3325 est,
1305 3257 1563 3328 ignorat.
1581 3263 1800 3320 Basilio
1831 3243 2033 3322 autem

381 3328 645 3419 Begulas
669 3338 1069 3411 antiquissimi
1093 3349 1147 3398 et
1165 3344 1618 3419 locupletissimi
1640 3357 1917 3410 auctores
1940 3354 2035 3410 tri-

378 3417 596 3512 buunt,
624 3426 895 3496 Ruﬁnus,
920 3433 1263 3504 Cassianus,
1283 3417 1611 3510 imperator
1637 3439 2031 3512 Justinianus,

384 3508 624 3601 Photius
648 3514 748 3588 (ο).
776 3519 1053 3590 Proinde,
1082 3540 1222 3581 cum
1252 3508 1419 3583 nulla
1446 3543 1632 3585 causa
1672 3531 1762 3601 sit,
1817 3548 1923 3587 cur
1952 3508 2031 3589 ab

376 3598 492 3691 hac
548 3604 882 3674 priscorum
912 3612 1275 3685 scriptorum
1306 3618 1591 3689 opinione
1619 3598 2028 3691 discedamus,

377 3690 635 3761 Regulas
657 3696 1234 3772 Basiliojadjudicari
1263 3723 1506 3779 aequum
1538 3714 1649 3767 est.
1678 3714 1826 3768 Cum
1850 3712 2031 3782 igitur

376 3782 520 3838 satis
546 3793 782 3845 constet
806 3806 879 3847 ex
906 3791 1082 3849 dictis
1112 3795 1213 3865 (di,
1243 3801 1310 3853 ut
1339 3798 1485 3855 mihi
1509 3800 2025 3872 quidemvidetur.

375 3873 741 3942 Regularum
764 3880 1121 3952 scriptorem
1150 3885 1336 3941 alium
1364 3903 1497 3944 esse
1518 3889 1597 3945 ab
1628 3906 1722 3961 eo,
1748 3890 1855 3964 qui
1882 3894 2030 3948 Cons

375 3961 753 4054 stitutionum
781 3968 1004 4026 librum
1034 3973 1239 4041 edidit,
1265 3991 1374 4031 nec
1405 3978 1660 4034 Basilius
1673 3961 1881 4036 ear—um
1895 3983 2026 4054 opi-

372 4053 470 4109 fex
498 4055 615 4112 dici
646 4060 854 4130 possit,
880 4062 985 4133 qui
1012 4063 1234 4120 scilicet
1277 4081 1348 4121 ex
1407 4072 1675 4124 veterum
1730 4053 2027 4129 sententia

373 4146 631 4213 Regulas
651 4149 990 4219 confecerit,
1022 4159 1178 4209 certe
1197 4154 1294 4210 hic
1341 4158 1841 4215 Constitutionum
1880 4161 2028 4218 liber

365 4232 501 4303 jure
548 4238 866 4295 ascribitur
908 4242 1236 4314 Eustatbio,
1275 4260 1459 4317 quem
1490 4263 1701 4303 omnes
1740 4248 1913 4307 facile
1943 4252 2027 4309 fa-

366 4326 568 4380 tentur
595 4332 903 4386 auctorem
934 4346 1062 4386 esse
1089 4347 1301 4389 eorum
1324 4336 2023 4413 Asceticorum,quorum

368 4412 622 4470 Basilius
672 4424 885 4473 auctor
930 4435 1053 4477 non
1077 4427 1184 4478 est.
1220 4424 1482 4494 Regulae,
1525 4426 1573 4482 si
1602 4444 1697 4484 res
1727 4412 1865 4501 ipsa
1891 4431 2024 4487 dili-

364 4506 574 4571 genter
618 4506 1053 4580 consideretur,
1112 4528 1268 4585 opus
1301 4520 1443 4572 sunt
1495 4515 1675 4588 longe
1704 4524 1761 4573 et
1788 4518 2025 4578 doctius

371 4595 429 4648 et
443 4592 782 4663 perfectius,
798 4612 986 4670 quam
1003 4602 1349 4659 monastic-ae
1366 4605 1851 4665 Constitutiones.
1874 4612 2024 4668 Cum

365 4694 509 4778 ergo
537 4698 610 4739 ex
640 4682 732 4778 bis
758 4685 1000 4778 duobus
1030 4692 1424 4763 operibus,ut
1454 4696 1671 4768 sapius
1697 4700 1905 4756 monui
1924 4703 2020 4778 (εξ)¹

362 4767 619 4828 alterum
650 4774 893 4842 Basilio,
934 4777 1192 4835 alterum
1234 4767 1555 4840 Eustathio
1575 4786 1793 4842 ascribi
1848 4767 2023 4860 opor;

362 4864 506 4930 teat,
535 4864 817 4921 convenit
844 4867 1243 4935 praestantiori
1269 4871 1503 4938 Basilio,
1528 4873 1710 4931 tribui
1739 4878 2019 4948 Regulas,

358 4964 498 5023 quae
528 4951 973 5024 praestantiores
1001 4961 1160 5012 sunt:
1180 4960 1484 5016 Eustathio
1496 4977 1641 5018 vero
1660 4963 1862 5020 minus
1874 4981 2022 5038 pra:-

362 5042 567 5114 stanti,
625 5044 994 5102 monasticas
1077 5049 1561 5116 Constitutiones,
1613 5069 1767 5125 quas
1814 5054 2018 5111 nullus

359 5127 573 5209 tequ'us
619 5150 820 5191 rerum
850 5135 1179 5193 mstimator
1228 5138 1427 5194 minus
1483 5147 1835 5212 praestantes
1883 5159 2017 5201 esse

429 5231 513 5300 (α)
553 5233 688 5300 Leg.
730 5247 792 5289 n.
835 5238 922 5290 57.

455 5301 512 5360 bl
547 5301 799 5360 Ibidem.

455 5374 510 5446 ε)
544 5374 681 5446 Leg.
722 5391 783 5430 n.
826 5379 914 5431 39.

428 5445 518 5522 (ei)
545 5445 695 5522 με.
734 5461 796 5503 n.
817 5449 907 5522 _34
931 5451 988 5504 et
1017 5463 1151 5522 seq.

454 5516 506 5585 ε)
545 5517 679 5585 Leg.
708 5532 771 5572 n.
804 5517 893 5573 4ο.

449 5589 500 5666 f)
541 5589 686 5649 Cod.
718 5603 861 5662 εχει,
895 5604 957 5669 p.
989 5590 1116 5655 493,

2056 4472 2101 4526 D

2143 3180 2255 3237 das
2282 3196 2410 3236 esse
2434 3180 2710 3251 Regulas,
2738 3182 2800 3237 in
2830 3182 3051 3253 quibus
3090 3183 3374 3240 Basiliani
3409 3185 3547 3256 styli
3591 3200 3813 3241 monu-

2144 3275 2348 3325 menta
2368 3269 2559 3325 multa
2590 3276 2851 3338 exstant,
2875 3286 2999 3327 non
3014 3276 3219 3328 autem
3252 3274 3624 3330 monasticas
3656 3279 3814 3331 (lon-

2142 3358 2500 3425 stitutiones,
2533 3359 2595 3414 in
2627 3359 2850 3432 quibus
2880 3375 2957 3415 ne
2983 3361 3302 3432 vestigium
3346 3362 3599 3434 quidem
3638 3363 3807 3420 illius

2141 3446 2331 3503 ullum
2385 3447 2706 3520 reperitur.
2777 3447 2894 3504 Sed
2942 3449 2991 3504 si
3044 3450 3283 3519 Regula;
3343 3451 3531 3508 semel
3583 3452 3804 3509 Basilio

2140 3535 2534 3598 ascribantur,
2561 3542 2841 3608 superest
2869 3541 2932 3593 ut
2948 3538 3295 3594 Eustathius
3309 3538 3388 3595 ob
3419 3555 3577 3610 eam,
3607 3556 3806 3613 quam

2141 3625 2359 3697 saepius
2371 3624 2613 3697 protuli,
2634 3640 2882 3682 causam
2898 3626 3407 3684 Constitutionum
3427 3632 3804 3687 monastica-

2137 3729 2272 3769 rum
2303 3719 2513 3770 auctor
2524 3730 2658 3771 esse
2669 3714 3220 3773 dicatur.Praaterea
3236 3723 3448 3774 notum
3460 3724 3551 3774 est
3579 3724 3635 3776 et
3656 3734 3728 3775 eo
3736 3735 3806 3776 n-

2138 3801 2689 3875 fessum,optimum
2707 3804 3063 3876 scriptorem
3075 3805 3357 3863 Basilium
3369 3812 3804 3877 argumentum

2137 3891 2302 3963 quod
2314 3892 2972 3964 semeldisquirendum
2994 3896 3379 3967 suscepisset,
3414 3897 3496 3953 ita
3513 3902 3800 3963 tractare,

2137 3984 2203 4035 ut
2226 3996 2540 4052 nunquam
2563 3981 2726 4036 aliud
2743 3986 3230 4056 agat,nunquam
3244 4000 3280 4040 a
3295 3986 3611 4058 proposito
3624 3986 3806 4043 aber-

2134 4074 2564 4142 ret,nunquam
2586 4070 2820 4127 omittat
2835 4071 3171 4145 quidquam
3191 4090 3399 4130 eorum
3413 4091 3550 4148 quin
3571 4075 3649 4131 ad
3664 4091 3801 4133 rem

2132 4158 2492 4230 pertineant.
2526 4160 2611 4216 Ita
2641 4165 2843 4217 autem
2872 4162 3132 4234 scriptus
3170 4168 3261 4219 est
3288 4164 3802 4223 Constitutionum

2132 4246 2303 4312 liber,
2345 4253 2410 4304 ut
2431 4248 2561 4319 ejus
2591 4254 2803 4306 auctor
2831 4249 2997 4307 aliud
3020 4252 3226 4322 egerit,
3255 4252 3803 4326 aberraveritquea

2132 4337 2467 4410 proposito,
2492 4354 2602 4394 nec
2619 4339 2960 4412 quidquam
2972 4340 3187 4397 dixerit
3198 4358 3407 4397 eorum
3420 4343 3645 4415 quaead
3657 4359 3798 4402 rem

2132 4427 2513 4499 pertinerent.
2541 4431 2608 4484 Et
2646 4443 2783 4484 vero
2826 4429 2943 4484 nisi
2985 4430 3290 4487 docuisset
3310 4431 3441 4504 ipse
3469 4436 3624 4504 (cap.
3672 4437 3795 4507 t8),

2134 4517 2445 4589 scripsisse
2461 4533 2522 4573 se
2534 4517 2795 4590 primam
2826 4519 2917 4573 sui
2945 4518 3144 4590 operis
3164 4526 3395 4591 partem
3410 4520 3488 4578 ad
3503 4522 3747 4579 anacho
3759 4554 3791 4568 -

2130 4612 2289 4662 retas
2312 4606 2736 4674 instituendos,
2759 4606 2821 4662 id
2850 4622 3102 4678 prorsus
3130 4611 3572 4679 ignoraremus.
3615 4615 3793 4677 Quas-

2131 4711 2367 4769 cunque
2384 4696 2545 4752 enim
2570 4695 2632 4750 in
2663 4696 2860 4767 prima
2877 4697 3465 4756 illamonasticarum
3492 4703 3798 4760 Constitu-

2129 4786 2363 4842 tionum
2396 4790 2568 4857 parte
2614 4784 2912 4856 leguntur,
2943 4786 3060 4844 hoc
3084 4794 3177 4845 est
3202 4789 3263 4844 in
3300 4790 3509 4861 primis
3538 4791 3793 4848 totisse-

2129 4873 2493 4948 ptemdecim
2507 4874 2906 4946 capitibus,ea
2921 4892 3047 4932 non
3060 4878 3255 4947 magis
3277 4878 3355 4934 ad
3378 4880 3789 4939 anachoretas

2130 4969 2422 5037 spectant,
2437 4965 2715 5037 quamad
2728 4965 3083 5023 cmnobitas:
3100 4966 3223 5023 imo
3252 4983 3394 5024 vero
3417 4969 3589 5041 plura
3616 4978 3786 5040 sunt,

2126 5071 2262 5128 quae
2291 5053 2368 5110 ad
2388 5053 2755 5110 Christianos
2767 5070 2977 5112 omnes
2996 5055 3202 5112 referri
3230 5059 3621 5128 possunt.Cui
3633 5076 3789 5131 ergo

2124 5143 2478 5217 persuaderi
2506 5144 2743 5215 poterit,
2775 5144 3242 5219 Basilium,quia
3259 5149 3574 5221 proposito
3602 5150 3791 5209 decli-

2216 5242 2279 5312 g)
2321 5243 2455 5311 Leg.
2490 5256 2553 5298 n.
2579 5245 2646 5297 29
2678 5246 2735 5299 et
2754 5246 2843 5298 L2.

2212 5314 2270 5385 h)
2314 5315 2455 5383 Leg.
2490 5313 2778 5371 eumdem
2816 5330 2875 5372 n.
2904 5317 2995 5371 42.

2191 5386 2257 5457 (ε)
2300 5385 2553 5457 ibidem.

2188 5456 2255 5526 (1')
2298 5456 2549 5512 ibidem.

2185 5528 2265 5600 (ιε)
2294 5527 2555 5600 ibidem.

2188 5601 2249 5679 (ι)
2289 5599 2538 5663 Ibidem.
