4058 6192
167 255 260 306 125
859 317 864 319 _
1678 257 2061 315 PRAEFATIO.
3491 267 3590 322 126

157 388 300 429 nare
328 388 461 430 non
487 375 745 443 solebat,
768 381 1072 448 ejusmodi
1095 381 1234 439 libri
1253 384 1645 442 architectum
1669 399 1819 452 esse,

1940 387 2083 447 νότις
2100 388 2357 458 μετέσχον
2377 387 2756 463 παραπλησίως
2774 408 2945 460 εκεινῳ
2965 395 3056 441 τοῦ
3076 387 3471 456 πάθους.ραοά
3489 405 3593 446 au-

157 463 214 518 in
254 479 384 536 quo
432 465 591 521 nihil
633 469 951 541 proprium
996 473 1297 528 invenitur
1325 490 1534 530 eorum
1565 490 1828 547 quorum

155 554 345 624 gratia
377 557 772 629 conscriptus
810 559 1000 617 fuisse
1025 561 1245 618 dicitur
1264 565 1291 619 ?
1320 564 1508 630 Certe,
1530 548 1830 636 quantum

155 660 263 713 ego
291 661 600 715 auguror,
636 649 688 704 si
719 651 969 706 Basilius
998 659 1208 710 auctor
1243 659 1407 711 esset
1456 654 1830 712 Constitutio-

154 748 294 789 num
339 737 864 807 monasticarum,
911 742 1164 812 monita,
1210 743 1484 812 consilia,
1527 749 1830 815 praecepta

151 822 338 880 multa
369 826 757 899 tradidisset,
791 830 1016 902 quibus
1064 833 1447 889 anachoreta:
1486 833 1708 906 partim
1748 832 1829 888 ad

148 913 427 984 proprias
449 916 506 985 ej
519 931 592 972 us
613 921 810 973 status
829 919 1078 976 virtutes
1100 921 1466 979 excolendas
1504 922 1829 978 excitaren-

148 1007 256 1070 tur,
288 1004 536 1074 partim
563 1006 1069 1078 admonerentur,
1093 1015 1160 1066 ut
1179 1011 1364 1083 hujus
1393 1012 1646 1068 instituti
1677 1011 1830 1084 peri-

147 1089 294 1158 cula,
350 1107 506 1163 quas
553 1109 792 1164 magna
833 1101 892 1153 et
938 1098 1130 1156 multa
1158 1104 1300 1156 sunt
1326 1100 1580 1156 vitarent
1611 1116 1624 1155 :
1657 1099 1828 1171 quod

146 1197 272 1235 cum
294 1181 546 1239 factum
568 1200 700 1240 non
720 1187 816 1255 sit,
838 1187 979 1243 inde
995 1188 1193 1260 colligi
1209 1188 1406 1259 debet,
1421 1189 1584 1245 hunc
1601 1188 1826 1244 librum

147 1269 313 1325 tribui
343 1286 484 1326 non
520 1287 710 1345 posse
742 1275 981 1345 Basilio,
1010 1277 1116 1349 qui
1139 1277 1216 1333 de
1243 1293 1610 1351 quacunque
1629 1293 1692 1333 re
1711 1277 1828 1333 dis-

142 1358 375 1415 serebat
399 1360 910 1433 diligentissime,
944 1367 1048 1421 sed
1073 1365 1243 1424 alteri
1289 1368 1542 1435 auctori,
1566 1366 1672 1440 qui
1702 1373 1829 1423 tan-

139 1452 250 1504 tam
281 1449 694 1520 diligenth
723 1454 786 1509 in
812 1456 1132 1512 scribendo
1152 1471 1280 1513 non
1320 1457 1608 1530 ponebat.
1657 1461 1826 1513 Recte

137 1552 270 1608 ergo
289 1539 671 1611 fecerimus,
702 1544 752 1598 si
779 1544 1245 1601 Constitutiones
1297 1547 1670 1603 monasticas
1719 1549 1826 1600 Eu-

138 1627 354 1684 stathio
413 1629 893 1702 adjudicemus,
957 1634 1386 1709 imitemurque
1438 1635 1824 1692 doctissimos

1942 477 2055 528 tem
2075 488 2142 529 ea
2161 490 2292 546 quae
2324 477 2553 533 Adamo
2578 478 2743 534 dicta
2771 483 2932 542 sunt,
2957 477 3120 534 dicta
3148 481 3268 534 sint
3321 479 3593 534 omnibus

1941 576 2016 618 ex
2037 578 2101 618 eo
2122 565 2417 631 oriundus,
2451 567 2593 622 hinc
2621 567 3001 636 perspicuum
3025 572 3129 622 est.
3151 567 3388 623 Etenim
3418 569 3593 624 illum

1938 652 2175 722 quidem
2192 655 2375 708 morti
2401 655 2638 711 addixit
2671 657 2848 721 Deus,
2873 675 2901 704 «
2939 657 3124 711 Terra
3163 671 3241 724 es,
3279 661 3335 712 et
3366 657 3430 711 in
3475 663 3590 713 ter-

1940 755 2069 795 ram
2089 743 2404 797 reverteris
2431 744 2502 813 “,
2533 760 2564 796 ›
2591 744 2791 799 dicens
2817 759 2830 797 :
2861 743 2966 798 sed
2985 757 3184 799 omnes
3207 749 3496 815 quotquot
3516 745 3592 800 ab

1937 843 2002 884 eo
2037 831 2327 899 originem
2358 831 2604 901 duxere,
2634 847 2753 887 non
2783 845 2949 888 secus
2979 846 3052 887 ac
3070 833 3194 901 ipse
3224 832 3405 902 hujus
3427 834 3594 890 cala-

1936 919 2164 975 mitatis
2201 923 2522 989 participes
2558 922 2862 978 exstitere.
2899 923 3046 977 Cum
3086 921 3202 977 hoc
3234 922 3406 993 legis,
3450 924 3592 980 hinc

1931 1010 2317 1078 perspicuum
2345 1016 2452 1079 est,
2480 1010 2690 1065 credas
2709 1025 3058 1066 sermonem
3077 1010 3291 1066 haberi
3306 1011 3381 1067 de
3408 1027 3470 1066 re
3491 1012 3594 1069 ali-

1937 1111 2080 1168 qua,
2105 1113 2242 1169 quin
2268 1099 2434 1170 prius
2451 1099 2750 1170 explicata
2776 1099 2884 1155 sit:
2906 1099 3013 1155 sed
3034 1115 3210 1155 secus
3228 1104 3339 1156 est.
3359 1101 3591 1157 Etenim

1934 1185 2103 1256 quod
2121 1186 2220 1242 hic
2238 1188 2630 1259 perspicuum
2651 1203 2783 1244 esse
2803 1188 3042 1255 dicitur,
3063 1189 3125 1244 id
3146 1189 3262 1245 tale
3282 1205 3413 1245 esse
3452 1205 3594 1261 pos-

1935 1277 2030 1330 tea
2045 1275 2358 1347 probatur.
2377 1281 2600 1333 Auctor
2612 1277 2800 1350 paulo
2815 1277 3077 1350 peritior,
3100 1282 3162 1334 ut
3179 1277 3324 1333 mihi
3340 1277 3591 1350 quidem

1934 1364 2188 1432 videtur,
2211 1369 2315 1421 aut
2336 1381 2545 1422 vocem
2572 1366 2816 1433 ἐντεῦθεν,
2845 1382 2982 1438 quae
3003 1367 3119 1422 hoc
3141 1366 3278 1422 loco
3299 1367 3458 1423 male
3487 1383 3592 1423 au-

1935 1453 2112 1522 ditur,
2139 1453 2461 1526 omisisset,
2499 1454 2709 1527 sicque
2737 1455 2880 1510 satis
2900 1459 3038 1527 apte
3064 1458 3273 1511 omnia
3295 1471 3590 1512 consona-

1933 1548 2084 1612 rent,
2112 1548 2170 1600 et
2189 1543 2272 1600 ita
2296 1544 2677 1617 interpretari
2707 1545 2929 1613 liceret,
2957 1547 3120 1613 Quod
3148 1552 3348 1602 autem
3369 1559 3436 1601 ea
3461 1560 3592 1618 qua

1933 1632 1981 1688 A
1992 1633 2167 1690 damo
2183 1634 2348 1690 dicta
2363 1634 2504 1700 sint,
2535 1635 2698 1691 dicta
2709 1636 2828 1690 sint
2841 1636 3113 1690 omnibus
3130 1649 3204 1691 ex
3218 1650 3281 1690 eo
3295 1635 3588 1699 oriundis,

134 1732 412 1790 quosque
456 1720 758 1776 omnium
789 1727 1035 1779 aetatum
1080 1724 1378 1794 homines,
1410 1725 1536 1797 qui,
1579 1725 1628 1780 si
1675 1723 1824 1797 quid
1851 1766 1898 1821 Β
1928 1725 2313 1793 perspicuum
2335 1729 2440 1780 est.
2459 1725 2616 1780 Nam
2632 1725 2806 1781 illum
2828 1725 3228 1797 quidem,etc.;
3252 1729 3356 1780 aut
3377 1724 3430 1780 si
3451 1739 3592 1780 voce

134 1811 426 1876 putarunt
461 1809 684 1866 Basilii
711 1826 840 1867 non
877 1829 1013 1869 esse
1039 1813 1102 1869 in
1128 1814 1424 1883 Asceticis,
1445 1815 1508 1870 id
1537 1815 1823 1888 episcopo

135 1897 480 1955 Sebasteno
516 1901 750 1956 ascribi
787 1907 1063 1974 oportere
1092 1905 1580 1976 pronuntiarunt.

1934 1811 2158 1865 ἐντεῦθεν
2179 1812 2264 1867 uti
2277 1812 2475 1884 vellet,
2483 1812 2670 1868 verba
2692 1813 2846 1869 inter
2858 1828 2920 1867 se
2937 1817 3291 1869 connectere
3302 1811 3590 1882 debebat,

1930 1901 2048 1958 hoc
2076 1902 2283 1961 modo.
2309 1900 2532 1954 ἐντεῦθεν
2562 1898 2738 1968 δῆλον,
2774 1906 2855 1953 ὁτι
2878 1905 2964 1953 τὸν
2994 1904 3230 1970 θάνατον,
3263 1905 3410 1971 etc.,
3450 1902 3592 1958 hinc

193 1991 281 2042 47.
317 1989 504 2045 Libet
532 1990 659 2047 alia
683 1992 972 2064 quaedam
1000 1992 1136 2049 loca
1163 2009 1524 2066 proponere,
1547 1993 1823 2067 equibus
1926 1992 2314 2061 perspicuum
2345 1997 2449 2056 est,
2491 1991 2651 2062 quod
2707 1991 2883 2046 illum
2933 1991 3190 2062 quidem,
3243 1995 3356 2047 etc.
3409 1994 3590 2047 Inter-

131 2079 389 2152 quisque
427 2081 625 2138 facile
654 2082 953 2153 intelligat
989 2084 1280 2141 Basilium
1314 2087 1822 2143 Constitutionum

133 2171 638 2227 monasticarum
689 2180 998 2230 auctorem
1061 2191 1197 2232 vere
1262 2176 1380 2232 dici
1434 2192 1559 2232 non
1614 2194 1820 2250 posse.

135 2260 393 2317 Primum
429 2261 785 2334 excribam,
820 2264 987 2336 quod
1016 2264 1076 2320 in
1116 2266 1373 2337 praemio
1402 2266 1620 2336 legitur
1653 2270 1818 2341 (pag.

138 2352 248 2408 533)
280 2367 296 2404 :
327 2356 630 2424 Πρὸφασις
685 2357 776 2425 μὲν
823 2350 930 2425 οὖν,
980 2357 1047 2416 ὡς
1087 2356 1152 2406 τὰ
1177 2355 1360 2420 πολλὰ,
1392 2364 1502 2418 τοῖς
1532 2355 1822 2432 ἀνθρώποις

138 2447 220 2501 τῆς
265 2446 392 2514 περὶ
435 2444 542 2504 τὰς
588 2447 852 2516 κοσμικὰς
901 2443 1179 2516 ἐπιθυμίας
1220 2465 1275 2498 τε
1321 2451 1410 2498 καὶ
1467 2444 1682 2515 ἡδονὰς,
1732 2448 1822 2501 καὶ

143 2527 454 2602 ξρωτίὸας,
522 2533 550 2582 ὁ
602 2534 798 2604 γάμος·
847 2537 965 2586 οὔτε
1005 2537 1105 2608 γὰρ
1150 2543 1246 2595 τῆς
1278 2543 1370 2587 τοῦ
1430 2535 1602 2597 θήλεος
1649 2536 1826 2590 ἐπιθυ-

139 2622 250 2686 μίας
287 2615 589 2693 ἀνδράσιν,
641 2624 670 2678 ἦ
716 2621 926 2690 γυναιξὶ
973 2631 1066 2685 τῆς
1109 2631 1199 2675 τοῦ
1266 2625 1496 2699 ἄρρενος,
1545 2622 1823 2700 σφοδροτέ-

137 2727 226 2780 ραν
267 2714 365 2760 καὶ
415 2708 738 2781 βιαιοτέραν
781 2710 924 2783 εὖροι
970 2731 1050 2774 τις
1098 2712 1158 2764 ἄν
1207 2711 1500 2785 ἐγκειμένην
1557 2722 1620 2786 τῇ
1672 2717 1824 2786 φύσει

138 2805 222 2847 τσῦ
267 2804 550 2868 σώματος·
603 2803 693 2850 καί
740 2799 880 2871 μάλα
929 2819 988 2872 γε
1043 2800 1277 2867 εἰκότως,
1324 2799 1408 2853 οἶα
1451 2799 1518 2860 δὴ
1564 2821 1682 2875 περι
1728 2807 1823 2861 τὴν

140 2894 230 2936 τῶν
269 2887 509 2957 ἐκγόνων
562 2885 864 2960 βλάστησιν
934 2893 1290 2944 συνίστασθαι
1345 2898 1651 2962 πεφυκυῖαν,
1694 2896 1819 2948 'etc.

142 2971 518 3040 Conjugium
535 2978 763 3038 autem,
789 2979 856 3028 ut
872 2975 1228 3043 plurimum,
1254 2990 1444 3031 causa
1467 2981 1550 3030 est
1573 2975 1823 3032 homini-

145 3058 237 3114 bus
255 3066 314 3116 et
331 3062 580 3117 occasio
602 3063 951 3131 cupiditatis
962 3063 1152 3129 illius,
1171 3079 1307 3135 quae
1317 3065 1478 3120 circa
1491 3065 1821 3134 voluptates

146 3147 494 3202 mundanas
522 3161 598 3202 ac
629 3162 811 3203 curas
832 3153 1114 3204 versatur
1143 3166 1156 3204 :
1187 3163 1378 3220 neque
1404 3149 1560 3205 enim
1590 3150 1819 3218 cupidi.

147 3238 226 3287 tas
250 3235 415 3300 ulla,
450 3249 589 3306 quae
609 3241 848 3292 natura:
894 3238 1159 3306 corporis
1215 3238 1400 3293 insita
1436 3238 1512 3293 sit
1552 3252 1817 3307 unquam

147 3327 398 3391 reperiri
411 3330 618 3394 potest
645 3326 1052 3383 vehementior
1071 3327 1429 3398 violentiorq
1441 3342 1534 3395 ue,
1550 3342 1728 3399 quam
1749 3342 1818 3384 ea

147 3420 241 3478 est,
272 3429 400 3485 qua
431 3416 556 3470 viri
579 3415 861 3484 feminas,
883 3421 988 3470 aut
1008 3415 1252 3484 feminae
1289 3429 1485 3472 mares
1525 3421 1819 3486 appetunt

146 3503 316 3573 idque
339 3519 468 3560 non
497 3505 743 3573 mirum,
769 3519 904 3560 cum
931 3505 1064 3573 ipsa
1089 3509 1304 3574 suapte
1318 3510 1545 3561 natura
1576 3506 1658 3560 ad
1681 3505 1819 3561 libe-

149 3607 352 3648 rorum
380 3597 865 3662 procreationem
892 3595 1120 3657 tendat,
1145 3599 1256 3651 etc.
1280 3593 1455 3662 Quid,
1481 3609 1708 3665 quaso,
1734 3597 1816 3650 at-

149 3682 376 3738 tinebat
402 3683 751 3740 monachos
781 3683 1194 3741 instituturum
1226 3683 1311 3740 ita
1342 3683 1632 3756 praefari?
1664 3685 1818 3741 Basi-

148 3770 309 3835 lium,
345 3789 495 3829 meo
523 3772 775 3844 quidem
795 3773 1046 3845 judicio,
1088 3773 1230 3831 talia
1278 3773 1538 3830 scribere
1567 3773 1820 3845 puduis-

148 3866 248 3917 set.
277 3869 512 3919 Auctor
536 3863 739 3936 primo
768 3863 962 3935 capite
990 3863 1073 3920 ita
1099 3863 1367 3936 loquitur
1385 3878 1408 3918 ,ο
1434 3866 1527 3916 Aid
1555 3882 1636 3915 τοι
1663 3871 1816 3916 τοῦτο

147 3961 232 4004 καὶ
259 3952 736 4027 ἑνιςνθρώπησεν...
773 3955 855 4006 ἵνα
883 3957 1018 4006 κατὰ
1049 3950 1272 4026 δύναμιν
1301 3952 1520 4014 ἕκαστος
1547 3958 1637 4006 καὶ
1667 3953 1816 4006 ἑκάσ-

147 4060 204 4098 τις
227 4043 474 4116 ἐρῶντες,
494 4041 810 4114 ζηλώσωμεν
830 4047 889 4096 τὸ
905 4042 1225 4118 ἀρχέτυπον.
1246 4043 1628 4111 Quapropter
1638 4043 1816 4098 etiam

145 4142 434 4190 naturam
460 4133 795 4189 humanam
817 4135 1231 4203 assumpsit,...
1250 4139 1316 4188 ut
1337 4132 1746 4203 unusquisque
1760 4137 1815 4188 et

147 4237 524 4295 unaquaeque
543 4222 629 4278 ad
656 4223 722 4278 id
747 4223 1146 4292 respicientes,
1194 4238 1306 4291 pro
1337 4221 1562 4278 viribus
1605 4221 1812 4277 arche-

150 4319 349 4381 typum
372 4319 434 4368 et
465 4312 785 4379 exemplar
812 4313 1209 4368 imitaremur.
1243 4309 1392 4365 lllud
1414 4314 1640 4379 autem,
1663 4309 1816 4362 ἕκασ-

153 4420 228 4462 τςς
249 4411 342 4454 καὶ
375 4403 606 4459 ἑκάστη.
627 4399 996 4457 Basilianum
1016 4415 1136 4455 non
1159 4404 1267 4456 est.
1294 4399 1412 4455 Etsi
1433 4398 1594 4455 enim
1614 4403 1815 4455 orator

1929 2095 2070 2153 pres
2097 2085 2292 2147 vetus,
2325 2095 2464 2135 cum
2495 2079 2724 2135 videret
2744 2079 2933 2136 verba
2954 2083 3156 2137 Graeca
3175 2095 3298 2136 non
3324 2079 3478 2136 belle
3505 2079 3594 2135 in-

1933 2173 2019 2225 ter
2045 2183 2110 2224 se
2135 2168 2457 2236 cohaerere,
2489 2168 2571 2224 ita
2589 2173 2868 2236 verterat,
2890 2169 3067 2241 quasi
3085 2168 3285 2241 reipsa
3309 2169 3391 2225 ita
3413 2168 3591 2238 legis-

1932 2261 2044 2325 set,
2075 2262 2140 2312 ut
2159 2257 2336 2312 scribi
2366 2256 2654 2314 debuisse
2683 2257 2830 2315 dixi.
2863 2257 2956 2314 Sic
2980 2258 3140 2314 enim
3164 2257 3590 2330 interpretatus

1930 2345 2143 2402 fuerat.
2171 2346 2340 2412 Quod
2359 2351 2557 2402 autem
2579 2362 2709 2418 quae
2731 2347 2881 2404 Adae
2901 2348 3068 2403 dicta
3089 2353 3215 2402 tum
3231 2347 3488 2417 fuerint,
3518 2361 3589 2402 ea

1930 2435 2200 2492 omnibus
2227 2439 2402 2492 etiam
2425 2435 2588 2491 dicta
2612 2436 2734 2491 sint
2762 2440 2866 2506 qui
2885 2436 2961 2492 ab
2983 2451 3046 2492 eo
3076 2442 3199 2492 sint
3225 2436 3490 2504 oriundi,
3513 2450 3589 2492 ex

1932 2525 2038 2582 hoc
2074 2526 2305 2598 liquido
2342 2527 2605 2596 perspici
2629 2531 2844 2594 potest,
2872 2527 3034 2597 quod
3064 2541 3197 2582 cum
3225 2527 3425 2593 illum,
3473 2528 3584 2580 etc.

1930 2617 2136 2687 Neque
2161 2630 2303 2670 vero
2334 2629 2473 2684 vox,
2518 2614 2741 2675 dicens,
2775 2614 3073 2669 concinne
3101 2613 3299 2669 locata
3332 2616 3421 2666 est
3481 2612 3582 2683 (α),

1929 2720 2128 2777 neque
2150 2704 2362 2760 merito
2408 2703 2573 2760 credi
2598 2707 2793 2775 potest
2823 2702 3072 2759 Basilius
3120 2702 3236 2758 hac
3269 2701 3588 2774 Scripturas

1927 2793 2184 2850 citandas
2207 2793 2467 2850 formula
2495 2809 2644 2848 usus
2673 2792 2857 2849 fuisse
2890 2811 2902 2848 :
2937 2793 3043 2866 qui
3070 2792 3312 2860 scilicet,
3353 2796 3420 2847 ut
3455 2792 3588 2862 jam

1929 2883 2028 2941 alii
2055 2889 2356 2956 notarunt,
2386 2899 2542 2940 unus
2567 2883 2844 2940 omnium
2866 2883 3180 2955 aptissime
3201 2898 3336 2938 eam
3358 2882 3583 2939 citaret.

1929 2978 2014 3030 lta
2037 2989 2247 3029 rursus
2278 2973 2471 3045 capite
2501 2973 2740 3028 decimo
2771 2973 2942 3028 tertio
2975 2972 3266 3044 scriptum
3289 2970 3590 3027 invenitur

1927 3063 2095 3135 (pag.
2135 3065 2280 3128 558),
2311 3068 2430 3113 Ὀτι
2479 3056 2538 3113 δὲ
2579 3065 2808 3121 καὶτοῖς
2848 3065 3142 3134 πραότητος
3174 3058 3588 3132 ἐπιμελουμένοις

1927 3155 2109 3225 πρέπει
2139 3155 2168 3208 ἡ
2194 3153 2432 3222 εὔκαιρος
2459 3147 2833 3220 ἀχανάκτησις,
2869 3144 3028 3207 δῆλον
3075 3149 3317 3200 ἐντεῦθεν.
3354 3151 3456 3200 Καὶ
3483 3148 3583 3219 γὰρ

1927 3248 2128 3302 Μωσῆς
2177 3243 2474 3312 πραότατος
2524 3240 2729 3291 πάντων
2754 3238 3035 3312 ἀνθρώπων
3064 3239 3438 3312 μαρτυρηθεὶς,
3471 3239 3581 3292 etc.

1930 3330 2100 3399 Quod
2125 3336 2327 3387 autem
2353 3334 2405 3385 et
2433 3343 2526 3385 eos
2558 3329 2663 3400 qui
2707 3328 3226 3384 mansuetudinem
3275 3327 3583 3395 excolunt,

1926 3420 2133 3476 deceat
2170 3423 2513 3487 Opportuna
2565 3418 2930 3487 indignatio,
2977 3416 3115 3472 hinc
3157 3421 3345 3486 patet.
3396 3415 3585 3472 Moses

1927 3509 2079 3565 enim
2107 3510 2213 3580 qui
2237 3505 2548 3562 hominum
2574 3507 2838 3561 omnium
2859 3506 3379 3561 mansuetissimus
3394 3505 3616 3573 fuisse‘

1923 3596 2295 3667 perhibetur,
2328 3599 2439 3651 etc.
2472 3595 2586 3662 Sic,
2615 3601 2679 3650 ut
2695 3595 2824 3664 jam
2846 3595 3066 3661 notavi,
3089 3593 3259 3665 loqui
3280 3593 3474 3665 potuit
3493 3593 3584 3649 vir

1927 3686 2249 3743 indisertus
2315 3683 2726 3750 Eusthathius,
2771 3697 2892 3739 non
2949 3682 3224 3751 Basilius,
3272 3685 3582 3738 oratorum

1926 3775 2483 3849 praestantissimus.
2530 3772 2812 3829 Nonnihil
2867 3777 2980 3844 est,
3029 3773 3199 3846 quod
3237 3775 3448 3830 auctor
3507 3771 3583 3828 de

1927 3867 2001 3923 Pa
2012 3867 2114 3922 ulo
2127 3864 2397 3938 apostolo
2412 3863 2746 3931 locuturus,
2764 3863 2848 3919 ita
2862 3863 3102 3935 scripsit
3119 3867 3278 3935 (pag.
3298 3862 3420 3932 545)
3443 3879 3456 3918 :
3479 3867 3582 3916 Καὶ

1926 3959 2112 4010 τούτου
2145 3955 2577 4018 ἀξιοπιστότατόν
2605 3973 2690 4006 σοι
2717 3953 3007 4027 παρέξομαι
3035 3955 3280 4026 μάρτυρα
3307 3956 3395 4006 τόν
3434 3952 3583 4023 ἅγιον

1927 4048 2150 4104 Παῦλον.
2182 4047 2380 4117 Atque
2407 4046 2594 4116 hujus
2621 4045 2712 4101 rei
2761 4049 2964 4100 testem
2999 4044 3118 4112 ﬁde
3163 4042 3580 4114 dignissimum

1928 4139 2036 4194 tibi
2062 4137 2382 4205 adducam,
2411 4142 2682 4192 sanctum
2722 4134 3010 4190 Paulum.
3045 4133 3160 4188 Etsi
3215 4131 3376 4188 enim
3427 4130 3582 4187 Basi-

1924 4226 2062 4297 lius,
2112 4229 2178 4282 ut
2218 4226 2348 4297 jam
2380 4223 2524 4281 alibi
2554 4224 2786 4279 'monui
2826 4222 2924 4294 (ὁ),
2969 4220 3300 4294 saepissime
3332 4219 3582 4276 Paulum

1925 4315 2269 4389 apostolum
2291 4313 2590 4383 nominat,
2622 4326 2927 4385 nusquam
2952 4315 3172 4381 tamen,
3197 4309 3364 4383 quod
3393 4309 3580 4365 sciam

1926 4406 2191 4478 epitheto
2237 4403 2363 4472 illo,
2411 4403 2560 4474 ἅγιος
2618 4401 2829 4458 utitur.
2871 4403 2938 4456 Et
2980 4400 3277 4472 quoniam
3307 4399 3436 4471 ejus
3466 4398 3584 4455 loci

149 4495 414 4563 ορυωυε
446 4491 659 4548 nullus
691 4491 1031 4548 admOdUm
1050 4490 1198 4548 10018
1225 4506 1368 4547 V008
1392 4490 1610 4552 ἕκαστος
1635 4490 1816 4546 utitur
1853 4467 1895 4520 θ
1929 4467 2295 4552 mentionem
2320 4467 2466 4564 feci,
2483 4490 2792 4548 adnotabo
2811 4489 2986 4563 quasi
2998 4467 3376 4562 praeteriens,
3397 4489 3584 4560 negli-

152 4597 461 4655 nusquam
505 4587 737 4646 tamen,
776 4581 826 4636 si
863 4579 1018 4636 bene
1057 4579 1330 4649 memini,
1363 4595 1575 4635 vocem
1620 4579 1812 4637 ἐκαστη

152 4672 376 4728 addidit
397 4692 415 4740 ;
446 4672 510 4726 in
532 4687 662 4742 quo
683 4670 1214 4742 praestantissimos
1230 4669 1554 4740 scriptores
1572 4671 1816 4723 secutus

152 4772 248 4833 est,
275 4766 388 4838 qui
423 4777 647 4817 vocem
671 4761 886 4827 ἑκάστη,
942 4775 1077 4832 quae
1105 4759 1284 4832 plane
1312 4758 1635 4826 redundat,
1681 4751 1818 4815 voci

157 4853 358 4916 ἕκαστος
383 4854 657 4924 jungere
685 4865 810 4906 non
841 4849 1061 4905 solent.
1101 4852 1185 4905 Ita
1215 4848 1529 4921 aliquanto
1555 4853 1694 4920 post
1731 4848 1816 4904 1e-

155 4945 296 5012 gitur
325 4946 501 5012 (cap.
528 4944 586 5004 4,
618 4955 682 4995 n.
719 4944 767 5008 1)
786 4941 864 4992 Τὰ
894 4935 954 4991 δί
977 4943 1104 5012 πρὸς
1133 4942 1222 4991 τὸν
1255 4934 1429 5010 Ἀδὰμ
1448 4940 1711 5011 εἰρημένα,
1736 4938 1817 4992 ὅτι

155 5041 268 5085 πᾶσι
291 5042 411 5095 τοίς
434 5032 491 5094 ἐξ
521 5031 675 5083 αὐτοι
701 5033 1083 5102 γεγενημένοις
1109 5030 1333 5102 εἴρηται,
1368 5026 1526 5087 δῆλον
1567 5028 1810 5081 ἐντεῦθεν.

161 5130 244 5176 ιιι
268 5131 376 5199 γὰρ
408 5128 501 5175 τὸν
536 5123 758 5174 θάνατον
789 5121 950 5192 ὥρισε
978 5123 1066 5192 μὲν
1099 5123 1226 5182 Θεὸς
1257 5119 1373 5172 κατ’
1400 5117 1610 5184 ἐκείνου,
1644 5125 1713 5176 Γη
1746 5115 1810 5186 εἴ,

160 5222 234 5266 καὶ
257 5219 326 5277 ιίς
349 5222 460 5286 γῆν
489 5211 780 5285 ἀπελεύσῃ,
808 5212 987 5263 εἰπών·
1012 5212 1197 5272 πάντες
1223 5205 1285 5262 δὲ
1311 5209 1362 5262 οἰ
1391 5208 1444 5273 ἐξ
1472 5209 1632 5261 αὐτοῦ
1657 5227 1812 5280 γεγο-

225 5399 266 5428 “
294 5396 514 5451 Genes.
551 5407 634 5464 ru,
673 5393 760 5447 19'.

231 5573 295 5627 ia)
331 5574 623 5629 Erasmus
650 5570 713 5627 in
755 5565 931 5643 praef.
966 5565 1103 5623 edit.
1131 5563 1308 5631 Basil.

1927 4585 2191 4654 gentiam
2210 4581 2548 4656 quamdam
2572 4581 2633 4636 in
2654 4581 2750 4650 iis,
2771 4595 2909 4653 quae
2932 4579 3126 4650 retuli,
3150 4578 3353 4635 verbis
3371 4577 3585 4650 depre-

1925 4672 2130 4740 hendi,
2164 4687 2321 4744 quin,
2365 4669 2905 4742 quantulacunque
2961 4671 3072 4736 est,
3120 4665 3583 4736 diligentissimo

1926 4761 2206 4834 scriptori
2236 4759 2448 4815 Basilio
2478 4758 2657 4815 tribui
2678 4757 2845 4814 nullo
2875 4756 3062 4814 modo
3083 4757 3457 4829 potest.Cum
3476 4754 3584 4824 igi-

1927 4858 2022 4909 tur
2050 4856 2261 4908 auctor
2292 4849 2659 4922 scripsisset,
2690 4848 2981 4922 παρέξομαι
3010 4850 3253 4922 μάρτυρα
3301 4847 3387 4896 τὸν
3434 4844 3582 4914 ἅγιον

1927 4941 2148 5007 Παῦλον,
2180 4944 2537 5014 prosecutus
2568 4943 2659 4994 est
2686 4938 2801 4993 hoc
2829 4937 3037 5006 modo,
3089 4940 3160 4994 πὴ
3211 4935 3301 5006 μὶν
3344 4933 3576 5004 λέγοντα·

1925 5036 2206 5104 expectas
2237 5030 2386 5086 dum
2417 5029 2580 5085 dicat
2603 5033 2673 5086 πὴ
2727 5025 2805 5092 δέ,
2839 5027 2946 5083 sed
2972 5025 3216 5081 frustra.
3260 5021 3370 5078 Ubi
3417 5020 3580 5076 enim

1923 5125 1995 5179 πὸ
2020 5117 2080 5174 δέ
2109 5120 2399 5192 scriptum
2451 5117 2721 5174 invenire
2749 5115 3086 5177 debuisses,
3139 5112 3395 5181 hujusce
3433 5123 3580 5166 auc-

1924 5211 2072 5268 toris
2126 5212 2281 5283 (cap.
2337 5209 2428 5276 20,
2480 5223 2543 5264 n.
2601 5207 2653 5278 3)
2682 5203 3062 5275 indiligentia
3113 5201 3338 5268 factum
3371 5203 3483 5274 est,
3513 5202 3582 5267 ut

1989 5564 2064 5636 (b)
2099 5561 2262 5619 Praef.
2306 5563 2453 5618 tom.
2477 5560 2520 5628 l,
2549 5573 2614 5628 n.
2653 5562 2740 5628 69ι
