4058 6192
523 280 626 334 127

2040 281 2422 338 PRAEFATIO.

3830 283 3927 336 l28

518 403 807 475 scriptum
851 404 1142 478 invenias,
1204 407 1415 480 ἑτέρωθι
1460 403 1518 460 δὲ
1543 406 1714 461 πάλιν.
1745 408 1894 462 Cum
1925 405 2070 462 alibi
2101 407 2182 462 ita
2208 409 2256 462 Α
2292 421 2588 478 opusesse
2603 404 3029 476 cognovissent
3043 404 3451 478 hominis,qui
3467 409 3534 461 ut
3552 403 3778 460 Arianis
3796 419 3930 460 con-

515 509 675 564 lego,
733 497 984 568 σύντομον
1031 502 1125 555 τὴν
1171 496 1448 570 ἀπόκρισιν
1492 496 1835 570 παρεξόμεθα,
1870 496 1951 548 ὃτι
1992 496 2017 547 ὁ
2051 499 2182 557 θεῖος

517 583 852 650 Ἀπόστο).ος,
883 589 1019 652 etc.,
1051 587 1273 642 Paucis
1301 587 1808 656 respondebimus,
1843 587 1954 641 hoc
2011 601 2047 642 a
2093 586 2179 640 di-

519 674 656 729 vino
694 675 999 742 Apostolo,
1024 681 1161 742 etc.,
1190 691 1314 732 non
1345 691 1600 748 possum
1631 677 1778 748 quin
1817 691 2025 731 rursus
2065 691 2175 730 no-

519 766 638 818 tem
664 762 822 818 hanc
842 779 1074 832 vocem,
1110 767 1260 833 θεῖος,
1287 765 1432 821 mihi
1463 766 1650 821 videri
1680 766 1738 820 in
1763 765 2039 836 genuinis
2065 768 2174 821 Ba-

521 851 634 906 silii
662 852 948 923 operibus
977 853 1326 910 inusitatam
1357 871 1507 911 esse.
1537 859 1651 912 Nec
1675 856 1994 926 indignum
2016 854 2174 910 arbi-

519 943 642 994 tror
667 941 836 1011 quod
860 947 1118 1006 notetur,
1151 943 1372 1000 multas
1421 961 1600 1001 voces
1647 945 1708 1000 in
1761 966 1835 1017 μα
1883 943 2168 1000 cadentes

519 1043 643 1084 non
671 1044 809 1083 raro
826 1029 886 1084 in
910 1031 1411 1088 Constitutionum
1430 1033 1582 1088 libro
1602 1033 1883 1106 usurpari
1907 1052 1919 1089 :
1944 1031 2167 1104 quibus

519 1123 732 1174 auctor
756 1134 878 1174 non
909 1136 1128 1192 parum
1177 1122 1506 1179 delectatus
1537 1139 1671 1180 esse
1728 1124 1877 1180 mihi
1913 1123 2165 1178 videtur.

520 1208 832 1278 Ejusmodi
860 1213 1002 1265 sunt
1039 1211 1338 1268 vocabula
1368 1213 1518 1283 haec,
1553 1210 1892 1286 σπούδασμα,
1925 1212 2164 1285 ἄσκημα,

521 1295 839 1372 ἐμπὸρευμα,
874 1301 1232 1373 θησαύρισμα,
1263 1300 1526 1375 ἀτόπημα,
1556 1303 1779 1374 quibus
1831 1309 2034 1358 tamen
2066 1317 2169 1357 V0-

520 1386 691 1443 cibus
719 1403 844 1443 non
882 1389 1054 1445 video
1099 1391 1383 1447 Basilium
1431 1391 1683 1448 libenter
1730 1393 1832 1448 uti.
1883 1391 2169 1449 Animad-

519 1476 666 1531 verti
694 1478 873 1532 etiam
904 1477 1016 1534 has
1062 1495 1240 1535 voces
1284 1479 1643 1548 ἐσπουδακὼς,
1695 1479 2006 1549 ἐσπούδακε,
2054 1480 2167 1535 διε-

525 1558 812 1625 σπούὸακε,
839 1579 976 1634 quae
1016 1565 1324 1621 rarissime
1350 1567 1516 1638 apud
1549 1569 1832 1623 Basilium
1862 1568 2166 1637 leguntur,

521 1649 849 1721 saepissime
868 1652 930 1706 in
947 1655 1295 1711 monasticis
1317 1657 1852 1713 Constitutionibus
1871 1658 2167 1729 usurpari.

519 1738 784 1810 Denique
803 1741 1078 1798 universe
1095 1743 1318 1814 dicam,
1336 1745 1383 1800 si
1401 1747 1905 1803 Constitutionum
1924 1747 2073 1804 liber
2091 1748 2170 1804 ad

522 1827 812 1884 Basilium
844 1830 1185 1902 pertineret,
1217 1833 1364 1903 fore,
1389 1839 1454 1889 ut
1481 1834 1541 1888 in
1575 1851 1645 1890 eo
1677 1834 1928 1906 aliquod
1958 1834 2171 1891 saltem

521 1917 878 1989 eloquentiae
913 1921 1225 1978 Basilianis
1256 1928 1436 1995 atque
1473 1925 1826 1981 eruditionis
1853 1925 2173 1994 vestigium

519 2011 795 2062 exstaret.
813 2007 1064 2064 Basilius
1087 2011 1248 2067 enim
1276 2013 1370 2068 vel
1388 2013 1609 2070 invitus
1624 2013 1880 2071 facunde
1907 2019 1964 2070 et
1988 2013 2176 2086 perite

524 2095 842 2152 scribebat.
881 2099 1050 2155 Tales
1079 2105 1282 2156 autem
1334 2117 1458 2158 non
1515 2119 1653 2159 esse
1711 2104 2176 2160 Constitutiones

524 2189 916 2256 monasticas,
950 2189 1039 2245 vel
1070 2208 1136 2246 ex
1162 2206 1234 2248 eo
1266 2192 1395 2248 solo
1415 2193 1782 2262 intelligitur.
1808 2194 1975 2266 quod
1996 2209 2177 2250 nemo

523 2285 661 2332 ante
693 2279 1121 2335 Combeﬁsium
1170 2297 1366 2354 neque
1416 2283 1494 2338 ob
1533 2283 1943 2355 eloquentiam
1981 2299 2179 2356 neque

522 2366 602 2421 ob
621 2367 1022 2424 eruditionem
1041 2385 1144 2425 eas
1162 2370 1518 2428 laudaverit.
1545 2372 1672 2428 Imo
1689 2389 1763 2428 ne
1785 2374 1911 2444 ipse
1933 2373 2180 2445 quidem

525 2455 922 2513 Combeﬁsius
947 2474 1209 2530 usquam
1230 2461 1396 2532 ipsas
1415 2461 1688 2518 laudavit
1705 2461 1784 2518 ob
1805 2462 2177 2518 facundiam.

527 2547 669 2612 Quis
701 2553 900 2603 autem
923 2553 1138 2621 printer
1159 2551 1584 2608 Combefisium
1608 2551 1779 2608 facile
1803 2552 1911 2607 sibi
1932 2569 2179 2625 persua-

525 2635 688 2694 debit
709 2638 1010 2694 eruditum
1034 2655 1163 2695 esse
1186 2641 1480 2712 ejusmodi
1503 2657 1677 2714 opus,
1702 2659 1774 2698 ex
1795 2658 1917 2714 quo
1939 2641 2176 2711 eruditi,

527 2741 664 2780 cum
697 2732 800 2782 aut
829 2727 904 2782 de
945 2730 1238 2796 moribus,
1270 2736 1374 2786 aut
1394 2731 1468 2786 de
1490 2731 1620 2786 aliis
1647 2731 1963 2804 quibusvis
1993 2732 2175 2786 rebus

529 2813 876 2882 scriberent,
910 2817 1056 2872 nihil
1080 2834 1351 2890 unquam
1373 2820 1448 2875 ad
1472 2820 1866 2876 illustrandas
1884 2837 2025 2876 suas
2046 2836 2173 2875 sen-

525 2904 742 2958 tentias
766 2919 1142 2976 exeerpsere.
1179 2910 1245 2963 Et
1279 2913 1346 2964 ut
1373 2909 1649 2981 exemplo
1704 2910 1909 2982 aliquo
1957 2910 2177 2966 conﬁr-

526 2995 724 3045 metur
741 2993 906 3062 quod
923 2993 1076 3064 dico,
1096 2995 1275 3050 velim
1292 2995 1526 3067 legatur
1545 2999 1833 3054 eximium
1853 2997 2000 3054 illud
2021 3014 2178 3070 opus

525 3079 693 3151 quod
716 3080 901 3138 homo
922 3082 1196 3140 doctrina
1215 3091 1510 3157 praestans
1531 3089 1819 3144 Mattheus
1841 3088 2179 3145 Petitdidier

524 3168 818 3224 adversus
856 3171 1078 3228 multos
1111 3173 1388 3230 Ludovici
1417 3176 1632 3247 llupini
1657 3193 1889 3234 errores
1920 3177 2179 3234 conscr‘-

525 3255 647 3324 psit
674 3255 769 3324 (a).
806 3257 953 3311 Cum
990 3257 1171 3326 igitur
1196 3259 1267 3324 is,
1299 3275 1484 3330 quem
1517 3262 1661 3325 dixi,
1711 3263 1800 3318 vir
1843 3259 2174 3317 eruditissi-

525 3358 664 3398 mus
715 3343 939 3399 multas
1000 3345 1189 3401 Basilii
1238 3349 1566 3404 sententias
1601 3351 1752 3407 scitu
1775 3351 2173 3420 dignissimas

526 3436 780 3496 notaret,
814 3439 878 3488 ut
904 3438 1122 3491 caetera
1153 3436 1347 3493 Basilii
1376 3437 1618 3509 scripta,
1649 3439 1733 3496 ita
1782 3439 2046 3510 genuina
2083 3439 2175 3510 ip-

527 3520 652 3576 sius
673 3521 943 3578 Ascetica
972 3524 1192 3596 saepius
1215 3526 1439 3596 citavit,
1469 3544 1812 3584 sermonem
1839 3531 1924 3584 De
1952 3529 2176 3596 iudicio

526 3609 662 3674 Dei,
693 3609 937 3666 brevem
967 3616 1286 3669 tractatum
1313 3616 1401 3672 De
1417 3616 1797 3674 abdicatione
1825 3632 2048 3685 rerum,
2073 3617 2180 3672 Re-

529 3701 704 3771 gulas
731 3705 855 3758 tam
886 3703 1239 3775 prolixiores
1263 3721 1449 3777 quam
1481 3706 1791 3764 breviores
1827 3727 1839 3776 ;
1874 3714 1931 3764 et
1976 3713 2179 3764 tamen

527 3791 612 3848 ibi
641 3792 716 3848 de
748 3793 1099 3849 monasticis
1121 3795 1664 3854 Constitutionibus
1686 3814 1935 3870 prorsus
1955 3799 2177 3855 siletur.

599 3879 733 3936 47δὶε
755 3919 768 3934 .
799 3880 977 3936 Aliud
998 3888 1425 3952 argumentum
1455 3901 1794 3959 proponere
1820 3887 1988 3943 libet.
2026 3888 2182 3944 Rufi-

527 3984 645 4027 nus
661 3986 798 4026 cum
820 3970 1075 4040 [tegulas
1092 3971 1518 4042 interpretatus
1532 3981 1707 4043 esset,
1727 3992 1956 4048 easque
1978 3977 2182 4034 Urseio

529 4059 739 4117 abbati
764 4059 1042 4116 dedicare
1075 4062 1396 4128 statuisset,
1430 4065 1512 4119 ita
1537 4081 1675 4120 eum
1699 4066 1760 4120 in
1815 4082 1928 4121 sua
1973 4067 2181 4138 praefa-

529 4150 690 4207 tione
706 4151 1031 4222 alloquitur
1059 4152 1158 4220 (b):
1201 4153 1312 4207 Tui
1339 4168 1484 4209 sane
1502 4155 1578 4210 sit
1605 4155 1812 4224 ofﬁcii,
1837 4156 2015 4210 etiam
2039 4156 2180 4211 aliis

529 4243 906 4298 monasteriis
924 4244 1294 4312 exemplaria
1312 4243 1614 4311 praebere:
1634 4250 1698 4299 ut
1718 4245 2042 4300 secundum
2065 4247 2181 4301 ins-

531 4339 633 4389 tar
655 4333 1069 4402 Cappadociae,
1103 4333 1303 4388 omnia
1334 4335 1701 4390 monasteria
1728 4334 1941 4391 eisdem
1974 4341 2028 4390 et
2059 4351 2178 4391 non

529 4424 778 4480 diversis
796 4425 888 4479 vel
905 4425 1196 4478 institutis
1209 4425 1301 4480 vel
1321 4423 1828 4480 observationibus
1849 4427 2072 4480 vivant.
2101 4427 2179 4480 Ex
2215 4414 2255 4466 D

529 4511 753 4584 quibus
777 4517 942 4583 patet
959 4511 1197 4567 illorum
1216 4517 1555 4584 temporum
1579 4513 1914 4569 monachos
1939 4513 1998 4568 in
2027 4517 2178 4586 Cap-

530 4599 792 4674 padocia
813 4599 1034 4669 regulis
1065 4616 1210 4656 usos
1240 4601 1426 4657 fuisse
1451 4601 1530 4657 ad
1551 4619 1725 4658 suam
1748 4602 2180 4659 instituendam

529 4689 736 4746 vitam.
763 4692 913 4745 Nam
939 4689 1212 4746 instituta
1248 4690 1347 4746 illa
1389 4690 1984 4763 observationesque,
2033 4707 2181 4764 qua-

530 4796 667 4836 rum
689 4796 760 4836 eo
788 4779 923 4836 loco
948 4780 1171 4836 mentio
1194 4780 1280 4849 ﬁt,
1304 4779 1452 4836 nihil
1473 4779 1637 4836 aliud
1659 4796 1788 4836 esse
1811 4797 1996 4853 quam
2019 4782 2184 4854 ipsas

533 4869 813 4940 Regulas,
846 4885 919 4924 ex
950 4885 1040 4939 ea,
1067 4884 1255 4941 quam
1287 4885 1429 4924 mox
1449 4869 1718 4937 laudavi,
1751 4869 1948 4925 Ruﬁni
1972 4871 2184 4942 praefa-

532 4959 694 5017 tione
710 4964 960 5018 constat.
979 4959 1296 5025 Quomodo
1313 4965 1517 5015 autem
1533 4975 1760 5030 quasso,
1788 4958 2184 5031 Cappadociae

535 5050 815 5123 adeoque
835 5050 1025 5122 ipsius
1047 5049 1319 5104 dioecesis
1341 5049 1728 5104 Caesariensis
1749 5048 2032 5104 monachi
2057 5048 2188 5120 ipsa

535 5141 734 5197 Basilii
752 5145 924 5197 tetate
944 5138 1186 5210 regulas
1206 5139 1319 5194 sibi
1339 5137 1682 5212 sequendas
1704 5137 2185 5210 proposuissent,

537 5229 591 5285 si
628 5246 837 5287 earum
878 5235 1087 5287 auctor
1156 5229 1364 5286 fuisset
1428 5227 1768 5285 Eustathius
1805 5228 1832 5282 ?
1871 5227 2189 5293 Quomodo

536 5335 660 5380 non
677 5322 876 5394 potius
893 5321 1164 5378 detestati
1177 5321 1430 5378 fuissent
1443 5321 1492 5393 ej
1505 5320 1747 5377 usmodi
1761 5319 2019 5392 regulas,
2034 5335 2191 5392 quas

608 5501 689 5566 (a)
729 5500 965 5572 Tom.__ll
1019 5513 1160 5572 pag.
1194 5501 1296 5554 502
1321 5503 1379 5556 et
1397 5513 1525 5572 seq.

611 5571 680 5632 (ὁ)
713 5568 857 5652 ϐοᾷ.
883 5568 1094 5644 Regii.
1124 5585 1183 5648 p.
1215 5574 1283 5626 97

2283 496 2707 566 junctissimus
2731 502 2788 552 et
2808 495 3237 563 amicissimus,
3259 495 3341 550 ita
3363 495 3574 551 Basilio
3603 493 3930 550 infensissi-

2284 601 2422 640 mus
2435 603 2504 642 ac
2519 585 2970 642 inimicissimus
2989 586 3156 640 erat?
3171 587 3462 640 Futurum
3480 584 3662 639 fuisse
3679 583 3930 638 arbitror

2283 687 2417 744 ego,
2442 680 2506 731 ut
2543 674 2829 732 monachi
2865 674 2970 739 illi,
3009 674 3115 746 qui
3157 673 3532 728 Eustathium
3570 673 3786 728 ducem
3824 673 3928 727 lia-

2277 761 2570 828 buissent,
2618 781 2759 820 cum
2797 763 2860 819 in
2899 762 3126 818 caeteris
3164 761 3563 834 Cappadocia:
3599 761 3763 827 locis,
3802 765 3928 816 tum

2277 853 2540 909 maxime
2568 854 2629 908 in
2651 853 2895 909 dioecesi
2917 851 3266 908 Caesariensi
3301 850 3605 923 lapidibus
3643 866 3678 906 a
3708 851 3929 922 populo

2275 940 2474 998 obruti
2492 942 2768 999 fuissent.
2792 944 3004 998 Fateor
3021 941 3269 1013 quidem
3290 940 3439 996 nihil
3460 944 3678 1006 vetare,
3701 938 3932 1010 quomi-

2273 1045 2389 1085 nus
2408 1031 2774 1094 Eustathius,
2802 1031 3112 1104 quietipse
3133 1029 3577 1086 monachorum
3597 1028 3782 1084 vitam
3804 1027 3931 1082 imi-

2275 1119 2518 1176 tabatur
2537 1136 2773 1192 paucos
2794 1120 3094 1192 quosdam
3117 1135 3148 1174 e
3167 1117 3482 1190 discipulis
3505 1117 3630 1172 suis
3659 1116 3935 1172 habuerit

2273 1210 2627 1266 monasticae
2643 1207 3121 1281 vitaeisocios,qui
3141 1207 3221 1263 ob
3243 1207 3590 1262 simulatam
3604 1211 3662 1262 et
3682 1205 3860 1261 ﬁdem
3875 1208 3933 1261 et

2273 1295 2557 1365 pietatem
2580 1294 2877 1367 populum
2900 1293 3068 1349 initio
3091 1292 3409 1348 fefellerint
3425 1309 3436 1346 :
3455 1291 3561 1347 sed
3584 1291 3662 1347 ab
3685 1306 3754 1346 eo
3775 1290 3934 1346 insti-

2275 1387 2468 1439 tutum
2491 1383 2674 1440 fuisse
2696 1386 2756 1439 in
2771 1382 3161 1456 Cappadocia
3180 1381 3620 1438 monachorum
3645 1381 3932 1449 ordinem,

2275 1473 2682 1546 eumdemque
2704 1473 2931 1528 ibidem
2952 1487 3368 1544 perseverasse
3391 1471 3659 1543 potuisse
3680 1474 3814 1542 post
3833 1485 3934 1523 co-

2277 1563 2506 1632 gnitam
2547 1563 2734 1618 semel
2775 1561 3066 1618 Eustathii
3104 1561 3166 1616 in
3204 1561 3326 1616 ﬁde
3365 1560 3938 1624 inconstantiam,et

2276 1657 2412 1724 post
2432 1657 2703 1724 apertam
2725 1651 2882 1707 illius
2903 1667 2938 1706 a
2958 1649 3173 1707 Basilio
3188 1648 3634 1716 alienationem,
3655 1646 3935 1702 credibile

2277 1756 2399 1796 non
2428 1742 2681 1804 videtur.
2716 1743 2828 1798 Par
2866 1746 2954 1796 est
2981 1741 3163 1811 igitur
3193 1739 3458 1809 regulas,
3490 1737 3737 1810 quibus,
3787 1742 3934 1793 teste

2277 1833 2514 1901 Ruﬁno,
2539 1831 2822 1887 monachi
2850 1832 2910 1886 in
2939 1829 3328 1902 Cappadocia
3355 1831 3728 1898 regerentur,
3759 1822 3934 1882 tribui

2277 1937 2399 1978 non
2426 1921 2751 1990 Eustathio,
2787 1919 2894 1975 sed
2925 1919 3141 1974 Basilio
3173 1937 3186 1974 :
3219 1933 3482 1989 quarum
3503 1917 3551 1972 si
3576 1916 3824 1972 Basilius
3847 1931 3935 1970 se-

2279 2009 2398 2066 mel
2420 2009 2619 2082 opifex
2641 2009 2882 2077 dicitur,
2933 2007 3438 2064 Constitutionum
3467 2005 3939 2062 monasticarum

2279 2115 2501 2172 parens
2525 2098 2778 2153 dicinon
2801 2101 3018 2170 potest,
3042 2113 3180 2152 cum
3206 2101 3268 2151 ut
3288 2112 3358 2150 ex
3382 2094 3555 2150 dictis
3571 2093 3932 2164 satisliquet,

2280 2188 2596 2259 utriusque
2617 2187 2816 2258 operis
2839 2201 2964 2240 non
2984 2185 3146 2241 idem
3169 2183 3423 2255 scriptor
3445 2184 3540 2240 sit.
3564 2185 3749 2238 Nemo
3793 2195 3936 2249 ergo

2282 2277 2489 2332 mirari
2510 2275 2706 2345 debet,
2733 2276 2783 2330 si
2806 2273 3313 2331 Conslitutionum
3335 2272 3561 2327 librum
3607 2270 3942 2325 tribuamus

2283 2365 2612 2432 Eustathio,
2636 2380 2773 2420 eum
2797 2363 2943 2419 nihil
2973 2362 3314 2432 fecerimus,
3357 2362 3523 2433 quod
3552 2375 3676 2416 non
3697 2358 3942 2414 fecerint

2283 2455 2502 2518 eteteri,
2519 2455 2623 2526 qui
2642 2453 2947 2509 Eustathio
2969 2468 3214 2526 quoque
3230 2447 3940 2523 ascripseruntquidquid

2283 2544 2346 2600 in
2369 2545 2650 2599 Asceticis
2671 2559 2792 2598 non
2817 2543 3182 2598 Basilianum
3204 2557 3338 2598 esse
3373 2540 3487 2596 sibi
3508 2537 3839 2594 videbatur.

2355 2635 2444 2688 48.
2471 2632 2686 2688 Ultimo
2705 2631 2841 2688 loco
2861 2630 3204 2687 Combeﬁsii
3234 2634 3593 2700 argumento
3615 2631 3824 2682 contra
3853 2626 3942 2697 ip.

2285 2739 2421 2779 sum
2443 2723 2872 2780 Combelisium
2899 2727 3049 2777 utar.
3077 2721 3361 2791 Virigitur
3381 2718 3937 2784 doetissimus,cum

2284 2812 2542 2884 probare
2583 2811 2776 2881 vellet,
2801 2812 3083 2867 Basilium
3101 2809 3463 2880 Regularum
3485 2812 3791 2864 auctorem
3812 2821 3938 2861 non

2284 2917 2436 2967 esse,
2453 2902 2533 2957 ita
2545 2901 2935 2957 ratiocinatus
2946 2905 3038 2956 est
3051 2917 3064 2955 :
3079 2904 3300 2955 Auctor
3317 2897 3656 2954 libellorum
3678 2901 3758 2951 De
3769 2895 3938 2964 judi-

2285 2991 2376 3046 cio
2396 2991 2506 3046 Dei
2541 2991 2703 3046 etDe
2719 2990 2858 3058 ﬁde,
2880 2989 3042 3044 idem
3065 2993 3172 3056 est,
3203 2988 3309 3059 qui
3335 2985 3720 3056 Begularum.
3755 2987 3804 3038 ls
3835 2998 3940 3038 au-

2208 3056 2246 3113 C
2285 3086 2406 3136 tem
2427 3079 2531 3152 qui
2548 3056 2816 3136 libellum
2832 3056 2909 3136 De
2917 3079 3030 3148 ﬁde
3048 3056 3422 3150 conscripsit,
3437 3092 3643 3133 vocem
3659 3077 3936 3147 ὁμοούσιος

2283 3169 2344 3225 in
2367 3186 2478 3225 sua
2498 3169 2639 3224 ﬁdei
2661 3169 3088 3241 explanatione
3127 3167 3204 3222 de
3240 3166 3542 3222 industria
3578 3164 3829 3227 reticuit,
3871 3169 3937 3218 ut

2282 3259 2590 3314 mitiorum
2609 3258 3228 3328 Arianorumgratiam
3251 3257 3362 3313 sibi
3373 3255 3743 3312 conciliaret:
3767 3251 3939 3324 quod

2284 3347 2589 3404 silentium
2613 3364 2752 3403 cum
2775 3347 2990 3402 cadere
3013 3363 3137 3403 non
3158 3346 3348 3418 possit
3370 3346 3432 3401 in
3487 3343 3791 3410 Basilium,
3831 3340 3940 3413 qui

2284 3437 2928 3494 consubstantialitatis
2954 3442 3012 3492 et
3041 3437 3225 3492 fidem
3257 3441 3314 3492 et
3340 3451 3554 3491 vocem
3577 3447 3815 3504 semper
3835 3447 3940 3503 pa-

2283 3529 2409 3587 lam
2430 3528 2715 3595 defendit,
2739 3544 2990 3584 necesse
3012 3532 3105 3583 est
3124 3532 3188 3582 ut
3227 3526 3405 3582 cadat
3427 3526 3486 3581 in
3537 3522 3912 3580 Eustathium
3927 3563 3941 3586 ,

2287 3619 2551 3694 quicum
2572 3619 3034 3676 Macedonianus
3065 3612 3414 3686 esset,'voce
3432 3615 3536 3671 illa
3553 3617 3831 3687 ὁμοούσιος
3853 3612 3944 3667 uti

2287 3712 2626 3766 recusabat.
2663 3711 2834 3778 Ergo,
2873 3708 3068 3780 inquit
3111 3706 3183 3772 is,
3233 3722 3415 3778 quem
3448 3703 3632 3760 modo
3667 3702 3812 3769 dixi,
3853 3701 3944 3756 vir

2291 3799 2751 3866 eruditissimus,
2769 3797 3032 3854 dubitari
3051 3796 3266 3851 merito
3285 3810 3407 3850 non
3426 3798 3641 3866 potest,
3662 3792 3810 3864 quin
3831 3794 3946 3846 Eu-

2291 3889 2544 3946 stathius
2566 3893 2629 3943 ut
2647 3886 2986 3942 libellorum
3007 3889 3092 3943 De
3102 3886 3337 3956 judicio
3357 3884 3469 3940 Dei
3488 3889 3543 3939 et
3564 3885 3647 3939 De
3681 3881 3821 3950 ﬁde,
3857 3880 3945 3936 ita

2291 3978 2653 4048 Regularum
2675 3993 2919 4050 quoque
2943 3977 3246 4046 legitimus
3269 3991 3491 4048 parens
3533 3975 3630 4028 sit.
3666 3975 3788 4042 Ego
3828 3985 3944 4025 au-

2289 4073 2409 4122 tem
2428 4067 2600 4122 facile
2620 4066 2867 4139 quidem
2889 4067 3142 4132 fatebor,
3165 4081 3305 4120 eum
3327 4064 3429 4137 qui
3449 4061 3705 4119 libellos.
3721 4063 3808 4116 De
3833 4062 3942 4130 ju-

2289 4157 2443 4212 dicio
2463 4158 2574 4212 Dei
2591 4161 2646 4211 et
2665 4158 2750 4212 De
2765 4156 2883 4224 ﬁde
2899 4155 3240 4227 composuit
3259 4156 3359 4224 (1:),
3374 4153 3562 4208 alium
3576 4166 3698 4207 non
3716 4165 3848 4205 esse
3861 4149 3946 4204 ab

2289 4259 2362 4300 eo
2383 4245 2487 4317 qui
2511 4244 2765 4313 Regulas
2787 4245 2844 4300 in
2865 4245 3066 4300 lucem
3087 4244 3296 4310 edidit,
3319 4243 3504 4316 idque
3525 4247 3770 4298 caeteros
3810 4255 3946 4296 om-

2287 4350 2398 4390 nes
2456 4334 2680 4406 pariter
2705 4334 3091 4391 confessuros
3128 4341 3314 4407 puto:
3341 4335 3447 4390 sed
3485 4333 3651 4390 aliud
3689 4347 3951 4404 prorsus

2287 4424 2607 4481 concludo.
2630 4429 2756 4497 ltaq
2767 4441 2836 4480 ue
2851 4425 2935 4480 ita
2953 4425 3244 4480 adversus
3261 4420 3951 4480 Combeﬁsiumratioci—

2289 4515 2420 4571 nari
2442 4515 2614 4570 licet:
2647 4519 2864 4570 Auctor
2901 4513 3243 4569 libellorum
3275 4516 3360 4569 De
3383 4513 3613 4582 judicio
3645 4513 3755 4567 Dei
3774 4516 3832 4566 et
3864 4512 3956 4566 De

2288 4605 2424 4675 ﬁde,
2450 4607 2609 4661 idem
2632 4611 2742 4674 est,
2765 4605 2870 4677 qui
2891 4604 3254 4673 Regularum
3281 4620 3293 4658 :
3317 4603 3424 4674 qui
3446 4607 3648 4658 autem
3671 4600 3956 4656 libellum

2289 4695 2376 4750 De
2393 4695 2512 4764 ﬁde
2531 4695 2808 4760 confecit,
2829 4709 2978 4748 voce
3000 4695 3352 4765 ὸμοούσιοςὶῐι
3377 4707 3487 4746 sua
3502 4689 3642 4745 ﬁdei
3658 4688 3957 4761 explana-

2289 4785 2449 4843 tione
2473 4798 2618 4838 usus
2639 4787 2727 4838 est
2752 4787 2920 4850 (tom.
2947 4783 3013 4848 ll,
3036 4799 3096 4838 n.
3128 4783 3217 4851 4):
3261 4796 3383 4837 non
3424 4780 3602 4849 igitur
3633 4778 3763 4834 haec
3801 4778 3958 4850 ﬁdei

2290 4872 2578 4945 expositio
2600 4871 2782 4927 tribui
2802 4876 2999 4944 potest
3023 4870 3347 4936 Eustathio,
3387 4869 3512 4941 qui,
3553 4866 3722 4940 quod
3759 4883 3795 4922 a
3835 4868 3962 4922 Ma-

2291 4962 2550 5018 cedonio
2573 4959 2794 5022 stabat,
2816 4976 2960 5015 voce
2983 4959 3085 5016 illa
3106 4962 3384 5032 ὀμοούσιος
3429 4957 3678 5013 minime
3735 4954 3963 5010 uteba-

2291 5058 2388 5108 tur
2417 5068 2429 5105 :
2464 5055 2524 5106 at
2543 5051 2673 5106 haec
2693 5050 2827 5123 ipsa
2846 5050 2986 5105 ﬁdei
3016 5049 3334 5121 expositio,
3365 5049 3422 5103 in
3446 5063 3570 5120 qua
3611 5063 3730 5101 vox
3761 5047 3962 5116 ὁμοσύ-

2297 5161 2409 5203 ato;
2427 5141 2664 5210 legitur,
2687 5141 2913 5212 optime
2933 5139 3214 5196 convenit
3241 5141 3303 5194 in
3349 5137 3632 5194 Basilium
3662 5139 3964 5206 Magnum

2293 5229 2399 5304 qui
2429 5246 2641 5286 vocem
2665 5232 2942 5301 ὁμοοὰσιος
2968 5227 3250 5301 privatim
3271 5233 3326 5283 et
3347 5226 3586 5298 publice
3607 5223 3823 5281 acriter
3849 5223 3965 5278 de-

2295 5319 2538 5376 tendere
2587 5333 2825 5390 semper
2871 5317 3163 5389 gloriatus
3211 5322 3321 5372 est.
3371 5316 3600 5372 Rursus
3647 5313 3966 5371 adversus

2347 5499 2419 5567 (cl
2447 5502 2582 5573 ch.
2606 5515 2670 5556 n.
2689 5501 2760 5556 30
2790 5503 2846 5554 et
2877 5512 3045 5573 seqq.
