4058 6192
136 303 227 359 129

1653 286 2045 350 ΡΗΛΕῈΛΤῙΟ.

3460 297 3561 358 130

129 427 410 484 eumdem
444 423 891 482 Combeﬁsium
920 423 1003 480 ita
1030 421 1375 480 ratiocinari
1417 434 1749 494 possumus
1784 433 1797 472 :
1832 420 1879 472 Α
1914 416 2186 473 Trinitate
2229 433 2241 472 :
2284 419 2343 473 at
2382 417 2445 473 in
2493 418 2847 474 monasticis
2889 419 3423 478 Constitutionibus
3471 425 3564 480 bis

129 517 358 587 Regulae
383 515 683 572 eumdem
711 519 1022 570 auctorem
1043 513 1288 580 habent,
1312 528 1494 584 quem
1513 508 1697 566 libelli
1721 509 1806 563 De

124 609 348 676 judicio
381 607 504 660 Dei
524 621 597 660 ac
628 607 715 661 De
735 605 858 672 ﬁde
884 621 905 658 .·
927 603 1036 659 sed
1065 601 1157 658 hic
1183 604 1271 658 De
1295 602 1412 670 ﬁde
1439 599 1676 655 libellus
1699 599 1808 650 Eu-

132 697 337 751 stathio
360 696 447 750 ob
481 710 652 759 eam,
678 710 868 766 quam
889 692 1035 761 dixi,
1067 707 1315 748 causam
1349 688 1528 745 tribui
1554 703 1677 743 non
1703 702 1808 758 po-

131 792 263 842 test:
298 800 417 840 nec
451 786 612 856 ipsa:
664 783 850 852 igitur
890 781 1131 852 Regula;
1177 782 1228 836 ei
1274 779 1488 835 ascribi
1530 780 1804 850 possunt,

131 891 252 929 cum
276 873 447 927 idem
479 878 724 937 auctor,
749 869 1113 926 Combeﬁsio
1133 868 1375 933 fatente,
1400 871 1457 922 et
1477 865 1733 935 Regulas
1754 867 1812 917 et

131 965 277 1019 hunc
305 965 396 1017 De
423 962 558 1029 fide
586 960 861 1016 libellum
887 959 1168 1029 vulgarit.
1193 957 1328 1023 Sed,
1352 956 1399 1012 si
1421 971 1621 1028 neque
1643 953 1810 1010 libel-

127 1054 210 1108 lus
221 1054 305 1106 De
317 1052 468 1120 ﬁde,
488 1066 700 1122 neque
715 1048 957 1118 Regula:
979 1048 1199 1102 ascribi
1217 1052 1468 1119 possunt
1483 1043 1811 1107 Eustathio,

130 1156 512 1213 consequens
547 1143 642 1194 est
672 1142 736 1193 ut
762 1137 974 1210 Basilio
1001 1135 1358 1199 tribuantur,
1395 1151 1533 1190 cum
1567 1132 1814 1189 Basilius

128 1241 174 1287 et
205 1230 579 1286 Eustathius
616 1229 702 1283 ita
731 1227 886 1282 inter
931 1241 993 1280 se
1039 1226 1308 1282 Ascetica
1337 1226 1696 1297 partiuntur,
1750 1227 1816 1279 ut

124 1318 424 1392 quidquid
451 1319 524 1374 in
557 1315 848 1372 Asceticis
877 1315 958 1370 ad
989 1314 1244 1370 alterum
1286 1330 1408 1370 non
1442 1314 1715 1386 pertinet,
1753 1312 1813 1367 id

123 1410 192 1464 ad
229 1409 508 1465 alterum
551 1405 856 1477 pertinere
896 1403 1051 1459 inter
1097 1419 1310 1458 omnes
1358 1407 1609 1458 constet.
1649 1405 1812 1456 Nunc

121 1501 315 1551 autem
330 1491 416 1547 ad
433 1488 925 1562 propositumita
939 1493 1328 1556 revertamur,
1346 1493 1414 1543 ut
1431 1486 1813 1542 Eustathium

120 1581 651 1639 Constitutionum
671 1576 1150 1633 monasticarum
1179 1582 1488 1632 auctorem
1509 1591 1640 1630 esse
1661 1591 1811 1647 pau-

117 1674 191 1729 cis
211 1669 691 1729 ostendamus:
735 1667 903 1740 quod
943 1667 1108 1723 factu
1134 1666 1308 1722 facile
1339 1671 1446 1722 est.
1494 1665 1721 1722 Etenim
1764 1665 1812 1720 si

1914 505 2160 576 quidem
2183 507 2566 562 sanctissima
2581 508 2832 563 Trinitas
2849 509 3211 582 nominatur,
3233 513 3341 567 sed
3361 517 3565 570 tamen

1916 599 2172 666 utroque
2205 595 2338 651 loco
2368 596 2734 652 vocabulum
2766 599 3040 670 ὁμοούσιος
3079 602 3567 671 praetermittitur.

1918 681 2097 738 Varia
2126 690 2328 740 autem
2360 685 2460 740 illa
2489 685 2792 740 scribendi
2822 688 2973 742 ratio
2995 688 3301 745 diversum
3325 693 3570 765 scripto-

1917 787 2044 827 rem
2066 771 2336 828 indicare
2358 774 2568 829 merito
2589 774 2772 830 videri
2795 781 2997 847 posset
3019 795 3031 832 :
3057 795 3314 850 quorum
3338 783 3570 853 primus

1918 861 2027 915 erit
2049 861 2311 931 Basilius,
2342 862 2445 934 qui
2465 878 2613 917 voce
2635 864 2909 934 ὁμοούσιος
2929 866 3103 921 unice
3126 869 3564 928 delectabatur:

1919 950 2068 1006 alter
2109 954 2216 1006 erit
2255 951 2616 1013 Eustathius,
2659 953 2760 1024 qui
2798 953 3050 1010 aliorum
3085 959 3570 1018 Macedoniorum

1920 1039 2199 1112 exemplo
2221 1056 2579 1112 eam,quam
2602 1040 2741 1108 dixi,
2761 1059 2968 1098 vocem
2989 1044 3302 1116 diligenter
3319 1049 3568 1106 vitabat.

1919 1133 2048 1184 Jam
2081 1129 2159 1185 ad
2184 1129 2414 1201 reliqua
2443 1131 2805 1201 properabo,
2847 1133 2951 1187 sed
2990 1133 3038 1188 si
3078 1135 3241 1206 prius
3271 1137 3569 1196 celebrem

1925 1219 2236 1276 Sozomeni
2258 1219 2478 1290 locum,
2497 1220 2601 1292 qui
2622 1220 2712 1274 bis
2733 1220 3236 1292 disputationibus
3257 1229 3572 1286 materiam

1921 1308 2106 1378 dedit,
2138 1310 2434 1381 explicare
2483 1313 2736 1364 conatus
2779 1309 2945 1366 fuero
2980 1330 2992 1367 :
3041 1316 3207 1385 quod
3244 1322 3309 1372 ut
3344 1319 3574 1375 felicius

1922 1399 2228 1468 succedat,
2251 1415 2389 1454 eum
2411 1398 2612 1453 locum
2633 1399 2848 1454 iterum
2865 1401 3054 1457 oculis
3067 1405 3358 1475 subjicere
3376 1409 3572 1465 visum

1923 1493 2028 1554 est,
2055 1503 2152 1542 sec
2176 1503 2260 1542 51c
2284 1493 2482 1543 tamen
2510 1492 2574 1542 ut
2595 1487 2778 1543 verba
2809 1491 3029 1556 Grteca,
3052 1508 3186 1564 quae
3206 1496 3372 1566 prius
3402 1500 3578 1556 retuli

1923 1581 2114 1642 (num.
2144 1579 2258 1645 27),
2283 1576 2396 1630 hoc
2420 1575 2553 1630 loco
2583 1575 2878 1632 omittam.
2904 1583 2986 1635 Ita
3011 1580 3191 1651 igitur
3210 1584 3576 1643 Sozomenus

1921 1663 2205 1736 loquitur,
2225 1665 2325 1720 lib.
2342 1681 2425 1733 in,
2443 1681 2577 1737 cap.
2600 1669 2661 1720 14
2682 1682 2694 1720 :
2714 1666 2898 1734 Apud
2907 1669 2948 1723 A
2964 1673 3221 1728 rmenios
3232 1690 3371 1731 vero
3392 1684 3446 1732 et
3464 1679 3577 1734 Pa-

118 1761 366 1818 Basilius
389 1765 464 1815 ιιι
486 1756 681 1813 libelli
701 1758 788 1813 De
805 1756 936 1825 ﬁde,
958 1756 1043 1812 ita
1063 1756 1425 1825 Regularum
1447 1760 1658 1811 auctor
1679 1771 1808 1810 esse
1846 1769 1884 1822 Β
1919 1755 2282 1824 phlagonas,
2315 1759 2372 1810 et
2401 1755 2634 1810 accolas
2654 1755 2856 1824 Ponti,
2889 1758 3266 1828 Eustathius,
3295 1765 3577 1823 Sebastice

115 1852 354 1914 dicitur,
390 1848 566 1904 alius
593 1845 1105 1903 Constitutionum
1132 1844 1357 1900 librum
1379 1844 1684 1916 scripserit
1713 1859 1816 1899 ne-

116 1957 274 1996 cesse
308 1943 429 1999 est,
481 1953 655 2006 cum,
693 1941 758 1991 ut
795 1951 958 2008 saepe
989 1935 1131 2005 dixi,
1173 1934 1498 2006 multisque
1533 1933 1816 2006 probavi,

117 2029 504 2100 Regularum
526 2032 588 2082 et
609 2024 1115 2081 Constitutionum
1136 2039 1261 2080 non
1278 2039 1436 2079 unus
1455 2024 1561 2078 sed
1573 2023 1696 2079 duo
1712 2039 1818 2080 au-

116 2126 309 2175 ctores
343 2117 507 2171 sint.
565 2117 652 2170 Ex
697 2113 872 2169 dictis
901 2117 1104 2169 autem
1140 2113 1323 2183 liquet
1371 2112 1658 2168 Basilium
1691 2118 1817 2168 tam

117 2209 390 2266 libellum
431 2208 533 2260 De
553 2205 684 2274 fide
713 2219 901 2276 quam
930 2202 1186 2272 Regulas
1207 2203 1670 2274 conscripsisse:
1694 2219 1816 2260 non

118 2299 290 2369 igitur
311 2295 616 2357 Basilius,
646 2293 752 2349 sed
765 2292 986 2364 aliquis
1003 2291 1154 2348 alius
1172 2292 1651 2348 monasticarum
1671 2295 1818 2359 Gon-

121 2389 516 2443 stitutionum
558 2387 773 2440 auctor
818 2375 1272 2438 dicendus‘est.
1323 2382 1670 2437 Eustathius
1713 2398 1817 2438 au-

123 2483 235 2532 tem
260 2475 444 2531 solus
472 2478 594 2539 est,
639 2471 736 2527 cui
765 2471 978 2526 merito
1005 2470 1185 2526 tribui
1209 2469 1446 2542 possint
1472 2488 1484 2524 :
1519 2486 1699 2542 quem
1731 2469 1819 2525 vi-

123 2565 336 2620 delicet
365 2564 682 2620 hactenus
713 2559 930 2616 eruditi
957 2575 1170 2615 omnes
1210 2561 1519 2614 auctorem
1549 2549 1822 2614 fecerunt

126 2671 360 2717 eorum,
390 2668 542 2726 quae
570 2651 636 2706 in
673 2649 866 2706 Basilii
897 2648 1176 2705 Asceticis
1197 2664 1308 2720 pro
1326 2647 1543 2720 spuriis
1565 2653 1622 2703 et
1651 2647 1820 2704 adul-

128 2745 338 2799 terinis
379 2741 606 2797 habita
646 2745 803 2796 sunt.
846 2741 915 2795 Et
951 2737 1198 2810 quando
1237 2754 1311 2794 ex
1351 2737 1687 2795 Combeﬁsii
1728 2755 1819 2794 ar-

132 2839 431 2905 gumento
465 2832 607 2903 opis
649 2828 878 2902 aliquid
909 2829 987 2884 ad
1017 2844 1217 2884 meam
1255 2828 1605 2899 opinionem
1641 2827 1820 2883 stabi-

133 2908 410 2980 1tendam
444 2937 673 2994 capere
697 2919 888 2976 semel
915 2919 1090 2991 carpi,
1123 2935 1194 2974 ex
1221 2919 1436 2974 eodem
1461 2919 1656 2990 ipsam
1679 2934 1819 2974 con-

134 3015 375 3069 ﬁrmare
399 3027 690 3084 pergam.
731 3008 980 3079 Etenim,
1012 3007 1058 3062 si
1092 3007 1477 3078 Combeﬁsio,
1511 3008 1615 3080 qui
1636 3009 1697 3062 in
1720 3008 1820 3065 illo

1922 1845 2287 1900 inArmenia
2301 1844 2982 1911 episcopus,monasticae
2994 1855 3579 1910 convcrsationisau-

1927 1939 2056 1990 ctor
2074 1935 2262 2003 fuisse
2283 1935 2507 1990 dicitur
2529 1950 2549 1989 .·
2580 1942 2633 1994 et
2669 1937 2741 1992 de
2761 1939 3040 1993 arctioris
3061 1941 3200 1996 vitae
3229 1941 3577 2016 disciplina,

1927 2023 1999 2079 de
2019 2024 2387 2094 cibisquibus
2402 2027 2710 2094 utendum,
2733 2034 2839 2083 aut
2866 2043 2901 2083 a
2923 2029 3134 2099 quibus
3156 2030 3578 2090 abstinendum

1928 2120 2094 2181 esset,
2133 2115 2206 2169 de
2235 2115 2490 2171 vestibus
2520 2117 2732 2187 quibus
2761 2118 2854 2172 uti
2873 2123 3192 2186 oporteret,
3224 2121 3296 2176 de
3316 2123 3580 2180 moribus

1927 2203 2185 2274 denique
2203 2208 2258 2258 et
2286 2210 2502 2260 exacta
2534 2205 2776 2261 vivendi
2799 2208 3036 2262 ratione
3059 2217 3369 2279 pracepta
3392 2213 3579 2268 tradi-

1929 2293 2116 2361 disse;
2139 2293 2281 2348 adeo
2309 2299 2373 2348 ut
2404 2295 2650 2365 quidam
2674 2297 2983 2365 afﬁrmem
3004 2297 3220 2354 librum
3238 2303 3578 2372 asceticum,

1927 2383 2034 2453 qui
2068 2383 2286 2438 Basilii
2327 2383 2704 2452 Cappadocis
2743 2386 2982 2441 nomine
3011 2387 3385 2456 inscribitur,
3417 2391 3490 2445 ab
3517 2408 3582 2447 eo

1928 2472 2332 2538 conscriptum
2343 2473 2547 2539 fuisse.
2566 2473 2743 2526 Erant
2756 2473 2933 2541 igitur
2946 2473 3110 2540 olim,
3129 2477 3460 2533 Sozomeno
3481 2495 3582 2534 au-

1929 2565 2109 2625 ctore,
2150 2575 2410 2632 quorum
2438 2559 2665 2629 judicio
2686 2562 2976 2616 asceticus
3001 2562 3252 2633 quidam
3275 2564 3443 2631 liber,
3477 2567 3582 2639 qui

1932 2649 2127 2704 Basilii
2158 2649 2530 2720 Cappadocis
2551 2649 2794 2704 nomine
2825 2651 3195 2723 conscriptus
3226 2659 3350 2710 erat
3371 2655 3447 2711 ad
3475 2659 3583 2712 Eu-

1929 2738 2216 2793 stathium
2235 2738 2626 2794 Sebastenum
2649 2738 2998 2810 pertinebat.
3025 2743 3167 2796 Puto
3187 2748 3388 2800 autem
3411 2748 3586 2801 Sozo-

1929 2843 2177 2883 menum
2208 2827 2356 2882 nihil
2377 2827 2541 2883 aliud
2563 2827 2675 2882 nisi
2705 2829 3180 2886 monasticarum
3203 2834 3584 2891 Constitutio-

1928 2933 2076 2972 num
2097 2916 2316 2971 librum
2336 2916 2597 2971 indicare
2614 2916 2895 2972 voluisse.
2923 2921 3036 2973 Nec
3057 2919 3276 2976 mirum
3299 2923 3584 2996 cuiquam

1931 3005 2243 3072 videbitur,
2277 3005 2495 3059 librum
2520 3005 2626 3076 qui
2646 3006 2934 3061 Eustathii
2960 3013 3104 3076 erat,
3123 3010 3367 3065 nomine
3389 3013 3586 3068 Basilii

137 3105 213 3159 De
235 3104 359 3170 ﬁde
377 3100 593 3157 libello
615 3097 979 3155 vocabulum
993 3099 1268 3169 ὁμοούσιος
1295 3096 1505 3152 deesse
1534 3095 1689 3152 falso
1710 3113 1819 3169 pu-
1852 3115 1893 3168 ο
1931 3095 2285 3165 inscriptum
2308 3093 2509 3161 fuisse,
2544 3093 2589 3148 si
2613 3095 2947 3152 meminerit
2972 3097 3161 3152 multa
3188 3099 3407 3171 scripta
3431 3117 3586 3172 esse,

140 3197 392 3258 laverat,
425 3192 516 3245 ita
558 3186 974 3258 argumentari
999 3185 1167 3242 licuit
1199 3203 1212 3239 :
1255 3201 1408 3257 opus
1438 3185 1496 3240 in
1526 3201 1650 3256 quo
1698 3202 1821 3241 vox

144 3286 423 3352 eui-nimo;
469 3282 725 3345 tacetur,
759 3275 1065 3331 Eustathio
1095 3273 1374 3330 convenit
1402 3273 1600 3343 magis
1631 3290 1823 3346 quam

149 3372 390 3438 Basilio,
409 3385 542 3425 non
555 3368 733 3423 video
747 3383 854 3422 cur
867 3365 1043 3420 nobis
1056 3379 1300 3436 quoque
1312 3363 1394 3418 ita
1411 3357 1824 3434 argumentari

145 3479 265 3519 non
289 3462 523 3518 liceat:
572 3460 738 3530 Opus
766 3457 829 3512 in
857 3471 982 3527 quo
1026 3469 1250 3510 nomen
1291 3455 1568 3526 ὁμοούσιος
1608 3456 1824 3511 omitti.

148 3559 259 3613 tur,
305 3545 630 3604 Eustathio
667 3543 869 3616 potius
906 3542 1086 3598 tribui
1124 3541 1302 3597 debet
1339 3557 1528 3613 quam
1563 3544 1774 3599 Basilio
1809 3561 1822 3600 :

152 3638 253 3694 sed
296 3636 476 3692 vocis
518 3634 797 3706 ὁμοούσίος
841 3647 916 3686 ne
954 3629 1274 3700 vestigium
1313 3629 1561 3701 quidem
1604 3631 1665 3686 in
1704 3637 1826 3688 toto

155 3725 674 3784 Constitutionum
690 3721 844 3777 libro
866 3723 1084 3785 exstat;
1109 3720 1343 3791 aequius
1364 3726 1454 3775 est
1472 3720 1651 3790 igitur
1670 3721 1826 3791 ejus-

155 3817 320 3873 modi
363 3816 602 3871 librum
641 3810 949 3867 Eustathio
979 3809 1336 3880 adjudicari,
1367 3826 1556 3882 quam
1586 3811 1824 3870 Basilio.

157 3909 219 3962 Et
243 3911 308 3961 ut
337 3904 534 3974 hujus
566 3899 908 3971 argumenti
936 3897 1027 3954 vis
1061 3898 1253 3968 magis
1283 3898 1666 3970 intelligatur,
1691 3899 1828 3956 loca

159 3999 264 4051 tria
303 4010 450 4067 quae
498 3991 768 4047 maxime
807 3988 888 4045 ad
933 4004 1061 4044 rem
1090 3987 1338 4050 faciunt,
1370 3988 1465 4043 hic
1497 3989 1827 4046 exscribere

157 4099 276 4140 non
309 4080 577 4156 pigebit.
601 4081 864 4134 Primum
887 4077 1192 4133 adducam
1210 4093 1242 4132 e
1261 4076 1463 4132 libello
1492 4078 1576 4133 De
1597 4079 1735 4146 ﬁde,
1767 4078 1828 4133 in

157 4191 276 4246 quo
303 4175 389 4229 ita
423 4171 648 4240 legitur
679 4173 837 4241 (pag.
864 4167 991 4238 228)
1017 4184 1029 4222 :
1065 4167 1217 4219 Οὕτω
1248 4175 1549 4242 φρονοῦμεν,
1577 4172 1667 4219 καί
1694 4168 1829 4220 οὕτω

162 4259 495 4330 sagaque.
521 4255 597 4316 εἰς
626 4249 832 4328 Τριάὸα
861 4254 1156 4324 ὁμοούσιον.
1180 4253 1274 4307 Sic
1296 4255 1603 4315 sentimus,
1627 4255 1831 4324 sicque

165 4349 549 4418 baptizamus
618 4346 682 4398 in
751 4343 1050 4397 Trinitate
1103 4340 1626 4397 consubstantiali.
1704 4342 1833 4399 Alia

164 4438 282 4494 duo
312 4433 663 4493 mutuabor
683 4447 714 4487 e
734 4425 1082 4487 monasticis
1112 4430 1648 4486 Constitutionibus
1672 4432 1828 4504 (cap.

169 4532 215 4588 2,
245 4543 398 4600 pag.
433 4527 595 4589 5H),
633 4522 696 4576 in
734 4520 957 4592 quibus
995 4520 1078 4576 ita
1115 4519 1409 4590 scriptum
1447 4521 1830 4577 invenimus:

168 4619 343 4669 'H-aixa
392 4618 490 4686 μὲι
540 4615 645 4682 γὰρ
696 4611 724 4667 ὴ
774 4609 926 4679 ψυχὴ
973 4613 1031 4660 τὸ
1073 4608 1260 4669 ἑαυτῆς
1307 4607 1621 4661 ἁνακινοῦσα
1665 4613 1836 4684 νοερὸν

171 4726 224 4758 τι
255 4711 502 4777 φυσικῶς
538 4700 1018 4772 ἐγκατεσπαρμένον
1050 4697 1180 4770 αὐτῇ
1213 4700 1354 4772 παρὰ
1380 4705 1840 4762 τῆςπεποιηκυίας

175 4803 328 4852 αυτὴν
391 4794 559 4862 ἁγίας
626 4783 874 4861 Τριάδος,
934 4785 1234 4858 βουλεύεται
1289 4790 1376 4853 τά,
1437 4793 1549 4844 etc.
1604 4789 1841 4845 Etenim

177 4887 417 4941 manus
449 4878 702 4952 quando
732 4892 841 4932 sua
873 4876 1258 4946 intelligendi
1288 4877 1347 4931 vi
1369 4883 1682 4947 commota,
1711 4893 1846 4948 quae

175 4978 221 5030 ei
264 4969 664 5029 naturaliter
704 4983 740 5023 a
783 4970 997 5022 sancta
1050 4966 1346 5021 Trinitate
1393 4966 1580 5034 ipsius
1639 4969 1850 5036 opiﬁce

177 5069 356 5119 iusim
388 5066 503 5126 est,
536 5059 612 5113 de
641 5057 816 5112 rebus
845 5055 1163 5122 deliberat,
1194 5058 1305 5109 etc.
1337 5055 1405 5108 Et
1433 5054 1644 5125 paucis
1674 5056 1852 5112 inter-

175 5155 340 5224 jectis
377 5153 466 5205 sic
501 5145 930 5220 persequitur;
969 5150 1132 5196 Τοῦτο
1171 5146 1261 5215 μὲν
1285 5142 1369 5204 ἐἰς
1410 5141 1562 5214 ἁγίαν
1601 5149 1688 5196 καὶ
1729 5165 1853 5220 προ-

184 5262 338 5300 eta:
349 5249 449 5298 τὴν
471 5233 707 5312 ἰ’ριάδα,
731 5237 866 5286 κατὰ
887 5236 946 5284 τὸ
968 5231 1094 5301 ἐνον,
1121 5231 1291 5293 ἀτενὲς
1315 5230 1562 5306 ἐνορῶσα,
1589 5238 1700 5289 etc.
1723 5235 1855 5292 Hoc

186 5335 486 5395 rideticet,
552 5335 848 5398 quantum
896 5323 1037 5391 ﬁeri
1082 5327 1300 5392 potest,
1368 5321 1615 5377 intentis
1664 5325 1857 5381 animi

189 5424 366 5477 oculis
409 5425 474 5474 in
507 5422 726 5474 sancta
765 5419 818 5469 et
859 5411 1182 5468 adoranda
1221 5411 1516 5467 Trinitate
1544 5417 1852 5481 contuens,

193 5517 296 5568 etc.
345 5515 570 5566 Vocem
620 5507 901 5578 ὁμοούσιος
949 5501 1226 5558 videmus
1271 5500 1334 5555 in
1376 5499 1580 5556 libello
1626 5505 1706 5557 De
1738 5504 1859 5571 ﬁde

199 5605 568 5673 usurpatam,
619 5610 764 5652 cum
811 5591 1043 5649 mentio
1083 5589 1341 5648 habetur
1373 5588 1449 5645 de
1479 5590 1859 5648 sanctissima

1932 3199 2070 3256 quae
2086 3189 2203 3239 tam
2220 3183 2279 3237 in
2293 3181 2550 3252 vulgatis
2569 3197 2755 3254 quam
2774 3183 2833 3237 in
2851 3184 3153 3240 veteribus
3169 3185 3332 3242 libris
3350 3196 3587 3246 sancto-

1933 3289 2068 3328 rum
2088 3276 2324 3328 Patrum
2338 3271 2581 3326 nomine
2595 3271 3023 3341 inscribuntur,
3037 3291 3176 3346 quae
3191 3281 3390 3334 tamen
3408 3279 3588 3336 hodie

1936 3362 2013 3418 ab
2047 3361 2292 3418 eruditis
2331 3359 2679 3416 hominibus
2716 3361 2778 3416 in
2811 3362 3132 3420 subdititiis
3163 3370 3219 3421 et
3238 3366 3588 3424 adulterinis

1935 3451 2079 3523 poni
2101 3451 2395 3506 videmus.
2417 3454 2563 3506 Cum
2584 3450 2762 3521 igitur
2781 3453 3284 3510 Constitutionum
3308 3459 3592 3514 monasti-

1937 3557 2143 3596 carum
2175 3539 2344 3606 liber,
2378 3539 2480 3611 qui
2513 3540 2800 3594 Eustathii
2827 3546 2972 3606 erat,
3008 3543 3205 3598 Basilii
3230 3546 3473 3601 nomine
3502 3548 3590 3602 in-

1939 3631 2198 3702 scriptus
2213 3630 2342 3695 fuit,
2362 3628 2509 3683 nihil
2525 3628 2730 3683 einovi
2744 3629 2989 3684 accidit:
3012 3631 3116 3685 sed
3134 3633 3346 3688 eadem
3367 3641 3588 3692 sortem

1937 3719 2168 3786 habuit,
2193 3733 2380 3790 quam
2403 3717 2594 3772 multa
2615 3717 2731 3772 alia
2754 3717 2998 3789 scripta,
3017 3735 3152 3790 qua:
3174 3737 3312 3778 cum
3333 3723 3588 3782 aliorum

1937 3812 2161 3873 essent,
2203 3806 2459 3862 aliorum
2494 3811 2695 3862 tamen
2733 3806 3081 3861 nominibus
3117 3808 3271 3864 falso
3310 3811 3595 3887 inscripta

1939 3903 2096 3954 sunt.
2115 3897 2262 3967 Ejus
2289 3895 2372 3950 rei
2398 3910 2616 3950 causas
2635 3910 2924 3966 quaerere,
2958 3895 3105 3952 nihil
3130 3898 3208 3953 ad
3231 3915 3325 3955 me
3347 3904 3592 3960 attinet:

1937 3987 2087 4044 milii
2107 3987 2250 4042 satis
2279 3989 2388 4054 est,
2423 3987 2471 4039 si
2499 3999 2592 4039 res
2621 3984 2702 4040 ita
2732 3984 2826 4052 sit,
2856 4000 2966 4040 nec
2998 3987 3206 4056 negari
3235 3991 3444 4060 possit.
3480 3993 3596 4048 Sed

1940 4077 2149 4134 audire
2187 4075 2334 4131 mihi
2359 4074 2566 4130 videor
2594 4075 2697 4146 qui
2728 4082 3177 4148 conquerantur
3204 4078 3596 4138 immoratum

1939 4183 2038 4223 me
2055 4165 2235 4221 fuisse
2252 4165 2310 4219 in
2333 4162 2656 4235 probanda
2675 4179 2738 4219 re
2760 4179 2884 4219 non
2905 4165 3111 4233 dubia,
3127 4183 3264 4222 cum
3282 4171 3598 4227 ostendere

1941 4255 2290 4311 debuissem
2315 4255 2735 4322 Sozomenum,
2757 4269 2895 4309 cum
2917 4253 3000 4310 ita
3019 4254 3253 4312 locutus
3276 4263 3364 4314 est
3388 4276 3400 4314 :
3433 4261 3600 4316 Adeo

1943 4344 2272 4415 utquidam
2292 4343 2604 4411 afﬁrment
2636 4342 2857 4398 librum
2878 4346 3219 4409 asceticum,
3254 4350 3358 4418 qui
3386 4350 3606 4406 Basilii

1949 4432 2322 4503 Cappadocis
2352 4432 2590 4486 nomine
2616 4431 2994 4496 inscribitur,
3026 4435 3102 4490 ab
3141 4450 3204 4492 eo
3235 4437 3603 4511 [Eustathio]

1949 4523 2349 4590 conscriptum
2363 4521 2570 4590 fuisse,
2585 4519 2912 4576 nihilaliud
2933 4522 3026 4577 his
3047 4525 3246 4580 verbis
3267 4526 3604 4597 signiﬁcare

1947 4611 2234 4680 voluisse,
2253 4608 2370 4664 nisi
2390 4607 2588 4664 solum
2613 4609 3116 4667 Constitutionum
3133 4616 3604 4673 monasticarum

1949 4702 2193 4769 librum,
2207 4697 2374 4771 quod
2395 4702 2459 4752 ut
2487 4697 2751 4753 maxime
2771 4698 3051 4769 dubium,
3071 4701 3152 4758 ita
3172 4704 3433 4774 probatu
3453 4705 3605 4760 difﬁ-

1953 4791 2240 4848 cillimum
2268 4787 2451 4843 videri
2477 4791 2690 4859 potest.
2716 4791 2838 4858 Ego
2859 4795 3057 4845 autem
3081 4791 3250 4847 aliter
3279 4794 3486 4858 sentio,
3522 4794 3606 4848 id-

1954 4897 2074 4954 que
2090 4879 2345 4936 arbitror
2363 4892 2487 4933 non
2508 4877 2834 4935 obscurum
2856 4879 3002 4950 fore,
3026 4880 3074 4935 si
3091 4895 3181 4950 ea,
3196 4897 3332 4953 quae
3356 4898 3497 4937 mox
3521 4899 3606 4938 re-

1956 4970 2085 5038 tuli,
2109 4966 2616 5025 Sozomeniverba
2637 4967 2820 5039 paulo
2841 4968 3180 5038 diligentius
3200 4969 3495 5038 legantur.
3521 4971 3608 5026 lbi

1960 5060 2120 5116 enim
2144 5055 2342 5113 solum
2371 5057 2594 5112 mentio
2625 5057 2690 5112 tit
2713 5057 2788 5112 de
2810 5058 3078 5113 arctioris
3104 5058 3236 5114 vitae
3267 5059 3606 5131 disciplina,

1961 5149 2036 5205 de
2063 5145 2212 5203 cibis
2240 5145 2464 5218 quibus
2496 5144 2810 5213 utendum,
2851 5151 2954 5201 aut
2989 5161 3026 5201 a
3055 5145 3280 5217 quibus
3310 5147 3613 5206 abstinen-

1962 5237 2132 5305 dum,
2154 5235 2229 5291 de
2250 5233 2534 5300 vestibus,
2558 5233 2781 5305 quibus
2802 5233 2884 5288 uti
2907 5238 3226 5307 oporteret,
3247 5235 3320 5293 de
3339 5226 3611 5297 moribus

1963 5323 2224 5395 denique
2253 5326 2311 5377 et
2333 5325 2543 5378 exacta
2579 5321 2821 5377 vivendi
2857 5322 3087 5379 ratione
3121 5341 3134 5379 :
3165 5325 3390 5398 quibus
3416 5329 3613 5387 verbis

1965 5412 2467 5469 Constitutionum
2514 5411 2988 5468 monasticarum
3030 5413 3181 5470 liber
3223 5422 3344 5474 tam
3391 5422 3618 5494 perspi-

1965 5519 2076 5559 cue
2105 5501 2424 5568 indicatur,
2457 5506 2521 5557 ut
2549 5506 2784 5558 tantum
2826 5519 2951 5560 non
2979 5506 3278 5564 nominari
3315 5509 3610 5568 videatur.

1967 5591 2185 5648 Omnia
2225 5589 2385 5646 enim
2421 5605 2559 5663 quae
2610 5589 2673 5646 in
2720 5589 2819 5648 illo
2871 5594 3185 5652 Sozomeni
3233 5597 3365 5654 loco
3409 5598 3615 5670 legun-
