4058 6192
455 293 555 353 131

1956 277 2353 343 ΡΒᾸΞΡΛΤΙΟ.

3778 285 3906 341 632

450 418 567 482 tur,
609 412 785 470 unice
827 409 1333 468 Constitutionum
1369 408 1527 465 libro
1554 406 1942 479 conveniunt,
1979 420 2104 461 non
2134 443 2180 496 Α
2218 403 2411 473 detur,
2460 419 2676 496 pauca
2700 405 2985 477 quaedam
3029 408 3399 465 monasteria
3445 408 3525 465 ab
3566 409 3905 466 Eustathio

450 508 655 561 autem
686 501 946 571 Regulis,
979 516 1133 574 quas
1163 499 1211 555 si
1252 500 1617 555 Sozomenus
1646 497 1968 566 designare
2003 510 2107 550 vo-

449 592 674 659 luisset,
693 590 998 647 debuisset
1014 604 1158 646 sane
1178 588 1343 661 quod
1365 591 1427 644 in
1446 588 1537 643 his
1556 586 1736 659 prteci
1742 602 1930 658 puum
1947 588 2036 640 est
2051 588 2109 639 et

452 681 757 752 singulare
785 693 1122 735 recensere:
1156 694 1235 749 qv
1249 676 1329 733 od
1360 693 1498 732 cum
1524 691 1647 731 non
1678 674 1901 742 fecerit,
1934 688 2009 729 ne
2033 672 2108 728 de

447 772 598 843 ipsis
621 770 869 843 quidem
901 768 1195 839 cogitasse
1224 766 1532 839 putandus
1557 770 1662 821 est.
1694 768 1877 820 Nemo
1907 768 2109 819 autem

449 860 663 929 nescit,
697 859 747 914 si
772 857 921 931 quid
942 856 1229 913 eximium
1255 861 1342 912 est
1369 861 1426 911 et
1443 854 1743 927 peculiare
1764 854 1824 909 in
1849 851 2107 921 Regulis,

451 949 512 1006 id
544 950 725 1017 situm
753 963 885 1002 esse
915 946 978 1001 in
1009 946 1162 1001 mira
1182 944 1285 1001 illa
1306 944 1766 1000 innumerorum
1790 942 2108 1014 Scriptura:

450 1037 939 1095 testimoniorum
989 1034 1339 1090 collectione
1374 1049 1387 1085 :
1433 1049 1570 1105 quae
1609 1031 1949 1088 testimonia
1986 1034 2111 1086 tam

452 1132 589 1201 apte
638 1131 885 1198 tamque
935 1124 1231 1180 concinne
1274 1122 1678 1196 proferuntur,
1725 1126 1791 1178 ut
1834 1120 2111 1192 plurimae

450 1222 631 1290 atque
652 1214 1022 1286 gravissimae
1040 1214 1457 1284 cujuscunque
1486 1212 1721 1282 generis
1747 1210 2113 1282 quaestiones

450 1306 799 1363 doctissime
839 1320 910 1361 ac
939 1301 1371 1359 dilucidissime
1403 1300 1727 1366 solvantur,
1762 1298 2115 1354 difﬁcillima

451 1396 769 1468 Scripturaa
794 1394 927 1449 loca
949 1393 1320 1465 explicentur
1349 1390 1609 1447 breviter
1639 1389 1815 1445 simul
1843 1394 1897 1443 et
1918 1388 2116 1460 perdi-

446 1487 721 1558 ligenter,
751 1490 808 1540 et
833 1482 1058 1555 ubique
1081 1481 1481 1538 saluberrima
1502 1479 1941 1551 utilissimaque
1965 1494 2116 1549 prte-

448 1581 623 1648 cepta
651 1575 730 1631 ad
760 1572 1219 1645 componendas
1250 1586 1450 1627 mores
1480 1570 1822 1626 tradantur.
1865 1566 2115 1624 Ruﬁnus

449 1667 897 1736 Cassianusque
936 1667 992 1719 et
1032 1661 1295 1728 Photius,
1339 1676 1478 1716 cum
1517 1659 1593 1715 de
1624 1658 1865 1727 Regalis
1908 1657 2114 1729 loque-

450 1758 675 1821 rentur,
716 1754 938 1809 borum
976 1750 1299 1822 Scripturae
1337 1749 1614 1805 locorum
1654 1746 2058 1803 meminerunt
2094 1765 2107 1815 ;

448 1858 560 1899 nec
580 1843 901 1909 immerito,
924 1856 1061 1895 cum
1092 1838 1288 1895 Basilii
1310 1838 1547 1908 Regulae
1568 1852 1691 1893 non
1714 1836 1957 1893 aliunde
1979 1851 2113 1892 ma-

452 1932 543 2002 gis
573 1947 763 2004 quam
793 1947 866 1986 ex
894 1929 1012 1985 illis
1041 1928 1397 1987 testimoniis
1436 1927 1515 1983 ab
1546 1927 1799 1984 aliorum
1841 1926 2111 1983 asceticis

451 2021 921 2091 distinguantur.
945 2019 1113 2090 (Vide
1132 2018 1291 2074 infra
1311 2034 1479 2073 num.
1508 2022 1595 2085 62,
1618 2032 1805 2090 prope
1826 2016 1957 2087 ﬁn.)
1981 2018 2112 2082 Qua

447 2111 628 2183 igitur
657 2111 888 2167 ratione
918 2109 1212 2182 potuisset
1241 2110 1609 2165 Sozomenus
1637 2106 1826 2164 dehis
1848 2106 2111 2163 testimo~

450 2200 567 2257 niis
607 2204 825 2268 tacere,
858 2214 970 2254 nec
1004 2198 1192 2253 ullam
1232 2197 1605 2253 mentionem
1645 2196 1845 2253 facere
1875 2211 2108 2262 eorum,

450 2305 589 2361 quas
627 2287 993 2358 [tegularum
1031 2285 1277 2358 propria
1310 2290 1469 2354 sunt,
1509 2285 1559 2341 si
1588 2285 1752 2357 ipsas
1792 2300 1886 2355 eo,
1927 2300 2111 2356 quem

450 2377 737 2450 exscripsi
764 2377 901 2433 loco
924 2376 1192 2432 indicare
1220 2374 1334 2429 sibi
1360 2374 1777 2445 proposuisset
1800 2374 1827 2428 ‘t
1850 2377 1977 2430 Non
2003 2374 2111 2442 igi-

451 2471 546 2523 tur
591 2465 903 2522 Sozomeni
943 2463 1131 2520 verba
1168 2462 1521 2534 accipienda
1568 2467 1706 2517 sunt
1741 2462 1816 2517 de
1848 2461 2109 2531 Regalis,

452 2555 532 2612 ad
556 2570 711 2627 quas
739 2560 877 2626 apte
904 2553 1109 2608 referri
1139 2568 1261 2607 non
1302 2556 1578 2623 possunt,
1625 2549 1733 2606 sed
1772 2550 1846 2606 de
1880 2549 2111 2607 Consti-

450 2644 750 2700 tutionum
779 2642 1251 2699 monasticarum
1271 2640 1448 2709 libro,
1466 2639 1543 2696 ad
1564 2656 1749 2712 quem
1769 2640 1993 2711 optime
2013 2654 2111 2695 ac-

449 2732 924 2789 commodantur
963 2745 1345 2803 quaecunque
1396 2732 1764 2785 Sozomenus
1805 2728 1921 2784 hoc
1976 2727 2112 2785 loco

452 2822 711 2893 scripsit.
741 2824 910 2877 Nunc
939 2824 1142 2876 autem
1163 2818 1419 2891 quinam
1448 2818 1529 2874 illi
1561 2823 1779 2883 essent,
1812 2818 1919 2890 qui
1941 2834 2109 2874 asce-

450 2911 640 2967 ticum
667 2910 835 2966 illum
858 2908 1082 2966 librum
1104 2911 1352 2965 nomine
1383 2908 1582 2964 Basilii
1608 2908 1964 2980 inscriptum
1997 2911 2110 2964 Eu-

454 2999 675 3057 stathio
732 2998 1070 3070 adjudicari
1116 3004 1389 3071 oportere
1451 2997 1844 3067 afﬁrmarent,
1901 2997 2112 3054 merito

453 3089 645 3162 quairi
680 3092 898 3162 potest.
933 3088 1135 3145 Fuisse
1174 3087 1432 3144 arbitror
1474 3087 1633 3143 illius
1678 3086 1866 3143 aetatis
1910 3086 2113 3143 erudi-

452 3178 719 3236 tissimos
750 3192 1028 3251 quosque
1060 3182 1246 3249 atque
1293 3176 1798 3246 studiosissimos,
1824 3177 1943 3248 .qui
1972 3192 2114 3233 cum
2142 3165 2181 3220 C

453 3267 683 3327 assidui
724 3273 925 3324 essent
953 3268 1014 3322 in
1047 3266 1360 3322 volvendis
1398 3271 1717 3322 auctorum
1753 3264 1939 3327 libris,
1990 3265 2113 3322 for-

453 3360 621 3413 tasse
651 3357 901 3429 antiqua
917 3354 1205 3428 quaedam
1224 3355 1703 3410 monasticarum
1735 3354 2115 3411 Constitutio-

454 3461 602 3501 num
625 3445 999 3517 exemplaria
1027 3443 1418 3511 invenissent,
1443 3443 1504 3499 in
1529 3443 1753 3515 quibus
1782 3459 1892 3515 pro
1914 3443 2115 3514 Basilii

456 3534 705 3590 nomine
735 3548 961 3589 nomen
989 3532 1279 3589 Eustathii
1299 3533 1566 3605 positum
1590 3538 1747 3589 esset
1778 3549 1791 3587 :
1824 3537 1929 3589 aut
1956 3537 2114 3588 certe

453 3625 559 3697 qui
579 3623 1009 3695 cognovissent
1028 3638 1100 3678 ex
1122 3622 1259 3693 styli
1281 3622 1789 3691 dissimilitudine,
1811 3621 2114 3693 ejusmodi

454 3729 609 3786 opus
636 3714 717 3770 ad
760 3712 1041 3768 Basilium
1071 3712 1367 3784 pertinere
1406 3727 1532 3767 non
1558 3726 1739 3783 posse
1764 3729 1778 3779 ;
1818 3710 1899 3768 ob
1929 3710 2114 3783 idque

448 3802 823 3873 judicassent
851 3802 998 3857 illud
1041 3801 1261 3857 ascribi
1302 3800 1523 3857 debere
1560 3800 1893 3871 Eustathio,
1928 3816 2116 3873 quem

454 3893 699 3949 aliunde
740 3892 1124 3948 rescivissent
1163 3892 1458 3962 scriptum
1497 3890 1749 3963 aliquod
1789 3891 2116 3947 asceticum

454 3984 517 4039 in
544 3983 743 4039 lucem
784 3982 1060 4037 edidisse.
1106 3984 1222 4036 Nec
1253 3982 1416 4036 enim
1454 3997 1549 4036 res
1589 3981 1722 4037 talis
1761 3982 1889 4037 sine
1929 3996 2117 4038 causa

457 4071 744 4130 atﬁrmari
765 4072 978 4144 potuit.
1002 4069 1115 4125 Alii
1145 4085 1308 4138 vero,
1340 4069 1445 4141 qui
1472 4069 1534 4123 in
1559 4069 1830 4138 legendis
1859 4068 2115 4126 auctori-

455 4162 573 4219 bus
602 4163 803 4218 minus
840 4160 1063 4216 versati
1092 4164 1313 4219 essent,
1360 4158 1515 4214 falsa
1550 4158 1686 4214 libri
1724 4159 2115 4230 inscriptione

456 4251 670 4313 delusi,
702 4249 871 4306 facile
910 4264 1079 4304 mera
1108 4246 1502 4303 Eustathiana
1532 4247 1745 4303 Basilio
1783 4250 1997 4317 Magno
2027 4264 2118 4306 as-

455 4340 810 4411 cripserunt.
836 4338 952 4395 Sed
980 4338 1233 4394 fortasse
1257 4335 1414 4393 dicet
1434 4336 1687 4409 aliquis;
1721 4337 1778 4395 Si
1816 4354 1940 4411 qua
1969 4338 2115 4395 olin

455 4429 814 4487 exstitissent
850 4426 1239 4500 exemplaria,
1282 4427 1343 4483 in
1373 4426 1594 4499 quibus
1625 4443 1734 4499 pro
1772 4428 1971 4485 Basilii
2010 4445 2116 4485 no-

456 4519 619 4576 mine
656 4533 881 4573 nomen
924 4517 1215 4573 Eustathii
1258 4516 1546 4587 scriptum
1586 4522 1764 4589 esset,
1804 4534 1913 4574 cur
1950 4518 2115 4577 nulla
2144 4525 2187 4578 D

456 4606 761 4680 ejusmodi
774 4606 1148 4679 exemplaria
1157 4606 1336 4663 hodie
1349 4607 1409 4661 in
1422 4606 1799 4663 bibliothecis
1810 4609 2116 4682 reperiun-

459 4698 595 4757 tur?
642 4698 777 4753 Mihi
814 4697 1138 4753 verisimile
1167 4696 1250 4761 fit,
1288 4696 1335 4750 si
1374 4696 1623 4768 quando
1664 4698 1813 4753 tales
1841 4698 1974 4754 libri
2013 4716 2115 4755 ex-

456 4788 726 4855 stiterint,
766 4785 1064 4847 librarios,
1116 4787 1222 4857 qui
1268 4784 1425 4841 male
1474 4785 1685 4842 audire
1737 4788 2115 4845 Eustathium

456 4878 745 4944 viderent,
777 4879 1269 4945 vererenturque,
1298 4889 1396 4943 ne,
1426 4874 1475 4929 si
1503 4874 1660 4930 illius
1679 4890 1904 4932 nomen
1934 4877 1995 4932 in
2021 4878 2115 4946 iis,

456 4985 596 5042 quae
641 4965 1059 5023 exscribebant
1100 4963 1549 5036 exemplaribus
1603 4972 1964 5035 cerneretur,
2011 4969 2117 5023 mi-

458 5058 623 5114 noris
665 5056 855 5113 libros
896 5071 1039 5111 suos
1076 5053 1427 5120 venderent,
1464 5058 1784 5125 propterea
1826 5056 1901 5111 de
1943 5056 2119 5113 indu—

459 5148 606 5203 stria
643 5161 869 5203 nomen
907 5149 1028 5201 tam
1061 5143 1203 5200 mali
1242 5143 1464 5199 ominis
1494 5158 1747 5215 prorsus
1779 5145 2114 5202 rescidisse.

460 5238 614 5305 Quid
661 5236 907 5294 tandem
956 5235 1211 5292 sentiam
1259 5232 1335 5289 de
1382 5232 1592 5304 primis
1638 5232 1754 5287 illis
1804 5236 2119 5298 Sozomeni

457 5326 679 5389 verbis,
702 5328 749 5381 Α
758 5326 884 5396 pud
898 5325 1215 5381 Armenios
1233 5338 1370 5380 vero
1388 5328 1443 5378 et
1459 5320 1916 5394 Paphlagonas,
1945 5337 1998 5383 et
2017 5343 2118 5384 ac-

460 5419 624 5475 colas
644 5418 845 5481 Ponti,
878 5414 1258 5482 Eustathius,
1287 5412 1571 5469 Sebastice
1600 5413 1663 5467 in
1684 5413 1975 5473 Armenia
1995 5420 2117 5487 epi-

456 5522 691 5577 scopus,
718 5506 1065 5561 monasticae
1086 5502 1555 5560 conversationis
1575 5507 1791 5558 auctor
1812 5506 2002 5573 fuisse
2033 5508 2115 5565 di-

460 5598 635 5663 citur,
665 5610 825 5652 nunc
847 5592 1140 5664 aperiam.
1166 5590 1300 5649 Mihi
1319 5590 1504 5661 igitur
1524 5591 1668 5648 satis
1691 5594 2008 5663 probabile
2030 5600 2110 5655 vi—

2218 500 2563 550 constructa
2600 494 2787 550 fuisse
2816 495 2877 551 in
2910 498 3211 560 Armenia,
3245 502 3320 565 et,
3347 498 3396 553 si
3434 498 3572 570 quis
3602 498 3684 555 ita
3714 498 3901 569 velit,

2217 582 2277 638 in
2314 582 2726 655 Paphlagonia
2771 602 2783 640 :
2828 584 2892 641 in
2934 586 3157 658 quibus
3202 587 3593 643 Eustathiana
3629 588 3903 644 vivendi

2218 687 2436 728 norma
2476 673 2555 728 ob
2601 673 2708 729 viri
2739 675 2965 731 malam
3010 674 3241 732 famam
3286 692 3411 732 non
3458 677 3564 733 diu
3593 678 3896 747 viguerit,

2218 766 2275 816 et
2304 764 2363 816 in
2392 778 2528 833 quae
2560 779 2671 834 pro
2710 764 3101 821 Eustathiana
3133 766 3501 823 Basilianum
3532 768 3898 824 institutum

2216 850 2385 907 brevi
2432 851 2836 908 introductum
2877 853 2969 916 sit,
3018 854 3099 910 ob
3146 870 3435 925 magnam
3474 856 3696 913 scilicet
3744 872 3900 913 san-

2219 938 2467 995 ctissimi
2493 956 2562 996 ac
2594 942 2973 998 eruditissimi
3005 944 3189 1000 Patris
3220 946 3385 1017 apud
3413 961 3624 1002 omnes
3671 946 3898 1002 existi-

2219 1029 2571 1085 mationem.
2606 1030 2777 1096 Quod
2808 1038 3009 1088 autem
3042 1033 3284 1089 additur
3312 1034 3386 1089 de
3426 1035 3646 1091 accolis
3678 1036 3895 1103 Ponti,

2218 1117 2282 1173 id
2320 1119 2592 1181 Ruﬁnus,
2641 1122 2744 1192 qui
2786 1122 2979 1178 Basilii
3026 1124 3277 1195 aequalis
3316 1130 3461 1191 erat,
3494 1124 3713 1180 falsum
3746 1140 3898 1179 esse

2220 1206 2414 1264 docet.
2450 1213 2533 1265 Ita
2561 1210 2723 1265 enim
2763 1210 2868 1269 lib.
2904 1228 2965 1281 ιι,
2999 1228 3132 1284 cap.
3176 1218 3228 1283 9,
3260 1213 3528 1286 loquitur
3558 1233 3571 1270 :
3606 1215 3898 1270 Basilius

2221 1298 2407 1352 Ponti
2452 1298 2624 1356 urbes
2666 1306 2718 1356 et
2769 1317 2920 1358 rura
2972 1304 3351 1369 circumiens,
3404 1305 3632 1360 desides
3683 1305 3895 1375 gentis

2222 1388 2391 1442 illius
2420 1390 2644 1445 animos
2672 1396 2728 1445 et
2744 1405 2966 1458 parum
2998 1393 3071 1449 de
3089 1406 3193 1462 spe
3219 1394 3439 1462 futura
3457 1394 3749 1450 sollicitos
3776 1394 3898 1448 sti-

2224 1478 2477 1545 mulare,
2498 1480 2690 1535 verbis
2707 1487 2759 1536 et
2775 1482 3209 1550 praedicatione
3222 1484 3596 1550 succendere,
3620 1483 3895 1538 callum-

2222 1583 2335 1639 que
2350 1568 2425 1624 ab
2443 1568 2532 1624 his
2547 1571 2864 1641 longwneg
2873 1572 3137 1642 ligentiac
3148 1576 3323 1642 coepit
3337 1573 3596 1639 abolere,
3616 1574 3832 1642 subegi
3836 1578 3889 1627 t-

2222 1672 2354 1728 que,
2396 1657 2644 1727 abjeetis
2673 1662 2946 1716 inanium
2975 1677 3173 1718 rerum
3203 1668 3257 1719 et
3286 1664 3673 1719 saecularium
3694 1662 3888 1729 curis,

2220 1750 2431 1804 suimet
2453 1750 2732 1806 notitiam
2750 1752 3044 1823 recipere;
3068 1760 3121 1808 et
3152 1754 3216 1808 in
3248 1769 3432 1809 unum
3456 1754 3634 1821 coire,
3668 1768 3892 1809 mona-

2220 1839 2405 1894 steria
2426 1846 2786 1901 construere,
2810 1843 3062 1910 psalmis
3088 1849 3141 1897 et
3160 1843 3399 1912 hymnis
3425 1848 3483 1899 et
3501 1844 3889 1899 orationibus

2220 1927 2423 1984 docuit
2436 1943 2677 1999 vacare;
2686 1945 3021 2000 pauperum
3035 1947 3243 1989 curam
3260 1948 3485 2003 gerere,
3501 1934 3698 2004 eisque
3711 1932 3791 1988 ha
3800 1932 3887 1986 bi-

2221 2021 2429 2075 tacula
2456 2020 2721 2091 honesta,
2757 2026 2810 2076 et
2841 2036 2977 2092 qum
3006 2022 3087 2077 ad
3116 2024 3337 2078 victum
3368 2024 3706 2078 necessaria
3736 2027 3887 2077 sunt

2216 2108 2526 2178 praebere;
2563 2110 2822 2178 virgines
2850 2109 3185 2173 instituere,
3217 2112 3503 2179 pudicam
3532 2117 3889 2181 castamque

2219 2198 2404 2253 vitam
2426 2198 2699 2254 omnibus
2714 2214 2870 2267 pene
2886 2200 3342 2257 desiderabilem
3356 2202 3580 2270 facere.
3602 2201 3697 2256 Ita
3717 2201 3888 2257 brevi

2216 2290 2561 2356 permutata
2574 2294 2655 2343 est
2674 2289 2849 2343 totius
2866 2292 3201 2357 provinciae
3214 2292 3423 2361 facies,
3448 2298 3512 2347 ut
3534 2292 3596 2345 in
3621 2291 3798 2346 arido
3820 2296 3879 2346 et

2216 2378 2525 2447 squalenti
2551 2392 2761 2447 campo
2801 2379 3110 2435 videretur
3132 2395 3293 2450 seges
3312 2380 3602 2449 fecunda,
3636 2395 3708 2435 ac
3729 2380 3878 2435 laeta

2219 2468 2393 2521 vinea
2412 2470 2763 2523 surrexisse.
2782 2469 2901 2523 Hoc
2920 2468 3083 2524 idem
3110 2468 3487 2524 conﬁrmavit
3504 2474 3561 2524 et
3580 2470 3875 2537 Socrates,

2218 2555 2323 2626 qui
2350 2554 2455 2611 lib.
2486 2571 2563 2624 iv,
2595 2572 2729 2629 cap.
2763 2561 2849 2619 26,
2882 2557 2964 2614 ita
2994 2558 3264 2629 scripsit:
3298 2555 3493 2620 Δεδιὼς
3530 2562 3628 2631 γὰρ
3659 2562 3731 2630 μὴ
3764 2578 3877 2618 πως

2220 2643 2455 2718 Ἀρειανὴ
2488 2650 2796 2717 καινοτομία
2823 2652 2913 2698 καὶ
2942 2649 3034 2707 τὰς
3062 2650 3198 2699 κατὰ
3233 2651 3320 2699 τὸν
3353 2652 3545 2700 Πόντον
3588 2646 3873 2718 ἐπινιμηθῇ

2220 2732 2500 2808 ἐπαρχίας,
2554 2732 2806 2807 δρομαῖος
2852 2734 2937 2788 ἐπὶ
2992 2739 3058 2787 τὰ
3115 2735 3221 2789 ἐκεῖ
3273 2741 3404 2809 μέρη
3467 2733 3712 2788 διέϐαινε·
3774 2734 3882 2787 ἐκεῖ

2218 2842 2271 2876 τε
2342 2822 2643 2898 ἀσκητήρια
2710 2826 3126 2897 συστησάμενος,
3204 2831 3293 2879 καὶ
3362 2830 3685 2898 κατηχήσας
3754 2828 3881 2885 τοὺς

2219 2909 2419 2987 ἄνδρας
2473 2920 2588 2973 ταῖς
2644 2913 2804 2966 αὐτοῦ
2863 2910 3261 2981 διδασκαλίαις,
3323 2919 3446 2977 τοὺς
3506 2915 3881 2985 σαλευομένους

2220 3000 2477 3078 ἐστήριξε.
2532 3006 2765 3061 Veritus
2802 3006 2958 3061 enim
2996 3006 3309 3078 [Basilius]
3351 3022 3427 3063 ne
3472 3007 3699 3063 Ariani
3734 3006 3878 3076 dog-

2220 3095 2395 3150 matis
2429 3096 2665 3151 novitas
2706 3096 2891 3151 Ponti
2935 3111 3168 3168 quoque
3206 3098 3556 3167 provincias
3601 3096 3881 3165 depasce-

2220 3189 2410 3249 retur,
2451 3184 2727 3240 celeriter
2750 3186 2830 3240 ad
2858 3200 2958 3242 eas
2976 3194 3187 3253 partes
3214 3201 3276 3242 se
3305 3187 3563 3243 contulit
3585 3200 3608 3253 ,'
3631 3200 3884 3256 eumque

2218 3271 2353 3329 illic
2375 3275 2742 3330 monasteria
2774 3278 3195 3342 constituisset,
3226 3281 3279 3331 et
3302 3281 3548 3331 cunctos
3578 3277 3702 3331 suis
3723 3290 3880 3343 prae-

2220 3361 2616 3418 dicationibus
2663 3364 3042 3433 instituisset,
3083 3372 3367 3422 nutantes
3407 3381 3613 3421 eorum
3652 3380 3881 3420 animos

2222 3452 2621 3519 conﬁrmavit.
2643 3455 3072 3526 Praetereaque,
3102 3454 3152 3509 si
3172 3455 3308 3526 quis
3334 3454 3475 3510 velit
3502 3469 3701 3526 pauca
3718 3468 3883 3525 quaa-

2220 3539 2366 3596 dam
2404 3543 2771 3600 monasteria
2808 3543 2870 3599 in
2900 3547 3088 3601 Ponto
3118 3544 3301 3600 etiam
3331 3544 3411 3600 ab
3450 3544 3757 3600 Eustathio
3791 3543 3883 3598 in-

2223 3630 2429 3688 stituta
2458 3632 2660 3700 fuisse,
2706 3648 2967 3705 quorum
3000 3634 3127 3706 ipse
3160 3635 3295 3704 jure
3326 3638 3536 3690 auctor
3563 3633 3755 3689 dictus
3782 3632 3877 3701 sit,

2221 3737 2345 3778 non
2365 3723 2655 3794 pugnabo
2674 3739 2787 3795 ego
2811 3739 2950 3780 :nec
2973 3725 3135 3781 enim
3156 3723 3331 3779 video
3352 3724 3499 3796 quid
3514 3723 3655 3779 inde
3675 3726 3882 3779 nostra

2224 3812 2516 3869 sententia
2539 3813 2675 3869 laedi
2698 3815 2905 3885 possit.
2930 3814 3160 3870 Etenim
3181 3829 3305 3869 non
3327 3829 3485 3883 nego
3507 3812 3882 3869 Eustathium

2222 3903 2591 3959 monasteria
2628 3903 2833 3975 aliqua
2853 3903 2947 3959 hic
2973 3904 3091 3959 illic
3122 3904 3291 3959 initio
3321 3904 3632 3959 instituere
3663 3902 3886 3974 potuis-

2223 4007 2287 4046 se
2311 4007 2324 4046 :
2350 3991 2458 4047 sed
2479 3992 2636 4061 dico,
2662 3992 2712 4046 si
2738 4008 2834 4047 res
2855 3993 2935 4049 ita
2956 3993 3051 4059 sit,
3076 3993 3222 4048 mihi
3244 3993 3645 4048 certissimum
3673 3991 3883 4057 videri,

2224 4080 2684 4155 Eustathianam
2706 4080 2872 4137 illam
2897 4082 3136 4138 vivendi
3156 4098 3435 4138 normam
3456 4082 3518 4138 in
3540 4081 3654 4136 illis
3678 4095 3885 4137 mone-

2224 4167 2415 4223 steriis
2452 4183 2671 4240 parum
2707 4168 2812 4226 diu
2849 4169 3135 4239 viguisse,
3176 4170 3257 4227 ob
3295 4169 3559 4225 hominis
3589 4168 3889 4225 odiosissi-

2223 4272 2395 4312 mum
2416 4272 2661 4327 nomen,
2685 4259 2857 4331 eique
2880 4259 3238 4316 Basilianam
3262 4260 3463 4316 statim
3490 4258 3886 4329 subrogatam

2224 4345 2435 4414 fuisse,
2489 4347 2569 4404 ob
2610 4348 2865 4421 piissimi
2921 4364 2992 4405 ac
3051 4349 3384 4406 doctissimi
3436 4348 3740 4421 scriptoris
3800 4346 3886 4406 fa-

2226 4451 2418 4493 mam.

2406 4528 2434 4594 §
2461 4528 2551 4583 XI.
2583 4528 2739 4585 Pars
2779 4533 3012 4596 octava,
3049 4531 3113 4584 in
3151 4542 3273 4600 qua
3302 4529 3377 4586 de
3403 4528 3708 4599 Epilimiis

2865 4618 3240 4688 disputatur.

2297 4706 2386 4761 49.
2430 4706 2726 4779 Epitimia,
2767 4706 2843 4764 de
2885 4707 3113 4781 quibus
3144 4708 3439 4765 disserere
3471 4723 3633 4764 nunc
3677 4721 3886 4777 aggre-

2226 4795 2379 4866 dior,
2402 4812 2525 4852 non
2550 4796 2762 4853 eodem
2792 4796 2925 4853 loco
2951 4797 3011 4853 in
3043 4798 3301 4855 editione
3333 4797 3652 4855 Parisiensi
3680 4796 3885 4867 legun-

2227 4889 2357 4941 tur:
2398 4887 2562 4957 quod
2603 4886 2687 4942 ita
2726 4885 2953 4943 factum
2993 4892 3099 4951 est,
3133 4893 3199 4944 ut
3226 4903 3299 4943 ea
3327 4904 3461 4960 quae
3492 4902 3635 4943 vera
3665 4902 3733 4942 ac
3758 4901 3884 4956 ger-

2226 4991 2413 5031 mana
2450 4992 2580 5031 esse
2618 4976 3013 5048 putabantur,
3064 4994 3100 5035 a
3136 4977 3301 5033 falsis
3329 4982 3509 5050 atque
3537 4976 3883 5033 adulterinis

2227 5070 2697 5122 secernerentur.
2732 5069 2853 5138 Ego
2892 5073 3118 5133 autem,
3157 5067 3262 5140 qui
3300 5067 3376 5125 de
3407 5068 3694 5123 omnibus
3725 5066 3883 5123 idem

2222 5154 2520 5227 judicium
2544 5156 2664 5223 tuli,
2700 5157 2908 5214 omnia
2931 5157 3111 5214 simul
3132 5157 3370 5214 edenda
3396 5173 3526 5213 esse
3548 5156 3784 5213 censui:
3811 5172 3883 5212 eo

2226 5245 2424 5317 magis
2451 5247 2617 5319 quod
2639 5248 2700 5303 in
2721 5263 2845 5304 uno
2867 5247 3075 5304 codice
3089 5247 3268 5318 Regio
3291 5247 3666 5303 continenter
3687 5245 3885 5316 legan-

2227 5338 2341 5391 tur.
2390 5336 2549 5393 Ordo
2578 5337 2826 5410 quidem
2867 5336 3233 5409 postulabat,
3284 5342 3349 5392 ut
3398 5338 3567 5410 prius
3600 5336 3673 5391 de
3716 5335 3882 5408 Epiti-

2226 5426 2361 5481 miis
2382 5443 2623 5497 agerem
2655 5443 2840 5499 quam
2862 5427 2937 5482 de
2959 5426 3307 5482 monasticis
3332 5425 3876 5494 Constitutionibus,

2225 5531 2364 5572 cum
2397 5533 2469 5573 ea
2497 5522 2634 5572 ante
2666 5518 2831 5593 ipsas
2861 5518 3169 5589 posuerim
3204 5533 3216 5571 :
3251 5516 3361 5571 sed
3387 5516 3677 5588 quoniam
3710 5530 3879 5584 argu-

2222 5611 2450 5677 menta,
2483 5607 2706 5679 quibus
2738 5622 2882 5662 usus
2912 5622 3047 5663 sum
3071 5606 3290 5678 partim
3319 5605 3381 5662 in
3409 5603 3745 5677 probandis
3776 5606 3873 5660 Re-
