4058 6192
155 272 254 327 533

1691 270 2076 332 amulo.
2166 236 2170 240 ’

3483 304 3592 358 134

144 395 314 490 gulis,
331 393 576 490 partim
589 394 654 451 in
659 393 1066 490 repudiandis
1079 392 1634 490 Constitutionibus,
1652 397 1826 452 erant
1850 397 1897 450 A
1930 395 2146 456 siliana
2163 414 2296 457 esse
2322 403 2550 473 judico.
2574 409 2642 464 Et
2661 407 2877 468 sienim
2905 412 3161 473 Basilius
3200 422 3432 490 passim
3460 389 3610 482 ser-l

143 485 468 556 ejusmodi,
505 490 579 540 ut
618 483 742 542 alia
791 484 871 542 ab
917 483 1050 540 aliis
1096 483 1448 556 penderent,
1485 483 1712 542 idcirco
1751 498 1827 541 ea

139 575 429 632 continua
475 575 766 631 oratione
810 588 1155 646 proponere
1203 573 1528 640 constitui;
1569 571 1828 632 verebar
1873 568 1875 571 ’

139 664 287 720 enim
309 680 414 728 ne,
442 664 498 720 si
522 679 566 718 a
587 679 656 718 se
681 662 946 719 invicem
967 662 1410 730 divellerentur,
1431 661 1708 734 ipsorum
1730 660 1823 716 vis

137 769 202 809 ac
228 753 488 825 pondus
521 753 933 808 minueretur.
965 755 1099 808 Haec
1131 752 1313 822 igitur
1343 767 1530 808 causa
1560 750 1690 818 fuit,
1719 765 1828 806 cur

135 844 188 897 in
207 843 374 898 hunc
401 841 631 897 locum
661 841 942 913 Epitimia
974 841 1306 911 rejecerim.
1337 843 1426 897 lta
1455 845 1659 896 autem
1693 852 1827 895 sen‘

135 933 192 988 tit
213 931 636 988 doctissimus
668 931 763 987 vir
793 930 1192 987 Combeﬁsius
1224 932 1327 1001 (a),
1363 936 1428 986 ut
1456 929 1666 985 omnia
1694 928 1824 984 haec

133 1030 403 1103 Epitimia
437 1028 672 1086 Basilii
702 1029 906 1100 potius
947 1044 1136 1102 quam
1165 1028 1410 1086 alterius
1449 1043 1579 1084 esse
1606 1030 1772 1102 putet
1806 1048 1820 1088 :

135 1122 218 1178 alii
247 1137 397 1176 vero
421 1119 752 1176 duntaxat
774 1136 986 1176 eorum
1011 1124 1247 1192 partem
1279 1119 1496 1175 Basilio
1527 1117 1821 1176 tribuunt.

135 1211 271 1276 Quid
297 1215 530 1267 autem
557 1210 638 1266 de
665 1209 960 1283 Epitimiis
981 1210 1236 1267 sentiam
1266 1210 1416 1282 ipse,
1445 1208 1677 1280 aperire
1699 1222 1822 1266 non

131 1300 399 1356 omittam
409 1299 592 1365 .Sed,
607 1302 955 1370 antequam
966 1314 1098 1354 rem
1109 1295 1819 1368 aggrediar,existimavi,

129 1406 192 1444 ne
211 1390 435 1460 aliqua
459 1388 761 1444 confusio
787 1389 1182 1455 suboriretur,
1201 1386 1480 1460 Epitimia
1500 1385 1602 1444 illa
1625 1385 1826 1443 intres.

127 1478 346 1534 classes
362 1475 736 1533 dividenda
750 1492 910 1536 esse.
931 1477 1150 1543 Prima,
1173 1477 1380 1548 priora
1405 1474 1688 1533 undecim
1710 1489 1822 1531 no-

125 1574 248 1624 strae
296 1568 614 1624 editionis
661 1566 944 1639 Epitimia
983 1568 1416 1638 complectetur
1458 1582 1473 1621 :
1526 1563 1817 1640 secunda,

1931 500 2178 584 monent
2207 490 2461 550 instituit
2487 495 2562 550 de
2593 500 3046 571 communitate,
3075 522 3180 562 seu
3213 508 3286 564 de
3315 510 3449 584 ipso
3468 514 3585 572 fra-

1932 577 2092 674 trum
2113 586 2431 674 conventu,
2454 599 2765 674 nusquam
2789 593 3010 658 tamen,
3027 598 3092 650 ut
3104 594 3234 664 jam
3254 577 3465 657 monui
3481 605 3586 674 (c),

1933 666 1992 717 in
2024 666 2303 723 Asceticis
2331 671 2456 726 suis
2486 673 2762 741 genuinis
2788 692 2936 734 voce
2966 679 3190 736 συνοδία
3220 702 3366 743 usus
3387 666 3497 748 est:
3517 666 3585 748 ll;

1931 748 2039 806 lud
2083 769 2350 828 quoque,
2394 764 2530 812 κατὰ
2581 766 2666 814 τὸν
2714 764 2921 818 εἰπόντα
2966 769 3134 840 οἷγιον,
3180 774 3585 838 adulterinum

1933 855 2070 940 esse
2091 844 2239 940 mihi
2269 846 2522 906 videtur.
2553 851 2810 911 Basilius
2837 857 3018 927 enim,
3042 859 3146 917 ubi
3176 864 3318 921 citat
3348 876 3586 940 aposto-

1932 929 2058 988 lum
2089 934 2361 1004 Paulum,
2394 939 2536 998 citat
2563 948 2765 1000 autem
2796 947 3148 1018 saepissime,
3180 929 3584 1018 tamenmullo

1933 1018 2068 1119 loco
2099 1022 2446 1119 simpliciter
2474 1030 2642 1097 dixit,
2684 1035 2709 1084 ὁ
2748 1035 2922 1106 ἅγιος.
2963 1042 3091 1096 lmo
3137 1043 3319 1100 etiam
3361 1048 3583 1119 epithe-

1931 1113 2061 1202 tum
2110 1111 2300 1202 illud,
2358 1118 2384 1168 ὁ
2436 1118 2622 1189 ἅγιος,
2682 1137 2986 1196 nusquam
3044 1132 3212 1200 apud
3270 1111 3580 1202 Basilium,

1932 1199 2039 1258 ubi
2087 1201 2161 1258 de
2212 1205 2393 1262 Paulo
2448 1211 2723 1280 apostolo
2766 1229 2967 1271 sermo
3021 1199 3296 1288 habetur,
3351 1199 3586 1284 adhibi-

1932 1292 2668 1386 tum‘fuisserinvenitur.
2722 1305 2788 1358 Et
2843 1304 2992 1362 illud
3044 1309 3268 1367 addere
3323 1316 3579 1386 possim,

1929 1381 2098 1453 quod
2149 1383 2404 1441 Basilius
2447 1403 2588 1446 cum
2630 1392 2975 1452 testimonia
3028 1381 3392 1470 quaedam—e
3434 1381 3582 1468 Scri;

1929 1476 2106 1562 plura
2128 1474 2369 1546 profert,
2394 1478 2717 1550 scriptores
2744 1498 2950 1539 sacros
2979 1485 3042 1542 in
3072 1487 3192 1544 ﬁne
3222 1491 3455 1562 periodi
3477 1510 3582 1552 nov

1931 1559 2162 1620 minare
2206 1577 2331 1622 non
2379 1565 2589 1623 soleat.
2618 1571 2770 1639 Ergo
2813 1571 2863 1627 si
2900 1572 3119 1632 horum
3164 1559 3581 1650 Epitimiorum

125 1635 931 1730 reliquomniaadusque
953 1635 1642 1725 sexagesimum:tertia
1659 1635 1820 1712 com-
1852 1635 1897 1690 Β
1930 1654 2085 1738 esset
2133 1657 2364 1724 auctor,
2413 1657 2642 1718 omissa
2687 1635 2833 1716 voce
2881 1662 3048 1733 ᾶγίος,
3099 1635 3230 1738 qui;

125 1748 469 1820 prehende!
497 1745 763 1804 alterius
787 1745 1027 1817 generis
1055 1745 1351 1818 Epitimia,
1381 1760 1519 1816 quae
1545 1761 1583 1802 a
1611 1743 1822 1800 nescio

123 1838 345 1911 quibus
401 1839 500 1894 ita.
551 1835 853 1905 inscripta
897 1839 1058 1902 sunt,
1107 1833 1374 1907 Ἐπιτίμια
1420 1833 1492 1894 εἰς
1529 1836 1624 1895 τὰς
1661 1851 1818 1885 καθο-

125 1931 282 1992 ταάς,
333 1927 659 1996 Epitimia
705 1926 772 1982 in
817 1925 1161 1982 canonicos.
1204 1923 1482 1995 Epitimia
1522 1922 1734 1994 prima;
1763 1925 1821 1978 et

126 2017 305 2072 tertia
328 2015 570 2072 classis
601 2018 901 2086 tanquam
931 2013 1197 2083 genuina
1234 2012 1298 2070 in
1339 2010 1659 2070 Parisiensi
1695 2010 1818 2068 edi-

129 2107 281 2162 tione
307 2105 534 2178 posita
563 2108 715 2159 sunt
736 2107 878 2160 ante
900 2095 1266 2159 monasticas
1295 2100 1762 2158 Constitutiones
1799 2115 1814 2154 :

132 2202 189 2250 at
551 2192 868 2259 secundm,
892 2195 1186 2265 tanquam
1210 2189 1552 2248 adulterina
1569 2192 1712 2261 post
1729 2189 1818 2262 ip-

137 2300 227 2340 sas
253 2284 504 2355 reiecta
537 2288 708 2340 sunt.
749 2282 848 2338 llis
885 2280 1088 2349 dictis,
1117 2279 1595 2352 disputationem
1616 2279 1815 2349 ingre-

138 2374 394 2430 dimur.
432 2371 723 2431 Arbitror
761 2371 1013 2444 quidem
1044 2369 1325 2444 Epitimia
1353 2369 1563 2426 omnia
1595 2384 1818 2441 suppo-

141 2464 310 2520 sititia
339 2478 489 2519 esse
519 2465 713 2533 atque
742 2459 1104 2528 adulterina,
1133 2459 1240 2516 sed
1269 2459 1356 2516 ita
1369 2463 1677 2527 tamen,ut
1697 2457 1817 2516 alia

142 2553 262 2609 aliis
287 2554 527 2626 pejora
551 2552 698 2618 sint,
716 2551 1105 2622 majoresque
1131 2566 1202 2608 ac
1221 2549 1624 2607 evidentiores
1643 2563 1812 2621 pere-

141 2642 439 2712 grinitatis
461 2645 650 2697 notas
679 2655 806 2712 prae
838 2655 901 2695 se
931 2639 1144 2696 ferant.
1177 2639 1271 2716 Ad
1299 2638 1468 2712 quod
1499 2653 1691 2708 genus
1718 2653 1814 2694 re-

140 2731 388 2788 ferenda
411 2745 558 2787 esse
588 2734 742 2801 puto
767 2745 861 2797 ea,
893 2745 1034 2801 quae
1077 2729 1141 2785 in
1171 2729 1441 2786 secunda
1467 2727 1660 2784 classe
1696 2727 1816 2784 col-

1928 1737 2187 1833 loquens
2219 1758 2339 1799 non
2372 1745 2672 1817 utebatur,
2712 1748 2796 1806 ita
2833 1752 3035 1822 potius
3071 1755 3431 1828 scripsisset,
3461 1783 3581 1833 χω-

1925 1829 2155 1903 ριζέσθω
2202 1833 2228 1884 ὁ
2277 1842 2512 1898 τοιοῦτος
2555 1845 2651 1899 τῆς
2700 1837 2952 1902 συνοδίας
2997 1846 3275 1915 παντελῶς,
3321 1829 3581 1908 mea?»

1928 1918 2154 2011 εἰπόντα,
2189 1926 2367 1998 Μικρὰ
2391 1925 2553 1997 ζύμη,
2587 1932 2720 1996 etc.,
2739 1938 3058 1998 separetur
3081 1950 3333 2004 prorsus
3361 1943 3468 2011 qui
3495 1949 3580 1998 est

1925 2010 2222 2100 ejusmodi
2266 2028 2304 2068 a
2351 2017 2800 2082 communitate,
2835 2021 3026 2089 juxta
3077 2038 3208 2082 eum
3257 2030 3362 2099 qui
3375 2010 3577 2100 dixit,

1927 2119 1955 2144 ιι
1995 2099 2301 2159 Modicum
2325 2103 2714 2175 fermentum,
2748 2129 2776 2160 ιο
2804 2114 2916 2165 etc.
2947 2113 3065 2166 Nec
3089 2099 3582 2184 praetereundum

1925 2186 2181 2257 silentio,
2208 2205 2422 2250 vocem
2454 2191 2678 2247 συνοδία
2707 2196 2770 2253 in
2815 2199 3086 2270 epitimio
3126 2203 3449 2263 undecimo
3486 2224 3580 2264 re~

1922 2277 2047 2377 peti
2080 2295 2094 2333 :
2126 2294 2266 2352 quas
2310 2282 2480 2377 vocis
2505 2283 2778 2377 insolitae
2822 2290 3116 2360 repetitio,
3149 2292 3370 2351 borum
3405 2297 3581 2369 Epiti-

1923 2371 2190 2424 miorum
2219 2371 2708 2442 peregrinitatem
2742 2378 2939 2447 magis
2966 2395 3037 2436 ac
3063 2383 3261 2451 magis
3281 2384 3532 2444 indicat.

1996 2460 2083 2512 50.
2111 2459 2409 2516 Hactenus
2427 2459 2502 2516 de
2523 2461 2720 2532 prima
2740 2465 2931 2522 classe
2952 2468 3368 2538 Epitimiorum
3385 2491 3398 2529 :
3415 2489 3578 2532 nunc

1923 2545 1998 2602 de
2034 2547 2206 2604 tertia
2229 2547 2677 2608 disserendum.
2712 2555 2776 2608 Et
2813 2554 2908 2610 hic
2947 2571 3194 2629 quoque
3231 2562 3442 2632 paucis
3470 2563 3576 2620 ab-

1925 2635 2178 2696 solvam.
2210 2637 2367 2694 Sane
2390 2654 2514 2696 non
2542 2641 2718 2698 video
2750 2657 2998 2702 causam
3024 2645 3228 2714 ullam,
3261 2665 3368 2706 cur
3396 2649 3580 2723 hujus

1925 2723 2134 2784 classis
2157 2727 2438 2798 Epitimia
2459 2729 2881 2800 probarentur,
2905 2749 3044 2792 cum
3079 2736 3281 2808 priora
3298 2739 3468 2810 prius
3492 2757 3581 2797 re-

139 2820 485 2877 locavimus
525 2835 540 2874 :
575 2823 644 2874 at
683 2818 896 2890 prima:
935 2834 1007 2874 ac
1050 2818 1236 2876 tertiae
1273 2817 1486 2908 classis
1534 2816 1818 2908 Epitimia
1847 2854 1886 2908 Ο
1923 2813 2176 2908 pudiata
2197 2816 2343 2908 sint;
2367 2832 2514 2908 nam
2532 2818 2608 2876 de
2629 2820 2914 2878 omnibus
2937 2824 3159 2893 pariter
3179 2825 3394 2886 siletur
3411 2830 3581 2902 apud

141 2916 194 2965 et
216 2913 359 2982 ipsa
387 2923 656 2982 quoque
698 2923 840 2966 meo
882 2908 1133 2979 quidem
1177 2907 1410 2978 judicio
1439 2907 1646 2979 spuria
1677 2912 1817 2963 sunt

143 3007 194 3056 et
227 3002 573 3073 peregrina
605 3015 620 3053 :
657 2997 785 3064 sed,
819 3002 886 3053 ut
913 2997 1056 3064 dixi,
1092 2998 1330 3054 minora
1365 2999 1567 3059 νοθείας
1593 2997 1818 3053 indicia

145 3091 502 3161 pratorum.
535 3087 831 3160 Incipiam
861 3086 941 3143 ab
970 3087 1264 3158 Epitimiis
1293 3087 1505 3159 primae
1535 3103 1607 3143 ac
1635 3087 1816 3143 tertias

147 3179 398 3247 classis;
462 3183 686 3250 postea
738 3177 816 3232 de
874 3175 1146 3233 secunda
1205 3176 1395 3232 classe
1459 3175 1813 3248 disputabo.

150 3267 424 3325 Primum
473 3266 784 3339 ejusmodi
833 3266 1250 3339 Epitimiorum
1289 3267 1579 3338 antiquus
1613 3264 1817 3322 nullus

149 3359 405 3431 scriptor
426 3356 808 3414 mentionem
835 3370 1112 3428 unquam
1139 3354 1280 3411 fecit
1309 3371 1323 3410 :
1355 3355 1576 3411 deinde
1603 3356 1666 3410 in
1692 3369 1816 3411 uno

149 3446 454 3504 duntaxat
503 3449 610 3502 aut
641 3444 830 3502 altero
875 3444 1063 3502 veteri
1094 3443 1252 3500 libro
1280 3443 1680 3516 reperiuntur.
1707 3446 1816 3500 Ac-

149 3537 324 3602 cedit,
351 3534 537 3608 quod
580 3533 776 3591 multa
812 3538 920 3590 aut
959 3548 1114 3590 nove
1151 3533 1317 3590 diota
1342 3533 1483 3600 sint,
1511 3537 1619 3589 aut
1653 3547 1816 3590 novo

151 3627 429 3700 quodam
481 3623 674 3680 modo
719 3623 1116 3695 accipiantur.
1167 3622 1488 3694 Exempla,
1531 3627 1595 3679 ut
1639 3621 1816 3694 quid-

153 3732 266 3789 que
321 3718 652 3781 occurret,
717 3713 1047 3785 proferam.
1104 3713 1198 3769 Sic
1245 3712 1426 3782 igitur
1480 3713 1544 3770 in
1597 3717 1818 3784 quarto

154 3807 364 3878 prima
417 3803 644 3862 classis
682 3802 950 3874 epitimio
979 3801 1270 3873 scriptum
1312 3801 1616 3859 invenitur
1649 3802 1814 3874 (pag.

154 3900 272 3964 527)
332 3914 346 3951 :
407 3897 479 3948 εἰ
532 3912 618 3952 τις
667 3890 875 3964 ὑϐρίζοι
926 3893 956 3950 ἣ
1013 3889 1385 3962 ἀντιλέγοιμη.
1440 3895 1531 3944 καὶ
1586 3895 1657 3964 μὴ
1713 3891 1818 3944 ὑπ-

154 3988 324 4038 ακούει
375 3985 519 4057 μετὰ
570 3983 749 4041 πάσης
797 3988 894 4041 τῆς
948 3977 998 4032 ἓν
1050 3986 1268 4052 Χριστῶ
1325 3985 1522 4052 χαρᾶς,
1563 3982 1634 4041 ὡς
1679 3979 1818 4038 πλη-

1925 2903 2230 2975 antiquos.
2250 2906 2466 2964 Omnia
2496 2906 2558 2966 in
2587 2925 2709 2968 uno
2739 2909 3037 2974 duntaxat
3059 2920 3164 2972 aut
3189 2915 3376 2974 altero
3401 2920 3581 2986 veteri

1920 2989 2077 3048 libro
2098 2994 2508 3053 inveniuntur.
2537 3000 2826 3055 Prteterea
2851 3017 2991 3058 cum
3010 3004 3220 3062 oculos
3241 3007 3499 3078 conjicio
3517 3009 3580 3066 in

1924 3081 2262 3153 epitimium
2294 3085 2656 3149 secundum,
2691 3087 2838 3146 mihi
2867 3092 3232 3160 persuadere
3270 3109 3395 3152 non
3419 3113 3581 3168 queo

1924 3171 2228 3240 ejusmodi
2250 3173 2530 3246 Epitimia
2549 3175 2746 3238 Basilii
2777 3179 2973 3248 Magni
2993 3196 3146 3238 esse.
3179 3187 3244 3240 ln
3269 3199 3344 3242 eo
3372 3191 3576 3244 autem

1922 3259 2006 3316 ita
2054 3259 2272 3331 legitur
2313 3267 2484 3336 (pag.
2545 3268 2714 3331 530):
2745 3265 2804 3320 Ἠ
2835 3265 3275 3343 βλασφημήσασά
3315 3293 3433 3327 τινα
3476 3285 3576 3329 τῶν

1923 3347 2289 3423 πρεσϐυτίδων
2345 3362 2445 3406 τῶν
2492 3361 2908 3430 πεπιστευμένων
2957 3355 3248 3415 διατυποῡν
3295 3365 3362 3416 τὰ
3409 3363 3458 3416 ἐν
3505 3375 3579 3420 τῶ

1927 3438 2264 3518 ἁσκητηρίῳ,
2310 3442 2640 3519 ἁφοριζέσθω
2687 3443 2962 3519 ἑϐδομάδα
3010 3455 3154 3522 μίαν.
3216 3452 3357 3520 Quae
3403 3457 3582 3513 male-

1924 3532 2085 3590 dixit
2115 3534 2308 3592 alicui
2349 3549 2426 3590 ex
2465 3535 2768 3592 sororibus
2806 3553 2937 3608 qua:
2965 3540 3145 3596 rebus
3187 3545 3464 3600 asceterii
3491 3561 3582 3602 re-

1923 3623 2136 3694 gendis.
2145 3630 2596 3693 proponuntur,
2611 3632 2966 3684 exterarum
2983 3630 3264 3696 privetur
3281 3638 3583 3692 consortio

1927 3712 2362 3771 hebdomadam
2393 3727 2600 3770 unam.
2631 3712 2784 3770 Illud
2805 3715 2969 3772 enim
2998 3718 3323 3794 ἢσκητύριον
3342 3721 3582 3782 insolito

1925 3801 2153 3860 dictum
2203 3805 2311 3871 est,
2355 3817 2466 3857 nec
2499 3817 2785 3874 usquam,
2816 3805 3048 3875 opinor,
3079 3822 3153 3864 ea
3178 3823 3322 3865 voce
3351 3810 3412 3868 in
3457 3813 3582 3870 suis

1926 3891 2212 3948 Asceticis
2254 3890 2532 3961 genuinis
2562 3907 2708 3948 usus
2746 3899 2836 3950 est
2865 3894 3142 3954 Basilius.
3177 3901 3261 3956 lta
3285 3902 3580 3974 scriptum

1927 3985 2016 4038 est
2065 3979 2404 4053 epitimium
2456 3980 2763 4039 decimum
2821 3984 3080 4054 tertium,
3137 3992 3201 4044 ut
3252 3990 3580 4050 verborum

151 4083 379 4148 ροφορῶν
437 4073 622 4138 αὐτόν,
671 4069 777 4128 ubi
829 4069 1088 4127 verbum
1139 4067 1481 4142 πληροφορεῖν
1529 4069 1689 4129 sumi
1737 4070 1817 4128 vi'

1928 4069 2079 4126 ordo
2102 4085 2229 4127 non
2253 4085 2472 4142 parum
2501 4071 2838 4143 displiceat.
2883 4074 2976 4130 Sic
3005 4079 3208 4134 autem
3228 4076 3448 4150 legitur
3475 4099 3488 4137 :
3520 4081 3579 4137 'H

150 4163 323 4220 detur
359 4176 487 4235 pro
529 4175 626 4226 eo,
665 4156 834 4230 quod
862 4162 974 4224 est,
1006 4158 1258 4216 nimium
1305 4157 1371 4214 in
1407 4170 1470 4214 se
1498 4156 1816 4225 confidere,

152 4259 202 4309 et
237 4255 304 4309 in
359 4266 481 4309 suo
529 4263 712 4306 sensu
761 4247 1080 4306 abundare
1110 4288 1126 4314 ,
1179 4262 1322 4306 cum
1385 4250 1591 4306 tamen
1653 4245 1822 4318 apud

151 4343 449 4400 Basiliam
498 4355 614 4411 pro
661 4337 1044 4408 persuadere,
1099 4342 1207 4395 aut
1251 4338 1566 4396 certiorem
1611 4337 1826 4406 facere

155 4429 447 4505 usurpari
522 4427 717 4484 soleat
778 4427 876 4499 (b).
943 4425 1138 4484 Verba
1211 4441 1349 4498 qua:
1424 4441 1567 4484 mox
1637 4426 1825 4484 excri"

152 4522 314 4588 bam,
352 4523 618 4591 sumpta
642 4521 784 4574 sunt
819 4532 895 4573 ex
930 4515 1203 4588 epitimio
1231 4520 1468 4574 octavo.
1501 4514 1591 4572 lbi
1617 4519 1822 4574 autem

152 4614 230 4670 ita
253 4612 528 4682 legitur:
557 4608 618 4664 Εἰ
647 4604 708 4661 δὲ
735 4610 927 4664 τούτων
955 4611 1234 4680 γινομνων
1266 4605 1477 4679 ἁμελοίη
1509 4615 1606 4668 τῆς
1635 4606 1820 4664 ἑαυτοῦ

156 4708 448 4775 σωτηρίας,
479 4699 800 4772 χωριζέσθω
824 4699 851 4751 ὀ
879 4706 1112 4760 τοιοῦτος
1139 4706 1236 4760 τῆς
1262 4693 1513 4759 συνοδίας
1539 4697 1820 4760 παντιλῶς.

155 4799 325 4867 κα.ρά
355 4794 468 4864 γὰρ
498 4791 644 4860 ζύμη
675 4787 786 4842 ὅλον
814 4791 875 4840 τὸ
901 4791 1112 4861 φύραμα
1133 4787 1311 4859 ζυμοῖ,
1335 4789 1470 4840 κατὰ
1497 4790 1586 4840 τὸν
1613 4786 1822 4840 ιίπόντα

157 4881 315 4950 ἄγω-ο.
353 4879 540 4948 Quod
563 4880 621 4934 si
646 4878 740 4934 his
763 4877 950 4946 factis
979 4879 1317 4948 neglexerit
1334 4891 1506 4934 suam
1537 4877 1819 4943 salutem,

153 4978 476 5041 separetur
497 4983 756 5038 prorsus
795 4968 903 5038 qui
942 4973 1028 5022 est
1073 4966 1367 5037 ejusmodi
1414 4982 1452 5024 a
1489 4969 1820 5024 communi-

160 5069 290 5132 tate,
315 5077 468 5118 nam
503 5082 535 5110 α
564 5060 872 5116 Modicum
910 5058 1280 5128 fermentum
1335 5063 1521 5114 totam
1559 5072 1818 5115 massam

161 5154 491 5223 campi:
516 5151 585 5217 “,
616 5170 645 5199 ν
673 5155 743 5206 ut
769 5153 1018 5206 sanctus
1039 5149 1201 5205 dixit
1221 5163 1245 5205 :
1271 5146 1378 5205 ubi
1405 5146 1529 5206 duo
1555 5163 1682 5205 non
1710 5149 1820 5205 Ba-

223 5308 269 5341 “
307 5305 508 5364 Galat.
540 5320 602 5371 v,
638 5307 694 5362 9.

227 5461 305 5520 to)
337 5459 535 5515 Basil.
568 5469 804 5513 recens.
840 5455 985 5509 tom.
1022 5453 1090 5522 ll,
1112 5466 1259 5524 pag.
1291 5453 1418 5508 225.

232 5549 301 5617 (ὁ)
335 5550 487 5619 Lege
516 5563 578 5604 n.
611 5548 704 5602 38.

1926 4169 2403 4233 καταφρονητικῶς,
2454 4163 2586 4233 μετὰ
2633 4157 2790 4221 δῆθεν
2821 4164 3060 4236 ἡσυχίας
3103 4170 3176 4239 μὴ
3217 4167 3493 4243 πληροῦσα
3519 4174 3580 4225 τό

1929 4247 2212 4323 ἐπίταγμα,
2245 4249 2594 4324 ἀφοριζέσθω,
2627 4256 2763 4322 etc.,
2799 4253 2877 4309 ad
2920 4254 3176 4312 verbum
3207 4273 3222 4312 :
3253 4259 3393 4327 Quae
3441 4277 3578 4319 con-

1931 4342 2220 4410 temptim,
2251 4356 2386 4397 cum
2415 4340 2612 4411 quiete
2635 4341 2911 4401 videlicet
2941 4359 3062 4400 non
3088 4346 3296 4416 implet
3323 4365 3583 4422 praecep-

1931 4436 2055 4486 tum
2059 4433 2446 4500 ,fcaiterarum
2468 4431 2766 4486 consortio
2781 4431 3075 4500 privetur,
3093 4440 3204 4491 etc.
3230 4436 3342 4494 Ubi
3364 4440 3581 4498 vocula

1928 4523 2000 4591 μή
2033 4519 2234 4590 posita
2258 4522 2346 4575 est
2369 4517 2508 4575 loco
2544 4533 2671 4575 non
2702 4534 2836 4576 suo.
2868 4521 2962 4578 Sic
2991 4523 3154 4580 enim
3176 4526 3380 4597 potius
3402 4528 3581 4587 scribi

1927 4607 2298 4680 oportuisset
2355 4623 2368 4663 :
2427 4606 2485 4660 Ἠ
2538 4619 3034 4683 καταφρονητικῶς,
3107 4619 3180 4686 μὴ
3237 4611 3393 4675 δῆθεν
3450 4622 3580 4690 μετὰ

1928 4700 2168 4769 ἡσυχίας
2185 4697 2461 4770 πληροῦσα
2479 4701 2538 4750 τὸ
2564 4696 2848 4770 ἐπίταγμα,
2871 4705 3007 4768 etc.,
3030 4703 3196 4774 quod
3221 4705 3300 4761 ad
3328 4707 3580 4763 verbum

1925 4786 2011 4843 ita
2050 4787 2430 4858 interpretari
2472 4785 2783 4844 licuisset:
2819 4788 2956 4856 Qua
3003 4796 3407 4862 contemptim,
3458 4811 3579 4852 non

1927 4883 2126 4934 autem
2157 4877 2354 4949 quiete
2390 4881 2448 4933 et
2479 4877 2716 4934 silentio
2755 4879 2964 4948 implet
2999 4887 3382 4952 praeceptum,
3425 4888 3576 4952 etc.;

1927 4965 2242 5039 atquehoc
2262 4970 2445 5038 pacto
2465 4982 2583 5024 vox
2597 4966 2883 5039 qualibet
2903 4973 3027 5025 tam
3044 4968 3244 5026 Graece
3263 4986 3450 5042 quam
3474 4971 3580 5030 La.

1925 5059 2048 5117 tine
2061 5058 2265 5114 locum
2278 5072 2455 5112 suum
2473 5056 2852 5114 obtinuisset.
2867 5060 2984 5114 Nec
2997 5059 3192 5129 magis
3205 5059 3401 5131 placet
3412 5063 3582 5135 quod

1926 5147 1989 5204 in
2041 5142 2312 5218 epitimio
2359 5141 2598 5199 decimo
2651 5142 2912 5215 septimo
2949 5142 3184 5212 legitur,
3223 5145 3285 5202 in
3332 5161 3459 5218 quo
3495 5147 3584 5208 ita

1989 5455 2068 5520 {cl
2100 5452 2276 5506 Num.
2309 5451 2397 5504 32.
