4058 6192
475 323 576 378 135
1983 291 2380 355 PRIEFATIO.
3788 292 3902 346 136

471 446 763 518 scriptum
812 447 899 500 est
944 443 1046 499 εἨ
1095 443 1225 515 μετὰ
1270 444 1364 497 τὴν
1415 435 1667 489 ἀπόλυσιν
1717 439 1816 483 τῶν
1869 425 2126 487 συνάξεων

2242 419 2553 476 timiorum
2583 417 2868 492 primum,
2891 417 2954 473 in
2983 419 3191 473 nostra
3215 414 3478 472 editione
3498 413 3907 488 quadragesi-

2239 525 2409 564 mum
2449 513 2733 580 quartum
2764 512 2877 575 est;
2925 505 3282 570 secundum,
3315 507 3599 576 quartum
3637 507 3696 559 et
3717 502 3907 575 quin-

471 535 726 609 ὀριιλοῦσοὶ
779 554 880 586 τινι
936 542 1035 586 τῶν
1094 532 1188 594 ἔξω
1241 535 1534 602 ⁴γυναικῶν,
1587 520 1948 595 ἀφοριζέσθω,
2011 519 2130 578 etc,

2238 614 2686 670 quagesrmum.
2716 599 2795 652 Ex
2818 596 3042 669 quibus
3063 595 3204 652 satis
3226 594 3569 665 intelligitur
3588 593 3908 664 ejusmodi

473 629 613 695 Quae
639 631 773 696 post
802 625 1109 681 absolutas
1139 633 1400 689 synaxes
1444 631 1577 672 cum
1629 613 1838 682 aliqua
1879 611 2130 696 externa

469 692 720 774 muliere
737 712 1272 785 confabulabatur,
1289 713 1618 778 separetur,
1643 708 1755 757 etc.
1777 697 1923 754 Illud
1945 692 2129 788 enim,

468 816 567 858 τῶν
602 803 876 870 συνάξεων,
909 805 1124 873 praeter
1171 796 1369 853 Basilii
1416 789 1922 850 consuetudinem
1962 796 2131 855 posxo

469 903 599 954 tum
620 898 709 949 est
733 913 745 950 :
769 893 873 966 qui
906 890 1013 946 etsi
1045 883 1498 945 communionis
1517 896 1705 937 sacrm
1737 877 1950 933 crebro
1968 883 2135 927 men-

469 987 692 1043 tionem
717 964 876 1053 facit,
893 994 1199 1052 nusquam
1223 971 1626 1046 tamen,quod
1645 968 1897 1042 quidem
1917 964 2129 1028 sciam,

468 1094 615 1136 V008
651 1074 864 1136 σύναξις
892 1071 1096 1128 utitur.

541 1171 628 1222 5|.
664 1162 836 1230 Quod
873 1163 1002 1232 jam
1033 1158 1112 1214 ad
1149 1154 1430 1229 Epitimia
1461 1148 1748 1208 secunda:
1770 1143 1979 1202 classis
2004 1138 2131 1198 atti-

469 1264 593 1324 net,
625 1256 766 1312 talia
796 1257 955 1317 sunt,
981 1255 1042 1306 ut
1065 1249 1288 1304 mirum
1317 1246 1391 1300 sit
1428 1239 1904 1298 eruditissimum
1933 1233 2130 1288 virum

472 1345 902 1406 Combeﬁsium
941 1336 1245 1411 ejusmodi
1283 1332 1560 1407 Epitimia
1597 1345 1707 1402 pro
1737 1326 1889 1382 veris
1910 1339 1980 1380 ac
2004 1335 2131 1411 ger-

471 1437 670 1495 manis
694 1409 1037 1502 agnovisse,
1053 1431 1327 1484 autcerte
1349 1424 1407 1478 in
1429 1437 1565 1478 eam
1583 1417 1934 1491 opinionem
1954 1409 2129 1502 valde

473 1498 894 1600 propendisse.
919 1521 1066 1574 Cum
1097 1516 1256 1572 enim
1289 1511 1539 1568 dixisset
1564 1505 1860 1600 Epitimia,
1900 1516 2037 1600 quae
2068 1498 2129 1598 in

473 1595 794 1673 i’arisiensi
836 1609 1097 1666 editione
1141 1603 1390 1660 diversis
1429 1600 1577 1656 locis
1620 1596 1820 1670 posita
1867 1595 2027 1657 sunt,
2067 1595 2129 1643 in

474 1723 585 1764 suo
610 1702 789 1761 veteri
835 1699 988 1755 libro
1037 1695 1410 1752 continenter
1437 1689 1574 1760 legi,
1599 1688 1682 1743 sic
1711 1683 1974 1757 loquitur
2001 1681 2079 1750 (a)
2113 1693 2125 1731 :

473 1795 780 1854 Mazarini
797 1791 984 1847 codex
1003 1786 1206 1843 omnia
1221 1783 1402 1839 simul
1422 1779 1766 1848 complexus
1789 1777 1894 1840 est,
1912 1770 2129 1827 eidem-

474 1903 587 1959 que
607 1883 886 1951 ascripsit
909 1894 1041 1935 vero
1062 1881 1168 1934 aut
1188 1873 1527 1930 existimato
1549 1868 1779 1924 Basilio
1803 1883 1816 1919 :
1841 1878 1913 1919 ac
1928 1860 2131 1959 potius

474 1952 634 2042 uero,
667 1973 1010 2028 subnectens
1041 1969 1114 2023 iis
1152 1962 1455 2035 opusculis
1485 1974 1614 2030 quae
1644 1954 2039 2013 communiter
2068 1952 2129 2005 in

473 2065 702 2124 Basilii
718 2060 935 2131 Magni
967 2056 1245 2129 genuinis
1276 2055 1698 2108 numerantur.
1727 2048 1789 2100 Et
1808 2058 1951 2100 vero
1983 2043 2133 2114 quot

474 2159 616 2211 sunt
633 2166 814 2208 voces
842 2149 902 2204 in
923 2149 1039 2203 hac
1060 2143 1480 2217 Epitimiorum
1503 2139 1718 2204 classe,
1743 2139 1828 2190 tot
1847 2138 1987 2188 sunt
2011 2132 2131 2187 fere

473 2239 918 2318 peregrinitatis
940 2241 1098 2292 nota:
1124 2252 1136 2289 ε
1165 2231 1331 2305 quod
1358 2247 1430 2285 ex
1450 2243 1660 2284 eorum
1679 2224 1935 2318 lectione
1951 2219 2131 2318 ‘lacile

473 2311 511 2392 ᾗ
539 2311 757 2406 quovis
787 2325 1072 2397 cognosci
1110 2325 1326 2395 potest.
1363 2319 1462 2375 Hic
1493 2330 1741 2372 monere
1769 2313 1926 2379 volo,
1951 2311 2132 2406 hujus

474 2397 758 2478 secundae
781 2414 990 2473 classis
1015 2410 1354 2484 epitimium
1377 2408 1641 2480 primum
1673 2403 1733 2458 in
1763 2406 1967 2456 nostra
2005 2397 2130 2453 edi-

474 2511 636 2568 tione
661 2505 1095 2563 duodecimum
1145 2514 1293 2554 esse.
1335 2501 1396 2552 In
1439 2511 1511 2550 eo
1555 2499 1759 2550 autem
1798 2491 1879 2545 ita
1916 2488 2131 2557 legitur

475 2602 639 2673 (pag.
684 2601 803 2654 527)
833 2613 846 2650 :
891 2597 949 2646 Εἰ
986 2611 1067 2652 τις
1106 2588 1297 2651 ἐξέλθοι
1326 2593 1417 2637 τοῦ
1448 2587 1824 2658 μοναστηρίου,
1858 2584 1927 2652 μὴ
1961 2575 2129 2628 λαϐὼν

476 2689 709 2759 εὐλογίαν
741 2685 772 2742 ἢ
806 2682 1079 2740 ἀπολυθεὶς
1100 2681 1198 2730 ὑπὸ
1221 2684 1311 2728 τοῦ
1336 2669 1758 2747 ἀρχιμανδρίτου
1791 2672 1919 2742 μετὰ
1942 2668 2072 2739 εύχῆ
2087 2689 2126 2734 ς,

476 2782 610 2832 ἔστω
642 2776 1006 2832 ἀκοινώνητος.
1038 2771 1104 2825 Si
1151 2770 1282 2840 quis
1321 2764 1672 2837 egrediatur
1709 2776 1737 2818 e
1769 2760 2130 2816 monasterio

475 2885 598 2926 non
616 2872 864 2935 accepta
889 2860 1320 2923 benedictione,
1344 2861 1452 2912 aut
1476 2869 1597 2909 non
1620 2852 1899 2908 dimissus
1932 2851 2007 2905 ab
2030 2865 2128 2904 ar-

475 2955 890 3016 chimandrita
910 2966 1044 3007 cum
1064 2946 1427 3018 precatione,
1445 2959 1481 3000 a
1503 2943 1730 2999 exteris
1751 2942 2127 3009 sejungatur.

478 3050 646 3105 Certe
678 3047 966 3116 praestare
999 3037 1216 3103 ausim,
1241 3035 1394 3090 duas
1423 3033 1536 3089 has
1561 3047 1758 3097 voces,
1783 3033 2130 3102 μοναστήριον

477 3141 537 3193 et
575 3115 1023 3209 ἀρχίιμανδρίτης,
1066 3142 1202 3199 quae
1231 3137 1350 3179 non
1389 3122 1486 3177 hic
1518 3120 1738 3187 solum,
1770 3118 1878 3173 sed
1909 3117 1967 3173 in
2001 3115 2132 3172 aliis

477 3206 659 3283 etiam
682 3219 964 3293 epitimiis
986 3231 1146 3288 saepe
1166 3214 1468 3282 leguntur,
1498 3225 1805 3281 nusquam
1827 3206 1994 3278 apud
2025 3208 2132 3261 Ba-

478 3313 677 3369 silium
689 3306 956 3381 reperiri.
973 3304 1205 3359 Addere
1228 3299 1457 3373 possim
1478 3304 1536 3354 et
1557 3297 1676 3354 alia
1689 3295 1992 3352 vocabula
2011 3309 2134 3349 non

477 3417 677 3477 pauca
711 3400 773 3455 in
811 3396 1027 3452 iisdem
1056 3393 1171 3448 illis
1211 3387 1499 3463 Epitimiis
1543 3386 1772 3458 passim
1797 3399 2131 3446 occurrere,

477 3473 614 3565 quin
645 3489 695 3543 si
717 3501 840 3543 non
858 3484 1083 3549 omnia,
1099 3485 1160 3538 at
1172 3480 1459 3553 pleraque
1481 3481 1684 3533 tamen
1704 3475 1908 3530 minus
1932 3473 2134 3538 adhuc

482 3562 780 3636 Basiliana
805 3591 939 3632 esse
965 3570 1350 3629 videbuntur.
1379 3565 1590 3632 Qualia
1618 3568 1758 3620 sunt
1793 3563 1942 3630 haec,
1977 3562 2134 3638 ἀρχι-

478 3664 726 3735 κουνίτις,
758 3653 980 3732 κου’νιον,
1006 3661 1336 3730 amulos/iac,
1360 3662 1630 3731 μαφόριον,
1655 3651 1862 3727 ὅρδινος
1885 3655 2134 3724 ἡσυχασ-

479 3766 594 3829 τὴς,
647 3759 934 3830 ὁστιάριον,
969 3745 1512 3825 ἀρχιεϐδομαὸάριος,
1559 3760 1692 3817 quae
1743 3759 1944 3809 voces,
1991 3757 2134 3797 cum

482 3853 587 3906 aut
647 3847 865 3903 Latinae
921 3843 1060 3907 sint,
1122 3844 1227 3895 aut
1276 3836 1454 3893 valde
1506 3834 1785 3901 insolitae,
1840 3831 1983 3888 novi
2031 3830 2134 3886 ali-

479 3938 630 4013 quid
648 3935 826 3992 simul
846 3938 904 3989 et
928 3928 1225 4004 peregrini
1248 3926 1560 3982 manifeste
1585 3924 1886 4013 indicant:
1902 3924 1970 3976 Et
1985 3935 2132 3976 vero

483 4009 534 4084 si
587 4025 781 4084 Caroli
847 4020 1052 4090 Cangii
1119 4017 1495 4072 Glossarium
1547 4014 1818 4068 Graecum
1873 4009 2127 4079 legatur,

480 4115 563 4172 ibi
605 4115 825 4169 horum
875 4105 1289 4180 Epitimiorum
1329 4116 1451 4156 non
1481 4099 1798 4154 minimam
1835 4103 2068 4170 partem
2098 4112 2130 4152 e

479 4203 665 4260 veteri
694 4199 963 4274 quodam
989 4190 1383 4250 Paenitentiali
1411 4192 1611 4246 Graeco
1643 4187 1884 4242 citatam
1914 4184 2132 4240 intueri

478 4292 697 4349 licebit.
748 4290 887 4360 Ejus
925 4300 1116 4359 quam
1153 4281 1278 4337 dixi
1314 4281 1399 4336 rei
1439 4277 1717 4350 exempla
1758 4277 1881 4332 duo
1921 4291 1952 4332 e
1981 4291 2130 4332 voce

482 4383 804 4451 ὴσυχαστὴς
833 4375 1139 4450 proferam
1173 4389 1186 4426 :
1220 4387 1264 4426 ει
1292 4369 1386 4426 cui
1424 4367 1664 4424 libuerit
1692 4366 1894 4422 videre
1933 4365 2126 4437 plura,

483 4470 635 4527 alias
665 4484 819 4540 quas
868 4464 1053 4521 modo
1091 4461 1299 4518 notavi
1330 4474 1507 4515 voces
1552 4457 1614 4512 in
1652 4456 1785 4528 ipso
1828 4456 2130 4511 Glossario

2242 687 2518 759 Epitimia
2547 703 2670 742 non
2703 686 2940 752 Basilio,
2975 683 3083 741 sed
3116 683 3430 740 recentiori
3452 682 3719 754 cuipiam
3751 681 3905 737 scri-

2239 775 2396 847 ptori
2417 775 2740 832 tribuenda
2759 791 2908 831 esse.

2241 935 2268 1006 §
2307 938 2393 991 XI.
2437 937 2592 992 Pars
2623 951 2805 1004 nona,
2838 937 2942 991 ubi
2965 933 3395 1006 expenduntur
3430 932 3720 1006 opuscula
3750 931 3902 1006 duo,

2310 1023 2442 1077 qua?
2482 1002 2863 1075 Combeﬁsi‘us
2897 1023 3016 1063 non
3036 1002 3134 1062 'ita
3167 1005 3403 1074 pridem
3439 1006 3514 1077 in
3535 1018 3652 1077 suo
3678 1002 3904 1058 Basilio

2310 1075 2603 1134 recensito
2623 1094 2739 1148 pro
2771 1082 2939 1134 novis
2969 1093 3042 1135 ac
3068 1077 3348 1149 genuinis
3377 1075 3588 1132 edidit.

2311 1241 2396 1292 52.
2451 1240 2673 1294 Horum
2730 1237 3159 1310 opusculorum
3217 1234 3482 1308 primum
3528 1234 3611 1290 ita
3660 1232 3905 1289 exordi-

2235 1329 2336 1380 tur
2359 1327 2435 1391 (ὁ)
2468 1344 2480 1381 :
2517 1333 2620 1378 Τοῦ
2655 1332 2851 1400 Κυρίου
2886 1329 3030 1398 ἡμῶν
3061 1325 3234 1382 Ἰησου
3267 1331 3502 1397 Χριστοῦ
3530 1325 3901 1396 προστάσσον-

2238 1435 2344 1477 τοςο
2392 1415 2457 1467 Ὀ
2502 1415 2631 1488 λέγω
2680 1418 2798 1488 ὑμῖν
2839 1415 2889 1468 ἐν
2939 1423 3002 1488 τῇ
3065 1419 3271 1487 σκοτίᾳ,
3323 1418 3500 1466 εἴπατε
3540 1412 3587 1464 ἐν
3635 1421 3708 1483 τῷ
3739 1415 3898 1483 φωτί·

2238 1510 2328 1556 καὶ
2359 1505 2384 1556 ὃ
2414 1509 2545 1578 πρὸς
2569 1509 2626 1557 τὸ
2650 1502 2738 1565 οὖς
2771 1506 3049 1575 ἠκούσατε,
3081 1503 3338 1578 κῆρύξατε
3369 1502 3455 1554 ἐπὶ
3485 1511 3585 1553 τῶν
3617 1498 3901 1573 δωματωνο

2237 1600 2326 1646 καὶ
2375 1603 2466 1646 τοῦ
2523 1594 2862 1662 Ἀπὸστολου,
2923 1604 3019 1655 τῆς
3081 1602 3286 1655 σιωπῆς
3336 1596 3395 1644 τὸ
3453 1600 3617 1668 χρῖμα
3683 1590 3903 1663 φοϐερὸν

2240 1680 2552 1749 δεικνύντος,
2581 1688 2694 1739 etc.
2723 1685 2869 1739 Cum
2888 1686 3176 1739 Dominus
3202 1688 3406 1738 noster
3424 1683 3595 1738 Jesus
3617 1681 3906 1737 Christus

2163 1821 2200 1872 Β
2235 1773 2602 1842 praecipiat:
2630 1795 2658 1822 «
2692 1773 2860 1840 Quod
2913 1773 3074 1829 vobis
3103 1772 3236 1828 dico
3275 1773 3339 1828 in
3389 1771 3670 1840 tenebris,
3717 1771 3905 1825 dicite

2238 1863 2303 1918 in
2342 1864 2505 1933 luce;
2545 1868 2599 1918 et
2657 1863 2819 1935 quod
2874 1863 3100 1919 auditis
3146 1864 3208 1918 in
3254 1876 3376 1931 ore,
3415 1861 3750 1930 praedicate
3793 1875 3902 1915 su-

2235 1966 2349 2020 per
2380 1958 2534 2008 tecta
2560 1953 2607 1986 ⁴⁶
2632 1968 2645 2017 ;
2681 1974 2709 2001 »
2735 1953 3060 2021 Apostolus
3091 1952 3231 2006 item
3256 1951 3489 2006 silentii
3524 1949 3902 2005 tremendum

2231 2041 2536 2110 judicium
2585 2042 2920 2108 ostendens,
2964 2047 3077 2096 etc.
3127 2044 3209 2097 lta
3252 2044 3457 2098 autem
3496 2039 3755 2094 desinit:
3790 2037 3905 2090 Ἵνα

2239 2129 2488 2202 πληρωθῇ
2565 2127 2614 2180 ἐν
2674 2131 2793 2201 υμῖν
2850 2133 2908 2181 τὸ
2966 2131 3066 2180 ὑπὸ
3121 2132 3214 2180 τοῦ
3264 2127 3580 2181 Ἀποστόλου
3639 2127 3904 2199 εἰρημένον

2241 2218 2321 2270 ὅτι
2367 2225 2543 2270 Ταῦτα
2585 2221 2824 2292 παράθου
2874 2225 3086 2279 πιστοῖς
3129 2216 3442 2290 ἀνθρώποις,
3493 2217 3676 2276 οἱτινες
3732 2215 3900 2266 ἱκανοὶ

2241 2309 2446 2359 ἔσονται
2476 2313 2565 2358 καὶ
2595 2307 2799 2379 ἐτέρους
2831 2303 3071 2369 διδαξαιι
3106 2323 3223 2378 quo
3254 2308 3317 2362 in
3359 2306 3520 2362 vobis
3568 2305 3902 2373 impleatur

2239 2398 2400 2452 illud
2429 2399 2709 2466 Apostoli
2736 2414 2758 2452 .·
2789 2419 2818 2447 ‹‹
2851 2399 2996 2453 Haec
3025 2397 3373 2453 commenda
3399 2395 3681 2464 ﬁdelibus
3712 2395 3901 2449 homi-

2241 2487 2437 2556 nibus,
2478 2491 2586 2557 qui
2626 2493 2680 2543 et
2731 2487 2879 2543 alios
2929 2486 3142 2542 docere
3183 2491 3360 2541 erunt
3399 2485 3600 2540 idonei
3621 2485 3689 2538 η.
3729 2505 3757 2532 ››
3799 2482 3900 2537 Hic

2239 2575 2496 2648 quaestio
2528 2581 2637 2638 est,
2670 2575 2926 2631 fueritne
2950 2575 3067 2630 hoc
3097 2573 3466 2647 opusculum
3492 2571 3900 2643 conscriptum

2240 2664 2319 2720 ab
2349 2680 2441 2731 eo,
2475 2664 2577 2736 qui
2607 2664 2967 2729 Asceticum,
3003 2664 3171 2735 quod
3207 2668 3446 2733 vocant,
3473 2662 3536 2717 in
3562 2661 3756 2716 lucem
3779 2659 3899 2715 edi-

2241 2754 2346 2820 dit,
2376 2770 2455 2809 an
2484 2753 2562 2809 ab
2586 2753 2810 2827 aliquo,
2842 2754 2948 2826 qui
2976 2753 3230 2809 Ascetici
3268 2757 3477 2808 auctor
3505 2752 3656 2807 falso
3683 2750 3896 2806 haberi

2239 2843 2511 2899 voluerit.
2545 2843 2882 2899 Meminisse
2907 2847 3109 2898 autem
3128 2843 3321 2914 juvat,
3342 2857 3468 2897 non
3491 2840 3738 2911 intelligi
3758 2855 3896 2911 pro-

2237 2931 2365 3004 prie
2396 2930 2644 2986 Ascetici
2675 2930 2919 2986 nomine
2951 2931 3162 2987 omnia
3211 2931 3437 3002 scripta
3474 2929 3752 2995 ascetica,
3785 2927 3894 2983 sed

2240 3021 2538 3078 duntaxat
2582 3020 2814 3077 libellos
2843 3023 2930 3078 De
2962 3022 3198 3090 judicio
3242 3037 3312 3077 ac
3343 3022 3430 3077 De
3472 3020 3610 3089 ﬁde,
3655 3017 3896 3075 Moralia

2241 3115 2299 3167 et
2359 3109 2616 3180 Regulas
2665 3115 2793 3166 tam
2844 3109 3150 3166 breviores
3199 3125 3390 3182 quam
3437 3108 3760 3178 longiores.
3809 3107 3896 3162 Ex

2241 3215 2365 3272 quo
2391 3199 2476 3266 fit,
2509 3203 2575 3254 ut
2603 3198 2652 3254 si
2695 3198 2823 3253 haec
2866 3198 3400 3255 lucubratiuncula
3439 3213 3584 3254 vera
3623 3197 3697 3252 sit
3719 3200 3778 3252 et
3798 3210 3896 3266 ge-

2242 3288 2450 3355 nuina,
2490 3287 2832 3344 necessario
2876 3293 2982 3345 aut
3035 3288 3250 3344 Basilio
3293 3288 3620 3344 tribuenda
3659 3287 3753 3353 sit,
3792 3289 3900 3341 aut

2244 3379 2572 3446 Eustathio,
2600 3394 2740 3433 cum
2769 3377 3052 3434 alteruter
3079 3378 3421 3435 Asceticum
3459 3394 3532 3434 eo
3560 3393 3744 3450 quem
3772 3375 3899 3432 dixi

2241 3468 2426 3525 modo
2457 3472 2774 3540 acceptum
2818 3467 3102 3538 vulgasse
3130 3468 3209 3524 ab
3257 3467 3545 3524 omnibus
3592 3465 3892 3522 credatur.

2242 3557 2639 3615 Combeﬁsius
2668 3556 2836 3612 nullo
2879 3556 3063 3613 modo
3089 3557 3326 3613 dubitat
3359 3557 3509 3629 quin
3557 3556 3688 3612 haec
3730 3554 3896 3610 lucu-

2239 3647 2628 3704 bratiuncula
2649 3661 2795 3702 vera
2824 3645 2900 3702 sit
2921 3662 2991 3702 ac
3021 3661 3315 3715 germana
3348 3663 3360 3700 :
3388 3644 3794 3701 Tillemontius
3815 3645 3896 3714 (c)

2239 3754 2382 3794 vero
2413 3753 2550 3794 eam
2577 3735 2828 3808 quidem
2858 3752 2970 3808 pro
2999 3752 3140 3792 vera
3161 3736 3394 3801 habuit,
3425 3735 3532 3791 sed
3560 3736 3644 3792 ita
3669 3740 3891 3800 tamen,

2239 3833 2305 3884 ut
2330 3843 2454 3884 non
2482 3826 2738 3883 obscure
2769 3826 3064 3882 indicaret
3101 3842 3164 3881 se
3192 3841 3317 3882 non
3353 3825 3535 3896 longe
3563 3824 3777 3882 abesse
3811 3823 3895 3879 ab

2242 3934 2454 3974 eorum
2483 3915 2789 3988 opinione,
2819 3915 2925 3987 qui
2955 3916 3124 3972 aliter
3166 3915 3471 3972 sentirent.
3509 3916 3603 3972 Ait
3631 3915 3791 3971 enim
3829 3930 3895 3971 se

2236 4017 2300 4072 in
2341 4006 2476 4078 ipsa
2503 4020 2728 4077 parum
2757 4010 2814 4061 et
2842 4005 3248 4074 igniculorum
3277 4010 3332 4061 et
3360 4004 3672 4076 elegantiae
3697 4003 3899 4060 Basilii

2238 4098 2484 4154 vidisse.
2533 4098 2655 4164 Ego
2700 4099 2905 4151 autem
2952 4111 3077 4151 non
3107 4095 3309 4151 dicam
3332 4096 3538 4152 videre
3565 4111 3658 4151 me
3688 4095 3748 4150 in
3777 4094 3899 4150 hoc

2238 4185 2538 4259 opusculo
2561 4200 2778 4257 parum
2804 4185 3092 4241 Basiliani
3123 4185 3263 4257 styli
3287 4203 3299 4241 :
3321 4185 3429 4242 sed
3450 4185 3769 4241 afﬁrmabo
3791 4199 3902 4255 po-

2237 4276 2354 4334 tius
2398 4291 2495 4331 me
2542 4274 2692 4330 nihil
2716 4274 2970 4331 omnino
2999 4275 3064 4330 in
3103 4291 3174 4332 eo
3204 4277 3494 4342 invenire,
3541 4275 3708 4347 quod
3749 4276 3899 4332 tanti

2236 4365 2344 4422 viri
2373 4363 2651 4438 phrasim
2678 4363 2775 4419 vel
2803 4363 3120 4435 paululum
3156 4366 3372 4437 sapiat.
3404 4366 3614 4421 Sermo
3653 4363 3902 4420 humilis

2238 4459 2329 4511 est
2355 4458 2411 4510 et
2442 4453 2715 4524 abjeclus
2740 4470 2753 4505 :
2774 4452 3105 4508 verborum
3127 4453 3496 4509 constructio
3512 4453 3572 4508 in
3595 4451 3903 4526 aliquibus

483 4518 753 4631 quiereire
782 4553 1032 4628 poterit;
1062 4552 1298 4622 hacque
1327 4547 1493 4603 brevi
1533 4562 1603 4602 ac
1646 4545 1804 4600 facili
1834 4544 1933 4599 via
1968 4543 2131 4600 inve-
2165 4518 2204 4571 θ
2239 4543 2386 4600 locis
2419 4541 2584 4598 nulla
2613 4561 2626 4597 :
2663 4541 2973 4597 sententiae
3015 4541 3313 4597 obscurae.
3355 4518 3712 4599 Sermonem
3736 4541 3904 4612 abje-

481 4647 604 4704 niet
645 4643 814 4718 quod
874 4640 1108 4714 quaerit.
1170 4643 1232 4694 1n
1297 4653 1369 4692 eo
1434 4635 1614 4706 igitur
1681 4635 1986 4689 Glossario
2049 4633 2134 4689 ita

484 4736 773 4808 scriptum
796 4737 902 4794 est,
932 4729 1034 4785 ubi
1057 4727 1219 4784 vocis
1250 4729 1572 4796 ἠσυχαστής
1597 4722 1924 4778 declaratio
1951 4721 2132 4778 tradi-

483 4831 581 4883 tur
631 4842 643 4880 :
692 4827 751 4877 Εῖ
796 4841 876 4882 τις
923 4821 1100 4893 εὑρεθῇ
1151 4815 1315 4868 λαλῶν
1365 4815 1437 4876 εἰς
1477 4817 1542 4865 τὰ
1588 4812 1779 4877 χελλία,
1831 4810 1978 4871 ἐκτὸς
2033 4819 2130 4861 τῶν

484 4914 808 4968 ἐνοικούντων
857 4911 1010 4976 αὐτὰ,
1043 4909 1072 4966 ἣ
1129 4906 1228 4959 τῶν
1277 4907 1623 4975 ἡσυχαστών,
1651 4903 1876 4972 γενέσθω
1908 4899 2132 4952 ἀπευλο-

484 5009 623 5076 νίας.
669 5008 896 5059 Rursus
943 5018 954 5055 :
1003 5001 1062 5051 Εἴ
1109 5015 1190 5056 τις
1229 5001 1511 5068 περισσῶς,
1546 4994 1676 5064 μετα
1718 4996 1811 5049 τὴν
1861 4989 2133 5060 ἐπίσκεψιν

485 5099 579 5152 τὴν
629 5095 758 5166 μετὰ
800 5092 866 5142 τοί
917 5087 1147 5161 ὀρθρινὰ,
1205 5084 1502 5155 εἰσέρχεται
1551 5081 1622 5140 εἰς
1675 5079 1734 5131 τό
1781 5078 2130 5152 νοσοκομείὀν,

487 5165 636 5244 ἐκτὸςῗ
675 5190 775 5234 τῶν
824 5182 1150 5250 ἠσυχαστὼν
1196 5177 1285 5224 καὶ
1331 5179 1430 5222 τῶν
1470 5174 1561 5227 τὴν
1610 5165 1866 5241 φροντίδα
1909 5167 2135 5240 ἐγκεχει-

483 5275 759 5345 ρισμένων,
809 5269 1031 5341 γενέσθω
1097 5262 1432 5334 απευλογίας.
1481 5259 1708 5314 Horum
1751 5263 1953 5314 autem
2011 5257 2133 5329 epi-

560 5396 607 5429 ⁴⁶
639 5393 837 5450 Matth.
870 5407 928 5458 x,
958 5396 1046 5447 27,
1152 5390 1195 5424 ⁸⁷
1227 5391 1267 5444 ll
1302 5386 1448 5443 Tim.
1482 5401 1542 5454 ιι,
1575 5388 1628 5439 2.

562 5520 641 5591 (a)
673 5519 868 5575 Basil.
901 5532 1124 5572 recens.
1147 5519 1187 5570 t.
1224 5514 1291 5580 II,
1314 5527 1374 5584 p.
1407 5515 1533 5567 225.

557 5610 637 5682 (b)
669 5607 817 5664 ibid.
847 5622 986 5679 pag.
1022 5608 1110 5659 90.

2240 4638 2404 4690 ctum
2429 4647 2560 4688 esse
2588 4635 2645 4686 et
2683 4629 2995 4698 humilem,
3027 4647 3229 4699 nemo,
3279 4630 3514 4704 opinor,
3555 4632 3760 4698 homo,
3790 4634 3904 4703 qui

2238 4723 2357 4778 hoc
2385 4719 2730 4793 epistolium
2772 4720 3000 4790 legerit,
3033 4720 3424 4778 inﬁciabitur.
3466 4726 3590 4778 lmo
3621 4721 3803 4777 etiam
3833 4723 3902 4779 id

2238 4811 2322 4867 ita
2347 4825 2498 4876 esse,
2518 4825 2588 4864 ex
2612 4809 2696 4864 eis
2717 4825 2854 4882 quae
2884 4825 3029 4866 mox
3058 4811 3399 4867 exscribam
3429 4810 3778 4880 fragmentis
3810 4810 3904 4868 fa-

2241 4899 2351 4956 cile
2372 4915 2408 4954 a
2437 4897 2658 4971 quovis
2689 4898 2941 4969 intelligi
2968 4899 3204 4972 poterit.
3237 4903 3368 4956 Jam
3401 4915 3594 4955 unum
3621 4904 3726 4955 aut
3753 4899 3903 4956 alte-

2239 5005 2378 5046 rum
2407 4988 2613 5045 locum
2653 4989 2982 5061 proferam,
3017 4993 3080 5045 ut
3126 4989 3454 5046 verborum
3503 4990 3902 5047 constructio-

2242 5093 2384 5134 nem
2449 5076 2673 5132 alicubi
2731 5076 2964 5133 nullam
3030 5092 3165 5133 esse
3230 5077 3508 5149 probem.
3570 5078 3655 5134 Ita
3718 5077 3905 5148 igitur

2244 5171 2452 5224 auctor
2481 5164 2757 5238 scripsit:
2791 5169 3156 5240 Προσθὴσεται
3183 5163 3244 5218 δέ
3271 5185 3362 5239 μοι
3390 5171 3449 5218 τὸ
3479 5175 3661 5240 κρῖμα,
3694 5176 3902 5240 πρῶτον

2244 5260 2333 5330 μὲν
2359 5261 2453 5314 τὴν
2491 5256 2659 5308 αἰτίαν
2700 5259 2790 5308 καὶ
2821 5260 2907 5308 τὸν
2953 5252 3194 5309 κίνδυνον
3224 5264 3320 5318 τῆς
3358 5259 3622 5318 τοσαύτης
3660 5265 3761 5309 τῶν
3791 5257 3907 5311 Ἐκ-

2358 5508 2432 5580 (c)
2459 5508 2622 5562 Tom.
2657 5507 2743 5573 IX,
2775 5519 2915 5576 pag.
2951 5507 3074 5560 634.
