4058 6192
145 299 230 351 l3?
1683 296 2078 355 PREFATIO.
2746 301 2778 334 ⁸

3475 312 3577 367 138

140 418 350 476 κλησιῶν
381 426 483 471 τοῦ
514 426 660 472 Θεοῦ
691 424 786 473 καὶ
812 418 1037 473 ἕκαστον
1067 424 1197 494 πρὸς
1225 420 1302 493 (α)
1334 423 1392 473 τὸ
1437 424 1583 495 ἔργον
1615 418 1806 494 διαφω-

1924 425 2285 485 charitatem
2326 428 2668 500 scriberem,
2713 431 2827 486 etc.
2869 429 3055 487 Velim
3083 430 3290 503 igitur,
3339 433 3393 490 si
3438 435 3580 508 quis

136 516 233 569 νίας
256 527 309 560 τε
336 514 436 559 καὶ
469 503 848 572 διαστάσεως·
884 506 1148 585 δεύτερον,
1184 513 1280 572 τὰς
1336 509 1392 563 ἐκ
1432 520 1530 573 τῆς
1564 512 1812 564 θεοπτεῦ-

142 617 251 649 στου
306 603 497 669 Γραγῆ
512 618 536 658 ς
577 595 889 661 ἀποδείξεις
941 604 1061 672 περὶ
1120 608 1211 652 τοῦ
1276 606 1450 652 πᾶσαν
1516 599 1815 674 παράϐασιν

140 686 327 748 ἐντοὶῆς
374 694 527 739 Θεοῦ
563 684 824 760 σφοδρῶς
850 693 942 740 καὶ
972 686 1197 761 φοϐερῶς
1226 686 1624 751 ἐκδικήσαντος·
1658 691 1811 756 ὥστε,

137 782 236 831 etc.
264 777 413 841 Quae
446 776 660 832 verba
687 777 776 833 sic
832 776 1038 833 Latine
1074 777 1334 834 reddidit
1370 778 1767 836 Combeﬁsius
1798 794 1812 833 :

134 862 281 918 Hinc
308 879 459 919 vero
483 866 703 933 ejusce
722 866 814 925 rei
838 867 1131 922 rationm
1157 867 1491 939 adjungam
1516 882 1529 933 ;
1555 868 1817 937 primum

134 952 355 1023 quidem
398 968 553 1024 quae
592 968 791 1011 causa
827 957 924 1026 sit,
958 956 1189 1027 quodve
1228 957 1596 1026 periculum;
1630 962 1818 1013 tantae

131 1041 553 1098 Ecclesiarum
590 1043 712 1098 Dei
737 1058 815 1099 ac
844 1046 1135 1116 cujusque
1154 1045 1330 1102 rebus
1356 1045 1605 1117 agendis
1636 1045 1818 1102 disso-

134 1137 348 1187 nantia
377 1146 462 1187 ac
496 1131 947 1202 dissensionis;
981 1138 1106 1190 tum
1130 1134 1347 1191 deinde
1373 1140 1569 1191 certas
1618 1150 1694 1191 ex
1730 1135 1819 1190 di-

133 1221 256 1275 tina
300 1221 671 1290 Scriptura
715 1222 1104 1291 probationes
1147 1239 1219 1281 ac
1262 1225 1555 1295 rationes,
1603 1224 1818 1297 quibus

127 1310 470 1378 conﬁcitur,
511 1313 583 1366 in
609 1328 853 1369 omnem
883 1314 1071 1370 Deum
1100 1315 1378 1371 mandati
1397 1316 1817 1386 transgressio-

123 1415 241 1455 nem
269 1402 418 1456 acri
437 1402 903 1473 tremendaque
920 1403 1297 1460 districtione
1316 1405 1815 1471 animadvertere,

125 1495 201 1550 ut,
227 1494 345 1545 etc.
378 1489 579 1553 lllud,
614 1498 829 1564 πρῶτον
876 1494 989 1564 μὲν,
1040 1497 1156 1560 τήν,
1192 1498 1329 1558 etc.,
1378 1492 1566 1549 verbo
1596 1497 1760 1549 caret
1799 1510 1813 1549 :

121 1578 279 1651 quod
302 1579 646 1649 judicium
674 1579 998 1637 ferendum
1031 1587 1122 1638 est
1151 1598 1398 1655 quoque
1426 1582 1502 1638 de
1527 1582 1651 1654 illo,
1693 1579 1817 1635 δεύ-

124 1687 276 1740 τερον,
308 1672 413 1729 τὰς
442 1668 509 1721 ἐκ
540 1679 652 1732 τῆς
692 1671 1131 1726 θεοπνεύστουηη
1159 1672 1387 1746 φοϐερῶς
1414 1669 1811 1736 ἐκδικήσαντος.

1923 521 2003 577 ad
2033 521 2150 576 huc
2195 516 2427 574 dubitet
2466 518 2834 592 haereatque,
2876 519 3038 578 hanc
3074 522 3393 595 epistolam
3436 540 3578 581 cum

1924 608 2203 682 genuinis
2234 607 2434 664 Basilii
2464 607 2742 680 Epistolis
2767 615 3078 682 comparet
3096 612 3443 687 statimque,
3464 614 3580 672 nisi

1921 700 2100 758 valde
2121 697 2313 770 fallor,
2346 698 2786 755 animadvertet
2821 714 2957 756 eam
2998 700 3075 757 ab
3103 701 3222 759 illis
3260 707 3317 760 et
3343 703 3578 778 perspi-

1924 790 2163 861 cuitate,
2187 793 2244 845 et
2264 787 2584 859 elegantia,
2609 791 2664 845 et
2684 787 3048 855 urbanitate,
3070 794 3146 862 et,
3183 796 3251 848 ut
3271 792 3461 850 verbo
3486 792 3577 850 di-

1924 896 2081 947 cam,
2122 882 2246 934 toto
2278 877 2580 934 scribendi
2602 893 2819 949 genere
2848 894 3098 952 prorsus
3127 880 3386 939 diﬂ‘erre.
3411 885 3577 940 Certe

1924 986 2063 1025 cum
2111 969 2196 1025 ita
2239 968 2376 1039 lego
2414 968 2549 1042 ipso
2592 968 2803 1026 initio':
2835 977 2939 1023 Τοῦ
2979 975 3174 1046 Κυρίου
3218 974 3363 1045 ἡμῶν
3399 972 3576 1032 Ἰησοῦ

1925 1068 2159 1135 Χριστοῦ
2207 1062 2651 1132 προστάσσοντος·
2701 1059 2767 1112 Ὀ
2812 1060 2943 1133 λέγω
2991 1062 3132 1134 ὑμῖν.
3160 1104 3174 1117 .
3201 1104 3214 1117 .
3242 1104 3255 1117 .
3283 1104 3297 1117 .
3338 1067 3427 1115 καὶ
3483 1071 3576 1117 τοῦ

1927 1148 2229 1202 Αποστόλου
2260 1157 2355 1211 τῆς
2386 1157 2590 1210 σιωπῆς
2630 1152 2689 1200 τὸ
2720 1155 2885 1224 κρῖμα
2915 1149 3127 1223 φοϐερὸν
3161 1148 3477 1220 δεικνύντος,
3505 1148 3579 1205 δι’

1926 1236 1991 1289 ὧν
2018 1258 2149 1311 φησι
2178 1240 2307 1311 πρὸς
2354 1241 2475 1299 τοὺς
2516 1236 2758 1310 Ἐφεσίων
2788 1237 3188 1315 πρεσϐυτέρους·
3222 1244 3578 1315 Διαμαρτύρο-

1925 1347 2022 1399 μαι
2047 1329 2167 1400 ὑμῖν
2196 1335 2258 1400 τῇ
2296 1332 2518 1401 σήμερον
2544 1329 2735 1401 ἡμέρᾳ,
2752 1332 2863 1383 etc.
2891 1327 3039 1384 Cum
3061 1330 3348 1386 Dominus
3375 1336 3580 1389 noster

1923 1418 2091 1473 Jesus
2119 1417 2396 1474 Christus
2422 1418 2739 1487 praecipiat
2764 1432 2788 1474 .·
2817 1438 2845 1467 ‹‹
2875 1438 2904 1466 ‹‹
2938 1417 3110 1485 Quod
3130 1418 3292 1475 vobis
3317 1419 3520 1477 dico...
3545 1440 3576 1470 »

1924 1507 2251 1576 Apostolus
2281 1514 2481 1563 autem
2502 1507 2732 1562 silentii
2753 1507 3124 1563 tremendum
3145 1507 3448 1577 judicium
3488 1524 3579 1565 os-

1927 1596 2157 1660 tendat,
2189 1596 2331 1651 dum
2369 1597 2453 1651 sic
2482 1595 2882 1665 Ephesiorum
2912 1596 3293 1667 presbyteros
3325 1598 3581 1669 alloqui-

1929 1690 2049 1753 tur,
2075 1707 2103 1734 ‹‹
2138 1686 2452 1742 Contestor
2478 1699 2580 1742 v0s
2606 1685 2782 1742 hodie
2802 1686 2871 1753 ‘9,
2903 1708 2931 1735 ι)
2970 1689 3081 1741 etc.
3110 1704 3123 1750 ;
3156 1685 3305 1741 mihi
3330 1685 3580 1759 quidem

124 1759 249 1815 Scio
292 1759 584 1833 quidem
639 1760 877 1833 aliquid
927 1760 1008 1817 ab
1050 1761 1295 1819 homine
1340 1763 1521 1820 docto
1550 1762 1817 1836 suppleri
1843 1773 1889 1830 Β
1926 1773 2097 1830 facile
2127 1773 2467 1847 persuadeo
2513 1773 2628 1830 hoc
2681 1773 3023 1846 epistolium
3075 1774 3366 1847 scriptum
3394 1773 3582 1831 fuisse

122 1864 293 1921 posse
324 1868 341 1905 :
378 1849 507 1905 sed
536 1864 736 1905 nemo
774 1864 898 1905 non
941 1850 1105 1907 videt
1128 1850 1384 1924 ellipsim
1435 1852 1551 1908 hoc
1595 1851 1731 1909 loco
1759 1856 1820 1909 et

124 1937 461 1995 violentam
493 1954 671 2002 esse,
704 1943 818 1994 eta
847 1938 1039 1995 Basilii
1080 1939 1507 2012 perspicuitate
1532 1940 1812 1997 alienam.

128 2026 207 2081 Ab
224 2026 323 2081 his
346 2042 487 2083 non
530 2026 813 2082 multum
854 2026 1089 2083 abludit
1124 2028 1292 2100 quod
1331 2029 1641 2101 sequitur:
1673 2030 1818 2082 Μετά

132 2124 287 2166 ταῦτα
314 2116 567 2190 περιέξει
598 2120 700 2174 τήν
734 2114 917 2175 εὐσεϐῆ
946 2124 1039 2168 τοῦ
1066 2124 1198 2171 Θεοῦ
1226 2122 1318 2169 καὶ
1348 2121 1572 2192 Πατρός,
1605 2123 1695 2171 καὶ
1724 2126 1816 2171 τοῦ

135 2214 441 2275 μονογενοῦς
468 2205 612 2257 Υἰοῦ
637 2204 800 2256 αὐτοῦ
821 2210 911 2257 καὶ
934 2213 1088 2271 Θεοῦ,
1112 2211 1202 2258 καὶ
1222 2213 1314 2258 τοῦ
1341 2206 1493 2278 ἁγίου
1520 2210 1817 2280 Πνεῦματος

138 2293 433 2366 ὁμολογία-»ο
468 2297 685 2361 ἔπειτα,
715 2299 807 2350 etc
859 2294 949 2350 Ad
971 2295 1226 2353 verbum
1260 2313 1273 2352 :
1307 2298 1522 2353 Postea
1548 2298 1714 2367 piam
1744 2297 1818 2354 de

138 2384 248 2440 Deo
276 2400 354 2441 ac
384 2385 617 2454 Patre.
656 2385 1089 2456 unigenitoque
1127 2387 1257 2455 ejus
1286 2386 1445 2442 Filio
1474 2402 1547 2442 ac
1585 2388 1728 2458 Deo,
1761 2392 1817 2443 et

140 2475 371 2543 Spiritu
400 2479 636 2531 sancto
676 2474 1106 2544 confessionem
1137 2477 1560 2546 complectetur
1598 2495 1611 2533 :
1655 2483 1814 2532 tum-

141 2579 263 2635 que,
293 2570 419 2621 etc.
465 2567 783 2619 Hactenus
812 2563 981 2619 nulla
1027 2565 1254 2621 mentio
1282 2566 1441 2623 facta
1468 2571 1557 2623 est
1587 2566 1662 2623 de
1691 2565 1814 2623 ullo

142 2653 383 2725 scripto,
412 2652 601 2725 quod
649 2651 729 2708 ad
784 2668 913 2708 rem
959 2653 1297 2725 pertineat:
1330 2660 1386 2711 et
1428 2659 1629 2712 tamen
1677 2671 1815 2712 auc-

142 2744 251 2810 tor,
320 2741 519 2814 quasi
575 2741 990 2797 nominativus
1047 2758 1121 2798 ex
1187 2743 1603 2816 superioribus
1670 2761 1814 2817 sup-

138 2830 306 2903 pleri,
358 2835 582 2904 posset
628 2846 702 2886 ac
746 2830 1015 2902 deberet,
1064 2832 1149 2888 sic
1194 2831 1424 2905 incipit,
1473 2836 1603 2907 μετὰ
1648 2842 1817 2887 ταῦτα

140 2921 359 2993 περιέξει
403 2927 532 2988 τήν,
567 2925 683 2977 etc.
716 2920 981 2993 Scriptor
1016 2921 1201 2994 paulo
1246 2922 1587 2992 diligentior
1621 2923 1703 2981 ita
1730 2923 1817 2980 lo-

138 3017 310 3066 cutus
357 3008 590 3066 fuisset
632 3028 646 3064 :
697 3012 841 3063 Μετά
885 3018 1052 3062 ταῦτα
1098 3013 1128 3069 ἡ
1178 3011 1306 3069 ἄλλη
1358 3010 1541 3084 βίϐλος
1593 3012 1814 3088 περιέξει

1927 1862 2006 1921 ab
2033 1863 2260 1936 aliquo,
2292 1863 2398 1935 qui
2441 1861 2642 1919 Basilii
2682 1863 2943 1934 Regulae
2990 1862 3307 1934 diligenter
3334 1863 3584 1934 legisset

1925 1954 2093 2025 (nam
2124 1952 2185 2008 in
2216 1952 2334 2008 illis
2359 1952 2441 2008 ita
2469 1951 2591 2008 fere
2611 1951 2943 2025 aliquando
2962 1952 3234 2026 loquitur
3262 1952 3537 2025 Basilius)
3564 1969 3579 2009 :

1926 2042 2032 2098 sed
2060 2046 2206 2115 puto
2239 2042 2402 2098 hunc
2429 2041 2763 2112 hominem,
2795 2041 3073 2115 quisquis
3102 2046 3216 2111 est,
3259 2057 3580 2115 nunquam

1926 2132 2202 2203 ejusdem
2260 2130 2462 2188 Basilii
2512 2130 2814 2203 Epistolas
2865 2131 3108 2202 legisse,
3140 2135 3245 2187 aut
3286 2136 3444 2187 certe
3473 2146 3581 2187 eas

1923 2221 2144 2278 imitari
2180 2236 2306 2277 non
2344 2220 2644 2293 potuisse.
2697 2219 2935 2277 Nullam
2972 2220 3136 2277 enim
3179 2220 3376 2277 Basilii
3424 2220 3583 2292 epis-

1922 2311 2110 2367 tolam
2164 2326 2315 2375 esse,
2365 2325 2503 2383 quas
2540 2309 2658 2366 hoc
2708 2309 2804 2365 vel
2842 2308 3019 2365 simili
3070 2309 3257 2367 modo
3312 2308 3581 2382 incipiat,

1923 2403 2025 2449 Τοῦ
2058 2400 2253 2470 Κυρίου
2302 2397 2447 2467 ἡμῶν
2490 2394 2665 2452 Ἰησοῦ
2714 2402 2951 2467 Χριστοῦ
2998 2397 3448 2470 προστάσσοντος.
3475 2436 3488 2448 .
3517 2436 3530 2449 .
3557 2434 3572 2449 .

1923 2490 2012 2538 καὶ
2040 2487 2133 2538 τοῦ
2159 2483 2496 2551 Ἀποστόλου,
2530 2488 2665 2551 etc.,
2712 2482 3020 2540 afﬁrmare
3068 2483 3289 2540 ausim.
3340 2485 3407 2538 Et
3451 2482 3583 2555 qui-

1922 2577 2063 2632 dem
2101 2577 2162 2630 in
2214 2574 2413 2630 indice
2458 2576 2662 2630 Graeco
2704 2573 3146 2647 Basilianarum
3176 2572 3581 2646 Epistolarum

1922 2664 2028 2739 qui
2090 2664 2171 2721 ad
2211 2663 2441 2721 calcem
2488 2662 2777 2721 editionis
2808 2662 3162 2719 Parisiensis
3198 2662 3435 2719 locatus
3465 2667 3579 2734 est,

1920 2753 2070 2811 nihil
2096 2754 2214 2810 tale
2241 2754 2509 2812 invenio.

1996 2848 2082 2900 53.
2123 2847 2291 2901 Nunc
2313 2843 2727 2914 conjecturam
2756 2842 3094 2916 quamdam
3122 2857 3326 2901 meam
3355 2843 3432 2900 de
3462 2843 3581 2902 hoc

1921 2932 2198 3006 epistolio
2222 2948 2563 3006 proponere
2587 2932 2826 2989 libitum
2851 2937 2939 2990 est
2970 2949 2985 2989 :
3027 2933 3137 2990 sed
3167 2933 3217 2990 si
3244 2932 3415 3006 prius
3444 2950 3580 2991 mo-

1920 3037 2132 3091 nuero,
2163 3022 2280 3079 hoc
2307 3022 2471 3077 idem
2496 3021 2863 3094 epistolium,
2896 3022 3066 3096 quod
3093 3038 3205 3095 pro
3224 3037 3387 3079 novo
3409 3024 3581 3080 Com-

140 3104 246 3166 τὴν,
276 3105 400 3156 etc.
446 3100 677 3156 Postea
722 3100 882 3155 alius
926 3100 1165 3157 libellus
1201 3102 1649 3174 complectetur,
1692 3106 1804 3159 etc.
1836 3126 1879 3182 c
1918 3109 2171 3167 beﬁsius
2203 3109 2406 3177 edidit,
2424 3109 2797 3181 jampridem
2828 3110 2890 3166 in
2914 3112 3139 3166 Veneta
3162 3109 3424 3166 editione
3443 3110 3577 3166 vul-

140 3188 253 3245 Sub
318 3189 523 3245 ﬁnem
599 3204 742 3245 cum
814 3194 1027 3245 auctor
1099 3206 1441 3247 sermonem
1513 3190 1806 3249 instituis-

138 3284 219 3334 set
263 3279 347 3335 de
398 3276 761 3347 Moralibus,
788 3277 873 3336 ita
917 3285 1272 3351 persecutus
1319 3286 1454 3337 est:
1500 3281 1579 3335 Ἐν
1626 3283 1703 3343 οἷς
1747 3286 1806 3334 τό

137 3385 184 3420 τε
208 3368 659 3444 ἀπηκριϐωμένον
701 3372 791 3420 καὶ
834 3367 1065 3444 ἀκριϐῶς
1099 3371 1477 3446 κεκαθαρμένον
1514 3380 1610 3433 τῆς
1652 3370 1807 3424 πολι-

138 3465 266 3521 τείας
295 3455 721 3531 διαφα-ιήσεται·
765 3462 855 3510 καὶ
884 3461 964 3525 τὸ,
996 3457 1058 3509 ἶν’
1086 3460 1250 3521 οὕτως
1298 3463 1442 3527 εἴπω,
1474 3459 1678 3534 ἀξίωμα
1705 3469 1805 3513 τῶν

140 3545 352 3599 irer
410 3550 756 3619 παρεπόντων
810 3545 1081 3619 ἐκλάμψῃ,
1131 3563 1314 3621 quem
1376 3548 1580 3606 locum
1640 3549 1805 3606 idem

138 3635 548 3692 Combeﬁsius
598 3634 681 3691 ita
727 3635 1155 3708 interpretatus
1184 3643 1275 3693 est
1314 3654 1328 3693 :
1360 3638 1432 3695 In
1460 3639 1675 3711 quibus
1699 3655 1803 3696 ex-

136 3733 267 3783 acta
287 3733 487 3798 atque
512 3730 731 3781 exacte
757 3724 1101 3797 depurgata
1129 3727 1472 3797 disciplina;
1500 3731 1655 3785 ratio
1674 3731 1803 3785 elu-

137 3822 350 3882 cescet;
383 3828 743 3885 eorumque,
784 3819 849 3869 ut
894 3815 981 3870 sic
1010 3814 1227 3885 dicam,
1266 3818 1373 3887 qui
1401 3817 1498 3873 hic
1521 3818 1809 3888 discipuli

132 3912 477 3978 sequuntur
503 3905 778 3975 dignitas
801 3905 1296 3975 persplendescet.
1335 3906 1443 3963 Ubi
1472 3906 1532 3963 in
1576 3906 1804 3965 ultimis

134 3996 327 4053 verbis
354 3995 595 4052 Graecis
623 3994 865 4050 obscuri
910 3994 1140 4068 aliquid
1186 3995 1600 4069 deprehendo.
1651 3996 1804 4054 lllud

130 4086 283 4143 enim
312 4091 411 4139 καὶ
442 4088 530 4151 τὸ,
561 4081 626 4135 ἶν’
652 4083 817 4146 οὕτως
854 4087 1000 4151 εἴπω,
1034 4084 1239 4159 ἀξίωμα
1266 4093 1366 4138 τῶν
1388 4085 1609 4140 ἐνταῦθα
1636 4107 1800 4161 παρε-

128 4180 318 4227 εάπω
352 4172 644 4247 magesi,
675 4172 760 4229 ita
803 4172 1157 4246 simpliciter
1203 4174 1433 4232 dictum
1479 4192 1606 4233 non
1654 4176 1799 4233 satis

125 4266 527 4339 perspicuum
550 4262 815 4334 videtur,
828 4266 905 4331 et,
918 4262 1036 4319 nisi
1055 4280 1174 4320 vox
1195 4263 1402 4337 aliqua
1421 4265 1797 4339 suppleatur,

126 4355 215 4411 vix
243 4353 516 4424 intelligi
549 4354 773 4425 potest.
816 4351 907 4408 Ad
940 4353 1218 4422 verbum,
1251 4369 1574 4427 eorumque
1602 4362 1670 4411 ut
1710 4358 1799 4413 ita

1920 3203 2130 3270 gatum
2180 3198 2385 3255 fuisse.
2415 3197 2700 3270 Suspicor
2739 3198 2921 3268 igitur
2965 3198 3079 3254 has
3106 3197 3398 3254 litterulas
3425 3200 3577 3255 anti-

1917 3306 2073 3363 quas
2112 3304 2237 3345 non
2281 3304 2437 3355 esse,
2469 3288 2576 3344 sed
2626 3287 2806 3359 longe
2835 3291 2974 3362 post
3006 3287 3202 3345 Basilii
3239 3291 3476 3346 aetatem
3501 3304 3577 3346 ex

1915 3378 2110 3435 Photii
2131 3379 2506 3436 Bibliotheca
2531 3378 2765 3436 efﬁctas
2787 3377 2975 3434 fuisse
2997 3382 3054 3434 et
3077 3393 3421 3447 expressas.
3445 3381 3576 3445 Qua

1915 3468 1989 3524 de
2019 3485 2083 3524 re
2108 3474 2175 3526 ut
2199 3469 2420 3542 cuique
2448 3468 2793 3524 existimare
2816 3467 3015 3535 liceat,
3048 3467 3363 3540 utriusque
3390 3468 3574 3540 scrip-

1915 3556 2061 3613 toris
2111 3557 2295 3614 verba
2338 3556 2687 3628 subjiciam.
2740 3560 2828 3612 Ita
2865 3555 3047 3625 igitur
3083 3555 3325 3612 Photius
3371 3555 3572 3629 loqui-

1913 3650 2012 3701 tur
2036 3645 2118 3717 (ὁ)
2145 3662 2158 3701 :
2189 3645 2247 3697 Ὀ
2276 3648 2367 3718 μὲν
2406 3646 2493 3697 οὖν
2523 3652 2728 3720 πρῶτος
2753 3644 2894 3716 αὐτῷ
2917 3644 3069 3715 λόγος
3108 3640 3457 3718 διεξέρχεται,
3489 3649 3571 3704 τίς

1915 3736 1945 3795 ἡ
1980 3734 2124 3787 αἰτία
2168 3739 2259 3787 καὶ
2290 3734 2315 3786 ὁ
2363 3730 2605 3795 κίνδυνος
2651 3742 2748 3796 τῆς
2793 3735 3059 3794 τοσαύτης
3099 3740 3200 3785 τῶν
3249 3731 3566 3790 Ἐκκλησιῶν

1913 3833 2005 3877 τοῦ
2037 3832 2169 3877 Θεοῦ
2198 3829 2289 3877 καὶ
2320 3823 2541 3876 ἑκάστου
2572 3825 2704 3897 πρὸς
2730 3826 2817 3875 τὸν
2865 3823 3033 3896 ἕτερον
3074 3818 3363 3895 διαφωνίας
3392 3841 3447 3875 τε
3474 3827 3567 3875 καὶ⁵

1915 3910 2264 3976 διαστάσεως·
2300 3909 2559 3987 δεύτερον,
2592 3913 2675 3965 ὅτι
2697 3914 2876 3974 πάσης
2918 3910 3125 3973 ἐντολῆς
3155 3919 3289 3964 Θεοῦ
3319 3910 3565 3986 παράϐα-

1914 4024 1999 4067 σις
2038 3999 2281 4077 σφοδρῶς
2308 4007 2399 4056 καὶ
2429 4000 2655 4075 φοϐερῶς
2684 3997 2990 4054 ἐκδικείται·
3023 4006 3113 4053 καὶ
3137 4002 3167 4058 ἠ
3213 3996 3482 4063 ἀπόδειξις
3511 3999 3567 4052 ἐκ

1910 4100 2010 4144 τῶν
2041 4098 2273 4167 Γραφῶν·
2306 4095 2502 4166 τρίτον,
2530 4094 2649 4165 περὶ
2690 4098 2786 4152 τῆς
2833 4088 3075 4150 εὐσεϐοῦς
3116 4093 3346 4151 πίστεως
3387 4091 3562 4161 ὠμῶν,

1909 4187 2028 4243 ἤτοι
2051 4192 2146 4245 τῆς
2193 4183 2265 4246 εἰς
2291 4188 2385 4241 τὴν
2437 4182 2708 4258 ἰπιραγίαν
2755 4177 2963 4256 Τριάδα
3006 4182 3241 4255 καθαρᾶς
3286 4182 3433 4253 ἡμῶν
3475 4184 3567 4234 καὶ

1909 4273 2213 4347 εἰλικρινοῦς
2279 4271 2583 4345 ὁμολογίας.
2651 4270 2711 4323 Ὀ
2778 4267 3015 4343 δεύτερος
3074 4270 3179 4321 οἷον
3245 4279 3567 4345 χαρακτῆρα

1908 4370 2230 4436 Χριστιανοῦ
2277 4357 2609 4434 κεφαλαιώδη
2659 4364 2750 4412 καὶ
2780 4362 3031 4432 σύντομον
3078 4361 3443 4432 παρατιθεται,
3474 4364 3565 4412 καὶ

123 4444 340 4512 dii-am,
389 4443 507 4515 qui
554 4441 655 4499 hic
698 4447 1052 4514 sequuntur,
1094 4443 1365 4514 dignitas
1405 4445 1794 4514 splendescet.

1919 4460 2228 4526 χαρακτῆρα
2287 4450 2439 4503 πάλιν
2491 4448 2859 4522 παραπλήσιον
2916 4456 3016 4500 τῶν
3072 4454 3413 4523 προεστώτων
3469 4456 3563 4501 τοῦ

125 4532 564 4603 Combeﬁsius,
587 4536 655 4588 ut
681 4547 753 4588 ex
784 4531 916 4603 ejus
937 4532 1431 4606 interpretatione
1459 4533 1669 4607 liquet,
1692 4550 1795 4590 vo-

124 4639 247 4681 cem
287 4625 562 4697 μαθητῶν
592 4620 897 4694 supplevit
942 4637 956 4676 :
1003 4620 1174 4694 quod
1219 4637 1345 4679 non
1391 4622 1644 4694 fecisset,
1680 4623 1799 4681 nisi

125 4713 489 4770 credidisset
529 4710 719 4766 verba
747 4711 951 4766 Greca
994 4725 1104 4783 per
1150 4726 1212 4767 se
1242 4710 1504 4769 obscura
1532 4727 1686 4780 esse,
1718 4712 1799 4769 ob

125 4802 325 4877 atque,
358 4806 437 4859 ut
483 4799 987 4871 intelligerentur,
1018 4799 1249 4873 aliquid
1271 4802 1615 4859 necessario
1662 4817 1800 4874 sup-

128 4894 264 4964 pleri
280 4892 549 4950 debere.
573 4888 920 4946 Notandum
948 4895 1239 4962 prieterea
1255 4888 1319 4946 id
1345 4890 1515 4964 quod
1535 4890 1798 4947 maxime

128 4982 199 5037 ad
223 4999 361 5039 rem
389 4979 567 5044 facit,
594 4978 712 5035 hoc
742 4977 1109 5051 opusculum
1130 4993 1269 5034 vere
1301 4977 1620 5051 epistolam
1639 4995 1791 5036 esse.

130 5073 207 5127 ita
231 5072 407 5130 enim
452 5072 672 5125 auctor
713 5067 987 5140 loquitur
1016 5085 1030 5123 :
1062 5066 1367 5139 Ἀναγκαῖον
1416 5067 1632 5141 ἐνόμισα
1657 5072 1793 5142 γρά-

138 5162 219 5228 ;n
244 5166 387 5234 πρὸς
416 5164 517 5217 τὴν
548 5160 753 5210 πάντων
782 5159 927 5230 ὑμῶν
954 5156 1003 5210 ἐν
1034 5165 1252 5231 Χριστῳ
1282 5157 1511 5230 ἀγάπην,
1543 5163 1657 5216 etc.
1683 5162 1795 5217 Ne-

134 5252 453 5308 cessarium
470 5247 714 5320 putavi,
728 5253 797 5303 ut
813 5247 897 5303 ad
910 5252 1169 5306 vestram
1188 5249 1453 5305 omnium
1470 5249 1534 5306 in
1554 5249 1794 5306 Christo

195 5396 240 5428 ⁸³
274 5397 412 5452 Act.
442 5408 539 5463 xx,
562 5395 660 5449 26.

198 5538 271 5609 (a)
310 5541 400 5597 Ita
426 5535 603 5612 apud
633 5531 912 5595 Combef.

484 5640 739 5694 Ρλτεοι..
778 5635 883 5691 Gn.
923 5633 1094 5691 XXXI.

1907 4538 2083 4611 λόγου.
2112 4540 2258 4605 Εἶτα,
2286 4541 2399 4594 etc.
2438 4537 2640 4608 Igitur
2664 4537 2896 4607 primus
2923 4538 3053 4606 ejus
3091 4536 3245 4593 liber
3299 4537 3568 4594 continet

1907 4644 2039 4701 quae
2065 4629 2143 4684 sit
2163 4642 2370 4697 causa,
2402 4631 2815 4699 quantumque
2836 4625 3185 4696 periculum
3210 4626 3567 4696 hujusmodi

1907 4733 2040 4774 cum
2081 4717 2489 4774 Ecclesiarum
2526 4717 2657 4786 Dei,
2686 4722 2811 4772 tum
2845 4716 3222 4786 singulorum
3252 4715 3563 4773 hominum

1905 4808 2068 4864 inter
2122 4808 2274 4877 ipsos
2321 4807 2704 4863 dissensionis
2762 4811 2942 4878 atque
2989 4805 3271 4861 dissidii:
3325 4804 3561 4874 deinde,

1905 4896 2067 4968 quod
2101 4897 2290 4952 omnis
2312 4897 2590 4968 praecepti
2613 4896 2806 4953 divini
2833 4894 3229 4966 transgressio
3249 4894 3561 4951 vehemen-

1908 4990 2001 5042 ter
2013 5000 2086 5042 ac
2107 4984 2464 5042 terribiliter
2478 4986 2756 5055 punitur,
2773 4984 2947 5056 idque
2961 4999 2991 5041 e
3016 4984 3354 5054 Scripturis
3368 4983 3560 5039 sacris

1903 5077 2418 5132 demonstratum:
2471 5076 2670 5141 tertio,
2708 5075 2782 5130 de
2813 5074 2935 5144 ﬁde
2969 5079 3179 5130 nostra
3229 5072 3555 5138 catholica,

1904 5166 2026 5222 sive
2043 5165 2116 5222 de
2144 5180 2308 5234 pura
2326 5170 2533 5220 nostra
2568 5168 2623 5221 et
2642 5165 2876 5219 sincera
2899 5163 3267 5231 confessione
3300 5161 3558 5218 sanctis-

1903 5254 2067 5312 sima?
2099 5254 2434 5311 Trinitatis.
2474 5252 2652 5308 Liber
2693 5265 2831 5308 vero
2876 5249 3194 5321 secundus,
3232 5248 3563 5309 Christiani

1972 5546 2054 5617 (a)
2088 5540 2233 5603 Cod.
2265 5555 2413 5609 εχει,
2442 5552 2585 5615 pag.
2605 5540 2733 5600 494.
