4058 6192
563 239 663 294 139
1359 241 1388 271 ⁹

2061 235 2448 292 PRiE-FATIO.‘

3832 253 3924 308 140

558 359 815 416 hominis
828 360 1150 431 quamdam
1162 360 1355 417 veluti
1362 359 1826 430 descriptionem
1839 375 1956 431 per
1972 375 2205 416 summa
2234 362 2283 416 A
2318 376 2457 417 vera
2480 361 2676 419 Basilii
2696 362 2949 436 epistola
2967 363 3178 423 haberi
3201 373 3429 440 posset,
3444 370 3651 444 sicque
3667 373 3794 431 illud
3811 392 3929 433 con-

556 451 760 520 capita
780 449 1151 522 breviterque
1167 452 1413 521 exponit
1433 469 1446 506 :
1466 452 1836 523 similemque
1850 466 2094 507 rursum
2114 450 2209 506 de-

552 541 936 609 scriptionem
951 556 1177 608 eorum,
1193 542 1299 613 qui
1312 540 1577 599 docendo
1597 540 2211 612 Evangeliopraefecti

551 634 714 684 sunt.
751 629 987 699 Deinde,
1011 635 1123 687 etc.
1165 633 1249 687 lta
1277 635 1483 687 autem
1518 630 1582 686 in
1611 629 1885 702 epistolio
1914 628 2207 701 scriptum

552 723 680 775 est:
716 721 1082 793 Ηροσθήσεται
1113 716 1173 772 δέ
1201 739 1292 793 μοι
1318 724 1377 773 τὸ
1416 728 1599 794 κρῖμα,
1627 728 1830 795 πρῶτον
1878 722 1966 793 μὲν
1997 723 2090 777 τὴν
2118 718 2204 769 αὶ·-

549 814 666 862 τίαν
694 815 785 863 καὶ
811 814 900 863 τὸν
928 807 1168 864 κίνδυνον
1199 820 1294 873 τῆς
1335 815 1598 873 τοσαύτης
1627 821 1727 865 τῶν
1756 810 2072 869 Ἐκκλησιῶν
2110 817 2202 862 τοῦ

547 895 717 967 ³9εοῦ,
766 905 856 953 καὶ
903 900 1124 955 ἑκάστου
1172 906 1303 975 πρὸς
1342 903 1425 973 (a)
1472 903 1769 978 τόν.ἔτερον
1818 898 2105 974 διαφωνίας
2150 921 2204 955 τε

546 992 637 1040 καὶ
659 984 1010 1053 διαστάσεως
1036 987 1294 1065 δεύτερον,
1322 993 1417 1052 τὰς
1437 990 1491 1043 ἐκ
1512 1000 1609 1053 τῆς
1636 993 1972 1044 θεοπνεύστου
1996 996 2204 1065 Γραφῆς

547 1074 840 1141 ἀποδείξεις
891 1086 1011 1155 περὶ
1066 1088 1158 1133 τοῦ
1220 1086 1392 1134 πᾶσαν
1449 1079 1748 1155 παράϐασιν
1806 1080 2011 1141 ἐντολῆς
2068 1088 2200 1133 Θεοῦ

546 1163 791 1242 σφοδρῶς
837 1166 1235 1231 ἐκδικήσαντος.
1263 1210 1277 1225 .
1304 1212 1318 1225 .
1346 1211 1358 1225 .
1410 1173 1555 1223 Μετὰ
1600 1178 1769 1223 ταῦτα
1822 1169 2043 1244 περιέξει
2105 1174 2200 1228 τὴν

543 1255 727 1317 εὐσεϐῆ
756 1266 849 1311 τοῦ
898 1267 1031 1313 Θεοῦ
1070 1264 1159 1312 καὶ
1190 1262 1414 1333 Πατρός,
1447 1265 1537 1312 καὶ
1584 1268 1675 1312 τοῦ
1724 1267 2028 1332 μονογενοῦς
2074 1262 2198 1312 Υἱοῦ

542 1345 702 1400 αὑτοῦ
753 1354 845 1402 καὶ
910 1356 1063 1415 Θεοῦ,
1131 1354 1222 1401 καὶ
1287 1357 1377 1401 τοῦ
1427 1349 1580 1422 ἁγίου
1647 1353 1943 1423 Πνεύματος
2010 1348 2197 1422 ὁμολο-

537 1444 749 1512 γίαν....
777 1436 860 1491 ἐπὶ
884 1441 1089 1501 τούτοις
1117 1441 1269 1491 οἱονεὶ
1314 1449 1637 1515 χαρακτῆρα
1682 1446 2005 1513 Χριστιανοῦ
2035 1458 2196 1511 κεφα-

535 1525 739 1587 λαιώδη
766 1533 857 1581 καὶ
878 1531 1129 1601 σύντομον
1155 1528 1276 1601 ὅρου
1302 1532 1462 1581 τύπον
1491 1532 1687 1601 ἔχοντα
1727 1532 2033 1604 πειράσεται
2065 1525 2196 1581 δού-

535 1638 621 1672 ναι
649 1621 773 1691 ἡμῖν
799 1616 855 1670 ἐκ
884 1625 982 1670 τῶν
1015 1620 1174 1689 ἁγίων
1224 1624 1438 1693 Γραφῶν
1481 1618 1508 1670 ό
1546 1618 1721 1691 λόγος,
1756 1624 1846 1672 καὶ
1875 1627 2197 1692 χαρακτῆρα

2318 456 2691 522 sequeretur,
2714 458 2781 508 ut
2808 469 3022 509 omnes
3043 457 3288 513 tandem
3315 460 3600 518 Basilium
3645 464 3758 534 ejus
3782 467 3927 539 quod

2314 539 2501 595 modo
2527 540 2651 596 dixi
2687 542 2895 614 scripti
2924 549 3230 602 auctorem
3252 563 3381 602 esse
3422 565 3545 606 uno
3583 567 3685 607 ore
3721 554 3931 611 conﬁte-

2313 634 2539 686 rentur.
2563 634 2779 701 Pauca,
2812 632 2929 688 nisi
2972 640 3175 690 actum
3217 653 3395 709 agerc
3433 639 3726 708 velim,de
3765 644 3927 702 altero

2315 718 2658 775 Combetisii
2677 721 2971 793 opusculo
2994 723 3216 780 dicam.
3241 729 3389 783 Nam
3420 733 3478 784 et
3497 729 3698 801 ipsum
3715 749 3927 806 quoque

2304 807 2673 878 jamdudum
2693 810 2753 867 in
2774 811 3034 870 editione
3055 815 3372 873 Parisiensi
3393 819 3698 889 vulgatum
3716 828 3813 889 est,
3834 824 3929 881 sed

2311 896 2393 953 ita
2411 902 2636 965 tamen,
2662 900 2826 965 utibi
2868 901 3056 966 aliter,
3097 903 3269 960 aliter
3305 907 3493 979 apud,
3532 911 3929 971 Combelisium

2309 986 2667 1061 inscriptum
2689 989 2785 1045 sit.
2809 994 2893 1047 lta
2931 992 3095 1048 enim
3129 994 3191 1049 in
3212 995 3474 1052 editione
3494 998 3793 1056 Parisiensi
3818 1003 3928 1058 ins-

2309 1075 2583 1133 cribitur:
2602 1078 2815 1150 Ὀμιλία
2836 1079 2959 1133 ΛΑ’.
2985 1087 3157 1153 Λόγος
3194 1089 3313 1158 περὶ
3333 1093 3424 1137 τοῦ
3447 1086 3792 1150 αύτεξουσίου.
3814 1092 3929 1147 ΗΟ-

2308 1168 2479 1224 milia
2505 1170 2732 1226 XXXI.
2745 1172 2834 1228 De
2855 1173 3045 1230 libero
3067 1175 3324 1231 arbitrio
3352 1192 3546 1234 sermo
3575 1196 3588 1235 :
3612 1180 3763 1252 apud
3793 1184 3931 1239 Con-

2306 1254 2591 1314 beﬁsium
2621 1276 2761 1316 vero
2788 1260 2890 1332 (ὁ),
2940 1262 3056 1318 hoc
3098 1263 3306 1335 modo,
3353 1273 3455 1318 Τοῦ
3501 1268 3660 1331 αὐτοῦ
3704 1270 3934 1344 πρόλογος

2308 1344 2613 1411 ἀσκητικός.
2643 1350 2863 1407 Basilii
2885 1352 3101 1422 Magni
3131 1355 3420 1425 prologus
3450 1359 3753 1417 asceticus.
3780 1364 3937 1418 Com-

2303 1434 2606 1508 beﬁsium,
2654 1440 2760 1511 qui
2815 1444 2878 1496 ut
2932 1447 3207 1509 cmieras,
3257 1443 3341 1499 ita
3395 1445 3555 1501 hanc
3596 1447 3782 1520 ipsam
3830 1451 3937 1508 lio--

2302 1525 2534 1584 miliam
2601 1527 2968 1587 tricesimam
3018 1531 3280 1603 primam
3326 1533 3389 1591 in
3438 1551 3549 1592 suo
3600 1537 3808 1596 Basilio
3851 1557 3933 1597 re-

2303 1617 2531 1673 censito
2589 1617 2893 1691 aliquibus
2934 1620 3082 1676 locis
3126 1622 3559 1682 emendaverat
3597 1625 3788 1684 fallere
3832 1645 3935 1701 po-

533 1708 687 1761 πάλιν
706 1706 1071 1783 παραπλήσιον
1096 1715 1196 1759 τῶν
1216 1713 1555 1781 προεστώτων
1576 1717 1669 1761 τοῦ
1689 1708 1866 1780 λόγου,
1891 1713 2002 1765 etc.
2033 1709 2180 1784 int

2304 1705 2412 1762 tuit
2438 1706 2846 1780 inscriptionis
2889 1711 3149 1768 varietas
3184 1729 3197 1767 :
3230 1718 3294 1769 ut
3324 1719 3386 1770 ut
3429 1714 3559 1771 haec
3600 1723 3753 1784 sunt,
3799 1720 3936 1777 nihil

533 1808 674 1855 vero
704 1799 951 1869 ejusque
977 1798 1070 1853 rei
1094 1797 1332 1853 ratione
1359 1798 1731 1869 adiungam;
1771 1799 2037 1868 primum
2067 1799 2194 1869 qui-

532 1888 664 1945 dem
693 1902 826 1959 quae
855 1902 1037 1943 causa
1085 1887 1183 1953 sit,
1216 1887 1451 1959 quodve
1487 1888 1830 1957 periculum
1860 1893 2045 1944 tanta:
2073 1888 2189 1944 Ec-

530 1979 853 2034 clesiarum
896 1977 1010 2033 Dei
1033 1981 1089 2031 et
1116 1978 1370 2033 alterius
1402 1993 1538 2034 cum
1582 1979 1778 2034 altero
1806 1978 2188 2034 dissensionis

528 2072 712 2139 atque
731 2066 991 2134 dissidii;
1024 2071 1149 2122 tum
1179 2065 1397 2123 deinde
1424 2074 1619 2124 certas
1645 2082 1722 2123 ea:
1745 2066 1955 2124 divina
1984 2069 2187 2137 Scrip-

529 2162 672 2213 tura
709 2156 1096 2226 probationes
1145 2171 1220 2213 ac
1258 2157 1548 2221 rationes,
1592 2158 1807 2228 quibus
1865 2160 2188 2227 conﬁcitur

527 2248 590 2304 in
610 2262 840 2303 omnem
862 2248 1048 2302 Deum
1065 2247 1345 2303 mandati
1361 2250 1896 2317 transgressionem
1917 2251 2051 2305 acri
2070 2253 2186 2305 tre-

522 2337 859 2408 mendaque
885 2335 1265 2392 districtione
1293 2337 1870 2394 animadvertere....
1902 2338 2003 2393 Ad
2033 2338 2179 2410 haec,

517 2428 685 2497 piam
708 2427 783 2484 de
826 2428 947 2484 Deo
989 2441 1062 2483 ac
1106 2428 1315 2495 Patre,
1367 2428 1801 2501 unigenitoque
1856 2431 1984 2499 ejus
2014 2430 2181 2485 Filio

521 2531 593 2574 ae
653 2519 796 2587 Deo,
853 2531 962 2573 nec
1013 2530 1136 2573 non
1190 2516 1425 2587 Spiritu
1482 2523 1688 2574 sancto
1751 2519 2178 2589 confessionem

522 2607 678 2663 liber
700 2607 1218 2676 complectetur....
1262 2621 1334 2663 ac
1346 2613 1668 2676 praterea,
1697 2609 2178 2678 compendiosum

520 2695 870 2768 brevemque
898 2696 1060 2752 velut
1089 2697 1495 2753 characterem
1528 2697 1787 2753 hominis
1818 2697 2175 2766 Christiani,

519 2784 888 2853 deﬁnitionis
907 2786 1116 2855 forma
1140 2799 1216 2841 ea:
1256 2785 1597 2855 Scripturis
1626 2788 1815 2843 sacris
1860 2787 2179 2843 conabitur

518 2874 707 2946 dare;
764 2874 1126 2947 afﬁnemque
1166 2890 1379 2931 rursus
1436 2876 1844 2943 characterem
1890 2878 2175 2947 praeposi-

518 2970 718 3021 torum
746 2965 1063 3035 sermonis,
1095 2968 1212 3021 etc.
1247 2964 1437 3035 Velimq
1461 2965 1644 3037 igitur
1672 2966 1990 3040 utriusque
2034 2966 2174 3023 scri-

2299 1794 2396 1851 hic
2417 1794 2744 1853 dicendum
2764 1797 2839 1853 de
2862 1799 2976 1855 hoc
3005 1801 3299 1873 opusculo
3324 1803 3764 1863 Combeﬁsiano
3789 1809 3936 1866 arbi-

2299 1889 2550 1956 tramur,
2579 1903 2718 1943 cum
2756 1887 2908 1943 illud
2933 1889 3063 1959 jam
3098 1890 3161 1945 in
3193 1897 3595 1965 antecessum,
3638 1895 3740 1953 ubi
3765 1898 3935 1955 nobis

2296 1972 2374 2029 de
2419 1974 2637 2031 eadem
2680 1975 2784 2032 illa
2830 1977 3100 2033 oratione
3146 1979 3451 2038 tricesima
3496 1984 3692 2055 prima
3745 2002 3935 2044 sermo

2295 2068 2442 2133 erat,
2470 2063 2531 2119 in
2577 2065 2798 2135 spuriis
2829 2071 3011 2138 atque
3040 2066 3398 2124 adulterinis
3428 2074 3805 2142 posuerimus
3841 2078 3934 2148 (c).

2294 2152 2395 2208 Hic
2416 2152 2663 2209 tandem
2676 2153 3183 2226 disputationibus
3208 2158 3481 2215 asceticis
3493 2159 3821 2220 clausulam
3834 2166 3940 2223 im-

2291 2258 2521 2315 ponam
2543 2243 2775 2317 siprius
2803 2244 2917 2301 hoc
2944 2262 3133 2302 unum
3164 2246 3479 2316 addidero,
3499 2251 3758 2322 primum
3779 2254 3942 2312 libel-

2286 2331 2415 2388 lum
2446 2348 2482 2390 a
2502 2333 2863 2390 Combeﬁsio
2887 2352 2918 2391 e
2940 2335 3182 2392 duobus
3209 2336 3379 2393 libris
3400 2340 3696 2398 veteribus
3726 2345 3939 2415 Regiis,

2290 2421 2545 2478 alterum
2599 2438 2674 2478 ex
2706 2439 2830 2478 uno
2859 2424 3070 2480 itidem
3109 2426 3290 2495 Hegio
3316 2427 3546 2485 editum
3575 2429 3758 2486 fuisse
3786 2436 3898 2505 (d).

2323 2522 2351 2593 §
2389 2524 2502 2578 XII.
2543 2522 2853 2579 Basilione
2874 2522 3182 2651 til'ilbiuendi
3199 2527 3321 2582 sint
3350 2527 3470 2584 duo
3502 2531 3581 2585 De
3605 2528 3907 2603 baptismo

2936 2613 2952 2650 ι
2997 2612 3074 2651 ri.
3114 2611 3320 2651 necne.

2936 2611 3074 2662 ιονι,
3114 2611 3320 2654 necne.

2359 2695 2451 2749 54.
2486 2691 2659 2755 Quod
2706 2691 2789 2749 ait
2817 2692 3202 2750 doctissimus
3242 2694 3332 2751 vir
3381 2698 3720 2757 Ludovicus
3759 2704 3941 2776 Dupi-

2284 2798 2398 2837 nus
2411 2784 2518 2853 (e),
2532 2781 2686 2838 duos
2702 2781 2813 2837 hos
2828 2783 2917 2838 De
2936 2782 3229 2852 baptismo
3242 2783 3432 2841 libros
3451 2802 3759 2861 nusquam
3774 2794 3943 2864 apud

2284 2871 2568 2942 antiquos
2595 2870 2852 2933 laudari,
2880 2887 2950 2927 eo
2980 2870 3129 2927 nihil
3160 2874 3359 2929 verius
3398 2874 3517 2932 dici
3562 2879 3789 2952 potuit;
3830 2882 3942 2938 sed

2282 2960 2451 3032 quod
2481 2958 2738 3027 addidit,
2773 2959 3024 3016 eosdem
3052 2977 3090 3018 a
3118 2962 3362 3018 nemine
3392 2964 3455 3020 in
3484 2964 3741 3024 dubium
3770 2985 3944 3027 revo-

516 3053 707 3127 ptoris
732 3052 920 3110 verba
937 3053 1092 3109 inter
1118 3070 1179 3109 se
1202 3053 1592 3110 conferantur
1620 3072 1634 3110 :
1663 3055 1831 3128 quod
1850 3055 1901 3110 si
1928 3056 2068 3129 quis
2087 3055 2173 3112 fe-
2204 3070 2245 3127 ο
2283 3049 2429 3113 cari.
2459 3048 2522 3105 id
2549 3065 2673 3105 non
2704 3065 2840 3105 vere
2883 3048 3111 3106 dictum
3163 3051 3349 3108 fuisse
3401 3060 3655 3111 constat.
3691 3056 3945 3116 Combe-

519 3143 684 3213 cerit,
716 3141 1160 3199 animadvertet
1188 3143 1437 3199 easdem
1460 3160 1643 3199 voces
1672 3150 1931 3218 utroque
1952 3146 2014 3201 in
2038 3145 2173 3203 loco

515 3231 616 3289 hic
674 3231 792 3287 illic
848 3231 1147 3302 adhiberi,
1203 3232 1418 3304 quales
1473 3238 1637 3302 sunt,
1696 3233 1858 3301 αἰτία,
1908 3231 2170 3304 κίνδυνος,

519 3324 720 3396 Γραφὴ,
745 3316 1034 3388 ἀπόδειξις,
1058 3317 1379 3396 παράϐασις,
1404 3319 1601 3387 ἐντολὴ,
1629 3319 1889 3395 σφοδρῶς,
1924 3323 2169 3397 φοϐερῶς,

519 3407 763 3478 ἐκδικεῖν,
790 3410 872 3467 ob
898 3410 1084 3482 idque
1113 3412 1365 3467 fortasse
1391 3410 1689 3483 suspicari
1718 3412 1984 3485 incipiet,
2007 3413 2173 3470 hunc

516 3499 615 3556 vel
663 3499 834 3556 illum
882 3499 1240 3572 scriptorem
1287 3499 1655 3572 plagiarium
1704 3500 1915 3558 fuisse.
1958 3503 2075 3560 Sed
2123 3503 2174 3560 si

516 3588 702 3663 paulo
768 3589 1052 3646 attentius
1129 3589 1595 3647 consideraverit
1656 3594 1785 3647 tum
1844 3591 2014 3662 illud,
2076 3601 2173 3655 τῆς

516 3682 782 3741 τοσαύτης
823 3687 923 3731 τῶν
963 3677 1282 3737 Ἐκκλησιῶν
1324 3688 1418 3732 τοῦ
1467 3686 1620 3749 Θεοῦ,
1653 3685 1742 3733 καὶ
1773 3680 1993 3735 ἑκάστου
2040 3686 2172 3758 πρὸς

515 3773 604 3821 τὸν
635 3770 802 3843 ἕτερον
834 3765 1121 3841 διαφωνίας
1145 3788 1199 3822 τε
1217 3774 1309 3822 καὶ
1333 3766 1781 3843 διαστάσεωςβῑδ,
1800 3772 1962 3827 enim
1989 3771 2171 3845 plane

515 3858 843 3929 legendum
876 3864 989 3928 est,
1038 3864 1106 3914 ut
1141 3859 1203 3913 in
1232 3861 1455 3915 Veneta
1483 3859 1769 3927 editione,
1798 3876 1924 3917 non
1951 3865 2083 3934 πρὸς
2110 3865 2168 3915 τὸ

516 3950 665 4021 ἔργον
729 3952 796 4004 ut
849 3947 1017 4018 apud
1083 3946 1555 4018 Combeﬁsium),
1614 3953 1743 4005 tum
1796 3947 1965 4017 illud,
2017 3951 2169 4004 οἰονεὶ

514 4046 836 4114 χαρακτῆρα
880 4043 1203 4111 Χριστιανοῦ
1254 4034 1586 4109 κεφαλαιώδη
1632 4042 1723 4089 καὶ
1773 4042 2043 4112 σύντομον.
2071 4082 2083 4094 .
2112 4081 2125 4094 .
2153 4081 2166 4095 .

513 4133 605 4181 καὶ
635 4136 956 4203 χαρακτῆρα
982 4126 1136 4179 πάλιν
1165 4126 1531 4200 παραπλήσιον
1560 4136 1660 4179 τῶν
1700 4135 2039 4201 προεστώτων
2076 4138 2169 4183 τοῦ

512 4217 692 4291 λόγου,
741 4216 936 4286 facile,
989 4215 1228 4289 opinor,
1279 4215 1393 4272 sibi
1445 4216 1853 4288 persuadebit,
1913 4218 2169 4276 alterum

512 4306 593 4364 ab
625 4307 811 4363 altero
839 4305 1133 4362 nonnulla.
1166 4310 1371 4377 aperte
1414 4305 1494 4361 ad
1528 4306 1785 4363 verbum
1812 4308 2168 4381 sumpsisse.

2282 3137 2452 3194 ﬁsins
2481 3139 2644 3194 enim
2676 3143 2986 3211 suspectos
3022 3139 3191 3212 ipsos
3226 3139 3442 3199 habuit
3489 3161 3503 3198 :
3536 3145 3709 3217 cujus
3752 3150 3947 3207 verba

2281 3226 2503 3285 referre
2543 3243 2671 3283 non
2720 3226 2949 3300 pigebit
2992 3230 3087 3300 (Γ).
3143 3231 3239 3285 Vir
3267 3230 3446 3301 igitur
3493 3234 3947 3295 eruditissimus

2282 3334 2422 3374 cum
2450 3317 2513 3373 in
2543 3316 2636 3373 his
2666 3317 2836 3373 libris
2884 3318 3178 3375 adverbia
3223 3321 3511 3392 quaedam
3551 3324 3948 3385 animadver-

2280 3407 2465 3475 tisset,
2494 3406 2700 3481 qualia
2727 3412 2867 3464 sunt
2896 3407 3192 3481 ὀριστικῶς,
3215 3409 3572 3484 πολυτρόπως,
3593 3413 3947 3488 ἐντρεπτικὼ..

2279 3516 2444 3571 τερον,
2489 3505 2733 3570 φανερῶς,
2767 3501 2825 3553 et
2854 3496 2974 3554 alia
3002 3498 3279 3568 ejusdem
3309 3501 3548 3569 generis
3592 3504 3809 3575 multa,
3856 3507 3948 3566 ita

2277 3586 2516 3644 locutus
2534 3592 2624 3643 est
2640 3604 2653 3642 :
2668 3588 3030 3657 A/I‘ectatior
3048 3604 3229 3661 quam
3248 3591 3437 3647 soleat
3457 3592 3619 3650 hisce
3636 3595 3953 3654 adverbiis

2279 3678 2550 3735 Basilius
2571 3682 2694 3734 toto
2714 3677 2825 3734 hoc
2844 3692 3040 3747 opere,
3063 3693 3171 3734 nec
3191 3681 3284 3735 sui
3299 3681 3669 3753 simillimus,
3689 3687 3952 3744 nativa-

2279 3783 2393 3840 que
2406 3769 2676 3837 puritate
2693 3772 3051 3838 gratus;ac,
3095 3784 3242 3825 num
3291 3785 3425 3841 quae
3462 3772 3606 3828 inde
3623 3771 3956 3834 Ἀσκητιχόν

2277 3858 2535 3928 suspicio
2548 3857 2800 3925 pulsare
2819 3857 3089 3913 animum
3107 3859 3334 3928 possit?
3362 3860 3578 3917 Lector
3594 3863 3828 3935 videat,
3852 3867 3960 3924 de-

2279 3961 2392 4018 que
2411 3951 2531 4002 toto
2551 3945 2796 4002 dicendi
2812 3946 3170 4004 charactere
3191 3951 3637 4022 austeriorique
3655 3953 3959 4014 doctrina

2278 4038 2689 4105 conjecturam
2710 4035 2913 4093 ducat.
2937 4035 3367 4109 'l‘illemontius,
3407 4039 3497 4095 vir
3533 4041 3963 4113 peritissimus

2275 4124 2560 4199 idemque
2607 4124 3133 4197 diligentissimus,
3181 4126 3415 4184 viderat
3470 4129 3727 4201 quidem
3778 4132 3964 4192 hunc

2279 4213 2625 4272 Combeﬁsii
2641 4214 2873 4271 locum:
2891 4214 3000 4271 sed
3019 4230 3145 4272 non
3166 4221 3453 4290 proptere
3470 4218 3794 4288 vulgatam
3815 4225 3970 4295 opi-

2275 4303 2522 4361 nionem
2558 4302 2918 4377 repudiavit.
2960 4307 3083 4361 lmo
3121 4304 3303 4361 etiam
3339 4307 3423 4364 ait
3461 4324 3523 4364 se
3566 4309 3798 4366 criticis
3833 4312 3969 4370 illis

514 4396 618 4454 Cui
639 4400 840 4452 autem
860 4393 1185 4450 verisimile
1209 4394 1332 4461 ﬁet,
1351 4395 1775 4453 doctissimum
1803 4396 2000 4454 virum
2025 4399 2169 4455 Pho-
2196 4423 2242 4479 Ι)
2277 4394 2619 4451 Combeﬁsii
2638 4394 2797 4449 notis
2832 4392 2893 4448 in
2933 4409 3046 4450 sua
3084 4394 3382 4452 sententia
3402 4396 3599 4467 magis
3621 4413 3697 4455 ac
3737 4403 3970 4472 magis

511 4484 685 4554 tium,
708 4483 1117 4556 eamdemque
1148 4484 1456 4541 scribendi
1480 4485 1937 4557 peritissimum,
1971 4504 2008 4545 a
2031 4504 2170 4545 nes-

516 4574 610 4632 cio
630 4589 754 4648 quo
773 4589 901 4630 non
935 4588 1133 4646 pauca
1162 4573 1243 4630 ad
1272 4573 1529 4630 verbum
1557 4579 1902 4633 mutuatum
1934 4576 2118 4634 fuisse
2137 4579 2165 4635 ‘I

508 4664 679 4739 quod
730 4678 801 4720 eo
849 4662 1052 4719 minus
1106 4662 1424 4734 probabile
1478 4663 1797 4736 videbitur,
1855 4666 2002 4738 quia
2046 4665 2163 4723 hoc

507 4754 851 4829 epistolium
894 4752 1156 4826 pessime
1212 4753 1621 4826 conscriptum
1677 4759 1784 4810 est.
1845 4755 2162 4829 Reliquum

504 4849 595 4902 est
642 4843 843 4915 igitur,
874 4846 941 4898 ut
987 4839 1244 4914 epistolii
1291 4840 1547 4913 scriptor
1591 4841 1923 4914 plagiarius
1972 4843 2161 4902 fuisse

503 4935 758 4992 dicatur.
805 4932 921 4990 Sed
956 4931 1217 4988 fortasse
1264 4935 1495 5003 quaeret
1539 4930 1774 5004 aliquis,
1806 4948 1930 5004 quo
1959 4933 2158 4990 consi-

499 5024 580 5083 lio
637 5025 929 5097 scriptum
981 5021 1156 5077 fuerit
1206 5019 1323 5077 hoc
1371 5020 1733 5092 epistolium.
1767 5024 1912 5078 Puto
1967 5023 2159 5079 homi-

499 5129 642 5171 nem
682 5121 896 5171 cietera
944 5110 1282 5183 simplicem
1318 5116 1375 5167 et
1410 5111 1663 5179 bonum,
1696 5111 1802 5184 qui
1844 5111 2157 5171 Ἀσκητικόν

501 5219 539 5261 a
584 5202 895 5259 nonnullis
941 5201 1022 5258 ob
1074 5199 1391 5257 Sozomeni
1443 5198 1647 5255 locum
1693 5201 1999 5257 Eustathio
2054 5202 2153 5258 tri-

497 5291 605 5350 bui
635 5290 883 5359 videret,
916 5293 1145 5346 tentare
1191 5287 1482 5358 voluisse,
1522 5287 1572 5343 si
1599 5288 1854 5361 epistola
1901 5305 2013 5348 sua
2043 5306 2153 5363 pro

567 5417 650 5489 (a)
687 5419 775 5473 Ita
802 5415 865 5489 in
895 5415 1034 5471 edit.
1067 5413 1216 5470 Ven.

568 5487 647 5561 (ὁ)
687 5487 1144 5561 Basil_recens.,
1178 5493 1322 5542 tom.
1356 5487 1422 5553 ll,
1444 5499 1507 5556 p.
1538 5489 1660 5542 107.

569 5557 647 5636 (c)
686 5562 838 5631 Lege
859 5557 1026 5615 Praef.
1057 5559 1085 5626 §
1111 5560 1162 5613 8.

2274 4481 2640 4539 conﬁrmari.
2665 4481 2782 4537 Sed
2820 4484 2886 4537 ut
2925 4480 3054 4537 haec
3093 4480 3309 4539 melius
3346 4483 3792 4556 intelligantur,
3816 4504 3973 4548 rem

2273 4570 2449 4629 altius
2488 4574 2712 4642 petam.
2736 4569 3074 4627 Meminisse
3095 4586 3240 4642 ergo
3277 4572 3472 4643 juvat,
3500 4574 3974 4636 Combeﬁsium

2271 4659 2605 4727 Ἀσκητικόν,
2632 4666 2801 4731 quod
2819 4664 3042 4716 vocant
3059 4675 3185 4716 non
3208 4659 3443 4728 Basilio,
3485 4662 3594 4719 sed
3622 4666 3973 4724 Eustathio

2272 4750 2600 4808 Sebasteno
2622 4748 2901 4818 tribuere,
2925 4757 3107 4823 atque
3126 4751 3280 4806 inter
3298 4756 3516 4808 caetera
3543 4762 3973 4828 argumenta,

2270 4840 2492 4914 quibus
2540 4839 2631 4896 vir
2676 4839 2895 4895 doctus
2951 4839 3032 4896 ad
3083 4838 3538 4898 defendendam
3580 4858 3771 4900 suam
3817 4848 3976 4919 opi-

2267 4931 2513 4987 nionem
2541 4929 2745 5000 utitur,
2779 4928 2895 4985 hoc
2938 4945 3184 5002 quoque
3230 4931 3501 5003 reperiri,
3545 4933 3721 5005 quod
3767 4938 3980 4993 Asce-

2267 5020 2366 5076 tici
2395 5019 2650 5093 scriptor
2677 5018 2760 5076 ita
2791 5018 3158 5092 Scripturam
3189 5018 3333 5075 citat
3359 5024 3426 5076 ut
3452 5020 3756 5080 adverbia
3780 5040 3981 5097 qua:-

2265 5111 2413 5167 dam
2441 5115 2777 5184 praeponat,
2804 5108 3007 5182 qualia
3033 5113 3196 5178 sunt,
3224 5110 3524 5184 ὁριστικῶς,
3561 5121 3772 5184 σαφῶς,
3824 5113 3980 5169 ἀπο.

2267 5209 2542 5274 φαντικῶς,
2574 5204 2637 5257 ει
2665 5199 2881 5256 eodem
2910 5198 2987 5254 de
3026 5213 3244 5268 genere
3274 5198 3395 5256 alia
3423 5217 3436 5255 :
3470 5201 3576 5273 qui
3605 5201 3980 5262 adverbio-

2263 5306 2400 5347 rum
2428 5306 2575 5345 usus
2623 5288 2687 5343 in
2714 5287 2844 5344 aliis
2890 5287 3087 5343 Basilii
3117 5287 3356 5360 scriptis
3385 5288 3587 5345 nullus
3627 5295 3750 5347 est.
3793 5294 3983 5351 Cum

2334 5417 2419 5487 (d)
2454 5416 2649 5473 Basil.
2672 5429 2895 5471 recens.
2908 5454 2923 5483 ,
2952 5417 3097 5482 tom,
3123 5416 3188 5484 ll,
3219 5428 3366 5486 pag.
3398 5417 3465 5469 97
3493 5419 3551 5472 et
3582 5419 3710 5473 107.

2337 5490 2408 5563 (e)
2444 5490 2705 5563 'l‘om_._ll,
2736 5503 2803 5559 p.
2845 5488 2975 5563 540.

2333 5558 2409 5631 (ﬂ
2447 5559 2644 5618 Basil.
2676 5558 2920 5626 recens.,
2955 5559 3103 5614 tom.
3132 5558 3173 5629 Ι,
3207 5571 3352 5630 pag.
3377 5559 3506 5614 241.
