4058 6192
146 288 221 340 lii

1650 278 2043 336 ΡΒΙΕΡᾹἸῚΟ.

3453 277 3556 332 142

139 410 295 478 igitur
310 409 828 479 Combeﬁsius(a)
854 410 1073 466 similia
1093 410 1382 466 adverbia
1399 408 1598 466 tamin
1619 410 1792 462 Asce-
1830 407 1878 459 Α
1906 403 1955 458 si
1985 401 2336 474 opinionem
2370 416 2602 465 eorum,
2637 400 2745 473 qui
2773 401 3117 459 Asceticum
3165 405 3223 460 et
3249 401 3405 458 duos
3445 401 3559 458 hos

138 501 235 554 tico
261 515 461 571 quam
495 500 561 554 in
593 500 688 555 his
720 500 808 555 De
832 500 1128 569 baptismo
1148 499 1317 555 libris
1344 497 1610 569 inspergi
1631 496 1792 551 vide-

138 594 228 654 ret,
266 589 628 660 suspicatus
676 596 768 645 est
821 597 1146 662 utrumque
1177 606 1331 662 opus
1385 590 1463 646 ad
1512 586 1796 643 eumdem

138 683 432 733 auctorem
468 679 799 750 pertinere,
822 680 935 735 hoc
957 685 1043 735 est
1069 679 1148 735 ad
1173 678 1549 735 Eustathium
1583 677 1798 733 Sebas-

140 775 352 835 tenum,
375 784 600 840 quem,
633 774 700 824 ut
729 769 914 824 modo
945 768 1089 837 dixi,
1111 769 1359 824 Ascetici
1385 774 1696 825 auctorem
1716 766 1802 821 fa-

135 858 217 911 cit.
248 856 679 912 Tillomontius
707 864 937 926 autem,
967 857 1070 930 qui
1122 862 1178 913 et
1207 858 1340 930 ipse
1359 873 1604 930 quoque
1625 873 1698 912 ea
1727 855 1802 913 de

136 945 340 1016 quibus
372 945 592 1016 agitur
624 945 918 1002 adverbia
949 952 1004 1002 et
1029 947 1088 1002 in
1115 947 1382 1003 Ascetico
1403 948 1538 1002 etin
1559 947 1804 1003 duobus

134 1034 230 1090 illis
259 1036 345 1091 De
377 1035 695 1104 baptismo
716 1035 885 1091 libris
915 1036 1364 1105 animadvertit,
1394 1035 1534 1091 inde
1561 1035 1806 1106 quidem

137 1127 344 1196 pariter
375 1125 659 1195 collegit,
696 1125 1007 1198 utriusque
1049 1126 1250 1198 operis
1274 1127 1558 1182 eumdem
1607 1131 1809 1182 aucto-

135 1233 243 1271 rem
276 1231 418 1271 esse
455 1233 471 1270 :
515 1215 630 1272 sed
674 1216 972 1287 quoniam
1017 1216 1204 1272 semel
1225 1216 1565 1272 Asceticum
1596 1217 1809 1272 Basilio

134 1306 574 1378 adscripserat,
628 1304 828 1360 eidem
885 1305 1062 1361 etiam
1112 1310 1169 1360 et
1219 1305 1330 1360 hos
1385 1307 1471 1362 De
1518 1306 1810 1376 baptismo

134 1395 310 1451 libros
345 1395 729 1466 adjudicare
756 1411 1005 1450 necesse
1035 1395 1268 1450 habuit.
1293 1399 1406 1451 Nec
1435 1411 1548 1465 ego
1568 1396 1812 1465 negabo

133 1484 537 1540 doctissimos
561 1484 727 1539 viros
777 1483 1208 1540 Combeﬁsium
1255 1488 1314 1540 et
1367 1484 1811 1540 Tillemontium

131 1580 548 1643 congruenter
579 1573 710 1628 suis
741 1572 1053 1644 principiis
1083 1572 1630 1646 convenienterque
1655 1574 1815 1645 judi-

131 1679 318 1723 casse.
350 1661 686 1734 viderique
731 1661 929 1729 primo
975 1666 1225 1734 aspectu
1266 1669 1626 1733 argumento
1665 1665 1814 1720 satis

1903 493 1991 548 De
2011 491 2301 560 baptismo
2331 490 2518 546 libros
2552 490 2748 545 eidem
2773 491 3051 563 scriptori
3071 491 3365 559 tribuunt,
3389 493 3562 567 sequi

1903 581 2139 638 vellem.
2172 586 2258 637 lta
2287 581 2468 652 igitur
2494 580 2556 636 in
2586 579 2826 650 Regulis
2851 580 3230 639 brevioribus
3269 584 3563 657 scriptum

1909 675 2001 727 est
2019 675 2162 743 (reg.
2192 673 2310 740 175)
2333 688 2346 726 ε
2383 676 2481 724 Καὶ
2503 669 2586 722 ἐὰν
2611 667 2906 732 δοξάζηται
2925 669 2973 723 ἓν
2995 671 3164 745 μέλος,
3188 676 3324 726 κατὰ
3346 677 3561 744 σκοπὸν,

1913 757 2154 818 δηλονότι
2182 770 2278 822 τῆς
2302 765 2431 835 πρὸς
2475 762 2602 812 Θεὸν
2636 758 2884 832 εὐαρεστή
2897 780 3044 828 σεως,
3082 769 3368 840 συνχαίρει
3396 767 3567 818 πάντα

1911 853 1977 902 τά
2005 851 2154 923 μέλη,
2180 875 2207 904 ς
2236 851 2314 907 Ει
2343 852 2398 906 si
2417 851 2617 921 gloria
2642 850 2918 920 afﬁcitur
2945 867 3129 908 unum
3153 857 3506 924 membrum,
3537 878 3566 907 »

1912 955 1989 996 ex
2012 941 2260 996 consilio
2304 941 2582 997 videlicet
2629 942 2914 1010 placendi
2953 943 3092 1006 Deo,
3125 965 3156 993 «
3189 947 3570 1015 congaudent

1916 1033 2117 1086 omnia
2145 1033 2413 1089 membra
2443 1035 2511 1087 ⁵ο.
2556 1055 2584 1086 κ
2621 1038 2687 1091 Et
2716 1033 2898 1108 paulo
2925 1037 3068 1106 post
3094 1033 3350 1105 scriptor
3376 1035 3460 1092 ita
3486 1035 3573 1093 lo-

1918 1124 2092 1174 cutus
2122 1124 2211 1176 est
2239 1123 2385 1192 (reg.
2434 1125 2594 1195 1’79):
2645 1123 2758 1177 Ἐὰν
2807 1125 2912 1198 ἄρα
2957 1119 3293 1186 δυσωπηθεὶς
3339 1128 3432 1182 τὴν
3480 1131 3573 1178 τοῦ

1922 1216 2054 1260 Θεοῦ
2097 1216 2466 1282 χρηστότητα,
2518 1219 2794 1288 προτραπῇ
2845 1213 2919 1273 εἰς
2967 1210 3253 1285 ἐπιμεἏειαν
3301 1222 3399 1274 τῆς
3443 1217 3575 1289 πρὸς

1921 1297 2075 1349 αὐτὸν
2108 1298 2516 1372 εὐαρεστήσεως,
2547 1307 2659 1358 etc.
2690 1303 2759 1358 Si
2782 1303 2944 1372 forte
2986 1302 3308 1359 bonitatem
3336 1304 3450 1361 Dei
3483 1319 3576 1361 re-

1921 1391 2166 1455 veritus,
2198 1391 2456 1462 hincque
2493 1394 2912 1462 extimulatus,
2943 1393 3181 1450 studeat
3221 1395 3276 1450 ei
3309 1396 3577 1464 compla-

1922 1494 2072 1550 cere,
2104 1485 2218 1536 etc.
2241 1483 2356 1537 Nec
2378 1481 2461 1538 ita
2481 1482 2674 1538 multo
2694 1483 2852 1540 infra
2882 1483 2966 1539 sic
2986 1482 3205 1554 legitur
3228 1488 3377 1555 (reg.
3409 1483 3532 1546 187)
3561 1502 3577 1541 :

1922 1567 2081 1620 ’Ὁταν
2137 1567 2500 1644 ἀμετεωριστῳ
2537 1577 2637 1634 ,καὶ
2693 1577 2942 1646 τεταμένῃ
2999 1571 3252 1646 ἐπιθυμίᾳ
3300 1581 3397 1651 τῆς
3451 1576 3583 1649 πρὸς

1927 1661 2054 1711 Θεὸν
2086 1658 2334 1731 εὐαρεστὴ
2347 1680 2492 1729 σεως,
2527 1666 2637 1719 etc.
2670 1665 2817 1718 Tum
2844 1678 2978 1719 cum
3008 1663 3251 1720 assiduo
3313 1678 3386 1720 ac
3416 1665 3586 1721 vehe-

133 1752 437 1824 probabili
481 1752 566 1807 ad
594 1750 889 1806 tuendam
917 1767 1092 1807 suam
1119 1751 1470 1823 opinionem
1499 1753 1626 1808 niti.
1667 1757 1815 1810 Cum
1856 1757 1897 1810 B
1925 1751 2110 1805 menti
2137 1749 2430 1807 desiderio
2484 1753 2774 1821 placendi
2810 1754 2953 1816 Deo,
2985 1757 3096 1809 etc.
3131 1756 3301 1808 Nunc
3333 1752 3585 1810 totidem

135 1843 284 1896 enim
320 1841 626 1910 ejusdem
655 1840 892 1909 generis
923 1840 1210 1896 adverbia
1234 1857 1357 1896 non
1391 1858 1587 1914 pauca
1612 1847 1736 1898 tam
1758 1843 1818 1899 in

135 1931 403 1986 Asc-etico
446 1945 650 2001 quam
693 1930 756 1984 in
801 1931 1204 1985 controversis
1233 1930 1362 1985 istis
1399 1933 1486 1988 De
1524 1932 1819 2001 baptismo

141 2020 306 2075 libris
340 2019 621 2075 inveniri
657 2024 927 2085 constet;
981 2025 1161 2088 certe,
1194 2021 1314 2076 nisi
1362 2022 1708 2078 attentiores
1749 2023 1823 2078 si-

139 2126 292 2176 mus,
325 2124 404 2164 eo
441 2108 702 2162 animus
730 2107 1064 2178 inclinabit,
1098 2113 1162 2164 ut
1195 2114 1515 2182 utrumque
1541 2125 1694 2180 opus
1718 2112 1823 2166 uni

143 2204 192 2253 et
210 2198 379 2253 idem
414 2196 713 2268 scriptori
740 2196 1101 2253 tribuamus.
1128 2196 1244 2253 Sed
1276 2202 1477 2252 tamen
1510 2197 1559 2252 si
1589 2197 1725 2270 quis
1754 2213 1828 2254 ea

145 2289 210 2342 de
236 2287 483 2360 quibus
505 2286 860 2357 disputatur
887 2286 1111 2358 scripta
1141 2286 1327 2358 paulo
1357 2287 1640 2342 attentius
1669 2286 1827 2356 lege-

147 2381 228 2442 rit,
251 2375 311 2430 id
334 2374 522 2447 quod
545 2373 674 2428 dixi
707 2379 1131 2442 argumentum
1151 2373 1380 2429 nullius
1411 2375 1703 2431 momenti
1727 2381 1831 2432 aut

147 2467 436 2538 ponderis
481 2480 624 2520 esse.
655 2463 850 2528 facile,
883 2464 1120 2535 opinor,
1154 2464 1461 2522 fatebitur.
1503 2468 1632 2520 Non
1665 2466 1830 2522 enim

145 2557 351 2612 omnia
375 2552 687 2610 adverbia
708 2553 809 2609 illa
831 2553 1300 2624 sempereodem
1324 2570 1508 2610 sensu
1528 2553 1828 2626 accipiun-

151 2656 236 2700 tur
277 2645 341 2700 in
375 2649 653 2714 utroque
685 2657 887 2713 opere.
931 2643 1078 2696 Cum
1125 2642 1285 2697 enim
1329 2642 1497 2709 illud,
1531 2645 1833 2718 ὁριστικῶς,

153 2750 399 2806 semper
422 2734 490 2787 in
517 2732 793 2786 Ascetico
816 2747 926 2802 pro
949 2747 1018 2786 eo
1043 2732 1208 2803 quod
1232 2737 1340 2800 est,
1363 2733 1536 2788 modo
1568 2733 1834 2790 decreto-

149 2827 236 2880 rio
257 2824 456 2894 loqui,
474 2826 782 2886 sumatur,
806 2826 1008 2875 tamen
1032 2819 1092 2874 in
1121 2820 1213 2875 his
1236 2821 1323 2874 De
1345 2820 1639 2889 baptismo
1662 2821 1831 2878 libris

145 2911 496 2985 aliquando
520 2915 644 2966 tam
665 2909 900 2963 diverse
923 2914 1346 2980 usurpatur,ut
1364 2911 1498 2981 ipsa
1515 2910 1834 2966 diversitas

145 3002 465 3058 diversum
487 3004 804 3055 auctorem
835 3013 956 3053 non
980 2997 1238 3053 obscure
1259 2998 1503 3054 indicet.
1529 3000 1828 3056 Nimirum

151 3094 223 3148 ibi
249 3105 720 3162 nonnunquam
747 3105 860 3161 pro
883 3104 953 3144 eo
975 3089 1144 3160 quod
1163 3094 1272 3156 est,
1300 3091 1558 3145 strictim
1581 3106 1654 3146 ac
1677 3107 1832 3148 com-

149 3183 415 3250 pressius
433 3181 656 3246 dicere,
673 3179 990 3250 accipitur.
1013 3180 1212 3250 Neque
1238 3194 1376 3234 vero
1399 3179 1530 3247 ejus
1550 3178 1829 3252 interpre-

152 3273 400 3329 tationis
429 3275 654 3326 auctor
684 3285 799 3337 ego
820 3285 980 3335 sum,
1005 3268 1114 3324 sed
1139 3268 1538 3325 Combetisius
1564 3270 1696 3343 ipse
1725 3273 1831 3343 (b),

149 3364 248 3434 qui
277 3362 359 3417 de
383 3361 511 3416 illis
560 3359 668 3430 qui
716 3373 882 3413 nunc
913 3359 974 3413 in
1021 3357 1500 3414 controversiam
1537 3366 1833 3416 vocantur

149 3451 334 3519 libris,
372 3450 586 3520 deque
617 3463 831 3503 eorum
864 3452 1109 3503 auctore
1131 3447 1414 3519 loquens,
1438 3448 1520 3503 ita
1549 3449 1826 3532 scripsit;

149 3543 472 3612 Ὀριστικὼς
499 3538 726 3607 passim
755 3543 948 3602 vocat,
973 3536 1153 3608 quasi
1190 3537 1519 3594 indicative
1547 3540 1833 3596 strictim-

151 3628 586 3702 quejubendo.
610 3627 829 3697 Sicque
853 3626 1014 3698 quod
1031 3627 1142 3692 ait,
1170 3627 1451 3700 ὁριστικῶς
1471 3632 1562 3679 καὶ
1582 3627 1834 3703 πολυτρό-

150 3741 259 3780 ’.ειυς
274 3720 420 3784 erit,
442 3724 617 3772 tuum
641 3715 970 3770 indicando
985 3717 1366 3786 strictimque
1387 3716 1682 3772 tradendo
1699 3718 1832 3773 doc-

150 3812 543 3872 sumntum
567 3805 738 3861 varie
753 3804 1138 3873 explicando.
1157 3807 1444 3860 Praeterea
1465 3805 1685 3861 alicubi
1707 3822 1835 3863 mo-

151 3900 272 3964 nui,
303 3893 625 3968 ejusmodi
652 3893 962 3961 adverbia,
983 3909 1122 3965 quin
1141 3893 1204 3949 in
1228 3893 1500 3949 Ascetico
1526 3894 1832 3964 leguntur,

151 4003 272 4042 non
301 3990 387 4042 ita
418 3982 711 4042 multum.
741 3981 794 4036 si
823 3983 1025 4054 operis
1056 3982 1372 4055 prolixitas
1399 3982 1830 4051 consideretur,

149 4073 511 4149 frequentia
542 4087 704 4137 esse,
727 4088 866 4126 cum
896 4076 1099 4128 tamen
1129 4072 1190 4127 in
1219 4071 1313 4126 his
1336 4073 1426 4129 .De
1456 4072 1747 4141 baptismo
1765 4073 1834 4129 li-

148 4166 272 4222 bris
323 4171 460 4222 tam
489 4162 841 4234 frequenter
869 4166 1240 4234 usurpentur
1287 4162 1378 4233 (c),
1416 4166 1480 4217 ut
1511 4178 1673 4234 saepe
1709 4179 1833 4220 non

146 4259 355 4312 minus
385 4267 617 4310 eorum
648 4251 824 4323 copia
864 4267 1052 4323 quam
1082 4266 1304 4307 vocum
1349 4251 1612 4308 novitate
1653 4257 1833 4325 atque

145 4342 490 4400 insolentia
520 4340 754 4396 moveri
787 4355 1016 4396 nausea
1036 4340 1247 4412 possit.
1295 4341 1472 4406 Quod
1498 4342 1681 4411 igitur
1723 4358 1834 4414 pro

147 4435 326 4490 ﬁrmo
351 4433 738 4502 argumento
759 4428 1091 4485 attulerunt
1120 4429 1159 4484 ii
1195 4445 1352 4501 quos
1383 4430 1509 4486 dixi
1557 4431 1671 4486 viri
1698 4448 1834 4486 eru-

147 4521 466 4586 ditissimi,
493 4524 606 4575 aut
630 4518 800 4584 nihil,
835 4523 1175 4593 autparugn
1206 4518 1286 4574 ad
1324 4535 1501 4574 suam
1547 4521 1836 4576 tuendam

147 4615 518 4685 Opinionem
552 4606 729 4663 valet.
761 4606 879 4664 Sed
908 4623 984 4662 ne
1014 4607 1165 4679 quid
1193 4607 1580 4664 dissimulare
1607 4608 1834 4674 videar,

145 4717 423 4774 ingenue
446 4697 693 4756 fatebor
713 4696 879 4752 aliud
900 4703 1328 4767 argumentum
1348 4700 1608 4770 proponi
1633 4716 1836 4771 posse,

147 4794 240 4848 cui
258 4788 654 4863 respondere
677 4784 1100 4842 ditﬁcillimum
1127 4786 1222 4856 sit,
1243 4791 1300 4842 et
1328 4788 1656 4860 ejusmodi,
1687 4796 1747 4846 ut
1769 4792 1839 4846 iis

148 4882 248 4953 qui
277 4881 368 4938 ad
387 4875 816 4950 judicandum
850 4875 1057 4947 aliqua
1086 4875 1224 4947 styli
1276 4876 1670 4934 similitudine
1701 4896 1842 4936 con-

147 4973 288 5027 tenti
309 4972 488 5031 sunt,
509 4963 960 5020 validissimum
979 4964 1169 5020 videri
1192 4965 1400 5036 possit.
1419 4968 1664 5024 Constat
1680 4969 1840 5025 hanc

150 5059 398 5116 dicendi
457 5053 818 5124 formulam,
853 5055 882 5110 ἡ
917 5057 1046 5128 πρὸς
1090 5057 1217 5106 Θεὸν
1250 5054 1615 5128 εὐαρέστησις,
1647 5061 1840 5116 Asceti

151 5149 388 5205 auctori
410 5161 544 5203 non
573 5158 799 5216 parum
827 5141 1186 5199 familiarem
1209 5159 1340 5199 esse
1371 5159 1383 5199 :
1409 5146 1584 5216 cujus
1610 5147 1693 5202 rei
1713 5147 1838 5204 duo

156 5247 252 5297 aut
301 5240 420 5296 tria
490 5240 785 5306 exempla
859 5232 1188 5305 proferam,
1238 5233 1416 5306 plura
1467 5235 1835 5310 prolaturus,

225 5384 269 5418 ’θ
311 5386 332 5438 I
369 5384 509 5439 Cor.
540 5393 646 5448 xu,
682 5376 774 5431 16.

228 5517 306 5584 (α)
344 5518 524 5571 Tom.
561 5510 637 5579 ll,
669 5523 825 5582 pag.
867 5509 986 5584 124,
1019 5511 1139 5584 162.

233 5589 307 5659 (b)
348 5586 557 5644 Basil.
588 5595 828 5640 recens.
863 5583 1008 5636 tom.
1033 5583 1075 5647 l,
1099 5595 1244 5652 pag.
1275 5583 1406 5638 240.

1927 1839 2206 1910 exempla
2235 1855 2267 1894 e
2313 1839 2556 1896 duabus
2587 1843 2674 1897 De
2706 1843 3000 1911 baptismo
3037 1841 3209 1897 libris
3239 1841 3585 1913 subjiciam.

1930 1930 2063 1983 Haec
2087 1927 2431 1997 suntigitur
2457 1930 2768 2002 scriptoris
2789 1930 2973 1987 verba
3004 1931 3127 2003 (lib.
3153 1936 3203 2002 t,
3229 1947 3281 1987 c.
3313 1936 3364 2000 t,
3397 1948 3456 1987 n.
3489 1932 3542 2002 1)
3573 1948 3586 1987 :

1933 2019 2079 2070 Κατὰ
2111 2021 2305 2070 σκοπὸν
2335 2028 2432 2080 τῆς
2478 2024 2608 2093 πρὸς
2639 2024 2767 2074 Θεὸν
2801 2021 3207 2094 εὐαρεστήσεως,
3227 2024 3419 2091 juxta
3442 2038 3591 2092 pro-

1924 2108 2190 2176 positum
2217 2109 2510 2177 placendi
2537 2111 2678 2166 Deo.
2713 2113 2942 2167 Rursus
2971 2110 3058 2167 ita
3084 2110 3355 2184 loquitur
3377 2111 3502 2184 (lib.
3539 2117 3588 2184 1,

1934 2211 1988 2265 c,
2035 2201 2089 2265 2,
2140 2211 2201 2253 n.
2250 2199 2380 2266 i7):
2435 2201 2661 2272 Δύναμις
2706 2209 2802 2260 τῆς
2843 2205 2976 2272 πρὸς
3011 2204 3140 2253 Θεὸν
3181 2201 3592 2275 εὐαρεστήσεως,

1939 2281 2284 2348 δικαιοσύνης
2313 2283 2503 2361 δωρεά,
2551 2293 2663 2344 etc.
2707 2289 2908 2345 Virtus
2947 2305 3069 2362 qua
3105 2292 3275 2361 grati
3295 2292 3599 2361 efﬁcimur

1937 2376 2060 2432 Deo
2089 2381 2147 2431 et
2192 2377 2444 2445 accepti,
2464 2379 2725 2447 justitiae
2748 2378 2996 2447 donum,
3023 2383 3137 2436 etc.
3184 2383 3250 2437 Et
3295 2380 3418 2437 alio
3462 2380 3598 2437 loco

1940 2463 2025 2519 sic
2066 2464 2355 2536 scriptum
2383 2465 2688 2522 invenitur
2719 2485 2732 2524 :
2762 2470 2839 2520 Τὰ
2862 2471 2951 2540 μὲν
2977 2473 3127 2521 νόσον
3151 2471 3512 2542 θεραπεύοντα,
3535 2472 3602 2521 τὰ

1945 2551 2004 2606 δὲ
2058 2559 2326 2627 προκοπὴν
2373 2553 2686 2628 ἐμποιοῦντα
2735 2561 2866 2632 πρὸς
2895 2557 3155 2610 τελείωσιν
3221 2561 3454 2630 ἄγουσαν
3506 2567 3602 2620 τῆς

1943 2647 2074 2716 πρὸς
2103 2648 2231 2696 Θεὸν
2263 2644 2509 2719 εὐαρεστή
2522 2665 2668 2713 σεως,
2694 2651 2806 2702 etc.
2831 2649 3068 2703 Partim
3092 2649 3362 2705 morbum
3383 2664 3604 2706 curan-

1947 2735 2048 2803 tia,
2083 2736 2310 2802 partim
2358 2735 2678 2804 afferentia
2728 2737 2910 2792 talem
2955 2738 3320 2808 profectum,
3365 2753 3481 2810 quo
3524 2738 3607 2796 ad

1942 2823 2206 2893 perfecte
2232 2825 2347 2879 Deo
2370 2824 2742 2890 placendum
2782 2826 3176 2897 deducamur,
3203 2832 3314 2883 etc.
3348 2831 3515 2884 Certe
3533 2844 3607 2884 ex

1946 2911 2038 2966 his
2086 2916 2144 2967 et
2192 2911 2494 2968 similibus
2541 2912 2710 2977 locis,
2743 2931 2879 2986 quin
2918 2914 2979 2970 in
3020 2915 3168 2988 ipsis
3201 2916 3464 2972 fontibus
3488 2917 3608 2988 legi

1876 3005 1914 3059 C
1947 3006 2228 3074 possunt,
2262 3002 2406 3056 satis
2446 3003 2841 3074 probabiliter
2886 3004 3044 3060 efﬁci
3090 3006 3350 3072 videtur,
3381 3007 3605 3063 Asceti-

1947 3106 2086 3146 cum
2127 3095 2181 3146 et
2221 3095 2644 3147 controversos
2674 3092 2787 3148 hos
2835 3095 2923 3149 De
2963 3093 3254 3161 baptismo
3300 3095 3483 3152 libros
3525 3096 3606 3152 ad

1945 3180 2228 3235 eumdem
2259 3185 2568 3236 auctorem
2593 3181 2909 3254 pertinere.
2945 3184 3244 3249 Quoniam
3266 3188 3469 3241 tamen
3489 3186 3607 3243 hoc

1945 3268 2202 3325 fortasse
2231 3269 2537 3341 aliquibus
2564 3270 2692 3327 leve
2721 3271 3046 3343 videbitur,
3069 3274 3233 3330 aliud
3261 3275 3606 3348 exemplum

1940 3358 2450 3431 proferam,quod
2475 3359 2554 3415 ab
2573 3360 2949 3430 hominibus,
2971 3362 3075 3435 qui
3098 3365 3462 3438 caateroquin
3483 3381 3607 3422 non

1943 3446 2025 3503 ita
2077 3447 2333 3503 multum
2367 3447 2597 3504 creduli
2647 3449 2786 3520 sint,
2809 3466 2920 3522 pro
2969 3451 3451 3509 demonstrativo
3495 3454 3606 3510 ha-

1944 3537 2072 3592 beri
2101 3541 2307 3609 queat.
2335 3538 2502 3593 Patet
2539 3554 2613 3594 ex
2641 3538 2836 3604 dictis,
2868 3540 3122 3596 Ascetici
3151 3546 3461 3597 auctorem
3491 3542 3608 3598 hac

1943 3625 2186 3681 dicendi
2228 3625 2510 3697 formula,
2559 3643 2686 3699 qua
2733 3643 2916 3684 voces
2973 3633 3077 3684 aut
3128 3629 3456 3705 πληροφορία
3500 3635 3610 3687 aut

1944 3713 2292 3789 πληροφορεὶν
2320 3714 2400 3770 ad
2428 3715 2732 3786 integram
2758 3716 3098 3788 quamdam
3142 3718 3605 3790 persuasionem

1945 3803 2349 3873 signiﬁcanda
2407 3803 2798 3870 adhibentur,
2846 3805 2930 3862 ita
2959 3805 3259 3878 delectari,
3319 3812 3386 3864 ut
3437 3808 3606 3866 nullo

1945 3890 2064 3947 alio
2095 3890 2288 3960 magis
2308 3891 2675 3955 delectetur;
2710 3908 2910 3965 neque
2957 3893 3055 3950 hic
3100 3894 3231 3966 ejus
3271 3895 3358 3951 rei
3405 3911 3608 3952 exem-

1945 3980 2115 4052 plum
2148 3979 2358 4048 ullum,
2391 3997 2530 4036 cum
2561 3981 2753 4038 multa
2783 3983 3059 4054 superius
3083 3983 3464 4040 retulerimus
3493 3985 3600 4056 (ά),

1942 4085 2169 4142 ponere
2199 4085 2443 4125 necesse
2474 4075 2582 4126 est.
2615 4073 2860 4128 Constat
2889 4077 3094 4128 autem
3123 4072 3287 4128 idem
3315 4072 3606 4146 loquendi

1946 4174 2136 4228 genus
2165 4157 2227 4214 in
2255 4158 2497 4215 duobus
2539 4175 2787 4233 quoque
2815 4163 2904 4217 De
2935 4161 3224 4231 baptismo
3268 4161 3438 4217 libris
3479 4166 3604 4218 tam

1944 4248 2290 4320 frequenter
2337 4255 2696 4320 usurpatum
2745 4250 3017 4315 inveniri,
3043 4255 3106 4305 ut
3153 4251 3216 4304 in
3238 4249 3386 4322 ipsis
3418 4251 3602 4308 etiam
3649 4300 3654 4305 .

1946 4337 2175 4409 passim
2205 4342 2502 4392 occurrat.
2532 4336 2646 4393 Sed
2677 4354 2752 4392 ne
2779 4338 2931 4394 falso
2953 4338 3178 4394 dictum
3206 4339 3270 4395 id
3299 4339 3486 4396 fuisse
3522 4340 3605 4397 vi-

1944 4427 2179 4488 deatur,
2219 4426 2497 4498 exempla
2545 4427 2736 4484 multa
2784 4434 2889 4485 aut
2926 4427 3251 4501 proferam,
3289 4435 3394 4487 aut
3449 4436 3606 4488 certe

1945 4515 2251 4572 indicabo.
2301 4517 2387 4571 Ita
2429 4513 2612 4584 igitur
2655 4521 2866 4572 auctor
2905 4517 3142 4590 scripsit
3192 4517 3317 4587 (lib.
3369 4525 3420 4588 l,
3453 4536 3505 4576 c.
3555 4520 3604 4588 l,

1946 4622 2013 4662 ΙΙ-
2142 4623 2154 4660 ἒ
2189 4607 2584 4676 Στοχαζόμενος
2629 4601 2688 4657 δὲ
2738 4614 2832 4668 τῆς
2885 4607 3138 4682 ἡμετέρας
3183 4606 3473 4676 ἀσθενείας,
3516 4616 3607 4663 καὶ

1950 4691 2024 4747 δι’
2045 4690 2441 4766 ὑποδειγμάτων
2467 4690 2738 4753 ηὑὸὸκησε
2761 4693 3056 4767 βεϐαιῶσαι
3087 4697 3229 4769 ἡμῶν
3259 4701 3354 4758 τὰς
3378 4694 3606 4769 καρδίας

1950 4784 1997 4837 ἐν
2036 4784 2362 4859 πληροφοριᾳ
2416 4793 2510 4845 τῆς
2568 4783 2836 4847 ἀληοεὶας.
2883 4787 3176 4843 Οᾶἒιϐνωπ
3223 4788 3608 4844 considerata

1949 4875 2362 4930 imbecillitate
2419 4880 2646 4946 nostra,
2695 4877 2876 4932 ctiam
2917 4892 3032 4945 per
3082 4878 3361 4945 exempla
3416 4877 3605 4932 voluit

1951 4965 2217 5021 animum
2264 4969 2539 5020 nostrum
2597 4967 2661 5021 in
2709 4966 2982 5021 veritatis
3028 4971 3193 5021 certa
3225 4966 3608 5034 persuasione

1951 5055 2332 5122 conﬁrmare.
2370 5054 2542 5110 Haud
2571 5054 2751 5124 longe
2803 5055 2883 5110 ita
2914 5053 3037 5125 (lib.
3076 5059 3125 5122 1,
3157 5071 3208 5109 ο.
3252 5058 3303 5124 2,
3331 5070 3392 5109 n.
3431 5056 3484 5123 1)
3520 5055 3606 5112 lo-

1951 5149 2126 5200 cutus
2150 5149 2285 5199 est:
2329 5143 2464 5202 Πλὴν
2508 5141 2566 5196 δὲ
2613 5150 2703 5196 καὶ
2749 5142 3080 5217 βεϐαιότερον
3122 5142 3176 5195 ἐκ
3205 5153 3300 5205 τῆς
3345 5150 3462 5221 περὶ
3505 5155 3607 5199 τῶν

1953 5237 2120 5307 ἱερέων
2164 5238 2378 5286 καὶτῶν
2403 5238 2829 5309 προσφερομένων
2861 5233 3004 5294 ζώων
3037 5233 3109 5295 εἰς
3159 5235 3345 5288 ουσίαν
3383 5233 3606 5310 ἀκριϐο-

2021 5506 2096 5576 (c)
2133 5509 2300 5563 Nova
2325 5503 2421 5561 ed.
2454 5509 2493 5560 t.
2527 5506 2596 5576 ll,
2625 5521 2689 5578 p.
2721 5509 2846 5563 625.
2881 5505 3032 5578 Lege
3060 5521 3124 5564 n.
3155 5509 3246 5564 43.

2021 5578 2103 5650 (d)
2145 5579 2279 5648 Leg.
2302 5593 2366 5633 n.
2394 5580 2484 5633 38.
