4058 6192
538 332 559 383 1
572 330 636 383 43
2023 305 2194 362 PRE

2303 304 2438 361 ΓΙΟ.

3833 305 3938 359 144-

533 457 712 528 λογίας
740 453 853 506 ἔστι
882 449 1363 525 πληροφορηθῆναι.
1387 441 1505 500 Sed
1529 447 1728 497 tamen
1751 437 1986 508 ﬁrmius
2009 438 2189 493 etiam

2303 432 2496 502 οὐδείς,
2530 450 2643 508 quo
2663 433 2826 489 inter
2845 439 3016 488 natos
3046 432 3366 487 mulierum
3391 432 3594 500 major
3621 434 3704 485 est
3730 445 3895 486 nemo
3933 445 3947 482 :

535 549 662 615 ejus
683 544 775 601 rei
809 558 884 599 ea:
924 540 1298 598 sacerdotum
1336 541 1390 592 et
1435 530 1795 590 animalium
1839 529 2193 597 sacriﬁcan-

534 637 748 691 dorum
796 636 1090 689 accurata
1139 625 1616 684 consideratione
1663 620 1945 677 convinci
1985 632 2192 687 possu-

533 741 686 782 mus.
733 727 958 780 Rursus
1000 721 1084 776 ita
1123 717 1364 790 scripsit
1409 712 1533 780 (lib.
1585 717 1634 780 1,
1675 727 1726 766 c.
1768 714 1822 777 2,
1853 725 1913 765 n.
1950 709 2033 778 10)
2068 724 2080 761 :
2112 705 2192 757 Ἐν

533 815 858 889 πληροφορίᾳ
882 820 977 872 τῆς
1006 809 1272 870 ἀληθείας,
1297 809 1434 867 etc.,
1466 804 1532 858 in
1549 801 1894 857 indubitata
1919 795 2190 854 veritatis

525 883 939 975 per-suasione,
971 904 1084 955 etc.
1119 901 1202 953 Ita
1227 908 1473 968 quoque
1502 891 1723 961 legitur
1749 888 1864 944 alio
1897 887 2029 975 loco
2061 883 2190 975 (lib.

537 972 588 1063 l,
617 1010 667 1049 c.
706 997 760 1060 2,
784 1007 844 1046 n.
890 993 975 1057 i3)
1005 1007 1018 1044 :
1054 989 1216 1060 ’Ὸπερ
1248 985 1296 1037 ἐν
1325 983 1651 1058 πληροφορίᾳ
1695 977 1937 1037 ἀληθείας
1969 972 2040 1028 δι’
2087 973 2193 1026 ἐπιο

533 1059 1183 1152 μέλεὶαςσπουδαιοτὲρας
1221 1069 1592 1144 φυλάσσοντες,
1641 1070 1760 1120 etc.
1824 1059 1990 1129 Quod
2043 1061 2097 1115 si
2130 1059 2192 1113 in

533 1149 805 1224 ueritatis
835 1171 1002 1222 certa
1041 1161 1434 1233 persuasione
1477 1154 1827 1224 diligentius
1865 1149 2193 1208 servaveri-

531 1275 686 1330 mus,
719 1262 830 1313 etc.
863 1256 1040 1310 Plura
1071 1251 1178 1325 qui
1207 1249 1430 1317 volent,
1463 1247 1660 1316 legere
1690 1245 1975 1316 poterunt
2012 1237 2196 1330 caput

532 1355 587 1418 2,
633 1348 738 1404 lib.
768 1364 808 1412 1,
840 1361 1011 1402 num.
1048 1346 1111 1398 14
1141 1345 1198 1397 et
1232 1345 1318 1409 15,
1359 1337 1465 1394 ubi
1496 1351 1708 1392 earum
1753 1349 1907 1405 quas
1941 1329 2066 1386 dixi
2094 1345 2196 1385 vo-

535 1455 676 1495 cum
700 1437 824 1493 duo
853 1431 1134 1505 exempla
1163 1428 1580 1502 reperiuntur;
1612 1425 1756 1480 item
1806 1425 1991 1494 caput
2041 1419 2196 1490 ejus-

534 1529 676 1584 dem
696 1525 853 1592 libri,
885 1539 1055 1579 num.
1097 1525 1143 1588 1,
1177 1520 1320 1576 item
1350 1515 1672 1590 quaastion.
1700 1517 1753 1574 6,
1794 1510 1900 1566 lib.
1933 1529 1988 1577 ιι,
2020 1523 2193 1573 num,

538 1617 756 1687 1,item
779 1617 994 1688 quaest.
1020 1615 1081 1680 8,
1139 1625 1310 1665 num.
1349 1612 1372 1660 1
1403 1610 1458 1661 et
1486 1610 1539 1662 9.
1583 1606 1715 1659 Jam
1752 1601 1837 1657 ita
1879 1605 2198 1688 argumen-

535 1686 646 1763 tari
669 1686 841 1761 licet:
892 1702 950 1758 Si
983 1699 1234 1774 quando
1277 1694 1583 1770 quasdam
1613 1689 1857 1747 dicendi
1902 1686 2196 1744 formulas

534 1812 669 1869 quae
699 1788 1162 1866 quodammodo
1212 1784 1548 1858 singulares
1605 1779 1796 1836 videri
1846 1777 2100 1851 possint,
2131 1775 2196 1830 in

535 1865 779 1942 duobus
818 1880 1106 1954 operibus
1150 1875 1372 1949 saepius
1409 1871 1668 1929 inveniri
1701 1866 2034 1938 contigerit,
2075 1865 2196 1920 fere

535 1976 602 2031 ﬁt
647 1978 710 2030 ut
746 1977 1072 2043 utrumque
1115 1983 1274 2040 opus
1315 1963 1512 2020 eidem
1554 1959 1831 2032 scriptori
1874 1956 2192 2013 tribuatur.

539 2069 688 2123 Cum
719 2063 900 2133 igitur
929 2061 989 2116 id
1010 2055 1300 2131 loquendi
1331 2069 1540 2124 genus,
1565 2066 1688 2123 quo
1714 2064 1887 2104 voces
1933 2050 2036 2102 aut
2054 2043 2192 2101 πλη-

536 2159 768 2230 ροφορεῐν
808 2154 912 2207 aut
956 2148 1282 2220 πληροφορία
1321 2143 1383 2199 in
1450 2137 1894 2210 signiﬁcatione
1947 2135 2192 2230 integrae

538 2220 859 2314 cujusdam
908 2232 1322 2311 persuasionis
1367 2233 1700 2304 ponuntur,
1729 2220 2192 2298 quodammodo

539 2309 848 2402 singulare
876 2309 972 2398 sit,
1004 2325 1293 2396 idemque
1320 2325 1448 2377 tam
1486 2319 1545 2374 in
1579 2316 1854 2372 Ascetico
1898 2328 2084 2385 quam
2131 2309 2193 2364 in

537 2420 782 2478 duobus
811 2419 896 2474 De
936 2414 1228 2485 baptismo
1257 2409 1427 2466 libris
1458 2405 1687 2481 passim
1715 2405 2016 2466 occurrat,
2048 2414 2193 2455 con-

539 2525 800 2585 sequens
847 2523 978 2564 esse
1021 2505 1279 2570 videtur,
1329 2505 1394 2556 ut
1421 2498 1737 2570 utriusque
1782 2493 1984 2566 operis
2030 2489 2194 2545 idem

538 2579 750 2659 auctor
793 2613 923 2655 esse
969 2595 1224 2650 dicatur.
1271 2589 1406 2657 Sed,
1448 2592 1515 2644 ut
1549 2587 1678 2658 jam
1707 2579 2060 2640 commonui
2089 2579 2192 2648 (a),

538 2688 841 2762 ejusmodi
867 2686 1233 2756 argumenta
1262 2696 1293 2736 e
1330 2677 1603 2752 quadam
1633 2673 1772 2747 styli
1801 2667 2194 2762 similitudine

537 2757 723 2853 petita
751 2793 875 2834 non
904 2780 1139 2832 tantum
1175 2769 1403 2840 valent,
1432 2769 1734 2839 quantum
1776 2761 1977 2853 valere
2007 2757 2192 2826 vulgo

537 2849 844 2942 putantur.
861 2864 982 2922 Nisi
997 2862 1160 2918 enim
1179 2859 1296 2916 alia
1315 2871 1555 2930 quoque
1580 2855 1915 2910 consonent
1936 2849 2196 2905 faveant-

538 2939 680 3032 que,
713 2955 862 3012 nihil
892 2951 1143 3010 omnino
1205 2948 1268 3004 in
1320 2945 1469 3019 ipsis
1519 2958 1718 3015 neque
1763 2939 2054 2996 momenti
2093 2951 2194 2990 ne.

539 3024 922 3121 que-roboris
963 3041 1158 3096 inest:
1188 3034 1358 3110 quod
1403 3049 1569 3090 nunc
1591 3029 1907 3088 ostendere
1947 3024 2196 3083 conabi-
2232 3069 2272 3126 Ο

541 3118 700 3194 mur.
724 3133 842 3190 Etsi
873 3131 1036 3188 enim
1057 3125 1420 3194 Asceticum,
1442 3123 1615 3194 cujus
1641 3118 1948 3190 legitimus
1971 3130 2193 3189 parens

543 3225 796 3284 Basilius
825 3225 935 3285 est.
968 3221 1030 3276 in
1061 3217 1266 3288 aliqua
1289 3213 1427 3285 styli
1457 3209 1843 3268 similitudine
1874 3223 2014 3263 cum
2039 3205 2193 3261 duo-

540 3317 660 3374 bus
699 3316 786 3370 De
818 3311 1110 3380 baptismo
1140 3305 1309 3361 libris
1349 3300 1688 3358 consentire
1737 3295 2063 3353 viderimus
2089 3295 2189 3364 (b),

541 3411 748 3463 tamen
787 3397 1054 3457 dubitari
1098 3395 1266 3450 nullo
1313 3391 1498 3448 modo
1571 3403 1752 3460 posse
1805 3385 2192 3450 arbitramur,

543 3496 692 3570 quin
719 3492 778 3549 hi
804 3489 943 3547 libri
970 3486 1123 3543 falso
1147 3485 1441 3540 hactenus
1473 3477 1856 3536 sanctissimo
1905 3473 2065 3530 Patri
2102 3488 2196 3528 as-

544 3563 717 3658 dripti
742 3581 884 3638 sint.
921 3581 989 3634 Et
1011 3590 1155 3632 vero
1203 3577 1306 3630 aut
1333 3585 1656 3642 nunquam
1683 3566 1870 3632 licuit,
1905 3563 2072 3637 quod
2105 3567 2194 3618 ta-

543 3653 686 3734 men
704 3672 841 3729 licet
877 3665 1223 3740 saepissime,
1255 3677 1410 3734 opus
1431 3657 1680 3731 aliquod
1711 3655 1788 3712 ob
1834 3653 1971 3726 styli
2007 3653 2194 3708 diver-

546 3767 784 3822 sitatem
825 3759 888 3814 in
930 3755 1150 3829 spuriis
1193 3756 1374 3825 atque
1423 3747 1776 3806 adulterinis
1830 3757 2189 3800 numerare:

547 3860 652 3913 aut
679 3853 719 3909 ii
747 3852 821 3907 de
847 3847 1072 3921 quibus
1102 3843 1343 3914 agimus
1386 3840 1523 3896 libri
1569 3854 1680 3910 pro
1723 3833 2058 3909 peregrinis
2087 3831 2195 3887 ha-

545 3944 676 4003 beri
738 3939 950 3997 merito
1003 3936 1283 4008 possunt.
1336 3929 1601 3993 Mentior,
1631 3926 1751 3983 nisi
1803 3940 1960 3996 opus
2001 3927 2195 3978 totum

546 4040 672 4094 toto
691 4027 933 4088 dicendi
962 4037 1181 4096 genere
1207 4037 1244 4076 a
1277 4017 1573 4075 Basiliano
1599 4015 1814 4070 differt.
1846 4011 2079 4067 Etenim
2121 4009 2197 4062 si-

547 4124 690 4183 cubi
726 4136 844 4177 vox
871 4116 1078 4188 aliqua
1114 4109 1427 4183 reperitur,
1457 4122 1595 4178 qum
1636 4099 2041 4159 similitudinis
2087 4097 2196 4154 ali-

546 4213 696 4290 quid
712 4227 851 4268 cum
881 4205 1036 4278 stylo
1079 4199 1376 4258 Basiliano
1419 4196 1646 4253 habere
1665 4189 2196 4290 videatur,eod.em

545 4279 680 4362 loco
701 4300 1004 4371 adjunctae
1028 4295 1168 4349 sunt
1184 4304 1364 4347 voces
1388 4285 1539 4358 alite,
1559 4283 1781 4358 quibus
1801 4279 2196 4355 peregrinitas

543 4395 749 4466 aperte
771 4386 1129 4444 declaretur.

619 4486 708 4537 55.
765 4481 967 4548 Neque
1003 4487 1149 4529 vero
1191 4484 1330 4526 rara
1377 4470 1514 4524 sunt
1565 4465 1767 4525 νοθείας
1810 4465 2193 4532 argumenta,

548 4569 659 4628 sed
708 4565 939 4641 passim
997 4561 1204 4618 obvia.
1267 4563 1417 4615 Nam
1456 4556 1518 4612 in
1546 4553 1639 4611 his
1698 4553 1868 4609 libris
1920 4551 2198 4620 generale

545 4657 867 4734 quoddam
922 4652 1138 4709 vitium
1201 4648 1399 4706 notari
1466 4643 1925 4734 potest,_cu_jus
1971 4642 2199 4734 pagina

546 4730 716 4806 nulla
756 4758 972 4816 expers
1019 4744 1128 4796 est.
1173 4737 1241 4794 ld
1291 4741 1513 4796 autem,
1554 4732 1727 4804 quod
1773 4731 1932 4796 dico,
1963 4730 2196 4802 vitium,

546 4836 836 4895 continua
877 4829 1164 4906 quaedam
1195 4831 1285 4883 est
1311 4823 1667 4882 earumdem
1704 4825 1808 4878 aut
1832 4836 2055 4877 vocum
2093 4823 2198 4875 aut

545 4927 885 4984 dictionum
908 4917 1205 4994 repetitio,
1236 4931 1371 4989 quae
1401 4913 1651 4968 minime
1685 4911 1963 4968 omnium
2009 4909 2070 4964 in
2101 4924 2199 4965 co-

544 5015 965 5092 piosissimum
994 5008 1307 5066 hominem
1335 5003 1617 5061 Basilium
1648 5001 1948 5058 convenit.
1967 5002 2032 5055 Et
2053 5015 2196 5056 vero

545 5089 740 5164 sicubi
767 5101 993 5161 mentio
1015 5099 1098 5155 -ﬁt
1143 5101 1248 5154 aut
1289 5093 1545 5168 apostoli
1591 5090 1778 5153 Pauli,
1806 5094 1909 5146 aut
1948 5089 2196 5145 Joannis

545 5196 844 5268 Baptistae,
866 5198 972 5249 aut
999 5188 1190 5263 ipsius
1221 5185 1476 5248 Domini,
1496 5187 1600 5239 aut
1622 5181 1744 5248 Dei,
1767 5179 1848 5236 ibi
1868 5179 2197 5251 saepissime

543 5285 824 5342 additum
879 5280 1116 5338 invenis
1159 5285 1250 5330 τοῦ
1295 5274 1342 5328 ἐν
1389 5280 1604 5348 Χριστῷ
1645 5270 1938 5331 λαλοῦντος.
1992 5271 2099 5340 qui
2132 5271 2196 5326 in

546 5374 788 5432 Christo
819 5371 1220 5444 loquebatur;
1249 5367 1325 5420 Οὗ
1349 5365 1540 5440 μείζων
1571 5361 1618 5415 ἐν
1647 5367 1912 5434 ’γεννητοῖς
1937 5367 2196 5433 γυναικῶν

613 5592 697 5738 (ag
739 5589 890 5662 Lege
919 5600 980 5648 n.
1009 5585 1101 5647 25.

613 5665 668 5738 (ὁ
730 5666 869 5735 Leg.
895 5679 961 5721 n.
990 5665 1058 5720 39
1089 5678 1101 5718 ε

611 5664 692 5739 (ὁ)
730 5666 869 5735 Leg.
895 5679 961 5721 n.
990 5665 1058 5720 39
1089 5664 1149 5720 et
1175 5670 1303 5739 seq.

2299 531 2401 576 Τοῦ
2429 527 2554 598 ὑπὲρ
2587 527 2731 596 ἡμῶν
2760 521 3107 581 ἀποθανόντος
3143 525 3233 571 καὶ
3266 519 3576 594 ἐγερθέντος·
3611 525 3702 570 τοῦ
3745 535 3950 590 μονογε-

2299 623 2416 676 νοῦς
2447 620 2568 668 Υίοῡ
2597 621 2686 666 τοῦ
2714 619 2846 666 Θεοῦ
2868 620 2958 663 τοῦ
2992 611 3202 676 ζῶντος,
3233 611 3338 681 qui
3359 624 3472 678 pro
3495 609 3661 664 nobis
3685 613 3953 663 mortuus

2300 711 2384 761 est
2432 708 2485 760 et
2524 704 2857 760 resurrexit
2893 720 2904 757 :
2962 702 3068 770 qui
3109 700 3452 769 unigenitus
3481 699 3674 754 Filius
3721 702 3802 752 est
3845 696 3960 751 Dei

2301 797 2595 851 viventis:
2625 797 2725 846 Καὶ
2765 799 2855 843 τοῦ
2898 797 3132 863 Χριστοῦ
3183 789 3364 857 αὑτοῦ,
3398 794 3451 844 et
3487 788 3716 843 Christi
3765 787 3952 856 ipsius

2303 884 2383 956 (p.
2426 884 2575 954 651).
2608 881 2802 938 Nolim
2846 886 3051 936 autem
3090 879 3280 950 accipi
3327 878 3389 933 in
3430 877 3952 948 malam‘partem,

2297 989 2438 1063 quin
2464 976 2594 1043 jam
2625 971 2772 1038 dixi,
2805 975 2909 1026 aut
2935 986 3073 1042 quae
3105 985 3245 1024 mox
3284 967 3553 1024 dicturus
3577 983 3735 1021 sum.
3762 965 3953 1020 Voces

2317 1068 2506 1122 Ιησοῦς
2535 1065 2766 1136 Χριστός
2790 1060 3023 1132 passim
3069 1072 3314 1131 quoque
3351 1060 3726 1129 repetuntur,
3769 1052 3951 1109 modo

2306 1152 2506 1207 ambas
2551 1149 2947 1222 conjunctim,
2982 1148 3167 1204 modo
3205 1163 3414 1203 earum
3452 1146 3657 1202 altera.
3698 1145 3956 1200 Noverat

2308 1241 2581 1306 Basilius,
2606 1255 2804 1312 neque
2835 1255 2946 1294 nos
2983 1239 3362 1309 ignoramus,
3385 1237 3458 1291 iis
3496 1251 3652 1308 quas
3681 1233 3956 1290 recensui

2306 1329 2578 1400 vocibus,
2611 1328 2760 1384 nihil
2792 1327 3007 1383 melius
3039 1342 3194 1393 esse,
3226 1330 3331 1382 aut
3377 1326 3684 1381 sanctius:
3731 1324 3830 1380 sed
3863 1329 3954 1379 ta-

2306 1435 2443 1474 men
2483 1419 2562 1474 ab
2601 1435 2811 1474 earum
2844 1423 2969 1473 tam
3002 1415 3303 1488 frequenti
3333 1415 3683 1486 repetitione
3713 1430 3776 1469 se
3803 1417 3953 1468 tem-

2305 1508 2578 1580 perabat,
2601 1507 2790 1580 quod,
2814 1506 3054 1578 opinor,
3083 1505 3390 1576 ejusmodi
3414 1521 3632 1560 vocum
3673 1503 3960 1558 continua

2305 1597 2576 1670 repetitio
2625 1595 2878 1651 nihilad
2910 1594 3256 1650 docendum
3305 1592 3638 1649 conferret:
3684 1589 3961 1663 id.quod

2305 1689 2474 1742 Pater
2495 1685 2825 1758 piissimus,
2855 1701 2994 1740 cum
3027 1682 3332 1745 scriberet,
3357 1682 3470 1737 sibi
3493 1682 3553 1736 in
3583 1681 3793 1753 primis
3816 1696 3956 1752 pro-

2304 1776 2590 1840 ponebat.
2615 1779 2704 1830 Ad
2729 1774 3007 1830 eamdem
3048 1773 3382 1844 ταυτολογίαν
3413 1771 3671 1845 pertinet
3711 1786 3782 1826 ea
3818 1771 3958 1825 scri-

2303 1864 2489 1920 bendi
2515 1864 2689 1932 ratio,
2713 1879 2838 1937 qua
2863 1880 2976 1919 vox
3009 1863 3287 1934 ὰναγκαῑον
3310 1862 3545 1934 passim
3575 1861 3632 1916 in
3668 1859 3760 1915 his
3786 1859 3956 1915 libris

2304 1959 2566 2028 ponitur.
2590 1957 2674 2011 Ita
2691 1955 2873 2026 igitur
2891 1955 2951 2009 in
2969 1953 3332 2010 brevissimo
3350 1952 3543 2024 spatio
3566 1951 3850 2022 scriptum
3869 1950 3958 2004 in-

2302 2047 2580 2102 venimus
2609 2047 2694 2118 (p.
2728 2046 2850 2116 633)
2875 2064 2888 2102 :
2925 2050 3022 2097 Καὶ
3044 2047 3215 2118 ὥσπερ
3241 2041 3312 2095 δι’
3337 2042 3589 2116 ἐσόπτρου
3612 2047 3701 2092 καὶ
3723 2039 3768 2092 ἐν
3792 2041 3954 2111 αἰνίγ-

2303 2157 2429 2209 ματι
2455 2133 2801 2208 ὁδηγούμενοι
2823 2143 2977 2187 an:st
3011 2133 3305 2206 ἀναγκαῖον,
3326 2133 3404 2187 Et
3437 2134 3598 2188 velut
3619 2147 3732 2201 per
3751 2145 3958 2200 specu-

2305 2227 2427 2281 tum
2450 2233 2502 2281 et
2526 2226 2588 2280 in
2611 2226 2929 2295 aenigmate
2950 2225 3160 2279 ductos
3185 2237 3417 2278 necesse
3439 2227 3522 2277 est
3549 2221 3732 2291 loqui.
3759 2222 3822 2274 Et
3842 2225 3960 2274 sta-

2301 2315 2408 2370 tim
2433 2333 2445 2369 :
2477 2313 2779 2386 Ἀναγκαῑον
2805 2311 2862 2365 δὲ
2883 2312 3177 2385 λογίζομαι,
3199 2317 3330 2383 etc.,
3361 2327 3592 2368 necesse
3619 2313 3812 2366 autem
3834 2324 3957 2366 esse

2301 2402 2473 2465 duco,
2506 2407 2618 2458 etc.
2644 2405 2760 2457 Nec
2791 2401 2872 2456 ita
2903 2401 3092 2456 multo
3125 2404 3261 2472 post
3293 2416 3305 2454 :
3340 2399 3641 2471 Ἀναγκαῖον
3685 2403 3774 2450 καὶ
3816 2395 3956 2468 ἡμᾶς

2303 2491 2660 2564 ἐξητασμένως
2684 2497 2775 2544 καὶ
2796 2490 3240 2565 ἐπιτετηρημένως
3260 2494 3541 2562 προσέχειν
3570 2489 3770 2559 ἑκάστῳ
3791 2489 3955 2562 ῥητῷ,

2303 2596 2537 2637 necesse
2567 2588 2651 2638 est
2677 2587 2729 2637 et
2772 2596 2879 2636 nos
2901 2586 3186 2637 accurate
3223 2580 3667 2649 diligenterque
3701 2578 3960 2647 singulis

2302 2669 2478 2725 dictis
2507 2669 2837 2738 attendere,
2870 2673 2926 2724 et
2955 2668 3032 2723 ad
3064 2667 3348 2722 eumdem
3380 2665 3633 2722 modum
3673 2664 3957 2736 pleraque

2303 2756 2441 2812 alia.
2474 2759 2771 2828 Frequens
2801 2761 2888 2811 est
2912 2754 3160 2828 quidem
3189 2754 3251 2809 in
3290 2754 3392 2809 illo
3440 2769 3622 2826 opere
3652 2769 3722 2808 ea
3769 2768 3958 2824 quam

2302 2846 2488 2902 modo
2510 2846 2636 2901 dixi
2662 2845 2968 2901 scribendi
2988 2845 3139 2900 ratio
3165 2861 3176 2899 :
3205 2843 3311 2899 sed
3344 2844 3405 2899 in
3436 2843 3650 2899 eodem
3682 2843 3962 2914 frequen-

2301 2936 2418 2991 tior
2449 2940 2537 2992 est
2565 2936 2768 2992 adhuc
2795 2935 2945 2990 illud
2967 2935 3255 3008 loquendi
3287 2949 3478 3004 genus
3499 2934 3664 3006 (pag.
3688 2934 3832 3002 656),
3863 2937 3956 2984 καὶ

2302 3024 2464 3076 πολλὰ
2492 3033 2726 3091 τοιαῦτα,
2761 3031 2814 3081 et
2847 3027 3000 3081 talia
3031 3025 3248 3091 multa,
3282 3029 3406 3090 aut,
3437 3022 3604 3095 quod
3648 3021 3809 3077 idem
3838 3026 3955 3089 est,

2301 3121 2392 3167 καὶ
2413 3115 2573 3168 πολλὰ
2587 3115 2716 3166 illa
2746 3117 2953 3187 ὁμοίως,
2979 3121 3032 3170 et
3075 3115 3265 3170 multa
3293 3113 3643 3184 hujusmodi
3669 3113 3815 3182 alia,
3847 3117 3957 3168 aut

2303 3206 2524 3260 similia
2551 3205 2857 3278 quaedam.
2893 3205 3158 3276 Scriptor
3181 3203 3364 3274 igitur
3389 3220 3525 3258 cum
3556 3201 3778 3258 alicubi
3799 3207 3959 3256 retu-

2300 3294 2466 3351 lisset
2493 3294 2681 3350 verba
2706 3294 2911 3366 aliqua
2941 3310 2970 3349 e
2993 3309 3164 3349 sacra
3191 3293 3516 3365 Scriptura,
3540 3293 3623 3347 sic
3644 3290 3956 3364 persequi-

2302 3387 2398 3439 tur
2427 3389 2516 3436 καὶ
2545 3383 2708 3436 πολλὰ
2735 3392 2972 3450 τοιαῦτα,
3005 3389 3060 3439 et
3085 3383 3379 3452 ejusmodi
3406 3383 3621 3438 multa.
3649 3384 3713 3436 Et
3741 3380 3956 3451 paucis

2300 3473 2751 3544 interjectis,ita
2779 3474 3017 3529 locutus
3049 3477 3159 3541 est,
3185 3478 3275 3524 καὶ
3317 3471 3480 3524 πολλά
3526 3479 3743 3522 τοιαῦτα
3785 3471 3960 3544 εὕροις

2303 3562 2362 3614 ἂν
2384 3567 2528 3638 παρὰ
2557 3583 2609 3615 τε
2638 3572 2748 3623 τοῖς
2777 3563 3187 3635 εὐαγγελισταίς,
3214 3566 3350 3628 etc.,
3381 3568 3434 3617 et
3465 3561 3659 3616 multa
3682 3560 3748 3615 id
3764 3574 3959 3630 genus

2303 3656 2572 3711 invenias
2601 3661 2658 3711 et
2679 3653 2845 3724 apud
2861 3654 3286 3723 evangelistas,
3311 3657 3446 3718 etc.,
3475 3650 3580 3706 ubi
3609 3652 3671 3706 in
3698 3650 3963 3706 transitu

2303 3744 2501 3800 notari
2519 3748 2733 3816 potest,
2759 3743 2930 3815 paria
2953 3746 3216 3814 quatuor
3233 3740 3508 3813 exempla
3529 3739 3589 3795 in
3609 3739 3800 3796 tribus
3817 3753 3962 3811 quae

2302 3835 2576 3906 proxime
2600 3838 2936 3904 sequuntur
2950 3831 3189 3904 paginis
3212 3830 3481 3903 reperiri.
3511 3832 3660 3885 Usus
3679 3827 3969 3885 immodi-

2305 3940 2412 3980 cus
2435 3922 2608 3978 verbi
2635 3919 2901 3975 παιδεύειν
2932 3920 3012 3976 ad
3038 3920 3200 3976 idem
3230 3919 3438 3975 vitium
3466 3918 3674 3974 referri
3711 3921 3918 3989 potest
3947 3935 3962 3972 :

2304 4012 2473 4086 quod
2500 4012 2662 4067 idem
2687 4010 2762 4067 de
2790 4009 2976 4066 verbo
3022 4009 3302 4081 φυλάσσειν
3341 4008 3571 4064 dictum
3609 4006 3769 4063 volo.
3804 4008 3968 4062 Usus

2305 4117 2552 4175 quoque
2598 4099 3101 4173 praepositionum
3141 4099 3223 4154 ita
3270 4097 3556 4170 frequens
3603 4102 3693 4153 est
3746 4096 3842 4167 (c),
3895 4099 3970 4153 ut

2304 4199 2471 4256 nullo
2500 4199 2688 4256 modo
2713 4197 3030 4254 convenire
3064 4196 3254 4270 possit
3293 4195 3356 4250 in
3385 4193 3970 4268 praestantissimum

2307 4294 2609 4346 oratorem
2641 4287 2945 4358 Basilium,
2972 4287 3146 4358 cujus
3169 4285 3360 4342 oratio
3377 4300 3502 4342 non
3523 4283 3725 4339 minus
3749 4282 3974 4338 dictio-

2232 4375 2279 4429 D
2308 4397 2457 4436 num
2485 4395 2673 4453 quam
2697 4393 2902 4434 rerum
2922 4376 3207 4432 varietate
3233 4375 3518 4430 omnibus
3545 4377 3671 4430 erat
3697 4372 3972 4428 admira~

2307 4470 2476 4527 tioni.
2509 4467 2696 4524 Velim
2726 4471 2931 4523 autem
2957 4465 3302 4537 experiatur
3330 4479 3438 4536 per
3468 4479 3531 4518 se
3561 4462 3846 4535 quisque,
3880 4477 3972 4518 an

2304 4573 2452 4614 vera
2473 4557 2592 4612 sint
2608 4571 2746 4628 quin
2767 4554 2912 4609 dixi.
2931 4554 3113 4625 Spero
3133 4556 3218 4608 tot
3238 4566 3450 4607 earum
3469 4566 3624 4624 quas
3643 4549 3852 4606 notavi
3876 4565 3978 4605 re-

2304 4662 2442 4702 rum
2464 4643 2744 4716 exempla
2762 4642 3073 4698 inventum
3095 4640 3186 4708 iri,
3205 4645 3269 4696 ut
3288 4655 3470 4696 nemo
3487 4639 3723 4696 futurus
3743 4638 3840 4705 sit,
3855 4638 3977 4711 qui

2305 4752 2429 4793 non
2446 4735 2702 4791 libenter
2720 4732 2977 4788 fateatur
2993 4730 3290 4803 ejusmodi
3311 4745 3488 4802 opus,
3502 4729 3564 4786 in
3583 4744 3708 4802 quo
3729 4727 3978 4784 eaedem

2302 4841 2484 4883 voces
2511 4826 2804 4897 perpetuo
2849 4825 3223 4894 repetuntur,
3253 4819 3693 4893 peritissimum
3717 4817 3980 4874 dicendi

2305 4915 2667 4986 magistrum
2686 4911 2969 4968 Basilium
2984 4910 3154 4966 nullo
3171 4909 3358 4966 modo
3373 4909 3614 4966 docere.
3631 4907 3861 4965 Eodem
3877 4923 3980 4964 re-

2304 5006 2390 5062 dit
2409 5004 2510 5061 illa
2532 5003 2933 5076 genitivorum
2954 5000 3132 5073 quasi
3158 4999 3331 5067 silva,
3360 4998 3444 5054 sic
3464 5003 3531 5054 ut
3550 4998 3611 5054 in
3638 4997 3754 5054 hoc
3775 5012 3980 5069 opere

2304 5093 2452 5149 nihil
2474 5092 2640 5150 aliud
2655 5091 2770 5147 nisi
2787 5091 2836 5162 ej
2848 5107 2917 5146 us
2933 5105 3118 5162 quem
3138 5087 3264 5144 dixi
3279 5103 3457 5144 casus
3473 5085 3782 5143 incondita
3796 5101 3980 5158 quee-

2306 5183 2450 5239 dam
2483 5182 2794 5253 congeries
2826 5183 3127 5236 cernatur.
3162 5179 3228 5232 Et
3255 5192 3396 5233 vero
3425 5175 3744 5249 participia
3772 5176 3839 5231 in
3871 5175 3981 5230 his

2305 5276 2394 5330 De
2418 5275 2710 5344 baptismo
2737 5269 2909 5327 libris
2936 5269 3017 5325 ita
3049 5267 3127 5324 ad
3152 5267 3451 5340 reliquam
3485 5265 3829 5322 orationem
3877 5282 3986 5322 ac-

2307 5362 2796 5431 commodantur,
2813 5363 2879 5417 ut
2897 5358 3019 5416 fere
3039 5356 3314 5430 quolibet
3332 5372 3517 5413 versu
3541 5354 3851 5428 genitivus
3871 5371 3985 5412 oc-

2377 5657 2452 5734 (c)
2500 5657 2653 5730 Lege
2678 5671 2741 5730 p.
2773 5644 2873 5713 6‘53
2906 5656 2963 5714 et
2989 5638 3117 5713 657.
