4058 6192
160 255 248 310 us
1692 241 2078 324 ranarum.

3482 247 3583 302 146

152 377 365 432 currat.
402 376 495 430 Ita
517 373 724 445 legere
749 377 840 431 est
867 374 932 430 in
950 366 1823 448 primapagina(pag.624):Ei-
1855 371 1901 423 A
1929 369 2001 425 ob
2027 384 2186 440 spem
2224 375 2367 429 vitae
2390 374 2633 428 azterna’
2661 373 2719 426 et
2747 368 2920 440 regni
2953 368 3227 438 caelestis,
3276 367 3581 438 etjudicio

150 478 326 535 πόντος
356 468 459 525 διὰ
491 469 671 525 Aeneid
700 480 793 524 τοῦ
822 475 1114 547 προφήτου,
1165 471 1420 528 dicentis
1465 483 1577 541 per
1623 464 1826 523 David

1947 458 2104 515 iusta:
2130 461 2437 527 mercedis,
2463 467 2585 517 tam
2602 474 2830 526 eorum,
2845 459 2953 530 qui
2968 464 3226 529 patrant
3246 457 3580 528 prohibita,

144 570 511 641 prophetam
539 587 557 637 ;
590 568 703 623 ἐπεὶ
730 567 818 622 οὖν
860 570 1252 644 προστάξαντος
1306 575 1398 621 τοῦ
1440 570 1656 641 Κυρίου,
1685 566 1823 633 etc.,

146 685 269 724 cum
298 669 530 739 ίςίιαν,
565 669 826 725 Domino
848 670 1258 739 pracipiente,
1290 671 1428 736 etc.,
1475 669 1567 717 καὶ
1596 668 1712 717 τότε
1742 660 1826 715 ἒπ-

147 771 460 837 ιταγόντος,
511 766 741 823 deinde
779 767 1184 838 subjungente
1230 783 1242 821 :

146 864 348 923 ὶντολὲν
406 871 512 917 τοῦ
567 863 894 918 Ἀποστὸλου
938 867 1121 933 ποιεῖν,
1169 863 1251 916 ἐὰν
1298 868 1369 936 μὴ
1421 863 1573 924 εὐθὺς
1613 871 1829 935 ἀποκρι-

145 965 365 1037 νώμεθα,
432 963 706 1029 εἰπόντος,
765 967 904 1032 etc.,
959 964 1117 1019 ratio
1202 967 1417 1019 contra
1468 959 1827 1018 mandatum

146 1062 427 1132 Apostoli
439 1061 738 1131 facturos
754 1077 884 1130 nos,
901 1063 958 1118 si
974 1077 1094 1118 non
1113 1061 1318 1118 statim
1338 1059 1827 1129 respondeamus,

146 1176 272 1216 cum
335 1160 549 1227 dicat,
606 1164 774 1217 etc.:

148 1259 397 1325 εᾲάντος,
452 1259 792 1331 ἠκούσαμεν,
853 1258 951 1315 hic
998 1259 1191 1329 igitur
1242 1256 1579 1316 audivimus
1632 1255 1828 1311 dicen-

146 1362 275 1418 tem.
300 1378 329 1404 α
359 1356 624 1413 Docete.
651 1376 682 1405 »
709 1359 792 1412 Ex
816 1355 1043 1430 quibus
1071 1355 1274 1412 videre
1293 1355 1451 1424 licet,
1472 1353 1625 1410 alios
1671 1368 1828 1423 esse,

144 1453 471 1525 genitivos,
505 1454 625 1527 qui
653 1453 922 1512 absoluti
962 1454 1162 1512 vocari
1209 1454 1425 1522 solent,
1471 1452 1621 1509 alios
1676 1467 1829 1508 esse.

143 1552 345 1625 quiab
376 1552 612 1625 aliqua
640 1552 934 1610 orationis
960 1560 1128 1625 parte
1150 1552 1453 1626 pendent:
1480 1566 1607 1624 quo
1622 1550 1834 1621 geniti-

144 1657 367 1697 vorum
386 1657 527 1697 usu
556 1641 647 1698 ita
674 1641 1015 1698 oblectatus
1045 1647 1134 1698 est
1162 1642 1441 1714 scriptor,
1471 1644 1535 1697 ut
1558 1639 1836 1710 genitivis

1305 764 1639 837 λογισάμενοι
1702 761 1826 834 παρ’

808 1161 1033 1214 ἐνταῦθα
1087 1180 1174 1233 μιν
1242 1156 1350 1227 οὖν,
1428 1158 1825 1223 Μαθητεύσατε,

1930 553 2037 605 aut
2066 555 2356 619 respuunt
2377 551 2734 621 approbata,
2774 549 2857 606 ad
2874 550 3237 619 supplicium
3267 552 3580 618 mternum,

1931 654 2110 710 quam
2122 641 2456 712 eorum,qui
2466 654 2579 710 pro
2590 639 2887 710 dignitate
2897 639 3225 708 Evangelii
3234 638 3417 699 Deiin
3429 651 3585 695 sana

1934 727 2322 801 fide,qu2per
2335 730 2565 786 Christi
2584 727 2945 784 charitatem
2967 733 3260 796 operatur
3271 728 3580 795 vixerunt,

1934 817 2006 874 ob
2024 833 2183 887 spem
2214 820 2352 875 vitae
2372 824 2615 875 aeternae
2652 822 2708 874 et
2737 817 2914 887 regni
2930 817 3203 888 ccclesiis,
3226 816 3389 888 quod
3406 822 3492 874 est
3516 817 3582 873 in

1936 907 2180 964 Christo
2204 910 2346 965 Jesu
2373 908 2622 964 Domino
2651 912 2877 962 nostro.
2921 905 3119 974 Caput
3147 907 3234 973 II,
3282 906 3583 973 Quomodo

1937 998 2069 1070 quis
2093 1013 2157 1055 eo
2189 998 2547 1068 baptismate
2576 996 2945 1065 baptizatur,
2972 994 3133 1066 quod
3162 995 3225 1050 in
3253 995 3583 1066 Evangelia

1936 1088 2180 1144 Domini
2212 1089 2405 1144 nostri
2429 1088 2570 1142 Jesu
2585 1083 3304 1141 Christicommendatur.
3314 1083 3464 1140 Cum
3485 1085 3587 1141 Di-

1936 1178 2137 1233 minus
2166 1182 2367 1233 noster
2392 1177 2564 1233 Jesus
2596 1173 2875 1231 Christus
2902 1175 3254 1242 praeceperit
3279 1172 3470 1243 nobis,
3519 1178 3587 1229 ut

1936 1265 2264 1336 diligamus
2285 1280 2392 1322 nos
2411 1263 2795 1330 mutuo,sicut
2814 1262 2940 1331 ipse
2968 1261 3183 1318 dilexit
3206 1276 3334 1331 nos,
3358 1261 3588 1334 hocque

1937 1370 2045 1411 nos
2063 1370 2174 1423 [cr
2187 1356 2528 1425 apostolum
2543 1351 2810 1408 Paulum
2826 1349 3057 1417 doceat,
3080 1355 3148 1405 ut
3167 1364 3274 1406 nos
3294 1355 3502 1406 mutuo
3521 1350 3588 1406 in

1939 1445 2260 1501 dilectione
2279 1444 2836 1509 toleremus,vestrw
2850 1439 2915 1495 in
2935 1437 3167 1495 Christo
3177 1440 3422 1508 pictatis
3437 1453 3591 1508 pra-

1941 1542 2279 1612 ceptum,de
2292 1540 2692 1612 gloriosisimo
2711 1537 3036 1595 secundum
3058 1537 3457 1608 Evangelium
3478 1539 3592 1593 Do-

1941 1633 2093 1690 mini
2112 1631 2309 1687 nostri
2334 1631 2476 1686 Jesu
2508 1628 2743 1684 Christi
2782 1627 3134 1698 baptismate
3162 1628 3363 1682 animo
3395 1626 3595 1683 alacri

147 1730 604 1787 transitionum
634 1730 776 1788 loco
801 1746 959 1802 saepe
983 1736 1202 1787 utatur.
1237 1713 1354 1787 Sed
1366 1729 1518 1786 nihil
1541 1729 1690 1785 mihi
1709 1744 1837 1786 ma-
1863 1726 1909 1781 Β
1944 1720 2200 1790 suscepi,
2241 1724 2354 1775 etc.
2388 1718 2619 1787 Dicant,
2642 1730 2874 1788 quaeso,
2895 1714 3071 1787 quiin
3083 1713 3399 1771 versandis
3414 1714 3596 1771 Basili

149 1819 235 1889 gis
264 1835 523 1876 novum
555 1824 669 1876 aut
692 1819 1221 1877 insolitumvisum
1251 1823 1365 1889 est,
1393 1835 1584 1892 quam
1612 1835 1836 1875 vocum

151 1908 374 1965 harum
420 1912 632 1983 Κύριος
685 1911 831 1982 ἡμῶν
888 1909 1098 1970 Ἰησοῦς
1149 1914 1382 1982 Χριστός
1427 1908 1592 1979 jugis
1627 1923 1838 1981 perpe-

152 2004 383 2071 tuaque
426 1998 726 2070 repetitio
745 1999 849 2068 (a).
882 1997 1200 2054 Afﬁrmare
1229 2013 1495 2071 possum
1525 2013 1649 2066 eas,
1681 2013 1836 2070 quas

154 2086 478 2153 adnotavi,
528 2102 716 2143 voces
748 2094 853 2144 aut
880 2086 999 2154 bis,
1023 2092 1253 2157 autter,
1284 2090 1389 2143 aut
1434 2091 1669 2159 quater,
1733 2089 1838 2143 aut

154 2176 334 2231 etiam
368 2176 720 2249 quinquies
740 2176 801 2232 in
833 2192 957 2232 una
977 2176 1312 2249 eademque
1329 2175 1551 2248 pagina
1563 2190 1686 2231 non
1698 2190 1836 2231 raro

156 2265 451 2320 inveniri:
484 2281 635 2338 quae
668 2266 1027 2322 earumdem
1048 2281 1269 2321 vocum
1286 2264 1575 2337 frequens
1602 2264 1836 2321 iteratio

158 2352 315 2417 facit,
343 2361 414 2409 ut
434 2354 553 2410 tibi
581 2354 785 2425 legere
807 2354 1093 2424 videaris,
1111 2369 1235 2410 non
1254 2354 1478 2410 librum
1499 2353 1831 2425 vulgarem,

159 2443 260 2499 sed
287 2442 621 2516 quasdam
641 2444 823 2515 quasi
840 2443 1114 2506 litanias,
1137 2444 1199 2499 in
1228 2443 1455 2516 quibus
1486 2443 1651 2498 idem
1703 2457 1836 2498 sex-

158 2533 386 2588 centies
408 2533 737 2605 repetitur,
759 2537 884 2600 aut,
914 2533 964 2588 si
992 2533 1055 2589 in
1083 2533 1268 2589 rebus
1320 2533 1489 2588 seriis
1534 2532 1617 2588 ita
1666 2531 1836 2604 loqui

156 2622 313 2691 licet,
340 2623 568 2679 audire
599 2624 941 2695 parochum
960 2623 1337 2696 quempiam,
1352 2623 1455 2696 qui
1473 2621 1752 2678 morienti
1769 2623 1833 2678 in

159 2728 377 2769 aurem
421 2712 725 2768 continuo
754 2713 1014 2779 occinat,
1061 2714 1354 2769 Dominus
1408 2720 1612 2770 noster
1659 2714 1833 2770 Jesus

161 2802 470 2859 Christus.
522 2802 659 2859 Scio
688 2801 939 2875 quidem
969 2803 1379 2877 conﬁteorque
1410 2818 1481 2858 ea
1508 2818 1645 2876 quae
1674 2801 1831 2858 indi-

160 2894 293 2949 cari
326 2892 597 2949 nomina
634 2892 910 2949 omnium
939 2908 1071 2948 esse
1126 2897 1183 2949 et
1211 2893 1445 2966 optima
1471 2898 1530 2949 et
1580 2892 1831 2949 sanctis-

163 2981 355 3037 sima:
380 2980 500 3037 sed
528 2997 658 3037 non
685 2986 1003 3054 propterea
1034 2982 1282 3038 vetitum
1315 2987 1405 3038 est
1427 2982 1647 3050 dicere,
1679 2982 1834 3054 ejus-

1944 1808 2360 1868 voluminibus
2377 1806 2551 1863 multi
2564 1810 2810 1875 sunt,an
2832 1802 2950 1860 tale
2971 1802 3313 1877 quidquam
3331 1804 3394 1860 in
3413 1803 3596 1861 illlius

1944 1898 2223 1970 genuinis
2239 1896 2477 1969 scriptis
2497 1910 2771 1968 unquam
2782 1893 3133 1963 legerint.Et
3147 1897 3353 1950 tamen
3365 1892 3459 1950 his
3470 1909 3595 1952 non

1945 1991 2261 2045 contentus
2303 1988 2536 2054 auctor,
2586 1983 2793 2040 statim
2839 1982 2902 2039 in
2939 1982 3055 2039 hac
3074 1982 3209 2056 ipsa
3234 1983 3462 2056 pagina
3511 1984 3598 2042 ita

1943 2081 2301 2153 persecutus
2352 2080 2441 2131 est
2492 2074 2657 2146 (pag.
2705 2075 2831 2139 629)
2874 2088 2888 2128 :
2949 2072 3230 2146 Οὕτω-γὰρ
3258 2072 3467 2135 αύτόςό
3499 2076 3600 2127 Κύ-

1944 2187 2057 2242 ριος
2108 2171 2196 2219 καὶ
2268 2167 2398 2226 Θεὸς
2449 2166 2595 2236 ἡμῶν
2677 2162 2882 2223 Ἰησοῦς
2934 2163 3164 2235 Χριστὸς
3223 2160 3248 2214 ὀ
3317 2167 3598 2236 μονογενὴς

1945 2261 2065 2318 Υίός
2102 2262 2195 2308 τοῦ
2231 2261 2364 2308 Θεοῦ
2402 2260 2496 2306 τοῦ
2533 2253 2729 2314 ζῶντος
2780 2250 3059 2304 ἐνετείλατο
3105 2257 3215 2313 τοῖς
3256 2249 3442 2305 ἑαυτοῦ
3489 2273 3598 2326 μα-

1949 2348 2150 2411 θηταῖς,
2199 2344 2298 2400 [ια
2335 2345 2492 2400 enim
2520 2342 2812 2398 Dominus
2836 2340 2962 2410 ipse
2990 2345 3047 2397 et
3075 2344 3227 2399 Deus
3255 2348 3461 2399 noster
3503 2342 3599 2398 Je-

1947 2451 2046 2493 sus
2069 2435 2366 2502 Christus,
2391 2432 2745 2502 Unigenitus
2764 2430 2878 2487 Dei
2895 2430 3145 2487 viventis
3191 2432 3406 2500 Filius,
3427 2431 3602 2489 disci-

1948 2525 2109 2596 pulis
2139 2523 2261 2578 suis
2286 2521 2598 2592 prwcepit.
2635 2517 2751 2575 Sed
2771 2521 2836 2574 ut
2871 2533 3032 2573 nunc
3065 2517 3141 2574 de
3168 2518 3272 2574 illa
3315 2534 3608 2592 quarum-

1951 2613 2097 2669 dam
2142 2626 2357 2668 vocum
2403 2607 2756 2682 repetitione
2813 2605 3028 2663 sileam
3075 2606 3212 2679 quis
3267 2621 3394 2664 non
3439 2608 3607 2667 videt

1951 2700 2286 2758 orationem
2315 2698 2679 2755 dissolutam
2704 2712 2864 2768 esse,
2886 2711 2999 2752 nec
3029 2697 3292 2754 suaviter
3321 2697 3527 2771 ﬂuere,
3552 2698 3602 2751 ἐν

1951 2791 2150 2864 ἀγάπῃ,
2206 2790 2282 2843 ἐπ’
2336 2785 2532 2857 ἐλπίδι,
2589 2784 2662 2840 δι’
2720 2786 2949 2860 ἀγάπης,
3015 2785 3091 2840 ἐπ’
3148 2783 3342 2855 ἐλπίδι,
3379 2791 3437 2840 τὸ
3483 2809 3604 2864 περι

1949 2888 2061 2948 τοῦ,
2088 2883 2318 2948 κατὰτὸ,
2337 2877 2492 2935 etc.?
2518 2880 2809 2934 Praeterea
2835 2892 2977 2933 cum
2997 2876 3252 2948 scriptor
3260 2876 3392 2948 jam
3416 2877 3603 2951 paulo

1948 2974 2087 3027 ante
2132 2967 2492 3041 scripsisset,
2549 2965 2626 3019 ἐπ’
2678 2962 2853 3019 ἐλπίδι
2913 2969 3050 3030 ζωῆς
3097 2966 3306 3019 αἰωνίου
3335 2971 3426 3019 καὶ
3455 2967 3607 3020 ἐπου-

167 3071 331 3127 modi
360 3070 797 3144 repetitionem
814 3076 938 3127 tarn
953 3071 1334 3144 frequentem
1348 3071 1517 3143 apud
1544 3070 1834 3128 Basilium

1948 3064 2125 3134 ρανίου
2176 3056 2470 3132 βασιλείας,
2519 3055 2692 3128 quid,
2752 3071 2988 3128 quaeso,
3048 3054 3339 3144 attinebat
3385 3055 3603 3114 eadem

168 3161 532 3216 inusitatam
560 3175 722 3228 esse,
754 3175 828 3216 ex
869 3176 1063 3233 eaque
1113 3159 1327 3216 merito
1380 3160 1579 3232 colligi
1628 3176 1834 3233 posse,

168 3248 347 3306 hosce
372 3251 472 3306 De
503 3249 799 3319 baptismo
826 3248 1014 3306 libros
1035 3251 1112 3305 ad
1141 3249 1346 3322 ipsum
1375 3265 1497 3306 non
1519 3251 1835 3323 pertinere,

170 3338 227 3393 Et
252 3339 571 3411 quoniam
613 3337 867 3394 fortasse
920 3338 1039 3394 nisi
1071 3338 1419 3410 exemplum
1451 3338 1701 3412 aliquod
1756 3338 1837 3395 ob

168 3427 375 3483 oculos
402 3432 764 3500 poneretur,
796 3426 1011 3487 multis
1036 3443 1162 3484 non
1198 3427 1486 3484 credibile
1537 3428 1839 3486 videretur

168 3532 357 3588 quam
380 3517 449 3572 in
471 3515 650 3571 brevi
679 3517 877 3587 spatio
904 3532 1085 3573 voces
1105 3516 1223 3573 illae
1244 3522 1615 3589 repetantur,
1644 3534 1836 3574 unum

169 3611 269 3661 aut
294 3605 575 3661 alterum
596 3604 801 3661 locum
822 3600 1125 3675 integrum
1162 3606 1502 3663 exscribere
1532 3607 1835 3675 constitui,

172 3700 325 3750 utex
353 3695 460 3751 his
508 3693 593 3750 de
635 3693 767 3749 aliis
810 3693 1107 3765 judicium
1163 3695 1301 3751 ferri
1352 3696 1565 3767 possit.
1618 3700 1840 3753 Auctor

168 3783 347 3854 igitur
396 3783 493 3840 ita
535 3782 764 3839 alicubi
808 3785 974 3856 (pag.
1034 3787 1162 3853 629)
1208 3785 1496 3857 scripsit;
1547 3785 1627 3839 Ἐν
1657 3786 1833 3859 ἀγάπῃ

172 3879 407 3945 Χριστοῦ
473 3872 659 3930 Ἰησοῦ
717 3880 809 3924 τοῦ
864 3877 1059 3947 Κυρίου
1118 3876 1284 3946 ἡμῶν,
1342 3873 1417 3933 in’
1477 3871 1651 3928 ἐλπίδι
1700 3875 1839 3936 ζωης

172 3962 379 4016 αἰωνίου
466 3967 563 4014 καὶ
620 3960 923 4034 ἐπουρανίου
983 3961 1273 4035 βασιλείας,
1332 3968 1424 4015 καὶ
1478 3966 1544 4016 τὰ
1609 3968 1842 4037 κρίματα

172 4060 263 4113 τῆς
305 4050 536 4113 δικαίας
586 4047 985 4113 ἀνταποδόσεως
1041 4059 1141 4104 τῶν
1196 4071 1251 4105 τε
1300 4055 1581 4105 ποιούντων
1629 4056 1695 4105 τὰ
1746 4051 1842 4106 ἁπ-

173 4148 530 4214 εγορουμὲνα,
593 4141 624 4199 ἦ
704 4139 1015 4193 ἀθετοῦντων
1085 4143 1150 4193 τὰ
1223 4139 1558 4215 ἐγκεκριμένα
1632 4142 1702 4202 εἰς
1757 4145 1846 4194 κό-

165 4229 318 4283 λασιν
372 4231 616 4294 αἰώνιον,
670 4235 763 4282 καὶ
813 4238 913 4281 τῶν
962 4228 1120 4292 ἀξίως
1190 4237 1283 4282 τοῦ
1341 4230 1655 4302 Εύαγγελίου
1709 4237 1842 4284 Θεοῦ

170 4320 593 4392 πολιτευομένων
649 4316 699 4370 ἐν
772 4318 1106 4391 ὑγιαινούσῃ,
1192 4322 1389 4385 πίστει,
1475 4315 1550 4371 δι’
1631 4318 1844 4391 ἀγάπης

172 4416 415 4481 Χριστοῦ
467 4407 807 4481 ἐνεργουμένη
869 4405 944 4459 ἐπ’
1018 4403 1193 4460 ἐλπίδι
1263 4407 1404 4468 ζωῆς
1478 4407 1686 4460 αἰωνίου
1754 4428 1844 4460 και

170 4500 490 4575 ὶτουρωνωυ
526 4494 806 4569 βασιλείας
860 4505 956 4558 τῆς
1012 4494 1059 4548 ἓν
1117 4504 1333 4570 Χριστῳ
1390 4495 1567 4555 Ἰησοῦ
1623 4517 1696 4569 τῳ
1747 4504 1847 4550 Κυ-
1882 4493 2204 4565 υγουμένη,
2274 4489 2447 4549 καθὼς
2520 4489 2835 4575 γέγραπταυ

168 4596 263 4659 με.
288 4592 472 4661 ἡμῶν.
504 4590 689 4656 Αόγοσ
708 4583 784 4657 β’.
835 4592 952 4645 Πῶς
978 4583 1294 4658 βαπτίζει-αἰ
1335 4605 1416 4647 τις
1444 4580 1578 4638 κατά
1607 4590 1664 4638 τὸ
1696 4585 1744 4638 ἐν
1773 4606 1845 4658 τῳ

170 4677 485 4750 εὐαγγελίῳ
556 4682 651 4727 τοῦ
706 4679 899 4747 Κυρίου
957 4676 1101 4747 ἡμῶν
1160 4674 1338 4732 Ἰησοῦ
1418 4682 1653 4748 Χριστοῦ
1738 4673 1845 4748 βά..

170 4787 405 4841 κτίσμα.
468 4771 583 4818 Τοῦ
640 4767 833 4836 Κυρίου
907 4766 1053 4835 ἡμῶν
1129 4762 1307 4821 Ἰησοῦ
1352 4771 1586 4837 Χριστοῦ
1644 4762 1846 4822 ἐντολὴν

176 4853 483 4917 δεδωκότος
540 4855 671 4925 ἡμῖν
726 4850 932 4923 ἀγαπᾷν
986 4850 1237 4913 ἀλλήλους
1294 4854 1467 4914 καθὼς
1506 4852 1664 4914 αὐτὸς
1720 4853 1848 4924 ἠγά-

174 4966 335 5005 πσο
398 4947 574 5018 ἡμᾶς,
630 4945 722 4992 καὶ
776 4936 871 4992 διὰ
926 4939 1129 4993 Παύλου
1186 4949 1277 4993 τοῦ
1334 4940 1624 4994 ἀποστόλου
1684 4937 1848 4994 διδά-

180 5054 395 5096 mito;
448 5036 623 5106 ἡμᾶς,
680 5028 966 5101 ἀνέχεσθαι
1016 5028 1243 5088 ἀλλήλων
1296 5029 1344 5081 ἐν
1400 5029 1601 5104 ἀγάπῃ,
1646 5034 1704 5083 τὸ
1741 5029 1850 5083 ἐπί-

180 5143 352 5197 ταγμα
404 5132 509 5185 τῆς
555 5122 812 5193 ὑμετέρας
863 5116 911 5170 ἐν
971 5126 1222 5191 Χρισστῷ
1279 5118 1563 5186 εὐλαϐείας,
1624 5123 1683 5172 τό
1730 5124 1849 5194 περὶ

183 5224 264 5266 τοῦ
345 5211 491 5265 κατά
580 5213 644 5262 τὸ
699 5205 1018 5279 Εὑαγγέλιον
1072 5215 1164 5259 τοῦ
1223 5215 1418 5282 Κυριου
1476 5211 1620 5282 ἡμῶν
1673 5208 1851 5267 Ἰησοῦ

192 5310 417 5375 Χριστοῦ
479 5295 837 5361 ἐνδοξοτάτου
894 5294 1283 5370 βαπτίσματος,
1342 5298 1621 5371 προθύμως
1669 5294 1852 5360 ἐδεξά-

194 5412 301 5459 ξιτ-ι,
330 5399 449 5448 etc.
480 5390 561 5446 In
588 5387 928 5445 dilectione
954 5386 1096 5441 Jesu
1128 5386 1364 5442 Christi
1386 5386 1613 5443 domini
1637 5387 1853 5457 nostri,

259 5517 300 5551 ⁸¹
336 5519 568 5575 Hoan.
603 5529 690 5581 Ill,
729 5516 780 5567 l.

1946 3149 2131 3206 verba
2160 3147 2362 3205 statim
2392 3149 2661 3218 repetere
2684 3145 2713 3201 ?
2739 3144 2851 3201 sed
2875 3144 2954 3200 ad
2973 3143 3358 3217 propositum
3382 3160 3479 3201 me
3507 3161 3603 3201 re-

1945 3239 2092 3296 fero.
2119 3236 2277 3293 Alter
2306 3235 2489 3306 igitur
2514 3233 2710 3302 locus,
2737 3249 2922 3307 quem
2966 3233 3273 3290 excribere
3300 3233 3604 3305 integrum

1945 3328 2110 3395 libet,
2157 3326 2253 3383 hic
2306 3330 2397 3382 est
2437 3325 2605 3396 (pag.
2661 3323 2828 3393 646);
2876 3327 3004 3377 Τότε
3045 3326 3143 3396 γὰρ
3197 3326 3264 3386 ὡς
3312 3327 3430 3377 Υἰὸν
3468 3331 3603 3377 Θεοῦ

1947 3413 2310 3490 ἐνδυσάμενος,
2379 3413 2721 3477 καταξιοῦται
2802 3420 2895 3466 τοῦ
2945 3412 3133 3467 τελείου
3206 3412 3437 3486 βαθμοῦ,
3513 3419 3605 3469 καὶ

1948 3506 2267 3581 βαπτίζεται
2315 3506 2385 3568 εἰς
2432 3507 2491 3557 τὸ
2541 3508 2700 3577 ὄνομα
2754 3510 2848 3556 τοῦ
2903 3507 3109 3576 Πατρός
3157 3504 3316 3557 αὐτοῦ
3353 3512 3446 3558 τοῦ
3492 3511 3604 3558 Κυ-

1946 3616 2062 3673 ριου
2114 3598 2258 3668 ἡμῶν
2311 3596 2489 3654 Ἰησοῦ
2542 3600 2799 3668 Χριστοῦ,
2846 3594 2983 3645 κατὰ
3032 3596 3127 3650 τὴν
3196 3600 3289 3645 τοῦ
3365 3592 3603 3647 Ἰωάννου

1946 3691 2237 3761 μαρτυρίαν
2292 3681 2536 3744 διδόντος
2596 3681 2834 3745 ἐξουσίαν
2907 3680 3061 3735 τέκνα
3127 3689 3259 3736 Θεοῦ
3338 3684 3601 3754 γενέσθαι,

1950 3784 2083 3830 Θεοῦ
2160 3782 2253 3828 τοῦ
2334 3774 2592 3846 λέγοντος·
2680 3770 2936 3834 Ἐξέλθετε
3025 3770 3081 3823 ἐκ
3155 3775 3316 3844 μέσου
3412 3772 3601 3841 αὐτῶν,

1948 3871 2040 3919 καὶ
2139 3863 2476 3939 ἀφορίσθητε,
2559 3860 2858 3934 ἀκαθάρτου
2956 3864 3027 3935 μὴ
3136 3860 3378 3915 άπτεσθε’
3458 3860 3606 3935 κάγὼ

1952 3951 2256 4027 εὶσὸἐξομαι
2355 3954 2511 4025 ὑμᾶς,
2592 3954 2682 4003 καὶ
2761 3952 2947 4023 ἔσομαι
3028 3951 3149 4023 ὑμῖν
3230 3951 3300 4014 εἰς
3378 3956 3609 4027 πατέρας

1951 4050 2042 4097 καὶ
2116 4046 2263 4116 ὑμεῖς
2345 4042 2528 4094 ἔσεσθέ
2608 4058 2698 4113 μοι
2768 4040 2841 4102 είς
2928 4039 3073 4102 υἱοὺς
3155 4043 3246 4092 καὶ
3296 4042 3605 4117 θυγατέρας,

1950 4133 2086 4207 λεγει
2141 4135 2331 4208 Κύριος
2394 4132 2791 4206 παντοκράτωρ,
2861 4131 3053 4205 χάριτι
3122 4129 3285 4182 αὐτοῦ
3352 4138 3446 4183 τοῦ
3505 4137 3609 4184 Κυ-

1952 4229 2069 4299 ρίου
2124 4224 2268 4296 ἠμῶν
2319 4222 2495 4279 Ἰησοῦ
2551 4226 2787 4295 Χριστοῦ
2840 4226 2932 4272 τοῦ
2981 4227 3286 4292 μονογενοῦς
3332 4225 3457 4273 Υίοῦ
3514 4226 3607 4272 τοῦ

1955 4320 2089 4367 Θεοῦ
2142 4320 2235 4365 τοῦ
2284 4311 2499 4379 ζῶντος,
2555 4308 2606 4361 ἐν
2653 4305 2693 4380 ᾧ
2765 4311 2883 4361 οὔτε
2952 4313 3207 4383 περιτομή
3291 4328 3345 4361 τι
3404 4308 3608 4381 ἰσχύει,

1955 4406 2073 4456 οῦτε
2157 4399 2502 4476 ἀκροϐυστία,
2579 4396 2704 4455 άλλη
2777 4401 2959 4460 πίστις
3007 4394 3078 4450 δι’
3181 4396 3391 4471 ἀγάπης
3465 4397 3609 4474 ἐνερ..

2925 4482 3000 4539 δι’
3068 4487 3131 4549 ἧς
3206 4484 3404 4550 εύόδως
3485 4488 3610 4561 ἡμῖν

1955 4582 2303 4654 κατορθοῦται
2377 4581 2437 4629 τὸ
2516 4574 2787 4649 ἐπενεχθὶν
2863 4579 3201 4649 συνημμένως
3270 4585 3342 4649 τῷ
3412 4597 3613 4652 παραγ-

1956 4669 2171 4743 γέλματι
2234 4674 2326 4720 τοῦ
2383 4664 2752 4739 βαπτισματος
2834 4666 2979 4739 παρὰ
3034 4672 3127 4718 τοῦ
3185 4665 3345 4719 αὐτοῦ
3416 4672 3610 4739 Κυρίου

1958 4760 2103 4832 ἡμῶν
2153 4764 2328 4816 Ἰησοῦ
2404 4761 2661 4829 Χριστοῦ,
2732 4753 2964 4816 εἰπόντος
3037 4758 3153 4812 etc.
3222 4756 3386 4811 Tunc
3455 4755 3614 4813 enim

1958 4848 2134 4920 quasi
2144 4847 2371 4916 Filium
2384 4845 2497 4903 Dei
2509 4844 3088 4915 indutus,ﬁtdignus
3106 4843 3304 4915 gradu
3318 4842 3613 4914 perfecto,

1961 4936 2422 5008 baptizaturque
2440 4935 2504 4991 in
2520 4949 2735 4991 nomen
2747 4934 2955 4991 Patris
2969 4934 3154 5003 ipsius
3172 4931 3416 4988 Domini
3422 4930 3619 4987 nostri

1959 5029 2099 5085 Jesu
2114 5025 2673 5097 Christi,quijuxta
2689 5023 2944 5081 Joannis
2957 5021 3363 5079 testimonium
3375 5034 3503 5076 eam
3515 5034 3619 5090 po-

1962 5123 2227 5175 testatem
2241 5115 2501 5180 dedit,ut
2513 5115 2625 5170 Dei
2633 5113 2975 5183 efﬁciamur
2982 5112 3053 5181 ﬁi
3057 5111 3125 5167 lii
3134 5111 3179 5146 δι
3192 5109 3617 5181 ,Dei,inquam.

1963 5207 2069 5280 qui
2087 5205 2227 5262 dicit
2253 5222 2265 5259 :
2289 5225 2315 5254 «
2330 5204 2512 5260 Exite
2529 5202 2604 5259 de
2618 5201 2811 5258 medio
2832 5214 3062 5271 eorum,
3083 5203 3137 5256 et
3162 5212 3429 5268 separem
3438 5199 3544 5268 ini,
3561 5204 3621 5257 et

1963 5295 2339 5353 immundum
2370 5307 2445 5348 ne
2468 5290 2782 5361 tetigeritis
2813 5306 2827 5344 :
2858 5294 2913 5344 et
2951 5303 3058 5360 ego
3089 5288 3372 5358 recipiam
3418 5304 3543 5362 vos,
3564 5295 3621 5347 et

1966 5400 2062 5442 ero
2078 5384 2238 5443 vobis
2268 5384 2333 5439 in
2354 5384 2679 5451 patrem,et
2704 5393 2803 5436 vos
2856 5378 3028 5435 eritis
3048 5377 3201 5435 mihi
3222 5378 3287 5436 in
3305 5379 3465 5452 ﬁlios
3480 5385 3537 5438 et
3553 5380 3623 5452 ﬁ-

259 5592 339 5661 (α)
368 5588 516 5661 Legi
548 5578 832 5661 possunt
853 5595 916 5654 ρ.
951 5583 1075 5646 6-26,
1106 5585 1234 5654 628,
1257 5586 1384 5655 629,
1410 5583 1537 5640 633.
1572 5586 1697 5653 635,
1730 5585 1838 5654 636‘

1947 5583 2002 5653 2,
2026 5582 2152 5651 644,
2183 5579 2309 5635 646.
2344 5578 2461 5633 etc.
