4058 6192
461 258 563 311 147

1972 255 2341 332 murum

3769 274 3885 330 148

459 380 599 473 tias,
653 378 804 437 dicit
826 377 1122 435 Dominus
1139 379 1529 473 omnipotens
1557 380 1679 473 9,»
1694 394 1810 473 per
1855 380 2122 473 gratiam
2154 382 2203 437 Α
2229 382 2344 473 Dei
2366 386 2623 442 viventis
2643 388 2860 458 Filius,
2892 394 3004 447 etc.
3032 390 3164 449 Alio
3191 391 3325 449 loco
3356 395 3440 467 (p.
3492 396 3642 467 646).
3683 399 3892 473 Χάριιτ

455 468 649 537 ipsius
672 469 917 525 Domini
952 468 1150 526 nostri
1172 471 1317 525 Jesu
1361 468 1609 535 Christi,
1640 470 1941 541 unigeniti
1973 470 2126 541 Ρίιιε

455 557 571 614 Dei
592 558 871 628 viventis,
888 559 996 614 «in
1018 573 1135 630 quo
1162 573 1354 630 neque
1380 559 1755 615 circumcisio
1770 560 2009 631 aliquid
2020 575 2122 616 υαο

460 647 559 715 let,
583 650 1167 718 nequeprzputium,
1186 648 1287 705 sed
1292 648 1611 720 ﬁdes,quIe
1626 664 1739 719 per
1754 649 2117 706 charitatem

456 741 747 805 operatur
770 737 840 801 ⁵³,
872 741 963 792 uti
993 737 1252 806 sciptum
1282 743 1503 807 est,per
1540 752 1719 809 quam
1775 737 1943 794 nobis
1979 754 2117 809 pro-

454 840 627 894 spere
673 825 830 882 cedit
861 825 928 882 id
952 827 1113 897 quod
1137 826 1214 882 ab
1241 828 1370 897 ipso
1428 828 1684 883 Domino
1729 833 1936 884 nostro
1971 829 2117 884 Jesu

459 913 700 971 Christo
730 916 1109 972 continenter
1127 931 1263 973 cum
1302 916 1681 986 baptismatis
1690 923 1983 989 praecepto
2004 933 2113 987 ap-

450 1005 711 1073 positum
740 1010 825 1061 est
846 1004 969 1074 ubi,
982 1005 1164 1074 dixit,
1191 1011 1303 1062 etc.
1329 1008 1410 1061 Ex
1430 1022 1555 1079 quo
1571 1006 1707 1062 loco
1726 1010 2022 1079 tanquam
2040 1022 2115 1063 ex

453 1093 782 1164 specimine
812 1093 1086 1167 quodam
1106 1094 1580 1168 intelligipotest,
1608 1111 1767 1169 opus
1792 1100 1984 1153 totum
2014 1112 2116 1154 va-

449 1183 556 1238 riis
622 1184 944 1256 Scriptura
987 1185 1347 1243 testimoniis
1417 1187 1715 1244 referciri:
1762 1204 1898 1262 quae
1924 1204 2114 1263 quam

451 1271 629 1339 belle,
655 1289 794 1330 cum
825 1273 1059 1348 reliqua
1104 1276 1378 1333 oratione
1417 1277 1742 1335 cohaerant.
1794 1278 1893 1335 alii
1949 1280 2115 1335 vide-

451 1362 591 1418 rint.
622 1363 739 1420 Sed
765 1363 931 1436 quod
953 1364 1032 1420 ad
1060 1379 1191 1421 rem
1222 1365 1365 1423 facit
1398 1367 1711 1424 adnotabo
1733 1368 2108 1441 scriptorem,

452 1467 591 1507 cum
649 1467 854 1509 sacras
910 1453 1244 1526 Scripturas
1305 1455 1538 1528 citaret,
1586 1456 1649 1513 in
1686 1457 1850 1514 idem
1868 1459 2112 1512 ταυτολο-

448 1545 573 1613 γίας
622 1541 837 1597 vitium
894 1542 1202 1601 incidisse.
1262 1545 1490 1603 Eadem
1528 1547 1711 1615 enim,
1766 1548 1949 1605 etiam
1969 1566 2111 1606 cum

448 1629 601 1685 nihil
630 1645 786 1703 opus
817 1634 1095 1706 est,saape
1118 1639 1492 1707 repetuntur.
1525 1639 1869 1709 Proponam
1903 1638 2111 1695 locum

2232 472 2392 525 αὐτοῦ
2470 484 2562 528 τοῦ
2644 483 2838 552 Κυρίου
2915 479 3091 539 Ἰησοῦ
3143 491 3379 557 Χριστοῦ
3435 485 3527 536 τοῦ
3577 495 3894 559 μονογενοῦς

2230 564 2353 615 Υἱοῦ
2384 572 2475 617 τοῦ
2503 574 2635 619 Θεοῦ
2660 576 2754 620 τοῦ
2808 569 3019 638 ζῶντος,
3064 576 3176 628 etc.
3205 574 3326 630 Per
3368 575 3635 644 gratiam
3692 578 3891 646 ipsius

2226 650 2480 709 Domini
2500 658 2699 712 nostri
2713 658 2852 714 Iesu
2876 659 3109 716 Christi
3125 662 3423 732 unigeniti
3465 663 3619 719 Filii
3637 665 3750 721 Dei
3788 667 3889 722 vi-

2226 743 2441 813 ventis,
2480 749 2593 800 etc.
2641 746 2982 820 Aliquando
3009 755 3256 823 posttp.
3308 753 3435 821 651)
3470 768 3483 806 :
3528 752 3781 810 Ληλονότι
3808 754 3891 817 εἰς

2226 826 2581 893 ἀνεξάλειπτον
2606 837 2815 909 μνήμην
2846 845 2937 889 τοῦ
2969 839 3093 914 ὑπὲρ
3147 840 3293 913 ἡμῶν
3325 838 3671 905 ἀποθανόντος
3698 841 3885 900 Ἰησοῦ

2223 926 2460 993 Χριστοῦ
2490 932 2582 975 τοῦ
2624 930 2818 998 Κυρίου
2859 928 3025 1001 ἡμῶν,
3090 933 3179 981 καὶ
3236 927 3544 1004 ἑγερθίντος,
3604 935 3716 988 etc.
3783 933 3886 988 Vi-

2222 1008 2435 1067 delicet
2461 1013 2544 1068 ad
2558 1014 2932 1072 indelebilcm
2963 1019 3310 1074 memoriam
3335 1020 3479 1075 Jesu
3499 1020 3731 1077 Christi
3763 1022 3888 1077 Do-

2221 1101 2377 1156 mini
2413 1105 2623 1175 nostri,
2667 1106 2773 1176 qui
2793 1121 2908 1175 pro
2954 1107 3123 1162 nobis
3148 1115 3419 1164 mortuus
3467 1115 3552 1165 est
3592 1115 3648 1166 et
3678 1126 3886 1167 resur-

2223 1190 2406 1253 rexit,
2455 1194 2565 1246 etc.
2618 1191 2886 1249 Ibidem:
2928 1193 3009 1247 Ἐν
3056 1203 3128 1266 τῷ
3175 1200 3247 1268 μὴ
3297 1192 3390 1248 διὰ
3426 1205 3522 1259 τῆς
3550 1204 3759 1271 μνήμης
3783 1206 3883 1251 τοῦ

2224 1278 2349 1352 ὑπὲρ
2404 1280 2550 1338 ἡμῶν
2608 1279 2952 1345 ἀποθανόντος
3010 1288 3101 1336 καὶ
3157 1283 3444 1360 ἐγερθέντος
3493 1285 3671 1345 Ἰησοῦ
3748 1296 3885 1364 Χρι-

2226 1375 2352 1420 στοῦ
2372 1376 2463 1421 τοῦ
2479 1374 2671 1443 Κυρίου
2694 1372 2724 1429 ἠ
2731 1380 2860 1444 μῶν,
2883 1376 2942 1424 τὸ
2963 1372 3228 1447 εἰρημένον
3250 1373 3552 1446 φυλάσσειν,
3570 1381 3680 1432 etc.
3708 1377 3885 1444 Quod

2221 1471 2346 1512 non
2369 1472 2477 1527 per
2515 1461 2865 1517 memoriam
2916 1463 3058 1518 Jesu
3091 1462 3319 1519 Christi
3362 1465 3613 1521 Domini
3658 1468 3881 1538 nostri,

2220 1547 2329 1618 qui
2339 1562 2448 1619 pro
2464 1548 2635 1605 nobis
2651 1556 2926 1607 mortuus
2944 1558 3031 1609 est
3049 1558 3105 1609 et
3126 1555 3483 1620 resurrexit,
3497 1562 3697 1611 servat
3716 1555 3884 1626 quod

2220 1634 2450 1693 dictum
2479 1642 2706 1709 est,etc,
2741 1643 2858 1697 Nec
2889 1641 2973 1698 ita
2995 1641 3186 1698 multo
3219 1642 3473 1716 infra(p.
3498 1644 3658 1714 635):
3688 1646 3879 1707 Καθὼς

448 1733 640 1776 unum
667 1719 992 1791 insignem,
1014 1723 1276 1796 quicum
1304 1724 1377 1781 iis
1399 1741 1539 1798 quin
1566 1727 1753 1799 paulo
1778 1733 1916 1784 ante
1936 1729 2105 1785 retuli

2219 1723 2557 1799 ἐπηγγείλατο
2605 1734 2631 1782 ό
2680 1726 2917 1801 ἀψευδὴς
2963 1735 3152 1805 Κύριος
3195 1737 3284 1785 καὶ
3329 1737 3460 1795 Θεὸς
3489 1736 3634 1806 ἡμῶν
3666 1734 3875 1796 Ἰησοῦς

444 1807 645 1865 verbis
670 1811 1015 1884 comparari
1042 1813 1257 1885 possit,
1282 1829 1421 1870 cum
1467 1814 1652 1887 igitur
1692 1822 1925 1881 auctor,
1975 1819 2108 1892 qui-

444 1914 687 1972 cunque
715 1899 815 1957 ille
833 1900 962 1968 fuit,
988 1900 1231 1960 locutus
1266 1903 1475 1962 fuisset
1500 1906 1604 1977 ita,
1649 1912 1716 1964 ut
1758 1923 1904 1964 mox
1953 1908 2103 1975 dixi,

440 1989 647 2045 statim
690 1990 809 2047 hoc
853 1991 1040 2048 modo
1087 1994 1469 2067 persequitur
1514 1996 1681 2069 (pag,
1700 2000 1866 2069 648):
1915 2002 2013 2052 Τὸν
2044 1995 2104 2051 δὴ

442 2080 562 2132 Tib»
604 2087 697 2132 τοῦ
743 2086 876 2133 Ωεοῦ
924 2077 1265 2155 ἐνδυσάμενοι
1311 2087 1398 2137 τὸν
1462 2082 1623 2138 δόντα
1669 2086 1909 2149 ἐξουσίαν
1949 2092 2104 2141 τέκνα

443 2175 579 2221 Θεοῦ
618 2171 880 2241 γενέσθαι,
949 2168 999 2222 ἓν
1043 2170 1259 2245 ὀνόματι
1314 2181 1407 2226 τοῦ
1458 2178 1659 2250 Πατρός
1710 2174 2097 2251 βαπτιζόμεθα,

440 2261 531 2312 καὶ
618 2261 772 2311 τέκνα
864 2266 997 2313 Θεοῦ
1078 2259 1498 2335 ἀναγορευόμεθα
1570 2272 1665 2317 τοῦ
1710 2266 2100 2339 προστάξαντος

438 2351 530 2399 καὶ
604 2345 1059 2423 ἄπαγγειλαμένου,
1131 2352 1307 2412 καθὼς
1362 2352 1496 2405 εἶπεν
1553 2353 1579 2405 ὁ
1662 2360 1955 2427 προφήτης·
2011 2356 2098 2409 Διὸ

440 2434 663 2499 ἔξίλθετε
743 2436 799 2491 ἐκ
888 2441 1052 2512 μέσου
1119 2439 1293 2492 αὐτῶν
1368 2445 1459 2493 καὶ
1539 2440 1878 2517 ἀφορίσθητε,
1963 2444 2100 2518 λέγει

441 2528 653 2601 Κύριος,
751 2531 843 2580 καὶ
944 2526 1241 2603 ἁκαθάρτου
1313 2534 1385 2603 μὴ
1460 2531 1704 2585 ἅπτεσθεο
1782 2535 1929 2605 κάγὼ
1996 2534 2100 2587 εἰσ-

439 2610 657 2688 δέξομαι
737 2616 875 2688 ὑμᾶς
950 2622 1040 2670 καὶ
1110 2621 1297 2692 ἔσομαι
1367 2621 1489 2693 ὑμῖν
1566 2621 1639 2683 εἰς
1714 2628 1931 2697 πατέρα,
2010 2629 2100 2676 καὶ

438 2704 588 2776 ὑμεῖς
639 2706 820 2759 ἔσεσθέ
879 2726 971 2780 μοι
1023 2707 1096 2769 εἰς
1168 2711 1317 2771 υἱοὺς
1388 2714 1478 2761 καὶ
1554 2712 1861 2787 θυγατέρας,
1964 2712 2101 2785 λέγει

441 2795 633 2866 Κύριος
686 2797 1082 2870 παντοκράτωρ·
1136 2798 1461 2870 Postquam
1538 2805 1740 2857 autem
1791 2802 2100 2860 induimus

437 2882 552 2939 Dei
566 2883 928 2957 Filium,qui
959 2900 1089 2943 eam
1110 2892 1561 2956 potestatem,ut
1590 2890 1704 2946 Dei
1724 2892 1848 2960 ﬁlii
1868 2892 2100 2963 efﬁcia-

441 2987 585 3028 mur
596 2973 835 3042 prabet
854 2975 919 3031 in
947 2976 1192 3034 nomine
1209 2977 1418 3034 Patris
1446 2978 1848 3048 baptizamur,
1868 2982 2098 3050 praedi-

2220 1818 2625 1889 warég,sicut
2647 1821 2923 1889 promisit
2941 1836 3130 1878 verax
3149 1823 3523 1885 Dominus,et
3562 1825 3720 1879 Deus
3740 1838 3876 1879 nos-

2217 1908 2486 1961 terJesus
2510 1905 2810 1976 Christus,
2845 1911 2965 1964 Hoc
2990 1909 3126 1982 ipso
3155 1909 3217 1966 in
3246 1909 3382 1966 loco
3416 1928 3428 1965 :
3461 1914 3530 1964 Τὸ
3557 1910 3875 1985 ἕρώτημα,εἰ

2213 1999 2303 2047 καὶ
2380 1999 2711 2049 παντάπασιν
2792 1997 2999 2061 ὴνάξιον
3047 2002 3239 2061 παντὸς
3289 2007 3380 2051 τοῦ
3450 1996 3873 2072 καταδεξαμὲνου

2213 2084 2475 2157 ὁμολογεῖν
2500 2090 2587 2138 τὸν
2615 2089 2803 2160 Κύριον
2830 2089 2973 2161 ἡμῶν
3001 2088 3205 2147 Ἰησοῦν
3229 2093 3459 2163 Χριστὸν
3483 2098 3726 2162 μονογενῆ
3751 2092 3873 2143 Υἱόν

2210 2181 2302 2227 τοῦ
2335 2182 2467 2227 Θεοῦ
2496 2184 2587 2228 τοῦ
2616 2176 2825 2243 ζῶντος,
2856 2173 2913 2230 δί
2936 2177 3011 2230 ’ῦο
3032 2180 3098 2230 τὰ
3121 2180 3291 2231 πάντα
3315 2178 3511 2250 ἐγένετο
3530 2180 3596 2231 τά
3625 2198 3680 2232 τε
3707 2181 3876 2252 ὁρατὰ

2210 2269 2300 2317 καὶ
2337 2267 2403 2317 τά
2449 2268 2666 2340 ἀόρατα,
2696 2271 2809 2322 etc.
2852 2268 3001 2324 Htec
3043 2270 3295 2339 quaestio
3335 2270 3573 2325 tametsi
3613 2284 3874 2338 prorsus

2210 2354 2467 2425 indigna
2504 2361 2589 2412 est
2635 2372 3010 2428 quocunque,
3066 2359 3173 2429 qui
3216 2360 3539 2414 Dominum
3594 2364 3870 2415 nostrum

2207 2444 2409 2500 Jesum
2435 2442 2739 2500 Christum
2761 2446 3138 2516 unigenitum
3166 2447 3269 2503 Dei
3291 2448 3540 2517 Filium,
3564 2462 3672 2516 per
3694 2462 3871 2518 quem

2209 2535 2412 2590 omnia
2452 2539 2574 2589 tam
2612 2535 2878 2591 visibilia
2908 2551 3089 2607 quam
3128 2536 3457 2592 invisibilia
3486 2538 3657 2606 facta
3701 2542 3869 2603 sunt,

2210 2623 2489 2692 conﬁteri
2522 2639 2643 2679 non
2669 2625 2987 2692 recusarit,
3010 2629 3123 2680 etc.
3154 2625 3277 2681 Sub
3297 2625 3484 2681 ﬁnem
3510 2627 3595 2697 (p.
3614 2626 3735 2693 672)
3758 2625 3822 2679 Εἰ
3842 2627 3871 2678 ὀ

2210 2716 2402 2788 Κύριος
2455 2715 2601 2787 ἡμῶν
2651 2713 2857 2776 Ἰησοῦς
2916 2718 3167 2789 Χριστὸς,
3197 2717 3223 2766 ὁ
3280 2720 3557 2787 μονογενὴς
3607 2717 3725 2776 Υἱὸς
3772 2723 3871 2767 τοῦ

2210 2811 2344 2858 Θεοῦ
2393 2811 2485 2856 τοῦ
2540 2805 2751 2870 ζῶντος,
2800 2801 2835 2857 ὃ
2841 2804 2873 2855 ι’
2902 2805 2962 2856 οῦ
2988 2808 3054 2856 τὰ
3081 2807 3253 2857 πάντα
3278 2804 3474 2877 ἐγένετο
3504 2806 3669 2879 ὁρατά
3697 2824 3751 2857 τε
3774 2810 3872 2857 καὶ

2210 2892 2427 2967 ἀόρατα,
2453 2894 2613 2959 cui»,
2648 2897 2803 2966 ἔχων,
2833 2899 2946 2951 etc.
2973 2896 3037 2951 Si
3079 2895 3370 2951 Dominus
3407 2902 3635 2955 noster.
3690 2896 3870 2951 Jesus

2209 2983 2490 3040 Christus
2511 2985 2859 3054 unigenitus
2887 2985 3084 3040 Filius
3110 2985 3223 3041 Dei
3243 2986 3514 3048 viventis,
3538 3000 3648 3054 per
3690 2999 3869 3055 quem

441 3075 771 3135 camurque
785 3064 907 3133 ﬁlii
923 3066 1053 3134 Dei,
1084 3066 1193 3138 qui
1203 3068 1497 3137 praecepit
1518 3073 1573 3126 et
1602 3069 1792 3127 ediscit
1823 3072 1984 3127 velut
2011 3073 2098 3128 ait
2132 3084 2179 3140 c
2209 3074 2409 3130 omnia
2457 3079 2582 3130 tum
2626 3075 2890 3131 visibilia
2940 3081 3066 3131 tum
3116 3074 3449 3131 invisibilia
3475 3076 3651 3144 facta
3692 3080 3860 3140 sunt,

432 3152 775 3222 prapheta:
809 3176 840 3207 ‹‹
862 3153 1246 3226 Quapropter
1273 3158 1430 3215 exite
1459 3158 1533 3215 de
1551 3158 1742 3216 medio
1788 3175 2014 3231 eorum,
2047 3168 2100 3218 et
2142 3160 2157 3167 ’

440 3252 819 3325 separemini,
840 3254 988 3310 dicit
1013 3255 1383 3323 Dominus,et
1402 3256 1777 3313 immundum
1792 3272 1866 3314 ne
1904 3259 2105 3328 tetige_

440 3340 602 3398 ritis:
620 3347 677 3397 et
706 3356 814 3413 ego
859 3344 1143 3413 recipiam
1167 3358 1290 3410 vos,
1321 3351 1376 3400 et
1406 3360 1509 3401 ero
1529 3344 1692 3401 vobis
1729 3346 1792 3402 in
1841 3352 2103 3424 patrem,

443 3439 497 3490 et
530 3449 631 3490 vos
686 3434 855 3491 eritis
879 3434 1035 3491 mihi
1057 3436 1122 3489 in
1150 3433 1310 3502 ﬁlios
1336 3439 1395 3490 et
1407 3434 1594 3503 ﬁlias,
1628 3435 1791 3491 dixit
1811 3436 2105 3493 Dominus

445 3524 878 3594 omnipotens.»
900 3523 1001 3580 Hic
1013 3527 1421 3596 praeterquam
1435 3522 1601 3596 quod
1614 3523 1757 3580 item
1786 3525 2106 3599 Scriptum

443 3613 881 3683 testimonium,
910 3612 1015 3670 ubi
1036 3627 1162 3670 non
1189 3612 1276 3670 ita
1294 3612 1555 3670 multum
1585 3628 1741 3687 opus
1772 3619 1917 3685 erat,
1936 3615 2104 3674 bisi—n

443 3702 612 3759 brevi
664 3702 865 3777 spatio
923 3702 1529 3776 repetitur,prasterea
1575 3707 1634 3760 et
1672 3719 1852 3760 voces
1894 3710 1951 3762 et
1973 3722 2108 3762 scn-

444 3792 666 3864 tentiaa,
721 3807 859 3867 qua
907 3798 1167 3866 utroque
1220 3792 1285 3849 in
1346 3792 1481 3849 loco
1526 3792 1850 3866 Scriptum
1906 3794 2105 3851 verbis

445 3886 739 3959 praeeunt,
792 3882 1026 3939 eaedem
1078 3897 1321 3956 quoque
1396 3886 1571 3938 sunt:
1616 3898 1809 3956 quam
1861 3885 2105 3937 ταυτολο-

446 3980 568 4048 γίας
616 3976 826 4031 notam
882 3971 1341 4045 copiossisimus
1383 3971 1476 4027 vir
1504 3971 1757 4028 Basilius
1787 3973 1903 4029 sibi
1947 3973 2104 4030 inuri

444 4077 764 4138 nunquam
789 4077 1009 4137 passus
1038 4064 1222 4119 esset.
1243 4063 1446 4134 Neque
1472 4076 1617 4117 vero
1636 4076 1820 4117 voces
1848 4061 2103 4134 illae,“-

447 4174 565 4229 ριος
628 4157 772 4228 ἡμῶν
824 4153 1029 4214 Ἰησοῦς
1074 4154 1325 4224 Χριστός,
1383 4153 1736 4221 repetuntur
1792 4150 1988 4207 solum
2041 4152 2103 4208 in

446 4243 542 4301 his
570 4245 657 4301 De
711 4242 1004 4313 baptismo
1063 4239 1233 4296 libris
1281 4238 1638 4311 ireqentius,
1692 4255 1888 4312 quum
1938 4240 2104 4314 apud

448 4332 734 4389 Basilium
774 4330 905 4387 ﬁeri
950 4330 1121 4396 solet,
1148 4328 1256 4385 sed
1282 4328 1416 4385 alim
1445 4328 1629 4386 etiam
1658 4344 1783 4386 non
1829 4346 1902 4387 ex
1935 4346 2107 4387 sane-

2211 3166 2314 3235 qui
2372 3165 2557 3219 vitam
2620 3163 2817 3231 habet,
2850 3169 2959 3219 etc.
3008 3168 3073 3219 1n
3102 3163 3236 3237 ipso
3258 3164 3867 3236 tine(p.673):Kabcbc

2213 3251 2550 3324 ἐπηγγείλατο
2580 3254 2606 3305 ὁ
2637 3250 2872 3324 ἀψευδὴς
2902 3257 3089 3327 Κύριος
3144 3258 3234 3306 καὶ
3283 3257 3411 3315 Θεὸς
3463 3255 3608 3325 ἡμῶν
3655 3251 3869 3313 Ἰησοῦς

2213 3346 2463 3418 Χριστὸς,
2488 3344 2513 3395 ὀ
2543 3348 2816 3415 μονογενὴς
2846 3351 2937 3396 τοῦ
2970 3351 3101 3396 Θεοῦ
3147 3343 3337 3406 ζῶντος
3384 3345 3523 3407 Υἱός,
3574 3342 3867 3414 quemad-

2212 3432 2454 3489 modum
2479 3434 2761 3503 promisit
2800 3448 2994 3489 verax
3017 3434 3313 3489 Dominus
3352 3440 3407 3489 et
3463 3433 3623 3489 Deus
3662 3437 3873 3489 noster

2212 3524 2383 3580 Jesus
2401 3522 2701 3591 Christus,
2727 3524 3070 3594 unigenitus
3094 3524 3202 3580 Dei
3227 3524 3348 3579 vivi
3372 3523 3589 3579 Filius.
3614 3520 3873 3577 Basilius

2213 3618 2419 3670 autem
2441 3613 2633 3669 sicubi
2654 3613 2738 3682 (id
2758 3612 2924 3686 quod
2945 3612 3188 3685 parcius
3208 3611 3369 3683 fecit)
3392 3612 3485 3668 bis
3519 3610 3739 3679 verbis,
3764 3612 3869 3663 Κῦ-

2212 3706 2479 3779 ριοςήμῶν
2502 3704 2707 3765 Ἰησοῦς
2730 3707 2979 3777 Χριστός,
3013 3720 3158 3758 usus
3183 3706 3289 3758 est:
3315 3717 3619 3774 nusquam
3636 3705 3868 3767 tamen,

2212 3795 2382 3867 quod
2406 3794 2653 3869 quidem
2686 3794 2894 3863 sciam,
2916 3810 2991 3850 ea
3009 3810 3147 3867 quae
3173 3809 3317 3850 mox
3337 3792 3604 3849 vidimus
3632 3790 3869 3848 addita-

2211 3890 2420 3942 menta
2446 3885 2595 3957 ipsis
2614 3884 2946 3955 conjunxit.

2282 3979 2371 4031 56.
2390 3977 2559 4031 Nunc
2577 3990 2919 4047 proponam
2940 3973 3080 4041 alia,
3098 3990 3236 4047 quae
3255 3990 3291 4031 ει
3312 3972 3868 4047 superioribusnon

2209 4064 2294 4120 ita
2321 4062 2580 4120 multum
2605 4062 2922 4119 abludunt.
2953 4068 3173 4120 Auctor
3199 4079 3337 4119 cum
3380 4061 3623 4136 aliquod
3676 4075 3867 4116 sacrae

2213 4152 2533 4225 Scriptura;
2561 4151 2972 4209 testimonium
3011 4152 3279 4225 proferre
3308 4151 3626 4212 vult.tanto
3648 4148 3869 4206 verbo-

2211 4258 2346 4299 rum
2369 4241 2616 4298 circuitu
2637 4242 2840 4310 utitur,
2867 4247 2931 4298 ut
2958 4242 3020 4298 in
3049 4243 3165 4298 hoc
3196 4258 3438 4315 quoque
3452 4256 3677 4297 novam
3696 4254 3869 4312 pere-

2213 4331 2506 4405 grinitatis
2534 4335 2743 4388 notam
2773 4331 2974 4387 videre
3006 4331 3155 4387 mihi
3187 4331 3348 4387 visus
3380 4330 3515 4387 sim.
3550 4333 3617 4386 Et
3645 4334 3710 4384 ut
3732 4343 3865 4383 rem

448 4421 663 4479 tissimi
690 4421 884 4478 Patris
921 4420 1359 4477 consuetudine
1383 4419 1531 4493 ipsis
1578 4419 1918 4489 adduntur,
1973 4436 2103 4480 rem
2135 4434 2178 4489 1)
2213 4421 2363 4496 ipsis
2390 4421 2581 4479 oculis
2609 4421 2951 4492 subjiciam,
3000 4422 3080 4477 ad
3126 4421 3407 4493 exempla
3437 4419 3744 4490 confugio.
3778 4423 3872 4475 tta

448 4510 729 4584 exempla
765 4509 1083 4567 clariorem
1135 4509 1416 4566 reddent.
1475 4510 1742 4583 Scriptor
1793 4510 1976 4581 igitur
2020 4513 2105 4569 sic

447 4600 662 4660 incidit
718 4599 1075 4673 (pag.62i):
1127 4598 1186 4652 ὀ
1245 4601 1437 4673 Κύριος
1482 4600 1628 4673 ἡμῶν
1700 4599 1907 4663 Ἰησοῦς
1976 4609 2106 4677 xm-

452 4695 576 4755 στὸς
604 4694 631 4745 b
656 4693 932 4766 μονογενής
952 4688 1073 4752 Υἱὸς
1109 4695 1202 4741 τοῦ
1252 4696 1385 4743 Θεοῦ
1423 4696 1516 4742 τοῦ
1547 4689 1739 4751 ζῶντος
1768 4693 1879 4746 etc.
1907 4691 2105 4748 Domi.

447 4798 564 4840 nus
589 4788 795 4840 noster
819 4781 991 4838 Jesus
1019 4778 1317 4847 Christus,
1364 4779 1710 4850 unigenitus
1729 4780 1843 4836 Dei
1851 4781 2104 4838 viventis

443 4875 663 4944 Filius,
710 4875 818 4930 etc.
852 4869 1006 4928 Alibi
1034 4870 1119 4928 ita
1144 4868 1411 4943 loquitur
1441 4869 1603 4941 (pag.
1632 4870 1756 4941 628)
1788 4886 1800 4925 :
1834 4875 1939 4929 Τήν
1968 4891 2023 4924 τε
2052 4875 2102 4925 ὲν

449 4964 594 5040 ἀρχῇ
648 4970 740 5017 τοῦ
795 4968 927 5017 Θεοῦ
975 4962 1074 5035 μιὰ
1126 4965 1218 5013 τοῦ
1267 4965 1569 5033 μονογενοῦς
1622 4958 1781 5012 αὐτοῦ
1838 4962 1962 5013 Υὶοῦ
2007 4969 2100 5014 τοῦ

449 5061 646 5131 Κυρίου
698 5056 789 5107 καὶ
841 5059 974 5108 Θεοῦ
1000 5053 1146 5127 ἡμῶν
1185 5048 1363 5109 Ἰησοῦ
1393 5056 1650 5123 Χριστοῦ,
1709 5053 1820 5107 etc.
1862 5052 2100 5109 Initioa

446 5146 569 5203 Deo
592 5160 709 5215 per
755 5143 1137 5216 unigenitum
1189 5156 1365 5198 suum
1403 5140 1628 5197 Filium
1678 5141 1994 5198 Dominum
2041 5147 2099 5198 et

444 5236 918 5292 Dcumnostrum
936 5234 1141 5291 Jesum
1161 5230 1480 5301 Christum,
1496 5232 1606 5286 etc.
1631 5231 1860 5285 Rursus
1875 5231 2095 5303 (p.629)

446 5332 629 5387 Οῦτως
645 5326 744 5399 γὰρ
768 5323 926 5386 αὐτὸς
945 5324 970 5375 ὁ
993 5326 1187 5398 Κύριος
1202 5326 1292 5375 καὶ
1315 5323 1444 5382 Θεὸς
1469 5322 1615 5394 ἡμῶν
1637 5318 1845 5381 Ἰησοῦς
1862 5324 2095 5395 Χριστὸς

444 5416 472 5469 ὁ
501 5416 779 5489 μονογενὴς
798 5415 920 5475 Υἱὸς
938 5419 1031 5465 τοῦ
1057 5417 1192 5466 Θεοῦ
1218 5411 1430 5478 ζῶντος,
1462 5414 1573 5467 etc.
1604 5409 1701 5466 Ita
1724 5410 1879 5466 enim
1895 5410 2095 5468 Domi-

444 5520 561 5564 nus
589 5504 715 5575 ipse
733 5508 790 5560 et
808 5503 968 5559 Deus
989 5506 1193 5559 noster
1216 5502 1393 5557 Jesus
1417 5500 1715 5569 Christus,
1746 5500 2093 5572 unigenitus

516 5595 565 5632 ⁸²
590 5592 636 5651 ll
664 5594 803 5653 Cor.
835 5607 917 5657 vx,
951 5594 1038 5650 17.
1065 5592 1115 5628 ⁸⁸
1142 5588 1338 5649 Galat.
1386 5606 1471 5661 v.,
1493 5593 1547 5650 6.

2213 4528 2358 4584 ergo
2384 4518 2594 4570 auctOr
2613 4512 2819 4569 scribit
2838 4512 3057 4584 (p.660)
3082 4529 3095 4567 :
3140 4513 3325 4575 Καθὼς
3355 4508 3495 4564 εἶπεν
3521 4511 3677 4573 αὐτὸς
3706 4512 3732 4562 ὀ
3764 4514 3873 4563 K13-

2213 4623 2322 4678 ριος
2343 4606 2487 4676 ἡμῶν
2535 4602 2743 4664 Ἰησοῦς
2784 4604 3017 4674 Χριστὸς
3047 4603 3072 4653 ὁ
3115 4605 3391 4673 μονογενὴς
3433 4603 3552 4663 Υἱὸς
3594 4607 3685 4652 τοῦ
3728 4606 3869 4653 Θεοῦ

2213 4701 2304 4747 τοῦ
2327 4693 2536 4755 ζῶντος·
2561 4693 2827 4765 Μακάριοι
2840 4693 2888 4743 οἱ
2908 4699 3194 4753 πεινῶντες.
3218 4692 3388 4749 Sicut
3416 4692 3542 4760 ipse
3567 4690 3869 4745 Dominus

2212 4788 2417 4839 noster
2443 4783 2614 4838 Jesus
2638 4779 2911 4836 Christus
2941 4781 3286 4851 unigenitus
3319 4781 3434 4836 Dei
3455 4779 3711 4836 viventis
3756 4777 3873 4833 Fi-

2215 4873 2331 4929 lius
2360 4871 2555 4929 dixit:
2581 4892 2609 4919 «
2644 4870 2824 4926 Beati
2852 4870 2956 4942 qui
2979 4871 3275 4936 esuriant,
3304 4890 3332 4919 »
3366 4873 3491 4925 etc.‘
3508 4871 3731 4924 Rursus
3774 4867 3866 4939 (p.

2212 4962 2371 5034 671):
2411 4961 2589 5029 Δῆλον,
2624 4960 2704 5012 ὃτι
2732 4980 2821 5012 χαι
2850 4962 3021 5013 πάντα
3044 4959 3424 5034 ἀσφαλέστερον
3482 4954 3863 5029 παιδευόμεθα,

2207 5055 2608 5127 μνημονεύοντες
2650 5050 2810 5103 αὑτοῦ
2839 5058 2931 5102 τοῦ
2964 5055 3157 5125 Κυρίου
3202 5051 3346 5121 ἡμῶν
3391 5048 3569 5107 Ἰησοῦ
3626 5055 3870 5121 Χριστοῦ

2206 5149 2301 5195 τοῦ
2376 5147 2677 5215 μονογενοῦς
2748 5143 2870 5192 Υἱοῦ
2935 5146 3026 5191 τοῦ
3085 5145 3220 5191 Θεοῦ
3283 5146 3375 5190 τοῦ
3436 5138 3647 5201 ζῶντος,
3706 5137 3871 5191 ἡνίκα

2207 5231 2448 5293 Ἰωάννης
2522 5232 2547 5282 ὁ
2635 5233 2935 5292 Βαπτιστὴς
3015 5224 3147 5281 εἶπεν
3230 5227 3388 5298 αὐτῷ·
3474 5226 3603 5297 Ἐγὼ
3672 5229 3867 5297 χρείαν

2207 5323 2317 5394 ἔχω
2368 5322 2468 5373 ὑπὸ
2533 5326 2628 5372 σοῦ
2683 5317 3062 5391 βαπσιοθῆναι,
3115 5321 3203 5368 καὶ
3271 5318 3337 5367 σὺ
3395 5318 3529 5388 ἔρχῃ
3591 5316 3719 5387 πρὸς
3772 5318 3867 5385 μέ-

2205 5409 2635 5485 ἆποκριναμένου,
2688 5408 2768 5460 ὃτι
2810 5406 2965 5479 "Agis;
3012 5408 3152 5480 ἄρτι,
3183 5409 3294 5462 etc.
3326 5405 3727 5474 Perspicuum
3772 5409 3869 5459 est

2201 5503 2411 5561 omnia
2431 5501 2609 5558 etiam
2629 5514 2667 5557 a
2685 5498 2855 5555 nobis
2876 5498 3096 5555 certius
3116 5497 3289 5565 disci,
3312 5498 3366 5553 si
3384 5497 3568 5567 ipsius
3611 5494 3865 5572 Domini
