4058 6192
214 213 312 268 149

1814 208 2199 268 PREFATIO.

3549 218 3652 274 150

208 339 406 392 nostri
427 338 578 395 Jesu
611 338 842 397 Christi
885 343 1187 414 unigeniti
1208 344 1355 400 Filii
1377 344 1490 400 Dei
1511 341 1637 399 vivi
1661 354 1876 396 memo-
1905 342 1953 390 A
1990 334 2323 392 dictionum
2350 337 2768 411 repetitionem
2790 340 3153 412 perpetuam
3168 339 3229 395 in
3257 337 3351 395 his
3369 337 3540 398 libris
3560 355 3650 397 re-

207 441 298 481 res
321 428 537 493 simus,
572 430 680 501 qui
719 445 854 487 cum
902 432 1167 488 Joannes
1196 434 1480 502 Baptista
1508 432 1565 488 ei
1590 431 1880 487 dixisset:

209 534 233 558 ι
257 517 417 571 Μϋιί
462 534 619 587 opus
646 526 729 575 est
761 526 829 576 ut
870 522 980 577 abs
1022 528 1079 579 te
1107 523 1391 593 baptizer,
1424 529 1478 580 et
1510 529 1575 578 tu
1606 522 1768 580 venis
1798 520 1880 578 ad

204 621 313 674 me,
338 629 368 654 ιι
415 610 757 677 respondit,
790 632 819 658 ‹‹
841 611 989 668 Sine
1023 612 1196 668 modo
1215 614 1284 680 ⁵⁸,
1318 640 1331 663 ε
1380 616 1489 669 etc.
1536 613 1747 670 Statim
1777 616 1868 685 (p.

202 696 352 759 671),
382 703 493 748 Τοῦ
522 704 723 773 Κυρίου
754 701 901 773 ἡμῶν
949 700 1123 759 Ἰησοῦ
1172 710 1405 776 Χριστοῦ
1450 710 1542 755 τοῦ
1572 710 1877 776 μονογενοῦς

202 788 323 838 Tini
373 795 471 838 τοῦ
526 796 686 858 Θεοῦ,
722 786 793 842 δι’
821 791 884 843 οὔ
926 795 992 844 τὰ
1018 795 1189 846 πάντα
1234 792 1428 866 ἐγένετο
1476 795 1639 867 ὁρατά
1684 813 1739 846 τι
1785 800 1877 848 καὶ

203 872 422 947 ἀόρατα,
482 877 866 951 ὁμολογοῦντος
918 885 1034 954 μέυ,
1090 885 1171 934 ὅτι
1228 883 1332 935 Οῦν
1384 880 1703 947 ἀπεστάλην,
1762 887 1873 939 etc.

202 966 350 1022 Cum
402 969 709 1026 Dominus
756 978 958 1029 noster
995 975 1161 1030 Jesus
1207 974 1487 1031 Christus
1534 976 1877 1045 unigenitus

200 1056 293 1111 Dei
310 1057 547 1127 Filius,
578 1076 693 1129 per
715 1077 887 1133 quem
917 1065 1119 1121 omnia
1143 1066 1318 1135 facta
1349 1071 1491 1122 sunt
1528 1072 1582 1122 et
1616 1066 1879 1122 visibilia

195 1151 245 1200 et
272 1147 630 1205 invisibilia
662 1152 1040 1219 conﬁteatur,
1070 1175 1098 1203 ‹‹
1119 1155 1257 1211 Νοη
1282 1171 1413 1211 sum
1443 1157 1680 1220 missus,
1702 1178 1730 1205 »
1763 1160 1873 1212 etc-

192 1236 395 1308 Neque
442 1236 657 1294 solum
704 1239 983 1312 scriptor,
1017 1257 1155 1298 cum
1200 1243 1506 1300 Christum
1553 1244 1874 1301 Dominum

190 1320 554 1396 loquentem
612 1327 868 1394 inducit,
920 1330 1140 1401 majori
1194 1333 1517 1390 verborum
1572 1340 1877 1408 apparatu

186 1413 391 1482 utitur,
419 1431 621 1488 quam
656 1418 907 1474 Basilius
937 1420 1162 1478 soleat:
1190 1422 1297 1479 sed
1326 1422 1489 1480 idem
1520 1425 1700 1481 etiam
1730 1414 1875 1482 iacit

186 1518 322 1558 cum
351 1505 715 1576 apostolum
746 1508 996 1565 Paulum
1023 1509 1253 1568 laudat.
1286 1515 1355 1569 Et
1374 1513 1667 1586 quoniam
1693 1531 1853 1588 pauc
1888 1568 1895 1579 η

187 1597 346 1659 sunt,
379 1591 825 1666 qui‘ejusmodi
849 1597 983 1655 loca
1012 1600 1073 1654 in
1104 1599 1249 1672 ipsis
1276 1600 1546 1658 fontibus
1575 1603 1868 1677 quaerant‘

1987 425 2197 498 periri;
2228 443 2418 501 quam
2449 429 2497 484 si
2527 428 2664 501 quis
2691 427 2969 500 scriptori
2995 428 3142 484 vitio
3173 428 3319 485 dare
3344 428 3529 500 nolet,
3560 436 3651 487 ta-

1986 531 2149 583 men,
2177 516 2226 573 si
2254 533 2544 588 germana
2571 517 2765 574 Basilii
2794 518 3019 590 scripta
3040 518 3221 591 paulo
3250 519 3534 576 attentius
3562 519 3649 575 le-

1987 610 2110 678 gat,
2135 622 2259 662 non
2280 612 2645 678 negaturum
2672 622 2869 680 spero,
2902 606 2967 663 id
2992 613 3209 679 praeter
3237 608 3370 679 ejus
3400 624 3651 666 censue.

1985 697 2257 753 tudinem
2284 698 2513 755 factum
2533 714 2682 754 esse.
2701 697 2836 753 Mihi
2863 712 3003 753 cum
3022 698 3134 754 hos
3154 698 3341 756 libros
3361 699 3647 771 legerem,

1985 785 2049 842 in
2079 792 2343 843 mentem
2372 788 2533 844 venit
2562 787 2919 859 scriptorem
2947 787 3209 845 veritum
3240 804 3392 858 esse,
3419 806 3496 845 ne
3523 810 3648 844 ταυ-

1987 876 2227 948 τολογίας
2248 878 2462 934 vitium
2494 877 2608 933 sibi
2646 876 3030 948 objiceretur,
3062 877 3141 933 ob
3171 878 3354 951 idque
3379 879 3650 951 Apostoli

1987 964 2266 1038 exemplo
2288 981 2350 1021 se
2370 980 2661 1021 excusare
2682 964 2966 1022 voluisse.
2982 965 3075 1023 Sic
3091 964 3252 1021 enim
3270 966 3643 1040 scribit(pag.

1988 1056 2151 1125 639):
2185 1050 2358 1116 Εἰδὼς
2404 1051 2464 1106 δὲ
2490 1055 2516 1106 ὀ
2552 1053 2868 1116 ’Λπόστολος
2916 1056 2995 1107 ὅτι
3032 1054 3347 1127 ταυτολογία
3383 1055 3647 1129 ὠφελιμω-

1986 1147 2110 1216 τέρα
2138 1142 2252 1196 ἐστὶ
2278 1150 2388 1206 τοῖς
2418 1143 2673 1196 ἀκούουσι
2700 1147 2833 1217 πρὸς
2862 1148 2957 1202 τὴν
2989 1143 3291 1217 ἀσφάλειαν,
3319 1150 3410 1199 καὶ
3432 1143 3645 1218 βεϐαιο-

1984 1237 2135 1307 τέραν
2175 1231 2377 1306 ἐμποιεῖ
2395 1228 2490 1285 διὰ
2512 1242 2608 1295 τῆς
2630 1231 2996 1305 ἐπαναλήψεως
3020 1241 3120 1296 τῶς
3153 1234 3318 1287 αὐτῶν
3338 1239 3432 1293 τὴν
3451 1232 3645 1307 πληρο-

1984 1328 2164 1397 φορίαν
2229 1332 2324 1384 τῆς
2373 1322 2639 1385 ἀληθείας.
2685 1323 2835 1379 Cum
2892 1329 3093 1381 autem
3149 1325 3473 1394 Apostolus
3520 1339 3643 1381 non

1982 1414 2295 1483 ignoraret
2323 1415 2735 1483 repetitionem
2782 1414 3168 1471 audientibus
3215 1415 3297 1470 ad
3341 1416 3644 1485 integram

1984 1504 2501 1573 conﬁrmationem
2529 1505 2734 1560 utilem
2763 1519 2905 1572 esse,
2927 1505 3106 1561 etiam
3129 1504 3336 1561 iisdem
3363 1506 3538 1561 rebus
3554 1519 3644 1562 re-

1974 1594 2180 1662 petitis
2194 1595 2465 1649 neritatis
2471 1595 2913 1663 persuasionem
2927 1595 3120 1663 magis
3134 1593 3650 1661 stabilit.Videant

186 1696 254 1735 ea
283 1681 389 1738 hic
420 1686 875 1743 conscribenda
895 1704 1029 1745 esse
1054 1689 1341 1760 judicavi.
1368 1695 1452 1748 lta
1484 1693 1666 1763 igitur
1694 1694 1850 1753 alicu

1985 1683 2223 1749 eruditi,
2256 1683 2305 1737 si
2333 1684 2641 1755 ejusmodi
2669 1683 2978 1741 excusatio
3002 1682 3358 1757 accipienda
3379 1683 3475 1741 sit.

187 1769 243 1825 bi
268 1771 333 1826 in
358 1772 463 1869 his:
487 1773 673 1869 libris
704 1775 924 1869 legitur
950 1784 1040 1851 (p.
1071 1781 1195 1852 623)
1223 1798 1236 1835 :
1270 1789 1544 1869 Μαρτυρεί
1572 1782 1630 1837 δὲ
1655 1792 1746 1838 καὶ
1773 1788 1798 1839 ὁ
1829 1778 1877 1869 ﬁ;

188 1867 408 1932 Χριστῷ
446 1862 623 1915 λαλῶν
649 1864 868 1927 Παῦλος,
892 1867 1101 1941 γράψας
1125 1886 1138 1899 °
1189 1876 1232 1921 0
1265 1866 1323 1923 δὲ
1356 1867 1561 1937 δοῦλος,
1592 1878 1702 1931 etc.
1745 1862 1875 1933 Tes:

188 1954 361 2004 tatur
388 1952 506 2008 hoc
535 1954 689 2009 idem
731 1960 785 2011 et
809 1958 916 2027 qui
945 1959 1007 2013 in
1051 1958 1292 2016 Christo
1327 1961 1687 2033 loquebatur
1714 1965 1875 2022 Pau-

188 2040 299 2096 lus.
329 2056 471 2096 cum
496 2044 754 2101 scribit:
784 2068 811 2095 ‹‹
839 2047 956 2114 Qui
975 2063 1111 2104 vero
1144 2065 1422 2112 servus,»
1449 2057 1559 2108 etc.
1590 2053 1875 2127 Aliquan-

184 2132 245 2182 to
272 2129 438 2186 infra
464 2134 556 2204 (p.
589 2136 756 2201 631):
792 2136 997 2200 Παῦλος
1029 2134 1132 2191 δὲό
1163 2139 1547 2204 άπὸστολος.·..
1581 2141 1627 2194 ἐν
1657 2153 1873 2219 Χριστῷ

184 2216 350 2269 hie-ra
385 2218 906 2298 διαμαρτύρεται...
937 2230 1061 2280 ποτὲ
1113 2232 1202 2301 μὲν
1251 2229 1405 2281 εἰπὼν
1462 2231 1758 2304 ὁριστίκῶς,
1793 2236 1871 2296 ὅτι

186 2310 249 2359 οἱ
303 2313 376 2362 τὰ
420 2320 671 2381 τοιαῦτα,
722 2313 831 2370 etc.
895 2318 1131 2373 Paulus
1186 2335 1324 2376 vero
1376 2324 1752 2390 apostolus...
1806 2325 1869 2380 in

186 2398 433 2455 Christo
490 2403 736 2474 loquens
776 2406 1053 2463 declarat
1107 2424 1244 2465 ea...
1274 2411 1450 2465 modo
1491 2427 1623 2468 cum
1670 2414 1868 2469 minus

186 2488 309 2543 late
338 2490 507 2545 dixit
533 2507 557 2547 .'
587 2514 615 2540 τ(
644 2492 757 2559 Οιιί
786 2496 960 2560 talia,
986 2516 1016 2548 ›
1044 2503 1158 2552 etc.
1188 2498 1359 2574 Haud
1380 2499 1560 2568 longe
1588 2503 1671 2574 (p.
1693 2504 1822 2562 634)
1850 2510 1863 2548 ε

186 2577 393 2638 Παῦλος
423 2587 453 2629 ὃ
488 2578 538 2631 ἒν
570 2589 785 2654 Χριστῷ
813 2583 999 2651 λαλῶν,
1034 2572 1367 2659 δογματικῶς
1392 2587 1756 2663 παραδίδωσι,
1779 2591 1865 2645 λέ·-

186 2685 325 2735 γιηο
364 2668 425 2721 Ἢ
480 2668 732 2740 ἀγνοεῖτε,
760 2677 873 2729 etc.
915 2676 1150 2730 Paulus
1190 2679 1252 2732 in
1302 2677 1541 2734 Christo
1591 2682 1860 2752 loquens,

186 2758 429 2812 modum
458 2759 814 2817 decretoriis
859 2763 951 2818 his
982 2764 1170 2822 verbis
1197 2767 1410 2833 tradit,
1439 2790 1466 2817 «
1490 2770 1587 2824 An
1621 2772 1861 2840 ignora-

187 2847 281 2902 tis.
311 2870 339 2895 »
369 2852 488 2903 etc.
526 2851 644 2903 Nec
669 2850 749 2906 ita
787 2851 977 2907 multo
1010 2860 1144 2925 post
1175 2856 1256 2928 (p.
1282 2858 1410 2927 646)
1437 2875 1450 2912 :
1480 2859 1650 2912 Αὐτοῦ
1680 2869 1773 2912 τοῦ
1809 2861 1859 2913 ἐν

188 2943 403 3007 Χριστῷ
432 2937 711 3002 λαλοὸντος
748 2941 954 2994 Παύλου
981 2952 1073 2996 τοῦ
1104 2946 1418 3015 ἀποστόλου,
1443 2948 1674 3011 sin-curo;
1694 2972 1707 2984 υ
1742 2950 1856 3004 Ἐάν

2059 1778 2148 1828 57.
2183 1774 2472 1846 Superest
2497 1773 2665 1829 aliud
2685 1776 3137 1843 argumentum,
3161 1773 3329 1846 quod
3359 1778 3417 1832 et
3442 1774 3646 1848 ipsum

1985 1877 2231 1935 quoque
2242 1879 2273 1918 e
2285 1864 2516 1920 ratione
2525 1864 2725 1920 citand
2735 1880 2909 1921 arum
2927 1864 3366 1935 Scripturarum
3378 1880 3619 1922 sumam
3628 1907 3644 1925 .

1985 1956 2221 2011 Monere
2267 1954 2447 2025 igitur
2494 1969 2693 2027 operai
2742 1953 3004 2026 pretium
3051 1956 3158 2022 est,
3186 1953 3345 2009 hanc
3387 1953 3644 2013 citandee

1987 2043 2304 2115 Scriptura:
2335 2042 2681 2107 formulam,
2712 2042 2764 2095 ἐν
2792 2052 2865 2115 τῷ
2895 2042 3073 2110 εἰπεῖν,
3102 2041 3151 2095 ἐν
3179 2050 3252 2113 τῷ
3280 2062 3515 2116 γραφειν,
3540 2048 3646 2101 aut

1983 2131 2209 2188 similes
2255 2132 2559 2205 quasdam
2604 2133 2825 2188 horum
2870 2131 3168 2188 librorum
3213 2131 3445 2189 auctori
3491 2149 3646 2191 unas

1982 2221 2261 2278 omnium
2303 2222 2486 2277 fuisse
2527 2221 3057 2289 familiarissimas,
3085 2237 3309 2294 easque
3339 2221 3414 2291 ei,
3448 2222 3497 2278 si
3521 2238 3647 2296 qua

1981 2310 2121 2379 alia,
2143 2311 2322 2368 valde
2347 2311 2684 2368 admodum
2712 2311 3034 2384 placuisse.
3050 2311 3227 2369 Multa
3247 2312 3497 2385 quidem
3511 2314 3644 2384 ejus

1979 2402 2066 2459 rei
2094 2402 2373 2475 exempla
2401 2402 2686 2461 addicam
2731 2403 2794 2459 in
2823 2403 3114 2468 medium,
3148 2402 3256 2458 sed
3300 2402 3385 2460 ita
3414 2407 3644 2473 tamen,

1977 2499 2043 2550 ut
2068 2508 2140 2550 ea
2169 2509 2360 2565 quam
2401 2494 2753 2555 brevissime
2783 2498 2995 2566 potero
3025 2493 3303 2550 referam.
3337 2494 3430 2551 Sic
3460 2494 3642 2564 igitur

1976 2588 2188 2639 auctor
2223 2583 2449 2640 alicubi
2507 2586 2667 2656 (pag.
2723 2587 2848 2655 625)
2894 2582 3141 2639 scribit:
3201 2582 3279 2637 Ἐν
3326 2592 3399 2655 τῷ
3444 2583 3642 2638 εἰπεῖν·

1976 2679 2020 2725 Ο
2050 2682 2213 2725 ποιῶν
2242 2679 2341 2731 τὴν
2378 2674 2660 2746 ἁμαρτιαν,
2694 2677 2836 2741 etc.,
2864 2688 2997 2729 cum
3026 2672 3179 2729 dixit
3206 2688 3220 2728 :
3274 2695 3301 2723 ‹‹
3331 2674 3449 2741 Qui
3486 2673 3647 2743 facit

1983 2769 2317 2831 peccatum,
2343 2785 2372 2813 »
2420 2768 2529 2820 etc.
2566 2763 2658 2821 Sic
2693 2762 3080 2837 persequitur
3124 2764 3211 2835 (p.
3241 2762 3410 2831 626):
3461 2769 3526 2817 Εν
3572 2771 3646 2834 τῷ

1985 2853 2177 2905 εἰπεῖν·
2224 2853 2562 2929 Ταλαίπωρος
2607 2853 2729 2926 ἐγώ,
2761 2858 2897 2921 etc.,
2941 2870 3077 2910 cum
3122 2854 3308 2910 dicit:
3363 2854 3643 2924 «Infelix

1977 2957 2141 3012 ego,»
2174 2947 2284 2999 etc.
2316 2942 2443 2999 Alio
2478 2943 2615 2999 loco
2648 2947 2860 3016 (p.630
2903 2944 3011 3010 bis)
3048 2942 3310 3014 loquitur
3350 2943 3466 2999 hoc
3513 2958 3645 2998 mo-

190 3033 299 3085 τςιῑς
349 3025 651 3096 γλώσσαις,
684 3033 793 3084 etc.
846 3032 995 3087 Cum
1038 3034 1273 3090 Paulus
1302 3039 1609 3104 apostolus
1639 3041 1745 3110 qui
1791 3042 1850 3096 in

1972 3032 2089 3088 do:
2125 3033 2202 3086 Ἐν
2232 3042 2304 3104 τῷ
2344 3034 2499 3086 εἰπεῖν
2524 3071 2537 3084 .
2584 3041 2685 3086 Τοῦ
2728 3036 2865 3106 ἱεροῦ
2908 3033 3084 3106 μιὶζον
3128 3030 3250 3099 ὦδε,
3283 3033 3376 3089 his
3418 3033 3638 3102 verbis,

189 3112 431 3169 Christo
455 3116 833 3186 loquebatur.
866 3122 1074 3178 dicat:
1106 3145 1134 3171 ‹‹
1154 3123 1223 3178 Si
1246 3125 1494 3194 linguis,
1516 3147 1544 3175 »
1565 3130 1675 3182 etc.
1699 3127 1853 3185 Alibi

192 3208 348 3273 (pag.
373 3206 547 3265 665):
581 3212 681 3259 Καὶ
712 3207 914 3271 Παῦλος
959 3206 1018 3263 δὲ
1059 3211 1084 3262 ὁ
1134 3210 1423 3275 ἀπόστολος
1465 3216 1491 3266 ὀ
1540 3214 1588 3267 ἐν
1636 3224 1851 3291 Χριστῷ

186 3288 346 3342 λαλῶν
376 3313 545 3364 φησιν
571 3316 584 3328 -
621 3299 733 3348 Εἴτε
764 3296 978 3363 ἐσθίετε,
999 3304 1111 3356 etc.
1154 3301 1231 3356 Et
1252 3317 1422 3373 quem
1454 3288 1847 3376 Paulus'apov-

185 3382 367 3436 stolas
422 3384 494 3437 in
545 3383 786 3441 Christo
836 3388 1081 3458 loquens
1130 3391 1407 3460 tradidit,
1459 3409 1590 3451 cum
1650 3395 1844 3452 dixit:

185 3491 211 3515 ε
240 3471 381 3527 Sive
404 3473 822 3539 mantlucatis,
852 3499 878 3525 »
911 3483 1022 3533 etc.
1054 3481 1278 3534 Rursus
1314 3484 1396 3553 (p.
1427 3484 1589 3552 668):
1620 3482 1709 3546 Ὠς
1739 3487 1764 3537 ὁ
1795 3486 1844 3538 ἐν

186 3566 393 3632 Χριστῷ
423 3562 598 3614 λαλῶν
645 3564 849 3628 Παῦλος
875 3569 1151 3643 ὁριστικῶς
1189 3568 1503 3642 ἀπεφήνατο,
1534 3574 1692 3647 λέγων
1716 3590 1730 3606 ·
1756 3578 1840 3636 Μὴ

188 3659 604 3719 τηισι-ιωνείτε,
633 3658 744 3708 etc.
799 3657 903 3712 Uti
927 3658 1159 3714 Paulus
1211 3661 1273 3715 in
1324 3662 1555 3718 Christo
1598 3666 1843 3737 loquens

183 3739 421 3807 deﬁnite
448 3745 895 3816 pronuntiavit,
932 3747 1036 3802 ubi
1062 3748 1222 3804 dixit
1246 3765 1267 3804 .'
1314 3752 1561 3809 «Nolite
1589 3769 1844 3810 commu-

180 3831 400 3920 nicare,
424 3853 452 3879 ο
490 3836 613 3888 etc.
647 3838 868 3890 Auctor
894 3836 1111 3893 alicubi
1143 3841 1226 3911 (p.
1260 3841 1388 3900 639)
1418 3858 1528 3914 pro
1550 3842 1598 3895 ἐν
1625 3852 1841 3920 Χριστῷ

178 3916 456 3982 λαλοῦντος
505 3921 767 3994 scripsit,
818 3924 869 3976 ἐν
921 3933 1135 3999 Χριστῷ
1176 3934 1606 4002 προφητεύοντος.
1655 3916 1841 3991 Velim

176 4006 457 4078 legantur
502 4009 828 4080 diligenter
878 4015 1069 4071 Basilii
1116 4017 1354 4088 Regula;
1400 4023 1524 4077 tam
1575 4022 1840 4094 majores

173 4111 353 4167 quam
384 4096 742 4154 breviores:
773 4100 834 4156 in
865 4102 1114 4175 quibus,
1146 4105 1259 4161 nisi
1292 4106 1466 4164 valde
1497 4108 1688 4181 fallor,
1711 4111 1839 4167 haec

170 4182 409 4255 longior
439 4186 675 4242 citandi
707 4189 881 4257 ratio,
917 4192 1119 4254 Παῦλος
1147 4194 1174 4247 ὁ
1215 4195 1263 4246 ἒν
1296 4205 1506 4270 Χριστῷ
1535 4198 1719 4267 λαλῶν,
1751 4219 1841 4259 se-

172 4273 281 4329 mel
298 4274 621 4332 duntaxat
646 4277 947 4336 invenitur
969 4282 1112 4353 (reg.
1146 4287 1236 4351 20,
1259 4300 1321 4340 n.
1342 4287 1399 4353 2)
1424 4301 1436 4350 ;
1470 4303 1608 4345 cum
1639 4292 1836 4349 tamen

1965 3144 1994 3171 ‹‹
2026 3123 2267 3191 Templo
2296 3123 2494 3192 magis
2515 3122 2756 3194 aliquid
2784 3121 2885 3177 hic
2915 3128 3022 3189 est,
3044 3140 3075 3174 ›
3106 3126 3219 3189 etc,
3254 3121 3484 3178 ibidem
3509 3141 3521 3178 :
3557 3123 3635 3176 Ἐν

1961 3220 2035 3282 τῷ
2066 3212 2242 3264 εἰπεῖν·
2274 3210 2297 3231 ⁷
2324 3220 2372 3263 Ω
2398 3214 2677 3285 παρέθεντο
2706 3210 2856 3278 πολύ,
2890 3215 3024 3281 etc.,
3060 3211 3167 3266 ubi
3217 3210 3378 3267 dixit
3401 3226 3424 3267 .⁶
3460 3234 3489 3262 ‹‹
3514 3211 3633 3268 Cui

1962 3301 2536 3359 commendaverunt
2563 3302 2894 3365 multum,»
2927 3304 3043 3357 etc.
3075 3301 3307 3357 Rursus
3335 3301 3424 3372 (p.
3457 3303 3631 3371 635):

1975 3400 2040 3446 Εν
2071 3402 2143 3464 τῷ
2173 3393 2350 3459 εἰπεῖν,
2374 3391 2432 3443 Ὀ
2455 3396 2608 3463 γνοὺς
2637 3394 2696 3442 τὸ
2725 3390 2941 3464 θέλημα,
2967 3394 3081 3447 etc.
3108 3406 3244 3447 cum
3264 3390 3434 3459 dicit,
3461 3412 3489 3441 ‹‹
3516 3390 3636 3457 Qui

1967 3485 2243 3552 cognovit
2273 3484 2668 3549 voluntatem,
2693 3503 2721 3531 »
2751 3485 2863 3547 etc,
2888 3480 3113 3536 Deinde
3145 3482 3228 3553 (p.
3259 3481 3421 3541 639):
3451 3478 3528 3533 Ἐν
3556 3487 3628 3550 τῷ

1955 3569 2139 3627 εἰπεῖν’
2167 3572 2225 3624 Ὀ
2275 3572 2389 3645 ἐμοὶ
2437 3568 2713 3637 διακονῶν,
2747 3574 2858 3625 etc.
2892 3584 3028 3625 cum
3071 3569 3238 3631 dicit,
3292 3590 3321 3618 «
3347 3569 3628 3639 Quisquis

1954 3661 2108 3718 mihi
2132 3662 2504 3717 ministrat.»
2554 3664 2667 3716 etc.
2701 3657 2884 3714 Paulo
2935 3662 3075 3729 post
3114 3660 3204 3729 (p.
3242 3661 3410 3725 640):
3444 3655 3522 3710 Ἐν
3552 3665 3625 3728 τῷ

1954 3751 2135 3804 εἰπεῖν·
2189 3750 2248 3804 Εἰ
2292 3752 2395 3824 γὰρ
2455 3752 2736 3823 σύμφυτοι,
2766 3752 2876 3804 etc.
2924 3763 3060 3803 cum
3109 3747 3277 3813 dicit,
3327 3745 3442 3802 «Si
3467 3746 3625 3802 enim

1953 3842 2413 3914 complantati,»
2445 3844 2558 3896 etc.
2590 3842 2740 3896 Tum
2782 3840 2866 3910 (p.
2902 3840 3056 3904 642):
3092 3835 3170 3889 Ἐν
3212 3844 3285 3908 τῷ
3333 3835 3512 3889 εἰπεῖν.
3544 3837 3623 3888 Τὰ

1950 3938 2051 4010 γὰρ
2085 3934 2284 4005 ὀψώνια
2309 3940 2404 3993 τῆς
2430 3933 2709 4003 ἁμαρτίας,
2739 3931 2850 3984 etc.
2876 3926 2969 3983 his
2990 3926 3184 3983 verbis
3208 3943 3222 3982 :
3249 3946 3278 3976 ι(
3301 3924 3619 3995 Stipendia

1951 4027 2106 4082 enim
2131 4024 2424 4093 peccati,»
2455 4024 2568 4077 etc.
2599 4022 2716 4075 Nec
2736 4018 2819 4074 ita
2839 4016 3030 4073 multo
3055 4015 3212 4072 infra
3231 4016 3315 4088 (p.
3344 4015 3473 4086 645)
3495 4032 3507 4070 :
3532 4012 3612 4067 Ἐν

1949 4125 2022 4187 τῷ
2054 4115 2210 4167 εἰπεῖν
2235 4134 2248 4147 ·
2300 4115 2466 4173 Αὐτὸς
2493 4111 2596 4185 γάρ
2645 4114 2785 4163 ἐστιν
2830 4108 2860 4166 ὴ
2893 4108 3064 4182 εἰρήνη
3106 4107 3272 4181 ἡμῶν,
3295 4110 3433 4169 etc.,
3467 4104 3613 4160 dum

1949 4204 2095 4260 dicit
2125 4221 2138 4258 :
2174 4223 2202 4253 «
2228 4203 2365 4271 Ipse
2393 4201 2551 4256 enim
2580 4204 2665 4255 est
2689 4213 2823 4268 pax
2841 4202 3073 4263 nostra,
3096 4216 3125 4245 »
3154 4200 3264 4252 etc.
3290 4193 3613 4265 Aliquanto

1946 4296 2086 4366 post
2136 4293 2219 4364 (p.
2278 4290 2452 4360 648):
2504 4289 2584 4342 Ἐν
2630 4296 2702 4360 τῷ
2766 4288 2959 4342 εἰπεῖν.
3010 4285 3088 4340 Ἐν
3266 4283 3454 4356 ἔχομεν
3518 4285 3612 4341 τὴν

173 4361 225 4417 in
252 4363 512 4459 lingulis
566 4380 598 4420 e
638 4366 801 4459 Pauli
841 4370 1117 4441 Epistolis
1157 4378 1441 4430 sexcenta
1494 4378 1834 4439 testimonia
1861 4405 1905 4459 ο
1946 4361 2325 4457 amurgam,
2360 4383 2496 4446 etc.,
2527 4378 2634 4434 ubi
2670 4376 2817 4433 dicit
2849 4392 2863 4431 :
2898 4396 2927 4426 «
2948 4375 3019 4430 In
3049 4389 3164 4446 quo
3196 4373 3486 4430 habemus
3509 4386 3604 4427 re-

168 4452 423 4541 proferri
439 4459 706 4512 constet.
732 4458 897 4514 Certe
918 4460 966 4513 si
991 4459 1152 4517 idem
1178 4468 1390 4519 auctor
1412 4480 1625 4523 omnes
1645 4471 1832 4541 Regu-

1944 4472 2361 4540 demptionem,
2387 4490 2416 4518 »
2449 4471 2561 4523 etc.
2602 4468 2737 4521 Mox
2762 4466 2845 4537 (p.
2877 4466 2980 4521 649
3013 4463 3161 4531 bis):
3204 4460 3284 4516 Ἐν
3308 4470 3381 4533 τῷ
3410 4460 3567 4514 εἰπεῖν
3591 4498 3606 4513 .

168 4540 247 4597 las
268 4549 331 4598 et
354 4542 526 4598 duos
559 4545 647 4601 De
667 4545 951 4616 baptismo
979 4548 1164 4605 libros
1189 4552 1545 4624 scripsisset.
1561 4540 1830 4617 futurum

166 4629 343 4687 fuisse
366 4638 549 4704 puto,
569 4637 636 4689 ut
665 4633 867 4692 habita
886 4638 1115 4694 ratione
1138 4640 1489 4711 prolixitatis
1518 4646 1829 4720 utriusque

166 4721 386 4791 operis,
420 4720 475 4776 is
503 4736 691 4793 quem
738 4723 862 4780 dixi
904 4726 1128 4782 citandi
1176 4730 1395 4786 modus
1425 4734 1829 4806 quinquagies

170 4808 219 4863 in
276 4810 534 4878 Regalis
588 4812 951 4883 reperiretur
1019 4818 1217 4888 Neque
1264 4818 1436 4875 facile
1473 4818 1827 4883 crediderim

170 4896 317 4954 idem
362 4898 522 4954 illud
552 4899 843 4972 loquendi
872 4918 1067 4965 genus
1110 4905 1482 4979 frequentius
1509 4912 1570 4967 in
1597 4915 1825 4970 caeteris

176 4988 357 5043 Basilii
388 4986 566 5043 libris
605 4988 922 5046 inventum
949 4991 1037 5047 iri.
1073 4994 1296 5051 Possim
1326 4997 1569 5068 quidem
1609 5004 1667 5057 et
1707 5003 1825 5061 alia

170 5073 287 5131 loca
326 5077 628 5146 indicare,
656 5079 881 5152 quibus
918 5082 1235 5139 ostendam
1285 5085 1653 5159 scriptorem,
1683 5108 1823 5150 cum

171 5165 409 5223 Joannis
443 5169 728 5240 Baptista:
760 5170 1127 5228 mentionem
1156 5173 1421 5247 haberet,
1452 5179 1586 5250 pari
1611 5182 1823 5240 verbo-

174 5271 291 5314 rum
309 5258 670 5314 circuitione
691 5273 878 5314 usum
897 5274 1028 5317 esse
1049 5262 1213 5334 (pag.
1241 5268 1365 5332 632,
1387 5268 1508 5339 638,
1534 5273 1690 5339 658);
1718 5275 1826 5332 sed

176 5361 237 5404 se
257 5348 500 5421 longior
526 5365 661 5405 esse
690 5349 946 5416 viderer,
975 5366 1048 5408 ea
1071 5353 1265 5409 sciens
1288 5356 1484 5413 omisi.
1504 5362 1586 5416 Ex
1602 5363 1825 5435 quibus

182 5439 442 5496 mnibus
492 5439 645 5497 satis
702 5438 898 5512 liquet
933 5440 1261 5499 multarum
1308 5449 1411 5502 aut
1448 5463 1670 5508 vocum
1724 5460 1833 5515 aut

237 5529 280 5564 ⁵⁸
306 5531 508 5589 Matth.
536 5546 626 5602 III,
664 5532 753 5596 14,
794 5534 879 5586 15.

1943 4563 2122 4613 Πάντα
2171 4565 2364 4612 ποιεῖτε
2419 4560 2591 4631 χωρὶς
2645 4561 2984 4628 γογγυσμῶν,
3044 4555 3181 4618 etc.,
3235 4550 3328 4606 his
3366 4549 3598 4607 verbis:

1942 4674 1970 4704 ‹‹
1998 4651 2212 4707 Omnia
2246 4649 2437 4719 facite
2474 4648 2607 4704 sine
2651 4643 3247 4712 murmurationibus,
3274 4664 3302 4692 »
3329 4644 3443 4697 etc.
3476 4639 3600 4695 Hoc

1936 4733 2071 4813 ipso
2114 4739 2176 4795 in
2203 4738 2340 4794 loco
2366 4756 2379 4793 :
2410 4736 2489 4791 Ἐν
2518 4744 2591 4809 τῷ
2621 4736 2797 4789 εἰπεῖν.
2838 4733 2986 4808 Ἐμὸν
3032 4732 3221 4807 βρῶμά
3268 4729 3428 4796 ἐστιν,
3457 4732 3595 4797 etc.,

1938 4831 2029 4887 his
2056 4828 2251 4887 verbis
2276 4846 2289 4884 :
2329 4848 2345 4878 ι
2377 4827 2559 4885 Cibus
2581 4841 2743 4883 meus
2763 4830 2870 4893 est,
2896 4847 2924 4874 »
2957 4827 3067 4879 etc.
3103 4820 3411 4890 Statim(p.
3438 4816 3592 4884 650):

1944 4926 2008 4974 Εν
2038 4927 2110 4990 τῷ
2140 4917 2317 4974 εἰπεῖν.
2348 4925 2407 4970 ‘H
2438 4917 2573 4991 ἁγάρ
2595 4934 2773 4988 αγαπη
2804 4921 2898 4967 τοῦ
2937 4918 3172 4988 Χριστοῦ
3195 4910 3408 4978 συνέχει
3431 4910 3589 4976 ἡμᾶς,

1944 5024 2060 5081 quo
2111 5009 2299 5065 dicit:
2367 5007 2703 5064 «Charitas
2746 5006 2901 5062 enim
2956 5000 3187 5058 Christi
3233 4993 3595 5064 constringit

1932 5114 2061 5155 nos.
2091 5119 2110 5151 ι
2165 5096 2419 5154 Inferius
2475 5097 2557 5168 (p.
2606 5096 2764 5166 657):
2798 5093 2876 5147 Ἐν
2923 5099 2995 5163 τῷ
3047 5089 3226 5151 εἰπεῖν,
3277 5085 3357 5137 ὅτι
3411 5086 3519 5145 Πᾶς
3564 5083 3591 5133 ὸ

1936 5187 2157 5262 βλέπων,
2192 5191 2304 5243 etc.
2316 5228 2333 5257 ,
2354 5202 2485 5242 cum
2523 5185 2702 5242 dicit:
2756 5181 3005 5239 «Omnis
3055 5178 3163 5249 qui
3208 5173 3390 5241 videt,
3413 5193 3441 5223 »
3474 5175 3587 5228 etc.

1934 5276 2107 5334 Haud
2136 5278 2217 5333 ita
2237 5278 2413 5345 longe
2438 5275 2525 5346 (p.
2557 5278 2652 5329 661
2693 5272 2798 5343 bis)
2825 5289 2839 5340 ;
2878 5270 2957 5323 Ἐν
2982 5278 3054 5341 τῷ
3092 5266 3267 5320 εἰπεῖν·
3308 5263 3586 5337 Μακάριος

1934 5369 1961 5421 ὁ
2007 5364 2191 5427 δοῦλος
2235 5364 2440 5432 ἐκεῖνος,
2473 5366 2611 5428 etc.,
2639 5362 2733 5419 his
2779 5359 3012 5421 verbis:
3060 5357 3339 5414 «Beatus
3386 5365 3594 5410 servus

1933 5458 2062 5529 ille,
2084 5480 2114 5510 ››
2145 5460 2255 5516 eto.
2285 5460 2348 5513 In
2383 5454 2599 5515 eadem
2640 5453 2904 5530 pagina:
2934 5454 3012 5511 Ἐν
3050 5462 3123 5529 τῷ
3153 5452 3329 5507 εἰπεῖν.
3360 5446 3432 5509 'H
3463 5444 3523 5498 οὗ
3546 5447 3581 5477 ’⁸
