4058 6192
458 245 554 302 151

1980 243 2364 300 ΡΒιΕΕΑΤΙΟ.

3785 247 3897 298 152

458 371 590 430 αὐτὴ
643 369 674 430 ἡ
723 371 898 444 φύσις,
951 386 1085 428 cum
1133 371 1314 439 dixit,
1349 392 1377 421 ‹‹
1400 371 1625 427 Annon
1650 374 1878 426 natura
1905 368 2062 439 ipsa,
2086 390 2114 418 »

2234 388 2392 441 ματος
2441 369 2510 431 εἰς
2559 372 2754 429 πάντας
2804 367 3104 440 ἀνθρώπους
3141 367 3211 429 εἰς
3243 364 3521 419 δικαίωσιν
3554 367 3713 433 ζωῆς,
3745 382 3894 438 quae

1438 477 1450 489 ο
1475 459 1486 474 ῒ

456 465 567 517 etc.
595 463 662 516 1n
687 459 960 533 sequenti
985 461 1150 534 (pag.
1179 464 1282 516 662
1303 460 1450 531 ter):
1475 459 1554 512 Ἐν
1575 469 1647 531 τῷ
1671 459 1925 534 εἰρηκέναι
1943 472 1958 488 υ
1985 461 2117 510 Οὔτε

458 548 506 602 ἐν
526 549 884 624 Ἰερουσαλὴμ,
921 553 1036 602 οὔτε
1061 549 1109 601 ἐν
1140 559 1212 621 τῷ
1251 550 1356 622 ὄρει
1385 552 1570 620 τούτῳ,
1596 554 1686 605 etc
1717 592 1730 616 ,
1762 548 1854 604 his
1879 546 2112 604 verbis:

459 659 489 688 «
516 639 719 710 Neque
741 639 804 694 in
829 640 1241 708 Jerosolymis,
1260 653 1452 710 neque
1480 640 1544 694 in
1573 643 1771 694 monte
1795 637 1926 706 hoc,
1953 658 1980 684 ‹‹
2004 639 2116 693 etc.

459 726 690 784 Ibidem
718 729 804 800 (p.
827 730 952 792 666)
975 745 987 783 :
1022 734 1086 779 Εν
1116 737 1188 799 τῷ
1215 727 1375 799 λέγειν
1401 731 1530 801 πρὸς
1559 730 1756 789 πάντας
1788 731 1877 800 μέν
1904 743 1915 755 °
1947 732 2120 798 Παρα-

461 818 600 870 καλώ
651 815 709 871 δὲ
749 820 904 890 ὑμᾶς,
949 821 1085 889 etc.,
1119 834 1250 875 cum
1280 818 1426 874 dicit
1476 819 1559 874 ad
1611 834 1809 874 omnes
1841 817 2119 889 quidem:

462 929 491 957 «
526 908 776 964 Obsecro
820 913 1017 964 autem
1079 924 1260 976 vos,»
1308 911 1424 964 etc.
1481 910 1600 964 Hoc
1648 907 1784 980 ipso
1829 908 1893 962 in
1942 905 2114 962 loco:

461 985 538 1049 Ἐν
562 1006 633 1067 τῷ
662 996 822 1069 λέγειν
851 1019 863 1032 ·
892 1001 1035 1070 Λέγω
1073 1000 1172 1072 γὰρ
1206 994 1299 1050 διὰ
1320 1007 1414 1060 τῆς
1441 1000 1684 1070 χάριτος,
1710 1001 1823 1053 etc.
1855 996 1956 1052 ubi
1990 997 2119 1053 ait:

464 1107 492 1134 «
520 1087 666 1143 Dico
706 1089 863 1144 enim
905 1103 1017 1158 per
1039 1088 1328 1159 gratiam,
1352 1091 1464 1144 etc.
1496 1087 1794 1160 Denique:
1835 1085 1911 1139 Ἐν
1942 1095 2013 1157 τῷ
2043 1089 2113 1158 μὴ

465 1183 643 1249 εἰπεῖν,
690 1180 877 1249 τούτῳ,
925 1175 1071 1244 ἀλλὰ,
1117 1185 1187 1247 τῷ
1241 1179 1478 1248 τοιούτῳ,
1521 1192 1656 1232 cum
1705 1193 1824 1232 non
1867 1177 2117 1242 dixerit,

465 1295 494 1323 ‹‹
522 1286 655 1327 cum
684 1269 814 1335 hoc,
840 1287 868 1316 »
897 1267 1002 1323 sed
1029 1289 1057 1317 «
1084 1282 1217 1322 cum
1240 1267 1378 1322 tali.
1411 1288 1440 1315 »
1473 1268 1555 1321 Ex
1584 1265 1809 1338 quibus
1837 1283 1874 1323 a
1901 1267 2119 1339 quovis

462 1358 714 1430 intelligi
743 1359 956 1430 potest,
984 1355 1152 1428 quod
1195 1355 1333 1424 dixi,
1365 1371 1402 1412 a
1430 1371 1527 1411 me
1571 1371 1698 1413 non
1745 1359 1962 1412 temere
1991 1355 2117 1413 dic-

464 1457 594 1510 tum
650 1450 872 1504 fuisse:
929 1447 1037 1502 sed
1091 1463 1154 1502 re
1206 1448 1340 1519 ipsa
1393 1446 1558 1504 illam
1621 1463 1810 1520 quam
1855 1447 2118 1505 iudicavi

469 1541 786 1611 Scripturae
805 1536 1060 1593 citandaa
1083 1535 1378 1593 rationem
1400 1537 1678 1608 scriptori
1700 1537 1955 1594 multum
1979 1537 2119 1594 arri-

467 1630 640 1686 sisse.
688 1626 938 1684 Basilius
990 1630 1191 1683 autem
1241 1625 1456 1682 eodem
1495 1626 1595 1683 illo
1625 1627 1865 1683 dicendi
1903 1643 2119 1697 genere

2227 457 2411 515 verba
2438 457 2793 531 perturbata
2810 472 2938 512 esse
2970 473 3110 512 cum
3131 455 3487 512 credidisset
3511 459 3679 512 vetus
3703 455 3893 512 inter-

2226 565 2388 622 pres,
2415 550 2498 606 ita
2527 550 2701 606 vertit
2742 549 2905 605 hunc
2933 549 3160 616 locum,
3192 552 3255 603 ut
3283 563 3500 603 vocum
3541 548 3892 602 Graecarum

2225 639 2500 696 ordinem
2521 655 2769 713 prorsus
2793 637 3130 695 mutaverit.
3168 637 3260 693 Sic
3280 637 3442 693 enim
3467 637 3894 708 interpretatus

2226 733 2345 786 est:
2379 730 2453 785 In
2482 745 2586 799 spe
2613 730 2749 785 vita:
2783 735 3020 784 aeternae
3054 743 3168 797 per
3199 729 3401 783 Jesum
3434 725 3740 781 Christum
3768 727 3889 780 Do-

2226 820 2455 876 minum
2504 825 2798 885 nostrum,
2832 835 2940 892 per
2977 819 3151 890 cujus
3190 817 3367 872 unius
3393 815 3890 887 justiﬁcationem

2223 908 2286 964 in
2339 924 2552 965 omnes
2597 909 2875 964 homines
2921 907 3002 964 ad
3044 906 3337 978 justitiam
3377 905 3535 971 vitae,
3581 905 3734 962 sicut
3776 920 3891 978 per

2227 998 2409 1054 unius
2441 998 2727 1053 delictum
2766 998 2829 1053 in
2859 1013 3070 1054 omnes
3109 995 3380 1053 homines
3411 995 3491 1050 ad
3520 994 3890 1050 condemna-

2227 1088 2477 1144 tionem.
2505 1091 2569 1142 In
2599 1103 2723 1160 quo
2755 1103 2866 1158 ego
2915 1103 3040 1143 non
3071 1084 3448 1159 reprehendo
3480 1084 3888 1156 interpretem,

2227 1177 2335 1234 sed
2364 1181 2672 1233 auctorem
2719 1176 2943 1250 potius,
2975 1176 3080 1249 qui
3122 1175 3250 1248 ipse
3293 1173 3458 1247 prior
3495 1172 3724 1246 aliquid
3769 1173 3892 1228 hoc

2225 1260 2360 1322 loco
2389 1265 2745 1337 pertubasse
2790 1266 2926 1336 jure
2964 1264 3128 1321 credi
3160 1267 3378 1337 potest.
3415 1262 3638 1320 Ibidem
3680 1267 3882 1330 (num.

2231 1354 2350 1414 l0):
2414 1360 2515 1408 Καὶ
2564 1357 2663 1423 ἵνα,
2715 1359 2783 1418 ὡς
2834 1360 3159 1429 προείρηταὶ,
3203 1351 3296 1407 διὰ
3341 1363 3439 1408 τῶν
3485 1357 3894 1426 γνωριμωτέρων

2227 1445 2398 1519 ῥητῶν
2448 1464 2502 1497 τε
2549 1450 2637 1497 καὶ
2690 1448 3012 1519 πραγμάτων
3073 1441 3417 1516 όὸηγηθώμεν
3467 1443 3538 1505 εἰς
3574 1447 3896 1500 κατανόησιν

2229 1543 2320 1588 τοῦ
2354 1541 2616 1609 σωτηρίου
2648 1540 2736 1587 καὶ
2763 1533 2810 1586 ἐν
2838 1544 2909 1606 τῷ
2934 1534 3237 1608 βαπισματι
3264 1531 3530 1606 δόγματος
3554 1550 3567 1587 :
3593 1531 3696 1588 ubi
3716 1531 3893 1600 illud,

2230 1633 2320 1678 τοῦ
2346 1630 2606 1698 σωτηρίου
2633 1645 2722 1676 και
2753 1623 2800 1676 ἐν
2832 1633 2904 1695 τῷ
2931 1623 3266 1697 βαπτισματι
3298 1619 3586 1696 δόγματος)
3609 1637 3730 1677 non
3754 1621 3894 1693 pla-

466 1725 592 1776 tam
620 1733 841 1791 parum
871 1715 1309 1785 oblectabatur,
1333 1719 1398 1772 ut
1435 1716 1621 1772 semel
1644 1722 1790 1786 (reg.
1823 1717 1968 1789 207),
1997 1733 2120 1774 non
2151 1737 2191 1792 Β
2229 1719 2340 1787 cet,
2368 1730 2479 1770 nec
2528 1715 2763 1771 videtur
2811 1714 3110 1786 optimum
3153 1714 3506 1786 scriptorem
3533 1711 3763 1768 decere.
3796 1710 3895 1766 Ad

466 1807 746 1880 amplius,
768 1805 937 1879 quod
964 1804 1214 1878 quidem
1237 1805 1449 1874 sciam,
1479 1805 1562 1862 ita
1585 1805 1821 1862 locutus
1846 1808 1937 1863 sit.
1973 1809 2120 1864 Ecce

464 1897 648 1970 igitur
660 1896 768 1952 tibi
793 1896 916 1951 duo
947 1895 1289 1967 scriptores,
1310 1911 1576 1968 quorum
1603 1912 1764 1952 unus
1795 1902 1956 1954 certa
1973 1914 2120 1971 qua-

465 1988 610 2044 dam
639 1985 880 2042 dicendi
907 1984 1171 2041 formula
1186 1983 1558 2041 familiariter
1583 1985 1669 2041 uti
1691 1993 2114 2056 consueverat;

464 2076 614 2134 alter
636 2089 782 2131 vero
810 2077 1029 2146 praeter
1058 2072 1563 2129 consuetudinem
1593 2089 1741 2129 casu
1771 2075 1976 2131 nescio
1997 2092 2120 2148 quo

462 2166 626 2222 hunc
673 2163 844 2220 illum
891 2161 1181 2234 loquendi
1227 2162 1484 2219 modum
1538 2164 1728 2220 semel
1785 2167 2117 2238 usurpavit.

463 2257 629 2312 Certe
660 2253 710 2309 si
739 2251 991 2310 Basilius
1023 2255 1233 2308 auctor
1259 2255 1415 2308 esset
1448 2251 1742 2308 librorum
1768 2254 2032 2324 illorum,
2058 2256 2120 2312 in

461 2344 686 2418 quibus
717 2343 1039 2414 Scriptura:
1066 2340 1298 2412 passim
1327 2340 1587 2398 citantur
1611 2342 1713 2410 ita,
1749 2348 1814 2400 ut
1842 2345 2122 2417 superius

461 2434 608 2504 dixi,
623 2449 698 2489 ne
710 2432 984 2502 cogitans
996 2429 1242 2502 quidem
1255 2445 1357 2487 eas
1370 2430 1584 2487 eodem
1607 2433 1790 2489 modo
1810 2433 1873 2490 in
1894 2435 2122 2492 caeteris

463 2523 588 2578 suis
605 2520 849 2594 scriptis
867 2519 1082 2576 millies
1099 2519 1357 2576 citasset.
1381 2520 1710 2593 Scriptores
1726 2522 1906 2594 enim,
1929 2525 1979 2579 si
1997 2541 2122 2597 quo

461 2611 702 2669 dicendi
733 2625 949 2680 genere
977 2608 1371 2679 delectantur,
1403 2625 1474 2666 eo
1504 2611 1648 2667 data
1685 2612 2008 2668 occasione
2041 2614 2124 2670 uti

462 2702 675 2760 solent.
693 2703 888 2773 Atque
905 2699 1086 2757 etiam
1106 2699 1180 2754 iis
1210 2715 1348 2771 quae
1373 2699 1595 2772 protuli
1621 2701 1910 2774 exemplis
1931 2708 1988 2759 et
2006 2703 2125 2760 alia

461 2791 654 2848 multa
674 2790 770 2860 adj
782 2804 1004 2859 ungere
1026 2803 1290 2860 possem,
1318 2804 1391 2844 ex
1420 2789 1646 2861 quibus
1670 2790 1847 2862 plane
1878 2802 2123 2850 consta-

461 2884 552 2937 ret
599 2882 930 2945 auctorem,
971 2876 1155 2933 etiam
1203 2880 1346 2933 tunc
1391 2892 1532 2933 cum
1579 2880 1896 2950 Scriptura:
1941 2882 2127 2939 verba

463 2985 590 3027 non
618 2969 884 3035 referret,
917 2965 1174 3022 similem
1223 2965 1514 3040 loquendi
1541 2968 1836 3026 rationem
1868 2989 2030 3045 saepe
2064 2973 2126 3028 in

2227 1805 2506 1870 verbum,
2537 1804 2838 1860 ducamur
2876 1803 2956 1860 ad
2985 1804 3382 1875 cognitionem
3411 1803 3700 1858 salutaris
3737 1807 3791 1858 et
3823 1801 3892 1856 in

2231 1895 2586 1964 baptismate
2605 1893 2921 1964 dogmatis.
2955 1892 3146 1948 Nihilo
3175 1892 3426 1948 meliora
3457 1896 3598 1947 sunt
3621 1907 3756 1964 quae
3778 1889 3894 1946 ad-

2231 1983 2514 2040 scribam.
2541 1984 2632 2039 Sic
2661 1983 2837 2052 igitur
2865 1986 3075 2038 auctor
3102 1982 3335 2054 scripsit
3361 1984 3444 2053 (p.
3481 1981 3640 2052 6&0):
3671 1988 3773 2032 Νῦν
3795 1981 3889 2052 μὲν

2229 2077 2366 2126 κατὰ
2426 2078 2484 2125 τὸ
2551 2078 2734 2146 μέτρον
2791 2082 2886 2134 τῆς
2935 2071 3366 2145 ἐνανθρωπησεως
3435 2074 3894 2144 συμμορφούμενοι

2230 2166 2315 2216 τὸν
2365 2165 2466 2215 ἔσω
2514 2164 2782 2235 ἄνθρωπον
2831 2161 2879 2213 ἐν
2923 2170 2983 2234 τῇ
3033 2165 3302 2218 καινότητι
3348 2169 3443 2221 τῆς
3493 2161 3650 2225 ζωῆς,
3685 2165 3772 2211 καὶ
3820 2170 3885 2233 τῇ

2229 2258 2393 2326 μέχρι
2426 2254 2646 2305 θανάτου
2697 2253 2898 2323 ὑπακοῇ
2943 2250 2991 2303 ἐν
3022 2251 3346 2324 πληροφορίᾳ
3376 2258 3470 2310 τῆς
3516 2249 3758 2312 ἀληθείας
3786 2259 3892 2301 τῶν

2229 2345 2474 2418 ῥημάτων
2507 2342 2665 2393 αὐτοῦ
2692 2359 2704 2370 ο
2740 2345 2841 2408 ἱνα,
2874 2345 2985 2396 etc.
3021 2340 3106 2396 Ad
3134 2339 3411 2409 verbum,
3444 2340 3622 2395 Nunc
3651 2340 3897 2410 quidem

2220 2435 2410 2504 juxta
2431 2433 2868 2488 incarnationis
2889 2445 3227 2488 mensuram
3258 2432 3562 2486 internum
3596 2429 3897 2486 hominem

2231 2525 2597 2593 conformem
2621 2528 2980 2592 prtcstantes
3007 2523 3069 2577 in
3099 2523 3362 2577 novitate
3395 2522 3544 2586 vitae,
3575 2527 3630 2576 et
3659 2522 3718 2575 in
3760 2521 3894 2578 obe—

2233 2613 2462 2669 dientia
2490 2627 2677 2683 usque
2696 2611 2778 2668 ad
2815 2615 3084 2681 mortem,
3111 2611 3174 2667 in
3224 2612 3461 2680 integra
3497 2611 3897 2679 persuasione

2233 2703 2505 2759 veritatis
2560 2703 2872 2758 verborum
2924 2703 3134 2770 ipsius,
3188 2705 3274 2769 ut,
3327 2705 3437 2756 etc.
3498 2699 3596 2756 Hic
3651 2704 3895 2773 prseter-

2233 2807 2422 2864 quam
2454 2791 2620 2864 quod
2668 2791 2859 2847 oratio
2903 2805 3028 2846 non
3077 2788 3428 2856 absolvitur,
3462 2788 3627 2855 illud,
3656 2792 3788 2840 κατὰ
3831 2793 3892 2842 τὸ

2236 2887 2417 2955 μέτρον
2448 2891 2542 2943 τῆς
2572 2880 3017 2956 ἐνανθρωττήσεως,
3039 2883 3230 2950 juxta
3263 2880 3701 2936 incarnationis
3731 2894 3892 2936 men-

2235 2988 2442 3029 suram
2472 2987 2595 3028 non
2632 2969 2714 3028 ita
2751 2976 2885 3045 apte
2913 2971 3142 3027 dictum
3173 2970 3423 3026 videtur.
3462 2969 3694 3042 Optime
3721 2969 3896 3026 dicas

465 3059 592 3115 suis
611 3058 779 3114 libris
800 3056 1274 3114 adhibuisse.lta
1294 3059 1459 3114 enim
1479 3058 1749 3131 loquitur
1767 3077 1890 3118 non
1914 3069 2129 3135 procul
2160 3094 2200 3150 ρ
2238 3063 2432 3136 μάτρον
2489 3066 2732 3126 πίστεως,
2778 3076 3121 3116 mensuram
3161 3059 3340 3129 ﬁdei:
3398 3074 3524 3115 non
3579 3059 3721 3116 item
3772 3057 3896 3115 for-

464 3148 543 3205 ab
589 3146 759 3203 initio
797 3149 961 3218 (pag.
994 3147 1159 3216 625):
1218 3143 1297 3198 Ἐν
1329 3154 1401 3217 τῷ
1430 3147 1691 3221 ῥυσθῆναι
1739 3149 1839 3202 ἀπὸ
1888 3159 1981 3213 τῆς
2030 3161 2128 3204 τῶν

471 3237 861 3310 ἁμαρτημάτων
892 3231 1363 3300 καταδυναστείας,
1397 3235 1540 3292 dum
1565 3253 1602 3293 a
1628 3246 2011 3306 peccatorum
2035 3240 2129 3295 do-

463 3325 649 3382 minio
690 3325 1008 3380 liberatur.
1036 3326 1152 3379 Nec
1199 3323 1282 3379 ita
1325 3323 1525 3380 multo
1555 3330 1692 3396 post
1735 3329 1820 3398 (p.
1853 3329 2015 3398 626):
2048 3337 2131 3402 Τῷ

467 3414 621 3468 εἰπεῖν
661 3416 1004 3470 πεποιηκέναι
1043 3414 1214 3464 πάντα
1242 3414 1309 3464 τὰ
1337 3414 1436 3465 ὑπὸ
1486 3421 1577 3465 τοῦ
1623 3422 1816 3488 Κυρίου
1868 3418 2128 3492 εἰρημένα,

466 3505 573 3576 qui
599 3505 826 3560 scilicet
857 3502 1105 3558 dixisset
1149 3502 1364 3572 fecisse
1392 3517 1451 3558 se
1479 3504 1681 3561 omnia
1723 3521 1855 3576 qum
1879 3509 2133 3578 fuerant

467 3609 505 3652 a
533 3594 788 3650 Domino
822 3593 1006 3656 dicta,
1039 3595 1096 3648 et
1124 3591 1244 3649 alia
1290 3590 1352 3648 id
1395 3607 1588 3662 genus
1637 3609 1762 3650 non
1792 3612 1992 3668 pauca
2019 3601 2132 3678 ia);

468 3701 610 3742 cum
638 3688 844 3740 tamen
871 3681 1124 3738 Basilius
1162 3684 1266 3738 aut
1311 3697 1654 3756 nunquam,
1690 3689 1796 3742 aut
1823 3687 2135 3746 rarissime

467 3775 586 3832 hoc
636 3773 821 3830 modo
873 3772 1198 3846 scripserit.
1235 3773 1352 3830 Sed
1403 3789 1479 3830 ne
1526 3773 1661 3847 ipsa
1711 3777 2134 3850 exemplorum

471 3864 647 3938 copia
687 3862 942 3920 molesta
992 3861 1146 3918 foret
1211 3866 1267 3918 et
1315 3862 1573 3934 ingrata,
1634 3865 1934 3935 ejusmodi
1997 3868 2134 3925 loca

472 3953 805 4012 omittenda
835 3967 967 4009 esse
989 3951 1284 4023 judicavi.

547 4046 633 4101 58.
677 4043 777 4100 Hic
822 4057 1020 4116 pauca
1059 4057 1134 4096 ex
1181 4039 1384 4096 multis
1426 4056 1776 4111 congeram,
1803 4058 1877 4100 ex
1905 4044 2130 4117 quibus

475 4132 818 4193 confirmari
847 4129 1056 4204 possit,
1085 4129 1238 4185 duos
1266 4130 1353 4186 De
1379 4128 1670 4198 baptismo
1699 4131 1886 4188 libros
1917 4135 2128 4192 Basilio

477 4228 691 4295 Magno
740 4219 920 4277 tribui
966 4232 1090 4274 non
1137 4216 1376 4272 debere.
1423 4217 1630 4274 Statim
1681 4220 1940 4277 occurrit
1981 4221 2131 4279 illud

474 4315 560 4386 (p.
590 4314 749 4380 632):
798 4308 958 4361 Ὅσον
1000 4304 1058 4360 δὲ
1103 4303 1337 4380 διαφέρει
1384 4309 1441 4358 τὸ
1488 4314 1696 4380 Πνεῦμα
1742 4312 1799 4362 τὸ
1843 4309 1988 4383 ἅγιον
2036 4321 2128 4365 τοῦ

2239 3155 2414 3221 tasse,
2444 3155 2627 3224 μέτρον
2654 3149 3106 3225 ἐνανθρωπησεως,
3137 3164 3478 3206 mensuram
3517 3149 3897 3205 incarnatio-

2240 3241 2352 3296 nis.
2385 3241 2628 3307 (latera,
2671 3238 2718 3291 ἐν
2762 3237 2820 3312 τῇ
2867 3244 2956 3291 καὶ
3004 3236 3088 3312 τῇ,
3143 3237 3190 3290 ἐν
3239 3238 3582 3312 πληροφορίᾳ,
3638 3237 3902 3294 hominis

2242 3332 2402 3396 sunt,
2433 3329 2538 3400 qui
2584 3327 2769 3384 verba
2797 3327 2997 3383 verbis
3027 3327 3332 3397 eleganter
3375 3331 3728 3383 connectere
3769 3341 3904 3383 non

2241 3418 2428 3475 novit.
2456 3421 2658 3491 Neque
2697 3417 2794 3474 hic
2827 3418 3048 3481 solum,
3084 3416 3191 3474 sed
3223 3417 3286 3473 in
3315 3420 3434 3474 toto
3465 3432 3646 3490 opere
3681 3415 3906 3472 oratio-

2242 3507 2336 3564 nis
2364 3512 2564 3580 partes
2615 3507 2737 3563 fere
2789 3523 2914 3563 non
2945 3507 3134 3572 aliter,
3164 3523 3352 3580 quam
3401 3505 3905 3579 praepositionum

2243 3613 2358 3669 ope
2382 3597 2536 3653 inter
2565 3613 2628 3652 se
2654 3595 3034 3670 copulantur.
3065 3597 3334 3652 Fortasse
3361 3594 3694 3667 aliquando
3715 3593 3905 3649 etiam

2244 3688 2454 3760 pejora
2481 3687 2847 3744 videbuntur
2877 3703 3012 3760 quae
3043 3687 3224 3760 paulo
3268 3690 3406 3759 post
3433 3685 3651 3757 scripta
3675 3683 3908 3740 inveni-

2244 3793 2383 3833 mus
2413 3779 2496 3849 (p.
2531 3778 2693 3848 641):
2729 3781 2962 3850 Χριστὸς
2999 3779 3158 3848 ἡμᾶς,
3193 3775 3505 3849 ἐξηγόρασεν
3554 3774 3608 3826 ἐκ
3655 3782 3748 3833 τῆς
3794 3792 3902 3824 κα-

2241 3865 2402 3938 τάρας
2440 3873 2529 3917 τοῦ
2560 3869 2739 3937 νόμου,
2769 3869 3037 3937 γενόμενος
3067 3867 3192 3938 ὑπὲρ
3227 3867 3370 3937 ἡμῶν
3415 3865 3638 3937 κατάρα.
3669 3860 3804 3915 Πολύ
3837 3857 3905 3915 δὲ

2240 3961 2484 4028 πρότερον
2515 3963 2609 4015 τῆς
2652 3955 2912 4029 ἁμαρτίας
2943 3951 3185 4012 δηλονότι
3214 3956 3404 4029 χάριτι
3449 3962 3540 4006 τοῦ
3576 3957 3763 4026 Κυρίον
3793 3950 3902 4008 ’1η-

2242 4054 2336 4100 σου
2368 4054 2622 4121 Χριστοῦ,
2654 4049 2828 4108 καθὼς
2845 4051 3158 4119 γέγραπται.
3184 4046 3484 4119 Interpres
3507 4050 3696 4109 vetus,
3720 4045 3904 4116 cujus

2239 4136 2424 4193 menti
2450 4136 2657 4208 inepta
2679 4135 2968 4208 loquendi
2984 4137 3134 4192 ratio
3157 4136 3438 4192 tenebras
3463 4135 3796 4199 offudisset,
3814 4133 3906 4192 ita

2237 4230 2524 4283 verterat:
2561 4225 2837 4282 Christus
2863 4241 2968 4281 nos
2999 4226 3280 4282 liberavit
3311 4240 3347 4280 α
3369 4225 3686 4281 maledicto
3726 4225 3902 4294 legis,

2237 4317 2441 4387 factus
2453 4332 2568 4386 pro
2582 4316 2750 4372 nobis
2766 4317 3129 4373 maledictio.
3141 4316 3434 4383 Quoniam
3449 4319 3647 4371 autem
3660 4316 3911 4383 peccati

477 4399 692 4468 ὓδατος,
742 4406 990 4451 τοσοῦτον
1038 4398 1301 4470 ὑπερέχει,
1355 4393 1616 4464 δηλονότι,
1659 4403 1748 4451 καὶ
1790 4403 1814 4452 ό
1855 4399 2124 4473 βαπτίζων

485 4492 496 4502 .
558 4498 599 4502 _
671 4493 681 4502 .
858 4488 868 4502 .
926 4492 936 4502 .
1078 4494 1097 4502 -
1134 4485 1160 4502 η
1303 4487 1330 4502 ς.
1513 4486 1524 4499 ς
1592 4484 1653 4502 ,ει
1867 4495 1875 4502 .
1964 4491 2031 4502 ..
2111 4497 2119 4502 .

2237 4407 2572 4476 plurimum
2592 4407 2919 4475 praecessit,
2954 4406 3342 4474 manifestum
3379 4410 3484 4469 est,
3515 4403 3674 4474 quod
3692 4405 3907 4472 gratia

477 4492 526 4545 ἐν
557 4493 818 4562 Πνεύματι
847 4488 977 4560 ἁγίῳ
1007 4494 1098 4540 τοῦ
1126 4485 1472 4559 βαπτιζοντος
1505 4486 1552 4538 ἐν
1583 4484 1762 4555 ὒδατι,
1795 4495 1884 4542 καὶ
1915 4491 2040 4544 αὐτὸ
2070 4497 2128 4547 τὸ

481 4581 798 4656 βάπτισμα·
827 4579 980 4645 ὥστε,
1013 4580 1128 4633 etc.
1168 4577 1259 4632 Ad
1303 4576 1596 4633 verbum:
1655 4579 1891 4646 Quanto
1930 4588 2129 4640 autem

477 4668 871 4728 excellentior
888 4672 972 4724 est
988 4667 1257 4737 Spiritus
1276 4671 1522 4722 sanctus
1537 4681 1717 4737 aqua,
1733 4673 1902 4726 tanto
1920 4672 2131 4728 videli-

479 4767 569 4819 cet
593 4762 844 4831 praastat
866 4763 922 4815 et
952 4758 1000 4814 is
1033 4757 1137 4830 qui
1166 4756 1430 4826 baptizat
1456 4757 1517 4812 in
1547 4757 1776 4826 Spiritu
1805 4767 2036 4830 sancto,
2067 4777 2131 4819 eo

477 4853 586 4925 qui
615 4850 879 4921 baptizat
917 4850 980 4905 in
1009 4862 1190 4919 aqua,
1222 4852 1278 4903 et
1316 4847 1511 4916 ipsum
1558 4847 1853 4916 baptisma
1874 4862 1898 4921 ,'
1933 4852 2018 4907 sic
2045 4857 2130 4921 ut,

479 4945 590 4999 etc.
624 4940 796 5006 Illud,
824 4945 878 4996 et
918 4939 1112 5009 ipsum
1160 4937 1475 5006 baptisma,
1504 4935 1586 4993 ita
1617 4935 1940 5001 ἐλλειπτικώς
1969 4941 2133 5013 posi-

478 5037 607 5090 tum
636 5047 761 5088 non
790 5029 1027 5103 placet;
1077 5025 1228 5084 alius
1277 5026 1532 5098 scriptor
1570 5027 1814 5100 peritior
1859 5029 2132 5101 pluribus

479 5122 675 5180 verbis
701 5137 831 5178 rem
872 5117 1247 5192 explicasset.
1289 5115 1630 5188 Aliquando
1679 5121 1815 5188 post
1853 5125 1934 5190 (p.
1968 5121 2129 5191 635):

474 5212 579 5267 Ἐπ’
599 5209 773 5266 ἐλπίδι
804 5211 942 5272 ζωῆς
973 5209 1181 5262 αἰωνίου
1217 5203 1328 5272 διὰ,
1352 5205 1526 5264 Ἰησοῦ
1553 5214 1906 5280 Χριστοῦ,τοῦ
1941 5214 2132 5284 Κυριου

475 5305 641 5376 ἡμῶν,
677 5297 748 5354 δι’
794 5300 874 5368 οὗ,
907 5302 1079 5372 ὥσπερ
1113 5294 1202 5351 δι’
1241 5297 1370 5366 ἑνὸς,
1400 5299 1550 5368 φησι,
1597 5301 2022 5369 παραπτώματος
2065 5299 2134 5362 εἰς

472 5394 672 5455 πάντας
687 5391 987 5467 ἀνθρώπους
1002 5390 1070 5451 εἰς
1091 5388 1412 5461 κατάκριμα,
1428 5386 1561 5438 οὕτω
1583 5389 1671 5436 καὶ
1707 5380 1742 5436 ὃ
1748 5383 1777 5435 ι’
1789 5383 1896 5446 ἑνός
1919 5381 2133 5439 δικαιῶ-

2241 4497 2486 4552 Domini
2505 4497 2698 4551 nostri
2719 4497 2861 4551 Jesu
2881 4493 3110 4549 Christi
3127 4493 3232 4548 hoc
3248 4493 3554 4563 praestitit,
3577 4493 3729 4547 sicut
3751 4491 3906 4546 scri-

2239 4592 2410 4655 ptum
2441 4590 2550 4641 est.
2583 4583 2778 4639 Potius
2809 4583 2890 4637 ita
2913 4583 3203 4654 scriptum
3225 4581 3464 4648 vellem,
3488 4580 3617 4634 πολὺ
3640 4577 3697 4632 δὲ
3718 4599 3908 4653 προτί-

2239 4693 2332 4746 ρου
2360 4673 2756 4744 ἐλευθερούμεθα
2784 4679 2877 4730 τῆς
2908 4670 3185 4742 ἁμαρτίας,
3219 4675 3399 4742 atque
3437 4670 3554 4725 hoc
3585 4672 3759 4741 pacto
3788 4667 3910 4724 Ob-

2243 4762 2499 4818 scuritas
2551 4759 2748 4816 omnis
2782 4758 3118 4815 vitabatur:
3170 4761 3373 4830 Longe
3427 4764 3625 4816 autem
3669 4757 3912 4827 potiori

2231 4855 2376 4924 jure
2407 4851 2735 4908 liberamur
2754 4864 2791 4906 a
2808 4856 3078 4919 peccato,
3107 4850 3378 4921 videlicet
3405 4850 3633 4920 gratia,
3656 4851 3762 4903 etc.
3791 4849 3912 4901 Ne-

2241 4957 2360 5015 que
2389 4957 2460 4997 eo
2492 4955 2670 5012 quem
2703 4955 2840 4994 mox
2861 4938 3198 4994 exscribam
3230 4937 3364 4993 loco
3393 4937 3633 4993 videtur
3660 4939 3796 5008 apte
3818 4935 3912 4992 lo-

2243 5035 2416 5087 cutus
2442 5031 2671 5098 auctor,
2694 5027 2800 5100 qui
2829 5027 2913 5084 ita
2945 5026 3180 5100 scripsit
3211 5028 3290 5098 (p.
3327 5029 3483 5094 662):
3517 5034 3619 5079 Τοῦ
3649 5025 3910 5078 Ἀποστά-

2242 5119 2325 5172 λον
2380 5115 2720 5179 παιδεύοντος
2776 5116 3084 5190 apag...”
3136 5121 3225 5168 καὶ
3275 5113 3368 5168 διὰ
3423 5125 3517 5178 τῆς
3565 5115 3611 5167 ἐν
3661 5113 3909 5178 ἀλληλοις

2243 5217 2342 5262 τῶν
2381 5208 2541 5282 μελῶν
2594 5215 2686 5260 τοῦ
2746 5213 2982 5280 σώματος
3025 5209 3154 5279 πρὸς
3202 5209 3260 5257 τὸ
3306 5208 3578 5278 εὔσχημον
3616 5210 3706 5256 καὶ
3757 5202 3910 5255 ἀκινο

2246 5295 2398 5352 δυνον
2445 5302 2941 5369 κατηναγκασμένης
2986 5295 3221 5358 εὐταξίας
3283 5295 3637 5356 κανονιζοντος
3677 5291 3724 5344 ἐν
3773 5295 3912 5366 ἡμῖν

2244 5394 2336 5449 τὴν
2367 5392 2512 5462 ἡμῶν
2559 5392 2690 5461 πρὸς
2739 5385 2986 5451 ἀλληλους
3032 5385 3306 5459 εὐάρεστον
3357 5393 3428 5458 τῷ
3479 5393 3591 5457 Θεῷ
3630 5383 3678 5435 ἐν
3719 5381 3907 5458 ἀγάπῃ

543 5522 626 5588 (a)
650 5520 786 5592 Leg.
818 5531 881 5589 p.
914 5519 1040 5588 628,
1070 5518 1173 5572 637
1207 5515 1314 5586 bis,
1348 5519 1447 5574 6M
1484 5513 1592 5582 bis,
1625 5517 1752 5588 647,
1785 5519 1884 5574 651
1925 5515 2034 5588 bis,
2068 5519 2172 5575 668
2201 5517 2315 5576 bis.
