4058 6192
206 318 295 370 153
1741 319 1852 372 PBJ

1958 320 2124 378 lTlO.

3515 337 3615 392 154

200 447 426 511 Χριστοῦ
489 441 669 500 Ἰησοῦ
726 444 970 508 εὐταξίαν
1036 446 1084 498 ἐν
1263 443 1492 519 διαφορᾲ
1547 452 1646 496 τῶν
1697 459 1852 520 χαρι-

1968 442 2102 500 beo.
2131 447 2305 504 Primi
2333 450 2432 506 hic
2456 456 2544 510 est
2572 453 2796 521 titulus,
2841 457 3158 512 Tractatus
3192 457 3255 512 S.
3297 457 3519 513 Basilii
3543 459 3618 515 de

201 530 421 598 θυμάτων,
477 534 633 600 Λέγει
686 533 812 606 γάρ,
845 538 984 604 etc.,
1031 550 1166 607 quae
1215 534 1399 591 verba
1445 550 1518 592 eo
1557 531 1748 596 retuli,
1793 534 1858 586 ut

197 617 382 684 magis
415 623 654 690 pateret
680 621 1021 679 orationem
1049 629 1106 680 et
1135 625 1485 697 perplexam
1515 641 1645 681 esse
1680 631 1738 682 et
1766 625 1856 682 in-

197 706 492 770 tricatam,
523 708 837 782 nimiaque
858 718 915 768 et
936 712 1136 785 inepta
1154 715 1655 786 praepositionum
1682 715 1859 787 copia

194 797 558 855 redundare.
613 801 783 857 Haud
823 801 1004 872 longe
1050 819 1086 858 a
1141 804 1261 860 ﬁne
1300 805 1385 860 sic
1433 805 1724 877 scriptum
1769 809 1858 862 est

196 889 270 958 (ρ.
303 891 471 955 672):
531 889 692 942 Καλεῖ
728 887 806 957 δὲ,
851 894 934 944 ὅτι
983 892 1094 945 ἐστὶ
1138 897 1289 967 πρὸς,
1339 898 1426 946 τὸν
1465 894 1592 947 Θεὸν
1636 900 1725 946 καὶ
1769 899 1854 946 τὸν

197 981 417 1047 Χριστὸν
450 978 622 1030 αὐτοῦ
653 978 830 1050 ἀγάπη
873 981 1147 1055 πληρῶσαι
1176 989 1269 1042 τὴν
1301 983 1496 1042 ἐντολὴν
1528 991 1619 1036 τοῦ
1660 990 1854 1057 Κυρίου

195 1066 437 1126 εἰπόντος·
505 1067 744 1126 Ἐντολὴν
793 1077 998 1136 καινήν,
1045 1077 1154 1128 etc.
1234 1073 1387 1138 Quid
1447 1077 1557 1142 est,
1623 1089 1852 1145 qumso,

191 1154 347 1219 illud,
411 1155 566 1209 ἐστὶν
619 1157 795 1229 ἀγάπη
843 1159 1164 1233 πληρῶσαιιῖ
1211 1162 1318 1234 qui
1358 1162 1526 1232 illud,
1586 1167 1717 1237 πρὸς
1767 1166 1854 1214 τὸν

192 1248 308 1295 Θεὸν
336 1250 431 1297 καὶ
466 1249 558 1297 τὸν
591 1253 823 1322 Χριστὸν
857 1252 1036 1316 αὐτοῦ,
1081 1250 1164 1306 ita
1195 1251 1320 1306 sine
1349 1251 1472 1308 ulla
1502 1252 1720 1331 copula
1751 1267 1855 1324 p0-

189 1334 407 1389 situm?
432 1335 664 1392 Saltem
687 1337 964 1394 additum
986 1340 1351 1413 oportuisset
1371 1341 1710 1408 articulum,
1737 1341 1852 1398 hoc

187 1423 363 1478 modo
389 1443 404 1478 :
431 1428 464 1482 ἡ
495 1430 632 1500 πρὸς
659 1432 746 1479 τὸν
777 1433 1025 1486 Θιόν.....
1059 1428 1254 1501 ἀγάπη.
1285 1429 1536 1487 Monebo
1557 1430 1652 1485 hic
1674 1430 1852 1502 quasi

186 1512 563 1583 praeteriens,
594 1519 788 1571 totum
829 1517 952 1573 fere
982 1517 1410 1588 fragmentum,
1442 1519 1608 1592 quod
1640 1522 1700 1575 in
1733 1525 1851 1590 Ap-

185 1600 438 1672 pendice
459 1617 536 1658 ex
559 1619 684 1659 uno
715 1604 921 1662 codice
941 1606 1121 1677 Regio
1141 1607 1395 1663 orationi
1419 1607 1662 1664 cuidam
1683 1607 1853 1663 addi-

1967 538 2369 595 consolatione
2388 543 2448 596 in
2471 543 2759 608 adversis,
2778 545 3025 606 incerto,
3044 545 3146 601 sed
3166 546 3414 617 antiquo
3438 549 3617 603 inter-

1963 631 2133 693 prete
2149 642 2170 681 .·
2191 623 2462 693 secundi,
2483 632 2768 700 Ejusdem
2785 633 2844 688 S.
2868 634 3075 690 Patris
3098 636 3318 690 Basilii
3343 637 3620 692 salutare

1965 719 2019 770 et
2041 717 2339 775 eruditam
2363 723 2618 791 opus,de
2630 722 3108 780 laudesolitarite
3121 726 3274 791 vitae,
3289 726 3512 780 incerto
3524 727 3616 780 in-

1965 811 2254 874 terprete:
2276 810 2446 879 tertii,
2461 812 2523 866 S.
2538 813 2760 868 Basilii
2774 813 3059 868 Caesareae
3083 814 3483 882 Cappadocia:
3499 816 3620 884 epi—

1963 897 2128 964 scopi
2136 897 2464 954 admonitio
2477 903 2557 955 ad
2564 903 2758 970 ﬁlium
2771 903 3170 971 spiritualem,
3189 903 3417 959 incerto
3429 905 3613 960 inter-

1959 991 2146 1052 prete.
2172 988 2338 1050 Quod
2373 993 2577 1044 autem
2605 990 2666 1046 in
2694 991 3082 1064 inscriptione
3112 991 3434 1062 cujuslibet
3456 1009 3612 1065 opu-

1963 1073 2110 1128 sculi
2131 1073 2367 1145 legitur,
2394 1081 2620 1135 incerto
2643 1081 2984 1150 interprete,
3026 1097 3149 1136 non
3188 1086 3459 1136 nostrum
3503 1086 3611 1148 est,

1962 1161 2072 1216 sed
2102 1179 2332 1232 eorum,
2358 1167 2461 1238 qui
2481 1168 2774 1224 editiones
2804 1170 3084 1242 antiquas
3113 1169 3504 1225 adornarunt.
3524 1175 3614 1226 An

1961 1251 2123 1307 enim
2146 1253 2268 1310 ulla
2297 1271 2370 1310 ex
2400 1256 2492 1311 his
2526 1256 3065 1330 lucubratiunculis
3103 1275 3377 1330 unquam
3412 1261 3613 1315 Graece

1961 1343 2266 1412 exstiterit,
2297 1343 2558 1402 dubitari
2590 1329 2803 1402 merito
2831 1364 3010 1420 posse
3051 1329 3451 1403 arbitramur:
3486 1348 3612 1404 imo

1958 1429 2180 1501 potius,
2203 1432 2318 1488 nisi
2345 1434 2521 1490 valde
2544 1435 2825 1504 fallimur,
2849 1438 2960 1493 tria
2979 1437 3108 1492 haec
3133 1437 3424 1509 opuscula
3445 1453 3480 1492 a
3503 1439 3612 1492 La-

1959 1519 2099 1574 tinis
2121 1523 2460 1594 composita
2478 1524 2662 1580 fuisse
2683 1542 2794 1598 pro
2815 1531 2976 1582 certo
2997 1526 3205 1581 haberi
3222 1531 3436 1598 potest.
3457 1529 3614 1598 Opu-

1960 1607 2105 1662 sculi
2137 1609 2312 1680 primi
2353 1612 2717 1668 mentionem
2766 1614 2990 1670 faciens
3037 1614 3487 1670 eruditissimus
3525 1613 3614 1669 vir

186 1691 410 1759 dimus,
433 1708 469 1748 e
493 1694 690 1765 capite
710 1695 880 1751 tertio
900 1695 1037 1752 libri
1056 1696 1234 1768 primi
1263 1698 1352 1753 De
1381 1697 1674 1766 baptismo
1691 1713 1849 1753 sum-
1889 1703 1930 1759 Β
1956 1698 2218 1752 Joannes
2248 1698 2526 1756 Albertus
2564 1702 2984 1765 Fabricius,ita
3010 1703 3215 1758 scribit
3234 1705 3340 1773 (l):
3369 1704 3504 1758 Non
3527 1709 3612 1759 est

185 1787 354 1853 ptum
391 1797 555 1838 esse.
599 1783 739 1853 Ejus
786 1800 973 1856 quam
1004 1785 1145 1851 dixi,
1179 1789 1468 1842 orationis
1502 1787 1737 1843 initium
1763 1790 1851 1842 est

187 1871 264 1937 (in
290 1876 456 1944 App.
491 1887 635 1944 pag.
668 1874 821 1944 583):
854 1874 912 1926 Ὀ
935 1874 1317 1948 βαπτιζόμενος
1342 1876 1412 1938 εἰς
1432 1873 1638 1950 Τριάὸα
1661 1875 1850 1949 βαπτίο

189 1962 352 2024 istm,
387 1962 464 2020 εἰς
500 1967 707 2035 Πατέρα
735 1968 826 2014 καὶ
857 1966 976 2016 Υἱὸν
1002 1970 1091 2016 καὶ
1121 1965 1270 2036 ἅγιον
1315 1973 1541 2039 Πνεῦμα.
1591 1966 1706 2033 Qui
1754 1967 1852 2022 ba-

187 2051 436 2115 tizatur,
484 2052 549 2104 in
584 2052 938 2108 Trinitatem
979 2053 1338 2122 baptizatur,
1379 2056 1443 2110 in
1496 2055 1739 2111 Patrem
1794 2059 1849 2110 et

186 2139 410 2195 Filium
475 2146 533 2196 et
579 2140 873 2210 Spiritum
928 2143 1273 2200 Sanctum:
1338 2144 1655 2215 fragmenti
1711 2159 1850 2200 vero

187 2232 264 2301 (p,
297 2230 435 2299 585)
463 2247 477 2283 :
514 2228 657 2282 Ἐπεὶ
689 2227 748 2283 δὲ
775 2239 908 2284 Θεοῦ
940 2240 1030 2284 τοῦ
1062 2232 1260 2304 ἀγαθοῦ
1304 2238 1512 2308 χάριτι,
1557 2242 1618 2306 τῇ
1670 2239 1845 2306 μνήμῃ

188 2327 278 2368 τῶν
310 2327 407 2370 τοῦ
441 2327 754 2391 μονογενοῦς
778 2328 901 2372 Υιοῦ
932 2330 1022 2373 τοῦ
1049 2331 1180 2375 Θεοῦ
1206 2319 1298 2375 τοῦ
1339 2324 1531 2384 ζῶντος
1581 2324 1848 2398 ῥημάτων,

185 2413 292 2463 etc.
320 2408 447 2464 Sed
479 2410 637 2465 enim
669 2425 746 2466 ea:
770 2412 984 2479 optimi
1019 2413 1132 2469 Dei
1165 2414 1390 2483 gratia,
1439 2413 1856 2469 recordatione

187 2499 513 2554 verborum
550 2500 853 2570 unigeniti
872 2501 1023 2556 Filii
1047 2503 1159 2558 Dei
1184 2504 1455 2567 viventis,
1486 2509 1596 2558 etc.
1646 2504 1715 2558 Ut
1733 2502 1850 2572 hic,

186 2587 265 2641 ita
291 2593 354 2642 et
382 2585 542 2642 alias
572 2603 732 2659 smpe
760 2588 918 2644 Deus
957 2589 1020 2644 in
1060 2589 1154 2644 his
1199 2589 1367 2646 libris
1412 2589 1618 2646 vivens
1664 2589 1858 2646 nomi'

188 2683 404 2732 natur:
463 2677 640 2748 cujus
687 2679 1062 2737 creberrimae
1091 2680 1464 2753 repetitionis
1511 2696 1634 2736 non
1681 2680 1855 2735 video

189 2781 301 2835 ego
331 2781 616 2833 causam,
656 2767 770 2822 nisi
800 2767 951 2824 forte
991 2769 1244 2842 scriptor
1274 2770 1496 2826 veritus
1523 2771 1616 2837 sit,
1649 2785 1725 2825 ne
1751 2768 1858 2841 qui

189 2855 376 2910 Deum
409 2861 725 2912 mortuum
755 2873 885 2913 esse
923 2857 1390 2926 arbitrarentur;
1430 2859 1510 2914 ob
1538 2859 1721 2931 idque
1751 2872 1856 2912 ne-

1956 1787 2310 1856 Basilii,nec
2321 1804 2350 1844 e
2363 1791 2566 1846 Graeco
2579 1793 2912 1860 versus,sed
2922 1794 3408 1862 Latinescriptas
3427 1808 3464 1848 a
3489 1794 3615 1849 Vic-

1959 1878 2219 1947 tore,qui
2243 1883 2378 1946 post
2418 1880 2724 1936 Rusticum
2765 1882 3084 1937 Cartennae
3120 1882 3517 1938 Mauritaniae
3545 1883 3610 1937 in

1958 1964 2174 2033 Africa
2187 1968 2494 2035 episcopus
2507 1969 2668 2024 circa
2686 1969 2822 2025 A.C.
2839 1973 2939 2025 460
2951 1971 3156 2040 fait,et
3176 1970 3613 2026 huncconsola-

1959 2055 2178 2109 torium
2195 2055 2460 2112 libellum
2471 2059 2596 2128 ,qui
2605 2061 2783 2114 etiam
2798 2060 2956 2114 inter
2965 2062 3024 2114 S.
3038 2060 3333 2115 Eucherii
3340 2074 3523 2127 opera
3538 2059 3613 2114 le-

1955 2145 2229 2214 gilar,ad
2244 2149 2439 2202 nescio
2455 2163 2624 2218 quem
2645 2149 2928 2204 Basiliam
2943 2165 3124 2218 super
3139 2153 3329 2205 morte
3339 2149 3610 2218 ﬁliiscri-

1953 2235 2256 2302 psit,teste
2280 2237 2590 2293 Gennadio
2615 2253 2746 2308 cap.
2777 2244 2841 2294 67
2872 2241 2951 2295 De
2972 2239 3366 2310 scriptoribus
3398 2237 3610 2296 eccles.

1961 2322 2180 2378 Eadem
2203 2326 2431 2381 notavit
2449 2326 2836 2383 doctissimus
2857 2327 2943 2383 vir
2959 2328 3281 2384 Casimirus
3313 2327 3610 2394 Oudinus,

1958 2414 2132 2483 cujus
2144 2413 2274 2469 haec
2291 2415 2627 2471 suntverba
2643 2418 3062 2489 (tom.l,p.572)
3083 2435 3095 2472 :
3125 2418 3391 2486 Epistola
3411 2431 3610 2472 conso-

1962 2503 2186 2559 latoria
2219 2505 2281 2559 in
2309 2505 2578 2561 adversis
2609 2509 2958 2578 neutiquam
2989 2513 3218 2576 spectat
3239 2507 3320 2562 ad
3338 2511 3606 2562 sanctam

1961 2593 2258 2649 Basiliam
2275 2594 2558 2651 Caesareae
2568 2596 3105 2666 archiepiscopum,
3132 2598 3227 2652 vel
3245 2597 3328 2651 ad
3340 2597 3610 2650 Grecam

1959 2697 1994 2738 a
2004 2683 2150 2737 liam
2162 2692 2465 2741 auctorem
2477 2707 2495 2743 :
2506 2687 2608 2742 sed
2619 2687 2869 2742 hominis
2883 2687 3088 2742 Latini
3095 2692 3178 2742 est
3189 2738 3198 2755 ,
3211 2686 3454 2742 Victoris
3469 2685 3616 2740 Car-

1962 2776 2156 2827 tennw
2171 2773 2749 2845 inAfricaepiscopi,
2772 2777 2878 2847 qui
2895 2791 3022 2832 eam
3051 2776 3131 2832 ad
3161 2776 3420 2832 amicum
3437 2789 3611 2830 suam

1960 2861 2277 2930 quemdam
2316 2865 2556 2920 nomine
2582 2865 2880 2920 Basiliam
2903 2866 3236 2934 scripsit,ut
3263 2863 3436 2932 infra
3461 2862 3614 2919 dice-

189 2962 360 3002 cesse
404 2961 544 3002 esse
569 2945 875 3018 judicarit,
917 2950 982 3004 ut
1017 2963 1155 3005 eum
1199 2949 1397 3005 vivere
1445 2948 1668 3022 smpius
1703 2946 1858 3003 aﬂir-
1893 2963 1932 3020 ε
1960 2965 2111 3005 mus.
2156 2950 2283 3006 Alio
2314 2956 2517 3006 autem
2545 2951 2645 3008 illo
2666 2955 2727 3008 in
2759 2953 2894 3010 loco
2916 2954 3168 3009 Victoris
3189 2951 3613 3009 Cartennensis

189 3040 383 3092 maret
394 3079 409 3090 .

189 3128 212 3193 ἑ
247 3129 387 3182 Xlll.
435 3127 525 3182 De
561 3127 836 3197 Liturgia
880 3128 1117 3194 Basilii,
1160 3130 1350 3201 deque
1393 3128 1627 3185 Latinis
1663 3127 1854 3183 tribas

253 3217 599 3286 Opusculis,
635 3222 690 3272 et
719 3217 792 3273 de
823 3219 1010 3274 veteri
1035 3219 1299 3289 quadam
1335 3219 1542 3287 Ruﬁni
1569 3231 1852 3290 quarum-

251 3306 398 3362 dam
434 3307 779 3362 orationam
812 3307 1332 3374 interpretatione.

250 3400 341 3451 59.
371 3399 458 3451 De
491 3394 690 3450 Basilii
711 3395 978 3465 Liturgia
1006 3401 1126 3452 tam
1162 3397 1333 3453 multi
1362 3400 1484 3453 tam
1506 3395 1694 3452 multa
1715 3395 1851 3450 scri-

183 3491 464 3558 pserunt,
483 3491 551 3541 ut
571 3486 780 3558 siquid
795 3484 939 3542 novi
953 3485 1172 3544 addere
1187 3487 1424 3555 vellem,
1439 3493 1681 3558 tempus
1699 3484 1852 3540 male

181 3575 377 3632 locare
397 3575 557 3632 mihi
580 3575 830 3632 viderer.
854 3576 1200 3643 Quamdam
1227 3581 1431 3633 autem
1451 3574 1645 3632 Basilii
1669 3575 1850 3630 Litur-

181 3666 337 3734 giam
350 3666 505 3721 olim
520 3666 816 3722 exstitisse
833 3666 1004 3722 facile
1020 3667 1523 3724 fatenturomnes.
1545 3666 1684 3736 Ejus
1696 3665 1779 3720 rei
1796 3667 1854 3720 et

181 3755 416 3828 antiqui
440 3759 500 3810 et
520 3760 792 3811 recentes
823 3760 1003 3812 testes
1033 3756 1310 3826 citantur,
1351 3755 1612 3824 Proclus,
1648 3757 1853 3809 Petrus

182 3846 519 3913 Diaconus,
554 3845 835 3901 Leontius
857 3845 1237 3917 Byzantinus,
1261 3845 1528 3919 episcopi
1553 3846 1612 3900 in
1655 3842 1852 3900 Trullo

179 3935 571 4007 congregati,
604 3938 806 3991 Patres
832 3936 1067 3992 concilii
1087 3936 1344 4010 septimi,
1379 3934 1687 3992 Cabasilas
1708 3937 1853 3990 Mar-

178 4041 281 4080 cus
311 4025 693 4100 Ephesinus.
736 4025 918 4081 Video
947 4025 1128 4096 igitur
1157 4025 1300 4081 satis
1328 4024 1509 4081 hodie
1547 4024 1698 4080 inter
1725 4037 1856 4079 eru-

1960 3038 2182 3109 scripta
2202 3041 2692 3097 recensensidem
2714 3041 3007 3108 Oudinus,
3038 3043 3120 3097 ita
3141 3041 3406 3113 loquitur
3437 3039 3606 3109 (ibid.

1960 3142 2018 3198 p.
2049 3130 2198 3198 1282)
2227 3145 2239 3183 :
2265 3129 2436 3195 Item,
2463 3130 2612 3186 liber
2636 3133 2720 3186 De
2740 3133 3149 3187 consolatione
3167 3132 3230 3186 in
3246 3130 3512 3185 adversis
3531 3129 3612 3184 ad

1960 3216 2448 3288 Basilium,inter
2484 3235 2666 3289 opera
2699 3221 2891 3276 sancti
2928 3221 3149 3276 Basilii
3173 3219 3411 3290 Magni:
3449 3218 3610 3290 quod

1957 3309 2166 3363 nullas
2187 3309 2519 3365 adnotavit.
2534 3312 2668 3390 Jam
2683 3315 2884 3366 autem
2905 3311 3094 3382 ips1us
3116 3309 3406 3367 Gennadii
3424 3307 3612 3364 verba

1956 3399 2176 3454 referre
2197 3415 2396 3471 operae
2417 3399 2674 3472 pretium
2696 3403 2901 3472 est(a),
2924 3404 3054 3457 Haec
3071 3406 3273 3456 autem
3291 3404 3456 3455 sunt:
3482 3399 3611 3454 Vic-

1959 3493 2054 3543 tor
2067 3488 2386 3544 Cartennav
2403 3491 2794 3545 Mauritania
2813 3491 3075 3546 civitatis
3104 3493 3435 3558 episcopus,
3465 3487 3612 3542 scri-

1952 3578 2074 3648 psit
2095 3566 2381 3634 a'dversus
2396 3579 2444 3632 Α
2455 3580 2658 3634 rianos
2671 3579 2889 3634 librum
2915 3594 3099 3634 unum
3123 3581 3218 3633 ton
3225 3594 3434 3648 gum...
3459 3582 3515 3632 et
3530 3575 3612 3630 ad

1957 3668 2254 3723 Basiliam
2273 3667 2586 3738 quemdam
2599 3683 2781 3737 super
2799 3676 2988 3722 morte
3001 3670 3045 3736 ﬁ
3053 3667 3122 3721 lii
3139 3665 3606 3722 consolatoriam

1959 3756 2180 3812 libram
2190 3758 2792 3825 ,speresurrectionis,
2803 3759 3067 3827 perfecta
3080 3757 3356 3812 instructi
3360 3769 3468 3810 one
3483 3769 3610 3808 mu-

1957 3847 2172 3901 nitum.
2207 3848 2322 3900 Nec
2344 3844 2508 3900 aliud
2527 3845 2601 3900 de
2623 3861 2694 3901 eo
2714 3845 2915 3900 libello
2933 3845 3112 3901 sentit
3134 3843 3480 3900 Guillelmus
3501 3843 3609 3899 Ca-

1958 3951 2092 3991 vus.
2113 3937 2234 4004 Ego
2257 3938 2456 3991 autem
2478 3950 2601 3990 non
2626 3937 2866 4004 negabo
2888 3934 3133 4006 quidem
3153 3933 3321 3989 illam
3343 3931 3610 3989 doctissi-

1959 4040 2198 4080 morum
2212 4025 2477 4080 virorum
2491 4026 2846 4080 sententiam
2858 4041 3064 4080 veram
3077 4022 3261 4079 videri
3277 4039 3290 4078 :
3305 4022 3608 4094 sedipsam

174 4115 330 4170 ditos
361 4117 681 4181 constare,
705 4114 1028 4185 Liturgiam
1049 4114 1316 4188 aliquam
1338 4131 1374 4169 a
1397 4113 1610 4170 Basilio
1638 4115 1854 4183 Magno
1959 4129 2162 4168 veram
2185 4129 2318 4169 esse
2347 4129 2471 4169 non
2496 4113 2668 4169 facile
2701 4112 2952 4169 fatebor.
2997 4113 3100 4168 Cui
3139 4112 3299 4168 enim
3335 4126 3608 4183 unquam

174 4206 477 4278 scriptam
513 4203 741 4258 fuisse:
777 4203 884 4259 sed
917 4203 1071 4259 inter
1099 4220 1203 4261 eos
1242 4219 1366 4259 non
1407 4203 1608 4259 minus
1638 4216 1856 4258 conve—
1885 4219 1928 4272 ι)
1961 4199 3610 4275 persuaderipoterit,libellum,inquoneunumqmdem

171 4297 276 4361 ait,
298 4311 450 4351 eam
481 4292 569 4348 ad
581 4309 696 4348 nos
715 4293 1012 4367 integram
1035 4299 1090 4350 et
1108 4310 1326 4368 puram
1343 4309 1464 4349 non
1484 4292 1848 4366 pervenisse,
1960 4292 2214 4348 verbum
2235 4291 2309 4347 de
2331 4289 3611 4362 amissioneliberorumlegitur,illudipsum

171 4385 276 4440 sed
292 4382 620 4455 aliquibus
633 4381 782 4438 locis
801 4389 904 4440 aut
921 4384 1332 4446 mutilam,aut
1353 4387 1617 4451 auctam,
1637 4390 1853 4437 autva-
1959 4397 2114 4453 opus
2135 4397 2271 4436 esse
2294 4381 2536 4437 Victoris
2574 4381 3014 4446 Cartennensis,
3064 4380 3231 4453 quod
3266 4377 3612 4436 Gennadius

167 4476 272 4529 riis
292 4474 576 4544 denique
597 4471 794 4528 modis
811 4477 1126 4529 mutatam.
1143 4475 1209 4529 Et
1224 4472 1473 4545 quidem
1491 4474 1694 4527 Petrus
1716 4471 1850 4526 Dia-
1959 4471 2043 4527 ait
2060 4471 2195 4527 ideo
2208 4470 2499 4542 scriptum
2520 4469 2704 4526 fuisse
2725 4486 2761 4526 a
2775 4470 3030 4537 Victore,
3046 4469 3452 4543 utquemdam
3467 4468 3613 4525 ami-

169 4579 368 4620 conus
395 4561 726 4633 cujusdam
743 4563 1104 4633 precationis
1123 4561 1414 4626 meminit,
1433 4576 1616 4632 quam
1637 4560 1697 4615 in
1713 4577 1852 4616 nos-

167 4655 273 4709 tris
293 4650 767 4723 exemplaribus
779 4667 900 4708 non
912 4655 1148 4707 exstare
1167 4656 1418 4707 constat.
1438 4651 1850 4707 lntercceteros

170 4750 407 4809 autem,
442 4740 556 4814 qui
597 4745 804 4797 nostra
826 4745 996 4797 aetate
1034 4741 1110 4796 de
1146 4741 1341 4796 Basilii
1371 4740 1629 4810 Liturgia
1666 4740 1850 4796 disse-

170 4849 373 4902 ruere,
397 4829 705 4888 recenseri
730 4835 1006 4903 possunt,
1044 4829 1392 4886 Guillelmus
1429 4830 1647 4900 Cavus,
1683 4830 1848 4886 Tille-

171 4924 472 4987 montius,
491 4918 833 4975 Ludovicus
851 4919 1148 4992 Dupinus,
1166 4919 1432 4976 Joannes
1454 4919 1727 4974 Albertus
1751 4923 1852 4976 Fa-

169 5012 430 5079 bricius,
448 5008 786 5067 Casimirus
799 5008 1094 5076 Oudinus,
1109 5009 1266 5064 etvir
1278 5007 1846 5064 clarissimusidem-

169 5118 282 5174 que
293 5098 700 5157 doctissimus
712 5097 1000 5153 Eusebius
1015 5098 1402 5154 Renaudotus
1418 5123 1428 5154 :
1444 5098 1616 5168 cujus
1629 5099 1784 5171 scrip
1795 5106 1848 5154 ta

169 5195 268 5264 qui
281 5206 496 5248 rerum
509 5187 931 5258 liturgicarum
946 5188 1166 5244 curiosi
1177 5188 1530 5260 sunt,legere
1545 5193 1844 5260 poterunt.

239 5286 329 5337 60.
367 5283 573 5337 Pauca
601 5276 679 5334 de
707 5276 937 5332 Latinis
969 5277 1159 5333 tribus
1178 5277 1490 5350 opusculis
1507 5277 1704 5333 dicere
1733 5277 1844 5335 ha-

1959 4577 2099 4617 cum
2121 4577 2298 4616 suum
2321 4576 2503 4632 super
2522 4565 2712 4616 morte
2728 4559 3294 4617 ﬁliicunsolaretur?
3313 4561 3476 4616 Certe
3489 4574 3611 4616 non

1958 4649 2121 4705 estin
2141 4648 2456 4720 exemplis,
2481 4648 2598 4704 tale
2618 4648 2956 4722 quidquam
2978 4665 3250 4722 unquam
3292 4648 3608 4705 accidisse.

1958 4739 2236 4811 Quisquis
2272 4739 2453 4809 igitur
2480 4738 2749 4794 libellum
2785 4739 3275 4806 consolatorium,
3315 4737 3421 4810 qui
3458 4737 3612 4793 inter

1959 4828 2150 4885 Basilii
2187 4843 2372 4900 opera
2403 4829 2706 4884 invenitur
2733 4830 2897 4902 (pag.
2949 4833 3092 4901 697),
3137 4828 3364 4898 legerit,
3409 4825 3610 4882 statim

1957 4919 2410 4986 animadvertet,
2437 4919 2636 4992 ipsum
2669 4919 3008 4975 confectum
3038 4919 3222 4974 fuisse
3260 4932 3383 4973 non
3423 4931 3611 4972 causa

1956 5008 2160 5080 patris,
2185 5008 2358 5079 cujus
2380 5007 2538 5063 ﬁlius
2576 5012 2852 5064 mortuus
2879 5012 3053 5072 esset,
3079 5006 3184 5062 sed
3205 5020 3390 5062 causa
3427 5005 3609 5060 mise-

1957 5113 2180 5159 rorum,
2206 5112 2573 5170 quacunque
2596 5096 2936 5153 calamitate
2974 5099 3078 5152 aut
3101 5109 3374 5151 aerumna
3413 5093 3610 5150 afﬁce-

1951 5191 2190 5242 rentur:
2218 5187 2416 5243 sedita
2429 5184 3222 5257 tamen,utscriptorinterea
3235 5182 3383 5238 dum
3396 5199 3609 5240 omnes

1953 5277 2336 5336 calamitosos
2366 5275 2669 5332 consolari
2698 5273 3201 5348 vellet,priecipue
3234 5272 3304 5330 iis
3331 5274 3608 5334 solatium

280 5514 365 5584 (a)
401 5515 596 5570 Genn.
620 5511 711 5568 De
740 5509 891 5566 viris
909 5509 1035 5567 ill..
1067 5525 1118 5567 c.
1145 5515 1235 5567 77.
2807 5578 2814 5585 _

277 5641 346 5714 (')
378 5638 541 5698 Bibl.
577 5637 784 5696 Graec.
811 5638 958 5694 tom.
977 5636 1056 5696 1X
1075 5634 1172 5693 ed.
1198 5633 1425 5697 Harles.
1448 5636 1591 5697 Vide
1608 5635 1762 5696 inter
1780 5637 2213 5712 Prolegomena
2228 5635 2410 5712 hujus
2433 5634 2734 5706 editionis,
2759 5650 2902 5712 pag.
2929 5653 3125 5695 εαξη
3153 5637 3218 5695 D.
3248 5641 3403 5696 Eon.
3426 5643 3603 5697 Pun.
