4058 6192
448 330 550 387 155

1944 328 2332 388 PREFATIO.

3762 325 3882 379 136

447 449 659 507 afferre
681 452 935 507 conatus
956 450 1049 517 sit,
1077 451 1180 524 qui
1198 452 1377 525 lepra:
1398 454 1614 511 morbo
1635 453 2098 512 afﬂictabantur.
2130 456 2177 508 Α
2207 466 2304 507 me
2331 451 2590 523 speravi,
2625 449 2673 507 si
2706 448 2918 507 veteris
2948 448 3107 505 illius
3131 444 3469 521 interpretis
3498 461 3652 519 opus
3676 445 3737 503 in
3766 445 3877 501 lu-

444 540 594 594 Nam
615 538 752 610 ipso
771 534 939 596 initio
959 539 1262 597 itaauctor
1276 542 1542 615 loquitur
1561 561 1574 599 :
1593 543 2098 613 Quemadmodum

442 629 638 692 navis,
655 643 789 684 cum
804 630 1105 686 undarum
1130 636 1476 700 tempestate
1496 618 1841 705 quassatur,
1857 634 1979 689 nisi
1992 649 2099 703 gu-

446 715 822 773 bernatorem
840 720 1269 787 peritissimum
1292 721 1530 792 habeat,
1560 738 1597 779 a
1614 724 1894 792 ﬂuctibus
1913 723 2100 778 maris

444 804 560 859 cito
582 807 946 863 conteritur:
966 807 1053 864 ita
1068 814 1124 864 et
1147 809 1319 865 homo
1341 825 1473 866 cum
1491 812 1550 867 in
1574 811 1878 882 aliquibus
1894 811 2100 867 adver-

444 894 523 948 sis
537 894 731 963 fuerit
759 896 1139 967 constitutus,
1187 899 1308 954 nisi
1347 898 1561 956 habuil
1596 906 1847 957 mentem
1883 900 2098 955 divinis

445 982 697 1053 eloquiis
719 984 1046 1053 eruditam,
1075 987 1193 1044 cito
1223 989 1461 1044 animus
1486 991 1614 1058 ejus
1648 990 1990 1060 frangitur,
2043 994 2096 1047 et

440 1071 659 1126 salutis
684 1087 809 1129 sua:
844 1077 1096 1130 sustinet
1134 1076 1442 1134 damnum.
1491 1077 1762 1149 Quisquis
1809 1093 1949 1147 ergo
1993 1078 2100 1133 ille

444 1174 503 1217 es
524 1162 758 1229 positus
779 1163 843 1218 in
874 1164 1156 1236 adversis,
1174 1167 1506 1235 pauliSper,
1525 1173 1683 1237 peto,
1726 1167 1918 1224 verbis
1956 1168 2098 1224 meis

444 1263 653 1309 aurem
684 1250 1006 1321 diligenter
1033 1256 1437 1323 accommoda,
1467 1263 1531 1311 ut
1562 1256 1689 1322 tibi,
1721 1272 1785 1311 in
1803 1262 2098 1328 quantum

443 1352 705 1407 possum,
738 1342 1203 1399 consolationem
1227 1359 1303 1401 ex
1340 1344 1796 1413 Scripturarum
1830 1345 2100 1415 fontibus

434 1429 772 1498 proferam.
795 1431 1171 1503 Propositum
1192 1448 1336 1503 ergo
1357 1439 1484 1491 erat
1503 1435 1750 1502 auctori,
1769 1451 1893 1493 non
1906 1435 2099 1507 priva-

440 1515 550 1572 tim
572 1516 752 1573 solari
769 1522 1004 1591 patrem
1023 1520 1148 1577 ﬁlio
1168 1522 1472 1591 orbatum,
1491 1539 1618 1595 qua
1628 1524 1703 1579 de
1713 1540 1775 1580 re
1788 1540 2099 1597 nusquam

443 1606 1129 1680 expresseloquitur,sed
1141 1612 2100 1684 quemlibetgeneratim,adversa

2207 556 2337 597 cem
2366 540 2672 596 edendum
2698 556 3009 599 curarem:
3044 553 3236 611 eoque
3258 537 3473 607 magis,
3505 535 3692 609 quod,
3722 551 3877 592 cum

2207 630 2410 685 Graeca
2438 628 2771 685 etiamnum
2802 632 3055 695 exstent,
3082 627 3288 685 Latina
3313 641 3453 682 cum
3474 625 3565 681 his
3603 641 3639 680 a
3661 623 3874 696 quoli-

2204 718 2305 777 bet
2333 718 2674 791 comparari
2712 722 3011 791 poterunt,
3056 717 3262 790 sicque
3303 715 3499 784 magis
3534 713 3875 783 intelligere

2204 807 2427 879 licebit,
2449 813 2749 881 quantum
2777 807 3035 864 licentiae
3072 808 3133 863 in
3175 804 3476 862 vertendis
3519 807 3874 861 Graecorum

2205 896 2440 968 scriptis
2469 897 2582 952 sibi
2622 900 2882 953 sumeret
2911 896 2981 963 is,
3013 912 3196 970 quem
3230 893 3373 961 dixi,
3407 891 3875 965 antiquissimus

2204 985 2497 1059 interpres
2536 984 2807 1043 Ruﬁnus.
2850 985 3094 1041 Duobus
3123 989 3323 1040 autem
3353 981 3522 1038 libris
3567 980 3872 1036 veteribus

2205 1076 2303 1129 usi
2331 1091 2566 1141 sumus,
2595 1090 2717 1130 uno
2740 1075 2941 1144 Regio,
2976 1074 3164 1130 altero
3186 1071 3566 1128 Colbcrtino:
3600 1085 3874 1142 quorum

2204 1163 2266 1221 in
2282 1164 2480 1236 primo
2502 1164 2804 1220 orationes
2825 1164 3121 1220 duntaxat
3142 1163 3430 1235 quinque,
3460 1161 3520 1216 in
3542 1158 3728 1216 altero
3748 1174 3872 1213 au-

2207 1257 2324 1310 tem
2348 1259 2483 1310 octo
2504 1254 2901 1326 reperiuntur.
2927 1252 3186 1319 Qumstio
3207 1251 3305 1307 hic
3322 1249 3464 1307 oriri
3483 1252 3703 1322 potest,
3717 1251 3875 1321 quot

2209 1343 2386 1400 Basili
2415 1336 2718 1400 drationes
2748 1342 3000 1399 Ruﬁnus
3032 1342 3457 1412 interpretatus
3487 1338 3581 1405 sit,
3609 1342 3745 1394 octo
3783 1352 3871 1393 an

2207 1432 2439 1489 decem.
2464 1431 2790 1489 Dubitandi
2812 1436 3015 1487 autem
3044 1446 3229 1486 causa
3256 1432 3364 1496 est,
3398 1427 3565 1503 quod
3588 1426 3869 1495 Ruﬁnus,

2206 1521 2313 1577 ubi
2342 1522 2644 1591 significat
2668 1521 2914 1577 vertisse
2946 1537 3007 1576 se
3055 1520 3265 1576 decem
3299 1517 3499 1575 Basilii
3537 1516 3867 1584 orationes,

2207 1611 2492 1681 ambigue
2514 1610 2750 1667 locutus
2771 1610 2872 1666 sit:
2906 1610 3011 1682 qui
3042 1615 3247 1665 tamen
3287 1607 3431 1663 alibi
3469 1606 3746 1662 distincte
3764 1605 3869 1661 di-

443 1691 685 1751 fortuna
706 1702 993 1753 utentem.
1024 1702 1090 1755 Et
1109 1700 1432 1773 interjectis
1470 1701 1695 1769 multis,
1736 1703 1820 1759 ita
1859 1702 2099 1774 scripsit
2137 1728 2176 1781 Β
2206 1702 2302 1769 cit,
2332 1717 2395 1756 se
2424 1701 2718 1757 duntaxat
2747 1705 2881 1756 octo
2912 1698 3109 1755 Basilii
3135 1697 3458 1755 conciones
3491 1695 3695 1752 Latine
3719 1694 3867 1749 red-

440 1783 607 1855 (pag.
630 1789 756 1851 701)
784 1804 796 1841 :
823 1789 982 1845 Novi
1007 1792 1164 1847 enim
1203 1794 1513 1863 quosdam,
1555 1797 1816 1851 maxime
1848 1810 1963 1861 eos,
1995 1796 2100 1865 qui

447 1872 632 1941 lepra:
652 1877 894 1933 macula
918 1884 1058 1934 sunt
1090 1895 1337 1949 corpore
1365 1883 1612 1953 aspersi,
1638 1883 1702 1938 in
1731 1888 1963 1939 tantam
2002 1883 2098 1939 tle-

442 1964 841 2030 sperationem
875 1983 992 2036 pro
1041 1968 1155 2026 hac
1180 1972 1372 2040 plaga
1415 1974 1634 2043 venire,
1676 1978 1738 2027 ut
1784 1977 2001 2042 putent
2038 1987 2100 2028 se

443 2064 686 2109 omnino
706 2053 1016 2112 destitutos
1043 2073 1163 2114 esse
1182 2073 1220 2115 a
1242 2061 1511 2117 Domino.
1543 2061 1752 2117 Statim
1773 2068 1976 2117 autem
2002 2078 2098 2116 eo-

443 2137 584 2194 dem
604 2139 704 2196 illo
732 2142 809 2197 de
837 2149 1053 2201 morbo
1081 2146 1358 2219 loquens,
1381 2148 1463 2205 ita
1492 2150 1867 2223 persequitur
1889 2167 1902 2206 :
1924 2153 2003 2206 Et
2031 2157 2097 2206 tu

444 2243 578 2283 cum
607 2231 687 2285 sis
718 2233 781 2287 in
820 2235 1021 2304 plagis
1061 2252 1133 2291 ac
1175 2237 1484 2294 doloribus
1526 2242 1901 2308 constitutus,
1933 2246 1986 2296 et
2016 2241 2099 2296 ad

443 2316 560 2373 hac
589 2320 755 2376 lutea
785 2322 931 2379 urbe
956 2326 1255 2396 exclusus,
1285 2342 1335 2382 si
1358 2329 1661 2397 sapienter
1705 2329 1831 2386 haec
1880 2330 2096 2386 tolera-

441 2409 618 2476 veris,
640 2415 697 2465 et
717 2409 1026 2469 humiliter
1048 2417 1165 2472 Deo
1187 2423 1287 2471 tuo
1311 2419 1603 2489 servieris,
1628 2420 1888 2475 civitatis
1908 2420 2095 2488 ipsius

442 2510 513 2553 ac
538 2500 810 2568 paradisi
827 2504 1071 2560 colonus
1100 2507 1400 2575 efﬁcieris.
1446 2509 1582 2564 Non
1607 2510 1761 2564 enim
1801 2525 1913 2578 pro
1932 2524 2095 2566 exse-

440 2587 708 2644 cratione
736 2593 977 2660 animle,
1008 2595 1113 2650 sed
1135 2603 1389 2664 propter
1415 2599 1769 2669 qualitatem
1792 2599 2096 2670 aegritudi-

440 2676 555 2744 nis,
579 2692 617 2733 a
636 2682 854 2748 populi
876 2687 1173 2741 consortio
1204 2689 1520 2755 recessisti,
1561 2703 1624 2745 eo
1665 2689 1823 2760 quod
1856 2691 2094 2759 generis

2204 1789 2457 1846 didisse.
2490 1792 2687 1846 Primo
2712 1789 2894 1860 igitur
2918 1788 3051 1844 loco
3076 1787 3170 1843 his
3200 1787 3402 1843 verbis
3433 1802 3577 1842 usus
3601 1788 3694 1840 est
3729 1784 3815 1855 (a)
3849 1801 3864 1840 :

2203 1879 2470 1935 Exstant
2499 1893 2730 1951 quoque
2762 1879 3075 1949 utriusque
3096 1878 3328 1948 ingenii
3350 1875 3597 1947 [Basilii
3624 1879 3679 1930 et
3718 1874 3868 1929 Gre-

2203 1969 2384 2040 gorii]
2414 1970 2781 2025 monimenta
2813 1969 3135 2038 magniﬁca
3175 1971 3549 2023 tractatuum
3592 1978 3738 2035 quos
3783 1978 3867 2020 ea;

2206 2064 2464 2127 tempore
2492 2059 2556 2114 in
2588 2059 2849 2114 ecclesiis
2879 2056 3328 2113 declamabant.
3380 2056 3479 2110 Ex
3512 2053 3724 2125 quibus
3750 2067 3864 2107 nos

2203 2148 2390 2204 denas
2417 2149 2607 2217 ferme
2630 2148 3013 2217 singularum
3055 2145 3475 2201 oratiunculas
3524 2141 3865 2211 transfudi-

2202 2253 2334 2293 mus
2361 2242 2422 2292 in
2453 2238 2760 2293 Latinum.
2784 2239 2913 2292 Non
2943 2235 3104 2290 enim
3134 2236 3548 2289 asseveranter
3568 2230 3712 2286 dicit
3730 2244 3865 2284 ver-

2202 2325 2344 2383 tisse
2360 2342 2422 2380 se
2444 2325 2656 2382 decem
2670 2325 2994 2391 orationes,
3011 2323 3115 2378 sed
3135 2322 3319 2377 ferme
3330 2321 3564 2376 decem.
3588 2323 3650 2374 In
3672 2317 3865 2374 altero

2204 2420 2406 2470 autem
2435 2414 2569 2470 loco
2600 2414 2680 2485 (b)
2706 2413 2957 2469 Ruﬁnus
2979 2411 3416 2484 Apronianum,
3441 2409 3537 2464 cui
3560 2424 3732 2463 suam
3761 2406 3864 2462 in-

2206 2504 2691 2575 terpretationem
2708 2500 3054 2570 dedicabat,
3076 2502 3159 2556 ita
3171 2500 3468 2557 allocutus
3484 2502 3573 2554 est
3596 2514 3609 2552 :
3633 2497 3866 2567 Aliqua

2204 2594 2313 2650 tibi
2331 2595 2393 2650 in
2413 2595 2697 2650 Latinum
2728 2594 2883 2649 verti
2903 2592 3045 2647 olim
3072 2604 3451 2660 poposceras,
3482 2587 3862 2656 Aproniane,

2197 2684 2293 2753 ﬁli
2319 2683 2694 2739 charissime:
2714 2681 2874 2752 quod
2892 2686 2946 2737 et
2978 2682 3241 2750 exparte
3259 2678 3472 2748 aliqua
3482 2676 3606 2746 feci
3622 2676 3684 2728 in
3708 2688 3866 2744 prae-

439 2765 568 2833 ejus
596 2768 836 2825 morbus
865 2774 955 2837 (ut
984 2775 1232 2842 quidam
1261 2790 1527 2833 asserere
1550 2778 1781 2849 volunt)
1809 2785 2092 2835 contactu
2198 2772 2355 2829 senti
2380 2772 2523 2827 dum
2543 2773 2603 2826 if!
2655 2770 2808 2827 Urbe
2836 2785 3037 2837 essem,
3068 2769 3172 2825 sed
3199 2774 3254 2824 ετ
3286 2782 3447 2823 nunc
3477 2766 3863 2836 αιίιῑυαηίωη

439 2868 546 2910 suo
574 2856 758 2911 soleat
782 2859 1079 2926 polluere.
1112 2866 1227 2918 Nec
1258 2864 1338 2919 ita
1369 2865 1559 2920 multo
1586 2866 1743 2923 infra
1773 2868 1856 2923 sic
1876 2867 2093 2937 legitur
2197 2861 2583 2917 addidi.0cto
2598 2875 2737 2930 ergo
2754 2858 3163 2916 BeatiBasilii
3181 2857 3381 2914 breves
3400 2856 3541 2911 istos
3563 2854 3865 2910 homileti-

441 2946 604 3012 (pag.
629 2948 754 3013 702)
783 2964 795 3001 :
840 2946 957 3003 Sed
984 2952 1267 3020 quoniam
1300 2969 1461 3010 nunc
1483 2955 1545 3011 in
1570 2955 1685 3012 hac
1725 2963 1902 3025 parte
1945 2959 2087 3013 oni-
2130 2979 2170 3035 ρ
2200 2966 2295 3008 cos
2317 2951 2610 3007 transtuli
2637 2950 2882 3005 libellos.
2909 2947 3083 3014 Quod
3110 2948 3290 3016 igitur
3305 2945 3388 3003 ait
3416 2942 3861 3001 eruditissimus

438 3045 597 3086 mum
620 3038 787 3092 tuum
809 3045 1108 3106 wgrotare
1125 3042 1423 3112 intelligo,
1447 3059 1579 3102 cum
1610 3047 1777 3103 dicas
1805 3046 1916 3103 hoc
1934 3063 1956 3103 :
1979 3048 2094 3115 Qui
2200 3040 2289 3094 vir
2315 3039 2813 3107 Tillemontius(c)
2835 3037 3044 3093 decem
3080 3035 3271 3092 Basilii
3300 3035 3605 3090 orationes
3653 3047 3690 3088 a
3732 3034 3858 3088 Ru-

437 3134 569 3176 cum
594 3123 779 3193 plaga
805 3126 992 3195 leprte
1020 3129 1094 3187 de
1121 3132 1344 3188 mundo
1365 3138 1705 3202 excesserit,
1737 3137 1824 3192 ita
1844 3152 1974 3193 eum
1995 3138 2089 3193 de-

437 3220 557 3262 nuo
570 3215 705 3277 post
726 3218 975 3269 mortem
998 3229 1327 3286 resurgere,
1353 3223 1460 3274 etc.
1488 3222 1568 3275 Ex
1589 3221 1810 3293 quibus
1832 3223 2090 3294 perspici

435 3299 653 3366 potest,
681 3304 1009 3373 auctorem,
1037 3320 1175 3359 cum
1207 3306 1514 3377 scriberet,
1544 3310 1877 3380 praesertim
1899 3309 1978 3366 ad
2004 3311 2092 3368 le-

437 3398 652 3455 prosos
679 3390 1035 3460 respexisse.
1070 3396 1196 3449 Non
1246 3411 1496 3467 possum
1541 3397 1689 3470 quin
1728 3405 1932 3456 notem
1976 3400 2089 3456 mi-

437 3474 750 3562 serrimam
780 3494 911 3535 esse
939 3482 1346 3541 conditionem
1377 3486 1765 3559 scriptorum,
1790 3488 1895 3561 qui
1926 3505 2089 3562 saepe

436 3560 511 3619 de
541 3563 723 3620 rebus
751 3572 857 3623 aut
884 3569 1140 3642 exiguis,
1175 3580 1280 3629 aut
1307 3574 1488 3630 etiam
1527 3576 1750 3635 nullius
1798 3560 2091 3636 momenti

436 3652 590 3708 serio
620 3653 931 3728 disputare
960 3668 1293 3733 coguntur;
1331 3672 1684 3740 contraque,
1728 3668 1955 3742 quibus
1986 3667 2089 3725 ali-

434 3744 684 3841 quando
714 3746 788 3803 de
815 3749 997 3805 rebus
1023 3752 1396 3822 gravissimis
1424 3756 1593 3830 loqui
1610 3773 1734 3814 non
1763 3758 1919 3815 licet.
1941 3761 2091 3815 Tan-

433 3833 556 3889 tine
581 3833 776 3904 fuerit,
817 3854 1045 3910 quaeso,
1078 3843 1389 3911 orationis,
1438 3862 1576 3918 quas
1624 3847 1828 3904 multis
1875 3850 2090 3907 merito

433 3919 566 3978 luce
595 3923 847 3995 indigna
875 3928 1065 3985 videri
1088 3938 1302 4002 potest,
1333 3941 1642 3992 auctorem
1665 3952 1848 3993 nosse
1868 3938 1896 3994 ?
1923 3941 2088 3996 Nunc

435 4014 900 4072 communicabo
939 4033 1079 4074 cum
1127 4021 1412 4077 studiosis
1448 4024 1784 4095 quamdam
1823 4025 2086 4082 hominis

433 4101 780 4172 peritissimi
809 4106 1220 4178 conjecturam
1271 4126 1408 4182 qua:
1454 4112 1621 4184 ipsis,
1669 4116 1907 4186 opinor,
1963 4130 2087 4171 non

2197 3128 2323 3185 tino
2344 3129 2549 3185 Latine
2579 3127 2846 3184 redditas
2871 3128 3076 3193 fuisse,
3122 3126 3197 3181 de
3246 3141 3317 3180 eo
3364 3124 3516 3180 mihi
3562 3138 3699 3179 cum
3750 3121 3859 3178 illo

2197 3233 2320 3273 non
2343 3217 2594 3273 omnino
2614 3216 2912 3273 convenit.
2933 3219 3082 3273 Nam
3103 3212 3336 3282 vocula,
3355 3213 3568 3283 femus,
3586 3226 3709 3284 qua
3732 3213 3858 3266 Ru-

2197 3306 2358 3361 ﬁnus
2378 3305 2577 3373 utitur,
2601 3305 2761 3376 facit,
2785 3308 2849 3361 ut
2877 3320 3014 3359 eum
3035 3318 3161 3359 non
3182 3301 3318 3375 plus
3355 3306 3491 3358 octo
3530 3301 3857 3366 orationes,

2198 3395 2444 3451 vertisse
2484 3394 2784 3467 suspicer;
2828 3408 3022 3466 eoque
3053 3392 3273 3462 magis,
3305 3391 3472 3465 quod
3501 3405 3622 3445 non
3652 3387 3863 3461 plures

2199 3484 2307 3540 sed
2332 3484 2580 3540 totidem
2601 3483 2681 3540 ad
2710 3482 3127 3556 Apronianum
3148 3481 3396 3537 miserit.
3422 3479 3593 3557 Quod
3615 3480 3665 3533 si
3684 3478 3861 3550 quis-

2197 3573 2363 3646 piam
2395 3572 2759 3630 contendere
2778 3572 2934 3643 velit,
2959 3586 3083 3627 non
3104 3586 3220 3641 ego
3256 3568 3651 3642 repugnabo:
3704 3565 3861 3621 satis

2198 3679 2329 3720 esse
2357 3662 2536 3729 duco,
2562 3662 2973 3733 conjecturam
2994 3676 3130 3735 quae
3151 3658 3294 3715 mihi
3335 3657 3598 3714 maxime
3624 3654 3860 3729 proba-

2196 3752 2333 3808 bilis
2361 3754 2489 3808 visa
2511 3757 2622 3822 est,
2644 3750 3018 3807 eruditorum
3051 3748 3282 3822 judicio
3319 3747 3685 3821 permisisse.
3735 3749 3860 3803 Nec

2196 3841 2449 3899 fortasse
2476 3842 2726 3898 Rufinus
2752 3839 2954 3913 plures
3006 3838 3270 3909 Gregorii
3308 3835 3665 3895 Nazianzeni
3708 3850 3858 3893 ora-

2197 3931 2390 3986 tiones
2415 3930 2477 3986 in
2514 3931 2783 3987 Latinam
2822 3927 3097 3998 linguam
3127 3926 3444 3984 transtulit.
3494 3929 3645 3983 Nam
3668 3924 3858 3981 hodie

2195 4035 2394 4091 neque
2419 4019 2480 4074 in
2507 4018 2839 4090 impressis,
2873 4032 3070 4090 neque
3095 4016 3156 4071 in
3188 4014 3489 4072 veteribus
3514 4013 3683 4071 libris
3711 4011 3857 4085 plus

2194 4114 2426 4180 septem
2446 4114 2548 4163 aut
2575 4113 2709 4163 octo
2731 4107 3118 4163 inveniuntur
3174 4105 3276 4178 (ά).

390 4234 393 4239 ’
432 4188 983 4313 ῗξῗξξθῗδῗῗξῗῗίῗί
1005 4196 1185 4296 igitur
1213 4199 1450 4313 νίξξοη
1475 4202 1690 4313 Pinus,
1709 4204 1834 4313 ac“,
1855 4204 2086 4303 ἀυίξίθίο
2121 4227 2164 4280 ι)
2231 4246 2258 4312 §
2290 4244 2424 4298 xw.
2449 4242 2559 4299 Ubi
2586 4242 2659 4298 de
2684 4242 2903 4299 erratis
2931 4240 3290 4313 quibusdam
3321 4240 3485 4307 meis,
3513 4238 3700 4309 deque
3727 4234 3818 4290 di-

432 4292 620 4349 quam
652 4290 828 4338 acuto
856 4286 1101 4355 mgenio
1130 4289 1440 4360 praeditus,
1473 4290 1633 4348 hanc
1675 4290 2086 4350 lucubratiun-

433 4366 627 4423 culam
659 4386 695 4427 a
725 4372 888 4429 Gallo
934 4377 1335 4449 compositam
1360 4378 1565 4449 fuisse,
1614 4380 1891 4439 videlicet
1939 4388 2084 4439 tem-

430 4469 598 4527 pore,
630 4473 754 4529 quo
782 4460 963 4533 lepra:
982 4463 1107 4521 lues
1126 4467 1237 4524 has
1260 4469 1535 4539 regiones
1555 4472 1819 4528 maxime
1844 4472 2085 4530 infesta-

430 4548 540 4635 ret.
588 4548 932 4606 Secundam
979 4560 1181 4611 autem
1229 4558 1672 4617 oratiunculam
1724 4568 1906 4635 caput
1955 4578 2086 4619 esse

430 4631 738 4693 decimum
766 4654 997 4697 nonum
1036 4642 1221 4702 libelli
1263 4648 1584 4718 cujusdam
1620 4652 1768 4708 Petri
1799 4631 2087 4709 bamiani

431 4724 494 4780 in
522 4746 549 4776 α
573 4727 861 4787 Dominus
884 4732 1204 4801 vobiscum,
1238 4756 1265 4785 »
1297 4736 1427 4807 jam
1458 4737 1557 4794 alii
1604 4745 1904 4797 notarunt.
1946 4745 2084 4798 Ter—

430 4813 580 4872 tium
608 4817 870 4894 denique
900 4823 1264 4895 opusculum
1312 4826 1615 4885 afﬁrmare
1647 4832 1843 4887 ausim
1886 4831 2085 4888 Basilii

428 4907 677 4979 quidem
691 4925 818 4966 non
833 4926 1000 4969 esse:
1034 4913 1140 4970 sed
1166 4920 1269 4971 aut
1298 4931 1335 4972 a
1363 4933 1508 4990 quo,
1544 4924 1649 4976 aut
1663 4936 1786 4993 quo
1814 4926 2084 4993 tempore

425 4993 815 5057 lucubratum
846 5001 937 5071 sit,
961 5001 1140 5075 plane
1170 5004 1403 5076 ignoro.

500 5091 589 5144 61.
615 5091 893 5163 Sequitur
910 5094 1316 5165 quarumdam
1340 5098 1533 5155 Basilii
1555 5100 1895 5157 orationum
1914 5104 2085 5157 vetus

428 5177 844 5251 interpretatio
871 5195 1035 5256 (pag.
1054 5190 1181 5258 713)
1207 5203 1220 5241 :
1253 5188 1426 5259 cujus
1456 5188 1705 5246 Ruﬁnus
1736 5197 1944 5248 auctor
1971 5196 2080 5247 est.

428 5267 574 5331 Rem
610 5274 813 5328 autem
843 5274 1089 5331 eruditis
1130 5276 1476 5335 hominibus
1517 5285 1755 5351 gratam
1783 5280 2083 5338 facturum

501 5393 581 5465 (a)
607 5395 761 5451 Hist.
792 5395 832 5451 l.
861 5413 921 5465 ιι,
954 5414 1005 5455 c.
1034 5403 1085 5454 9.

498 5470 579 5616 ἑὸς
608 5470 758 5539 Lege
783 5474 960 5546 App.,
994 5488 1055 5547 p.
1088 5477 1215 5530 713.

524 5558 555 5599 c
598 5544 763 5599 Tom.
793 5542 888 5613 IX,
918 5560 982 5616 p.
1014 5547 1140 5601 301.

524 5542 576 5616 c)
598 5544 763 5599 Tom.
793 5542 895 5613 IX,
918 5542 1140 5616 p.301.

2813 4334 2997 4389 versis
3035 4331 3230 4388 rebus.

2268 4473 2356 4526 62.
2387 4467 2596 4526 Notavi
2625 4466 2921 4523 nonnulla
2949 4468 3012 4521 in
3040 4464 3462 4521 Ambrosium:
3495 4476 3756 4537 quorum
3785 4461 3855 4517 in

2194 4575 2318 4616 uno
2342 4558 2746 4614 hallucinatus
2768 4572 2904 4611 sum
2932 4563 3025 4628 te).
3057 4558 3259 4628 Neque
3288 4569 3428 4611 vero
3458 4551 3585 4608 leve
3615 4555 3704 4607 est
3730 4549 3852 4606 hoc

2195 4648 2510 4718 mendum,
2538 4645 2644 4702 sed
2667 4644 2804 4713 tale,
2837 4650 2900 4699 ut
2920 4660 2996 4700 ne
3020 4660 3208 4717 puero
3237 4643 3486 4717 quidem
3516 4639 3853 4697 condonari

2195 4738 2369 4795 facile
2399 4737 2608 4809 possit.
2631 4738 2780 4790 Nam
2801 4734 2896 4790 vel
2920 4734 3033 4807 ipsi
3072 4733 3349 4791 infantuli
3386 4732 3596 4789 oculos
3634 4728 3851 4786 saltem

2194 4826 2510 4901 paululum
2531 4824 2801 4881 attollere
2830 4828 3121 4897 possunt:
3162 4823 3329 4898 quod
3359 4823 3408 4879 si
3451 4822 3587 4896 quis
3624 4818 3848 4886 fecerit,

2194 4917 2395 4974 statim
2418 4933 2491 4972 ex
2519 4915 2591 4970 iis
2622 4928 2759 4987 quae
2808 4914 3085 4986 proxime
3134 4912 3499 4971 antecedunt
3547 4907 3852 4966 Ambrosii

2191 5007 2392 5063 verbis
2424 5007 2494 5076 (Γ)
2524 5003 2831 5074 intelliget,
2866 5003 2982 5073 legi
3004 5002 3104 5059 illo
3148 5002 3277 5059 loco
3320 5000 3560 5067 debere,
3597 5014 3743 5066 non,
3786 5001 3854 5054 ut

2192 5095 2515 5165 duxi,Noli
2527 5109 2667 5165 ergo
2689 5096 2802 5150 Deo
2827 5108 2948 5149 non
2974 5093 3233 5160 credere,
3258 5092 3365 5148 sed
3391 5091 3496 5159 ita,
3527 5089 3676 5146 utin
3723 5088 3854 5145 vul-

2192 5186 2348 5258 gatis
2368 5184 2602 5255 legitur,
2625 5184 2768 5240 Noli
2787 5198 2922 5253 ergo
2939 5183 3117 5238 Deum
3141 5183 3400 5247 credere,
3429 5181 3545 5237 hoc
3575 5184 3685 5244 est,
3710 5192 3854 5235 cave

2192 5277 2402 5336 credas
2430 5277 2612 5333 solem
2643 5277 2831 5333 Deum
2858 5288 3002 5331 esse.
3038 5272 3215 5330 Plura
3243 5289 3316 5331 ea
3344 5272 3420 5331 de
3439 5289 3504 5330 re
3532 5272 3732 5331 dicere
3759 5272 3851 5329 in-

2265 5404 2351 5476 (d)
2380 5406 2528 5472 Lege
2554 5399 2784 5476 :l‘il_lem.
2815 5403 2856 5456 t.
2886 5396 2990 5476 DS,
3018 5412 3078 5469 p.
3107 5401 3232 5454 559.

2253 5471 2518 5545 (uram.
2554 5473 2594 5540 Ι,
2629 5471 2798 5545 Praef.
2832 5484 2892 5525 n.
2925 5473 3017 5523 25.

2250 5543 2320 5619 (Γ)
2354 5544 2480 5602 Lib.
2508 5560 2588 5611 1v,
2621 5559 2685 5599 in
2713 5543 2895 5607 Hea,
2922 5555 2983 5597 n.
3021 5544 3072 5596 1.
