4058 6192
174 248 264 306 15ἱῖ
1692 251 1833 308 ΡΜ

1943 250 2077 306 T10.

3495 253 3599 306 $58

168 372 473 428 stitueram
510 393 526 428 :
553 372 666 428 sed
695 376 787 429 est
821 388 1031 440 causa,
1061 389 1169 430 cur
1196 389 1269 431 ea
1294 374 1357 430 in
1395 372 1562 430 aliud
1589 377 1827 445 tempus
1855 376 1903 431 Α
1940 370 2181 427 videare
2211 390 2224 428 :
2274 375 2382 431 sed
2410 390 2552 431 eum
2590 374 3010 438 nihilominus,
3051 376 3117 429 ut
3162 373 3310 440 dixi,
3340 374 3507 430 omni
3532 390 3597 431 re

167 461 383 531 reiecta
403 461 627 518 velim.
657 466 955 535 Interpres
977 462 1197 536 psalmi
1220 480 1402 519 xxvm
1424 479 1559 519 cum
1581 462 1666 518 ita
1692 460 1832 517 scri-

168 550 371 620 psisset
400 552 583 622 (pag.
625 552 754 622 355)
778 569 793 607 :
844 556 947 605 Καὶ
976 553 1006 611 ἠ
1041 551 1096 604 ἐκ
1124 560 1215 604 τοῦ
1245 558 1467 626 μαμωνᾶ
1494 560 1591 614 τῆς
1620 547 1833 609 ἀδικίας

166 645 396 713 γυθμένη
443 641 601 714 φιλία
641 650 987 710 κατασκηνοῖ,
1018 641 1216 716 inepte
1255 647 1311 698 et
1341 641 1569 698 insulse
1596 640 1833 696 locutus

166 729 337 785 fuisse
381 730 546 787 mihi
590 731 761 786 visus
796 736 886 788 est
930 732 1056 802 (a):
1104 735 1162 788 et
1205 736 1413 788 tamen
1457 747 1529 788 ex
1561 730 1657 786 his
1697 744 1833 800 quas

165 820 326 874 retuli
356 819 576 875 verbis
609 825 750 893 apta
787 825 846 876 et
880 820 1102 876 idonea
1132 821 1447 886 sententia,
1487 834 1681 893 eaque
1710 832 1836 872 non

164 908 422 965 obscura
434 908 726 966 eﬂicitur.
744 910 1280 981 Signiﬁcavitenim
1298 910 1616 983 interpres,
1630 905 1837 964 amici-

164 996 317 1063 tiam,
336 1014 487 1070 que‘
511 1015 590 1053 ex
610 1015 967 1055 mammona
986 999 1316 1072 iniquitatis
1337 998 1709 1065 conciliatur,
1726 1011 1835 1051 no-

163 1085 245 1142 bis
270 1086 350 1141 ad
379 1087 649 1144 beatam
678 1089 951 1160 requiem
980 1087 1216 1144 aditum
1244 1088 1412 1143 dare.
1447 1087 1559 1142 Ubi
1589 1085 1715 1142 dixi
1758 1085 1839 1155 (b)

161 1175 291 1231 illud
320 1174 491 1248 psal.
515 1191 665 1232 CXV:
695 1176 831 1231 Ἀλλ’
850 1179 952 1232 εἰθε
974 1175 1134 1250 κάμοὶ
1153 1180 1352 1249 γένοιτο
1372 1183 1655 1229 πιστεῦσαι
1680 1172 1837 1236 ἀξίως

161 1268 231 1316 in
262 1264 390 1323 λαὶὴ
403 1285 490 1317 σω
517 1274 613 1317 νῦν
740 1266 1028 1339 Ἐκκλησίᾳ
1054 1275 1145 1319 τοῦ
1185 1273 1318 1321 Θεοῦ
1348 1274 1409 1338 τῇ
1439 1264 1634 1338 μεγάλῄ
1668 1266 1831 1335 ταύτῃ

158 1354 328 1425 λόγως
366 1353 421 1407 ἓν
470 1363 552 1425 τῷ
590 1358 674 1407 imi
710 1375 811 1428 μου
843 1354 1344 1427 ἁποτηγανίζεσθαι,
1371 1355 1489 1411 Sed
1515 1356 1750 1410 utinam
1779 1357 1835 1407 et

155 1445 294 1499 mihi
348 1446 689 1514 contingat
736 1445 920 1514 digne
967 1445 1227 1511 credere,
1278 1449 1345 1499 ut
1381 1459 1546 1500 nunc
1594 1458 1835 1513 magna:

157 1532 288 1587 huic
346 1533 471 1588 Dei
516 1532 809 1589 Ecclesia
848 1531 1033 1589 verba
1075 1535 1335 1605 quinque
1375 1533 1441 1587 in
1483 1546 1659 1589 sensu
1708 1545 1833 1587 meo

157 1621 390 1693 loquar,
423 1620 543 1677 ubi
574 1620 763 1691 igitur
788 1621 917 1677 dixi
940 1621 1073 1677 haec
1099 1620 1288 1677 verba
1316 1620 1464 1676 mihi
1493 1619 1830 1692 displicere.

1938 461 2339 533 considerata,
2354 465 2638 521 Cornario
2652 463 2914 537 praeferri
2926 463 3149 519 debere
3159 463 3454 520 existimo.
3470 467 3599 522 Non

1940 550 2337 622 committam,
2390 556 2455 608 ut
2504 552 2777 608 sodalem
2825 557 3102 607 nostrum
3153 553 3451 607 Joannem
3506 555 3603 608 Ja-

1940 638 2165 694 cobum
2186 641 2461 714 Raverdy
2484 658 2607 698 non
2626 640 2895 712 laudem,
2913 641 3228 697 hominem
3246 641 3420 696 multi
3435 640 3602 697 labo-

1939 726 2042 793 ris,
2067 732 2126 783 et
2147 728 2225 783 ad
2244 729 2408 785 bona
2431 730 2634 786 studia
2649 729 2925 800 juvanda
2944 734 3158 785 natum
3184 745 3197 783 :
3221 729 3327 802 qui
3352 745 3600 786 omnem

1943 832 2150 872 curam
2181 823 2361 891 atque
2385 836 2635 892 operam
2665 819 2726 874 in
2756 835 2828 874 eo
2848 819 3074 891 posuit,
3116 824 3178 873 ut
3218 835 3413 874 novus
3444 820 3601 876 Basi-

1941 904 2056 960 lius
2086 906 2327 964 nitidior
2347 913 2404 963 et
2431 908 2808 965 emendatior
2836 907 3093 977 legatur.
3121 907 3286 962 Alius
3318 924 3350 963 e
3380 908 3600 964 nostris

1944 994 2259 1051 sodalibus
2289 997 2547 1052 indicem
2575 1014 2761 1070 quam
2789 996 3244 1066 diligentissime
3271 997 3598 1053 contexuit.

1945 1084 2320 1156 Conquestus
2360 1091 2449 1142 est
2486 1086 2576 1142 vir
2607 1085 2981 1141 clarissimus
3006 1086 3290 1157 idemque
3320 1084 3598 1140 doctissi-

1944 1187 2101 1239 mus,
2126 1189 2221 1229 me
2249 1174 2485 1230 nullum
2507 1179 2932 1244 argumentum
2955 1173 3245 1239 attulisse,
3271 1190 3345 1228 ex
3364 1189 3488 1246 quo
3510 1173 3600 1229 ef-

1942 1262 2040 1318 ﬁci
2061 1269 2284 1336 posset.
2306 1264 2586 1319 Basilium
2604 1263 2755 1319 tcrtii
2775 1265 2837 1317 in
2858 1264 3217 1318 Eunomia»:
3243 1262 3379 1317 libri
3399 1268 3601 1318 aucto-

1942 1367 2071 1407 rem
2090 1368 2224 1407 esse
2250 1369 2261 1406 :
2284 1352 2347 1407 id
2368 1352 2535 1425 quod
2552 1357 2754 1407 tamen
2777 1351 3197 1424 promiseram.
3222 1351 3329 1406 Hic
3349 1352 3603 1423 promis-

1943 1458 2079 1496 sum
2110 1441 2499 1514 complerem,
2526 1440 3019 1512 nisijudicarem,
3047 1456 3163 1509 me,
3182 1456 3322 1495 cum
3347 1440 3599 1496 intertio

1939 1529 2245 1586 volumine
2259 1530 2529 1602 praeclari
2544 1529 2703 1584 illius
2716 1531 2804 1585 De
2822 1530 3054 1601 Spiritu
3074 1535 3282 1584 sancto
3302 1528 3438 1584 libri
3455 1528 3601 1598 legi-

1940 1619 2151 1674 timum
2168 1624 2477 1691 parentem
2490 1618 2799 1687 indagabo
2811 1660 2824 1683 ,
2839 1618 3025 1673 multo
3044 1617 3427 1673 commodius
3443 1632 3515 1673 ea
3527 1617 3603 1673 de

154 1725 269 1766 non
296 1711 554 1777 monui,
588 1710 653 1765 id
681 1726 806 1783 quo
836 1710 1109 1781 decebat,
1144 1709 1357 1766 eadem
1383 1708 1550 1782 apud
1578 1708 1832 1764 Paulum
1864 1728 1903 1781 Β
1939 1724 2001 1763 re
2030 1707 2397 1763 locuturum.
2435 1710 2581 1764 Cum
2615 1707 2798 1779 paulo
2828 1712 2963 1762 ante
2996 1720 3189 1772 (num.
3221 1708 3311 1775 48)
3344 1705 3602 1779 probare

156 1798 405 1855 inveniri
430 1799 696 1873 quidem
709 1801 778 1866 ⁵⁵,
803 1799 911 1856 sed
938 1815 1126 1855 sensu
1146 1799 1282 1855 alio.
1316 1802 1465 1854 Nam
1490 1798 1654 1870 apud
1676 1804 1831 1869 Apo-

156 1891 376 1944 stolum
394 1904 531 1945 non
548 1888 631 1945 de
654 1888 796 1957 ﬁde,
828 1889 935 1944 sed
957 1889 1034 1945 de
1056 1889 1309 1962 simplici
1330 1887 1553 1958 linguae
1577 1887 1833 1959 alicujus

157 1978 370 2035 notitia
392 1994 611 2034 sermo
639 1978 919 2034 habetur.
942 1979 1101 2034 Inter
1127 1982 1343 2034 caetera
1370 1976 1672 2033 vocabula
1694 1992 1832 2049 quae

157 2068 317 2141 apud
369 2067 672 2123 Basilium
701 2068 991 2124 inusitata
1019 2084 1152 2124 esse
1191 2067 1550 2137 existimavi,
1582 2065 1834 2121 verbum

154 2174 401 2232 quoque
444 2156 941 2229 ἀποτηγανίζεσθαι
984 2158 1280 2230 reperitur
1319 2157 1433 2229 (c):
1475 2171 1599 2228 quo
1629 2161 1834 2211 tamen

156 2254 358 2304 orator
385 2249 676 2321 optimus
704 2248 769 2304 in
796 2248 998 2320 prima
1022 2248 1107 2304 De
1119 2248 1360 2318 jejunio
1390 2246 1662 2303 oratione
1688 2261 1833 2299 usus

156 2343 257 2394 est.
289 2336 591 2394 Similiter
616 2336 723 2392 ubi
750 2336 956 2393 notavi
983 2335 1132 2391 illud
1163 2337 1270 2403 (ά),
1304 2333 1432 2388 εἶναι
1461 2338 1526 2386 τὰ
1555 2336 1671 2393 ἔθνη
1698 2354 1833 2405 συγ-

154 2426 457 2499 κλερονόμα
478 2431 576 2477 καὶ
610 2428 891 2499 σύσσωμα,
917 2441 1040 2480 non
1066 2425 1149 2480 ita
1173 2423 1524 2497 simpliciter
1544 2424 1833 2495 scriptum

153 2516 532 2587 oportuisse,
563 2514 674 2570 sed
697 2515 842 2571 addi
870 2514 1177 2583 debuisse,
1206 2514 1278 2577 εἰς
1307 2519 1365 2567 τό
1387 2520 1449 2570 ut
1470 2517 1647 2579 esset,
1675 2514 1745 2575 εἰς
1774 2516 1833 2565 τὸ

157 2602 283 2657 εἴκει
307 2608 399 2669 τά,
419 2609 568 2660 etc..
599 2604 884 2676 opinione
906 2619 1044 2660 mea
1062 2603 1244 2660 falsus
1273 2620 1433 2659 sum.
1449 2605 1653 2675 Neque
1671 2602 1831 2658 enim

155 2690 407 2761 madnig
429 2689 693 2762 ré,apud
708 2688 1052 2762 apostolum
1067 2686 1318 2745 Paulum
1330 2688 1618 2759 legitur“,
1637 2702 1834 2760 neque

158 2781 237 2837 ab
254 2782 596 2852 interprete
615 2782 819 2836 Graeco
834 2779 1013 2850 adiici
1034 2779 1251 2836 decuit.
1278 2782 1428 2836 Cum
1443 2778 1835 2834 instituissem

160 2886 517 2927 sermonem
566 2869 645 2925 de
686 2868 1115 2941 interpretibus
1154 2868 1349 2924 Basilii
1387 2868 1482 2938 (ε),
1530 2867 1835 2923 Adamum

158 2963 542 3029 Fumanum,
592 2959 697 3032 qui
728 2960 1001 3016 Ascetica
1046 2959 1471 3031 interpretatus
1507 2961 1617 3023 est,
1666 2955 1834 3011 nullo

163 3049 527 3107 discriminc
551 3048 769 3105 habui:
810 3063 999 3121 quem
1038 3053 1239 3103 tamen
1278 3063 1418 3103 cum
1448 3044 1715 3102 Ascetica
1750 3061 1837 3100 re-

1942 1812 2211 1861 conarcr,
2248 1796 2559 1853 Sozomeni
2590 1796 2811 1863 locum,
2853 1796 2914 1851 in
2953 1812 3077 1867 quo
3106 1795 3309 1850 Basilii
3340 1795 3605 1852 Ascetica

1942 1902 1978 1942 a
1998 1885 2367 1958 quibusdam
2391 1885 2700 1941 Eustathio
2733 1884 3068 1941 Sehasteno
3099 1884 3388 1940 attributa
3416 1883 3602 1939 fuisse

1941 1974 2243 2043 dicuntur,
2272 1990 2396 2030 non
2434 1974 2509 2029 de
2540 1974 2801 2045 Regulis,
2835 1974 2940 2029 sed
2972 1973 3046 2028 de
3071 1973 3426 2028 monasticis
3455 1988 3601 2028 con-

1942 2063 2349 2119 stitutionibus
2363 2062 2785 2136 accipiendum
2798 2062 3070 2131 esse,hoc
3084 2066 3444 2132 argumento
3457 2078 3604 2117 usus

1941 2169 2099 2220 sum,
2114 2151 2277 2225 quod
2301 2152 2350 2208 si
2374 2154 2739 2208 Sozomenus
2754 2151 2996 2223 regulas
3017 2150 3284 2206 indicare
3297 2150 3602 2217 voluisset,

1941 2242 2024 2297 ita
2066 2241 2141 2297 de
2186 2241 2279 2297 his
2321 2241 2561 2297 fecisset
2599 2241 2995 2307 mentionem,
3052 2244 3118 2295 ut
3161 2240 3604 2312 Scripturarum

1941 2331 2303 2397 testimonia,
2336 2329 2560 2403 quibus
2592 2330 2822 2385 refertae
2872 2334 3030 2393 sunt,
3061 2328 3370 2385 laudasset
3402 2346 3413 2383 :
3446 2343 3602 2401 quo-

1942 2435 2077 2475 rum
2111 2419 2431 2491 Scripturaa
2452 2419 2724 2475 locorum
2751 2418 3159 2474 meminerunt
3188 2417 3436 2472 Ruﬁnus
3464 2420 3604 2473 Cas-

1943 2509 2271 2581 sianusque
2301 2512 2358 2563 et
2392 2508 2639 2563 Photius
2670 2509 2764 2577 if).
2799 2508 2923 2563 Hoc
2949 2511 3151 2562 autem
3172 2506 3386 2562 eodem
3415 2504 3603 2560 modo

1947 2597 2312 2653 intellectum
2356 2597 2516 2652 nolo.
2547 2601 2694 2654 Cum
2726 2596 2886 2651 enim
2920 2596 3244 2652 Cassianus
3273 2599 3332 2650 et
3361 2594 3603 2650 Photius

1942 2685 2017 2741 de
2038 2686 2131 2741 his
2161 2686 2522 2742 testimoniis
2554 2701 2836 2757 expresse
2859 2684 3227 2740 mentionem
3255 2683 3604 2754 habuerint,

1942 2780 2145 2832 tamen
2185 2775 2434 2831 Rufinus
2463 2791 2536 2831 ea
2566 2774 2881 2847 perspicue
2921 2778 3131 2829 notare
3169 2773 3313 2829 satis
3339 2771 3556 2828 habuit
3586 2788 3600 2826 :

1943 2864 2049 2937 qui
2078 2864 2302 2921 scilicet
2339 2864 2413 2919 dc
2447 2862 2647 2919 Basilii
2675 2863 2985 2936 responsis
3020 2862 3100 2934 (g)
3141 2861 3377 2918 locutus
3409 2862 3504 2933 sit,
3540 2860 3605 2917 in

1943 2952 2166 3025 quibus
2208 2952 2512 3024 ejusmodi
2552 2952 2992 3025 Scriptararum
3021 2950 3157 3007 loca
3196 2950 3604 3007 continentur.

1946 3045 2025 3097 De
2046 3041 2412 3114 panegyrica
2441 3043 2733 3107 oratione,
2764 3057 2901 3113 qua;
2932 3040 3007 3097 de
3032 3044 3295 3112 martyre
3327 3038 3603 3095 Barlaam

546 3103 802 3209 vulgum
830 3103 1225 3210 interpretum
1262 3136 1443 3205 longe
1482 3134 1835 3191 antecellere
1866 3103 1906 3159 Ο
1943 3103 2153 3186 habita
2171 3103 2299 3198 fuit,
2316 3130 2557 3203 copiose
2577 3103 2824 3202 quidem
2845 3103 3221 3201 disputatum
3243 3132 3364 3183 est:
3390 3126 3497 3182 sed
3517 3130 3603 3182 ta-

166 3229 460 3287 intellexi.
500 3229 729 3284 Janum
760 3227 1117 3285 Cornarium
1143 3224 1412 3295 laudavi,
1444 3241 1629 3297 quem
1656 3223 1834 3280 laude

164 3319 425 3391 dignum
476 3319 816 3375 etiamnum
846 3322 1033 3390 puto:
1068 3315 1176 3371 sed
1213 3314 1266 3371 ei
1296 3319 1499 3370 tamen
1526 3315 1835 3369 Fumanus

163 3406 642 3483 anteponendus
662 3422 794 3463 esse
814 3405 962 3462 mihi
983 3404 1233 3461 videtur.
1259 3403 1579 3460 Carnarius
1599 3402 1836 3457 fidelius

163 3499 414 3566 quidem
451 3513 644 3571 quam
676 3495 1051 3568 temporibus
1075 3493 1189 3550 illis
1227 3493 1355 3549 ﬁeri
1386 3492 1622 3561 soleret,
1655 3491 1832 3547 inter-

162 3594 441 3662 pretatus
463 3591 558 3644 est
586 3605 600 3643 :
624 3586 732 3642 sed
761 3589 1167 3659 praeterquam
1197 3583 1364 3657 quod
1391 3583 1520 3654 ejus
1544 3581 1834 3654 interpre-

161 3681 306 3736 tatio
329 3679 502 3735 dura
533 3676 617 3732 sit
643 3690 989 3749 asperaque
1018 3678 1075 3731 et
1102 3674 1307 3729 minus
1340 3671 1568 3741 Latina,
1593 3687 1753 3743 saepe
1779 3675 1838 3727 et

162 3771 287 3843 ipse
315 3782 586 3843 quoque
616 3766 882 3822 auctoris
919 3763 1281 3821 sententiam
1313 3778 1433 3819 non
1471 3766 1833 3818 consecutus

164 3865 271 3916 est.
311 3864 392 3916 At
448 3860 761 3914 Fumanus
806 3854 1009 3911 Latine
1049 3868 1222 3926 asque
1271 3868 1342 3908 ac
1381 3854 1580 3908 Graece
1619 3849 1837 3906 doctus

163 3955 287 4006 erat
328 3966 345 4004 :
400 3947 516 4021 qui
563 3945 678 4001 etsi
715 3943 1085 4015 frequentius
1126 3942 1205 3999 ab
1243 3941 1506 3998 auctoris
1540 3939 1834 3996 sententia

164 4038 521 4099 abet-nbat,
557 4035 621 4090 id
659 4033 873 4089 vitium
912 4032 1222 4088 Latinitate
1258 4030 1631 4087 accuratiore
1668 4044 1832 4084 com-

159 4128 490 4201 pensabat.
512 4128 634 4182 Nec
652 4121 1049 4179 dissimulabo
1077 4122 1416 4177 Fumanum
1448 4121 1508 4175 in
1533 4134 1830 4189 magnum

158 4218 322 4274 aliud
352 4216 608 4284 vitium,
644 4228 684 4269 a
717 4228 843 4285 quo
880 4211 1206 4268 Carnarius
1234 4208 1643 4266 alienissimus
1680 4211 1827 4273 erat,

156 4307 474 4363 incidisse.
498 4307 589 4359 ιιι
611 4300 777 4358 enim
799 4303 1004 4357 Graeca
1026 4300 1225 4356 Latine
1250 4297 1560 4365 reddebat,
1578 4302 1640 4352 ut
1654 4312 1829 4369 para-

158 4396 435 4469 phrasim
464 4392 680 4467 potius
703 4405 891 4464 quam
918 4388 1468 4462 interpretationem
1493 4385 1691 4457 legere
1717 4384 1825 4442 tibi

226 4523 275 4558 5‘
313 4525 335 4578 ι
363 4522 507 4578 Cor.
539 4533 666 4584 nv,
703 4519 794 4571 19.
878 4514 926 4549 ⁵⁸
958 4512 1174 4585 Ephes.
1200 4527 1284 4580 ιιι,
1316 4514 1368 4566 6.

223 4704 303 4767 ta)
346 4703 411 4756 in
452 4691 669 4767 Prmf.,
709 4695 754 4749 t.
796 4691 842 4761 Ι,
880 4706 942 4747 ιι.
985 4692 1073 4767 34.

223 4764 301 4841 (b)
344 4775 411 4827 In
454 4764 665 4841 Praei},
708 4768 750 4841 t.
796 4767 840 4841 ξ,
881 4777 945 4816 ιι.
986 4765 1072 4841 il.

223 4773 279 4841 (b
344 4775 411 4827 In
454 4773 665 4828 Praen,
708 4773 750 4819 t.
796 4773 840 4830 l,
881 4777 945 4816 ιι.
986 4773 1072 4818 In.

219 4773 301 4975 (ἐ
334 4844 407 4899 In
447 4836 665 4899 Praei,
710 4838 753 4891 t.
796 4838 839 4900 Ι,
880 4849 943 4888 ιι.
986 4835 1072 4921 ὕξ.

219 4924 230 4975 ἶ
336 4921 406 4973 ιιι
450 4909 664 4975 Ρτωὶη
704 4913 751 4961 t.
793 4907 838 4971 ι,
880 4920 944 4961 ιι.
986 4908 1072 4960 5b.

216 4907 297 4987 (ιιι
336 4921 406 4973 tn
450 4909 664 4981 emat,
704 4913 751 4961 t.
793 4907 838 4971 ι,
880 4920 944 4961 ιι.
986 4908 1073 4960 55.

1944 3237 2084 3277 men
2104 3220 2280 3276 omisi
2302 3220 2469 3293 quod
2489 3223 2698 3275 notatu
2723 3234 2846 3274 non
2871 3217 3194 3288 indignum
3221 3222 3350 3273 erat
3368 3217 3478 3287 (ἡ),
3507 3215 3602 3272 vi-

1944 3310 2157 3366 delicet
2181 3310 2240 3365 in
2268 3309 2679 3366 vetustissimo
2709 3308 2863 3364 libro
2894 3309 2975 3364 ita
3001 3307 3290 3380 scriptum
3311 3305 3601 3362 inveniri:

1944 3400 2034 3463 Εἰς
2075 3404 2160 3452 τὸν
2209 3400 2355 3471 ἅγιον
2400 3398 2645 3473 Βαρλαὰμ.
2692 3402 2778 3450 τὸν
2822 3399 3124 3469 Ἀντιοχείᾳ
3168 3401 3607 3471 μαρτυρήσαντα,

1944 3492 2015 3547 In
2045 3497 2319 3547 sanctum
2357 3490 2675 3556 Barlaam,
2726 3489 2834 3560 qui
2867 3485 3205 3543 Antiochia:
3229 3502 3442 3555 passus
3473 3491 3559 3541 est
3586 3501 3600 3539 :

1943 3596 2066 3653 qua
2085 3585 2222 3635 nota
2252 3578 2457 3651 opinio
2486 3581 2695 3633 nostra
2716 3591 2837 3631 non
2860 3574 3011 3631 nihil
3036 3574 3447 3629 conﬁrmatur.
3482 3573 3603 3629 Etsi

1943 3669 2104 3726 enim
2143 3667 2288 3725 talia
2324 3682 2446 3722 non
2487 3671 2626 3720 sunt
2666 3663 2967 3736 ejusmodi
3008 3662 3385 3718 librariorum
3435 3661 3602 3718 testi-

1942 3758 2170 3825 monia,
2202 3762 2268 3812 ut
2290 3755 2628 3829 quidquam
2649 3770 2721 3810 ex
2760 3752 2855 3808 his
2883 3758 3045 3808 certo
3072 3750 3351 3808 concludi
3387 3751 3601 3824 possit,

1943 3852 2144 3904 tamen
2172 3862 2297 3903 non
2325 3844 2578 3901 omnino
2599 3841 3046 3899 contemnenda
3083 3856 3153 3897 ea
3184 3856 3318 3897 esse
3346 3845 3602 3898 constat.

2015 3939 2184 4009 Saepe
2202 3934 2545 4006 rogavitme
2566 3933 2656 3988 vir
2673 3931 3044 3987 clarissimus
3058 3931 3324 3986 Joannes
3344 3930 3606 4002 Baptista

1941 4026 2260 4098 Coignard,
2302 4024 2501 4094 regius
2532 4020 3144 4094 architypographus,
3173 4024 3236 4075 ut
3266 4035 3600 4087 monerem,

1941 4117 1988 4171 si
2008 4115 2247 4171 tertium
2269 4112 2551 4169 volumen
2573 4126 2697 4167 non
2730 4115 2853 4165 tam
2884 4108 3000 4163 cito
3020 4108 3082 4163 in
3103 4106 3300 4164 lucem
3319 4107 3601 4181 prodeat,

1937 4205 1998 4261 id
2019 4220 2141 4260 non
2162 4202 2538 4274 negligentiae
2551 4199 2815 4268 suae,sed
2826 4199 3099 4254 adversae
3111 4213 3261 4253 meae
3274 4191 3604 4254 valetudini

1936 4295 2313 4363 assignatum
2327 4295 2624 4363 oportere.
2640 4288 2861 4357 Enitar,
2880 4291 2997 4343 Deo
3009 4287 3283 4358 juvante,
3297 4283 3606 4343 utantein'

1937 4381 2247 4455 sequentis
2271 4379 2415 4436 anni
2438 4379 2621 4434 ﬁnem
2641 4377 2954 4449 inceptum
2971 4391 3127 4448 opus
3138 4388 3601 4448 persequamur.

2018 4683 2095 4753 (e)
2137 4685 2200 4736 In
2234 4677 2422 4753 Primi,
2452 4681 2492 4733 t.
2528 4681 2570 4747 l,
2601 4692 2661 4733 n.
2693 4682 2748 4732 7.

2015 4750 2091 4823 (Γ)
2130 4750 2274 4823 Cod.
2317 4765 2462 4807 εχει.

2018 4822 2101 4896 (9⁷)
2130 4822 2274 4881 Cod.
2308 4822 2519 4891 [ἱεραὶ.
2552 4835 2614 4892 p.
2642 4822 2731 4877 9t.

2019 4898 2105 4967 (Ιι)
2133 4897 2268 4965 Leg.
2297 4909 2359 4949 ιι.
2388 4898 2419 4949 5
2449 4896 2507 4948 et
2534 4907 2662 4965 seq.
