4058 6192
427 263 529 316 159
1932 263 2029 318 ΡΒ⁴

2243 261 2315 318 Ο.
3731 270 3845 322 160

1045 702 1728 820 ELENCHUS
1811 706 2439 822 VETERUM
2522 706 3194 823 LIBBORUM

1959 970 2054 1019 AD
2095 969 2281 1029 QUOS

426 1141 656 1208 Exacta
720 1151 786 1208 et
853 1143 1196 1210 emendata
1254 1153 1403 1211 sunt
1466 1141 1681 1212 Basilii
1737 1165 1959 1235 Opera,
2012 1167 2154 1234 qua:
2211 1142 2275 1213 in
2333 1145 2461 1215 hoc
2516 1156 2582 1216 et
2641 1142 2940 1235 sequenti
3005 1142 3330 1215 volumine
3387 1143 3840 1216 continentur.

499 1407 764 1463 Homiliae
804 1408 879 1463 de
909 1409 1162 1465 diversis
1186 1410 1494 1466 recensita:
1523 1415 1663 1468 sunt
1692 1411 1772 1468 ad
1803 1427 1905 1468 eos
1933 1411 2401 1484 manuscriptos,
2430 1411 2536 1484 qui
2561 1411 2715 1469 infra
2747 1416 3056 1469 notantur.

503 1497 713 1567 Regius
733 1496 924 1554 codex
962 1503 1114 1566 1906,
1142 1516 1326 1572 quem
1355 1517 1649 1556 vocamus
1679 1500 1943 1573 primum
1967 1519 1979 1568 ;
2004 1500 2208 1574 sicque
2239 1500 2314 1556 de
2334 1499 2578 1573 reliquis
2604 1501 2836 1568 ordine,
2867 1501 2951 1557 ita
2981 1504 3046 1556 ut
3068 1500 3174 1573 qui
3197 1500 3392 1573 primo
3417 1500 3550 1559 loco
3573 1501 3845 1574 ponitur,

424 1591 668 1642 vocetur
697 1586 928 1657 primus
963 1605 975 1657 ;
1016 1588 1119 1660 qui
1159 1589 1447 1659 secundo,
1490 1589 1816 1658 secundus,
1858 1595 1966 1646 etc.
2008 1591 2109 1646 Hic
2144 1589 2297 1646 liber
2339 1589 2846 1646 membranaceus
2889 1596 2979 1648 est
3022 1595 3079 1646 et
3115 1590 3404 1662 antiquus
3441 1595 3499 1647 et
3535 1589 3851 1662 eleganter

427 1675 705 1747 scriptus.

498 1765 636 1832 Reg.
669 1763 857 1819 codex
891 1769 1046 1832 1907,
1079 1766 1362 1837 membr.,
1394 1767 1653 1840 scriptus
1683 1768 1919 1824 decimo
1947 1767 2188 1824 saeculo.

501 1855 642 1921 Reg.
673 1852 860 1908 codex
902 1857 1037 1909 2287
1073 1860 1181 1923 ter,
1217 1857 1470 1913 membr.
1505 1861 1561 1913 et
1589 1856 2049 1930 antiquissimus
2077 1872 2148 1913 ac
2178 1858 2422 1931 optimm
2451 1863 2630 1916 notae.

501 1944 666 2001 Colb.
695 1945 886 2000 codex
911 1949 1038 2015 457,
1067 1947 1349 2012 membr.,
1381 1949 1640 2020 scriptus
1679 1948 2004 2004 undecimo
2035 1946 2276 2003 saeculo.

502 2031 670 2088 Colb.
703 2033 888 2089 codex
916 2038 1039 2102 499,
1064 2037 1344 2102 membr.,
1374 2037 1632 2110 scriptus
1662 2037 1898 2094 decimo
1929 2036 2174 2092 saeculo.

505 2122 672 2177 Colb.
705 2123 895 2178 codex
930 2129 1083 2187 1934,
1118 2126 1361 2198 optimae
1401 2131 1579 2193 notae,
1621 2127 1876 2198 scriptus
1908 2124 2145 2180 decimo
2176 2125 2420 2194 sasculo,
2446 2126 2704 2182 membr.

503 2211 680 2266 Coisl.
705 2211 889 2266 codex
914 2217 1038 2281 230,
1069 2214 1213 2270 noni
1245 2215 1445 2270 saeculi
1476 2234 1488 2270 ε
1517 2231 1639 2288 quo
1667 2220 1866 2272 tamen
1893 2213 2135 2288 parcius
2167 2215 2256 2270 usi
2286 2231 2515 2285 sumus,
2550 2216 2694 2288 quia
2725 2230 2847 2270 non
2880 2230 3097 2287 parum
3124 2214 3455 2271 mendosus
3483 2217 3593 2270 est.

504 2299 781 2356 Duczeani
809 2301 1069 2369 codices,
1101 2303 1207 2374 qui
1237 2303 1321 2358 sic
1351 2309 1658 2373 notantur,
1689 2304 1859 2371 Oliv.,
1894 2305 2126 2374 Anglic.
2161 2307 2307 2361 Sunt
2337 2310 2537 2360 autem
2579 2304 2700 2359 duo
2733 2304 2879 2360 Oliv.

502 2389 930 2446 Combeﬁsiani
960 2391 1218 2459 codices,
1250 2408 1508 2464 quorum
1543 2393 1724 2448 variae
1751 2393 2038 2448 lectiones
2064 2394 2124 2448 in
2155 2393 2367 2449 Basilio
2397 2393 2690 2450 recensito
2719 2393 3021 2466 leguntur.

1906 2519 2029 2572 Pro
2057 2518 2364 2573 Asceticis.

499 2640 638 2708 Reg.
663 2639 855 2694 codex
890 2643 1042 2711 1908,
1067 2640 1324 2696 membr.
1348 2645 1404 2696 et
1425 2641 1731 2714 antiquus,
1755 2642 1860 2715 qui
1875 2643 2005 2713 jam
2027 2646 2206 2698 antea
2226 2643 2420 2699 fuerat
2439 2657 2475 2698 a
2496 2640 2855 2699 Combeﬁsio
2883 2640 3154 2708 collatus,
3185 2641 3293 2698 sed
3314 2641 3396 2698 sic
3419 2644 3482 2697 ut
3502 2641 3846 2698 maximam

431 2727 794 2783 variantium
821 2728 1143 2784 lectionum
1175 2737 1407 2802 partem
1437 2731 1757 2787 omisisset.

502 2819 639 2887 Reg.
674 2818 861 2872 codex
899 2821 1058 2888 2288,
1083 2820 1338 2876 membr.
1373 2824 1430 2876 et
1451 2821 1759 2894 antiquus,
1791 2821 2008 2878 eodem
2039 2821 2223 2879 modo
2246 2822 2374 2894 jam
2405 2835 2441 2877 a
2467 2819 2826 2877 Combeﬁsio
2854 2818 3128 2878 collatus.

502 2908 644 2973 Reg.
675 2910 833 2977 2895,
868 2907 1128 2964 membr.
1161 2915 1216 2965 et
1239 2910 1548 2982 antiquus.

510 2993 674 3050 Colb.
699 2999 861 3061 3063,
891 2997 1174 3067 membr.,
1205 2999 1460 3072 scriptus
1489 2998 1725 3056 decimo
1755 2999 1995 3056 saeculo.

511 3083 684 3139 Coisl.
718 3089 844 3153 231,
877 3087 1135 3142 membr.
1171 3087 1492 3144 undecimo
1522 3089 1742 3144 saeculo
1772 3089 2049 3162 scriptus.

511 3173 684 3228 Coisl.
718 3175 907 3231 codex
938 3181 1063 3245 233,
1096 3177 1378 3245 membr.,
1412 3183 1470 3234 et
1498 3179 1804 3252 antiquus.
1842 3180 1938 3235 His
1966 3179 2210 3235 duobus
2236 3179 2457 3236 ultimis
2484 3178 2791 3236 codicibus
2819 3177 3149 3236 identidem
3177 3178 3273 3236 usi
3302 3194 3534 3234 sumus.

509 3264 674 3318 Voss.
703 3264 896 3320 codex
935 3282 969 3320 a
996 3266 1121 3321 viro
1151 3267 1499 3324 doctissimo
1529 3269 1766 3324 Andrea
1799 3269 1997 3325 Scotto
2027 3269 2299 3334 collatus,
2331 3269 2589 3326 membr.
2632 3274 2688 3324 et
2717 3269 3194 3342 antiquissimus.

509 3351 699 3407 Editio
722 3355 863 3408 Ven.
896 3354 974 3409 ad
1005 3371 1193 3426 quam
1225 3355 1648 3412 adornandam
1683 3357 1937 3414 adhibiti
1971 3364 2114 3414 sunt
2140 3363 2370 3415 veteres
2402 3364 2666 3432 quatuor
2690 3357 2826 3414 libri
2858 3375 2870 3413 :
2896 3359 3070 3430 cujus
3098 3358 3160 3414 in
3187 3373 3293 3415 ora
3321 3356 3524 3414 multae
3547 3356 3854 3413 variantes

434 3438 723 3496 lectiones
756 3442 1139 3514 reperiuntur
1165 3459 1178 3497 :
1210 3460 1366 3517 quas
1398 3444 1712 3516 diligenter
1739 3446 2110 3503 notavimus.

1587 3573 1710 3627 Pro
1741 3573 2282 3630 Constitutionibus
2307 3574 2674 3630 monasticis.

508 3689 650 3758 Reg.
691 3689 881 3746 codex
915 3694 1072 3758 1824,
1105 3693 1385 3759 membr.,
1418 3709 1602 3766 quem
1633 3711 1915 3752 vocamus
1942 3697 2230 3769 primum.
2262 3701 2344 3753 Ex
2373 3713 2498 3770 quo
2525 3697 2590 3753 ﬁt
2618 3705 2685 3754 ut
2713 3697 2904 3755 codex
2935 3697 3152 3768 Regius
3186 3701 3344 3767 1908,
3375 3698 3481 3770 qui
3522 3712 3632 3770 pro
3671 3711 3858 3769 supe-

436 3777 698 3834 rioribus
723 3780 1003 3837 Asceticis
1031 3783 1264 3854 primus
1297 3789 1404 3851 est,
1434 3785 1737 3840 secundus
1761 3787 1834 3842 sit
1856 3802 1965 3858 pro
1995 3787 2347 3843 monasticis
2370 3787 2928 3844 Constitutionibus.
2961 3787 3184 3843 Eadem
3211 3803 3398 3842 causa
3418 3787 3636 3858 Regius
3659 3785 3856 3842 codex

435 3872 576 3924 2288
604 3870 808 3926 tertius
838 3875 925 3926 est
953 3887 1063 3944 pro
1101 3873 1454 3929 monasticis
1495 3875 2050 3932 Constitutionibus.
2093 3876 2316 3932 Pariter
2345 3878 2484 3948 Reg.
2519 3875 2711 3934 codex
2739 3877 2881 3934 2895
2908 3881 3162 3950 quartus
3193 3882 3282 3934 est
3317 3893 3428 3948 pro
3455 3875 3670 3932 iisdem
3703 3878 3857 3932 Con-

438 3956 848 4016 stitutionibus
877 3961 1254 4016 monasticis.

1765 4089 1875 4143 Pro
1900 4087 2071 4144 libris
2099 4089 2176 4143 De
2200 4087 2532 4161 baptismo.

510 4211 651 4277 Reg.
685 4208 875 4263 codex
911 4211 1066 4275 1908,
1101 4195 1358 4264 membr.
1389 4213 1447 4264 et
1475 4208 1781 4280 antiquus.

510 4297 650 4365 Reg.
683 4296 875 4352 codex
904 4299 1063 4362 2288,
1100 4296 1355 4353 membr.
1389 4301 1446 4353 et
1473 4297 1784 4370 antiquus.

513 4387 654 4454 Reg.
687 4385 878 4473 codex
907 4389 1070 4457 2893,
1103 4386 1360 4443 membr.
1390 4390 1448 4442 et
1474 4387 1780 4460 antiquus.

1901 4771 2211 4864 MONIT
2225 4776 2394 4866 UM.

511 5163 598 5219 Ita
634 5179 730 5218 res
767 5162 827 5218 in
868 5162 982 5217 hoc
1029 5159 1336 5217 volumine
1378 5159 1818 5232 disposuimus,
1864 5164 1928 5216 ut
1967 5160 2244 5230 genuina:
2292 5164 2602 5221 Orationes
2647 5165 2959 5223 obtineant
3014 5167 3278 5238 primum
3320 5164 3543 5231 locum,
3589 5164 3865 5220 Ascetica

441 5252 800 5318 secundum,
844 5251 975 5307 aliae
1014 5249 1337 5307 conciones
1376 5249 1595 5322 spuria:
1627 5249 1888 5321 tertium,
1937 5249 2072 5306 duas
2116 5250 2658 5310 lucubratiunculas
2690 5255 3073 5312 Coteleriante
3113 5260 3168 5311 et
3197 5254 3387 5310 altera
3417 5253 3866 5311 Combeﬁsiana

439 5349 747 5413 quartum,
779 5341 901 5396 duo
927 5343 1014 5397 De
1053 5341 1346 5410 baptismo
1369 5338 1507 5395 libri
1533 5339 1835 5410 quintum,
1872 5339 2130 5410 Liturgia
2151 5348 2408 5414 sextum,
2441 5344 2559 5400 alia
2583 5345 2868 5417 quaedam
2901 5345 3100 5400 Latine
3133 5345 3357 5416 scripta
3390 5343 3692 5399 ultimum.
3735 5343 3865 5399 Hoc

441 5431 621 5502 igitur
641 5429 925 5486 volumen
955 5445 1126 5502 neque
1153 5445 1224 5484 ac
1251 5429 1518 5502 primum
1549 5428 1610 5484 in
1641 5428 1794 5484 duas
1817 5433 2019 5500 partes
2049 5429 2312 5488 divisum
2344 5439 2460 5489 est:
2495 5451 2756 5506 quarum
2786 5435 2847 5489 in
2869 5433 3066 5506 prima
3092 5433 3368 5504 genuinae
3387 5431 3862 5497 lucubrationes,

441 5519 505 5576 in
533 5519 721 5576 altera
751 5519 1103 5576 adulterinae
1132 5517 1532 5574 continentur.
1574 5515 1688 5572 Sed
1725 5533 1800 5573 ne
1839 5517 1933 5574 cui
1961 5533 2033 5574 ea
2063 5535 2251 5591 quam
2284 5523 2408 5578 dixi
2444 5539 2646 5579 rerum
2671 5521 2986 5596 dispositio
3016 5537 3283 5579 errorem
3309 5521 3574 5593 objiciat,
3609 5535 3863 5577 monere

439 5609 647 5671 inutile
673 5625 797 5668 non
827 5607 1020 5678 fuerit,
1049 5606 1355 5683 germanis
1375 5621 1448 5664 ac
1478 5605 1726 5667 sinceris
1755 5607 2074 5684 peregrina
2092 5609 2378 5685 quaedam
2404 5609 2745 5668 admisceri.
2779 5608 2988 5668 Statim
3016 5608 3195 5684 igitur
3211 5608 3366 5666 inter
3384 5613 3576 5690 certas
3596 5623 3666 5665 ac
3685 5606 3864 5666 indu-
