4058 6192
216 271 304 324 161
1730 264 1818 321 PR

2022 264 2115 321 ΙΟ.
3524 271 3624 324 162

210 390 422 446 bitatas
449 389 763 446 invenitur
791 389 1065 447 secunda
1095 391 1181 448 De
1207 389 1433 461 jejunio
1462 389 1674 456 oratio,
1707 405 1832 445 non
1862 388 2028 460 quod
2052 404 2189 445 eam
2221 392 2445 445 certam
2467 404 2596 444 esse
2622 392 2804 462 atque
2833 389 3238 446 indubitatam
3267 393 3492 462 putem,
3519 392 3626 448 sed

209 479 364 552 quod
392 495 430 534 a
452 479 830 535 doctissimis
857 479 1003 535 viris
1034 480 1170 536 talis
1200 495 1330 536 esse
1355 479 1653 536 credatur.
1685 481 1911 534 Rursus
1936 478 2369 550 panegyricam
2396 479 2752 546 orationem,
2781 495 2918 550 quae
2947 478 3021 535 de
3054 484 3317 552 martyre
3349 480 3625 538 Barlaam

210 568 407 624 habita
449 574 567 635 est,
592 570 746 624 inter
776 584 1068 639 germana
1091 586 1161 625 ac
1191 569 1426 626 sincera
1456 568 1744 624 collocavi
1769 586 1782 623 :
1815 583 2000 639 quam
2021 571 2222 623 tamen
2255 568 2636 640 peregrinam
2659 584 2788 624 esse
2809 569 3083 626 arbitror.
3110 569 3224 626 Sed
3249 570 3376 626 haec
3397 571 3625 639 concio,

211 658 309 712 etsi
337 674 484 713 meo
524 657 761 728 judicio
784 657 1004 724 aliena,
1033 660 1114 714 ita
1144 664 1346 714 tamen
1377 657 1623 727 elegans
1654 662 1744 712 est
1767 661 1824 712 et
1852 661 2083 728 ornata,
2119 664 2183 712 ut
2211 659 2363 713 inter
2393 658 2689 726 genuinas
2716 657 2918 713 locum
2953 659 3164 714 mereri
3195 660 3340 715 mihi
3372 660 3501 716 visa
3533 661 3625 717 sit.

211 746 484 818 Reliquas
503 751 713 802 autem
731 746 1041 802 orationes
1062 763 1296 813 omnes,
1320 763 1457 819 quae
1473 746 1534 801 in
1553 746 1751 818 prima
1771 745 2091 800 voluminis
2103 751 2271 818 parte
2294 746 2591 816 leguntur,
2616 762 2724 818 pro
2749 747 2904 801 veris
2915 763 2984 801 ac
2998 747 3170 803 certis
3185 748 3404 804 habeo:
3425 766 3617 823 eoque

209 838 392 904 magis
417 836 486 891 in
520 837 643 892 hac
673 853 812 892 mea
841 836 1140 892 sententia
1169 835 1516 903 conﬁrmor,
1548 835 1715 909 quod
1737 851 1945 891 earum
1973 834 2203 890 nullam
2224 835 2514 891 hactenus
2535 835 2614 890 ab
2635 835 2882 890 eruditis
2906 837 2964 890 in
2988 836 3244 892 dubium
3275 844 3618 895 revocatam

209 925 380 981 fuisse
405 925 683 982 videam.
718 928 922 998 Neque
953 942 1094 982 vero
1114 925 1175 982 id
1204 925 1451 982 cuidam
1480 925 1704 980 mirum
1734 924 1921 980 videri
1949 923 2146 991 debet,
2179 941 2318 979 cum
2357 925 2419 980 in
2459 925 2550 980 his
2585 925 2733 979 nihil
2761 925 2850 992 sit,
2895 925 3056 980 unde
3103 927 3367 998 suspicio
3391 927 3482 982 vel
3511 929 3594 984 mi

209 1015 366 1070 nima
384 1015 540 1070 oriri
569 1014 782 1086 possit.
813 1017 962 1071 Nam
983 1020 1046 1071 ut
1067 1015 1302 1071 interim
1324 1013 1399 1070 de
1421 1013 1791 1086 quibusdam
1811 1013 2186 1069 orationibus
2206 1030 2466 1085 quarum
2489 1019 2710 1069 veteres
2735 1015 3100 1070 mentionem
3123 1015 3336 1084 fecere,
3361 1021 3614 1085 taceam,

210 1105 517 1159 neminem
549 1103 790 1159 inﬁcias
815 1104 1041 1160 iturum
1074 1119 1271 1177 spero,
1305 1103 1357 1158 si
1385 1104 1446 1158 in
1477 1103 1782 1169 omnibus,
1814 1103 2038 1175 pariter
2062 1120 2275 1160 omnes
2305 1104 2543 1160 dicendi
2571 1105 2836 1170 virtutes,
2872 1120 3024 1177 quas
3054 1105 3284 1177 antiqui
3312 1106 3374 1162 in
3407 1108 3618 1164 Basilio

207 1191 558 1259 laudarunt,
586 1192 1011 1264 splendescere
1042 1209 1115 1249 ac
1147 1193 1369 1249 micare
1399 1191 1720 1248 afﬁrmem.
1754 1195 1816 1246 Et
1845 1207 1988 1247 vero
2019 1194 2203 1248 miras
2232 1193 2363 1249 illas
2393 1194 2616 1263 ingenii
2643 1194 2834 1260 dotes,
2865 1193 3086 1265 quibus
3135 1194 3384 1250 Basilius
3431 1197 3621 1253 excel-

206 1281 380 1337 luisse
409 1298 450 1338 a
473 1281 789 1337 veteribus
819 1281 1057 1350 dicitur,
1085 1282 1146 1338 in
1175 1283 1246 1337 iis
1275 1298 1429 1354 quas
1457 1281 1582 1337 dixi
1603 1279 1976 1336 orationibus
1997 1281 2197 1338 videre
2226 1283 2443 1355 cuique
2472 1283 2624 1350 licet,
2650 1283 3058 1355 eloquentiam
3076 1283 3504 1353 incredibilem,
3526 1301 3619 1342 re-

204 1387 329 1426 rum
355 1376 416 1426 et
436 1371 776 1427 verborum
802 1372 1064 1444 copiam,
1084 1388 1386 1428 summam
1401 1370 1728 1427 mundana:
1743 1370 2050 1442 sapientiae
2065 1372 2471 1441 cognitionem
2485 1372 2563 1428 ab
2575 1372 3153 1429 omniostentatione
3167 1372 3616 1443 alienissimam,

201 1461 638 1528 eruditionem,
665 1461 973 1534 pietatem,
1008 1462 1150 1517 artis
1179 1467 1537 1518 ornamenta
1572 1461 1782 1516 omnia
1812 1461 1941 1516 sine
1972 1460 2094 1516 ulla
2123 1461 2561 1530 signiﬁcatione
2591 1462 2756 1530 artis,
2791 1463 2851 1517 in
2907 1461 3280 1534 explicandis
3321 1466 3620 1536 mysteriis

202 1549 647 1622 tradendisque
672 1567 914 1607 morum
937 1550 1254 1623 praeceptis
1281 1550 1656 1620 diligentiam
1680 1549 2028 1618 maximam,
2055 1551 2563 1622 perspicuitatem,
2580 1551 3082 1623 perfectissimam
3093 1551 3432 1608 liberalium
3453 1553 3625 1609 disci-

201 1639 511 1712 plinarum
545 1640 1030 1711 intelligentiam,
1058 1640 1179 1696 vim
1210 1639 1620 1712 persuadendi
1651 1639 2038 1708 singularem,
2063 1643 2138 1706 et,
2174 1645 2239 1695 ut
2261 1639 2444 1695 verbo
2465 1641 2686 1706 dicam,
2720 1639 2951 1695 felicem
2977 1640 3313 1713 quamdam
3343 1647 3622 1698 naturam

198 1745 332 1784 cum
355 1730 439 1784 ad
471 1735 696 1786 caetera
719 1734 846 1786 tum
869 1729 949 1786 ad
971 1730 1404 1802 panegyricum
1426 1728 1666 1784 dicendi
1686 1743 1877 1798 genus
1901 1727 2621 1784 accommodatissimam.
2643 1728 2844 1801 Neque
2865 1729 3012 1784 mihi
3032 1730 3147 1785 hoc
3169 1730 3332 1786 credi
3347 1730 3586 1802 postulo
3610 1745 3623 1784 :

197 1818 318 1874 imo
346 1819 509 1873 meis
533 1818 734 1873 verbis
753 1817 939 1874 ﬁdem
964 1817 1137 1874 facile
1158 1817 1432 1874 adhiberi
1455 1833 1612 1887 aegre
1633 1817 1869 1873 ferrem.
1888 1817 1971 1873 Ita
1991 1818 2152 1873 enim
2166 1817 2372 1885 sentio,
2392 1819 2560 1890 quod
2584 1818 2866 1874 attentius
2887 1818 3354 1891 diligentiusque
3374 1819 3468 1875 Ιιεε
3489 1835 3628 1875 con-

198 1910 406 1963 ciones
427 1906 734 1976 legentur,
757 1922 829 1963 eo
851 1906 1056 1962 minus
1083 1912 1393 1979 suspectas
1413 1906 1559 1962 fore.
1585 1909 1650 1962 Et
1670 1905 1935 1978 alioquin
1952 1907 2328 1977 dignissimae
2355 1911 2514 1975 sunt,
2531 1924 2669 1980 quae
2685 1908 2907 1980 saepius
2931 1907 3009 1964 ab
3031 1909 3632 1978 omnibuslegantur,

199 2012 341 2052 cum
361 2012 586 2052 earum
605 1994 781 2052 lectio
804 1997 993 2052 cuivis
1014 2001 1072 2052 et
1098 1995 1411 2052 utilissima
1422 2001 1480 2051 et
1488 1996 1936 2066 jucundissima
1955 1999 2155 2052 futura
2177 1996 2265 2052 sit.
2296 1996 2628 2052 Doctissimi
2650 1997 2876 2069 quique
2895 1996 3278 2053 mirabuntur
3297 1999 3624 2066 orationes,

199 2087 258 2142 in
279 2087 520 2159 quibus
541 2085 690 2140 nihil
717 2085 1002 2151 otiosum,
1029 2085 1175 2142 nihil
1195 2085 1550 2142 redundans
1570 2084 1886 2157 reperitur;
1910 2086 1972 2140 in
1993 2079 2216 2156 quiblis
2236 2085 2427 2142 densa
2454 2091 2594 2142 sunt
2623 2091 2680 2141 et
2709 2091 3025 2159 compacta
3046 2087 3252 2142 omnia
3276 2103 3630 2143 nervorum-

200 2193 318 2248 que
351 2183 412 2232 et
443 2177 668 2232 virium
698 2176 900 2248 plena,
930 2193 1072 2232 cum
1095 2175 1383 2233 omnibus
1410 2176 1653 2232 condita
1681 2174 1921 2232 dicendi
1957 2173 2395 2242 festivitatibus,
2433 2180 2561 2231 tum
2587 2175 3066 2248 praeclarissimis
3093 2175 3628 2250 saluberrimisque

203 2266 532 2338 praeceptis
564 2264 984 2322 refertissima.

270 2407 560 2463 Ascetica
582 2406 722 2478 plus
742 2406 889 2462 mihi
905 2406 1572 2476 negotiiexhibuerunt.
1605 2405 1773 2463 Modo
1795 2422 2005 2462 eorum
2024 2407 2317 2464 nonnulla
2337 2407 2398 2462 in
2422 2407 2692 2463 secunda
2713 2407 2860 2462 tomi
2887 2412 3053 2479 parte
3073 2408 3447 2480 reponebam
3470 2425 3482 2464 :
3506 2423 3632 2464 mo-

201 2495 280 2552 do
312 2497 543 2552 eadem
567 2496 634 2552 in
656 2496 919 2569 primam
938 2495 1326 2552 revocabam.
1352 2495 1466 2552 Sed
1495 2500 1702 2552 tamen
1731 2512 1870 2552 cum
1899 2513 2027 2552 rem
2053 2497 2330 2552 eamdem
2356 2497 2417 2552 in
2449 2496 2732 2551 Asceticis
2753 2495 3038 2552 omnibus
3065 2497 3307 2552 tractari
3348 2497 3626 2566 cogitavi,

201 2585 322 2641 alia
353 2585 438 2641 ab
464 2584 606 2640 aliis
627 2599 751 2640 non
774 2583 1124 2656 separanda
1141 2600 1270 2640 esse
1293 2584 1524 2640 censui.
1553 2586 1746 2650 Quare
1767 2600 1844 2640 ne
1863 2600 2007 2640 vera
2027 2602 2166 2640 cum
2189 2585 2357 2640 falsis
2377 2585 2616 2640 incaute
2639 2585 3108 2651 confundantur,
3152 2586 3267 2640 hoc
3286 2585 3418 2640 loco
3440 2583 3631 2640 brevi-

202 2681 292 2730 ter
315 2674 569 2746 singula
583 2690 896 2730 recensere
910 2689 1033 2730 non
1057 2673 1304 2747 pigebit.
1329 2674 1598 2730 Genuina
1628 2680 1766 2730 sunt
1787 2678 1845 2729 et
1865 2689 2173 2743 germana,
2198 2680 2262 2729 ut
2286 2673 2462 2728 nobis
2484 2674 2732 2746 quidem
2756 2673 3009 2740 videtur,
3038 2674 3296 2729 ascetica
3317 2674 3428 2729 tria
3449 2689 3631 2745 opus-

204 2765 346 2820 cula
367 2764 623 2837 praevia,
647 2763 831 2820 libelli
848 2765 937 2820 De
945 2765 1180 2833 judicio
1202 2764 1312 2820 Dei
1330 2779 1401 2820 ac
1430 2765 1516 2820 De
1543 2765 1682 2833 ﬁde,
1706 2764 1990 2829 Horatia,
2017 2765 2258 2834 Regula
2281 2768 2405 2819 tam
2425 2762 2726 2832 longiores
2747 2779 2934 2835 quam
2953 2763 3260 2818 breviores
3285 2780 3298 2817 :
3328 2762 3390 2818 in
3413 2762 3632 2835 spuriis

203 2870 356 2909 vero
375 2860 601 2910 caetera
621 2869 1036 2920 numeramus,
1060 2853 1330 2908 videlicet
1349 2852 1559 2909 breves
1580 2854 1734 2909 duos
1753 2852 1986 2909 libellos
2006 2852 2111 2925 qui
2132 2858 2269 2924 post
2287 2853 2552 2908 Moralia
2580 2852 2760 2908 locati
2800 2857 2961 2918 sunt,
3005 2852 3468 2908 Constitutiones
3508 2868 3635 2908 mo-

205 2943 504 3010 nasticas,
529 2942 829 3015 Epitimia,
853 2943 1008 2998 duas
1028 2958 1183 3015 quas
1207 2941 1607 2999 Combefisius
1629 2942 1815 2998 edidit
1832 2942 2407 2998 lucubratiunculas.
2432 2941 2686 2997 Attuliin
2701 2941 3049 2998 Prmfatione
3064 2947 3421 3012 argumenta
3435 2943 3634 2998 omnis

208 3021 481 3104 generis,
509 3031 735 3105 quibus
752 3032 999 3104 probari
1018 3047 1203 3104 posse
1223 3030 1470 3098 credidi,
1493 3036 1814 3088 tractatum
1835 3048 2143 3104 quemque
2172 3036 2276 3088 aut
2297 3031 2626 3102 genuinum
2649 3048 2804 3101 esse,
2829 3037 2933 3087 aut
2969 3031 3396 3088 adulterinum.
3438 3033 3633 3097 Quare

209 3124 306 3180 hic
327 3124 680 3197 quidquam
702 3121 844 3178 addi
865 3122 936 3177 iis
955 3122 1031 3178 de
1049 3122 1234 3179 rebus
1256 3137 1505 3179 necesse
1541 3138 1665 3179 non
1704 3127 1871 3195 puto,
1894 3138 2032 3178 cum
2054 3121 2256 3194 potius
2295 3121 2483 3176 vereri
2520 3120 2799 3187 debeam,
2841 3136 2918 3176 ne
2959 3119 3212 3191 singulis
3252 3119 3624 3192 explicandis

209 3213 445 3270 diutius
473 3212 838 3268 immoratus
860 3210 1045 3267 fuisse
1075 3211 1300 3268 videar.

280 3359 430 3412 Pars
449 3353 782 3410 voluminis
803 3353 1070 3410 secunda
1089 3368 1126 3409 a
1155 3353 1352 3426 prima
1380 3352 1442 3409 in
1460 3352 1576 3409 hoc
1596 3351 1811 3421 differt,
1835 3353 2000 3427 quod
2019 3369 2398 3427 quaecunque
2416 3353 2480 3410 in
2509 3369 2581 3410 ea
2615 3354 3014 3428 reperiuntur,
3039 3358 3142 3411 aut
3161 3354 3366 3427 spuria
3385 3354 3504 3411 sint
3522 3355 3628 3412 aut

211 3455 370 3505 certe
391 3446 613 3520 spuria
633 3461 764 3501 esse
785 3445 926 3500 mihi
946 3443 1301 3500 videantur:
1330 3443 1494 3516 quod
1528 3448 1730 3499 tamen
1756 3445 1841 3500 ita
1858 3443 2050 3516 accipi
2074 3444 2232 3506 volo,
2265 3449 2333 3499 ut
2369 3444 2686 3500 Ruﬁniana
2723 3445 3132 3516 quarumdam
3172 3444 3368 3501 Basilii
3411 3444 3630 3500 oratio-

211 3553 362 3594 num
379 3534 803 3608 interpretatio
822 3533 883 3590 in
914 3533 1234 3590 subdititiis
1262 3548 1387 3589 non
1412 3538 1695 3605 ponatur.
1729 3536 1878 3590 Cum
1907 3538 2108 3589 autem
2129 3533 2509 3604 praestiterim
2530 3533 2590 3588 in
2615 3534 2988 3604 Praefatione,
3039 3549 3418 3607 quaecunque
3439 3533 3626 3588 homo

209 3643 362 3683 mea:
389 3625 580 3682 sortis
609 3627 898 3696 praestare
917 3627 1169 3696 poterat,
1209 3622 1271 3677 in
1306 3637 1500 3694 eaque
1529 3622 1737 3678 omnia
1765 3622 2170 3694 disposuerim
2191 3636 2301 3677 suo
2321 3620 2531 3677 ordine
2552 3627 2610 3676 et
2633 3621 2789 3690 loco,
2810 3637 2922 3678 nec
2951 3622 3287 3694 quidquam
3316 3620 3627 3676 omiserim

211 3733 447 3782 eorum,
480 3713 716 3787 quibus
741 3729 946 3769 meam
973 3712 1330 3767 sententiam
1351 3711 1594 3767 defendi
1624 3728 1802 3784 posse
1827 3711 2162 3777 arbitrarer,
2186 3709 2434 3766 taedium
2447 3723 2750 3781 parerem,
2798 3711 2849 3765 si
2877 3726 2972 3766 res
3002 3711 3131 3765 fuse
3177 3709 3502 3783 explicatas
3529 3709 3628 3764 hic

209 3806 409 3861 iusius
431 3803 745 3876 explicare
765 3817 1042 3858 conarer.
1074 3800 1224 3858 Satis
1250 3800 1433 3870 igitur
1451 3799 1692 3857 habebo
1714 3806 1915 3874 petere
1937 3817 2006 3857 ac
2025 3815 2239 3870 rogare
2278 3799 2357 3855 ab
2386 3798 2630 3855 eruditis
2659 3799 3008 3856 hominibus
3034 3801 3151 3856 hoc
3179 3815 3388 3865 unum,
3423 3803 3485 3854 ut
3515 3811 3628 3870 pro

211 3911 321 3953 sua
341 3894 738 3954 humanitate
756 3895 939 3963 atque
967 3888 1388 3947 benevolentia
1417 3889 1831 3949 Praefationem
1860 3895 2130 3949 nostram
2156 3889 2417 3961 benigne
2445 3893 2504 3946 et
2531 3888 2736 3961 legant
2761 3895 2818 3946 et
2843 3889 3325 3963 interpretentur.
