4088 6194
461 311 563 366 183
1863 306 1919 362 S.
1961 305 2158 361 BASlL

2304 306 2464 361 AGNl
3758 306 3851 358 164

1250 624 1491 713 ΤΟΥ
1559 627 1706 711 ΕΝ
1776 623 2166 713 ΑΓΙΟΙΣ
2225 622 2680 711 ΠΑΤΡΟΣ
2741 618 3125 727 ΗΜΩΝ,

1539 836 2800 1011 ΒΑΣΙΛΕΙΟΥ

1395 1137 1942 1186 ΛΡΧΙΕΠΙΣΚΟΠΟΥ
2006 1135 2392 1183 ΚΑΙΣΛΡΕΙΑΣ
2461 1134 2544 1182 ΚΑ
2556 1132 2935 1180 ΠΠΑΔΟΚΙΑΣ

1386 1312 1750 1406 (¹)ΠΕΡΙ
1794 1315 2289 1404 ΝΗΤΕΙΑΣ
2346 1314 2735 1404 ΛΟΓΟΣ
2804 1310 2914 1399 Α’.

1576 1667 1680 1788 s.
1789 1668 1895 1789 ρ.
1991 1665 2121 1786 Ν.
2218 1665 2758 1786 BAS‘LII
3319 1838 3325 1843 δ

863 1915 1528 2011 ΟίἘΞΑΗΕίἘ
1587 1912 2434 2009 CAPPADOCUE
2500 1911 3494 2009 ARGHIEPISCOPI

1281 2133 1472 2250 DE
1555 2094 2159 2252 JEJUNIO
2251 2129 2887 2250 HOl-llLlA
2978 2131 3067 2250 Ι.

544 2488 589 2557 ι
630 2491 677 2543 l.
712 2486 1012 2556 Ctangite,
1033 2484 1249 2558 inquit,
1271 2486 1336 2541 in
1367 2486 1538 2542 initio
1578 2487 1814 2556 mensis,
1870 2484 2123 2541 buccina
2182 2486 2231 2537 Α

467 2579 534 2633 in
554 2578 783 2647 insigni
801 2577 1300 2633 diesolemnitatis
1317 2582 1525 2633 vestras
1542 2577 1582 2633 ί.
1622 2576 1745 2630 Hoc
1767 2574 2126 2631 mandatum

466 2670 561 2722 est
580 2664 1018 2738 prOpheticum.
1046 2668 1227 2721 Porro
1247 2665 1470 2721 festum
1491 2664 1657 2737 quod
1679 2664 1789 2719 hos
1811 2663 1939 2720 dies
1965 2669 2128 2719 ante-

466 2754 643 2820 cedit,
665 2756 880 2827 quavis
905 2754 1048 2810 tuba
1067 2754 1355 2821 vocalius,
1399 2760 1456 2811 et
1480 2753 1695 2827 quovis
1723 2753 2126 2809 instrumento

466 2842 703 2899 musico
725 2841 1160 2912 signiﬁcantius
1187 2842 1462 2899 indicant
1493 2842 1670 2898 nobis
1700 2842 2011 2907 scripturas
2039 2857 2129 2897 re-

467 2931 684 2988 citata.
723 2933 874 2987 Nam
913 2946 986 2986 ex
1023 2932 1176 2987 Isaia
1221 2930 1545 2987 didicimus
1580 2930 1953 3002 jejuniorum
1997 2946 2128 3001 gra-

464 3019 634 3086 tiam,
666 3019 771 3092 qui
805 3024 867 3075 ut
907 3018 1231 3076 Judaicum
1256 3020 1576 3091 jejunandi
1606 3020 1858 3076 modum
1889 3035 2130 3076 aversa-

467 3112 564 3167 tus
591 3113 700 3176 est,
731 3110 783 3179 2
816 3108 900 3165 ita
922 3125 1134 3166 verum
1156 3110 1454 3180 jejunium
1483 3109 1660 3166 nobis
1689 3113 2129 3166 commonstra-

468 3198 573 3255 vit.
603 3200 696 3256 Ne
711 3201 1006 3269 jejunetis
1031 3201 1113 3257 ad
1142 3201 1273 3256 tiles
1313 3216 1385 3256 ac
1412 3202 1836 3266 contentiones,
1878 3200 1982 3256 sed
2016 3200 2132 3255 dis-

468 3290 631 3345 solve
671 3304 844 3345 omne
890 3291 1200 3346 vinculum
1245 3291 1627 3361 iniquitatis’
1696 3293 1763 3346 Et
1804 3289 2127 3346 Dominus:

466 3377 673 3435 Nolite
686 3379 823 3448 ﬁeri
842 3380 1062 3447 tristes,
1097 3378 1200 3435 sed
1229 3380 1371 3435 lava
1405 3380 1623 3448 faciem
1660 3384 1848 3441 tuam,
1880 3384 1938 3435 et
1975 3393 2134 3449 unge

466 3471 658 3536 caput
705 3471 875 3522 tuum
905 3467 949 3521 ³.
1002 3466 1094 3523 Sic
1139 3465 1320 3536 igitur
1368 3466 1587 3523 animis
1652 3466 1850 3523 affecti
1915 3466 2128 3534 simus,

467 3554 997 3628 quemadmodum
1047 3571 1261 3612 sumus
1307 3556 1522 3623 edocti,
1568 3572 1638 3612 ac
1676 3555 1804 3612 dies
1840 3556 2134 3613 instantes

468 3643 954 3717 haudquaquam
988 3644 1153 3713 tristi,
1188 3644 1295 3701 sed
1315 3644 1489 3701 hilari
1509 3646 1715 3702 animo
1735 3645 2129 3718 excipiamus,

468 3733 647 3789 sicuti
670 3733 843 3791 decet
868 3739 1129 3791 sanctos.
1159 3737 1346 3791 Nemo
1365 3734 1611 3806 dejectm
1632 3736 1854 3791 mentis
1875 3751 2133 3792 corona-

470 3827 587 3890 tur,
635 3838 817 3879 nemo
854 3839 1117 3881 maerens
1154 3829 1453 3897 tropaeum
1502 3826 1733 3882 statuit.
1794 3824 1923 3882 Noli
1954 3825 2133 3881 tristis
2194 3832 2239 3889 Β

472 3927 627 3979 esse,
650 3911 799 3968 dum
820 3913 1068 3969 curaris.
1090 3913 1439 3970 Absurdum
1468 3914 1646 3970 fuerit
1679 3930 1804 3971 non
1841 3915 2030 3972 laetari
2056 3916 2133 3971 de

471 4001 726 4057 sanitate
750 4001 989 4069 animae,
1028 4002 1152 4058 imo
1191 4002 1267 4058 de
1306 4005 1691 4059 commutatis
1720 4004 1868 4059 cibis
1905 4004 2129 4072 dolere,

474 4105 546 4145 ac
573 4090 764 4146 videri
793 4090 941 4147 tales
970 4090 1077 4163 qui
1102 4091 1242 4164 plus
1273 4091 1607 4147 tribuamus
1649 4093 1945 4165 voluptati
1992 4109 2134 4149 ven-

469 4179 596 4247 tris,
624 4196 813 4253 quam
844 4196 1003 4237 curse
1032 4181 1269 4237 mentis.
1304 4184 1454 4237 Nam
1484 4182 1546 4237 in
1568 4187 1774 4238 ventre
1794 4182 2019 4239 sistitur
2036 4199 2133 4239 sa-

470 4269 687 4326 tietatis
707 4270 1057 4341 delectatio;
1093 4270 1197 4327 sed
1213 4270 1518 4342 jejunium
1536 4271 1597 4327 in
1619 4272 1892 4329 animam
1922 4272 2135 4329 subve-

471 4358 559 4417 hit
583 4360 841 4418 lucrum.
865 4361 956 4416 Sis
982 4361 1159 4417 hilari
1196 4361 1423 4430 animo,
1459 4362 1628 4435 quod
1657 4362 1764 4420 tibi
1810 4379 1848 4419 a
1895 4363 2130 4420 medico

2367 2490 2414 2540 t.
2466 2485 2774 2553 Σαλπίσατι,
2826 2490 3006 2559 φησὶν,
3056 2484 3105 2538 ἐν
3169 2489 3417 2559 νεομηνία
3460 2486 3543 2554 (2)
3610 2477 3895 2556 σάλπιγγι’

2291 2569 2339 2623 ἐν
2407 2573 2619 2646 εὐσήμῳ
2664 2576 2832 2647 ἡμέρᾳ
2895 2573 3079 2645 ἑορτῆς
3137 2575 3299 2645 ὑμῶν.
3349 2579 3513 2625 Τοῦτο
3570 2576 3898 2645 πρόσταγμα

2291 2660 2405 2714 ἔστι
2450 2668 2790 2738 προφητικὸν.
2835 2662 2984 2735 Ἡμῖν
3052 2658 3112 2715 δὲ
3158 2664 3337 2724 πάσης
3390 2661 3680 2734 σάλπιγγος
3721 2679 3897 2733 μεγα-

2290 2750 2648 2826 λοφωνότερον,
2682 2758 2772 2804 καὶ
2800 2756 2991 2812 παντὸς
3036 2752 3256 2827 ὀργάνου
3303 2759 3563 2825 μουσικοῦ
3610 2750 3902 2822 εὐσημότε-

2290 2860 2399 2916 ρον,
2448 2847 2542 2900 τὴν
2590 2844 2925 2917 προάγουσαν
2957 2844 3031 2911 (3)
3076 2850 3176 2893 τῶν
3225 2843 3428 2916 ἡμερῶν
3473 2840 3645 2914 ἑορτὴν
3694 2840 3907 2898 ὑποσκ-

2291 2936 2462 3004 μαίνει
2536 2934 2601 2983 τὰ
2675 2930 3078 3004 ἀναγνώσματα.
3151 2930 3530 3003 Ἐγνωρίσαμεν
3612 2932 3712 3002 γὰρ
3792 2936 3909 2980 τῶν

2291 3029 2541 3079 νηστειῶν
2602 3026 2697 3079 τὴν
2771 3024 2933 3095 χάριν
2972 3028 3063 3074 τοῦ
3100 3020 3340 3088 Ἠσαίου,
3395 3022 3481 3072 τὸν
3529 3020 3619 3091 μὲν
3660 3013 3913 3071 Ἰουδαῖ-

2291 3115 2380 3163 κὸν
2411 3121 2506 3172 τῆς
2543 3117 2787 3173 νηστείας
2834 3116 3022 3185 τρόπον
3070 3114 3465 3185 παρωσομένου,
3511 3113 3604 3167 τὴν
3654 3104 3716 3160 δὲ
3762 3107 3912 3165 ἁλη-

2295 3203 2438 3259 θινὴν
2469 3202 2549 3271 (4)
2594 3206 2835 3258 νηστείαν
2884 3202 3007 3273 ἡμῖν
3055 3196 3485 3274 παραδείξαντος.
3536 3202 3622 3256 Μὴ
3671 3196 3740 3259 εἰς
3785 3201 3915 3272 κρί-

2296 3309 2404 3351 σεις
2459 3295 2549 3341 καὶ
2606 3292 2789 3361 μάχας
2840 3291 3131 3355 νηστεύετε,
3190 3286 3318 3339 ἀλλὰ
3366 3286 3453 3338 λύε
3525 3288 3696 3338 πάντα
3768 3287 3914 3337 σύν-

2295 3376 2487 3452 δεσμον
2541 3375 2775 3440 ἀδικίας.
2840 3382 2939 3431 Καὶ
2996 3377 3022 3429 ὀ
3081 3380 3290 3452 Κύριος·
3350 3380 3438 3433 Μὴ
3491 3376 3699 3448 γίνεσθε
3759 3391 3914 3425 σκυ-

2297 3472 2513 3545 θρωποὶ,
2564 3467 2691 3520 ἀλλὰ
2736 3466 2886 3539 νίψαι
2934 3486 3031 3520 σου
3083 3471 3142 3519 τὸ
3190 3470 3469 3541 πρόσωπον
3532 3468 3624 3516 καὶ
3682 3461 3916 3533 ἄλειψαί

2297 3578 2391 3612 σου
2434 3563 2529 3616 τὴν
2575 3556 2819 3631 κεφαλήν.
2866 3557 3184 3629 Διατιθὼμιν
3227 3558 3419 3621 τοίνυν,
3471 3556 3540 3614 ὡς
3587 3546 3915 3622 ἐδιδάχθη-

2295 3668 2404 3722 μεν,
2442 3652 2536 3721 ομὴ
2586 3646 3189 3722 κατασκυθρωπάζοντςς
3244 3642 3328 3695 ἐπὶ
3383 3648 3499 3705 ταῖς
3545 3643 3919 3715 προσιούσαις

2296 3741 2534 3811 ἡμέραις,
2609 3736 2735 3789 ἀλλά
2804 3732 3038 3811 φαιδρῶς
3109 3737 3241 3807 πρὸς
3313 3732 3498 3799 αὐτὰς,
3569 3733 3638 3793 ὡς
3711 3733 3919 3804 πρέπει

2298 3827 2488 3899 ἁγίοις,
2541 3823 2909 3899 διατιθέμενοι.
2971 3820 3167 3885 Οὐδεὶς
3241 3820 3451 3895 ἀθυμῶν
3529 3826 3916 3892 στεφανοῦται·

2294 3914 2474 3979 οὐδεὶς
2517 3916 2821 3987 στυγνάζων
2866 3918 3113 3988 τρόπαιον
3162 3915 3367 3970 ἵστησι.
3416 3914 3502 3967 Μὴ
3576 3909 3921 3981 σκυθρωπά-

2298 4026 2397 4079 σῃς
2464 4007 2883 4078 θεραπευόμενος.
2950 4002 3177 4055 Ἀτοπον
3241 4005 3312 4073 μὴ
3358 4002 3567 4072 χαίρειν
3615 3996 3700 4050 ἐπὶ
3747 3998 3925 4070 ὑγείᾳ

2294 4094 2500 4167 ψυχῆς,
2531 4093 2657 4146 ἀλλὰ
2694 4093 2974 4146 λυπεῖσθαι
3017 4089 3103 4145 ἐπὶ
3150 4090 3442 4165 βρωμάτων
3491 4086 3761 4159 ὑπαλλαγῇ
3800 4088 3921 4158 (5),

2294 4189 2385 4237 καὶ
2415 4183 2623 4237 πλείονα
2649 4187 2811 4258 χάριν
2842 4184 3115 4255 φαίνεσθαι
3154 4176 3404 4240 διδόντας
3450 4173 3613 4249 ἠδονῇ
3662 4179 3928 4247 γαστρὸς

2297 4274 2326 4333 ἦ
2361 4272 2622 4347 ἐπιμελείᾳ
2648 4272 2856 4346 ψυχῆς.
2907 4277 3072 4345 Κόρος
3117 4273 3207 4344 μὶν
3254 4271 3355 4342 γὰρ
3407 4266 3477 4329 εἰς
3524 4269 3764 4338 γαστέρα
3808 4268 3927 4323 τὴν

2295 4366 2457 4437 χάριν
2485 4364 2689 4422 ἵστησι⁸
2721 4367 2940 4421 νησιτία
2968 4357 3028 4414 δὲ
3074 4363 3205 4436 πρὸς
3249 4357 3436 4430 ψυχὴν
3484 4352 3795 4415 ἀναϐιϐάζει
3847 4358 3927 4407 τὸ

548 4539 565 4575 ι
605 4539 757 4596 Psal.
788 4555 962 4607 Lxxx,
994 4542 1049 4597 4.
1126 4542 1149 4577 ³
1189 4544 1304 4598 Isa.
1338 4558 1493 4610 mu,
1522 4546 1635 4599 4-6.
1712 4544 1736 4579 ³
1774 4542 1975 4601 Matth.
2005 4558 2082 4611 v1,
2117 4544 2203 4611 16,
2240 4544 2328 4599 t7.

544 4717 624 4787 (ί)
645 4715 799 4772 Editi
819 4715 1069 4788 perinde
1088 4722 1154 4774 ut
1174 4719 1339 4789 Regii
1358 4720 1663 4777 secundus
1683 4726 1739 4778 et
1760 4721 1963 4777 tertius
1988 4738 2001 4777 :
2026 4728 2131 4773 Τοῦ

473 4805 635 4859 αὐτοῦ
660 4810 777 4879 περὶ
805 4811 1051 4870 νηστείας
1078 4807 1232 4881 λόγος
1260 4808 1327 4879 α’,
1368 4810 1648 4881 Ejusdem
1683 4828 1873 4869 sermo
1897 4814 2131 4882 primus

473 4896 815 4966 dejejunio.
840 4898 979 4967 Reg.
1002 4897 1269 4970 primus:
1307 4898 1517 4972 Ὀμιλία
1538 4900 1611 4962 εἰς
1656 4905 1749 4959 τὴν
1784 4900 2130 4977 παρείσϐασιν

474 4993 575 5037 τῶν
595 4994 865 5057 νηστειῶν,
901 4986 1166 5043 Homilia
1195 4989 1256 5043 in
1288 4989 1624 5059 ingressum
1634 4991 2036 5060 jejuniorum.
2060 4995 2134 5047 At

479 5074 604 5130 duo
625 5075 949 5132 Colbertini
971 5092 983 5131 :
1009 5081 1136 5152 Περὶ
1154 5082 1401 5140 νηστείας
1419 5077 1574 5150 λόγος
1595 5077 1663 5152 β’,
1695 5081 1904 5137 Sermo
1933 5095 2133 5137 secun-

474 5163 588 5219 dus
608 5165 681 5222 de
691 5166 945 5236 jejunio.
974 5165 1148 5232 Quod
1174 5166 1255 5223 ait
1275 5168 1366 5223 vir
1390 5167 1780 5224 doctissimus
1818 5170 2133 5227 Tillemon-

475 5252 613 5317 tius,
636 5253 791 5310 duas
814 5254 927 5311 has
947 5270 1103 5328 quas
1127 5255 1185 5311 in
1206 5256 1467 5313 editione
1487 5256 1812 5314 Parisiensi
1831 5258 2131 5316 habemus

474 5340 776 5399 orationes
812 5345 1125 5401 Dominica
1158 5346 1356 5418 prima
1375 5346 1863 5418 Quadragesimm
1890 5349 2132 5406 habitas

475 5447 626 5500 esse,
650 5431 757 5488 sed
777 5448 901 5489 non
923 5432 1139 5491 eodem
1159 5451 1341 5503 anno,
1371 5436 1446 5493 de
1475 5451 1546 5493 eo
1567 5453 1707 5493 cum
1732 5437 1866 5510 ipso
1891 5444 2134 5496 conten-

475 5519 618 5577 dere
654 5520 978 5578 nolumus:
1023 5523 1131 5579 sed
1168 5524 1386 5593 eidem,
1437 5529 1758 5599 utramque
1796 5528 2131 5587 orationem

476 5609 677 5670 Basilii
694 5609 886 5668 videri
904 5609 1250 5681 aﬁirmanti,
1272 5628 1398 5672 non
1417 5613 1502 5673 ita
1517 5613 1692 5673 facile
1710 5617 2131 5678 assentiemur.

2296 4724 2378 4778 Ea
2406 4720 2482 4776 de
2506 4736 2569 4777 re
2590 4719 2652 4775 in
2681 4716 3055 4775 Prmfatione.

2367 4812 2443 4882 (2)
2475 4809 2627 4867 Editi
2648 4808 2696 4862 ἐν
2723 4813 3036 4883 νεομηνίαις,
3078 4807 3145 4862 in
3169 4804 3359 4861 initiis
3381 4802 3690 4859 mensium.
3715 4802 3793 4855 Αι
3848 4799 3937 4859 in

2294 4900 2557 4973 antiquis
2575 4901 2843 4973 quinque
2866 4898 3034 4955 libris
3062 4900 3119 4953 et
3137 4893 3304 4968 apud
3326 4895 3453 4949 LXX
3475 4891 3693 4963 legitur
3712 4888 3764 4941 ἐν
3784 4907 3932 4941 νεο-

2292 4996 2476 5065 μηνίᾳ,
2509 4993 2572 5047 in
2592 4991 2765 5047 initio
2784 4989 3002 5046 mensis

2364 5081 2436 5152 (3)
2476 5081 2712 5137 Veteres
2740 5077 2971 5151 aliquot
2989 5075 3124 5133 libri
3143 5074 3515 5149 προσάγουσαν
3545 5077 3665 5136 τῶν,
3698 5065 3923 5123 male.

2364 5172 2441 5241 (4)
2479 5172 2621 5241 Reg.
2653 5167 2955 5225 secundus
2974 5171 3067 5225 τὴν
3096 5161 3155 5217 δὴ
3185 5162 3378 5221 ἀληθῆ.
3408 5163 3559 5217 Mox.
3584 5155 3751 5215 Colb.
3777 5156 3939 5228 pri-

2292 5276 2431 5317 mus
2459 5260 2601 5313 λύιτε
2621 5262 2811 5314 πάντα.

2363 5351 2441 5422 (5)
2488 5348 2660 5417 lllud,
2703 5346 2787 5400 ἐπὶ
2830 5346 3121 5420 βρωμάτων
3160 5340 3456 5412 ὑπαλλαγῇ,
3507 5338 3592 5394 sic
3638 5338 3947 5392 verterat

2294 5442 2599 5507 Erasmus,
2641 5438 2713 5495 ob
2769 5436 2927 5493 cibos
2964 5435 3339 5490 subtractos:
3385 5428 3512 5496 ubi,
3567 5431 3636 5484 ut
3678 5437 3941 5480 omnes

2292 5530 2518 5596 vident,
2549 5531 2778 5586 vertere
2796 5524 3106 5589 debuerat,
3127 5522 3201 5578 ob
3225 5520 3385 5578 cibos
3405 5517 3835 5575 commutatos.
