4088 6194
464 205 564 259 167
1851 204 1910 260 8.
1951 199 2108 257 BASI

2275 199 2481 261 [AGNL
3771 216 3872 270 168

461 330 748 384 Reverere
761 327 975 399 jejunii
1005 328 1302 384 canitiem.
1332 331 1478 384 Tam
1507 332 1678 385 vetus
1709 333 1816 396 est,
1840 332 1906 384 ut
1931 324 2109 382 simul

2281 330 2474 387 στείας.
2552 330 2920 395 Συνηλικιῶτίς
2995 332 3108 387 ἐστι
3171 343 3266 396 τῆς
3323 335 3740 412 ἀνθρωπότητοςο
3810 359 3870 396 νη

459 433 600 473 cum
630 417 875 473 homine
897 417 1137 473 condito
1154 418 1399 490 coeperit
1422 435 1434 472 :
1459 419 1520 474 in
1539 418 1824 491 paradiso
1845 414 2115 490 praescri-

459 510 632 578 ptum
669 511 775 562 est.
809 507 1072 562 Primum
1104 505 1253 561 illud
1286 511 1655 580 praeceptum
1705 505 1938 578 accepit
1963 503 2114 560 Ada-

459 612 597 651 mus
631 613 643 650 :
677 598 763 652 De
796 597 960 666 ligno
979 596 1243 651 scientia
1270 597 1409 650 boni
1435 602 1491 652 et
1519 597 1670 652 mali
1695 612 1816 651 non
1847 594 2114 650 comede-

461 687 596 740 tis‘.
631 685 784 740 Illud
819 690 1044 753 autem,
1073 701 1191 740 non
1224 687 1560 751 comedetis,
1595 685 1810 756 jejunii
1839 688 1896 739 et
1935 682 2114 738 absti-

457 773 673 830 nentiae
692 774 787 829 lex
802 778 906 829 est.
923 773 978 828 Si
1000 790 1035 829 ο.
1050 773 1214 842 ligno
1227 775 1559 843 jejunasset
1577 777 2114 846 Eva,nequaquam

456 863 572 920 hoc
589 880 749 919 nunc
765 863 995 934 jejunio
1008 879 1162 935 opus
1185 863 1472 920 haberem
1483 881 1550 918 us
1561 865 1782 935 .Neque
1795 867 1949 920 enim
1967 877 2114 931 opus

459 961 543 1010 est
572 953 909 1009 valentibus
945 954 1193 1024 medico,
1217 954 1322 1010 sed
1350 955 1509 1010 male
1539 954 1950 1010 habentibus7.
1985 951 2116 1006 Fui-

458 1059 597 1098 mus
629 1057 736 1114 per
772 1047 1089 1114 peccatum
1131 1042 1299 1110 laesi;
1347 1059 1635 1098 sanemur
1681 1059 1790 1116 per
1825 1041 2115 1114 peniten-

456 1132 604 1188 tiam
634 1148 653 1187 .·
680 1132 1032 1204 paenitentia
1063 1137 1264 1187 autem
1310 1133 1437 1188 sine
1475 1133 1710 1203 jejunio
1740 1133 1899 1188 iners
1928 1135 2020 1186 est
2059 1133 2116 1184 et

455 1221 825 1291 infrugifera.
845 1221 1173 1277 Maledicta
1196 1228 1379 1288 terra,
1403 1224 1608 1291 spinas
1630 1229 1682 1278 et
1705 1222 1958 1277 tribulos
1985 1235 2116 1291 ger.

457 1313 708 1369 minabit
740 1303 903 1368 tibi“.
933 1315 995 1366 In
1019 1311 1250 1367 tristitia
1281 1312 1479 1368 vivere
1515 1313 1724 1383 jussus
1762 1327 1845 1375 es,
1878 1327 2000 1367 non
2030 1312 2118 1366 in-

456 1401 704 1471 dulgere
734 1400 985 1456 deliciis.
1004 1403 1108 1455 Per
1121 1400 1199 1470 jej
1213 1400 1424 1456 unium
1447 1401 1771 1458 satisfacito
1797 1405 1938 1458 Deo.
1962 1400 2116 1466 Quin

458 1495 516 1546 et
545 1491 678 1562 ipsa
707 1490 768 1544 in
799 1487 1086 1561 paradiso
1134 1488 1276 1559 vita,
1311 1489 1526 1560 jejunii
1567 1489 1961 1546 simulacrum
2005 1492 2113 1559 est,

456 1595 583 1634 non
613 1577 691 1634 ob
721 1577 784 1633 id
810 1577 996 1633 modo
1017 1577 1183 1650 quod
1205 1579 1412 1648 homo,
1440 1579 1750 1635 communi
1775 1595 1914 1634 cum
1935 1594 2116 1649 ange-

453 1668 530 1724 lis
550 1667 797 1724 vivendi
826 1667 1057 1723 ratione
1080 1673 1280 1737 utens,
1303 1669 1453 1740 ipsis
1480 1669 1854 1725 efﬁciebatur
1883 1669 2113 1738 similis,
2170 1655 2210 1708 Β

454 1762 661 1829 utpote
691 1757 901 1829 paucis
919 1761 1238 1812 contentus
1263 1776 1276 1826 ;
1307 1774 1519 1814 verum
1542 1759 1722 1815 etiam
1748 1759 1936 1831 quod,
1955 1775 2114 1831 quai-

455 1862 693 1919 cunque
725 1851 862 1917 post
891 1846 1208 1901 hominum
1238 1847 1519 1917 cogitatio
1547 1853 1890 1904 commenta
1915 1853 2022 1912 est,
2045 1863 2116 1904 ea

451 1935 728 1992 nondum
751 1934 1111 2004 degentibus
1132 1936 1190 1990 in
1225 1935 1506 2006 paradiso
1537 1936 1877 2007 excogitata
1899 1943 2072 1993 erant
2097 1956 2109 1993 :

452 2024 730 2080 nondum
756 2024 879 2079 vini
910 2024 1156 2096 potatio,
1179 2025 1456 2080 nondum
1479 2025 1782 2097 pecudum
1810 2026 2112 2096 mactatio,

450 2129 575 2171 non
589 2114 928 2186 aliaquaecu
939 2129 1098 2185 nque
1111 2114 1465 2187 perturbant
1479 2121 1742 2172 mentem
1755 2116 2110 2172 humanam.

526 2207 581 2259 4.
612 2203 915 2269 Quoniam
942 2219 1064 2258 non
1090 2203 1523 2274 jejunavimus,
1565 2204 1915 2261 exsulamus
1947 2222 1978 2262 e
2009 2221 2112 2278 pa-

451 2292 656 2349 radiso
680 2309 693 2347 :
712 2291 1064 2362 jejunemus
1087 2291 1288 2361 igitur,
1312 2298 1376 2348 ut
1405 2295 1483 2348 ad
1514 2293 1684 2349 illum
1715 2301 2108 2350 revertamur.

451 2388 538 2438 An
570 2397 692 2437 non
724 2380 914 2447 vides,
935 2381 1248 2452 quomodo
1277 2385 1537 2437 Lazarus
1568 2398 1676 2454 per
1698 2384 1997 2454 jejunium
2027 2384 2112 2440 in-

454 2487 696 2542 gressus
727 2482 814 2526 est
846 2470 1277 2542 paradisum“?
1315 2471 1444 2526 Noli
1479 2472 1698 2528 imitari
1747 2476 1879 2528 Even
1909 2474 2110 2529 inobe-

451 2560 762 2626 dientiam,
787 2559 908 2615 noli
929 2575 1136 2614 rursus
1157 2566 1497 2631 serpentem
1513 2561 1573 2616 in
1597 2562 1915 2617 consilium
1943 2562 2112 2618 adhi-

452 2650 616 2714 bere,
649 2649 915 2705 edulium
947 2648 1025 2703 ad
1057 2665 1302 2704 carnem
1334 2649 1577 2705 mollius
1611 2650 1947 2707 curandam
1979 2668 2110 2724 pro-

451 2745 798 2811 ponentem.
827 2741 906 2794 Ne
945 2738 1206 2792 causeris
1247 2739 1518 2810 corporis
1548 2739 1853 2795 inﬁrmam
1886 2741 2110 2796 valetu-

452 2828 660 2884 dinem
711 2843 782 2883 ac
832 2826 1222 2882 debilitatem.
1277 2831 1478 2900 Neque
1537 2829 1697 2884 enim
1748 2830 1896 2885 mihi
1960 2831 2107 2888 istas

453 2917 871 2974 excusationes
911 2917 1170 2988 profers,
1215 2917 1319 2972 sed
1364 2918 1570 2974 scienti
1599 2919 1770 2974 dicis.
1817 2923 1962 2990 Age,
2012 2921 2110 2976 dic

454 3007 626 3072 mihi,
645 2984 1065 3078 jejunarenon
1088 3011 1282 3078 potes,
1309 3013 1365 3062 et
1385 3012 1556 3079 potes
1578 2984 2112 3082 continuoexpleri
2179 2984 2219 3039 Ο

454 3096 625 3167 cibis,
662 3100 834 3168 potes
881 3094 1179 3151 conﬁcere
1227 3111 1444 3167 corpus
1488 3097 1757 3170 pondere
1787 3101 2110 3155 escarum?

450 3186 631 3258 Atqui
646 3184 901 3240 inﬁrmis
917 3201 1038 3240 non
1052 3184 1324 3240 ciborum
1338 3187 1708 3259 varietatem,
1726 3187 1830 3244 sed
1843 3189 2110 3245 inediam

453 3279 512 3330 et
553 3274 983 3330 abstinentiam
1022 3290 1059 3328 a
1099 3273 1350 3329 medicis
1382 3275 1574 3330 solere
1621 3278 1931 3349 praescribi
1962 3277 2105 3334 scio.

455 3365 568 3428 Qui
597 3363 663 3419 ﬁt
687 3363 868 3432 igitur
899 3367 983 3430 ut,
1019 3379 1158 3418 cum
1185 3363 1301 3418 ista
1328 3365 1546 3436 possis,
1579 3365 1681 3422 illa
1701 3371 1756 3422 te
1785 3383 1908 3423 non
1930 3383 2110 3439 posse

453 3452 765 3508 causeris?
820 3454 1026 3507 Utrum
1073 3451 1266 3507 ventri
1313 3452 1545 3509 facilius
1601 3460 1690 3510 est
1733 3456 1898 3511 tenui
1947 3455 2110 3512 victu

455 3541 856 3598 transmittere
885 3545 1147 3608 noctem,
1179 3556 1259 3597 an
1285 3543 1459 3614 copia
1488 3543 1762 3600 ciborum
1791 3550 2108 3616 gravatum

447 3631 692 3704 jacere?
721 3631 844 3686 imo
874 3646 949 3686 ne
975 3631 1176 3700 jacere
1205 3630 1477 3703 quidem,
1527 3633 1635 3689 sed
1659 3634 1871 3690 crebro
1900 3635 2020 3690 huc
2053 3640 2112 3692 et

451 3719 571 3775 huc
610 3719 779 3786 verti,
807 3719 1220 3776 dehiscentem
1269 3737 1339 3777 ac
1388 3722 1777 3779 stridentem?
1806 3724 1929 3780 Nisi
1956 3724 2108 3781 forte

450 3808 719 3864 dicturus
745 3824 808 3863 es
827 3807 972 3863 illud
982 3809 1176 3880 ,quod
1201 3810 1468 3866 naucleri
1490 3811 1723 3868 facilius
1744 3818 1987 3870 servant
2005 3829 2108 3870 na-

450 3898 571 3953 vim
603 3898 857 3954 sarcinis
886 3903 1168 3954 onustam
1205 3916 1393 3971 quam
1424 3917 1560 3956 eam
1594 3918 1731 3974 quae
1775 3903 2108 3976 expeditior

450 3990 541 4042 est
572 4002 642 4042 ac
668 3984 870 4042 levior.
903 3989 1053 4042 Nam
1079 3987 1279 4042 oneris
1308 3989 1728 4058 magnitudine
1767 3997 2105 4063 gravatam,

448 4075 730 4148 quamvis
755 4075 1009 4144 exiguus
1034 4075 1252 4131 ﬂuctus
1291 4077 1577 4133 adoriens
1604 4078 1938 4151 demergit;
1966 4097 2106 4137 con-

446 4169 559 4234 tra,
591 4165 766 4236 cujus
804 4164 1043 4220 sarcina
1088 4165 1407 4222 moderata
1435 4170 1528 4224 est
1565 4183 1639 4224 ac
1678 4169 1942 4238 modica,
1974 4169 2105 4227 haec

448 4253 623 4310 facile
650 4253 870 4309 ﬂuctus
901 4260 1169 4326 superat,
1200 4269 1272 4310 eo
1293 4255 1454 4327 quod
1491 4271 1627 4313 eam
1659 4257 1754 4312 his
1782 4258 1913 4315 ﬁeri
1940 4258 2108 4316 altio-
2163 4251 2208 4306 Ι)

447 4359 575 4401 rem
603 4343 895 4416 impediat
913 4343 1078 4399 nihil.
1114 4345 1408 4402 Eumdem
1438 4347 1518 4402 ad
1543 4347 1800 4404 modum
1831 4354 1889 4405 et
1914 4349 2107 4406 homi-

446 4448 595 4488 num
617 4448 874 4505 corpora
895 4433 1144 4490 assidua
1163 4434 1497 4507 expletione
1519 4436 1852 4508 degravata
1871 4438 2042 4496 facile
2068 4455 2105 4497 a

448 4521 677 4601 morbis
697 4523 1161 4592 demerguntur;
1181 4541 1316 4596 qua:
1338 4542 1482 4582 vero
1502 4526 1659 4584 facili
1670 4527 1910 4601 levique
1931 4535 2105 4587 utun-

447 4616 543 4668 tur
570 4596 880 4677 alimonia,
907 4627 1033 4668 non
1071 4613 1256 4670 modo
1284 4615 1453 4688 quod
1483 4632 1558 4672 ex
1584 4596 2107 4676 morbo—imminet

518 4755 540 4790 ⁶
569 4755 708 4810 Gen.
740 4769 802 4820 ιι,
827 4754 914 4808 17.
991 4755 1010 4790 ⁷
1044 4755 1243 4812 Matth.
1273 4773 1356 4829 ιχ,
1389 4763 1472 4812 12.
1549 4757 1570 4789 ⁸
1593 4761 1735 4815 Gen.
1760 4776 1841 4824 ni,
1880 4765 1964 4830 17,
2003 4764 2092 4819 18.

519 4898 597 4976 (9)
627 4897 1180 4976 augustiniis,_cum
1196 4903 1514 4976 peccatum
1534 4900 1824 4976 originale
1845 4903 2103 4976 probare

444 4968 644 5056 vellet,
656 4969 822 5025 hunc
844 4970 1041 5056 Basilii
1054 4968 1256 5027 locum
1270 4972 1518 5045 protulit
1534 4971 1618 5028 lib
1627 4968 1656 5027 ἶ
1659 4990 1677 5029 1
1700 4968 1929 5032 Contra
1946 4978 2056 5032 Jul
2063 5019 2099 5044 .,

446 5056 585 5113 cap.
617 5046 668 5108 5,
703 5057 872 5097 num.
904 5045 994 5098 18.
1297 5115 1306 5126 ⁵
1360 5115 1370 5126 .
1613 5115 1623 5130 ’
1703 5120 1711 5131 '
1990 5119 2000 5129 ι

739 5225 752 5239 .
770 5113 1014 5170 duobus
1055 5113 1406 5172 Colbertinis
1453 5131 1565 5188 pro
1604 5112 1853 5190 εδεομεθα
1886 5117 2104 5190 legitur

873 5256 1099 5333 neodex
1132 5258 1361 5333 Regius
1417 5259 1722 5330 στυγνάζειν
1777 5259 2096 5333 ἐπετάχθης.

445 5323 619 5401 Alius
638 5325 846 5401 itidem
873 5329 1093 5401 Regius
1124 5323 1376 5401 ἐτάῃξθης.

519 5397 630 5474 (1.2)
657 5398 816 5474 ﬂag:
834 5397 1140 5455 secundus
1169 5397 1278 5474 τόῖς
1309 5403 1617 5474 ἀνθρώποις.
1650 5405 1766 5458 Nec
1796 5402 1880 5459 ita
1909 5403 2101 5461 multo

445 5465 584 5542 p03!
612 5465 769 5524 editi'
784 5465 1147 5543 διαιτωμένοις
1187 5465 1499 5531 ἐπενενόητο.
1544 5474 1700 5532 Libri
1726 5479 1960 5533 veteres
1993 5475 2101 5529 ἔπι-

2281 420 2428 466 στεία
2457 417 2530 487 (9)
2573 417 2620 469 ἐν
2680 430 2750 491 τῷ
2797 419 3106 495 παραδείσῳ
3155 422 3521 497 ἐνομοθετήθη.
3580 431 3684 485 Τὴν
3739 433 3876 501 πρώ-

2277 523 2370 561 την
2434 504 2635 565 ἐντολὴν
2702 509 2873 563 ἔλαϐεν
2940 509 3131 586 Ἀδάμ·
3203 514 3328 566 Ἀπὸ
3405 522 3496 566 τοῦ
3565 515 3716 578 ξύλου
3783 524 3875 568 τοῦ

2276 599 2548 664 γινώσκειν
2603 598 2756 650 καλὸν
2813 606 2902 653 καὶ
2966 607 3186 676 πονηρὸν
3242 603 3300 655 ού
3366 607 3606 676 φάγεσθε.
3657 609 3725 657 Τὸ
3794 602 3871 671 δὲ,

2279 682 2336 734 ού
2397 687 2635 756 φάγεσθε,
2691 695 2931 752 νηστείας
2991 690 3103 744 ἐστὶ
3160 697 3249 744 καὶ
3313 691 3610 766 ἐγκρατείας
3670 696 3877 766 νομοθε-

2279 777 2389 826 σία.
2451 775 2508 826 Εἰ
2556 774 2857 834 ἐνήστευσεν
2911 779 3011 832 ἀπὸ
3069 789 3162 833 τοῦ
3214 781 3365 844 ξύλου
3419 784 3447 840 ἡ
3498 785 3625 850 Εὔα,
3668 783 3761 834 ούκ
3813 785 3874 834 ἄν

2277 864 2470 924 ταύτης
2527 871 2615 915 νῦν
2682 863 2932 941 ἐδεόμεθα
2987 870 3102 938 (10)
3159 880 3253 932 τῆς
3308 876 3577 934 νηστείας.
3645 872 3720 924 Οὐ
3775 875 3874 946 γὰρ

2276 955 2462 1021 χρείαν
2530 953 2747 1022 ἔχουσιν
2805 958 2852 1008 οί
2919 957 3190 1030 ἰσχύοντες
3254 959 3466 1032 ἰατροῦ,
3528 958 3631 1011 ἀλλ’
3685 961 3735 1031 οξ
3785 979 3878 1012 xu-

2276 1047 2378 1099 κῶς
2427 1042 2652 1111 ἔχοντες.
2702 1043 3061 1120 Ἐκακώθημεν
3110 1051 3201 1100 κιὰ
3245 1058 3340 1110 τῆς
3389 1049 3667 1122 ἁμαρτίαςσ
3726 1049 3853 1101 ἱαθῶ

2277 1147 2366 1199 μεν
2411 1126 2505 1182 διὰ
2551 1140 2644 1194 τῆς
2691 1141 2981 1206 μετανοίαςο
3027 1141 3274 1210 μετάνοια
3319 1135 3378 1191 δὲ
3425 1144 3595 1214 χωρὶς
3633 1144 3876 1201 νηστείας

2277 1216 2432 1291 ἀργή.
2495 1219 2924 1297 Ἐπικατάρατος
2994 1229 3022 1284 ἡ
3092 1237 3184 1299 γῆ,
3254 1228 3482 1290 ἠκάνθας
3548 1233 3638 1280 καὶ
3704 1228 3878 1304 τριϐό-

2277 1304 2394 1369 λους
2472 1309 2700 1364 ἀνατελεῐ
2773 1333 2876 1370 σοι.
2946 1317 3252 1387 Στυγνάζειν
3318 1319 3691 1390 προσετάχθης
3735 1319 3874 1388 (11),

2276 1401 2347 1468 μὴ
2402 1401 2500 1472 γὰρ
2549 1408 2765 1474 τρυφᾴν.
2818 1407 2912 1456 Διά
2958 1411 3200 1468 νηστείας
3245 1405 3574 1478 ἀπολόγησαι
3621 1415 3692 1478 τῷ
3737 1414 3872 1477 Θεῷ.

2273 1485 2428 1539 Ἀλλὰ
2473 1495 2562 1542 καὶ
2614 1493 2643 1548 η
2692 1490 2740 1543 ἐν
2787 1490 3094 1566 παραδείσῳ
3153 1493 3388 1568 διαγωγὴ
3439 1500 3680 1558 νηστείας
3734 1494 3875 1547 ἐστὶν

2278 1577 2442 1645 εἰκὼν,
2475 1580 2535 1631 ού
2583 1585 2734 1652 μόνον
2783 1585 2967 1636 καθότι
3014 1593 3122 1646 τοῖς
3154 1585 3387 1658 ἀγγέλοις
3417 1583 3719 1659 ὁμοδίαιτος
3749 1594 3817 1637 ὧν
3849 1587 3875 1637 ὁ

2277 1668 2565 1742 ἄνθρωπος,
2600 1666 2696 1722 διὰ
2722 1681 2816 1734 τῆς
2847 1671 3147 1746 ὀλιγαρχίας
3173 1679 3266 1732 τὴν
3296 1678 3424 1749 πρὸς
3474 1675 3660 1738 αὐτοὺς
3691 1676 3876 1747 ὁμοίω-

2279 1776 2360 1808 σιν
2389 1761 2682 1831 κατώρθου,
2711 1761 2815 1813 ἀλλ’
2844 1764 2924 1814 ὁτι
2953 1768 3043 1815 καὶ
3092 1766 3193 1816 ὅσα
3239 1763 3453 1839 ὓστερον
3483 1766 3513 1823 ἡ
3548 1763 3746 1816 ἐπίνοια
3774 1773 3876 1816 τῶν

2276 1843 2556 1922 ἀνθρώπων
2586 1850 2701 1921 (12)
2750 1849 2964 1924 ἐξεῦρεν,
3017 1856 3158 1906 οὔπω
3201 1862 3307 1916 τοῖς
3357 1853 3404 1905 ἐν
3453 1863 3524 1926 τῷ
3567 1850 3876 1928 παραδείσῳ

2279 1932 2638 2011 διαιτωμένοις
2670 1938 2980 1999 ἐπενενόητο·
3015 1945 3157 1995 οὔπω
3205 1944 3518 2011 οἰνοποσίαι,
3570 1947 3712 1996 οὔπω
3747 1947 3876 2007 ζωο-

2279 2029 2478 2096 θυσίαι,
2513 2029 2617 2102 οὐχ
2647 2032 2746 2084 ὅσα
2776 2036 2862 2084 τόν
2890 2041 3008 2086 νοῦν
3039 2033 3269 2086 ἐπιθολοῖ
3290 2039 3377 2087 τὸν
3409 2035 3744 2108 ἀνθρώπινον.

2347 2192 2399 2244 4.
2428 2187 2636 2250 Ἐπειδὴ
2671 2193 2763 2244 οὐκ
2784 2195 2896 2266 (13)
2918 2193 3317 2268 ἐνηστεύσαμεν,
3343 2195 3644 2268 ἐξεπέσομεν
3666 2203 3755 2246 τοῦ
3777 2215 3878 2246 πα-

2274 2275 2546 2350 ραδείσου·
2574 2286 2938 2357 νηστεύσωμεν
2968 2290 3158 2352 τοίνυν,
3190 2287 3272 2336 ἱνα
3317 2289 3447 2358 πρὸς
3487 2285 3640 2336 αὐτόν
3673 2283 3881 2350 ἐπανελ-

2280 2367 2463 2439 θωμεν.
2495 2370 2617 2440 Ούχ
2647 2366 2770 2443 ὁρᾷς
2803 2377 2889 2424 τὸν
2922 2375 3182 2447 Λάζαρον,
3215 2381 3324 2434 πῶς
3358 2369 3453 2424 διὰ
3489 2377 3734 2432 νηστείας
3768 2371 3877 2423 εἰσ-

2277 2454 2426 2513 ῆλθεν
2479 2458 2547 2519 εἰς
2605 2463 2692 2510 τὸν
2748 2459 3109 2534 παράδεισον;
3169 2465 3254 2519 Μὴ
3316 2466 3524 2534 μιμήση
3585 2470 3680 2522 τῆς
3738 2463 3878 2521 Εὔας

2275 2548 2368 2601 τὴν
2426 2553 2715 2620 παρακοήν,
2776 2555 2847 2623 μὴ
2909 2551 3060 2603 πάλιν
3123 2549 3412 2623 σύμϐουλον
3460 2546 3727 2624 παραδέξῃ
3783 2552 3878 2600 τὸν

2277 2637 2388 2705 ὅφιν
2417 2638 2529 2704 (14)
2558 2656 2570 2705 ;
2601 2636 2773 2710 φειδοῖ
2813 2649 2909 2701 τῆς
2955 2642 3150 2713 σαρκὸς
3197 2645 3289 2696 τὴν
3322 2637 3523 2712 βρῶσιν
3572 2639 3880 2709 ὑποτιθέμε-

2275 2745 2376 2784 νον.
2431 2733 2514 2786 Μὴ
2569 2731 2901 2802 προφασίζου
2951 2729 3244 2804 ἀρρωστίαν
3278 2734 3520 2800 σώματος
3552 2732 3641 2779 καὶ
3679 2722 3883 2778 ἀδυνα-

2275 2829 2422 2896 μίαν.
2449 2821 2524 2873 Ού
2556 2824 2657 2896 γὰρ
2691 2822 2806 2894 ἐμοὶ
2837 2822 2931 2880 τὰς
2955 2821 3262 2893 προφάσεις,
3297 2816 3424 2868 ἀλλά
3460 2825 3532 2887 τῷ
3562 2816 3674 2887 (15)
3706 2811 3882 2868 εἰδότι

2274 2913 2459 2985 λέγεις.
2491 2913 2775 2969 Νηστεύειν
2823 2909 2881 2961 ού
2923 2905 3151 2961 δύνασαι
3181 2907 3314 2974 (εἱπέ
3357 2906 3506 2978 μοι);
3537 2905 3881 2978 κορέννυσθαι

2278 3001 2336 3056 δὲ
2367 3000 2457 3055 διὰ
2491 3001 2633 3075 βίου,
2684 3005 2774 3053 καὶ
2825 2998 3112 3073 συντρίϐειν
3155 3001 3212 3049 τὸ
3270 3005 3422 3068 σῶμα
3459 3003 3531 3066 τῷ
3577 2993 3728 3068 βάρει
3771 3003 3883 3046 τῶν

2275 3093 2583 3166 ἐσθιομένων
2615 3089 2878 3158 δύνασαι;
2935 3094 3036 3142 Καὶ
3088 3093 3191 3160 μὴν
3242 3094 3349 3147 τοῖς
3397 3080 3706 3137 ἀσθενοῦσιν
3745 3083 3878 3154 οὐχὶ

2276 3182 2567 3257 βρωμάτων
2614 3180 2897 3246 ποικιλίαν,
2949 3177 3054 3230 ἀλλ’
3100 3177 3309 3230 ἀσιτίαν
3365 3179 3454 3226 καὶ
3501 3170 3698 3226 ἔνδειαν
3750 3169 3886 3225 οἶδα

2273 3275 2393 3330 τοῦς
2445 3268 2650 3341 ἰατροὺς
2700 3265 3105 3325 ἐπιτάσσοντας.
3147 3269 3260 3323 Ηώς
3309 3256 3396 3312 οὖν
3449 3261 3475 3311 ὁ
3504 3265 3672 3311 ταῦτα
3719 3253 3886 3310 δυνά-

2272 3377 2440 3430 μενος,
2489 3355 2655 3408 ἐκεῖνα
2713 3354 3009 3429 προφασίζη
3061 3357 3132 3425 μὴ
3185 3347 3485 3416 δύνασθαι;
3543 3352 3606 3400 Τί
3652 3347 3892 3400 εὐκοπώ-

2271 3466 2416 3520 τερον
2463 3455 2525 3518 τῇ
2577 3450 2810 3518 γαστρί;
2860 3443 3096 3500 λιτότητι
3146 3437 3359 3500 διαίτης
3415 3444 3739 3513 παρενεγκεῖν
3789 3442 3886 3496 την

2271 3539 2452 3606 νύκτα,
2503 3538 2532 3594 ἦ
2583 3532 2830 3606 δαψιλείᾳ
2885 3532 3176 3608 βρωμάτων
3227 3529 3584 3603 βεϐαρημένην
3623 3528 3882 3595 κεῖσθαι;

2271 3622 2461 3694 μᾶλλον
2492 3618 2551 3674 δὲ
2580 3618 2718 3694 μηδὲ
2765 3620 2992 3684 κεῖσθαι,
3045 3615 3171 3668 ἀλλά
3217 3617 3388 3666 πυκνά
3425 3613 3887 3686 μεταστρέφεσθαι

2274 3709 2720 3788 διαῤῥηγνυμένην
2769 3713 2858 3760 καὶ
2909 3710 3228 3772 στένουσαν;
3279 3703 3323 3756 εἰ
3365 3707 3436 3775 μὴ
3486 3706 3576 3752 καὶ
3624 3703 3744 3760 τούς
3785 3720 3884 3751 xu-

2273 3785 2517 3875 ϐερνητας
2565 3805 2750 3872 φήσεις
2799 3795 3154 3871 βαρυνομένην
3189 3799 3300 3852 τοῖς
3332 3789 3620 3863 ἀγωγίμοις
3670 3785 3885 3841 ὁλκάδα

2272 3890 2606 3962 εὐκολώτερον
2653 3887 2838 3946 σώζειν
2889 3893 2982 3946 τῆς
3036 3881 3438 3953 εύσταλεστέρας
3491 3883 3581 3931 καὶ
3636 3881 3873 3948 κούφης.

2269 3983 2374 4036 Τὴν
2405 3982 2494 4051 μὲν
2539 3979 2638 4050 γὰρ
2680 3978 3023 4048 πεπιεσμένην
3071 3981 3142 4043 τῷ
3187 3970 3373 4028 πλήθει
3425 3967 3658 4042 βραχεῖα
3703 3969 3885 4038 κύμα-

2269 4089 2355 4130 τος
2399 4067 2754 4127 ἐπανάστασις
2798 4061 3199 4116 κατεϐάπτισεν.
3235 4061 3265 4117 ἡ
3321 4055 3379 4111 δὲ
3425 4061 3731 4130 συμμέτρως
3769 4063 3881 4106 τῶν

2270 4157 2544 4231 ἀγωγίμων
2600 4158 2804 4227 ἔχουσα
2859 4149 3060 4227 ῥᾳδίως
3109 4151 3378 4225 ὑπεραίρει
3437 4154 3527 4198 τοῦ
3583 4141 3877 4210 κλύδωνος,

2269 4246 2477 4309 οὐδενὸς
2541 4241 2914 4319 ἐμποδίζοντος
2987 4240 3150 4298 αὐτὴν
3217 4236 3540 4310 ὑψηλοτέραν
3595 4235 3872 4306 γενέσθαι,

2271 4343 2370 4393 Καὶ
2417 4341 2587 4389 τοίνυν
2635 4337 2701 4386 τὰ
2747 4342 2846 4385 τῶν
2895 4329 3176 4402 ἀνθρώπων
3226 4332 3464 4398 σώματα,
3519 4329 3732 4394 συνεχεῖ
3780 4325 3882 4395 μὲν

2266 4439 2338 4500 τῷ
2389 4431 2526 4502 κόρῳ
2573 4422 3050 4495 καταϐαρυνόμενα,
3105 4417 3324 4476 εὐκόλως
3386 4412 3696 4486 ὑποϐρύχια
3751 4419 3884 4473 ταῖς

2268 4518 2582 4594 ἀρρωστίαις
2612 4519 2828 4588 γίνεταιο
2874 4507 3109 4562 εὐσταλεῖ
3159 4503 3218 4558 δὲ
3265 4509 3354 4557 καὶ
3397 4506 3560 4574 κούφη
3605 4508 3666 4573 τῇ
3701 4507 3874 4574 τροφῇ

2265 4592 2584 4683 κεχρημένα,
2637 4607 2726 4655 καὶ
2776 4604 2835 4652 τὸ
2900 4593 3334 4670 προσδοκώμενον
3403 4592 3460 4646 ἐκ
3511 4596 3666 4644 νόσου
3705 4593 3878 4642 κακὸν

2335 4763 2356 4796 9
2389 4763 2528 4817 Luc.
2553 4772 2675 4825 xv1,
2705 4757 2899 4810 20-31.

2262 4921 2467 4960 νποητο
2482 4944 2495 4956 .

2337 4959 3181 5045 (13)αοάθιιωιιεέπεὲδέέ³ξι
3365 5032 3407 5045 ,ί
3590 5027 3601 5042 .

2332 5030 2353 5116 ξ
2359 5030 2440 5115 145
2465 5047 2603 5116 Reg.
2621 5041 2857 5114 primus
2871 5037 2953 5116 ita
2969 5033 3227 5116 h_ab_etin
3244 5030 3873 5116 οοιιιιεςιῑιιμῇγζπαρα-

2265 5102 2386 5186 δέξῃ
2411 5102 2499 5169 τὸν
2530 5102 2739 5186 ἅθ’ρόν,
2765 5125 2906 5186 cape
2925 5107 3234 5186 inimicum
3257 5102 3645 5186 adhibeasin‘
3667 5102 3874 5181 consi-

2266 5175 2447 5244 ιίιὶὶηε
2479 5192 2538 5242 at
2562 5175 2758 5240 in'ora
2785 5182 2923 5248 libr,
2956 5175 3567 5250 scriptuminvenjtur
3595 5175 3680 5220 τὸν
3713 5175 3878 5250 ξφα...

2334 5242 2639 5332 (t5)lllud
2666 5242 2957 5332 loquendi
2989 5242 3401 5332 geni-13,5361;
3437 5243 3635 5332 λέγεις,
3649 5242 3876 5332 sciat-ti

2262 5317 2444 5397 diris;
2461 5330 2521 5386 in
2564 5317 2869 5401 proverbii
2899 5317 3400 5401 cgnsuetudinem
3437 5317 3876 5401 vertisseme:

2262 5383 2898 5460 netvyir—ddctissimus
2929 5396 3203 5448 Ducaeus.
3226 5389 3365 5459 Ejus
3385 5383 3871 5442 eruditissimam

2261 5479 2470 5533 notam
2497 5469 2752 5529 studiosi
2779 5467 2975 5538 legere
3006 5465 3308 5536 poterunt.
