4088 6194
185 305 278 359 169

1459 309 1550 365 DE
1586 307 1862 366 JEJUNIO
1911 308 2201 366 HOMILlA
2237 310 2279 364 1.

3459 317 3558 371 170

188 430 350 503 ὧσπερ
394 436 678 500 χειμῶνος
724 427 1080 483 ἐπανάστασιν
1128 430 1427 504 ὑπεξέφυγε,
1460 437 1550 485 καὶ
1590 435 1650 485 τό
1690 428 1787 491 ἤδη

1909 430 2164 498 malum,
2186 431 2346 489 velut
2377 432 2653 505 procella:
2684 432 2979 491 assultum
3010 434 3326 507 effugiunt,
3345 452 3560 495 verum

186 522 337 590 παρὸν
376 516 629 590 ὀχληρὸν
678 517 857 592 ὥσπερ
906 522 1023 572 τινὰ
1048 523 1164 589 (16)
1206 517 1463 584 σπιλάδος
1509 516 1799 596 ἐπιδρομὴν

189 604 537 680 διεκρούσατο
592 606 769 661 Ἥπου
827 613 917 662 καὶ
960 613 1019 662 τὸ
1068 610 1364 682 ἡσυχάζειν
1411 612 1551 663 κατὰ
1605 614 1663 663 σε
1706 616 1798 662 τοῦ

188 702 384 770 τρέχειν
436 697 852 771 ἐπιπονώτερον,
897 704 987 750 καὶ
1042 707 1134 750 τοῦ
1179 698 1417 751 παλαίειν
1458 702 1517 752 τὸ
1568 699 1794 773 ἠρεμεῖν·

190 785 321 859 εἰπερ
359 782 454 838 οὖν
506 785 607 838 καὶ
643 789 705 839 τὸ
752 792 951 861 τρυγᾷν
997 795 1089 840 τοῦ
1134 786 1289 850 λιτῶς
1320 790 1435 858 (17)
1487 785 1798 841 διαιτᾶσθαι

186 870 287 936 τοῖς
322 874 623 927 ἀσθενοῦσι
673 880 775 948 φῇς
813 873 944 927 εἰναι
977 875 1431 950 καταλληλὸτερον.
1466 876 1523 930 Ἰἰ
1568 875 1665 950 γὰρ
1708 881 1793 929 oi-

185 972 483 1036 ιονοριοῦσα
534 968 595 1017 τὸ
641 965 774 1025 ζῶον
819 960 1043 1037 δύναμις
1093 965 1402 1040 αὐτάρκειαν
1587 969 1677 1018 καὶ
1724 964 1799 1017 λι-

186 1058 378 1111 τότητα
422 1049 640 1127 ῥᾳδίως
686 1056 1093 1127 κατειργάσατο,
1142 1059 1232 1107 καὶ
1284 1055 1513 1126 ᾠκείωσε
1560 1062 1632 1125 τῷ
1675 1072 1795 1129 τρε-

187 1148 400 1214 φομένῳ
437 1141 777 1194 πολντίλειαν
821 1138 882 1194 δι
924 1148 1014 1195 καὶ
1054 1143 1315 1195 ποικιλίαν
1358 1142 1653 1217 βρωμάτων
1698 1162 1797 1195 πα·

182 1230 514 1301 ραλαεοῦσα,
568 1227 683 1283 εἶτα
720 1228 991 1303 ἀντισχεῖν
1039 1235 1167 1305 πρὸς
1209 1235 1269 1284 τὸ
1309 1236 1468 1306 πέρας
1513 1231 1607 1285 ούκ
1649 1230 1797 1305 ἔξαρ-

183 1323 406 1385 ιέσασα,
442 1322 517 1372 τὰ
552 1319 770 1372 ποικᾶα
795 1323 915 1392 γένη
945 1330 1044 1372 τῶν
1068 1323 1378 1394 νοσημάτων
1412 1319 1679 1380 ἐποίησεν.

246 1698 303 1750 5.
349 1693 584 1747 Ἀλλ““επὶ
616 1697 704 1753 τὶν
751 1698 988 1769 ίστορίαν
1020 1691 1288 1768 βαδιζέτω
1319 1700 1345 1748 ό
1377 1695 1531 1768 λόγος
1561 1696 1699 1769 (18),
1734 1698 1792 1749 τὸ

181 1787 411 1855 ἐρχαξον
462 1793 562 1845 τῆς
602 1789 850 1846 νηστείας
895 1781 1119 1848 διεξιών·
1177 1791 1267 1838 καὶ
1312 1789 1448 1848 ὅπως
1502 1789 1688 1849 πάντες
1743 1791 1793 1840 οί
1830 1803 1873 1859 Β

180 1872 345 1943 ἱγιοι,
410 1877 594 1947 ῶσπερ
667 1875 785 1925 τινὰ
849 1872 1037 1946 κλῆρον
1106 1883 1343 1947 πατρῷον
1402 1870 1789 1948 διαδεξάμενοι,

181 1963 315 2013 σῖτα
376 1957 722 2033 διεφύλαξαν,
786 1966 961 2035 πατὴρ
1020 1959 1174 2016 παιδὶ
1220 1959 1626 2036 παραδιδόντες·
1679 1966 1792 2016 ὅθεν

176 2058 264 2103 καὶ
295 2051 374 2111 εἰς
403 2051 552 2122 ἡμᾶς
580 2050 864 2122 άκολονθία
913 2047 1180 2124 διαδοχῆς
1233 2048 1462 2111 διεσώθη
1513 2056 1570 2106 τὸ
1618 2062 1794 2126 κτῆμα

178 2139 315 2209 (l9).
364 2139 484 2191 Ούκ
528 2134 591 2197 ἦν
642 2136 689 2190 ἓν
734 2147 807 2210 τῷ
853 2136 1161 2213 παραδείσῳ
1205 2136 1358 2209 οἶνος,
1406 2148 1548 2193 οῦπω
1598 2141 1794 2202 ζωοθυ-

180 2233 327 2293 σίαε,
370 2228 524 2279 οὔπω
572 2233 914 2302 κρεωφαγίαι.
970 2231 1115 2281 Μετὰ
1157 2232 1245 2281 τὸν
1296 2228 1662 2302 κατακλυσμὸν
1722 2226 1792 2282 οἷ-

176 2338 289 2379 νος⁸
368 2319 513 2389 μετά
578 2321 667 2369 τὸν
739 2317 1126 2391 κατακλυσμὸν,
1182 2321 1416 2392 Φάγεσθε
1484 2322 1654 2373 πάντα
1722 2322 1792 2383 ὡς

176 2407 389 2479 λάχανα
428 2411 667 2480 χόρτου.
718 2406 842 2459 Ὅτε
898 2409 1205 2480 ἁπεγνὼσθη
1266 2410 1296 2467 ἡ
1352 2407 1633 2476 τελείωσις,
1676 2414 1791 2463 τότε

179 2497 539 2569 συνεχωρήθη
584 2496 615 2554 ἠ
658 2493 970 2558 ὰπὸλοωσις.
1020 2504 1213 2570 Δεῖγμα
1259 2493 1320 2549 δε
1361 2506 1457 2558 τῆς
1513 2505 1606 2551 τοῦ
1649 2501 1787 2551 οἴνου

178 2584 419 2659 ἀπειρίας
450 2592 570 2639 Νῶε
624 2585 819 2658 ἁγνοσὶιν
865 2595 956 2639 τοῦ
1013 2589 1150 2639 οἱνον
1198 2591 1292 2646 τὴν
1343 2594 1569 2662 χρῆσιν.
1627 2590 1787 2641 Οὔπω

174 2680 274 2749 γὰρ
330 2681 404 2737 είς
458 2678 552 2727 τὸν
583 2673 704 2748 βίον
755 2675 1117 2750 παρεληλύθει,
1168 2672 1286 2729 οὐδ’
1324 2675 1587 2750 ἔτίτρίπτο
1632 2676 1679 2729 ἐν
1718 2686 1781 2751 τῇ

177 2767 424 2837 σννηθείᾳ
484 2771 548 2836 τῇ
599 2772 700 2815 τῶν
729 2762 1031 2837 ἀνθρώπων.
1086 2766 1220 2817 Οῦτε
1263 2761 1350 2817 οὖν
1408 2764 1557 2818 ἄλλον
1613 2768 1783 2819 τεθεα-

172 2859 341 2924 μένος,
408 2856 534 2905 οὔτε
590 2852 747 2913 αὐτὸς
803 2854 1085 2926 πειραθεὶς,
1264 2852 1355 2906 ἀπ’
1403 2853 1562 2907 αὐτοῦ
1608 2853 1776 2929 βλάϐη

170 2948 476 3017 περιέπεσεν
534 2941 864 3015 aprilium»?
929 2941 1207 3015 Ἐφύτινσε
1255 2944 1354 3015 γὰρ
1394 2942 1618 3015 ἄμπελον
1644 2951 1777 3012 Νῶε,

169 3038 251 3083 καὶ
279 3036 425 3085 ἔπιεν
482 3030 589 3083 ἀπὸ
646 3038 739 3081 τοῦ
796 3038 1018 3103 καρποῦ,
1078 3035 1167 3082 καὶ
1215 3029 1498 3104 ἐμεθύσοηυ
1545 3031 1672 3104 ούχὶ
1708 3039 1780 3103 τῷ

1907 521 2087 577 etiam
2118 528 2479 594 prmsentem
2505 523 2636 595 jam
2677 524 3098 596 aegritudinem
3142 525 3198 600 4
3240 526 3404 585 velut
3438 533 3561 585 tur-

1904 608 2109 665 binem
2140 611 2474 683 quemdam
2505 612 2870 669 exorientem
2903 613 3251 672 discutiunt.
3282 617 3565 676 Videlicet

1899 698 2074 770 juxta
2100 704 2267 756 tuam
2299 701 2660 757 sententiam
2702 700 3070 759 laboriosius
3108 704 3219 761 erit
3252 706 3560 779 quiescere

1904 803 2092 860 quam
2121 803 2379 861 currere,
2413 795 2471 846 et
2492 791 2757 846 otiosum
2787 807 2918 847 esse
2966 808 3156 865 quam
3200 792 3452 852 luctari:
3487 796 3559 852 si-

1903 876 2152 948 quidem
2171 877 2411 948 judicas
2436 880 2869 950 congruentius
2890 896 3021 937 esse
3038 880 3309 939 inﬁrmos
3328 883 3557 942 deliciis

1904 964 2130 1037 expleri
2157 981 2346 1038 quam
2377 983 2563 1039 parco
2594 968 2876 1041 tenuique
2907 968 2993 1025 uti
3045 970 3229 1027 victu.
3281 974 3429 1029 Nam
3467 974 3558 1030 vis

1903 1051 2006 1108 illa
2036 1069 2160 1126 qua
2189 1054 2441 1111 animali
2481 1055 2848 1128 providetur,
2890 1061 3294 1130 temperatum
3320 1076 3391 1116 ac
3416 1077 3558 1134 par-

1905 1157 2044 1197 cum
2070 1142 2290 1199 victum
2319 1143 2482 1200 nullo
2512 1146 2753 1214 negotio
2780 1148 3130 1219 concoquit,
3159 1154 3217 1204 et
3245 1149 3306 1205 in
3347 1166 3559 1223 corpo-

1901 1230 1984 1287 ris
2012 1230 2179 1304 quod
2201 1231 2379 1288 alitur
2404 1232 2806 1290 substantiam
2848 1235 3054 1303 vertit;
3105 1240 3167 1292 at
3212 1238 3427 1295 eadem
3454 1239 3557 1296 ubi

1903 1320 2188 1394 opiparos
2207 1322 2531 1396 variosque
2555 1322 2720 1380 cibos
2742 1324 3060 1396 complexa
3078 1330 3185 1395 est,
3213 1343 3323 1385 nec
3338 1328 3557 1385 deinde

1902 1426 2015 1484 par
2042 1416 2130 1467 est
2154 1411 2247 1468 his
2276 1412 2527 1469 omnino
2559 1412 2912 1487 coquendis,
2942 1419 3072 1470 tum
3101 1414 3338 1474 diversa
3368 1418 3559 1489 gignit

1901 1499 2259 1558 morborum
2294 1516 2537 1571 genera.

2052 1590 2167 1647 Sed
2191 1591 2322 1662 jam
2352 1590 2433 1648 ad
2460 1591 2777 1648 historiam
2809 1608 2874 1648 se
2895 1597 3105 1651 nostra
3128 1594 3379 1668 recipiat
3420 1613 3556 1655 ora-

1899 1679 2003 1751 tio,
2031 1680 2247 1752 jejunii
2267 1681 2690 1754 antiquitatem
2708 1697 3086 1754 percurrens,
3101 1689 3157 1741 et
3182 1691 3557 1761 quantopere

1901 1786 2115 1827 omnes
2147 1771 2359 1843 sancti,
2382 1771 2633 1845 perinde
2658 1772 2836 1845 quasi
2859 1771 3277 1832 haereditatem
3308 1793 3344 1833 a
3368 1778 3559 1850 majo-

1898 1858 2067 1915 ribus
2096 1858 2399 1928 traditam,
2420 1859 2499 1931 jcj
2510 1859 2719 1915 unium
2740 1859 3213 1926 observaverint,
3236 1868 3557 1939 patresque

1903 1947 2030 2004 suis
2067 1947 2295 2021 quique
2341 1947 2544 2005 liberis
2590 1948 2981 2006 tradiderint:
3032 1950 3196 2009 unde
3225 1957 3283 2009 et
3328 1954 3406 2010 ad
3443 1971 3557 2012 nos

1899 2041 2193 2111 perpetua
2216 2036 2488 2110 quedam
2519 2038 2919 2095 successionis
2947 2039 3097 2095 serie
3126 2043 3400 2113 pervenit
3426 2044 3556 2102 haec

1899 2124 2231 2197 possessio.
2264 2128 2392 2182 Non
2417 2131 2546 2182 erat
2580 2126 2642 2182 in
2680 2127 2974 2200 paradiso
3017 2128 3251 2197 vinum,
3280 2145 3407 2187 non
3432 2135 3559 2187 erat

1900 2214 2202 2286 pecudum
2233 2214 2541 2286 mactatio,
2574 2231 2698 2271 non
2728 2217 3000 2273 carnium
3044 2234 3203 2274 esus.
3246 2220 3381 2275 Post
3404 2204 3556 2275 dilu-

1898 2300 2065 2358 vium
2090 2303 2271 2377 cmpit
2294 2303 2524 2369 vinum;
2548 2310 2682 2377 post
2703 2304 3330 2375 diluvium,Comedite
3353 2309 3555 2366 omnia

1899 2391 2051 2447 sicut
2104 2393 2273 2449 olera
2307 2392 2527 2462 pabuli
2558 2394 2623 2449 '0.
2662 2393 3062 2467 Posteaquam
3105 2394 3427 2469 desperata
3466 2401 3554 2453 est

1896 2480 2340 2554 perfectio,tum
2368 2480 2631 2559 denique
2661 2481 2755 2538 his
2788 2483 2993 2540 utendi
3022 2501 3311 2542 concessa
3341 2490 3427 2542 est
3447 2502 3551 2559 po-

1897 2573 2103 2627 testas.
2146 2573 2324 2626 Porro
2346 2556 2577 2627 nullam
2608 2576 2737 2627 tum
2761 2570 2947 2627 fuisse
2971 2572 3093 2629 vini
3118 2556 3550 2647 experientiam

1896 2664 2255 2730 argumento
2286 2664 2374 2716 est
2401 2662 2542 2730 Noe,
2574 2659 2680 2733 qui
2704 2660 3013 2718 nesciebat
3034 2662 3153 2717 vini
3174 2678 3374 2718 usum.
3396 2666 3551 2721 Non-

1893 2748 2040 2806 dum
2064 2749 2222 2806 enim
2244 2748 2597 2822 obrepserat
2616 2749 2677 2805 in
2697 2748 3032 2807 humanam
3050 2750 3257 2820 vitam,
3273 2752 3550 2810 nondum

1890 2837 2240 2894 mortalium
2283 2853 2401 2893 usu
2451 2837 2655 2893 tritum
2695 2842 2841 2895 erat.
2876 2842 3082 2912 Itaque
3131 2856 3271 2896 cum
3309 2840 3407 2897 ille
3436 2857 3548 2899 nec

1890 2925 2077 2983 alium
2099 2942 2470 2999 quemquam
2486 2925 2798 2983 bibentem
2822 2927 3091 2999 vidisset,
3111 2945 3221 2985 nec
3243 2929 3371 3003 ipse
3395 2936 3551 2988 esset

1890 3014 2276 3088 expertus,in
2304 3030 2531 3071 noxam
2563 3031 2600 3071 a
2642 3015 2785 3072 vino
2829 3015 3027 3073 afferri
3065 3017 3305 3075 solitam
3338 3019 3548 3077 incidit

176 3123 422 3194 πάροινος
480 3116 634 3186 εἶναι,
684 3118 815 3171 ἀλλὰ
870 3127 942 3191 τῷ
979 3119 1190 3195 ἄπειρος
1245 3116 1376 3172 εἶναι
1426 3128 1526 3172 τῶν
1582 3124 1779 3197 μέτρων

1897 3106 2187 3162 incautus.
2219 3105 2539 3161 Plantavit
2569 3105 2724 3160 enim
2745 3106 2871 3161 Noe
2897 3107 3151 3173 vineam,
3188 3107 3449 3179 bibitque
3475 3110 3549 3166 de

170 3220 258 3273 τες
313 3208 693 3284 μεταλήψεως.
758 3207 912 3261 Οὕτω
976 3215 1285 3284 νεαρώτερον
1334 3205 1665 3282 παραδείσου
1721 3213 1780 3262 τὸ

170 3299 368 3373 εὕρημα
414 3306 484 3357 τῆ
497 3317 520 3358 ς
574 3300 896 3364 οίνοποσίας,
946 3301 1035 3349 καὶ
1080 3300 1244 3359 οὕτως
1299 3296 1525 3373 ἀρχαῖον
1580 3302 1639 3351 τὸ
1686 3307 1783 3360 τῆς

169 3393 412 3450 τεο-τείας
447 3389 662 3459 σεμνὸν.
693 3384 847 3438 ’Δλλὰ
874 3391 962 3438 καί
988 3390 1217 3441 Μωῡσία
1245 3382 1339 3439 διὰ
1366 3389 1783 3459 νηστείαςῖγνω-

174 3497 253 3547 μυ
306 3475 694 3553 προσϐαλόντα
744 3483 818 3546 τῷ
868 3473 996 3550 ὃρει.
1036 3475 1111 3528 Ού
1163 3477 1263 3549 γὰρ
1312 3474 1373 3527 ἃν
1427 3474 1783 3549 κατετόλμησε

172 3568 563 3640 magna“
588 3573 687 3626 τῆς
710 3571 961 3637 κορυφῆς,
990 3560 1106 3617 οὐδ’
1133 3562 1194 3616 ἂν
1220 3565 1508 3639 ἐθάρσησεν
1538 3563 1781 3617 εἰσελθεῖν

168 3660 236 3716 εἰς
266 3660 356 3707 τὸν
380 3658 609 3726 γνόφον,
634 3653 680 3704 εἰ
703 3656 777 3725 μὴ
797 3655 1015 3724 νηστείᾳ
1034 3651 1388 3708 καθώπλιστο.
1417 3654 1512 3707 Διὰ
1537 3657 1781 3714 νηστείας

163 3749 253 3801 τὴν
297 3743 516 3801 ἐντολὴν
578 3736 868 3804 ὑπεδέξατο
924 3736 1166 3814 δακτύλῳ
1213 3748 1347 3795 Θεοῦ
1395 3750 1682 3815 γραφεῖσαν
1732 3741 1780 3794 ἐν

158 3842 275 3894 ταας
295 3832 487 3895 πλαξί.
517 3835 626 3884 Καὶ
656 3831 761 3883 ἄνω
786 3832 876 3903 μὶν
898 3831 927 3889 ἡ
960 3834 1177 3888 νηστεία
1202 3832 1511 3903 νομοθεσίας
1538 3830 1782 3906 πρόξενος

160 3920 241 3990 ἦν,
310 3926 467 3974 κάτω
545 3916 609 3973 δί
655 3921 689 3977 ἡ
750 3924 1150 3993 γαστριμαργία
1212 3924 1285 3981 είς
1355 3916 1778 3996 εἰδωλολατρείαν

158 4012 421 4084 ὶξέᾳτνενο
482 4008 735 4063 Ἐκάθισε
770 4011 869 4081 γὰρ
925 4008 951 4060 ὀ
986 4008 1110 4071 λαὸς
1160 4016 1337 4082 φαγεῖν
1384 4014 1475 4063 καὶ
1503 4017 1655 4077 πιεῖν,
1688 4014 1779 4063 καὶ

156 4101 462 4160 ἀνέστησαν
503 4098 736 4159 παίζειν.
765 4098 1173 4172 Τεσσαράκοντα
1209 4100 1412 4172 ἡμερῶν
1454 4095 1776 4174 προσεδρίαν

154 4194 271 4254 (ιο)
300 4193 666 4250 νηστεύοντος
692 4192 783 4240 καὶ
830 4182 1073 4259 δεομένου
1103 4194 1195 4239 τοῦ
1225 4189 1536 4262 θεράποντος
1564 4188 1778 4263 ἄχρησ-

156 4299 241 4333 τον
269 4276 560 4341 ἀπέδειξεν
588 4276 892 4349 οἰνοφλυγία
928 4280 1051 4348 μία.
1082 4274 1178 4339 ’Ἃς
1203 4279 1303 4350 γὰρ
1324 4278 1354 4334 η
1383 4281 1600 4336 νηστεία
1629 4275 1776 4330 me:

158 4369 365 4431 πλάκας
413 4363 672 4436 δακτύλῳ
717 4369 845 4417 Θεοῦ
893 4368 1277 4439 γεγραμμένας,
1324 4367 1521 4427 ταύτας
1567 4368 1597 4424 η
1640 4367 1770 4439 μέθη

1884 3196 2121 3267 fructu,
2152 3198 2208 3249 et
2248 3192 2581 3250 inebriatus
2619 3198 2703 3249 est
2727 3194 2768 3228 ¹¹
2789 3236 2802 3263 ,
2834 3210 2957 3250 non
2997 3195 3246 3267 quidem
3277 3212 3349 3253 eo
3379 3197 3547 3270 quod

1889 3283 2232 3343 vinolentus
2256 3286 2433 3357 esset,
2467 3282 2573 3339 sed
2602 3282 2771 3356 quod
2810 3284 3088 3341 sumendi
3116 3286 3242 3343 vini
3290 3288 3546 3345 modum

1889 3372 2164 3431 nesciret.
2186 3375 2395 3445 Itaque
2415 3371 2725 3428 inventum
2748 3372 2998 3429 bibendi
3019 3374 3227 3431 vinum
3250 3378 3546 3433 recentius

1890 3467 1983 3521 est
2023 3461 2333 3535 paradiso,
2384 3461 2540 3519 adeo
2578 3467 2817 3519 vetusta
2866 3468 2953 3520 est
2993 3464 3208 3536 jejunii
3257 3466 3542 3537 dignitas.

1891 3552 2046 3620 Quin
2067 3556 2123 3609 et
2150 3553 2424 3626 Moysem
2453 3551 2733 3608 novimus
2762 3568 2869 3625 per
2892 3553 3195 3625 jejunium
3223 3556 3545 3612 accessisse

1888 3642 1971 3702 ad
1986 3642 2336 3699 montem".
2364 3644 2565 3715 Neque
2582 3641 2743 3698 enim
2764 3657 2954 3698 ausus
2980 3648 3132 3699 esset
3152 3643 3433 3701 verticem
3457 3645 3544 3701 fu-

1888 3736 2160 3788 mantem
2202 3730 2509 3801 attingere,
2552 3746 2747 3802 neque
2777 3730 3014 3801 ingredi
3052 3730 3111 3787 in
3142 3732 3393 3803 nubem,
3429 3733 3545 3790 nisi

1887 3821 2097 3879 fuisset
2120 3818 2354 3892 jejunio
2380 3818 2884 3877 oharmatus.Per
2902 3820 3203 3892 jejunium
3228 3822 3424 3895 legem
3451 3840 3547 3880 ac-

1889 3909 2045 3984 cepit
2065 3908 2251 3982 digito
2280 3907 2383 3966 Dei
2405 3908 2689 3981 scriptam
2720 3908 2783 3966 in
2809 3908 3046 3977 tabulis,
3072 3914 3252 3984 atque
3281 3911 3343 3968 in
3373 3929 3544 3969 mon-

1887 4000 1961 4056 tis
1980 3998 2229 4072 quidem
2242 3997 2556 4055 cacumine
2563 3997 2867 4068 jejunium
2891 3997 3085 4070 legem
3111 3999 3544 4073 impetravit,in

1884 4089 2090 4147 radice
2121 4104 2260 4145 vero
2304 4087 2523 4144 montis
2553 4086 2849 4157 ingluvies
2881 4088 2960 4144 ad
2999 4088 3399 4146 idololatriam
3442 4090 3546 4146 de-

1886 4177 2363 4237 mentavit.Sedit
2380 4178 2534 4234 enim
2552 4177 2819 4246 populus
2841 4183 2905 4235 ut
2925 4178 3122 4235 ederet
3143 4193 3214 4234 ac
3238 4178 3543 4243 biberet,et

1881 4272 2280 4327 surrexerunt
2301 4266 2383 4324 ad
2403 4265 2803 4322 ludendum".
2821 4266 2991 4331 Quod
3007 4266 3270 4324 famulus
3288 4268 3543 4341 quadra-

1887 4358 2053 4430 ginta
2073 4356 2203 4413 dies
2219 4355 2465 4427 jejunus
2486 4353 2731 4411 assidue
2751 4370 2998 4411 versans
3019 4371 3156 4412 cum
3180 4358 3320 4423 Deo,
3335 4356 3546 4432 depre-

164 4455 499 4533 ςννέτρε-ᾇιν,
524 4453 622 4507 οὐκ
642 4454 787 4516 ἠξιον
810 4458 1080 4529 κρίναντος
1107 4463 1199 4507 τοῦ
1222 4456 1489 4529 προοοῖτου
1520 4456 1776 4529 μεθύοντα

1897 4424 2155 4520 Ξεωεῳιθ
2174 4424 2598 4513 confecerat,id
2616 4442 2797 4500 unica
2816 4442 3167 4503 temulentia
3188 4424 3450 4505 reddidit
3465 4447 3544 4504 ir-

159 4544 277 4597 λαὸν
320 4541 735 4618 νομοθετεῖσθαι
777 4543 923 4617 παρὰ
972 4550 1065 4595 τοῦ
1110 4550 1264 4599 Θεοῦ.
1323 4543 1402 4597 Ἐν
1447 4549 1547 4615 μιᾷ
1591 4552 1775 4617 καιροῦ

158 4636 292 4709 [ᾍπῇ
322 4631 433 4687 διὰ
473 4636 906 4706 γαστριμαργίας
937 4630 964 4684 ὃ
1014 4631 1137 4693 λαὸς
1194 4631 1382 4694 ἰκτῖνος
1429 4631 1455 4684 ὁ
1503 4635 1592 4685 τὸν
1649 4636 1777 4687 Θεὸν

165 4722 257 4776 διὰ
326 4734 438 4777 τῶν
520 4726 783 4795 μεγίστων
855 4727 1142 4797 τεραστίων
1210 4718 1628 4796 δεδιδαγμένος,
1709 4723 1782 4785 εἰς

162 4818 253 4871 τήν
310 4815 628 4886 Αἰγυπτίων
697 4806 1069 4885 εἰδωλομανιαν
1144 4810 1447 4875 ἐξεκυλίσθη
1484 4850 1498 4865 .
1577 4812 1781 4887 Παράλ-

164 4901 291 4959 ληλα
350 4905 442 4964 6's;
514 4899 804 4975 ἀμφότερα·
875 4908 988 4962 πῶς
1049 4905 1266 4959 νηστεία
1319 4908 1432 4973 Θεῷ
1486 4901 1741 4976 προσάγει
1766 4942 1779 4968 ,

1886 4538 2067 4593 ritum
2086 4533 2803 4605 infrugiferumque.Nam
2818 4531 3234 4608 tabulas,quas
3243 4535 3544 4607 jejunium

1889 4628 2242 4701 impetrarat
2266 4622 2641 4695 conscriptas
2662 4621 2849 4693 digito
2872 4622 2995 4692 Dei,
3012 4623 3273 4681 ebrietas
3296 4627 3546 4683 commi-

1889 4717 2054 4784 nuit;
2072 4711 2369 4787 judicavit
2395 4710 2623 4785 quippe
2653 4711 2949 4785 propheta
2978 4712 3214 4769 ebrium
3246 4713 3547 4787 populum

1891 4807 2148 4879 dignum
2176 4817 2301 4860 non
2331 4815 2485 4869 csse,
2514 4800 2620 4873 qui
2650 4799 2844 4872 legem
2892 4801 3191 4875 acciperet
3231 4818 3268 4858 a
3305 4805 3443 4859 Deo.
3481 4806 3546 4859 In

1893 4896 2073 4953 unico
2089 4890 2379 4968 temporis
2400 4894 2711 4948 momento
2728 4891 2995 4964 populus
3010 4890 3127 4960 ille,
3144 4890 3248 4963 qui
3269 4891 3549 4947 maximis

234 5084 281 5120 ’⁸
306 5085 539 5141 Cenes.
566 5094 653 5148 ix,
679 5082 737 5137 3.
778 5079 823 5115 ¹¹
856 5077 1007 5136 ibid.
1028 5081 1117 5144 20,
1149 5083 1241 5137 2t.
1277 5081 1323 5116 ί²
1345 5078 1534 5139 Exod.
1565 5094 1711 5149 xxxv,
1746 5078 1787 5133 11

1897 5078 1915 5113 ³
1942 5073 2133 5133 Exod.
2165 5086 2346 5143 xxxn,
2374 5074 2427 5126 6.

187 5280 201 5291 .
237 5208 357 5279 (to)
391 5204 553 5290 Editi
582 5214 760 5278 ῶσπερ
787 5208 948 5266 τινός.
978 5207 1049 5261 At
1077 5220 1228 5262 mss.
1269 5203 1542 5279 plerique
1571 5219 1785 5262 omnes

178 5297 355 5419 ﬁ???)
374 5294 934 5430 duqlibri
959 5352 1016 5405 et
1039 5347 1180 5430 editi
1201 5355 1293 5402 τοῦ
1312 5353 1510 5430 τρνφᾲν
1528 5350 1588 5430 τὸ
1608 5346 1784 5430 λιτῶς,

184 5417 475 5493 corrupte.
512 5417 589 5493 ,ςι
616 5418 792 5493 Regii
824 5420 1059 5493 primus
1087 5425 1144 5476 et
1162 5417 1471 5493 secundus
1492 5429 1630 5475 eum
1645 5417 1787 5493 aliis

186 5488 416 5548 duobus
439 5488 810 5549 Colbertinis
825 5488 899 5543 ’τὸ
920 5497 1113 5566 τρνφᾴν
1142 5499 1235 5544 τοῦ
1257 5490 1430 5558 λιτῶς,
1448 5488 1784 5547 emendate.

567 5619 822 5674 ΡΑτιιοι..
854 5615 950 5671 Gr.
975 5613 1150 5671 XXXI.

1966 5202 2078 5275 (18)
2108 5200 2254 5275 Reg.
2282 5195 2518 5275 primus
2550 5194 2786 5275 ἱστορίη
2817 5193 2843 5242 ὁ
2871 5185 3288 5275 λργοςιβαδίζειὶ

1908 5304 1911 5307 -
1964 5259 2081 5346 (is)
2113 5259 2357 5346 ᾼιιῑξςιῖιί
2410 5265 2534 5346 duo
2561 5259 2698 5343 tibi;
2742 5259 3071 5343 διεφυλάχθη
3104 5264 3163 5346 τὸ
3193 5269 3388 5346 κτῆμα.
3435 5263 3556 5319 Nec

1893 5332 1982 5402 ita
2005 5332 2199 5399 multo
2227 5332 2386 5397 intra
2410 5333 2578 5393 Colb.
2607 5332 2843 5406 primus
2874 5332 3128 5406 οἶνος-καὶ
3153 5332 3305 5406 μετά.

1967 5399 2082 5486 (20)
2106 5417 2345 5471 Veteres
2373 5399 2638 5479 quatuor
2675 5403 2809 5459 libri
2843 5399 3186 5476 προσεδρίαν.
3221 5404 3372 5462 Editi
3397 5425 3559 5479 προσ-

1897 5484 1956 5540 εδ
1958 5484 2091 5562 ρεία.

3069 5605 3100 5658 6
