4088 6194
287 176 391 234 1⁸77

1574 182 1666 238 DE
1701 178 1974 238 JEJUNIO
2009 179 2298 237 HOMILIA
2337 183 2378 237 Ι.

3562 183 3659 239 178

281 324 474 380 γορσις
519 301 692 363 ἡδίων
743 306 876 378 μετὰ
921 309 1010 358 τόν
1063 306 1218 360 ὕπνον
1273 311 1402 372 ςκαὶ
1453 309 1602 381 ὑγεία
1655 309 1879 360 ποθεινο-

2007 321 2136 362 rem
2149 309 2290 380 post
2308 322 2592 364 somnum
2604 305 2632 362 ’ί
2649 308 2706 361 et
2723 303 3042 362 sanitatem
3059 317 3192 359 esse
3208 301 3660 360 desiderabilio-

281 400 410 470 τερα
456 397 596 468 μετὰ
646 399 742 452 την
787 401 970 470 πεῖραν
1021 403 1122 448 τῶν
1169 395 1406 449 ἐναντίων
1450 413 1464 464 ;
1505 401 1606 450 Καὶ
1661 398 1896 470 τράπεζα

283 489 458 536 τοίνυν
519 487 848 560 χαριεστέρα
893 487 1026 558 μετὰ
1086 490 1179 544 την
1233 491 1497 545 νηστείαν·
1559 487 1750 559 ὁμοίως
1803 487 1892 558 μεν

279 571 562 636 πλουσίοις
610 577 702 625 καὶ
749 573 1106 647 εύτραπιζοις,
1157 576 1346 648 ὁμοίως
1377 571 1436 630 δὲ
1481 581 1590 638 τοῖς
1617 573 1778 638 λιτοῖς
1806 577 1892 627 καὶ

280 658 670 734 αὐτοσχεδίοις
688 667 783 721 τήν
815 657 1044 718 δίαιταν.

351 755 408 807 9.
449 749 726 811 anneum
771 754 831 804 τό
874 749 1172 826 ὑπόδειγμα
1211 760 1304 806 τοῦ
1351 753 1626 812 πλουσίου.
1675 749 1892 807 Ἐκεῖνον

277 837 562 914 παρέδωκε
607 849 682 912 τῷ
710 840 840 916 πυρὶ
870 841 900 900 ἠ
937 837 1032 894 δια
1062 839 1183 915 βίον
1221 848 1412 918 τρυφή.
1445 843 1522 896 Οὑ
1546 843 1645 918 γάρ
1681 839 1891 896 ἀδικίαν

279 928 412 981 ἀλλὰ
449 932 514 982 τό
559 925 901 1004 ἁϐροδίαιτον
950 929 1236 1003 ἐγκληθεὶς,
1288 930 1694 1005 ἁπετηγανίζετο
1744 931 1794 984 ἐν
1824 939 1888 1004 τῇ

279 1018 429 1092 γλοιγί
473 1026 543 1077 τῆ
556 1040 577 1081 ς
629 1025 873 1092 καμίνου.
926 1025 1038 1073 Ἵνα
1085 1026 1254 1073 τοίνυν
1303 1019 1569 1094 σϐἑσωμεν
1618 1019 1776 1074 ἐκεῖνο
1831 1023 1890 1072 τό

275 1116 405 1183 πῦρ,
438 1103 646 1170 ὑδατός
671 1115 852 1182 χρεία.
881 1113 984 1162 Καὶ
1004 1109 1063 1162 οὑ
1091 1113 1220 1184 πρός
1248 1113 1314 1162 τὰ
1333 1111 1446 1182 (42)
1467 1109 1715 1184 μέλλοντα
1738 1113 1890 1184 μόνον

277 1197 544 1270 ὀτῡ.ιμος
585 1199 618 1255 ἡ
677 1203 913 1266 νηστεία,
965 1196 1092 1250 ἀλλά
1137 1203 1226 1251 καὶ
1263 1199 1393 1272 αὑτῇ
1453 1207 1515 1272 τῇ
1549 1203 1706 1275 σαρκὶ
1732 1198 1889 1252 λυσι-

274 1285 579 1362 τελεστέρα.
659 1289 723 1340 Ai
785 1290 886 1362 γὰρ
955 1287 1027 1350 εἰς
1076 1289 1234 1364 ἄκρον
1291 1288 1478 1352 εὐεξίαι
1534 1289 1886 1363 ὑποστροφὰς,

275 1378 475 1448 ἔχουσι
541 1380 630 1428 καὶ
691 1381 1068 1448 μεταπτώσεις,
1138 1375 1468 1441 ὁκλαζούσης
1517 1387 1614 1441 τῆς
1666 1380 1888 1451 φύσεως,

273 1470 368 1516 καὶ
417 1463 690 1540 ἀναφέρειν
757 1469 816 1518 τὸ
889 1464 1055 1540 βάρος
1103 1474 1164 1525 τῆ
1178 1487 1199 1528 ς
1250 1467 1446 1530 εύεξίας
1497 1463 1882 1530 ἀδυνατούσης.

270 1560 413 1628 Ὅροι
469 1559 566 1626 μὴ,
623 1561 712 1606 νῦν
767 1553 880 1628 (43)
908 1550 1175 1607 διαπτύων
1199 1558 1260 1608 τὸ
1289 1552 1456 1629 ὕδωρ,
1486 1554 1697 1632 ὑϐτερον
1735 1557 1886 1632 ῥανί-

273 1639 374 1703 de;
419 1642 782 1718 ἕπεθυμήσης,
829 1647 899 1706 ὡς
943 1644 1081 1696 καὶὸ
1110 1643 1375 1708 πλούσιος.
1410 1641 1599 1707 Ούδεὶς
1643 1644 1887 1718 ἐκραιπά-

271 1731 432 1790 λησεν
453 1730 562 1785 ἀπὸ
583 1729 800 1795 ὑδατος.
824 1729 1054 1795 Οὑδῇοὸς
1071 1732 1263 1806 κεφαλὴ
1287 1729 1368 1787 ὡδ
1370 1739 1461 1792 υνὴ
1472 1737 1534 1792 θη
1557 1737 1681 1788 ποτε
1725 1731 1886 1788 ὑδατι

272 1819 600 1895 βαρηθεῖσα.
651 1817 845 1883 Οὐδεὶς
891 1819 1168 1898 ἀλλοτρίων
1213 1819 1391 1876 ποδῶν
1438 1819 1626 1882 ἐδεήθη
1660 1821 1888 1900 ὑδροπο-

271 1918 370 1983 σία
413 1911 620 1972 συζῶν.
669 1907 900 1974 Οὐδενός
950 1907 1204 1970 ἐδέθησαν
1244 1909 1422 1978 πόδες,
1462 1909 1672 1976 οὐδενός
1709 1921 1884 1990 χεῖρες

271 2000 757 2074 ἀπηχρειὼθησαν,
817 1997 978 2054 ὑδατι
1019 1997 1424 2076 καταρδόμεναι.
1479 2007 1548 2056 Τό
1615 2004 1718 2078 γὰρ
1766 2023 1883 2079 περι

271 2095 368 2148 τήν
434 2089 600 2161 πέψιν
650 2090 964 2164 πλημμελὲς,
1020 2090 1046 2142 ὁ
1093 2098 1202 2153 τοῖς
1270 2100 1533 2166 τρυφῶσιν
1589 2090 1882 2165 ἀναγκαίως

270 2178 568 2246 ἇκολουθεῖ,
616 2187 771 2233 τοῦτο
811 2182 878 2231 τα
927 2176 1133 2256 σφοδρὰ
1178 2185 1452 2254 νοσήματα
1501 2181 1611 2245 τοῖς
1643 2188 1880 2255 σώμασιν

270 2269 630 2344 ἐνεργάζεται.
679 2273 1041 2332 Νηστεύοντος
1085 2274 1266 2343 σεμνόν
1308 2289 1367 2323 το
1415 2279 1630 2346 χρῶμα,
1685 2273 1778 2326 οὐκ
1810 2273 1881 2335 εἰς

270 2355 514 2432 ἓρύθημα
568 2354 785 2420 ἀναιδὲς
821 2357 1105 2427 ἐξανθοῦνη
1155 2357 1261 2411 ἀλλ’
1321 2359 1593 2435 ὠχρότητι
1654 2366 1880 2436 σώφρονι

267 2451 682 2520 κειοσμημένον·
747 2447 1013 2520 ὀγθαλμός
1075 2449 1264 2522 πραΰς,
1323 2448 1728 2523 κατεσταλμένον
1781 2449 1880 2524 βά-

1918 1616 1960 1672 Β

267 2532 463 2609 δισμα,
511 2540 792 2612 πρόσωπον
843 2539 1080 2604 σύννούν,
1128 2536 1402 2611 ἀκολάστῳ
1427 2537 1610 2610 γέλωτι
1651 2544 1722 2612 μὴ
1755 2542 1881 2594 καθ-

267 2625 636 2700 υϐριζόμενον,
687 2631 988 2702 συμμετρία
1032 2625 1209 2699 λόγου,
1281 2628 1576 2703 καθαρότης
1631 2625 1876 2704 καρδίας.

266 2717 551 2772 ﬁnisest:
601 2723 702 2768 τῶν
751 2715 846 2768 ἀπ’
893 2715 1079 2777 αἰῶνος
1126 2715 1310 2788 ἁγίων,
1360 2716 1454 2769 Ὠν
1498 2717 1592 2770 οὑκ
1641 2715 1702 2776 ἦν
1734 2719 1882 2782 ἄξιος

266 2804 294 2855 ὁ
351 2801 579 2876 κόσμος,
642 2805 694 2856 οἱ
754 2803 1034 2880 περιῆλθον
1096 2803 1144 2858 ἓν
1213 2805 1497 2878 μηλωταῖς,
1558 2805 1606 2858 ἄν
1666 2806 1882 2880 αἰγείοις

265 2888 547 2966 δέρμασιν,
621 2897 1028 2969 ὑστερούμενοι,
1114 2893 1432 2968 θλιϐόμενοι,
1517 2900 1880 2970 κακουχούμε-

262 3000 361 3050 νοι,
433 2981 641 3034 ἐκείνων
708 2987 945 3056 μίμησαι
1003 2987 1099 3041 την
1169 2983 1524 3058 ἀναστροφὴν,
1569 2987 1708 3060 εἴπερ
1763 2985 1878 3039 ἰπι-
1909 2967 1950 3020 C

265 3069 443 3134 ζητεῖς
473 3074 644 3123 αὐτῶν
674 3076 768 3130 την
792 3067 1005 3146 μερίδα.
1056 3077 1119 3126 Τί
1154 3075 1242 3125 τόν
1287 3073 1530 3148 Λάζαρον
1573 3071 1882 3146 ἓνανέπαυσε

263 3161 520 3231 τοῖς
550 3159 769 3224 κόλποις
795 3169 889 3213 τοῦ
913 3159 1154 3234 Ἀϐραάμ
1185 3178 1200 3230 ;
1233 3162 1380 3234 Ούχὶ
1425 3168 1642 3222 νηστεία
1668 3180 1682 3232 ;
1711 3163 1880 3218 Ἰωάν-

261 3269 348 3302 νου
379 3245 446 3302 δέ
471 3250 500 3302 ὁ
534 3248 656 3322 βιός
684 3255 781 3323 μία
806 3255 1024 3308 νηστεία
1053 3248 1134 3310 ἦν·
1179 3251 1236 3312 ὃς
1282 3251 1340 3304 ού
1387 3251 1562 3311 κλίνην
1608 3251 1767 3326 εἶχεν,
1818 3254 1877 3307 οὑ

262 3339 554 3411 τράπεζαν,
589 3339 648 3392 ού
695 3348 794 3411 γῆν
842 3337 1124 3414 ἁροσίμην,
1157 3339 1252 3393 οὑκ
1296 3343 1412 3415 (45)
1449 3340 1685 3416 ἀροτῆρα
1731 3341 1872 3411 ϐοῦν,

262 3429 322 3480 ού
371 3436 545 3496 σῖτον,
593 3428 654 3480 οὑ
699 3433 984 3496 σιτοποιὸν,
1035 3429 1131 3482 οὑκ
1177 3428 1300 3482 ἄλλο
1346 3449 1399 3482 τι
1453 3439 1553 3483 τῶν
1601 3435 1738 3484 κατά
1787 3436 1874 3485 τόν

266 3515 404 3588 βίον.
452 3519 553 3571 Διὰ
599 3525 754 3571 τοῦτο
789 3518 996 3579 Μείζων
1049 3517 1098 3570 ἓν
1147 3527 1413 3592 γεννητοῖς
1462 3530 1722 3592 γυναικῶν
1779 3524 1874 3576 ούκ

513 3607 756 3661 Ἰωάννου
811 3615 904 3660 τοῦ
948 3615 1266 3664 Βαπτιστοῦ.
1316 3609 1516 3662 Παῦλον
1571 3614 1704 3684 μετὰ
1772 3621 1871 3664 τῶν

263 3695 426 3748 ἄλλων
501 3701 598 3749 καὶ
653 3698 684 3754 ἡ
734 3702 970 3764 νηστεία,
1044 3697 1104 3756 ἣν
1170 3697 1218 3750 ἐν
1271 3706 1381 3760 τοῖς
1431 3700 1557 3772 ὑπὲρ
1612 3708 1712 3752 τῶν
1767 3700 1872 3754 θλι-

258 3785 394 3856 {Iw-1
419 3789 778 3858 καυχήμασιν
815 3783 1268 3860 ἀπηριθμήσατο,’
1298 3787 1369 3850 εἰς
1413 3791 1500 3840 τόν
1545 3793 1719 3862 τρίτον
1777 3788 1869 3842 οὑ-

256 3879 409 3948 ρανόν
460 3873 719 3946 ἀνήγαγε.
773 3874 1055 3947 Κεφαλοιιον
1103 3870 1163 3928 δὲ
1211 3874 1295 3929 ἐπὶ
1340 3884 1451 3940 τοῖς
1497 3876 1804 3952 εἰρημένοις,
1841 3882 1868 3933 ό

260 3968 452 4036 Κύριος
499 3965 652 4036 ἡμῶν
687 3967 872 4036 νησείᾳ
917 3967 1012 4022 τὴν
1061 3966 1254 4037 σάρκα,
1306 3968 1366 4024 ἦν
1407 3967 1534 4040 ὑπερ
1579 3969 1725 4040 ἡμῶν
1774 3967 1866 4020 ἁν-

257 4051 448 4119 ίλαϐεν,
493 4051 804 4124 ὀχυρώσας,
844 4053 1010 4114 οὑτως
1047 4051 1096 4104 ἐν
1142 4053 1274 4126 αὐτῇ
1319 4062 1412 4106 τοῦ
1469 4051 1717 4110 διαϐόλου
1774 4061 1869 4121 τὰς

253 4140 562 4214 προσεολόις
621 4137 928 4208 ὑπεδέξατο,
992 4142 1133 4214 ἡμᾶς
1191 4161 1246 4195 τε
1293 4139 1555 4196 παιδεύων
1602 4152 1868 4212 νηστείαις

255 4229 476 4304 ἀλείφειν
528 4234 621 4282 καὶ
659 4225 1019 4304 παιδοτριϐεῖν
1058 4231 1273 4294 ἑαυτούς
1313 4236 1444 4306 πρός
1489 4237 1611 4297 τούς
1657 4233 1706 4288 ἐν
1757 4243 1868 4300 τοῖς

2005 411 2134 452 rem
2177 395 2481 453 contraria
2509 394 2816 468 expertis?
2839 393 3050 450 itidem
3081 397 3138 448 et
3167 407 3380 448 mensa
3417 396 3474 448 et
3528 407 3660 462 gra-

2006 485 2117 542 tior
2135 492 2274 560 post
2293 487 2617 559 jejunium,
2642 484 2826 559 idque
2856 487 2918 540 ut
2941 481 3227 540 divitibus
3246 485 3303 540 et
3337 481 3410 540 iis
3433 482 3658 556 quibus

2001 591 2215 632 mensa
2245 581 2336 632 est
2359 575 2637 649 opipara,
2662 575 2748 632 ita
2775 571 3058 631 tenuibus
3087 575 3146 629 et
3171 571 3244 628 iis
3266 571 3374 646 qui
3400 569 3659 644 parabili

2001 665 2280 739 facilique
2309 665 2469 722 victu
2497 668 2758 722 utentur.

2073 761 2126 812 9.
2165 759 2400 813 Terreat
2428 759 2482 811 te
2499 753 2702 811 divitis
2725 751 3091 826 exemplum,
3124 767 3310 828 quem
3328 752 3454 810 vita
3471 751 3534 810 in
3555 751 3656 809 de-

1999 845 2151 903 liciis
2179 849 2313 902 acta
2344 843 2588 901 tradidit
2615 843 2922 900 incendio.
2964 843 3090 897 Non
3123 841 3284 897 enim
3314 841 3394 898 ob
3424 841 3652 898 crimen

1999 934 2079 1006 inj
2093 934 2324 1003 ustitite,
2358 933 2466 989 sed
2486 932 2566 988 ob
2585 932 2722 989 vitae
2742 930 3052 988 mollitiem
3074 930 3136 986 in
3158 929 3380 986 camini
3399 929 3652 988 ﬂamma

2000 1023 2358 1092 torrebatur;
2382 1021 2555 1078 Proin
2581 1026 2646 1077 ut
2668 1020 2784 1077 hoc
2813 1019 3167 1076 inuendium
3201 1019 3648 1090 extinguamus,

2001 1128 2158 1185 opus
2179 1116 2267 1168 est
2297 1127 2478 1184 aqua.
2505 1114 2706 1183 Neque
2729 1125 2869 1165 vero
2896 1107 2974 1164 ad
3004 1108 3205 1164 futura
3261 1107 3458 1164 solum
3504 1107 3648 1164 utile

2000 1207 2090 1258 est
2104 1201 2424 1274 jejunium,
2441 1199 2550 1256 sed
2571 1199 2666 1256 hic
2690 1199 2871 1254 etiam
2891 1195 3004 1269 ipsi
3027 1195 3647 1253 carnieonducibilius

2000 1295 2112 1348 est.
2157 1291 2467 1364 Siquidem
2520 1287 2816 1345 habitudo
2873 1286 3142 1358 corporis
3186 1289 3447 1342 extreme
3479 1285 3647 1342 bona

1999 1381 2228 1438 sensim
2259 1379 2563 1448 alteratur,
2593 1381 3016 1448 mutaturque:
3044 1375 3332 1432 nimirum
3371 1391 3646 1432 succum-

1995 1470 2174 1527 bente
2194 1475 2434 1539 natura,
2460 1483 2572 1524 nec
2590 1466 2827 1524 valente
2849 1464 3235 1538 corpulentia;
3256 1463 3499 1538 pondus
3519 1481 3646 1522 sus-

1997 1559 2204 1616 tinere.
2226 1557 2369 1615 Vide
2389 1573 2464 1614 ne
2491 1557 2596 1630 qui
2613 1570 2775 1612 nunc
2797 1570 3025 1628 aquam
3071 1553 3332 1626 respuis,
3354 1552 3416 1609 in
3443 1557 3646 1626 poste-

1994 1665 2127 1706 rum
2153 1663 2416 1721 quoque,
2439 1643 2718 1718 exemplo
2739 1644 2936 1701 divitis
2956 1643 3116 1700 illius
3137 1645 3208 1713 ετ,
3233 1641 3450 1698 stillam
3472 1657 3644 1716 aqua:

1995 1737 2422 1810 concupiscas.
2445 1739 2630 1792 Nemo
2658 1751 2765 1808 per
2789 1750 2963 1808 aqum
2985 1737 3197 1807 potum
3222 1731 3435 1806 lapsus
3461 1736 3558 1788 est
3583 1731 3647 1790 in

1995 1827 2331 1902 crapulam,
2352 1825 2502 1882 nulli
2527 1840 2596 1881 ea
2605 1829 2712 1898 put
2741 1839 3012 1896 unquam
3035 1822 3227 1880 doluit
3250 1838 3416 1896 aqua
3439 1837 3646 1894 grava-

1995 1922 2145 1976 tum.
2177 1915 2387 1974 Nullus
2418 1914 2582 1986 eguit
2605 1912 2818 1970 alienis
2850 1911 3126 1986 pedibus,
3151 1910 3250 1968 cui
3270 1911 3446 1968 fuerit
3472 1911 3644 1968 fami-

1990 2007 2156 2064 liaris
2187 2021 2362 2080 aqute
2379 2008 2580 2077 potus.
2629 2001 2856 2058 Nullius
2905 2001 3092 2075 pedes
3122 1999 3439 2074 praepediti
3480 2005 3641 2070 sunt,

1989 2094 2213 2152 nullius
2241 2108 2460 2150 manus
2490 2108 2670 2148 usum
2717 2107 2895 2147 suum
2933 2089 3288 2155 amiserunt,
3322 2105 3486 2163 aqua
3511 2089 3642 2148 irri-

1990 2189 2166 2258 galea.
2199 2186 2349 2242 Nam
2377 2181 2786 2240 concoctionis
2814 2179 3045 2247 vitium,
3072 2178 3240 2253 quod
3267 2178 3539 2236 viventes
3577 2179 3641 2236 in

1988 2272 2214 2330 deliciis
2236 2269 2580 2329 necessario
2606 2269 2948 2333 comitatur,
2979 2283 3150 2324 acres
3173 2267 3424 2326 morbos
3451 2267 3645 2338 gignit

1985 2373 2048 2430 in
2068 2359 2442 2434 corporibus.
2473 2357 2808 2430 Jejunantis
2829 2356 2996 2414 color
3009 2355 3371 2414 venerabilis
3387 2360 3498 2424 est,
3519 2371 3648 2414 non

1986 2448 2397 2507 inverecunde
2427 2447 2648 2504 rubore
2675 2445 2948 2518 ﬂoridus,
2974 2445 3086 2502 sed
3113 2445 3396 2502 modesto
3415 2444 3647 2520 pallore

1986 2539 2419 2596 cobonestatus
2449 2555 2464 2606 ;
2497 2535 2657 2593 oculi
2685 2533 2928 2609 placidi,
2949 2534 3223 2591 incessus
3249 2533 3646 2606 compositus,

1989 2629 2190 2686 vultus
2223 2627 2586 2698 cogitatione
2621 2625 2876 2696 deﬁxus,
2915 2639 3028 2681 nec
3071 2623 3503 2696 intemperator
3519 2623 3645 2680 risu

1986 2719 2408 2787 dedecoratus,
2431 2716 2764 2772 concinnus
2785 2729 3237 2788 sermo,purum
3259 2728 3383 2770 cor.
3407 2714 3646 2772 Revoca

1987 2809 2048 2866 in
2071 2807 2427 2864 memoriam
2454 2807 2756 2879 quotquot
2782 2803 2861 2861 ab
2886 2804 3032 2860 orbe
3049 2802 3290 2860 condito
3315 2802 3482 2860 fuere
3506 2817 3646 2860 san-

1988 2899 2080 2965 cti.
2117 2897 2342 2966 Quibus
2363 2897 2582 2966 dignus
2618 2910 2740 2950 non
2767 2900 2896 2951 erat
2938 2893 3224 2958 mundus,
3259 2893 3366 2965 qui
3391 2892 3645 2949 circum-

1986 2987 2156 3044 ibam
2181 2990 2244 3041 in
2261 2985 2521 3055 pellibus
2545 2984 2742 3040 ovium
2763 2988 2818 3040 et
2834 2981 3645 3053 caprarum,egentes,pressi

1989 3075 2212 3148 afﬂicti
2227 3073 2274 3110 ³⁸
2300 3091 2314 3141 ;
2346 3072 2588 3129 illorum
2613 3071 2848 3128 imitare
2872 3071 3078 3142 vitam,
3103 3070 3151 3126 si
3169 3069 3372 3140 modo,
3395 3068 3641 3126 illorum

1988 3163 2161 3238 cupis
2192 3161 2437 3236 assequi
2464 3167 2709 3219 sortem.
2757 3162 2901 3228 Quas
2937 3176 3035 3216 res
3095 3161 3315 3216 Lazaro
3371 3158 3639 3232 quietem

1987 3253 2222 3328 paravit
2251 3252 2312 3309 in
2343 3251 2480 3308 sinu
2503 3249 2897 3322 gAbrabamte
2921 3251 2967 3286 ³⁸
2992 3249 3021 3305 ?
3051 3252 3259 3306 Nonne
3284 3247 3588 3321 jejunium
3607 3247 3638 3303 ?

1987 3347 2168 3401 Porro
2191 3341 2436 3399 Joannis
2463 3341 2605 3406 vita,
2629 3355 2822 3396 unum
2852 3344 2981 3397 erat
3005 3355 3076 3396 ac
3103 3339 3460 3396 continuum
3483 3338 3638 3410 jeju-

1983 3434 2147 3491 nium
2173 3434 2242 3490 ³ο.
2273 3434 2404 3489 Non
2441 3430 2710 3488 habebat
2747 3430 2990 3498 lectum,
3023 3445 3146 3487 non
3177 3445 3478 3498 mensam,
3508 3443 3635 3485 non

1984 3539 2152 3590 arva,
2175 3537 2301 3578 non
2332 3525 2632 3578 aratorem
2661 3520 2900 3587 bovem,
2927 3534 3050 3576 non
3083 3519 3368 3584 triticum,
3389 3533 3512 3574 non
3539 3517 3634 3590 pi—

1982 3617 2228 3679 storem,
2255 3611 2518 3684 denique
2557 3623 2680 3666 non
2706 3608 2870 3665 aliud
2900 3608 3238 3682 quidquam
3263 3623 3472 3664 eorum
3493 3621 3632 3680 qum

1979 3701 2062 3759 ad
2077 3700 2298 3757 victum
2317 3698 2635 3772 pertinent.
2653 3697 2916 3770 Ideoque
2937 3698 3105 3754 Inter
3119 3701 3292 3753 natos
3306 3697 3629 3752 mulierum

1977 3807 2099 3849 non
2111 3791 2377 3847 surrexit
2394 3788 2838 3858 majorJoanne
2848 3787 3129 3857 Baptista
3141 3787 3210 3842 ³³.
3225 3784 3474 3842 Paulum
3487 3800 3630 3843 cum

1977 3881 2114 3948 alia,
2148 3885 2274 3937 tum
2292 3878 2614 3951 jejunium,
2645 3876 2812 3950 quod
2833 3891 3016 3950 super
3046 3875 3472 3932 afﬂictionibus
3502 3875 3630 3932 suis

1977 3968 2245 4041 glorians
2289 3969 2578 4036 recenset,
2608 3965 2671 4021 in
2717 3963 2956 4020 tertium
3001 3963 3222 4020 coelum
3252 3963 3532 4020 subvexit
3553 3965 3624 4020 ³³.

1977 4062 2158 4116 Porro
2189 4057 2247 4128 8
2272 4055 2439 4130 quod
2463 4054 2832 4129 praecipuum
2853 4055 2944 4110 est
2971 4069 3044 4110 ex
3068 4053 3140 4110 iis
3177 4069 3312 4127 qute
3338 4051 3624 4123 diximus,

1977 4147 2268 4205 Dominus
2297 4149 2504 4202 noster
2530 4160 2653 4201 non
2682 4143 2922 4217 priusin
2945 4159 3145 4213 carne,
3168 4157 3356 4217 quam
3381 4156 3492 4215 pro
3521 4158 3627 4199 no-

1973 4236 2066 4294 bis
2079 4232 2745 4309 assumpserat,diaboli
2760 4232 3014 4290 insultus
3027 4233 3274 4306 excepit,
3287 4247 3474 4306 quam
3487 4247 3624 4290 eam

253 4325 575 4393 πειρασμοῖς
629 4317 853 4390 ἀγῶνας,
885 4323 976 4372 καὶ
1004 4327 1076 4391 τῷ
1116 4317 1377 4393 ἀντιπάλῳ
1408 4318 1502 4374 διὰ
1529 4331 1626 4384 τῆς
1668 4321 1867 4387 ἐνδείας

1987 4325 2202 4398 jejunio
2225 4307 2750 4386 communisset”,
2781 4327 2908 4379 tum
2939 4337 3051 4378 nos
3077 4320 3358 4378 erudiens
3386 4325 3453 4378 ut
3487 4337 3624 4378 nos-

255 4405 358 4462 οἷον»
404 4406 578 4466 λαϐήν
616 4403 879 4470 ἐνδιδούς.
931 4407 1246 4482 Ἀπρόσιτος
1291 4413 1393 4484 γὰρ
1421 4407 1481 4470 ἦν
1515 4411 1654 4484 αύτῷ
1685 4409 1780 4467 διὰ
1806 4418 1866 4468 τὸ

253 4496 386 4568 ὑλγος
433 4505 539 4558 τῆς
585 4497 847 4562 θεότητος,
899 4500 942 4550 εί
969 4500 1042 4570 μὴ
1089 4493 1183 4550 διὰ
1209 4506 1306 4560 τῆς
1330 4495 1528 4562 mea;
1547 4500 1710 4560 ὑπέϐη
1738 4507 1868 4577 πρὸς

253 4591 309 4638 τό
371 4584 721 4661 ἀνθρώπινον.
774 4585 1027 4641 Ἐπανιὼν
1081 4591 1256 4660 μέντοι
1309 4587 1379 4649 εἰς
1426 4588 1694 4664 οὐρανοὺς,
1752 4611 1870 4666 τρο-

253 4671 352 4748 gi;
401 4675 606 4748 ξεᾷατο,
657 4679 752 4734 τὴν
797 4677 953 4748 φύσιν
1009 4682 1103 4728 τοῦ
1158 4683 1402 4750 σώματος
1429 4685 1522 4732 τοῦ
1550 4677 1868 4744 ἀναστάντος

315 4801 366 4872 ’ξ’
427 4801 577 4857 Luc.
631 4814 756 4867 xvi,
802 4801 896 4858 24.
968 4800 1019 4836 ³⁸
1081 4799 1258 4858 Hebr.
1322 4817 1404 4870 ιι,
1453 4805 1542 4872 36,
1593 4809 1684 4863 37.

251 4872 296 4908 ⁸⁸
333 4871 386 4927 Il
416 4872 558 4928 Cor.
592 4874 765 4940 xx,”
799 4889 815 4942 ;
847 4886 952 4944 xu,
977 4875 1036 4928 2.
1110 4872 1159 4907 ⁸³
1190 4873 1394 4930 Matth.
1428 4890 1502 4940 tv,
1529 4871 1590 4935 ’2.

667 4996 910 5072 primus
941 5001 1031 5072 καὶ
1059 4997 1153 5050 οὑκ
1184 4997 1255 5060 εἰς
1282 5001 1367 5052 τά.

319 5067 700 5146 (bajﬁursu's
727 5067 895 5146 Colb.
917 5068 1318 5146 pri_mus_'t)pa
1345 5071 1432 5124 οὑν
1456 5077 1551 5146 μή.
1577 5074 1751 5146 Notos
1770 5089 1864 5132 ve-

256 5138 380 5216 lim.
411 5138 570 5216 olim
587 5144 652 5196 ut
673 5138 979 5216 carnium,
1007 5139 1090 5196 ita
1109 5138 1466 5216 vini'usum'
1489 5143 1860 5216 prohibitum

255 5211 438 5293 {pisse
453 5212 516 5268 in
536 5210 1046 5293 quadragesima,
1067 5212 1148 5269 ob
1165 5212 1349 5286 idque
1365 5213 1460 5270 hic
1478 5210 1666 5271 solius
1685 5232 1762 5290 aq
1773 5233 1862 5274 uie

265 5281 384 5339 ﬁeri
409 5282 810 5339 mentionem.

325 5357 432 5418 (ιι)
475 5356 712 5418 Legitur
746 5353 813 5410 in
841 5351 1087 5410 duobus
1135 5355 1486 5414 Colbertinis
1542 5356 1863 5413 ἓπανίπαυσε

263 5431 404 5486 τοῖςε
437 5425 498 5481 in
521 5423 640 5482 alio
665 5440 817 5482 vero
847 5423 1061 5480 codice
1092 5423 1373 5480 ἀνίπαυσεν
1400 5426 1448 5480 ἐν
1469 5437 1604 5491 τοῖς.

330 5500 438 5566 (45)
461 5495 1268 5570 Hunclocuminterpretans
1295 5501 1601 5572 Erasmus,
1629 5500 1864 5572 addidit

1760 4807 1810 4844 ³⁸
1869 4809 2010 4867 Luc.
2059 4821 2176 4876 ενι,
2229 4807 2320 4864 23.

1975 4419 2098 4472 met
2115 4411 2360 4485 jejuniis
2380 4411 2457 4469 ad
2477 4410 2872 4468 tentationum
2892 4410 3227 4467 certamina
3239 4424 3545 4481 ungamus
3564 4415 3624 4467 et

1976 4517 2390 4564 exerceamus,
2419 4505 2549 4557 tum
2571 4499 2915 4556 adversario
2934 4514 3044 4572 per
3066 4499 3454 4556 esuritionem
3473 4515 3622 4573 prte-

1975 4592 2130 4648 bens
2168 4589 2497 4647 accedendi
2523 4589 2699 4662 quasi
2728 4604 2963 4646 ansam.
2993 4587 3231 4662 Alioqui
3259 4591 3507 4662 propter
3533 4587 3620 4645 di-

1977 4681 2132 4738 vinae
2161 4687 2393 4738 natura:
2424 4677 2854 4737 sublimitatem
2884 4693 3009 4736 non
3063 4677 3311 4752 patebat
3337 4678 3418 4736 ad
3447 4677 3619 4735 illum

2395 4805 2445 4842 ³ο
2502 4803 2704 4864 Matth.
2753 4820 2839 4872 ιιι,
2886 4781 2960 4861 ιζ
3029 4803 3076 4840 ει
3116 4802 3318 4862 Matth.
3371 4817 3456 4870 XI,
3524 4807 3585 4860 tt

1969 5004 2099 5062 haec
2124 5003 2330 5072 verba,
2361 5007 2429 5060 ut
2454 5004 2540 5059 ait
2579 5001 2872 5060 Hesiodus
2913 5016 2928 5066 ;
2959 5015 3070 5056 nec
3097 5002 3319 5072 tamen
3356 4997 3618 5072 Basilius

1971 5077 2103 5146 ejus
2136 5069 2327 5148 poette
2351 5075 2669 5148 meminit:
2699 5073 2808 5148 sed
2845 5072 2932 5148 vir
2987 5070 3190 5148 multae
3236 5069 3506 5148 lectionis
3561 5075 3620 5127 et

1969 5140 2419 5221 propemodum
2476 5143 3056 5221 infinitas,__indicare
3094 5140 3282 5221 voluit
3313 5140 3618 5221 Basiliam,

1969 5212 2109 5275 cuni
2148 5218 2368 5274 bovem
2398 5222 2697 5274 aratorem
2729 5214 2894 5286 dixit,
2921 5213 3034 5268 hoc
3055 5212 3382 5286 epithetum
3403 5212 3483 5268 ab
3511 5215 3620 5269 He-

1970 5290 2143 5345 siodo
2175 5296 2514 5345 mutuatum
2559 5287 2760 5342 fuisse.
2787 5285 3009 5340 Versus
3039 5283 3302 5348 llesiodi.
3334 5288 3482 5341 teste
3509 5287 3618 5342 Dus

1971 5376 2116 5490 eleg.
2146 5359 2780 5442 Quadi-ingentesimus
2811 5354 3014 5421 tertius
3044 5359 3130 5420 est
3159 5355 3220 5417 in
3253 5356 3542 5434 Operibus
3566 5363 3621 5414 el

1971 5447 2066 5490 ue
2108 5447 2195 5490 us.

1969 5447 2195 5506 (uenus,
