4088 6194
474 213 571 268 183

1836 209 1894 266 8.
1936 205 2185 263 BASlLll
2222 202 2464 265 MAGNL

3726 212 3833 268 184

468 340 600 405 tur;
634 334 738 409 qui
775 335 1159 407 jejunaturus
1203 339 1308 406 est,
1342 337 1644 409 praeparat
1690 350 1755 391 se
1795 349 1901 408 per
1938 330 2114 389 absti-

2226 340 2328 394 νεῖς
2353 331 2573 404 (58),τό
2620 335 2709 405 μὲν
2758 340 2910 405 σῶμα
2953 330 3260 407 συντρίϐων,
3306 336 3379 405 μὴ
3427 335 3839 409 παραμυθούμε-

466 424 760 482 nentiam.
788 428 868 482 Ne
913 425 1076 482 velut
1105 424 1402 482 ulciscens
1439 425 1553 481 hos
1594 423 1746 488 dies,
1775 439 1896 480 neu
1938 420 2119 479 veluti

465 514 674 571 fucum
704 514 971 585 facturus
1003 513 1354 585 legislatori,
1377 518 1514 570 ante
1554 506 1668 570 hos
1693 513 1964 586 quinque
1993 510 2121 567 dies

468 603 699 660 colloca
729 603 1066 676 crapulam.
1101 606 1251 660 Nam
1290 602 1532 659 laboras
1553 603 1795 666 frustra,
1829 601 1879 658 si
1899 616 2121 674 corpus

466 694 713 767 quidem
735 693 1007 760 conﬁcis,
1025 707 1137 750 nec
1160 699 1362 751 tamen
1387 694 1669 751 solatium
1691 691 2002 750 esuritioni
2022 690 2125 748 ad-

467 799 698 840 moves.
722 782 914 839 Inﬁda
942 788 1030 840 est
1051 783 1221 851 cella,
1244 783 1304 839 in
1326 788 1642 858 pertusum
1663 782 1895 840 dolium
1920 781 2120 838 infun-

466 872 582 928 dis.
633 871 862 927 Etenim
919 871 1128 928 vinum
1166 871 1417 936 diffluit,
1464 871 1544 929 ad
1589 888 1763 928 suam
1807 885 2124 927 recurrens

463 962 668 1029 viam;
701 966 914 1018 contra
960 967 1236 1020 remanet
1280 967 1615 1036 peccatum.
1674 964 1784 1033 10
1836 960 2119 1018 Famulus

463 1049 730 1122 profugit
753 1048 831 1106 ab
853 1050 1001 1107 hero
1027 1050 1384 1108 verberante
1406 1069 1419 1107 :
1445 1056 1508 1107 tu
1529 1066 1672 1107 vero
1693 1067 1815 1107 non
1834 1049 2065 1106 recedis
2085 1065 2123 1106 a

462 1137 622 1206 vino,
663 1136 831 1209 quod
863 1141 1033 1194 tuum
1062 1138 1333 1212 quotidie
1373 1142 1556 1211 caput
1584 1137 1886 1209 percutit?
1915 1137 2122 1194 Modus

462 1220 673 1278 utendi
707 1221 850 1277 vino
873 1222 1137 1294 optimus
1159 1228 1252 1279 est
1277 1223 1547 1296 corporis
1577 1223 1928 1279 necessitas.
1949 1220 2123 1289 Quod

464 1310 512 1367 si
554 1310 707 1366 lines
750 1310 1282 1383 praetergredieris,
1326 1311 1616 1385 postridie
1659 1311 1865 1369 venies
1913 1309 2123 1383 capitis

462 1394 789 1467 gravedine
827 1394 1100 1465 affectus,
1150 1395 1437 1465 oscitans,
1476 1395 1769 1466 vertigine
1808 1394 2119 1463 laborans,

2228 440 2312 483 νος
2343 417 2402 473 δε
2444 426 2536 480 τὴν
2567 417 2784 476 ἔνδειαν.
2816 420 3072 474 ’Ἃπιστόν
3104 419 3215 473 ἐστι
3254 425 3313 473 τὸ
3348 422 3464 491 (59)
3494 430 3723 495 ταμεῖον,
3757 431 3838 486 εἰς

2228 514 2533 584 τετρημένον
2580 511 2731 563 πίθον
2773 508 3070 571 ἀντλεῖς.’0
3113 513 3201 583 μεν
3249 511 3352 585 γὰρ
3405 508 3541 573 οἶνος
3578 507 3833 587 διαρρέει,

2228 602 2322 657 τὴν
2366 595 2506 652 ἰδίαν
2544 596 2668 652 ὁδὸν
2708 597 3012 674 ἀποτρέχων
3037 620 3050 633 ·
3097 601 3127 657 ἡ
3162 594 3222 652 δὲ
3251 598 3485 674 ἁμαρτία
3514 598 3832 673 ὢαπομέιει.

2230 688 2452 750 Οἰκέτης
2508 684 2812 763 δραπετεύει
2861 684 3124 747 δεσπότην
3166 690 3464 741 τύπτονται
3513 692 3578 741 σύ
3628 685 3688 743 δε
3733 710 3836 743 πα-

2226 781 2461 852 ραμένεις
2506 786 2578 849 τῷ
2625 778 2764 850 οἴνῳ,
2798 776 2914 831 καθ’
2952 777 3177 835 ἑκάστην
3217 779 3413 852 ἡμέραν
3464 782 3559 836 τὴν
3605 778 3835 851 κεφαλήν

2230 885 2324 918 σου
2354 869 2601 919 τύπτοντι
2624 883 2639 934 ;
2670 871 2868 941 Μέτρον
2910 867 3126 942 ἄριστον
3156 874 3251 929 τῆς
3278 874 3371 919 τοῦ
3413 870 3551 919 οἶνον
3579 872 3836 942 χρήσεως

2228 956 2258 1013 ἡ
2307 960 2468 1029 χρεία
2510 963 2604 1008 τοῦ
2654 961 2913 1029 σώματος.
2964 955 3078 1009 Ἐὰν
3124 951 3184 1009 δὲ
3227 955 3322 1018 ἔξω
3364 963 3465 1008 τῶν
3512 957 3643 1030 ὅρων
3680 960 3833 1029 γένῃ,

2228 1047 2406 1118 αὔριον
2478 1044 2618 1107 ἣξεις
2677 1044 3027 1121 καρηϐαρῶν,
3096 1050 3483 1117 χασμώμενος,
3555 1044 3833 1116 ἰλιγγιῶν,

2231 1136 2523 1196 σεσηπότος
2577 1135 2715 1186 οῖνου
2776 1132 2982 1195 ἀπόζων
3008 1154 3022 1167 ⁸
3075 1136 3247 1187 πάντα
3306 1152 3392 1186 σοι
3441 1135 3833 1208 περιφέρεσθαι,

2227 1222 2389 1275 τάντα
2433 1218 2703 1275 δονείσθαι
2750 1219 2912 1286 δόξει.
2966 1225 3110 1281 Μέθη
3153 1225 3254 1297 γὰρ
3305 1222 3461 1275 ύπνον
3504 1224 3595 1295 μὲν
3627 1220 3834 1294 ἐπάγει,

2229 1306 2447 1383 ἀδελφόν
2506 1313 2766 1380 θανάτου,
2828 1310 3143 1388 ἐγρήγορσιν
3200 1308 3259 1365 δὲ
3315 1310 3532 1386 ὀνείροις
3593 1330 3839 1386 προσεοι-

2228 1405 2379 1450 κυῖαν
2388 1441 2400 1454 .

458 1481 863 1556 putrefactum
900 1481 1154 1539 obolens
1195 1483 1444 1553 vinum;
1494 1484 1702 1541 omnia
1742 1483 1853 1541 tibi
1901 1482 2294 1554 circumferri,
2333 1489 2540 1547 omnia
2582 1489 2976 1548 circumvolvi
3021 1488 3408 1547 videbuntur.
3460 1489 3728 1547 Ebrietas
3768 1490 3843 1548 ut

461 1586 745 1629 somnum
775 1572 946 1629 aﬂ‘ert
974 1573 1187 1629 mortis
1219 1588 1602 1643 germanum,
1634 1573 1718 1631 ita
1746 1573 2016 1645 vigiliam
2041 1573 2229 1631 habet
2258 1579 2511 1635 somniis
2540 1579 2898 1640 assimilem.

537 1666 620 1718 11.
661 1667 751 1719 An
800 1663 1049 1733 ignoras
1093 1678 1278 1735 quem
1308 1677 1372 1719 es
1399 1661 1659 1736 hospitio
1707 1663 2118 1737 excepturus?
2156 1663 2199 1718 B

460 1749 752 1809 Nimirum
783 1752 975 1819 illum,
1008 1750 1115 1823 qui
1146 1750 1324 1808 nobis
1370 1750 1454 1808 ita
1499 1751 1799 1825 pollicitus
1829 1755 1917 1808 est
1947 1769 1960 1807 :
1990 1752 2118 1824 Ego

462 1846 517 1897 et
536 1840 726 1898 Pater
754 1842 1077 1908 veniemus,
1105 1846 1160 1897 et
1181 1841 1552 1898 mansionem
1584 1842 1751 1912 apud
1779 1857 1912 1899 eum
1933 1842 2119 1912 facie-

459 1947 593 1987 mus
611 1932 681 1987 δι.
729 1931 846 1987 Cur
890 1931 1071 2003 igitur
1113 1929 1283 2004 prius
1332 1930 1553 2004 recipis
1584 1931 2019 1997 temulentiam,
2047 1945 2119 1987 ac

460 2021 718 2078 Domino
735 2020 1081 2093 ingressum
1098 2020 1457 2094 praecludis?
1475 2037 1582 2077 cur
1596 2021 1835 2078 hostem
1856 2020 2116 2097 inducis,

458 2114 525 2166 ut
564 2114 667 2167 tua
713 2110 878 2183 prior
914 2110 1293 2166 munimenta
1338 2109 1640 2183 occupet?
1682 2109 1951 2166 Ebrietas
1993 2124 2120 2166 non

456 2198 670 2273 recipit
692 2198 1033 2268 dominum,
1060 2198 1319 2256 ebrietas
1351 2198 1637 2272 Spiritum
1666 2198 1968 2272 propellit.
2010 2201 2119 2255 Fu-

457 2303 597 2345 mus
637 2288 908 2362 quidem,
947 2286 1139 2358 abigit
1186 2302 1352 2360 apes,
1386 2287 1552 2344 dona
1602 2304 1744 2344 vero
1784 2286 2119 2360 spiritualia

457 2376 626 2447 fugat
656 2376 924 2450 crapula.
947 2375 1249 2447 Jejunium
1271 2375 1526 2433 civitatis
1555 2382 1643 2433 est
1665 2380 2115 2445 ornamentum,

460 2464 571 2524 fori
595 2464 897 2535 columen,
931 2465 1256 2522 domorum
1276 2481 1421 2539 pax,
1454 2465 1842 2522 incolumitas
1864 2464 2115 2522 faculta-

456 2559 607 2610 tum.
641 2554 738 2610 Vis
776 2553 994 2626 jejunii
1031 2553 1238 2610 videre
1286 2554 1645 2625 dignitatem
1667 2554 1695 2610 ‘I
1721 2554 1938 2611 Confer
1969 2552 2116 2610 mihi

456 2642 735 2701 hodierni
755 2643 874 2700 diei
900 2659 1213 2717 vesperam
1236 2660 1375 2701 cum
1403 2660 1664 2718 vespera
1685 2644 1950 2710 crastini,
1975 2660 2114 2702 con-

459 2732 678 2805 spicies
697 2732 997 2789 civitatem
1022 2748 1054 2788 e
1079 2733 1337 2790 tumultu
1358 2749 1428 2790 ac
1444 2737 1799 2806 tempestate
1818 2738 2114 2791 mutatam

459 2821 521 2878 in
558 2821 930 2895 profundam
980 2822 1498 2896 tranquillitatem.
1531 2824 1768 2880 Utinam
1817 2828 2021 2881 autem
2058 2828 2115 2881 et

458 2911 791 2969 hodiernus
811 2911 941 2968 dies
964 2913 1230 2970 crastino
1252 2912 1463 2970 similis
1483 2914 1557 2969 sit
1575 2914 1890 2975 sanctitate
1906 2919 1963 2971 et
1982 2931 2114 2985 gra-

2305 1670 2388 1724 11.
2430 1669 2566 1744 Ἀρα
2595 1666 2746 1733 οἶδας
2791 1674 2872 1732 τίς
2920 1669 3060 1724 ἔστιν
3107 1671 3162 1723 ὃν
3192 1667 3556 1743 ὑποδέχεσθαι
3592 1669 3834 1743 μέλλεις

2226 1757 2285 1809 '0
2328 1756 2754 1833 ἐπαγγειλάμενος
2797 1762 2941 1834 ἡμῖν,
2991 1762 3075 1813 ὅτε
3120 1759 3250 1833 Ἐγώ
3298 1764 3388 1813 καὶ
3418 1762 3445 1812 ό
3472 1763 3650 1834 Πατὴρ
3697 1758 3838 1812 ἐλευ-

2231 1849 2465 1921 σόμεθα,
2515 1855 2605 1901 καὶ
2661 1853 2821 1922 μονὴν
2876 1847 2999 1923 παρ’
3046 1849 3188 1921 αὐτῷ
3244 1853 3531 1922 ποιήσομεν
3577 1848 3712 1920 (60).
3765 1851 3836 1901 Τί

2228 1933 2316 1989 οὖν
2362 1937 2740 2013 προλαμϐάνεις
2796 1946 2858 2011 τῇ
2909 1940 3038 2011 μέθῃ
3066 1981 3080 2006 ,
3131 1943 3221 1991 καὶ
3278 1937 3565 2001 ἀποκλείεις
3610 1945 3683 2008 τῷ
3733 1943 3834 1990 Δει-

2231 2030 2396 2099 σπότῃ
2431 2031 2524 2085 τὴν
2552 2024 2756 2080 εἰσοδον
2780 2044 2794 2095 ;
2826 2032 2879 2079 τί
2909 2032 3173 2102 προτρέπῃ
3215 2030 3304 2079 τόν
3334 2025 3525 2102 ἐχθρὸν
3554 2045 3835 2102 προκατα-

2230 2123 2381 2187 σχεῖν
2414 2135 2508 2169 σου
2551 2119 2618 2168 τὰ
2664 2116 3025 2192 ὀχυρ,ὡματα;
3067 2117 3213 2174 Μέθη
3261 2119 3452 2190 Κύριον
3492 2115 3597 2188 οὐχ
3629 2110 3835 2168 ὑποδέ-

2226 2223 2419 2276 χεται·
2471 2207 2601 2278 μέθη
2652 2212 2861 2279 Πνεῦμα
2911 2206 3060 2277 ἅγιον
3119 2200 3426 2259 ἀποδιώκει.
3484 2207 3692 2266 Καπνός
3736 2207 3835 2277 μὲν

2224 2296 2327 2369 γὰρ
2373 2291 2658 2348 ἀποδιώκει
2704 2294 2957 2368 μελίσσας
3002 2294 3138 2365 (61),
3184 2299 3503 2369 χαρίσματα
3555 2289 3615 2346 δε
3665 2312 3836 2346 πνευ-

2226 2385 2425 2455 ματικὰ
2471 2380 2757 2437 ἀποδιὼκει
2802 2383 3087 2459 κραιπάλη.
3116 2388 3354 2441 Νηστεία
3395 2382 3589 2443 πόλεως
3618 2381 3835 2454 εὐσχη-

2225 2475 2425 2545 μοσύνη
2453 2515 2467 2540 ,
2520 2471 2715 2548 ἀγορᾶς
2761 2473 3073 2540 εὐστάθεια,
3127 2476 3279 2525 οἴκων
3323 2472 3498 2547 εἰρήνη
3527 2515 3543 2541 ,
3588 2475 3839 2546 σωτηρία

2224 2569 2324 2613 τῶν
2353 2563 2717 2637 ὑπαρχόντων.
2765 2561 2940 2615 Βούλει
2983 2562 3147 2625 αὐτῆς
3179 2558 3307 2615 ἰδεῖν
3354 2565 3450 2620 τήν
3495 2564 3833 2633 σεμνότητος

2225 2653 2503 2726 Σύγκρινόν
2552 2671 2644 2724 μοι
2690 2655 2785 2710 τὴν
2836 2655 3059 2725 σήμερον
3109 2651 3328 2726 ἑσπέραν
3374 2658 3436 2723 τῇ
3468 2650 3578 2722 (62)
3622 2652 3831 2724 αὔριον,

2222 2745 2312 2792 καὶ
2360 2740 2476 2812 ὄψει
2513 2745 2608 2799 τὴν
2649 2739 2796 2793 πόλιν
2841 2738 2895 2792 ἐκ
2937 2749 3183 2815 ταραχῆς
3211 2744 3301 2792 καὶ
3332 2738 3495 2801 ζάλης
3537 2738 3609 2801 εἰς
3651 2737 3833 2810 γαλή-

2220 2850 2312 2889 νην
2361 2828 2577 2903 βαθεῖαν
2619 2828 3029 2902 μεταϐαλοῦσαν.
3062 2832 3308 2903 Εύχομαι
3355 2825 3415 2882 δὲ
3453 2832 3545 2880 καὶ
3591 2831 3685 2885 τὴν
3718 2831 3830 2885 σή-

2221 2938 2374 2994 μερον
2421 2927 2483 2992 τῇ
2531 2922 2710 2994 αὔριον
2755 2918 2971 2971 ἐοικέναι
3026 2920 3162 2971 κατὰ
3208 2922 3302 2976 τὴν
3363 2920 3691 2990 σεμνότητα·
3730 2921 3829 2968 καὶ

457 3000 662 3072 vitate,
689 3005 747 3057 et
766 3001 1065 3058 crastinus
1096 3001 1223 3058 dies
1244 3002 1539 3059 hodierno
1568 3018 1695 3059 non
1717 3003 1892 3060 cedat
1916 3003 2114 3060 hilari-

2223 3012 2316 3066 τὴν
2361 3012 2540 3083 αὔριον
2582 3004 2747 3080 μηδὲν
2792 3003 3109 3082 φαιδρότητι
3137 3014 3233 3068 τῆς
3284 3011 3510 3081 σὴμερον
3554 3003 3826 3058 ἀπολείπε-

458 3092 579 3145 tate
602 3088 616 3143 l
637 3089 930 3145 Craterum
958 3090 1062 3162 qui
1091 3105 1204 3146 nos
1229 3089 1515 3163 produxit
1534 3090 1614 3146 ad
1638 3091 1797 3148 hunc
1826 3092 2115 3164 temporis

458 3192 776 3234 recursum
808 3178 1117 3248 Dominus,
1136 3183 1379 3252 praestet
1408 3178 1587 3236 nobis
1615 3183 1908 3254 tanquam
1928 3185 2114 3237 certa-

458 3264 716 3338 toribus,
738 3268 804 3324 ut
833 3267 895 3323 in
925 3267 1041 3324 hoc
1071 3267 1468 3324 certaminum
1500 3269 1749 3324 exordio
1772 3270 2011 3325 ﬁrmam
2042 3286 2114 3327 ac

461 3359 837 3414 constantem
871 3357 1338 3430 temperantiam
1366 3358 1785 3427 ostendamus,
1806 3358 2114 3430 pervenia-

461 3460 722 3518 musque
744 3444 822 3502 ad
843 3444 1131 3503 arbitram
1154 3461 1517 3502 coronarum
1550 3445 1731 3514 diem,
1757 3452 1821 3504 ut
1843 3447 2115 3505 recorde-

460 3549 601 3591 mur
637 3550 801 3592 nunc
840 3535 1087 3609 quidem
1120 3534 1437 3592 salutiferae
1468 3534 1793 3609 passionis,
1824 3537 1885 3593 in
1913 3536 2113 3594 futuro

460 3639 606 3682 vero
635 3624 858 3683 saeculo
888 3624 1164 3683 fruamur
1187 3625 1458 3697 praemio,
1482 3642 1593 3699 pro
1620 3624 1715 3682 his
1746 3643 1882 3700 quae
1911 3626 1970 3683 in
1999 3628 2114 3685 hac

458 3714 587 3773 vita
616 3715 935 3786 gessimus,
964 3714 1318 3790 reponendo
1346 3715 1410 3772 in
1443 3716 1607 3788 justo
1640 3715 1864 3788 judicio
1902 3714 2117 3774 Christi

461 3805 682 3879 ipsius,
701 3806 993 3881 quoniam
1022 3806 1104 3865 illi
1128 3806 1321 3878 gloria
1345 3806 1410 3863 in
1435 3806 1677 3865 szecula.
1706 3810 1919 3864 Amen.

535 3915 583 3951 ⁵⁸
621 3916 793 3972 Joan.
821 3932 933 3984 xw,
958 3919 1048 3972 23.

688 4020 838 4077 Editi
879 4019 1073 4093 ἀνόητα
1117 4028 1307 4093 πονεῖς2
1334 4020 1521 4093 stulte
1567 4018 1828 4093 laboras.
1881 4023 1952 4074 At
1990 4020 2114 4079 duo

463 4087 639 4162 Regii
654 4107 804 4148 mss.
837 4096 893 4146 et
921 4091 1069 4148 Oliv.
1103 4097 1158 4147 et
1187 4090 1352 4163 Colb.
1397 4090 1630 4163 primus
1674 4087 1894 4163 ἀνόνητα
1921 4099 2110 4163 πονεῖς,

458 4159 703 4234 frustra
762 4163 1027 4219 laboras.
1084 4161 1352 4235 Denique
1399 4159 1582 4217 'Colb.
1642 4160 1847 4217 tertius
1919 4159 2114 4220 ἀνόητα

462 4241 647 4312 ποιεῖς,
678 4235 861 4312 stulte
880 4236 1062 4312 facis.
1205 4305 1224 4312 _
1262 4302 1278 4312 .
1414 4308 1421 4312 _
1512 4302 1525 4312 ,

534 4306 646 4375 (59)
684 4305 851 4362 Colb.
880 4302 1138 4375 'primus
1188 4302 1455 4363 ᾶπληστόν
1506 4302 1643 4375 ἐστι,
1677 4307 1758 4370 τό,
1812 4303 1971 4375 cella
2025 4310 2111 4360 est

458 4376 864 4445 inexplebilis.

458 4446 666 4521 tertius
688 4447 770 4521 si;
793 4453 1121 4521 τετριμμένον
1150 4448 1320 4513 πίθον,
1354 4445 1702 4521 depravate.

531 4517 643 4588 (60)
686 4520 847 4591 Unus
878 4517 1086 4591 codex
1132 4521 1275 4588 Reg.
1309 4517 1449 4591 αὐτῷ
1494 4519 1841 4591 ποιησόμεθα.
1874 4520 2109 4575 Monere

456 4587 643 4659 iuvat,
676 4588 1116 4646 Eueharistiam
1162 4604 1288 4645 non
1326 4588 1584 4645 obscure
1626 4587 1741 4645 hoc
1781 4589 1917 4646 loco
1958 4590 2109 4646 indi.

457 4657 585 4733 cari
609 4676 623 4714 :
652 4659 732 4715 ad
761 4676 947 4733 quam
977 4661 1083 4733 qui
1124 4659 1500 4733 accederent,
1530 4660 1851 4733 Dominum
1879 4660 2103 4733 ipsum,

455 4735 524 4788 ut
550 4729 727 4804 docet
758 4729 1027 4804 Basilius,
1056 4748 1181 4788 non
1210 4730 1446 4804 Domini
1478 4730 1758 4804 umbram
1806 4729 1922 4787 aut'
1952 4732 2107 4804 ligu-

452 4816 585 4873 ram
602 4801 995 4873 recipiebant.
1022 4804 1152 4870 Quo
1175 4802 1373 4858 Basilii
1396 4802 1756 4873 testimonio,
1779 4807 1844 4858 ut
1865 4801 2105 4859 sexcen-

452 4872 529 4928 tis
559 4872 692 4930 aliis
722 4872 1069 4931 sanctorum
1100 4877 1363 4940 Patrum,
1393 4872 1572 4945 plane
1602 4878 1837 4945 constat
1868 4874 2105 4945 Domini

451 4959 677 5018 corpus
708 4945 769 5001 in
795 4945 1174 5018 Eucharistia
1199 4960 1333 5018 vere
1364 4944 1688 5018 etproprie
1717 4944 1923 5018 recipi.

673 5016 912 5098 Antiqui
943 5017 1067 5073 duo
1093 5016 1310 5098 libri_et
1338 5012 1795 5098 εάὶςὶατξοδιοξκεε
1824 5012 2097 5098 ρῖλεισσας.

447 5085 557 5163 .Mii
586 5085 851 5163 quntum:
878 5104 1032 5163 mss.
1071 5085 1351 5163 φνγαδε-σει
1379 5086 1654 5163 genus.
1688 5086 1800 5163 Sed
1825 5085 2105 5163 έυερίοοπ

446 5158 530 5233 ita
560 5157 897 5233 correctum
936 5160 1016 5217 ab
1046 5157 1272 5233 aliquo,
1303 5157 1406 5232 qui
1436 5157 1803 5213 existimaret
1843 5157 2098 5233 verbum

446 5226 760 5284 ἁποδιώκειν
788 5231 850 5287 in
893 5238 1016 5288 unto
1054 5226 1168 5288 aut
1194 5226 1380 5288 altero
1422 5242 1601 5284 versu
1641 5235 1728 5285 ter
1761 5229 1949 5295 repeti
1977 5246 2097 5287 non

441 5298 684 5373 debere,
713 5318 853 5358 cum
899 5308 1104 5359 tamen
1132 5304 1195 5360 in
1237 5304 1353 5373 hac
1392 5299 1744 5373 repetitione
1783 5300 2096 5372 elegantiae

442 5370 674 5445 aliquid
695 5373 1002 5445 etleporis
1026 5375 1221 5431 inesse
1250 5370 1551 5437 videatur.

669 5444 973 5520 Egilii‘rnu
1001 5451 1226 5520 σήμερον
1275 5445 1493 5516 ἑσπέραν
1540 5450 1627 5515 τῇ,
1679 5446 1814 5511 etc.,
1867 5444 2096 5520 Confer

436 5513 585 5570 mihi
607 5513 887 5571 hodierni
909 5517 1031 5575 diei
1052 5513 1357 5586 uesperam
1381 5513 1516 5586 cum
1538 5513 1795 5586 uespera
1815 5513 2089 5573 crastini.

436 5587 581 5658 Reg.
609 5586 842 5660 primus
873 5593 931 5647 et
971 5587 1069 5647 alii
1101 5583 1220 5646 tres
1262 5602 1409 5643 mss.
1451 5583 1773 5643 Colbertini
1803 5590 1896 5645 τὴν
1924 5606 2090 5660 σημε-

963 4377 1086 4433 aud
1129 4375 1309 4444 longe
1360 4377 1501 4448 Reg.
1556 4363 1789 4448 primus
1835 4380 1893 4432 et
1939 4373 2105 4434 Colb.
2138 4363 2184 4419 D

2224 3098 2368 3151 σθαι.
2399 3096 2458 3148 Ὀ
2489 3093 2548 3149 δε
2577 3095 2787 3168 ἀγαγὼν
2816 3098 2956 3170 ἡμᾶς
3000 3095 3072 3159 εἰς
3116 3099 3211 3155 τὴν
3253 3091 3496 3170 περίοδον
3543 3101 3635 3147 τοῦ
3676 3096 3825 3168 χρό-

2220 3205 2308 3238 νον
2332 3188 2524 3260 Κύριος
2551 3187 2829 3261 παράσχοι
2874 3186 3019 3258 ἡμῖν,
3055 3186 3159 3237 οἷον
3213 3182 3549 3257 ἀγωνισταῖς,
3583 3182 3656 3246 εἰς
3695 3186 3825 3245 τοὺς

2220 3283 2529 3349 προαγῶνας
2570 3278 2787 3335 τούτους
2833 3277 2892 3327 τὸ
2942 3273 3153 3349 στερρὁ
3190 3278 3281 3326 καὶ
3329 3277 3530 3326 εὔτονον
3574 3280 3670 3332 τῆς
3697 3290 3830 3346 καρ-

2221 3370 2396 3440 τερίας
2441 3359 2861 3436 ίπιδειξαμίνους
2903 3363 3040 3435 (63),
3083 3364 3282 3435 φθάσαι
3327 3367 3418 3415 καί
3464 3360 3548 3414 in”:
3594 3365 3686 3419 τὴν
3729 3379 3828 3412 κυ-

2220 3458 2338 3529 ρίαν
2388 3461 2489 3506 τῶν
2552 3455 2810 3526 στεφάνων
2866 3454 3061 3526 ἡμέραν
3090 3474 3103 3487 ο
3157 3460 3246 3505 νῦν
3302 3454 3391 3525 μὶν
3446 3459 3544 3514 τῆς
3595 3449 3828 3523 ἀναμνή-

2223 3561 2353 3605 σεως
2393 3549 2485 3595 τοῦ
2537 3546 2797 3617 σωτηρίου
2843 3542 3043 3604 πάθους
3082 3541 3216 3614 (64),
3266 3539 3314 3592 ἓν
3363 3537 3422 3593 δὲ
3469 3548 3540 3612 τῷ
3587 3538 3827 3613 μέλλοντι

2223 3631 2370 3684 αἰῶνι
2410 3640 2507 3694 τῆς
2554 3628 2953 3694 ἁνταποδόσεως
2993 3638 3093 3683 τῶν
3140 3628 3464 3704 βεϐιωμένων
3502 3631 3627 3702 ἡμῖν
3664 3626 3712 3680 ἓν
3749 3635 3820 3700 τῇ

2224 3717 2589 3796 διὶαιοκρισίᾳ
2615 3727 2707 3773 τού
2737 3727 2972 3795 Χριστοῦ
2998 3720 3178 3789 αὑτοῦ,
3210 3720 3292 3772 ὅτι
3317 3719 3458 3791 αύτῷ
3482 3720 3513 3778 ἡ
3548 3714 3680 3782 δόξα
3707 3716 3827 3791 (65)

2222 3811 2293 3873 εἰς
2321 3815 2444 3874 τούς
2473 3810 2681 3872 αἰῶνας.
2708 3809 2889 3884 ’Λμήν.

2217 4027 2377 4105 ρινὴν-
2397 4023 2614 4105 ἑσπέραν
2639 4031 2724 4105 τῇ,
2753 4022 3179 4105 nonhdi‘ssimili
3204 4037 3410 4105 sensu.
3438 4026 3509 4105 At
3537 4020 3824 4105 Regii'se-

2219 4093 2534 4167 cunduset
2555 4093 2759 4150 tertius
2785 4099 2841 4167 et
2870 4093 3039 4161 Colb,
3048 4093 3288 4167 primus
3315 4099 3410 4167 τὴν
3442 4099 3664 4167 σήμερον
3691 4095 3822 4167 ἠμέ-

2217 4146 2842 4246 ῥᾶνῖῇξξζξᾴᾐῖὲτῖῆἱίᾷἑ
2864 4146 3118 4246 ἑᾷἰιῖἱιξᾷ
3129 4146 3399 4246 arma
3429 4146 3587 4246 dg'ém‘
3614 4146 3822 4246 Ιιοίίίθ-

2216 4236 2382 4293 num.
2407 4236 2558 4294 Nihil
2586 4238 2646 4293 in
2675 4242 2958 4293 contextu
2984 4236 3353 4307 mutandum
3377 4236 3816 4307 judicavimus.

2289 4309 2418 4382 (63)Δ
2435 4310 2670 4365 Veteres
2716 4311 2949 4382 septem
2990 4306 3129 4364 libri
3174 4304 3611 4381 ἐπιδειξαμένους.
3662 4304 3824 4363 Editi

2216 4376 2645 4452 ἐπιδειξαμένοις.

2286 4454 2397 4523 (6})
2439 4448 2678 4521 Legenti
2703 4448 2851 4505 mihi
2900 4452 3240 4514 Erasmum,
3268 4449 3373 4523 qui
3396 4448 3581 4523 illud,
3605 4455 3692 4499 νῦν
3722 4450 3819 4520 μὲν

2214 4520 2671 4595 τῆςᾲάναμνήσε-ως
2714 4528 2805 4573 τοῦ
2852 4526 3111 4595 σωτηρίου
3142 4520 3360 4588 πάθούς,
3390 4521 3821 4595 interpretatus

2214 4576 2309 4649 est
2326 4576 2446 4649 hoc
2470 4576 2676 4665 modo,
2699 4597 2765 4647 ut
2785 4576 3173 4665 recordemur
3198 4576 3364 4665 nunc
3382 4576 3621 4665 quidem
3651 4591 3820 4665 salu-

2213 4665 2409 4736 tiferae
2434 4664 2805 4736 afﬂictionis.
2822 4661 2883 4718 in
2906 4667 3170 4736 mentem
3189 4663 3355 4736 venit
3375 4660 3815 4736 quorumdam,

2210 4732 2337 4808 qui,
2382 4732 2853 4808 ne'Viderentur
2899 4732 3417 4808 antiquitatisaui
3467 4732 3663 4808 ignari
3708 4737 3821 4789 aut

2210 4804 2430 4877 parum
2473 4804 2745 4876 studiosi,
2788 4819 2913 4861 non
2957 4804 3158 4875 ﬁdem,
3190 4805 3297 4862 sed
3336 4806 3813 4877 persuasionem,

2210 4876 2332 4933 non
2370 4882 2814 4933 sacramentum
2844 4880 3116 4947 corporis
3144 4876 3463 4943 Dominici,
3493 4876 3602 4947 sed
3620 4890 3809 4947 sanc-

2210 4950 2432 5017 tiﬁcum
2484 4949 2840 5016 crustatum,
2881 4945 3100 5005 et‘alia
3143 4947 3207 5003 id
3251 4962 3444 5017 genus
3481 4945 3809 5003 dicebant:

2207 5035 2395 5091 quam
2443 5018 2733 5091 loquendi
2768 5020 3093 5091 rationem
3139 5034 3321 5091 nemo
3384 5017 3628 5091 sapiens
3700 5032 3813 5091 un-

2204 5086 2396 5216 guem
2429 5086 2824 5172 .approbabit.
2854 5093 3097 5148 Praestat
3139 5089 3342 5160 igitur,
3376 5095 3441 5145 ut
3457 5086 3630 5145 'mihi
3671 5086 3812 5159 qui-

2248 5176 2345 5216 em
2386 5161 2640 5216 Videtur.
2694 5163 2780 5216 ita
2828 5167 3094 5216 vertere:
3129 5167 3197 5216 ut
3238 5161 3591 5216 recordetur
3641 5174 3811 5216 nunc

2248 5176 2345 5218 em
2386 5161 2640 5227 videtur,
2694 5163 2780 5218 ita
2828 5167 3094 5218 vertere:
3129 5167 3197 5217 ut
3238 5161 3591 5218 recordetur
3641 5174 3811 5217 nunc

2203 5233 2438 5305 quidem
2468 5233 2802 5305 salutiferae
2822 5234 3140 5305 passionis.

2273 5309 2385 5385 (65)
2404 5301 2881 5385 Οοζὺιρςίωιιεὲν
2984 5301 3349 5385 ικαιοκρισίᾳ
3364 5311 3455 5385 τοῦ
3472 5311 3596 5385 Υιού
3618 5302 3802 5370 αὐτοῦ,

2201 5373 2288 5447 dri
2306 5377 2452 5447 αύτῷ
2477 5379 2506 5434 ἡ
2543 5373 2675 5438 δόξα
2697 5384 2785 5427 νῦν
2814 5380 2904 5428 καί
2930 5373 3027 5442 ἀεί,
3048 5379 3164 5447 βω.
3186 5373 3369 5447 Aliter
3396 5375 3458 5430 in
3489 5373 3621 5447 aliis
3649 5389 3801 5447 mss.

2198 5444 2721 5520 legituriﬁnequ‘eid
2737 5447 2958 5520 mirum
2969 5445 3268 5520 videbitur
3279 5446 3352 5502 iis
3364 5444 3803 5520 quipaululum

2199 5516 2681 5575 in'conferendis
2715 5516 3015 5574 veteribus
3042 5516 3214 5574 libris
3250 5516 3640 5574 vers’ati‘sunt
3658 5532 3802 5572 eum

2198 5588 2478 5648 clausula
2520 5589 2582 5647 in
2611 5588 2793 5647 variis
2823 5587 3136 5648 codicibus
3164 5588 3328 5647 varie
3358 5587 3541 5647 scribi
3573 5585 3792 5646 soleat.
