4088 6194
211 210 307 266 185

1446 201 1534 258 DE
1589 194 1859 254 JEJUNIO
1915 195 2209 255 HOMILIA
2264 202 2330 257 ll.

3473 210 3572 266 I86

220 327 3571 359 ἥβῃ-*Ἦ*

454 416 612 464 nam
669 414 991 463 ΝΗΣΤΕΙΑΣ
1042 414 1256 462 ΛΟΓΟΣ
1307 406 1373 460 B'
1420 406 1558 479 (66).

276 541 323 594 ί.
384 534 769 611 Παρακαλεῖτε,
829 538 1008 607 φησὶν,
1069 535 1234 605 ἱερεῖς,
1302 533 1389 584 τὸν
1448 530 1591 583 λαόν·
1652 527 1802 587 λαλή-

212 645 329 680 σατε
357 624 433 687 εἰς
460 627 531 676 τὰ
560 620 672 676 ὦτα
698 621 991 697 Ὶερουσαλή
998 643 1055 695 μ.
1085 620 1251 680 Ἱκανή
1285 627 1375 673 τοῦ
1414 619 1567 691 λόγου
1588 620 1617 677 ἡ
1654 619 1808 691 φύσις

209 725 303 769 τῶν
324 718 417 788 μὶν
450 708 761 766 σπουδαίων
797 714 892 774 τὰς
922 713 1086 784 ὁρμὰς
1127 709 1391 776 ἐπιτεῖναι,
1423 716 1522 761 τῶν
1551 703 1611 760 δε
1636 707 1805 783 ῥᾳθύ-

211 826 312 879 μων
341 806 435 855 καὶ
464 803 677 875 νωθρῶν
715 799 974 874 ἐπεγεῖραι
1007 802 1066 852 τὸ
1112 801 1395 873 πρόθυμον.
1444 796 1595 850 Ὀθεν
1646 816 1803 870 στρα-

210 898 358 965 τηγοὶ
406 895 527 965 μὶν,
572 910 648 951 εις
693 889 988 964 παράταξιν
1031 891 1115 941 τόν
1148 892 1368 962 στρατόν
1428 888 1796 952 καθιστῶντες,

210 991 313 1045 τοῖς
338 979 762 1055 παρακλητικοῖς
789 978 966 1051 λόγοις
993 980 1092 1052 πρό
1123 985 1221 1030 τῶν
1252 975 1460 1049 ἀγώνων
1490 980 1799 1049 κέχρηνται,

210 1078 292 1125 καί
354 1071 627 1127 τοσαύτην
707 1072 823 1139 ἔχει
884 1063 1105 1140 δύναμιν
1182 1068 1212 1124 ἡ
1279 1070 1603 1139 παραίνεσις,
1672 1067 1807 1117 ὥστε

208 1160 405 1222 πολλοῖς
446 1163 543 1210 καὶ
575 1159 800 1210 θανάτου
845 1155 1095 1217 πολλάκις
1125 1159 1509 1228 καταφρόνησιν
1554 1153 1802 1227 ἐμποιεῖνο

205 1252 504 1323 γυμνασταὶ
564 1243 624 1299 δὲ
678 1250 770 1298 καὶ
826 1241 1184 1317 παιδοτριϐοι,
1240 1247 1370 1317 πρὸς
1424 1246 1544 1305 τούς
1600 1241 1649 1294 ἓν
1695 1250 1805 1304 τοῖς

207 1335 445 1399 σταδίοις
512 1334 715 1408 ἀγῶνας
778 1338 903 1397 τούς
962 1332 1245 1394 ἀθλοῦντας
1309 1334 1631 1405 πρσάγοντες
1670 1332 1800 1403 (67),

200 1428 354 1481 πολλοί
396 1430 524 1500 περὶ
571 1431 663 1477 τοῦ
705 1432 910 1498 χρῆναι
966 1429 1135 1477 πονεῖν
1192 1423 1319 1495 ὑπερ
1377 1430 1476 1473 τῶν
1543 1422 1801 1494 στεφάνων

200 1516 606 1572 διακελεύονταυ
672 1516 809 1567 ὥστε
869 1517 961 1566 καὶ
1032 1513 1446 1569 συνεπείσθησαν
1511 1509 1689 1563 πολλοι
1734 1517 1797 1583 τῇ

198 1613 306 1681 ’.τερί
362 1610 463 1664 τήν
521 1610 668 1663 νίκην
717 1603 991 1677 φιλοτιμίᾳ
1044 1611 1140 1654 τῶν
1200 1602 1456 1675 σωμάτων
1515 1594 1797 1673 ὑπεριδεῖν.

198 1701 290 1750 Καὶ
319 1700 502 1747 τοίνυν
544 1698 637 1745 καὶ
687 1692 823 1766 ἐμοὶ,
857 1696 981 1753 τούς
1028 1698 1263 1765 Χριστοῦ
1309 1693 1634 1764 στρατιώτας
1670 1691 1803 1761 πρὸς

194 1791 273 1838 τόν
313 1786 456 1836 κατὰ
505 1791 606 1836 τῶν
648 1780 881 1856 ἀοράτών
926 1779 1127 1855 ἐχθρῶν
1170 1779 1389 1853 πόλεμον
1432 1775 1797 1845 διατάσσοντι,

192 1880 274 1927 καὶ
336 1877 467 1936 τούς
550 1871 781 1933 ἀθλητὰς
848 1880 947 1931 τῆς
1022 1868 1278 1931 εὐσεϐείας
1344 1867 1427 1921 ἐπὶ
1504 1872 1627 1929 τοὺς
1708 1875 1803 1931 τῆς

195 1961 544 2024 δικαιοσύνης
614 1962 897 2033 στεφάνους
964 1955 1057 2012 διὰ
1120 1968 1215 2022 τῆς
1282 1957 1582 2032 ἐγκρατείας
1637 1977 1803 2031 παρα-

192 2053 525 2117 σκευάζοντι,
555 2050 840 2122 ἀναγκαῖος
859 2049 886 2101 ό
914 2048 1069 2120 λόγος
1093 2057 1187 2109 τῆς
1216 2046 1606 2124 παρακλήσεως.
1629 2052 1693 2100 Τί
1714 2044 1800 2099 οὖν

189 2163 337 2216 φημι,
368 2137 599 2213 ἀδελφοί
622 2156 636 2206 ;
674 2139 796 2191 Ὀτι
823 2142 946 2199 τούς
991 2142 1080 2211 μὲν
1110 2140 1175 2190 τὰ
1204 2139 1426 2189 τακτικὰ
1462 2135 1797 2209 μελετῶντας,

185 2237 265 2283 καὶ
309 2235 441 2292 τούς
496 2227 546 2281 ἰν
598 2227 953 2303 παλαίστραις
1007 2227 1117 2298 (68)
1175 2222 1632 2299 διαπονουμένους,
1682 2223 1800 2277 ἀκό-

181 2323 359 2373 λουθόν
414 2317 538 2371 ἔστι
724 2313 977 2389 δαψιλείᾳ
1026 2324 1120 2378 τῆς
1176 2324 1371 2389 τροφῆς
1434 2322 1799 2389 κατασαρκοῦν

180 2413 412 2477 ἑαυτούς,
447 2411 523 2469 ὡς
549 2407 614 2459 ἂν
644 2410 980 2480 εὐτονώτερον
1001 2412 1098 2457 τῶν
1122 2408 1288 2457 πόνων
1320 2402 1797 2476 ἀντιλαμϐάνοιντοο

176 2501 247 2560 οἷς
286 2496 351 2551 υἷε
419 2500 539 2550 Ούκ
610 2498 749 2549 ἔστιν
789 2498 819 2555 ἠ
894 2494 1026 2552 πα’λη
1084 2496 1215 2569 πρὸς
1277 2494 1409 2566 αἷμα
1461 2494 1547 2545 καὶ
1608 2494 1797 2566 σάρκα,

364 2591 512 2662 πρὸς
564 2589 662 2647 τὰς
729 2584 926 2660 ἀρχὰς,
994 2587 1123 2659 πρὸς
1186 2584 1279 2645 τὰς
1345 2580 1602 2649 ἱξουσιας,
1671 2586 1802 2657 πρὸς

172 2682 297 2739 τούς
353 2676 808 2750 κοσμοκράτορας
864 2680 957 2726 τοῦ
1013 2675 1233 2736 σκότους
1291 2674 1490 2738 τούτου,
1550 2671 1681 2746 πρὸς
1734 2673 1802 2723 70‘:

168 2767 512 2839 πνευματικά
579 2772 678 2825 τῆς
728 2767 1004 2837 πονηρίας,
1059 2763 1265 2823 τούτοις
1317 2756 1411 2814 διὰ
1455 2768 1551 2821 τῆς
1607 2758 1798 2835 ἐγκρα-

166 2862 314 2918 τείας
357 2859 455 2907 καὶ
504 2862 607 2915 τῆς
646 2857 897 2913 νηστείας
944 2849 1224 2922 ἀναγκαῖόν
1272 2848 1386 2902 ἐστι
1433 2853 1491 2901 τό
1537 2852 1668 2924 πρὸς
1712 2852 1800 2901 τόν

168 2945 349 3017 ἀγῶνα
408 2942 947 3016 καταγυμνάζεσθαι.
1018 2939 1224 2993 Ἐλαιον
1291 2942 1382 3012 μὲν
1444 2940 1546 3012 γὰρ
1606 2942 1801 2991 πιαίνει

163 3040 253 3087 τόν
304 3033 573 3092 ἀθλητήν·
626 3035 846 3091 νηστεία
894 3026 954 3083 δέ
994 3032 1080 3082 τόν
1126 3027 1364 3087 ἀσκητην
1392 3036 1489 3089 τῆς
1535 3024 1796 3088 εὐσεϐείας

161 3128 438 3199 κρατύνει.
490 3122 659 3176 Ὠστε
703 3120 824 3173 ὅσον
872 3121 1106 3195 ύφαιρεῖς
1147 3126 1244 3180 τῆς
1293 3120 1507 3192 σαρκός,
1546 3123 1794 3169 τοσοῦτον

160 3220 283 3273 ποιέ
296 3234 414 3277 σεις
426 3221 495 3273 τῆ
508 3234 531 3275 ς
545 3217 877 3283 πνευματικῆ
890 3229 912 3271 ς
924 3208 1119 3271 εὐεξίας
1132 3212 1225 3266 τὴν
1237 3205 1423 3279 ψυχὴν
1442 3203 1790 3279 ἁμοστιλϐειν.

156 3304 230 3356 0-3
260 3306 375 3379 γὰρ
421 3306 762 3375 σωματικοῖς
790 3302 981 3365 τόνοις,
1027 3295 1153 3349 ἀλλά
1192 3299 1443 3371 καρτερίᾳ
1478 3293 1666 3367 ψυχῆς
1708 3297 1797 3345 καὶ

150 3402 211 3466 τῇ
248 3398 391 3468 πρός
422 3394 527 3453 τὰς
580 3388 786 3460 θλίψεις
827 3389 1059 3460 ὑπομονῇ
1109 3389 1169 3440 τὸ
1199 3389 1332 3462 πρὸς
1376 3388 1496 3447 τοὺς
1541 3382 1796 3458 ἀοράτους

149 3482 389 3558 ἐχθρούς
418 3484 758 3557 περιγίνεται
795 3478 1006 3553 κράτος.

215 3577 273 3629 2.
316 3573 486 3626 Ἐστι
525 3572 626 3643 μὲν
657 3564 748 3621 οὖν
790 3568 965 3619 πάντα
990 3568 1077 3618 τόν
1106 3568 1299 3640 χρόνον
1344 3566 1373 3622 ἠ
1414 3567 1631 3622 νηστεία
1659 3562 1793 3635 ὠφέ-

144 3661 299 3734 λιμος
342 3669 466 3723 τοῖς
517 3660 858 3734 αἱρουμένοις
888 3655 1052 3713 αὐτὴν
1083 3653 1220 3726 (οὒτε
1262 3656 1364 3729 γὰρ
1406 3652 1621 3729 ἐπήρεια
1677 3648 1795 3704 δαι-

145 3772 315 3822 μονων
364 3747 699 3820 κατατολῄ
744 3752 838 3798 τοῦ
880 3747 1239 3810 νηστεύοντος,
1286 3744 1444 3795 καὶοἰ
1474 3742 1588 3814 (69)
1637 3740 1792 3814 φύλα-

144 3860 229 3903 ιες
271 3849 373 3902 τῆς
428 3840 584 3901 ζωῆς
632 3838 784 3908 ἡμῶν
829 3832 1045 3906 ἄγγελοι
1088 3832 1493 3906 φιλοπονώτερον
1547 3835 1788 3906 παραμέ-

141 3950 293 3983 νουσι
341 3937 465 3991 τοῖς
517 3923 622 3979 διὰ
670 3929 920 3984 νηστείας
966 3927 1059 3981 τὴν
1097 3921 1285 3994 ψυχὴν
1332 3920 1785 3996 κεκαθαρμένοις).

141 4019 314 4091 τοὶὶῷ
345 4015 413 4073 δί
466 4015 633 4069 πᾙον
687 4021 799 4080 νῦν,
857 4012 941 4066 ὅτε
988 4012 1059 4073 εἰς
1111 4017 1289 4064 πᾶσαν
1333 4014 1428 4070 τὴν
1482 4009 1786 4083 οἰκουμένην

136 4106 591 4183 πξοιαγγίλλεται
638 4105 701 4155 τό
750 4106 1021 4177 κήρυγμα.
1057 4105 1156 4154 Καὶ
1186 4103 1305 4153 οὔτε
1354 4119 1428 4162 τις
1472 4107 1649 4165 νῆσος,
1693 4098 1787 4151 οὐκ

134 4200 379 4271 ξπεερος,
428 4196 494 4248 ού
548 4192 726 4259 πόλις,
779 4192 876 4243 ούκ
932 4192 1093 4257 ἔθνος,
1140 4189 1236 4242 ούκ
1285 4188 1518 4261 ἰσχατιὰ
1566 4185 1787 4250 ἀνήκοός

136 4288 250 4339 ἐστι
303 4294 408 4339 τοῦ
469 4285 849 4359 κηρύγματος.
911 4278 1067 4333 Ἀλλὰ
1123 4285 1214 4331 καὶ
1283 4273 1638 4354 στρατόπεδα,
1694 4281 1784 4329 καὶ

132 4373 445 4452 ὁδοιποροι,
480 4378 583 4426 καὶ
620 4371 914 4445 πλωτῆρες,
956 4374 1046 4421 καὶ
1088 4372 1325 4443 ἔμποροι,
1359 4369 1547 4429 πάντες
1593 4370 1784 4439 ὁμοίως

1835 400 1884 454 Α

2303 410 2393 465 DE
2443 410 2723 466 JEJUNIO
2780 412 3083 472 HOMILIA
3129 416 3199 470 Il.

1992 531 2045 585 1.
2074 530 2524 603 Exhortamini,
2563 533 2780 608 inquit,
2819 537 3177 608 sacerdotes,
3213 540 3515 609 populum
3552 556 3566 596 :

1918 620 2235 691 loquimini
2250 622 2332 679 ad
2350 637 2524 680 aures
2542 626 2878 682 Jerusalem
2894 627 2963 679 ⁵³.
3009 629 3091 684 Ea
3121 627 3203 683 vis
3225 633 3318 685 est
3350 629 3572 686 oratio-

1917 709 2033 777 nis,
2055 714 2119 767 ut
2148 715 2203 766 et
2235 711 2522 768 studiosis
2564 714 2764 786 possit
2794 714 3088 788 impetum
3138 716 3474 789 intendere,
3515 722 3574 775 et

1915 797 2155 868 ignavis
2185 815 2257 856 ac
2281 801 2569 870 segnibus
2589 801 2849 859 excitare
2878 803 3275 861 alacritatem.
3299 806 3467 862 Hanc
3488 807 3570 865 ob

1916 904 2168 945 causam
2202 887 2388 945 duces
2412 906 2552 945 cum
2574 891 2768 947 aciem
2794 891 3118 963 instruunt,
3142 894 3570 952 exhortatoriis

1916 978 2292 1035 orationibus
2315 984 2451 1036 ante
2473 979 2827 1037 conﬂictum
2858 981 2945 1037 uti
2976 981 3190 1052 solent,
3214 988 3569 1057 tantamque

1915 1067 2039 1124 vim
2085 1066 2272 1124 habet
2315 1084 2385 1125 ea
2434 1069 2793 1135 exhortatio,
2831 1075 2898 1127 ut
2936 1072 3353 1144 compluribus
3385 1073 3569 1130 etiam

1916 1156 2127 1214 mortis
2153 1161 2573 1231 contemptum
2617 1158 2963 1232 frequenter
3009 1159 3239 1219 atterat.
3289 1161 3572 1218 Similiter

1920 1246 2340 1302 exercitiorum
2364 1247 2640 1320 magistri
2661 1252 2718 1304 et
2745 1248 3120 1321 paedotribaa,
3146 1248 3198 1305 si
3223 1249 3474 1324 quando
3503 1250 3568 1307 in

1915 1334 2128 1391 stadiis
2177 1339 2509 1393 certaturos
2557 1336 2925 1410 producunt,
2971 1337 3176 1393 multis
3235 1339 3569 1396 admonent

1910 1424 2149 1481 labores
2176 1427 2522 1483 necessario
2548 1442 2660 1500 pro
2701 1427 2942 1483 coronis
2969 1428 3363 1500 perferendos
3393 1444 3525 1484 esse
3550 1446 3565 1497 ;

1912 1514 2189 1590 adeoque
2204 1515 2927 1591 victorieeconsequendaa
2941 1517 3139 1574 studio
3160 1517 3407 1574 adducti
3429 1522 3570 1575 sunt

1912 1605 2084 1661 multi
2104 1604 2185 1661 ad
2221 1622 2332 1662 sua
2357 1621 2612 1678 corpora
2641 1606 3110 1663 contemnenda.
3133 1606 3387 1663 Proinde
3408 1606 3570 1664 mihi

1912 1710 2176 1767 quoque,
2191 1695 2295 1768 qui
2317 1694 2531 1752 Christi
2552 1696 2769 1753 milites
2793 1695 2873 1754 ad
2892 1696 3121 1754 bellum
3142 1713 3282 1753 cum
3302 1697 3570 1754 invisibi-

1909 1783 2070 1840 libus
2092 1784 2367 1840 hostibus
2389 1785 2724 1855 gerendum
2745 1785 2999 1853 instruo,
3024 1790 3078 1844 et
3099 1786 3354 1844 athletas
3375 1786 3568 1861 pieta-

1912 1873 1983 1930 tis
2002 1889 2111 1947 per
2137 1874 2180 1944 ι
2199 1875 2241 1944 1
2280 1873 2707 1931 abstinentiam
2730 1890 3008 1948 prmparo
3029 1876 3106 1932 ad
3122 1875 3367 1947 justitim
3391 1892 3566 1933 coro-

1910 1978 2043 2030 nas,
2064 1978 2221 2036 Opus
2239 1965 2330 2018 est
2347 1962 2617 2019 oratione
2638 1963 3064 2021 exhortatoria.
3093 1963 3249 2030 Quid
3272 1964 3453 2034 igitur
3476 1969 3569 2023 est

1909 2052 2075 2143 quod
2112 2050 2269 2120 dico,
2292 2051 2505 2109 fratres
2526 2053 2553 2109 ?
2595 2054 2816 2143 Nempe
2846 2053 3012 2143 quod
3033 2052 3106 2143 iis
3125 2052 3231 2143 qui
3250 2052 3483 2143 bellicis
3503 2054 3567 2111 in

1907 2141 2091 2199 rebus
2108 2145 2483 2212 exercentur,
2504 2140 2811 2215 quippe‘in
2844 2140 3139 2214 palmstris
3158 2140 3445 2199 luctando
3466 2142 3567 2211 de-

1910 2230 2159 2293 sudant,
2187 2230 2485 2299 convenit,
2513 2234 2580 2286 ut
2608 2230 2786 2305 copia
2810 2230 3087 2287 ciborum
3122 2229 3381 2287 reddant
3410 2230 3567 2304 seip-

1908 2337 2009 2377 sos
2030 2319 2417 2395 corpulentos
2441 2323 2497 2377 et
2516 2320 2772 2389 obesos;
2807 2319 3081 2377 videlicet
3116 2335 3240 2393 quo
3260 2319 3565 2377 validiori-

1906 2408 2023 2465 bus
2042 2410 2244 2467 nervis
2265 2409 2504 2467 labores
2532 2415 2762 2483 queant
2780 2425 3095 2483 capessere
3121 2426 3134 2467 :
3158 2413 3369 2466 contra
3393 2425 3560 2481 vero,

1908 2501 2148 2577 quibus.
2170 2502 2309 2558 Non
2330 2507 2415 2559 est
2437 2502 2783 2557 colluctatio
2814 2501 3105 2558 adversus
3129 2501 3482 2570 sanguinem
3505 2505 3563 2556 et

1908 2607 2168 2663 carnem,
2192 2592 2297 2647 sed
2324 2591 2614 2647 adversus
2628 2592 3029 2661 principatus,
3054 2588 3343 2645 adversus
3364 2594 3558 2657 potes-

1908 2687 2079 2748 tates,
2104 2681 2394 2738 adversus
2429 2680 2643 2736 mundi
2686 2680 2959 2736 dominos
3017 2679 3403 2736 tenebrarum
3453 2677 3559 2734 ha-

1907 2787 2063 2837 rum,
2096 2771 2382 2827 adversus
2411 2770 2752 2839 spirituates
2772 2769 3072 2841 nequitias
3093 2770 3161 2841 ⁵³,
3186 2768 3298 2823 hos
3323 2769 3563 2842 oportet

1905 2876 2014 2934 per
2026 2859 2408 2915 sobrietatem
2432 2875 2501 2915 ac
2518 2858 2821 2930 jejunium
2842 2858 2924 2915 ad
2944 2862 3250 2915 certamen
3273 2858 3556 2913 exerceri.

1904 2949 2135 3006 Etenim
2163 2948 2690 3022 quemadmodum
2733 2948 2936 3005 oleum
2966 2947 3337 3021 pinguet‘acit
3374 2946 3559 3003 athle-

1907 3041 2029 3096 tam
2055 3056 2067 3095 :
2091 3038 2173 3095 ita
2190 3037 2489 3109 jejunium
2512 3036 2698 3093 robur
2718 3035 2889 3093 addit
2916 3038 2969 3093 ei
3006 3037 3111 3110 qui
3154 3036 3233 3093 ad
3272 3036 3577 3109 pietatem,

1905 3132 2139 3185 exercet
2177 3141 2330 3182 sese.
2375 3125 2585 3198 Itaque
2623 3127 2921 3199 quantum
2960 3123 3329 3180 subtraxeris
3366 3122 3556 3191 carni,

1902 3221 2067 3275 tanto
2086 3214 2304 3273 reddes
2320 3215 2590 3272 animam
2610 3213 2777 3272 bona
2793 3212 3144 3271 habitudine
3165 3211 3413 3287 spiritali
3429 3210 3560 3268 niti-

1903 3307 2203 3364 tidiorem.
2245 3309 2373 3363 Non
2406 3305 2568 3362 enim
2599 3320 2673 3362 ex
2719 3304 2950 3361 viribus
2991 3303 3281 3376 corporis.
3327 3300 3432 3357 sed
3480 3316 3555 3357 ex

1903 3396 2091 3453 animi
2120 3395 2437 3453 tolerantia
2465 3400 2645 3469 atque
2683 3394 2744 3451 in
2788 3392 3219 3450 afﬂictionibus
3264 3389 3557 3465 patientia

1904 3483 2200 3541 adversus
2220 3484 2421 3540 hostes
2442 3481 2772 3538 invisibiles
2802 3481 2990 3538 robur
3018 3480 3301 3554 suppetit.

1972 3578 2026 3629 2.
2050 3574 2148 3629 Est
2175 3571 2423 3645 quidem
2456 3571 2756 3643 jejunium
2794 3569 2959 3626 omni
3001 3575 3270 3641 tempore
3290 3566 3455 3635 utile,
3477 3565 3552 3622 iis

1902 3661 2252 3737 quilubenti
2274 3661 2481 3717 animo
2502 3659 2649 3716 illud
2672 3659 3009 3732 suscipiunt
3029 3659 3248 3730 (neque
3270 3656 3431 3712 enim
3462 3671 3554 3713 as-

1903 3752 2096 3808 sultus
2116 3750 2463 3807 daemonum
2493 3750 2829 3824 quidquam
2867 3746 3050 3804 audet
3088 3746 3376 3802 adversus
3400 3746 3555 3818 jeju-

1898 3846 2144 3899 nantem
2166 3855 2236 3897 ac
2255 3839 2390 3895 vitae
2410 3843 2631 3895 nostra:
2653 3836 2933 3895 custodes
2972 3834 3171 3907 angeli
3200 3834 3550 3905 diligentius

1896 3933 2119 3996 adsunt
2137 3931 2209 3987 iis
2229 3930 2333 4004 qui
2345 3928 2579 4002 jejunio
2618 3931 2940 4002 purgatam
2958 3926 3189 3984 habent
3208 3924 3500 3995 animam)
3534 3941 3548 3981 :

1896 4021 2006 4079 sed
2033 4020 2224 4077 multo
2247 4019 2442 4089 magis
2462 4019 2578 4075 hoc
2598 4022 2891 4092 tempore,
2912 4032 3037 4091 quo
3058 4031 3167 4089 per
3193 4018 3551 4072 universum

1899 4117 2189 4170 terrarum
2211 4109 2422 4167 orbem
2446 4108 2713 4182 undique
2755 4106 3143 4165 denuntiatur
3169 4104 3382 4178 jejunii
3403 4119 3551 4176 prae-

1896 4201 2161 4257 conium.
2187 4202 2300 4256 Nec
2339 4198 2459 4256 ulla
2497 4203 2587 4255 est
2616 4197 2836 4266 insula,
2870 4214 2979 4254 nec
3006 4197 3129 4253 ulla
3160 4201 3318 4257 terra
3359 4192 3549 4250 conti-

1894 4307 2069 4360 nens,
2099 4306 2221 4347 non
2262 4289 2493 4357 civitas,
2526 4304 2650 4345 non
2682 4304 2830 4361 gens
2880 4288 3026 4353 ulla,
3069 4303 3193 4344 non
3240 4291 3551 4343 extremus

1893 4380 2107 4438 mundi
2131 4378 2411 4449 angulus,
2436 4378 2538 4435 ubi
2567 4394 2689 4435 non
2718 4378 3000 4435 audiatur
3022 4377 3234 4450 jejunii
3259 4375 3548 4433 edictum.

131 4474 221 4519 ni
280 4450 566 4519 ἀκούουσι
639 4468 735 4513 τοῦ
807 4458 1264 4535 παραγγέλματος,
1324 4461 1415 4509 καὶ
1479 4464 1784 4531 περιχαρώς

1908 4470 2044 4538 )uin
2072 4474 2132 4527 et
2162 4468 2476 4537 exercitus,
2509 4473 2567 4526 et
2612 4469 2890 4540 viatores,
2926 4472 2985 4525 et
3013 4474 3239 4532 nautae,
3281 4475 3337 4524 et
3366 4483 3548 4539 nego-

130 4554 539 4629 υποδὲχονται.
590 4549 760 4603 Ὠστε
803 4545 998 4623 μηδεὶς
1051 4547 1233 4601 ἑαυτὸν
1289 4546 1385 4610 ἔξω
1431 4550 1643 4599 ποιείτω
1690 4551 1781 4597 τοῦ

130 4647 467 4717 κπαλὸγον.
512 4651 621 4694 τών
669 4642 1045 4705 νηστευόντων,
1094 4635 1143 4690 ἐν
1193 4638 1234 4688 ὧ
1281 4638 1453 4689 πάντα
1497 4639 1641 4707 γένη,
1692 4639 1782 4686 καὶ

132 4744 280 4790 ,τίσει
328 4736 553 4800 ἡλικία,
603 4735 699 4783 καὶ
744 4727 1055 4802 ἀξιωμάτων
1103 4724 1357 4801 διαφοραὶ
1407 4731 1577 4778 πᾶσαι
1624 4743 1782 4777 κατα-

132 4826 400 4897 λίγονται.
449 4819 712 4895 Ἀγγελοί
762 4819 892 4872 εἰσιν
949 4820 999 4871 οἱ
1045 4816 1160 4871 καθ’
1216 4816 1442 4874 ἑκάστην
1501 4812 1781 4872 ἐκκλησίαν

198 4935 245 4980 ⁸³
285 4939 396 4993 [sa
422 4948 532 5000 xL,
568 4933 620 4985 ι.
700 4928 752 4964 ⁵³
790 4926 1016 5000 Ephes.
1051 4942 1130 4995 vi,
1167 4928 1254 4982 12.

198 5044 318 5113 (66)
350 5038 539 5113 Colb.
565 5033 881 5113 secundus
904 5032 1521 5113 10/0;_1:9:370;.‘sermo
1537 5031 1776 5113 primus

136 5101 552 5170 Colbftertius
571 5107 732 5178 λόγος
753 5104 947 5178 alita,
968 5101 1127 5178 teste:
1146 5102 1533 5178 Cpmbetisio,
1559 5101 1778 5171 legitur

138 5182 189 5257 ill
209 5184 400 5255 Regio
415 5172 707 5257 quodam
729 5176 1053 5257 codice,
1078 5172 1125 5228 δ’
1146 5176 1297 5257 οὗτος
1318 5176 1344 5226 ό
1363 5172 1536 5257 λόγος,
1555 5179 1776 5257 quarta

140 5256 225 5310 die
240 5243 562 5313 νέείιαίιιν
580 5250 689 5307 hic
706 5263 929 5305 sermo.
954 5243 1118 5304 Urius
1148 5245 1344 5302 codex
1367 5243 1771 5311 Golbertinus,

143 5341 309 5397 quem
341 5321 995 5397 Combeﬁsius_yocat
1025 5318 1336 5397 minorem,
1373 5315 1459 5372 sic
1495 5314 1682 5397 habet
1710 5315 1772 5397 in

143 5387 325 5465 ﬁdum
346 5399 659 5464 oratione,
673 5399 744 5465 τῇ
768 5388 818 5445 δ’
829 5400 936 5466 τῆς
954 5397 1135 5466 ῖυρινῆ
1149 5389 1291 5466 ς-Ιιίι·
1309 5401 1501 5444 sermo
1522 5387 1778 5466 recitari

150 5459 271 5546 δοιεε
286 5473 389 5529 die
404 5459 1234 5546 quarta'ejushebctoinadis,
1249 5459 1570 5546 q_ua_case1's
1590 5459 1775 5546 uti'ti-

152 5548 219 5597 αι
232 5543 317 5602 :in
333 5530 617 5603 secunda
628 5530 973 5609 véroita,rp'
992 5530 1302 5611 παρασκευῇ
1321 5540 1384 5591 τῆ
1398 5550 1419 5594 ς
1431 5539 1611 5606 τυρινῆ
1624 5530 1774 5598 ς,1ιίσ

1893 4559 2155 4630 tiatores,
2169 4573 2381 4615 omnes
2400 4558 2625 4632 pariter
2644 4557 2902 4614 audiunt
2922 4557 3209 4631 edictum,
3229 4562 3285 4614 et
3305 4573 3548 4613 summo

1891 4648 2117 4722 gaudio
2146 4647 2472 4720 excipiunt.
2496 4649 2575 4703 Ne
2596 4646 2735 4719 quis
2754 4645 2935 4716 igitur
2958 4652 3147 4702 semet
3167 4645 3455 4703 excludat
3507 4661 3544 4702 a

1889 4751 2146 4794 numero
2172 4736 2601 4807 jejunantium,
2634 4733 2697 4790 in
2746 4748 2871 4807 quo
2911 4749 3091 4790 omne
3133 4749 3325 4807 genus
3354 4732 3548 4789 homi-

1888 4842 2061 4896 num,
2094 4824 2292 4884 omnis
2321 4829 2491 4893 tetas,
2522 4838 2737 4881 omnes
2767 4823 3134 4898 dignitatum
3165 4822 3409 4881 ordines
3455 4838 3546 4879 re-

1887 5040 2079 5082 sermo
2100 5024 2397 5079 recitatur
2413 5021 2513 5078 die
2530 5027 2702 5079 sexta
2724 5025 2852 5093 ejus
2874 5022 3284 5089 hebdomadis,
3306 5035 3425 5093 qua
3448 5036 3547 5093 ca-

1886 5098 1999 5152 seis
2018 5097 2115 5152 uti
2137 5096 2291 5151 licet.
2312 5095 2483 5150 Putat
2503 5099 2703 5150 autem
2726 5091 2816 5150 vir
2834 5091 3542 5154 doctissimus.librarios

1886 5169 2015 5224 haec
2036 5183 2107 5223 eo
2129 5172 2398 5234 notasse,
2420 5171 2484 5220 ut
2508 5164 2918 5222 Ecclesiarum
2971 5182 3223 5223 suarum
3264 5165 3416 5221 ritus
3442 5163 3547 5218 de-

1886 5239 2202 5296 clararent.
2221 5238 2395 5309 Plura
2407 5236 2513 5309 qui
2532 5236 2775 5309 cupri‘t,ej
2787 5253 2854 5309 us
2868 5241 3075 5309 notam
3090 5238 3287 5309 legere
3304 5234 3541 5308 poterit.

1954 5252 2202 5296 ararent.
2223 5252 2395 5292 Plura
2407 5252 2513 5309 (Ill!
2532 5252 2854 5362 CUYII,8JUS
2868 5252 3075 5292 natam
3090 5252 3287 5309 legere
3304 5252 3534 5308 powru.

1954 5312 2070 5386 (67)
2128 5308 2372 5386 Antiqui
2427 5313 2556 5386 tres
2646 5306 2757 5386 [hri
2815 5306 3101 5370 ἀθλοῦντας
3152 5311 3534 5386 προσάγοντες.

1883 5377 2263 5438 ΑΙῘΠΒόοάΘΧ
2286 5377 2515 5453 etediti
2546 5377 2881 5453 προάγοντες.

1955 5456 2066 5524 (68)
2113 5456 2253 5522 Reg.
2277 5452 2512 5523 primus
2539 5448 2667 5524 Δἰ’ὸιῦς
2693 5448 3102 5524 ἠὶνᾲπαλαίστρᾳ,

1955 5509 2072 5599 (69)
2112 5509 2498 5582 Unus-codex
2528 5509 2699 5579 Colb.
2732 5520 2859 5575 ἀλλά
2885 5526 2974 5576 καὶ
3004 5509 3073 5579 ὁὶξ
