4088 6194
593 238 689 294 191
1963 234 2022 295 S.
2062 231 2315 288 BASILII

583 361 720 433 jure
752 375 767 416 :
796 356 1026 432 quippe
1055 374 1192 431 quae
1214 357 1541 416 manifesta
1566 356 1867 416 servitutis
1886 356 2246 428 argumenta
2274 356 2324 410 A

589 447 877 522 proferat,
905 446 1157 503 odorem
1188 446 1309 502 vini
1337 447 1503 503 velut
1528 447 1590 504 in
1619 446 1839 517 lagena
1857 445 2241 503 residentem.

588 537 868 593 Protinus
896 535 1004 592 tibi
1025 535 1260 609 primus
1277 535 1490 607 jejunii
1518 536 1647 593 dies
1671 534 2142 607 abjudicabitur,
2161 532 2242 591 ob

587 625 953 682 temulentite
970 624 1257 697 reliquias
1272 625 1332 681 in
1355 629 1410 682 te
1428 626 2016 699 repositas.Quorum
2037 627 2242 681 autem

588 714 871 790 primitiis
915 713 1286 784 rejioiuntur,
1333 715 1503 771 haud
1545 713 1797 771 dubium
1845 714 1993 788 quin
2038 713 2099 770 in
2146 712 2241 769 his

588 808 783 861 totum
805 817 1048 876 quoque
1070 802 1145 859 sit
1161 802 1578 873 rejiciendum.
1599 804 1844 860 Ebriosi
1861 818 2113 873 regnum
2139 803 2247 859 Dei

586 908 708 948 non
746 892 1130 961 possidebunt
1146 893 1214 946 ⁸ο.
1244 891 1301 948 Si
1329 892 1694 949 temulentus
1720 892 1957 949 accedis
1988 892 2064 950 ad
2089 892 2167 964 jej
2179 908 2241 948 u-

585 981 778 1046 nium,
808 980 958 1053 quid
1008 981 1271 1038 utilitatis
1319 981 1564 1038 aufers?
1610 985 1761 1039 Nam
1804 984 1855 1038 si
1901 986 1955 1038 te
1986 981 2241 1039 ebrietas

584 1069 849 1126 excludit
874 1086 911 1126 a
930 1085 1119 1142 regno
1144 1070 1453 1139 caelorum,
1475 1070 1759 1144 quisnam
1782 1071 2025 1128 tandem
2043 1087 2075 1126 e
2087 1070 2242 1143 jeju-

584 1158 686 1215 nio
716 1158 943 1214 fructus
963 1159 992 1214 ?
1020 1164 1237 1216 Annon
1276 1158 1463 1229 vides,
1492 1160 1660 1233 quod
1686 1160 1790 1233 qui
1828 1160 1889 1216 in
1920 1160 2241 1217 domandis

585 1246 780 1319 equis,
811 1246 917 1319 qui
947 1246 1027 1303 ad
1055 1248 1389 1305 certamina
1412 1248 1676 1316 aluntur,
1704 1247 2054 1321 peritissimi
2075 1251 2235 1318 sunt,

584 1351 726 1391 cum
752 1335 939 1391 instat
958 1336 1300 1392 certaminis
1329 1336 1479 1406 dies,
1494 1353 1598 1393 eos
1618 1337 1820 1393 inedia
1839 1340 2188 1410 przrparant
2210 1336 2238 1392 ?

584 1427 670 1481 Tu
697 1428 925 1490 contra,
958 1423 1102 1481 data
1134 1440 1320 1498 opera
1347 1427 1730 1499 temetipsum
1755 1426 2049 1499 deprimis
2076 1430 2238 1484 satu-

583 1513 757 1569 ritate
782 1529 796 1568 :
821 1513 976 1569 adeo
1003 1513 1157 1584 gulae
1187 1514 1332 1571 vitio
1358 1514 1538 1572 bruta
1567 1516 1749 1572 etiam
1779 1515 2067 1573 animalia
2090 1532 2240 1590 pra:-

2361 232 2582 289 MAGNI
3846 229 3971 287 192

2351 363 2446 416 τῆς
2488 357 2651 429 μέθης
2695 357 2760 409 τὰ
2797 354 3033 427 λείψανα.
3083 353 3180 407 Ὧν
3224 349 3284 408 δὲ
3339 355 3370 413 ἡ
3397 352 3617 428 ἀπαρχὴ
3668 350 3964 427 ἀδόκιμος,

2350 449 2441 497 καὶ
2469 448 2527 497 τό
2556 451 2659 499 πᾶν
2691 444 2981 504 ἀπόϐλητον
3027 440 3289 502 δηλονότι.
3339 445 3575 498 Μέθυσοι
3605 450 3739 496 Θεοῦ
3780 442 3969 517 βασι-

2349 531 2488 586 λείαν
2532 533 2592 587 ού
2636 533 3142 608 κληρονομήσουσιν.
3176 536 3234 585 Ei
3291 533 3492 605 μεθύων
3522 534 3656 606 ἔρχη
3713 530 3798 584 ἐπὶ
3858 537 3967 591 την

2348 628 2611 690 νηστείαν,
2651 628 2703 676 τί
2749 643 2834 677 σοι
2880 625 2939 675 τὸ
2987 620 3198 695 ὄφελος;
3248 627 3307 675 Et
3335 623 3437 696 γὰρ
3465 619 3722 674 ἀποκλείει
3768 640 3827 674 σε
3858 631 3968 683 τῆς

2350 710 2626 785 βασιλείας
2666 715 2696 772 ἠ
2737 714 2891 786 μέθη,
2936 718 3038 765 ποῦ
3088 730 3174 764 σοι
3217 710 3394 764 λοιπὸν
3437 715 3708 784 χρήσιμον
3755 715 3815 764 τὸ
3865 732 3969 771 νη-

2352 803 2587 867 στεύειν;
2620 801 2743 874 Ούχ
2796 802 2941 874 ὁρᾷς,
2991 804 3071 853 ὅτι
3117 804 3208 852 καὶ
3254 807 3353 851 τῶν
3399 801 3571 852 ἳππων
3600 802 3721 862 τούς
3752 798 3965 873 ἀγωνι-

2351 891 2480 952 στὰς
2505 892 2553 943 οἱ
2582 889 2945 963 ἓμπειρότατοι
2989 885 3350 961 πωλοδάμναι,
3382 896 3479 951 τῆς
3526 886 3750 960 ἀγωνίας
3786 908 3967 964 προσ.

2349 974 2651 1052 ὃοκωμένης
2676 978 2808 1050 (83),
2838 974 2934 1031 διὰ
2969 986 3066 1040 τῆς
3114 972 3313 1040 ἐνδείας
3340 977 3808 1052 προευτρεπίζουσι
3834 994 3850 1045 ;
3886 982 3963 1031 Σύ

2349 1063 2410 1120 δε
2455 1063 2745 1131 ἐξεὸίτηδες
2793 1070 3010 1120 σεαυτὸν
3056 1065 3391 1129 καταπιέζεις
3435 1074 3508 1137 τῷ
3554 1069 3709 1140 κόρῳο
3751 1074 3964 1119 τοσοῦ-

2346 1175 2433 1209 τον
2462 1164 2524 1229 τῇ
2574 1161 2975 1230 γαστριμαργίᾳ
3002 1159 3093 1207 καὶ
3133 1157 3202 1207 τὰ
3246 1153 3413 1226 ἄλογα
3457 1154 3808 1228 παρελαύνεις.
3856 1163 3968 1208 Βα-

2345 1250 2568 1321 ρουμένη
2616 1250 2825 1321 γαστὴρ
2877 1244 2982 1317 οὐχ
3029 1248 3169 1306 ὅπως
3215 1246 3347 1319 πρὸς
3395 1240 3609 1319 δρόμον,
3664 1242 3767 1296 ἀλλ’
3824 1241 3968 1299 οὐδὲ

2344 1339 2477 1410 πρὸς
2522 1338 2680 1388 ὕπνον
2724 1330 3016 1392 ἐπιτηδεία·
3070 1330 3230 1400 διότι,
3262 1331 3671 1406 καταθλιϐομένη
3717 1342 3789 1405 τῷ
3818 1333 3965 1392 πλὴ-

2350 1427 2423 1479 θει
2452 1423 2588 1495 (84),
2620 1420 2744 1477 οὐδὲ
2791 1424 2996 1498 ἠρεμεῖν
3045 1430 3425 1497 συγχωρεῖται,
3468 1421 3572 1475 ἀλλ’
3598 1421 3965 1497 ἀναγκάζεται

2344 1515 2535 1578 πολλὰς
2563 1516 2830 1568 ποιεῖσθαι
2857 1516 2951 1575 τὰς
2979 1515 3332 1588 περιστροφὰς
3360 1512 3432 1589 ἐφ’
3459 1512 3695 1591 ἑκάτερα.

585 1601 801 1658 curris.
837 1605 1051 1658 Venter
1072 1608 1330 1660 onustus
1349 1620 1473 1660 non
1505 1605 1705 1661 solum
1735 1604 1815 1661 ad
1839 1621 2108 1677 cursum,
2133 1606 2242 1663 sed
2268 1622 2345 1664 ne
2374 1609 2454 1663 ad
2484 1619 2769 1661 somnum
2798 1602 3046 1676 quidem
3076 1601 3512 1660 accommodus
3539 1605 3652 1671 est,
3679 1617 3750 1658 eo
3779 1602 3967 1676 quod

583 1690 845 1749 distento
875 1691 1155 1749 ciborum
1185 1694 1381 1768 copia,
1414 1711 1539 1752 non
1564 1694 1744 1754 datur
1767 1695 2099 1770 quiescere,
2130 1698 2238 1754 sed
2266 1695 2501 1768 cogitur
2530 1680 3007 1752 subinde‘semet
3047 1708 3211 1749 nunc
3248 1691 3311 1750 in
3348 1691 3651 1760 dextrum,
3678 1706 3843 1748 nunc
3886 1692 3965 1749 in

581 1779 805 1837 laevum
833 1781 992 1838 latus
1030 1786 1275 1840 vertere.

657 1873 714 1925 5.
762 1870 1067 1941 Jejunium
1115 1877 1311 1929 servat
1362 1873 1669 1947 parvulos,
1720 1873 1989 1931 sobrium
2041 1873 2240 1949 reddit

577 1959 888 2030 juvenem,
920 1961 1327 2019 venerabilem
1357 1964 1499 2020 facit
1546 1979 1793 2032 senem;
1836 1964 2240 2021 venerabilior

584 2047 749 2105 enim
774 2052 867 2105 est
887 2050 1136 2107 canities
1153 2051 1388 2122 jejunio
1407 2051 1710 2109 decorata.
1728 2053 2036 2124 Jejunium
2064 2051 2236 2108 femi-

584 2138 678 2192 nis
703 2143 953 2195 ornatus
973 2143 1065 2195 est
1085 2140 1694 2211 congruentissimus;
1717 2147 1890 2198 aetate
1919 2158 1991 2199 ac
2019 2141 2237 2200 robore

582 2225 932 2296 vigentibus
955 2243 1069 2301 pro
1089 2229 1258 2285 freno
1280 2235 1369 2286 est
1392 2249 1404 2299 ;
1424 2230 1723 2301 jejunium
1745 2231 2115 2288 matrimonii
2138 2248 2239 2288 cu-

583 2314 782 2372 stodia
802 2321 914 2388 est,
941 2316 1295 2387 virginitatis
1312 2318 1615 2376 nutritius.
1629 2324 1821 2393 Atque
1837 2321 1968 2377 haec
1988 2321 2237 2394 quidem

582 2404 910 2461 commoda
959 2405 1134 2462 affert
1168 2407 1450 2480 privatim
1494 2408 1818 2480 jejunium,
1866 2408 1929 2466 in
1986 2410 2236 2482 singulis

582 2492 835 2563 aedibus,
867 2494 930 2551 in
983 2496 1207 2569 quibus
1257 2498 1490 2554 colitur.
1523 2503 1595 2554 At
1641 2498 1881 2572 publice
1921 2500 2236 2573 quomodo

581 2581 770 2639 vitam
799 2589 1073 2641 nostram
1105 2585 1452 2656 gubernat?
1487 2590 1694 2644 Totam
1741 2588 2057 2645 confestim
2100 2589 2238 2646 civi-

584 2674 790 2741 tatem,
805 2676 1122 2745 totumque
1138 2675 1436 2747 populum
1464 2676 1543 2732 ad
1566 2675 2053 2750 tranquillitatem
2076 2694 2238 2734 com-

580 2760 773 2832 ponit,
803 2763 1082 2835 consopit
1109 2763 1425 2832 clamores,
1457 2764 1729 2822 eliminat
1764 2766 1915 2835 lites,
1949 2767 2237 2823 conviciis

580 2848 838 2921 imponit
861 2851 1183 2910 silentium.
1197 2853 1381 2925 Cujus
1397 2854 1674 2925 magistri
1690 2856 2009 2928 praesentia
2026 2872 2240 2929 puero-

580 2953 718 2994 rum
761 2940 1043 3012 strepitus
1080 2946 1203 2996 tam
1253 2941 1450 2998 subito
1478 2943 1826 3016 compescit,
1852 2960 2042 3017 quam
2080 2945 2238 3017 jeju-

581 3026 752 3083 nium
790 3028 1075 3086 oboriens
1113 3030 1369 3087 civitatis
1416 3032 1710 3090 tumultus
1760 3035 2042 3092 coercet?
2091 3034 2235 3101 Quis

581 3123 1020 3176 commessator
1041 3119 1264 3192 prodiit
1281 3118 1341 3176 in
1359 3121 1627 3193 jejunio?
1648 3125 1786 3196 quis
1806 3139 2081 3196 unquam
2097 3123 2238 3180 cho-

577 3220 684 3261 rus
720 3205 1046 3264 lasciviens
1076 3224 1113 3265 a
1131 3209 1365 3280 jejunio
1394 3217 1638 3268 coactus
1670 3212 1796 3268 est?
1823 3213 2027 3269 Teneri
2056 3212 2234 3276 risus,

578 3294 932 3351 meretriciis
979 3297 1316 3366 cantilenae,
1364 3298 1595 3355 insanae
1644 3299 1991 3356 saltationes
2034 3300 2236 3358 subito

577 3382 902 3453 diffugiunt
919 3400 951 3440 e
972 3385 1229 3453 civitate,
1263 3402 1299 3441 a
1319 3387 1551 3458 jejunio
1578 3390 1872 3460 tanquam
1890 3388 1970 3445 ab
1990 3394 2235 3447 austero

579 3472 874 3544 quopiam
896 3473 1101 3543 judice
1132 3474 1193 3530 in
1225 3475 1503 3531 exsilium
1533 3481 1706 3533 actae.
1741 3476 1915 3543 Quod
1944 3478 1992 3533 si
2021 3493 2233 3536 omnes

568 3559 870 3633 jejunium
900 3562 978 3618 ad
998 3578 1094 3619 res
1116 3564 1414 3633 gerendas
1436 3565 1498 3621 in
1515 3565 1832 3622 consilium
1853 3566 2229 3636 adhiberent,

575 3650 730 3707 nihil
756 3650 1027 3709 obstaret
1054 3653 1384 3725 quominus
1414 3670 1523 3728 per
1548 3655 1905 3712 universum
1930 3660 2230 3715 terrarum

573 3739 788 3796 orbem
813 3740 937 3797 alta
965 3757 1085 3815 pax
1113 3747 1292 3809 esset,
1324 3743 1599 3802 videlicet
1634 3760 1747 3800 nec
1777 3745 1907 3801 aliis
1949 3746 2232 3817 gentibus

572 3829 637 3885 in
656 3829 805 3886 alias
831 3830 1308 3901 insurgentibus,
1324 3848 1437 3889 nec
1460 3834 1820 3890 exercitibus
1837 3834 2056 3891 manus
2076 3836 2231 3894 inter

574 3933 637 3973 se
669 3919 1149 3977 conserentibus.
1178 3923 1260 3978 Ne
1290 3937 1463 3978 arma
1497 3922 1745 3995 quidem
1771 3923 2155 3995 cuderentur,
2178 3925 2229 3982 si

572 4006 870 4079 jejunium
897 4008 1148 4078 vigeret,
1179 4024 1292 4065 nec
1334 4010 1466 4067 fora
1500 4011 1815 4082 judicialia
1857 4017 2231 4070 exstrueren-

572 4100 687 4167 tur,
718 4112 917 4170 neque
948 4098 1277 4170 quisquam
1303 4098 1683 4156 habitaretin
1720 4100 1832 4173 14
1863 4102 2227 4162 carceribus.

573 4186 640 4241 In
685 4201 946 4250 summa,
980 4202 1092 4243 nec
1139 4187 1380 4244 deserta
1425 4187 1722 4246 haberent
1758 4189 2090 4269 maleficos,
2119 4209 2232 4250 nec

570 4273 839 4330 civitates
866 4276 1302 4347 sycophantas,
1334 4290 1446 4331 nec
1476 4291 1644 4332 mare
1666 4276 1915 4349 piratas.
1942 4279 1999 4336 Si
2019 4296 2233 4338 omnes

570 4368 776 4418 essent
823 4364 1040 4434 jejunii
1084 4364 1388 4437 discipuli,
1428 4380 1682 4438 prorsus
1729 4382 1854 4424 non
1900 4368 2229 4439 audiretur,

567 4455 635 4506 ut
675 4450 790 4507 Job
829 4452 992 4521 ait“,
1023 4471 1140 4511 vox
1184 4456 1521 4523 exactoris;
1566 4472 1677 4511 nec
1723 4454 1849 4514 vita
1893 4464 2104 4515 nostra
2150 4464 2234 4518 tot

568 4540 866 4613 suspiriis,
890 4546 975 4599 tot
1003 4546 1367 4601 maeroribus
1397 4551 1553 4602 esset
1577 4547 1834 4616 differta,
1861 4548 1910 4604 si
1930 4549 2231 4620 jejunium

565 4630 755 4687 vitam
799 4637 1070 4690 nostram
1118 4635 1481 4706 gubernare.
1531 4638 1881 4711 Perspicum
1931 4644 2024 4696 est
2069 4640 2231 4696 enim

567 4721 734 4793 quod
753 4736 1252 4797 unumquemque
1273 4725 1516 4783 doceret
1534 4743 1659 4782 non
1683 4731 1918 4784 tantum
1934 4728 1995 4785 in
2012 4727 2229 4786 eduliis

639 4830 687 4865 ⁶⁰
718 4833 740 4886 I
772 4831 912 4886 Cor.
952 4846 1033 4902 v1,
1069 4832 1153 4887 1ο.
1234 4833 1277 4868 θ’
1305 4832 1418 4889 Job
1444 4850 1527 4904 ιιι,
1558 4837 1643 4891 18.

638 4934 748 5017 (β3λ
818 4940 961 5008 Reg.
1024 4939 1258 5011 primus
1327 4939 1552 5017 ἀγωνίας
1609 4947 1977 5017 προκειμένης·
2039 4959 2227 5017 quam

567 5008 1378 5083 scripturam_sequeremur,
1408 5012 1524 5067 nisi
1555 5008 1698 5069 edi'ti
1722 5019 1778 5069 et
1800 5008 2077 5074 "aliimss:
2109 5017 2227 5073 vul-

567 5080 772 5150 gatam
820 5080 1140 5155 lectionem
1189 5080 1516 5140 tuerentur.
1554 5083 1724 5140 Haud
1767 5084 1946 5155 longe
1988 5087 2129 5142 editi
2168 5093 2227 5145 et

566 5167 720 5229 mss.
788 5153 1120 5229 καταπιέζεις
1186 5162 1287 5229 τῷ-
1322 5160 1479 5229 κόρῳ,
1548 5171 1671 5211 non
1724 5153 2101 5224 καταπιαίνεις,
2160 5165 2227 5216 ut

566 5222 919 5279 Tilmannus
968 5224 1029 5281 in
1077 5241 1183 5281 ora
1228 5222 1745 5283 libri'a'dnotarat.
1776 5231 1892 5285 Nec
1922 5229 2005 5285 ita
2034 5222 2225 5287 multo

566 5295 1034 5377 Ροὲί.ξι³ξε·-ς¹ιιφ
1069 5295 1355 5377 ﬂow-Wa
1381 5301 1506 5377 νάει

636 5367 747 5445 (8ίι)
772 5366 1033 5445 _Antiq_ui
1070 5366 1203 5424 duo
1231 5366 1400 5425 'libri
1445 5366 1761 5445 Colbertini
1812 5371 2221 5445 καταθλιϐομένη

565 5443 639 5505 τῷ
682 5437 861 5507 ἄχθει.
901 5437 1225 5511 Aliquanto
1281 5445 1419 5513 post
1457 5444 1596 5511 Reg.
1647 5443 1882 5515 primus
1934 5437 2227 5517 σεμνοξτοιεῖ

2268 1816 2308 1870 Β

2273 3169 2313 3225 C

2263 4517 2306 4571 D

2420 1878 2472 1930 5.
2513 1878 2750 1933 Νηστεία
2796 1871 3050 1945 φυλάσσει
3097 1876 3280 1939 νήπια,
3330 1872 3637 1946 σωφρονίζει
3683 1874 3770 1924 τόν
3816 1876 3959 1940 νέον,

2349 1965 2531 2036 σεμνὸν
2578 1968 2714 2015 ποιεῖ
2759 1964 2847 2013 τὸν
2894 1959 3209 2035 πρεσϐύτην·
3261 1956 3646 2034 αἰδεσιμωτέρα
3698 1962 3798 2036 γὰρ
3848 1980 3963 2013 πο-

2344 2051 2433 2105 λιά
2478 2056 2696 2124 νηστείᾳ
2740 2055 3126 2123 κεκοσμημένη.
3178 2048 3389 2113 Γυναιξὶ
3430 2054 3629 2122 κόσμος
3675 2046 3961 2124 ἁρμοδιὼ-

2344 2160 2520 2207 τατος,
2576 2139 2912 2213 ἀκμαζόντων
2966 2137 3203 2210 χαλινὸς,
3266 2138 3527 2210 συζυγίας
3577 2137 3961 2214 φυλακτήριον,

2344 2231 2625 2302 παρθενίας
2673 2231 2879 2304 τροφός.
2931 2234 3183 2280 Τοιαῦται
3230 2230 3319 2300 μὲν
3367 2229 3423 2280 αἱ
3469 2226 3583 2280 καθ’
3611 2227 3828 2280 ἕκαστον
3877 2225 3964 2281 οἷ-

2344 2337 2433 2370 κον
2481 2318 2645 2378 αὐτῆς
2689 2315 2992 2390 ἐπιμέλειαι,
3036 2322 3277 2389 Δημοσία
3319 2312 3379 2369 δὲ
3420 2324 3530 2377 πῶς
3558 2324 3630 2388 τῷ
3670 2314 3771 2389 βίῳ
3801 2319 3962 2389 ἡμῶν

2347 2405 2772 2479 ἓμπολιτεύεταις
2816 2410 2997 2458 Ηᾶσαν
3042 2404 3243 2478 ἀθρόως
3285 2408 3380 2464 τὴν
3426 2404 3594 2471 πόλιν,
3644 2410 3734 2457 καὶ
3778 2406 3964 2458 πάντα

2345 2498 2433 2547 τὸν
2464 2491 2633 2569 δῆμον
2682 2494 2999 2569 μεθαρμόξει
3045 2496 3179 2567 πρὸς
3223 2492 3481 2560 εὐταξίαν,
3513 2494 3741 2567 κοιμίζει
3778 2512 3962 2567 κραυ-

2343 2588 2465 2656 γὴν,
2499 2582 2718 2657 ἐξορίζει
2746 2582 3095 2656 μάχηνκ(85),
3140 2578 3406 2657 λοιδορίαν
3453 2582 3819 2654 κατασιγάζει.
3851 2588 3961 2636 Τί-

2344 2691 2431 2734 νος
2499 2668 2830 2726 διδασκάλου
2897 2677 3167 2745 παρουσία
3230 2668 3435 2724 παίδων
3503 2670 3719 2745 θόρυϐον
3783 2671 3963 2734 οὕτως

2347 2760 2549 2835 ἀθρόως
2595 2763 2935 2829 καθίστησιν,
2986 2763 3054 2823 ὡς
3101 2763 3131 2819 η
3182 2765 3401 2820 νηστεία
3445 2768 3807 2835 παραφανείσα
3854 2780 3961 2813 τοι-

2345 2856 2523 2927 ραχήν
2570 2851 2767 2920 πόλεως
2813 2849 3184 2917 καταστέλλεη
3235 2857 3389 2911 licio;
3436 2854 3721 2923 κωμαστὴς
3774 2848 3822 2902 ἐν
3859 2870 3963 2909 νη-

2350 2944 2498 3019 στείᾳ
2543 2938 2809 3015 προῆλθε;
2867 2946 3017 3001 ποῖος
3057 2941 3223 3013 χορός
3270 2937 3497 3010 ἀσελγὴς
3549 2936 3649 2990 ἀπὸ
3704 2943 3963 3001 νηστείας

2348 3032 2575 3086 συνέστη
2602 3045 2616 3095 ;
2643 3026 2858 3082 Ἀπαλοὶ
2899 3026 3135 3099 γέλωτες,
3187 3031 3276 3080 καὶ
3322 3028 3540 3100 ᾄσματα
3585 3029 3827 3102 πορνικά,
3858 3035 3961 3082 καὶ

2347 3116 2604 3192 ὀρχήσεις
2651 3116 2885 3190 ἐκμανεὶς
2933 3114 3178 3178 ἐξαπίνης
3232 3124 3328 3177 τῆς
3382 3115 3577 3178 πόλεως
3628 3115 3961 3192 ύπεξίρχον-

2344 3225 2433 3258 ται
2480 3206 2617 3277 (86),
2667 3209 2841 3278 ὥσπερ
2897 3206 2997 3257 ύπό
3048 3201 3309 3257 δικαστοῦ
3357 3223 3497 3266 τινος
3544 3205 3812 3279 αὐστηροῦ
3850 3215 3921 3265 τῆ
3937 3229 3962 3270 ς

2343 3300 2589 3357 νηστείας
2618 3291 3048 3367 φυγαδευθεῖσαι.
3098 3294 3160 3347 Εἰ
3207 3289 3268 3346 δὲ
3312 3295 3499 3356 πάντες
3546 3294 3707 3352 αὐτὴν
3738 3293 3809 3356 εἰς
3851 3300 3959 3355 τὴν

2343 3387 2470 3459 ύπέρ
2527 3393 2628 3437 τῶν
2675 3386 2943 3457 πρακτέων
2985 3381 3276 3456 σύμϐουλον
3330 3382 3741 3457 παρελάμϐανον,
3793 3381 3959 3438 όύδὲν

2344 3472 2530 3526 ἐκώλυε
2561 3471 2778 3546 βαθεῖαν
2809 3472 3015 3547 εἰρήνην
3060 3474 3189 3524 εἶναι
3234 3474 3370 3524 κατὰ
3409 3478 3585 3525 πᾶσαν
3627 3476 3721 3531 την
3768 3472 3960 3525 οἰκου-

2338 3567 2518 3641 μένηνο
2575 3566 2708 3635 μήτε
2767 3559 2921 3614 ἐθνῶν
2989 3560 3406 3634 ἐπανισταμένων
3475 3559 3753 3629 ἀλληλοις,
3818 3567 3961 3635 μήτε

2345 3647 2712 3725 στρατοπέδων
2798 3649 3250 3725 συρρηγνυμένων.
3327 3650 3438 3701 Ούκ
3512 3649 3573 3701 ἂν
3640 3648 3958 3722 ἐχαλκεύετο

2342 3741 2493 3807 ὅπλα,
2525 3745 2770 3800 νηστείας
2811 3742 3131 3815 κρατούσης,
3182 3735 3295 3792 οὐδ’
3332 3736 3394 3790 ἂν
3444 3734 3771 3814 δικαστήρια
3820 3759 3957 3793 συν-

2342 3837 2618 3904 εκροτεῖτο,
2670 3824 2782 3881 οὐδ’
2825 3826 2885 3879 ἂν
2929 3832 3094 3881 ὥκουν
3141 3830 3277 3890 τινες
3317 3829 3385 3880 τὰ
3433 3823 3791 3903 δεσμωτήρια,
3837 3827 3960 3883 οὐδ’

2341 3918 2401 3971 ἂν
2449 3918 2578 3979 ὅλως
2622 3914 2767 3990 εἶχον
2816 3921 2870 3969 αί
2914 3914 3127 3990 ἐρημίαι
3169 3921 3291 3978 τούς
3336 3924 3776 3992 κακουργοῦντας,
3819 3918 3849 3977 η
3894 3921 3957 3972 αἱ

2339 4006 2512 4069 πόλεις
2560 4009 2683 4067 τοὺς
2741 4005 3069 4077 συκοφάντας
3101 4046 3115 4072 ,
3175 4005 3205 4066 ἣ
3265 4008 3388 4067 τοὺς
3444 4009 3865 4069 καταποντιστὰς
3915 4011 3949 4067 ἠ

2343 4095 2604 4148 θάλασσα.
2637 4093 2699 4147 Εἰ
2725 4094 2913 4154 πάντες
2942 4090 3077 4152 ἦσαν
3122 4095 3357 4167 μαθηταὶ
3398 4103 3497 4156 τῆς
3541 4099 3804 4159 νηστείας,
3834 4093 3956 4149 οὐδ’

2341 4183 2402 4237 ἂν
2449 4184 2687 4242 ἠκούσθη
2734 4181 2881 4248 ὅλως,
2936 4200 3074 4234 κατα
3122 4186 3210 4235 τόν
3265 4190 3359 4235 τοῦ
3409 4181 3526 4236 Ἰὼϐ
3577 4182 3747 4254 λόγον,
3802 4190 3948 4257 φωνὴ

2342 4272 2646 4347 φορολόγου,
2692 4266 2805 4324 οὐδ’
2830 4269 2890 4322 ἆν
2919 4274 3102 4341 ,οὕτως
3149 4268 3211 4329 ἦν
3242 4273 3350 4343 (87)
3382 4272 3409 4323 ὁ
3441 4269 3559 4344 βίος
3605 4274 3750 4344 ημῶν
3778 4272 3951 4325 πολυ-

2345 4367 2622 4422 στένακτος
2685 4365 2776 4412 καὶ
2832 4364 3117 4432 κατηφείας
3180 4360 3404 4434 πλήρης,
3474 4360 3517 4413 εἰ
3580 4367 3796 4419 νηστεία
3854 4368 3949 4415 τὸν

2346 4450 2464 4524 βίον
2513 4453 2658 4523 ἡμῶν
2708 4447 3033 4523 ἑπρυτὰνευε.
3085 4448 3244 4508 Δῆλον
3291 4451 3416 4524 γὰρ,
3466 4450 3547 4501 ὃτι
3594 4446 3831 4513 ἐδίδαξεν
3880 4451 3949 4504 ἂν

2342 4541 2542 4602 πάντας
2584 4538 2713 4610 ούχὶ
2762 4535 3055 4609 βρωμάτων
3103 4543 3255 4611 μόνον
3300 4535 3621 4613 ἐγκράτειαν,
3674 4538 3802 4591 ἀλλά
3851 4548 3950 4595 καὶ

2343 4628 2708 4704 φιλαργυρίας,
2754 4629 2844 4676 καὶ
2886 4624 3199 4694 πλεονεξίας,
3245 4631 3335 4679 καὶ
3376 4628 3555 4689 πάσης
3597 4632 3785 4690 κακίας
3817 4649 3951 4681 παν⁸

2338 4716 2453 4777 τελῆ
2488 4721 2656 4791 φυγὴν
2698 4720 2788 4770 καὶ
2828 4711 3185 4790 ἀλλοτρίωσιν.
3218 4716 3315 4770 Ὧν
3363 4712 3739 4790 ἐξαιρεθέντων,
3790 4715 3948 4773 οὐδὲν

2336 4934 2423 4984 τὸν
2454 4925 3196 5005 πρεσϐύτηνςηαίδεσιμωτάτη
3223 4932 3344 5005 γάρ.

2411 4999 2526 5075 (85)
2556 5001 2721 5075 AEditi
2746 4999 3037 5075 ἐξομαλίζει
3065 4999 3593 5075 μάχηῇ.ξΑῘ.ῌΒθίζίί
3632 5007 3750 5061 tres
3792 5020 3949 5066 mss.

2337 5078 2409 5156 οι.
2424 5072 2674 5130 totidem
2709 5072 3031 5130 Colbertini
3066 5072 3327 5131 et’Coisl.
3363 5072 3601 5149 ἐξορίζει,
3630 5075 3823 5133 multo
3855 5093 3953 5134 re-

2337 5151 2519 5341 Οῃὲἐῗό.)
2558 5215 2726 5273 Colb.
2753 5215 2987 5288 primus
3019 5214 3211 5279 πόλεως
3237 5214 3559 5304 ἐξέρχονται.

2426 5292 2511 5341 87)
2578 5287 2779 5341 Codex
2843 5285 3116 5341 Combef.
3191 5290 3279 5341 τὸν
3361 5288 3462 5341 Ιὼϐ
3525 5289 3559 5341 λ

2340 5285 2511 5375 ⁴(ξιτ)
2578 5285 2779 5345 (ζοάθέ
2843 5285 3116 5345 Combef.
3191 5290 3279 5341 τὸν
3314 5285 3462 5343 ’Ἰὼϐ
3525 5289 3769 5365 λόγον....
3837 5291 3946 5346 οὐδ

2336 5380 2396 5411 αν
2425 5380 2514 5418 ηυ.
