4088 6194
515 354 619 409 195

1888 341 1946 399 S.
1989 339 2234 396 BASlLll
2273 338 2492 399 MAGNI

3768 351 3872 407 196

509 469 893 547 corpulentia
918 466 1107 525 fracta
1133 463 1512 522 succumbat.
1543 467 1693 522 Nam
1719 461 1886 540 quod
1908 461 2156 520 nimium

2272 465 2571 529 καθελόντες
2618 487 2711 527 την
2755 463 3022 544 ἆμετριαν,
3076 467 3407 545 εὐρυχωρίαν
3460 472 3595 537 τινὰ,
3624 474 3714 524 καὶ
3740 470 3872 524 ἀνα-

510 568 620 633 est,
647 577 758 636 per
783 557 1052 617 inediam
1094 569 1164 612 ac
1193 554 1420 611 famem
1450 553 1727 611 consulto
1756 551 2160 621 detrahentes,

518 655 562 724 ι
578 651 628 726 5
655 649 1052 724 capacitatem
1073 643 1432 718 quamdam,
1455 659 1526 701 ac
1547 643 1798 702 alteram
1819 641 2166 700 nutricatio-

510 759 671 810 nem,
705 739 1069 810 alteriusque
1098 734 1452 791 incrementi
1494 735 1860 807 principium
1896 731 2166 789 facultati

509 828 1125 902 nutrientiprastant.
1155 825 1318 881 Adeo
1361 825 1528 880 omni
1557 825 1827 881 instituto
1873 822 2162 896 omnique

510 921 780 996 corporis
795 911 1136 974 habitudini
1154 911 1366 986 jejunii
1387 914 1664 984 congruit
1693 913 1934 985 utilitas,
1967 929 2038 969 ac
2059 927 2163 986 pa-

507 1011 647 1070 riter
675 1009 882 1067 omnia
907 1005 1291 1073 condecorat,
1315 1003 1555 1072 domos,
1579 1003 1730 1071 fora,
1755 1007 1982 1072 noctes,
2005 1002 2159 1074 dies,

509 1099 798 1166 civitates,
833 1094 1089 1153 deserta.
1114 1093 1266 1148 Cum
1296 1092 1475 1164 igitur
1500 1094 1585 1148 tot
1613 1091 1812 1148 modis
1840 1106 1951 1147 sua
1988 1105 2159 1146 com-

510 1188 697 1247 moda
723 1183 900 1244 nobis
921 1182 1318 1256 impertiatur,
1342 1179 1608 1237 hilariter
1625 1177 1792 1248 illud,
1828 1179 2000 1252 juxta
2044 1179 2160 1236 Do-

508 1279 657 1337 mini
685 1280 1056 1351 praceptum
1087 1273 1154 1338 ⁸³,
1193 1269 1592 1343 excipiamus,
1623 1285 1747 1327 non
1789 1270 1979 1326 tristes
2010 1268 2164 1325 sicut

505 1365 855 1442 hypocrita,
881 1360 986 1419 sed
1007 1358 1224 1418 mentis
1245 1357 1606 1416 hilaritatem
1623 1358 1858 1432 absque
1879 1357 2016 1414 fuco
2035 1371 2160 1432 pra

507 1455 686 1514 nobis
706 1453 986 1511 ferentes.
1009 1453 1366 1522 Quanquam
1389 1462 1512 1504 non
1535 1445 1792 1504 arbitror
1819 1449 1986 1504 tanto
2011 1443 2160 1502 mihi

505 1546 714 1603 labore
739 1557 894 1616 Opus
921 1556 1075 1605 esse,
1126 1542 1192 1594 ut
1228 1553 1334 1595 vos
1383 1533 1463 1593 ad
1505 1536 1807 1609 jejunium
1859 1536 2154 1602 exhorter,

507 1638 736 1710 quanto
761 1637 826 1689 ut
853 1630 1134 1688 dehorter
1158 1643 1233 1685 ne
1259 1626 1394 1701 quis
1413 1625 1592 1684 hodie
1617 1625 1679 1682 in
1708 1626 1922 1683 vitium
1959 1625 2156 1682 ebrie-

504 1724 644 1782 tatis
673 1720 923 1780 incidat.
950 1719 1100 1776 Nam
1118 1715 1418 1791 jejunium
1439 1713 1687 1789 quidem
1700 1714 1989 1790 plerique,
2015 1730 2156 1787 par-

508 1815 614 1872 tim
639 1809 719 1870 ob
749 1807 1271 1874 consuetudinem,
1306 1805 1528 1880 partim
1567 1805 1646 1862 ob
1685 1803 1982 1879 pudorem
2005 1803 2160 1860 inter

504 1904 670 1978 ipsos
696 1904 994 1968 mutuum,
1023 1896 1378 1970 suscipiunt.
1399 1895 1616 1952 Verum
1637 1895 1715 1952 ab
1735 1891 2021 1952 ebrietate
2039 1909 2160 1950 me-

508 1998 633 2056 tuo,
662 2007 850 2066 quam
891 1985 1200 2054 vinolenti,
1242 2001 1366 2042 non
1406 1983 1578 2041 aliter
1614 2000 1803 2057 quam
1841 1986 2157 2056 paternam

505 2081 936 2146 hareditatem,
993 2075 1302 2134 mordicus
1355 2078 1576 2130 tenent.
1624 2070 2156 2140 Quemadmodum

507 2172 668 2228 enim
699 2169 803 2243 qui
829 2167 1229 2240 longinquam
1259 2163 1685 2238 perfectionem
1731 2159 2046 2229 adornant,
2074 2161 2156 2217 ita

504 2259 781 2318 nonnulli
807 2255 1093 2315 vecordes
1114 2253 1294 2311 hodie
1319 2252 1604 2310 adversus
1633 2252 1902 2325 quinque
1923 2251 2156 2308 dierum

501 2347 800 2423 jejunium
820 2347 962 2403 vino
985 2343 1318 2413 indulgent.
1339 2340 1480 2404 Quis
1502 2347 1591 2398 est
1612 2357 1804 2413 usque
1817 2339 1970 2397 adeo
1990 2356 2156 2396 vesa-

505 2441 715 2505 nus,ut
739 2433 1097 2510 priusquam
1116 2432 1321 2489 bibere
1351 2429 1620 2504 incipiat,
1655 2430 1956 2487 ebriorum
1988 2446 2155 2487 more

505 2526 752 2584 deliret?
774 2526 863 2581 An
886 2524 1131 2594 ignoras
1151 2517 1318 2594 quod
1339 2526 1678 2576 venternon
1702 2523 1900 2576 servat
1917 2519 2152 2591 deposi-

504 2619 635 2672 tum
656 2615 684 2672 ‘I
709 2616 922 2670 Venter
949 2615 1036 2668 est
1066 2609 1332 2683 pessima
1351 2608 1468 2664 fide
1490 2607 1548 2664 in
1570 2606 1900 2664 conventis.
1931 2609 2155 2664 Penum

503 2701 1018 2770 incustoditum,in
1032 2698 1349 2773 quodcum
1366 2696 2156 2770 multareposueris,noxam

506 2792 752 2867 quidem
775 2787 1006 2853 retinet,
1025 2793 1084 2844 at
1104 2804 1226 2844 non
1249 2793 1448 2843 servat
1466 2786 1757 2860 deposita.
1793 2786 1934 2843 Vide
1955 2803 2030 2842 ne
2055 2785 2156 2842 tibi

506 2893 768 2956 quoque,
794 2879 842 2936 si
863 2892 994 2935 cras
1011 2877 1505 2951 postebrietatem
1531 2876 2157 2946 veneris,dicanturea

507 2987 642 3044 qua
673 2969 858 3027 modo
879 2968 1035 3025 lecta
1063 2971 1229 3023 sunt:
1281 2965 1418 3022 Non
1449 2965 1612 3022 istud
1643 2965 1948 3037 jejunium
1983 2965 2154 3036 elegi,

507 3059 652 3117 dicit
674 3059 964 3115 Dominus
981 3057 1048 3111 ⁸⁷.
1089 3053 1241 3121 Quid
1265 3055 1481 3110 misces
1508 3069 1579 3111 ea
1608 3071 1740 3128 qua
1770 3053 2008 3111 misceri
2033 3069 2155 3110 non

506 3147 811 3224 possunt?
853 3141 1025 3213 Quod
1047 3144 1418 3201 consortium
1444 3143 1806 3202 temulentia
1833 3160 1971 3200 cum
1995 3142 2155 3215 jeju-

504 3237 606 3295 nio
629 3239 658 3295 ?
707 3251 846 3309 qua
877 3235 1130 3292 societas
1167 3231 1510 3290 vinolentia
1557 3249 1696 3289 cum
1744 3229 2156 3289 abstinentia?

508 3324 648 3396 Quis
675 3339 993 3383 consensus
1015 3322 1234 3393 templo
1255 3323 1359 3379 Dei
1382 3335 1514 3378 cum
1536 3319 1714 3378 idolis
1735 3321 1820 3378 6"P
1844 3318 2157 3394 Templum

504 3416 670 3474 enim
701 3415 804 3472 Dei
833 3417 991 3480 sunt,
1037 3412 1100 3468 in
1147 3410 1372 3484 quibus
1399 3409 1635 3467 habitat
1665 3409 1912 3484 Spiritus
1944 3411 2046 3467 Dei
2067 3409 2112 3447 ⁶⁰
2140 3426 2153 3465 :

504 3511 734 3572 contra,
787 3495 1078 3576 templum
1106 3499 1408 3558 idolorum
1439 3504 1601 3572 sunt,
1631 3500 1738 3572 qui
1783 3496 2008 3558 foedam
2038 3497 2156 3557 im-

504 3593 804 3668 pudicitia
848 3590 1164 3649 colluviem
1208 3603 1316 3662 per
1381 3587 1732 3648 ebrietatem
1799 3588 2149 3648 admittunt.

505 3683 839 3741 Hodiernus
869 3679 1000 3738 dies
1031 3675 1395 3736 vestibulum
1419 3681 1508 3735 est
1527 3673 1760 3752 jejunii.
1795 3679 1996 3752 Neque
2021 3695 2157 3736 vero

503 3773 708 3848 quiin
754 3769 1063 3828 vestibulis
1109 3767 1484 3842 profanatur,
1539 3767 1759 3840 dignus
1807 3771 1896 3826 est
1936 3767 2040 3842 qui
2079 3767 2159 3827 ad

503 3865 714 3919 sancta
772 3859 1048 3916 introeat.
1089 3856 1297 3915 Nullus
1338 3855 1598 3914 famulus
1644 3857 1896 3932 cupiens
1944 3857 2156 3916 herum

507 3967 687 4008 suum
719 3948 974 4022 placare,
1014 3948 1255 4004 hostem
1283 3945 1440 4003 illius
1485 3951 1810 4020 patronum
1839 3963 1910 4005 ac
1938 3963 2151 4006 recon-

503 4038 832 4098 ciliatorem
849 4035 1115 4095 adhibet.
1142 4034 1401 4093 Ebrietas
1423 4034 1835 4094 inimicitiaest
1852 4037 1912 4093 in
1930 4039 2111 4093 Deum
2138 4055 2151 4107 ;

496 4127 818 4203 jejunium,
851 4125 1214 4202 panitentia
1251 4125 1513 4182 initium.
1545 4125 1753 4200 Itaque
1781 4125 1830 4182 si
1851 4125 2022 4198 cupis
2048 4141 2157 4200 per

505 4217 950 4277 confessionem
980 4213 1196 4272 reverti
1241 4213 1320 4270 ad
1364 4214 1572 4286 Deum,
1619 4211 1808 4284 fugito
1857 4213 2154 4272 temulen-

503 4307 670 4379 tiam,
703 4323 778 4363 ne
801 4305 998 4376 magis
1028 4310 1082 4362 te
1115 4319 1152 4360 a
1184 4305 1302 4360 Deo
1334 4301 1570 4359 alienet.
1603 4304 1884 4360 Attamen
1913 4303 1991 4360 ad
2016 4303 2151 4377 hoc,

503 4402 568 4453 ut
590 4396 838 4454 laudem
865 4397 1284 4469 promereatur
1307 4391 1626 4465 jejunium,
1677 4407 1800 4449 non
1839 4398 1930 4450 est
1956 4409 2064 4468 per
2092 4409 2156 4452 se

504 4485 646 4543 satis
678 4484 978 4542 abstinere
1022 4499 1059 4542 a
1107 4481 1276 4550 cibis,
1334 4481 1444 4538 sed
1474 4481 1774 4553 jejunium
1805 4483 2155 4556 jejunemus

503 4573 894 4648 acceptabile,
927 4573 1047 4631 Deo
1078 4577 1341 4644 gratum.
1372 4573 1590 4629 Verum
1625 4571 1927 4645 jejunium
1957 4579 2066 4643 est,
2118 4592 2156 4634 a

501 4664 660 4722 vitiis
680 4663 948 4721 alienum
977 4677 1130 4730 esse,
1163 4661 1529 4719 continentia
1556 4661 1801 4734 lingua,
1840 4661 1946 4722 ira
1983 4664 2152 4723 cohi-

499 4755 668 4824 bitio,
729 4752 1356 4826 concupiscentiarum
1423 4751 1777 4825 amputatio,
1850 4753 2152 4815 obtrecta-

2187 3902 2232 3956 D

2270 559 2483 627 τροφὴν,
2535 562 2624 609 καὶ
2681 557 2855 633 ἀρχὴν
2910 557 3155 633 δευτέρας
3187 557 3453 622 αὐξήσεως
3500 567 3562 632 τῇ
3617 559 3869 634 θρεπτικῇ

2271 635 2490 716 δυνάμει
2537 647 3052 720 παρασκευάζουσιν.
3086 647 3237 702 Ούτω
3284 651 3439 701 παντὶ
3488 641 3874 724 ίπιτηδιύματι

2267 739 2357 786 καὶ
2405 736 2568 809 πασῃ·
2627 743 2868 810 σώματος
2938 737 3036 803 ἔξει
3107 741 3165 791 τὸ
3213 735 3351 813 παρ’
3403 735 3567 802 αύτῆς
3618 737 3871 814 ὠφέλιμον

2269 825 2491 895 ἀπαντᾷ,
2546 829 2635 878 καὶ
2660 823 2860 899 ζπᾶσιν
2914 829 3105 901 ὁμοίως
3166 823 3453 901 ἐπιπρέπει,
3508 833 3619 891 τοῖς
3682 831 3870 896 οίκοις,

2267 917 2382 974 ταῖς
2430 911 2662 989 ἀγοραῖς,
2709 923 2825 977 ταῖς
2875 915 3010 985 νυξὶ,
3061 924 3178 978 ταῖς
3215 917 3452 992 ἡμέραις,
3505 925 3622 980 ταῖς
3663 913 3870 983 πόλεσι,

2267 1006 2382 1064 ταῖς
2425 1001 2684 1083 ἐρημίαις.
2715 1009 2820 1064 Τὴν
2865 1009 3036 1057 τοίνυν
3077 999 3171 1058 διὰ
3199 1007 3460 1058 τοσούτων
3492 1003 3614 1078 ἡμῖν
3659 1009 3717 1058 τὸ
3747 1003 3876 1080 παρ’

2268 1091 2456 1154 ἑαυτῆς
2518 1091 2672 1146 καλὸν
2757 1093 3113 1168 χαριζομένην
3177 1087 3412 1169 φαιδρῶς
3471 1090 3870 1168 ύποδεξώμεθα,

2266 1180 2401 1234 κατὰ
2446 1182 2532 1234 τὸν
2581 1191 2671 1234 τοῦ
2706 1187 2900 1256 Κυρίου
2939 1181 3107 1256 λόγον,
3139 1187 3212 1256 μὴ
3263 1181 3875 1258 κατασκυθρωπάζοντες

2267 1277 2335 1335 ὡς
2383 1269 2430 1324 οἱ
2464 1267 2768 1347 ﬁrmum-sai,
2804 1269 2930 1326 ἀλλά
2953 1275 3012 1326 τὸ
3047 1269 3218 1349 ἱλαρὸν
3249 1277 3344 1335 τῆς
3390 1269 3578 1344 ψυχῆς
3617 1268 3872 1332 ἀνεπιτη-

2267 1359 2463 1426 δεύτως
2508 1357 2914 1424 διαδεικνύντες.
2948 1366 3048 1416 Καὶ
3091 1359 3151 1414 ού
3194 1364 3447 1415 τοσούτου
3472 1378 3562 1436 μοι
3594 1356 3700 1416 δεῖν
3733 1357 3876 1435 ἀγῶ-

2265 1470 2350 1518 νος
2399 1457 2632 1527 ἡγοῦμαι
2696 1456 2788 1513 τὴν
2841 1457 2960 1528 περὶ
3029 1455 3276 1516 νηστείας
3332 1451 3684 1527 παράκλησιν,
3738 1456 3872 1506 ὅσου

2265 1547 2323 1600 τὸ
2367 1549 2437 1620 μὴ
2510 1545 2732 1620 σήμερον
2780 1563 2897 1598 τινα
2960 1548 3070 1606 τοῖς
3131 1551 3312 1606 κακοῖς
3366 1551 3460 1606 τῆς
3517 1547 3678 1618 μέθης
3725 1561 3876 1617 περι-

2265 1642 2459 1689 πεσεῖν.
2490 1635 2594 1693 Τὴν
2637 1635 2739 1706 μὴν
2777 1633 2880 1706 γὰρ
2910 1636 3154 1691 νηστείαν
3182 1637 3270 1686 καὶ
3319 1624 3413 1686 διὰ
3454 1632 3548 1693 τὴν
3591 1634 3873 1692 συνήθειαν

2265 1729 2354 1777 καὶ
2399 1720 2492 1777 διὰ
2532 1725 2626 1781 τὴν
2674 1725 2805 1796 πρὸς
2847 1719 3098 1785 ἀλλήλους
3143 1715 3277 1775 αίδῶ
3321 1724 3370 1774 οἱ
3415 1719 3592 1775 πολλοὶ
3635 1719 3871 1774 καταδέ-

2265 1805 2455 1888 χονται
2479 1834 2492 1848 ·
2535 1810 2793 1886 φοϐοῦμαι
2833 1806 2891 1864 δὲ
2920 1813 3014 1870 την
3058 1811 3240 1886 μέθην,
3270 1809 3351 1879 ἦν,
3376 1806 3549 1886 ὥσπερ
3580 1813 3695 1865 τινὰ
3733 1806 3870 1871 κλῆ-

2197 1603 2236 1658 Β

2265 1924 2352 1980 ρον
2404 1911 2664 1978 πατρῷον,
2714 1903 2762 1953 οἱ
2813 1897 3037 1973 ῳίλοινοι
3095 1895 3478 1962 διασώζουσιν.
3537 1897 3623 1961 Ὠς
3669 1902 3768 1974 γὰρ
3820 1899 3873 1953 οἱ

2267 1996 2395 2068 πρὸς
2442 1997 2536 2054 τὰς
2587 1989 2791 2064 μακρὰς
2837 1984 3143 2064 ἀποδημίας
3191 1987 3515 2064 ἁπαίροντες,
3551 1989 3685 2042 οὕτω
3731 1992 3873 2053 τινες

2264 2091 2363 2136 τῶν
2413 2081 2638 2134 ἀνοάτων
2690 2085 2913 2154 σήμερον
2970 2083 3099 2154 πρὸς
3141 2079 3237 2142 τὰς
3278 2083 3426 2132 πέντε
3468 2085 3566 2132 τῶν
3614 2087 3869 2138 νηστειῶν

2265 2174 2461 2246 ἡμέρας
2509 2169 2808 2233 οἰνίζονται.
2866 2169 2960 2231 Τίς
3019 2164 3183 2230 ούτως
3228 2165 3463 2235 ἀνόητος,
3529 2169 3681 2236 ὥστε,
3741 2173 3869 2222 πρὶν

2228 2261 2527 2334 ’ἄρξασθαι
2599 2261 2782 2324 πίνειν,
2842 2256 2909 2310 τὰ
2959 2265 3059 2311 τῶν
3130 2259 3420 2330 μεθυόντων
3477 2251 3868 2332 παραφρονεῖνς

2263 2349 2374 2404 Ούκ
2404 2347 2574 2416 οἶδας,
2603 2351 2683 2402 ὅτι
2726 2351 2930 2421 γαστὴρ
2976 2349 3424 2424 παρακαταθηκην
3469 2348 3527 2400 οὐ
3568 2343 3866 2416 διασώζεις

2264 2444 2472 2515 Γαστὴρ
2543 2436 2898 2498 σνναλλακτὴς
2961 2435 3100 2490 ἐστιν
3167 2436 3552 2500 ἀπιστότατος.
3630 2445 3867 2511 ταμιεῖον

2264 2527 2573 2604 ἀφύλακτον,
2628 2525 2824 2581 πολλῶν
2878 2523 3295 2596 ἐναποτεθέντων,
3356 2528 3450 2586 τὴν
3507 2527 3595 2601 μὲν
3659 2523 3868 2600 βλάϐην

2263 2621 2732 2694 παρακατέχουσα,
2765 2617 2832 2669 τὰ
2877 2618 3051 2689 μέντοι
3088 2617 3441 2690 παρατεθέντα
3483 2615 3596 2689 (94)
3637 2613 3696 2668 ού
3745 2611 3873 2668 διαο

2267 2708 2534 2770 σώζουσα.
2561 2703 2698 2780 Ὀρα
2725 2709 2815 2758 καὶ
2844 2709 2914 2777 μή
2953 2725 3037 2758 σοι
3082 2703 3259 2778 αὔριον
3309 2702 3410 2758 ἀπὸ
3455 2703 3618 2778 μέθης
3666 2704 3872 2758 ἕλθόντι

2265 2802 2332 2852 τὰ
2373 2805 2460 2850 νῦν
2527 2795 2918 2868 ἀναγνωσθέντα
2965 2789 3172 2868 λεχθῇ·
3227 2791 3304 2848 Ού
3363 2795 3558 2852 ταύτην
3616 2795 3708 2853 τὴν
3764 2815 3872 2854 νηά

2269 2892 2442 2941 στείαν
2509 2884 2828 2958 ἐξελεξάμην,
2897 2883 3031 2957 λέγει
3097 2885 3308 2957 Κύριος.
3375 2886 3439 2937 Τί
3502 2885 3732 2957 μιγνύεις
3800 2883 3874 2936 τὰ

2265 2980 2500 3051 ἄμικτας
2549 2979 2640 3037 Τίς
2684 2972 2884 3047 μετοχή
2936 2974 3178 3034 νηστείας
3225 2973 3356 3047 πρὸς
3398 2974 3596 3045 μέθην;
3648 2977 3728 3034 τίς
3755 2992 3873 3025 κοι-

2263 3065 2421 3120 νωνία
2457 3071 2520 3138 τῇ
2571 3061 2868 3135 οἰνοφλυγία
2909 3061 3017 3134 (95)
3071 3064 3202 3135 πρὸς
3244 3065 3337 3120 τὴν
3386 3057 3720 3135 ἒθίκριίτιιανς
3769 3065 3874 3124 Τίς

2268 3154 2650 3228 συγκατάθεσις
2698 3160 2804 3223 ναῷ
2857 3153 2990 3205 Θεοῦ
3051 3151 3180 3223 μετὰ
3228 3141 3488 3221 actutm;
3561 3151 3699 3212 Ναὸς
3770 3153 3872 3224 μὲν

2263 3243 2362 3318 γὰρ
2391 3251 2523 3298 Θεοῦ
2555 3239 2684 3295 εἰσιν
2711 3238 2758 3293 ἓν
2785 3240 2861 3302 οἷς
2888 3242 2944 3292 τὸ
2973 3242 3181 3313 Πνεῦμα
3220 3245 3312 3293 τοῦ
3357 3245 3489 3293 Θεοῦ
3511 3233 3708 3305 ἕνοικεῖ,
3739 3243 3871 3303 ναὸς

2267 3330 2327 3387 δε
2357 3328 2579 3386 είδώλων
2611 3329 2660 3383 οἰ
2685 3325 2779 3383 διὰ
2823 3333 2918 3390 τῆς
2946 3327 3109 3403 μέθης
3137 3329 3225 3383 τόν
3277 3333 3526 3406 συρφετὸν
3556 3337 3652 3392 τῆς
3671 3325 3872 3382 ἀκολα-

2268 3425 2388 3486 σίας
2416 3416 2818 3494 ύποδεχόμενοι.
2847 3415 2907 3472 Ἠ
2942 3419 3050 3490 (96)
3081 3419 3303 3492 σήμεοον
3343 3419 3514 3493 ἡμέρα
3541 3417 3868 3492 προπύλαιόν

2266 3510 2378 3566 ἔστι
2424 3515 2523 3564 τῶν
2566 3510 2836 3568 νηστειωνζ
2877 3505 2952 3561 Ού
2985 3501 3158 3566 δήπου
3187 3505 3245 3561 δὲ
3276 3505 3300 3560 ὃ
3334 3507 3380 3560 ἐν
3429 3513 3537 3570 τοῖς
3580 3507 3872 3582 προθύροις

2267 3595 2581 3674 βεϐηλωθεὶς
2623 3597 2768 3663 ἄξιός
2816 3592 2953 3651 ἐστιν
3001 3595 3239 3652 εἰσελθεῖν
3273 3595 3343 3659 εὶς
3385 3599 3450 3650 τὰ
3492 3598 3635 3669 ἅγια.
3669 3591 3871 3660 Οὐδεὶς

2195 2765 2235 2821 C

2266 3687 2486 3758 οἰκέτης,
2540 3685 2964 3762 ἐξευμενίσασθαι
3009 3684 3160 3740 θέλων
3209 3684 3296 3739 τὸν
3345 3685 3528 3740 ἑαυτοῦ
3575 3683 3865 3752 δεσπότην,

2265 3787 2336 3852 τῷ
2380 3778 2554 3852 ἐχθρῷ
2602 3775 2760 3830 αὑτοῦ
2804 3777 3072 3849 προστάτῃ
3115 3780 3204 3827 καὶ
3249 3769 3535 3848 διαλλακτῇ
3577 3781 3868 3850 κέχρηται.

2265 3871 2408 3926 Μέθη
2443 3871 2612 3941 ἔχθρα
2636 3865 2774 3919 ἐστὶν
2807 3866 2876 3927 εἰς
2903 3864 3050 3918 Θεὸν·
3073 3870 3289 3923 νηστεία
3314 3861 3373 3917 δὲ
3398 3865 3540 3938 ἀρχὴ
3565 3870 3868 3938 μετανοίας.

2264 3957 2326 4012 Εἰ
2350 3954 2436 4010 οὖν
2483 3955 2661 4029 βούλει
2703 3951 2798 4007 διὰ
2843 3963 2938 4016 τῆς
2968 3953 3380 4028 ἐξομολογήσεως
3419 3953 3701 4008 ἐπανελθεῖν
3732 3960 3876 4028 πρὸς

2263 4047 2349 4100 τὸν
2381 4047 2530 4114 Θεὸν,
2565 4052 2733 4117 φεῦγε,
2762 4041 2855 4102 τὴν
2886 4044 3066 4117 μέθην,
3097 4048 3166 4116 μή
3200 4062 3284 4096 σοι
3308 4041 3675 4116 χαλεπωτέραν
3703 4059 3875 4096 κατα-

2265 4131 2495 4208 σκευάσῃ
2557 4135 2650 4192 την
2721 4129 3076 4208 ἀλλοτρίωσιν.
3131 4132 3206 4186 Ού
3263 4135 3437 4205 μέντοι
3494 4130 3694 4205 ἐξαρκεῖ
3743 4131 3874 4186 καθ’

2265 4226 2452 4284 ἑαυτὴν
2505 4224 2534 4284 ἡ
2569 4223 2750 4295 ἀποχὴ
2801 4229 2900 4275 τῶν
2947 4219 3238 4296 βρωμάτων
3287 4225 3418 4295 πρὸς
3456 4221 3550 4280 την
3595 4214 3874 4282 ἐπαινετὴν

2263 4317 2525 4382 νηστείαν,
2575 4309 2701 4365 αλλά
2747 4311 3109 4384 νηστεύσωμεν
3157 4315 3396 4369 νηστείαν
3438 4305 3646 4377 δεκτήν,
3681 4307 3872 4384 εύοὶρε-

2267 4423 2387 4456 στον
2415 4411 2488 4476 τῷ
2519 4409 2632 4474 Θεῷ
2663 4399 2796 4475 (97).
2829 4395 3052 4462 Ἀληθὴς
3088 4405 3304 4458 νηστεία
3328 4401 3357 4459 ἡ
3390 4405 3482 4453 τοῦ
3507 4404 3670 4452 κακοῦ
3719 4394 3875 4453 ἀλλο-

2263 4496 2500 4567 τρίωσις,
2555 4487 2829 4564 ίγκροίτεια
2864 4487 3130 4562 γλώσσης,
3185 4489 3351 4563 θυμοῦ
3395 4488 3562 4562 ἐποχὴ
3592 4489 3725 4561 (98),
3755 4485 3876 4542 ἐπι-

2265 4584 2461 4656 θυμιῶν
2516 4581 2814 4654 χωρισμὸς,
2873 4575 3206 4644 καταλαλιᾶς,
3271 4573 3520 4650 ψεύδους,
3572 4575 3871 4650 ἐπιορκίας.

2262 4669 2320 4726 Ἦ
2367 4669 2562 4724 τούτων
2616 4658 2790 4722 ἔνδεια
2833 4672 3051 4726 νηστεία
3105 4666 3244 4722 ἔστὶν
3274 4667 3492 4730 ἀληθής.
3550 4665 3629 4722 Ἐν
3658 4669 3875 4731 τούτοις

2264 4763 2353 4834 μὶν
2382 4757 2471 4812 οὖν
2497 4755 2527 4818 ἡ
2560 4757 2777 4817 νηστεία
2799 4755 2974 4813 καλόν.

502 4845 707 4913 tionis,
741 4839 1061 4910 mendacii,
1113 4837 1382 4914 perjurii.
1436 4840 1525 4899 Ab
1571 4840 1665 4898 his
1709 4841 2032 4916 abstinere,
2075 4861 2284 4910 verum
2312 4849 2407 4908 est
2436 4841 2763 4922 jejunium,
2807 4845 2873 4905 in
2916 4840 3012 4905 his
3052 4841 3235 4920 igitur
3280 4841 3463 4905 situm
3506 4847 3598 4904 est
3629 4841 3875 4905 bonum

509 4950 583 4994 ac
600 4931 910 4993 laudabile
933 4929 1256 5005 jejunium.

578 5029 630 5083 8.
673 5025 965 5081 Caterum
995 5018 1363 5078 delectemur
1391 5019 1455 5080 in
1482 5019 1761 5093 Domino,
1814 5019 1874 5080 in
1896 5019 2154 5086 medita-

2336 5031 2390 5087 8.
2426 5029 2916 5102 Κατατρυφήσωμεν
2957 5021 3017 5082 δὲ
3043 5031 3137 5082 τοῦ
3185 5025 3402 5101 Κυρίου,
3465 5019 3513 5080 ἂν
3561 5025 3622 5099 τῇ
3679 5019 3866 5100 μελέτῃ

577 5151 625 5188 ⁸⁸
664 5149 866 5208 Matth.
901 5165 971 5216 γι,
1009 5148 1093 5215 16,
1127 5149 1210 5204 t7.
1290 5145 1336 5184 “7
1377 5119 1495 5204 Isa.
1530 5164 1681 5216 mu,
1846 5151 1894 5186 ³⁸
1938 5149 1983 5208 ll
2023 5149 2156 5212 Cor.

2264 5201 2266 5216 .
2302 5155 2390 5214 t6.
2466 5155 2514 5192 °°
2555 5156 2736 5212 1001'.
2767 5170 2845 5223 Ill,
2883 5147 2968 5210 16.

574 5273 689 5349 (οᾷ)
721 5270 968 5349 antiqui
987 5265 1110 5349 duo
1140 5267 1550 5349 li‘bi‘iﬁegii‘ré
1568 5272 1741 5343 μέντοι
1770 5269 2154 5349 παραδοθὶντα.

505 5336 715 5401 Statim
740 5336 898 5412 Reg.’
912 5341 1145 5414 primus
1167 5339 1264 5414 ἐγῲ
1286 5336 1608 5414 ἐξελὲξάμην.

576 5415 688 5555 (95)
730 5416 891 5469 Unus
916 5413 1113 5471 codex
1141 5413 1304 5470 Colb.
1337 5423 1433 5476 τῆς
1464 5413 1806 5488 οἰνοφλυγίας.

576 5488 664 5555 (96
715 5483 1039 5555 Aliquanto
1067 5487 1205 5540 ante
1234 5484 1612 5542 ostendimus
1641 5485 1800 5544 hanc

573 5483 688 5556 (96)
715 5483 1039 5556 Aliquanto
1067 5487 1205 5540 ante
1234 5483 1612 5542 ostendimus
1641 5483 1800 5544 hanc
1824 5485 2160 5548 orationem

500 5554 773 5628 habitam
804 5554 937 5610 esse
962 5554 1066 5628 die
1092 5555 1425 5628 Dominico.
1463 5557 1632 5612 Nunc
1663 5573 1735 5614 ex
1762 5557 1901 5628 illis,
1929 5560 2160 5619 hodier-

2266 5270 2448 5351 plane
2469 5277 2711 5351 constat
2739 5269 2955 5333 eadem
2977 5271 3178 5350 prima
3228 5271 3546 5332 Dominico.
3589 5271 3882 5340 Quadra-'

2268 5345 2514 5420 gesima
2543 5345 2817 5406 habitam
2846 5345 2998 5420 esse:

2339 5421 2452 5492 (97)
2479 5420 2544 5477 In
2573 5420 2756 5490 Regio
2792 5417 2990 5493 primo
3015 5416 3310 5490 scriptum
3356 5415 3702 5475 invenimus
3751 5415 3871 5469 εὐά-

2268 5509 2449 5565 ρεστον
2476 5501 2548 5563 τῷ
2567 5496 2776 5565 χωρίῳ.

2337 5543 2449 5637 (σε)
2483 5543 2810 5622 C'blbértixii
2834 5555 2958 5620 duo
2990 5563 3156 5636 θυμοῦ
3187 5558 3364 5635 ἀποχὴ

502 5645 618 5686 nus
646 5627 771 5684 dies
798 5625 1162 5684 vestibulum
1184 5631 1266 5682 est
1278 5627 1512 5698 jejunii
1526 5640 1549 5700 ,'
1569 5645 1676 5686 nec
1693 5637 1845 5688 certe
1864 5625 1987 5704 qui,
2021 5637 2158 5708 etc.,
2195 5681 2198 5686 .
