4088 6194
546 321 646 377 190

1901 314 1959 371 S.
2003 307 2255 368 BASILII
2290 309 2533 367 MAGNI.

3794 309 3915 367 200

514 412 933 514 ﬁgniﬁcantem
977 437 1396 513 apprehendit,
1447 453 1726 496 sermone
1772 437 1935 495 velut
1976 433 2191 508 cymba

2309 431 2661 507 ἐποχουμένη,
2714 430 3023 510 διαπερῶσα
3075 434 3162 486 τόν
3220 432 3363 508 ἀέρα,
3424 431 3479 485 ἐκ
3525 439 3617 486 τοῦ
3674 436 3909 507 φθεγγο-

538 529 813 603 quadam
831 527 1085 599 vehitur,
1111 533 1169 584 et
1192 542 1396 583 aerem
1419 526 1826 598 transvolans,
1854 541 1892 582 a
1914 525 2198 598 loquente

540 619 752 677 transit
790 618 870 675 ad
909 616 1280 675 audientem.
1313 615 1539 683 Quodsi
1567 621 1748 673 nacta
1797 615 1977 672 fuerit
2011 612 2198 671 altam

542 707 1036 777 tranquillitatem
1065 722 1136 761 ac
1159 706 1449 779 quietem,
1469 711 1591 763 tum
1615 721 1816 762 sermo
1848 696 2033 761 veluti
2058 717 2197 775 por-

538 802 671 855 tum
690 797 1022 870 quemdam
1043 795 1354 869 placidum
1369 811 1440 852 ac
1453 791 2197 869 tranquillum,discipulo-

539 903 678 944 rum
709 902 889 943 aures
919 885 1118 955 subit;
1145 885 1239 942 sin
1258 890 1464 943 autem
1489 886 1780 942 excitatus
1807 883 1886 941 ab
1907 879 2196 940 auditori-

538 977 656 1034 bus
678 974 1703 1048 tumultus,quasiasperaquaedam
1714 977 2041 1046 tempestas
2056 985 2197 1028 con-

537 1070 630 1123 tra
657 1064 956 1137 aspirarit,
987 1064 1190 1120 medio
1210 1064 1273 1120 in
1296 1080 1434 1120 aere
1458 1062 1788 1120 dissolutus
1805 1060 2195 1131 naufragium

537 1152 699 1209 facit.
731 1155 875 1210 Date
916 1151 1099 1223 igitur
1128 1152 1393 1224 quietem
1430 1150 1699 1208 sermoni
1726 1167 1833 1225 per
1868 1149 2192 1206 silentium.

539 1244 605 1298 In
627 1257 698 1298 eo
720 1241 881 1298 enim
908 1241 1161 1297 fortasse
1188 1240 1493 1297 videbitur
1510 1239 1742 1312 aliquid
1772 1238 1933 1308 utile,
1959 1253 2072 1294 nec
2097 1237 2195 1293 in-

538 1330 798 1402 dignum
825 1328 995 1402 quod
1024 1328 1167 1387 hinc
1194 1328 1516 1385 vobiscum
1552 1328 1897 1401 exportetis.
1935 1324 2195 1383 Difﬁcilis

538 1422 717 1490 captu
738 1421 829 1473 est
855 1416 1115 1473 veritatis
1146 1432 1371 1482 sermo,
1399 1432 1472 1473 ac
1499 1415 1677 1472 facile
1705 1419 1904 1489 potest
1931 1413 2194 1485 effugere

537 1521 662 1562 non
686 1510 967 1562 attentos.
998 1505 1085 1562 Ita
1112 1505 1275 1562 enim
1302 1504 1490 1562 voluit
1523 1504 1779 1577 Spiritus
1805 1508 2051 1561 sanctus
2076 1517 2194 1559 ser-

538 1610 784 1651 monem
810 1610 991 1650 suum
1011 1598 1391 1651 contractum
1403 1609 1537 1651 esse
1554 1609 1623 1651 ac
1641 1592 1978 1662 brevem,ut
1989 1591 2197 1665 paucis

538 1682 733 1740 multa
762 1682 1079 1754 signiﬁcet,
1110 1683 1398 1756 nulloque
1426 1681 1670 1755 negotio
1710 1682 1788 1740 ob
1836 1681 2195 1738 brevitatem

536 1772 739 1829 valeat
767 1771 943 1829 facile
983 1772 1281 1829 memoria
1322 1771 1584 1829 retineri.
1630 1775 1779 1829 Nam
1828 1775 1887 1827 et
1918 1768 2195 1827 naturale

538 1861 837 1918 sermonis
855 1877 1080 1918 munus
1099 1867 1410 1935 est,neque
1439 1860 1805 1919 obscuritate
1833 1861 1937 1932 17
1965 1875 2036 1916 ea
2054 1875 2193 1932 quas

541 1950 916 2021 signiﬁcatur
939 1950 1266 2022 occultare,
1292 1967 1490 2025 neque
1516 1965 2039 2024 supervacaneum
2063 1964 2194 2005 esse

539 2044 598 2097 et
622 2055 874 2104 vanum,
925 2055 998 2096 ac
1052 2044 1270 2097 temere
1307 2039 1489 2097 rebus
1536 2038 1980 2096 circumﬂuum.
2026 2040 2194 2094 Certe

538 2128 839 2201 ejusmodi
860 2133 1000 2185 sunt
1017 2144 1089 2186 ea
1104 2128 1447 2202 verba,quae
1476 2128 1661 2185 modo
1680 2128 1859 2185 nobis
1879 2140 1953 2184 ex
1972 2126 2191 2198 Moysis

536 2217 707 2274 libris
735 2218 984 2275 recitata
1012 2222 1170 2284 sunt,
1208 2234 1471 2290 quorum
1501 2218 1753 2274 omnino
1787 2215 2194 2274 recordamini

538 2323 645 2365 vos
668 2306 773 2381 qui
800 2306 1052 2363 studiosi
1072 2306 1238 2379 estis,
1272 2307 1392 2362 nisi
1416 2306 1567 2362 forte
1606 2306 1685 2363 ob
1725 2322 1900 2363 suam
1927 2305 2193 2362 brevita-

537 2400 660 2453 tem
683 2400 916 2452 vestras
938 2394 1441 2468 praeterﬂuxerint
1455 2411 1652 2451 aures.
1673 2398 1757 2451 Ita
1778 2399 1981 2451 autem
2002 2398 2064 2450 se
2088 2394 2194 2450 ba-

535 2483 642 2541 bet
663 2482 956 2541 sententia
979 2500 993 2539 :
1020 2482 1280 2540 Attende
1303 2484 1557 2555 tibiipsz',
1574 2499 1651 2541 ne
1668 2483 1911 2555 quando
1927 2483 2039 2552 ﬁat
2059 2497 2191 2540 ver-

540 2571 678 2629 bum
709 2573 1009 2629 occultum
1038 2573 1102 2627 in
1131 2572 1311 2629 corde
1343 2577 1445 2628 tuo
1474 2573 1784 2643 iniquitas.
1827 2573 2049 2629 Sumus
2079 2587 2193 2628 nos

535 2660 817 2717 homines
849 2660 930 2717 ad
953 2665 1207 2733 peccata
1235 2660 1671 2731 cogitationum
1700 2659 2012 2733 proclives.
2042 2663 2194 2727 Qua-

535 2755 782 2824 propter
798 2750 904 2824 qui
922 2749 1109 2807 corda
1128 2754 1336 2806 nostra
1361 2749 1711 2822 singillatim
1734 2751 1907 2806 ﬁnxit
1923 2752 1996 2820 7°,
2024 2749 2195 2807 haud

537 2838 776 2894 nescius
805 2838 868 2894 in
901 2838 1230 2895 voluntatis
1265 2838 1634 2912 appetitione
1681 2838 1968 2912 compleri
2007 2838 2195 2896 maxi-

536 2944 704 2985 mam
733 2931 1119 3002 peccatorum
1148 2933 1405 3002 partem,
1434 2929 1760 3002 puritatem
1789 2929 1852 2985 in
1875 2929 2195 3003 principali

536 3016 756 3074 animas
780 3020 949 3089 parte
991 3016 1192 3088 sitam,
1237 3033 1350 3074 ceu
1368 3017 1705 3091 principem
1738 3033 1810 3075 ac
1837 3018 2192 3092 primariam

535 3106 712 3163 nobis
733 3106 1213 3164 constituit.Nam
1240 3106 1504 3164 maxime
1523 3123 1648 3180 qua
1667 3112 1841 3181 parte
1864 3108 2035 3165 facile
2056 3123 2192 3181 pro-

535 3194 803 3252 labimur
825 3196 887 3251 in
910 3200 1182 3269 peccata,
1209 3196 1369 3253 hanc
1389 3196 1673 3253 custodia
1695 3212 1767 3253 ac
1789 3212 1935 3253 cura
1957 3197 2190 3269 majore

535 3284 824 3354 dignatus
853 3290 964 3341 est.
994 3284 1528 3351 Quemadmodum
1557 3286 1721 3341 enim
1750 3286 1972 3343 medici
1990 3286 2190 3359 provi-

537 3371 837 3429 dentiores
859 3371 1254 3430 imbecilliora
1273 3388 1529 3445 corpora
1548 3373 1793 3430 monitis
1816 3373 2189 3447 quibusdam

538 3459 615 3516 ad
647 3460 992 3519 cautionem
1019 3460 1306 3518 adhibitis
1334 3460 1529 3518 multo
1559 3467 1697 3520 ante
1726 3462 2185 3522 communiunt:

536 3548 822 3606 eumdem
863 3549 944 3607 ad
971 3549 1228 3607 modum
1256 3550 1597 3607 communis
1626 3556 1886 3621 curator,
1925 3556 1983 3610 et
2009 3569 2189 3611 verus

537 3639 883 3698 animarum
932 3639 1231 3710 medicus,
1276 3656 1466 3714 quam
1511 3645 1746 3715 partem
1767 3642 1846 3699 ad
1870 3647 2189 3717 peccatum

536 3744 794 3802 pronam
813 3728 877 3786 in
901 3729 1078 3787 nobis
1107 3730 1372 3786 maxime
1403 3731 1592 3803 novit,
1624 3746 1760 3788 eam
1788 3730 2186 3789 validioribus

536 3817 832 3891 praesidiis
860 3818 1263 3892 praemunivit.
1300 3820 1534 3876 Etenim
1577 3836 1884 3894 corporea:
1920 3822 2186 3878 actiones

535 3910 809 3980 tempore
833 3906 1127 3980 indigent,
1147 3909 1621 3980 opportunitate,
1646 3909 1878 3980 labore,
1899 3910 1999 3982 adj
2010 3909 2187 3967 utori—

532 3994 672 4063 bus,
702 3995 965 4069 denique
986 3995 1223 4069 reliquo
1244 4002 1608 4053 commeatu.
1632 3999 1674 4053 E
1701 3997 1969 4072 diverso,
1999 3999 2190 4056 animi

535 4089 738 4143 motus
761 4085 909 4142 citra
927 4083 1216 4157 temporis
1242 4100 1479 4142 moram
1505 4084 1679 4154 ﬁunt,
1701 4087 2094 4159 perﬁciuntur
2111 4088 2189 4143 ci-

533 4174 627 4226 tra
643 4169 1083 4238 lassitudinem,
1111 4168 1259 4226 citra
1277 4169 1583 4240 negotium
1613 4169 1804 4227 ullum
1829 4172 2186 4239 consistunt,

533 4258 993 4332 idoneum-ipsis
1023 4263 1112 4315 est
1133 4262 1372 4332 tempus
1396 4274 1596 4316 omne.
1628 4261 1693 4317 Et
1729 4275 1878 4317 sane
1907 4278 2188 4320 nonnun-

535 4363 722 4420 quam
752 4349 1051 4404 invenitur
1079 4346 1186 4421 qui
1212 4363 1505 4419 arrogans
1529 4346 1625 4419 sit,
1656 4350 2085 4425 superbiatque
2113 4352 2189 4409 de

537 4436 824 4507 gravitate
853 4439 911 4493 et
946 4436 1238 4506 castitate,
1287 4437 1512 4511 quique
1555 4438 1923 4496 extrinsecus
1953 4454 2078 4514 prae
2126 4457 2189 4498 se

534 4523 730 4580 ferens
744 4524 1158 4597 temperantiae
1176 4524 1406 4583 larvam
1416 4569 1430 4595 ,
1448 4542 1519 4583 ac
1538 4526 1899 4601 plerumque
1917 4530 2072 4586 inter
2085 4546 2188 4587 eos

534 4612 641 4686 qui
662 4613 865 4685 ipsum
886 4612 966 4669 ob
982 4613 1259 4671 virtutem
1278 4614 1530 4672 beatum
1547 4616 2188 4692 praedicant,desidens

534 4700 942 4773 medius,mox
961 4705 1166 4759 tamen
1197 4703 1558 4775 cogitatione
1582 4720 1692 4778 per
1719 4707 2025 4766 occultum
2054 4696 2186 4766 cor-

534 4790 627 4848 dis
648 4795 882 4848 motum
904 4791 982 4848 ad
1005 4792 1239 4866 peccati
1257 4792 1461 4850 locum
1486 4797 1963 4854 accurrat.Videt
1981 4798 2187 4856 animo

534 4881 880 4953 concupita,
908 4881 1388 4941 comminiscitur
1412 4898 1804 4955 congressum
1832 4888 2186 4962 quempiam

532 4968 911 5034 indecorum,
942 4985 1014 5027 ac
1053 4970 1315 5044 denique
1344 4970 1407 5027 in
1450 4971 1659 5029 abdita
1690 4974 1884 5031 cordis
1920 4976 2185 5046 ofﬁcina,

532 5059 761 5117 claram
806 5060 871 5117 in
924 5059 1124 5133 seipso
1161 5060 1484 5133 voluptatis
1516 5062 1788 5135 ,spcciem
1830 5063 2186 5137 depingens,

532 5147 714 5206 nullis
740 5148 989 5206 testibus
1018 5149 1174 5208 intra
1203 5165 1266 5207 se
1295 5154 1613 5225 peccatum
1645 5156 1966 5226 perpetrat,
1994 5155 2185 5213 omni-

601 5301 652 5338 ’τε
690 5300 847 5360 Psal.
876 5318 1074 5373 XXXIV,
1111 5307 1195 5361 tl.

605 5459 682 5532 (8)
712 5456 776 5508 In
805 5453 1113 5532 aliquibus
1141 5454 1455 5532 codicibus
1485 5455 1941 5532 Combeﬁsianis
1967 5458 2182 5531 legitur

535 5520 819 5602 δυνάμενος
852 5520 1106 5602 ἐκφυγεῖν.
1165 5527 1285 5583 Nec
1331 5527 1414 5584 ita
1465 5526 1656 5585 multo
1701 5533 1840 5602 post
1872 5534 1988 5588 tres
2027 5520 2180 5589 fuas.

532 5595 678 5652 ὥστε
695 5595 925 5651 πλεῖστα
944 5595 1010 5650 ἐν.

2305 527 2458 595 μένου
2506 522 2803 596 μεταϐαίνει
2849 527 2980 599 πρὸς
3029 527 3117 576 τόν
3161 521 3433 575 ἀκούοντα⁸
3484 521 3579 574 κᾶν
3628 525 3717 595 μὲν
3774 525 3904 599 εὕρῃ

2303 610 2533 683 γαλήνην
2564 609 2781 685 βαθεῖαν
2811 617 2902 665 καὶ
2946 614 3204 684 ἡσυχίαν,
3237 613 3409 686 ὥσπερ
3457 610 3660 684 λιμέσιν
3704 608 3911 673 εὐδίοις

2303 703 2395 752 καὶ
2438 698 2787 774 ἁχειμάστοις
2815 707 2932 762 ταῖς
2962 698 3146 763 ἀκοαῖς
3177 709 3276 753 τῶν
3313 701 3671 772 μανθανόντων
3697 702 3724 753 ὀ
3746 700 3911 773 λόγος

2304 786 2760 863 ἐγκαθορμιζεται·
2806 788 2890 842 ἐὰν
2931 785 2991 843 δὲ
3033 788 3138 843 οἷον
3172 787 3300 849 ζάλη
3329 807 3409 850 τις
3451 796 3677 863 τραχεῖα
3701 790 3727 841 6
3756 792 3911 864 παρὰ

2303 885 2403 928 τῶν
2448 875 2736 931 ἀκουόντων
2782 876 2999 953 θόρυϐος
3046 876 3381 950 ἁντιπνεύση,
3427 875 3475 928 ἐν
3517 881 3660 950 μέσῳ
3689 886 3760 949 τῷ
3788 876 3910 952 ἀέρι

2304 960 2570 1029 διαλυθεὶς
2621 965 2930 1039 ἕναυάγησε.
2990 971 3255 1025 Ποιήσατε
3323 970 3494 1018 τοίνυν
3546 965 3772 1037 γαλήνην
3826 977 3909 1040 τῷ

2300 1054 2436 1128 λόγῳ
2476 1052 2572 1109 διὰ
2593 1064 2689 1118 τῆς
2733 1064 2956 1119 σιωπῆς.
3002 1055 3156 1118 Ἴσως
3178 1057 3285 1132 γὰρ
3332 1057 3393 1107 ἄν
3432 1074 3485 1108 τι
3528 1060 3704 1127 φανείη
3749 1061 3908 1131 χρή-

2304 1164 2456 1218 σιμον
2500 1148 2635 1217 ἔχων
2683 1154 2783 1198 τῶν
2833 1144 3132 1218 ἀγωγίμων.
3179 1146 3517 1219 Δυσθηρατός
3559 1142 3699 1196 ἔστιν
3746 1146 3772 1197 6
3802 1154 3867 1204 τῆ
3883 1166 3909 1206 ς

2302 1231 2545 1296 ἀληθείας
2586 1234 2756 1306 λόγος,
2805 1230 3007 1309 ῥᾳδίως
3054 1229 3339 1306 δυνάμενος
3367 1232 3627 1305 ἐκφεύγειν
3654 1233 3732 1305 (8)
3776 1238 3909 1296 τοὺς

2300 1327 2372 1395 μὴ
2424 1321 2986 1400 προσέχονταςηοῦτω
3036 1329 3128 1374 τοῦ
3186 1324 3483 1395 Πνεύματος
3529 1321 3909 1395 οἰκονομήσαν-

2301 1430 2390 1475 τος
2420 1412 2821 1486 συνεσταλμένον
2852 1411 3007 1464 αὐτόν
3032 1408 3162 1464 εἶναι
3185 1416 3275 1463 καὶ
3305 1409 3541 1486 βραχὺν,
3574 1410 3708 1465 ὣστε
3736 1411 3911 1464 πολλὰ

2302 1498 2351 1552 ἕν
2401 1500 2596 1574 ὀλίγοις
2639 1497 2851 1569 δηλοῦν,
2901 1505 2991 1553 καὶ
3035 1496 3130 1553 διὰ
3178 1504 3461 1573 συντομίαν
3519 1499 3724 1553 εὔκολον
3767 1499 3910 1553 εἶναι

2301 1597 2364 1662 τῇ
2397 1595 2573 1664 μνήμῃ
2616 1589 3247 1666 παρακατασχὼθαιί9).
3300 1595 3401 1642 Καὶ
3423 1590 3526 1663 γὰρ
3558 1591 3710 1662 φύσει
3740 1588 3904 1664 ἀρετὴ

2301 1677 2457 1750 λόγου
2500 1684 2632 1751 μήτε
2675 1677 2900 1751 ἀσαφείᾳ
2946 1681 3191 1753 κρύπτειν
3238 1679 3306 1731 τὰ
3350 1682 3724 1751 σημαινόμενα,
3765 1684 3909 1751 μήτε

2303 1771 2540 1841 περιττόν
2571 1764 2701 1820 εἶναι
2741 1772 2832 1819 καὶ
2872 1768 3092 1840 μάταιον
3124 1771 3233 1826 είκῆ
3267 1774 3380 1829 τοῖς
3406 1768 3684 1843 πράγμασι
3714 1767 3907 1842 περιρ-

2300 1858 2502 1932 ῥέοντα.
2534 1855 2743 1919 Ὀποῖος
2768 1854 2855 1909 οὖν
2901 1853 2937 1909 δ
2940 1862 2967 1915 η
3003 1856 3118 1910 ἐστι
3146 1861 3237 1910 καὶ
3280 1856 3306 1908 6
3337 1855 3527 1932 ἀρτίως
3551 1857 3676 1929 ἡμῖν
3707 1855 3761 1909 ἐκ
3798 1865 3906 1908 τῶν

2302 1950 2566 2007 Μωῡσέως
2614 1944 2807 2019 βιϐλων
2865 1943 3245 2019 ἀνεγνωσμένος
3296 1944 3468 2018 λόγος,
3528 1945 3589 1998 οὗ
3634 1947 3910 2018 μέμνησθε

2302 2037 2507 2096 πάντως
2537 2033 2585 2087 οἳ
2622 2054 2682 2107 γε
2711 2034 2993 2108 φιλόπονοι,
3037 2034 3169 2093 πλην
3200 2034 3245 2087 εἰ
3271 2039 3342 2108 μή
3389 2053 3490 2087 που
3535 2030 3630 2087 διὰ
3677 2032 3908 2109 βραχύ-

2302 2144 2438 2183 τητα
2460 2120 2790 2199 παρέδραμεν
2820 2125 2961 2197 ὑμῶν
3008 2125 3103 2185 τὰς
3150 2122 3328 2199 ἀκοάς.
3380 2111 3534 2195 Ἔχει
3576 2119 3637 2175 δε
3683 2124 3712 2181 ἠ
3762 2122 3909 2186 λέξις

2302 2214 2503 2276 οὕτως’
2560 2217 2800 2288 Πρόσεχε
2872 2221 3111 2284 σεαυτῷ,
3166 2217 3237 2285 μή
3293 2231 3418 2265 ποτε
3485 2216 3700 2283 γένηται
3750 2212 3909 2287 ῥῆμα

2301 2305 2531 2377 κρυπτὸν
2580 2300 2628 2354 ἐν
2684 2309 2746 2374 τῇ
2802 2296 3002 2375 καρδίᾳ
3037 2321 3126 2354 σον
3157 2299 3421 2374 ἀνόμημα.
3471 2300 3689 2355 Εὕκολοί
3743 2299 3904 2374 ἐσμεν

2302 2395 2434 2467 πρὸς
2496 2393 2590 2454 τὰς
2654 2393 2789 2443 κατά
2863 2386 3100 2443 διάνοιαν
3171 2389 3432 2465 ἁμαρτίας
3487 2392 3536 2443 οἱ
3608 2391 3901 2465 ἅνθρωποι.

2302 2486 2485 2556 Διόπερ
2557 2482 2583 2533 6
2639 2480 2845 2542 πλάσας
2913 2483 3213 2552 καταμόνας
3279 2482 3374 2542 τὰς
3442 2475 3669 2553 καρδίας
3725 2481 3901 2552 ἡμῶν,

2302 2567 2475 2638 εἰδὼς,
2525 2570 2606 2623 ὃτι
2659 2572 2718 2623 τό
2769 2568 3008 2623 πλεῖστον
3074 2577 3170 2632 τῆς
3226 2568 3488 2645 ἁμαρτίας
3536 2567 3585 2620 ἐν
3637 2577 3698 2641 τῇ
3755 2570 3898 2641 ὁρμῇ

2299 2659 2591 2735 πληροῦται
2637 2666 2699 2733 τῇ
2749 2662 2886 2712 κατὰ
2929 2660 3198 2734 πρόθεσιν,
3244 2663 3338 2718 την
3392 2657 3441 2711 ἐν
3483 2666 3556 2730 τῷ
3602 2659 3905 2730 ἡγεμονικῷ

2301 2750 2637 2824 καθαρότητα
2680 2754 2890 2823 πρώτην
2937 2748 3062 2820 ἡμῖν
3112 2742 3408 2810 διετάξατο.
3440 2746 3510 2799 Ὦ.
3532 2748 3633 2820 γὰρ
3664 2744 3909 2818 μάλιστα

2300 2843 2598 2912 προχείρως
2666 2835 3117 2911 ἐξαμαρτάνομεν,
3172 2844 3327 2889 τοῦτο
3382 2835 3612 2897 πλείονος
3665 2834 3908 2907 φυλακῆς

2299 2932 2389 2979 καὶ
2430 2925 2720 2999 ἐπιμελείας
2765 2925 3003 2988 ἠξίωσεν.
3063 2923 3262 3000 Ὠσπερ
3328 2927 3431 2999 γὰρ
3480 2932 3579 2977 τῶν
3644 2925 3908 2996 σωμάτων

2299 3017 2367 3068 τὰ
2419 3013 2763 3089 ἀσθενέστερα
2813 3016 2863 3067 οἱ
2912 3015 3332 3089 προμηθέστεροι
3378 3021 3479 3065 τῶν
3539 3013 3727 3086 ἰατρῶν
3780 3020 3909 3074 ταῖς

2298 3104 2742 3178 προφυλακτικαῐς
2807 3104 3101 3165 ὑποθήκαις
3174 3100 3436 3177 πόρρωθεν
3496 3099 3907 3174 ἁσφαλίζονται·

2300 3193 2462 3256 οὓτως
2514 3194 2540 3245 6
2592 3195 2765 3254 κοινὸς
2810 3187 3074 3264 κηδεμὼν,
3126 3195 3217 3244 καὶ
3262 3188 3505 3252 ἀληθινὸς
3555 3198 3654 3242 τῶν
3704 3188 3908 3262 ψυχῶν

2302 3282 2496 3358 ἰατρὸς,
2547 3281 2574 3334 ὃ
2620 3280 2853 3356 μάλιστα
2898 3282 3043 3353 ἡμῶν
3093 3275 3205 3333 οἶδε
3257 3283 3396 3349 (l0)
3448 3281 3579 3353 πρὸς
3637 3277 3909 3352 ἁμαρτίαν

2298 3372 2732 3447 ὁλισθηρότερον,
2805 3377 2958 3423 τοῦτο
3036 3369 3407 3444 ἰσχυροτέραις
3484 3367 3909 3443 προκατελάεετο

2298 3461 2570 3536 φυλακαῖς.
2617 3462 2682 3514 Αἱ
2710 3462 2800 3533 μὲν
2841 3461 2943 3534 γὰρ
2977 3454 3072 3511 διὰ
3111 3466 3204 3511 τοῦ
3255 3463 3496 3532 σώματος
3543 3458 3759 3533 πράξεις
3805 3463 3909 3512 καὶ

2295 3556 2492 3627 χρόνου
2559 3546 2785 3617 δέονται,
2839 3553 2929 3600 καὶ
2982 3547 3268 3623 εὐκαιρίας,
3340 3552 3431 3600 καὶ
3482 3549 3749 3620 καμάτων,
3806 3553 3909 3600 καὶ

2299 3648 2577 3716 συνεργῶν,
2616 3643 2707 3692 καὶ
2730 3636 3040 3699 τῆς).οιπῆς
3083 3641 3368 3712 χορηγίας·
3416 3638 3471 3689 αἱ
3518 3632 3578 3688 δε
3623 3643 3718 3697 τῆς
3768 3632 3910 3688 δια-

2294 3734 2439 3791 νοίας
2478 3731 2711 3789 κινήσεις
2757 3723 2996 3801 ἀχρόνως
3053 3723 3397 3800 ἐνεργοῦνται,
3466 3722 3674 3785 ἁκόπως
3720 3720 3909 3778 ἔπιτε-

2294 3818 2524 3885 λοῦνται,
2576 3814 3021 3890 ἀπραγματεύτως
3080 3817 3441 3881 συνίστανται,
3495 3813 3668 3866 πάντα
3712 3816 3909 3887 καιρὸν

2296 3903 2592 3966 ἐπιτήδειον
2645 3906 2855 3976 ἔχουσι.
2917 3906 3019 3956 Καί
3065 3905 3165 3955 πού
3222 3921 3303 3965 τις
3355 3911 3455 3955 τῶν
3511 3901 3746 3977 σοϐαρῶν
3806 3908 3912 3957 καὶ

2296 3997 2745 4069 κατωφρυωμίνων
2796 3990 2880 4045 ἐπὶ
2935 3994 3232 4065 σεμνότητι,
3286 3990 3507 4064 πλάσμα
3555 3992 3914 4064 σωφροσύνης

2297 4083 2477 4148 ἔξωθεν
2515 4087 2883 4157 περικείμενος,
2935 4078 2983 4131 ἓν
3031 4084 3211 4153 μέσοις
3258 4079 3603 4153 καθεζόμενος
3646 4076 3914 4143 πολλάκις

2296 4181 2407 4236 τοῖς
2463 4171 2539 4225 ἐπ’
2599 4169 2752 4245 ἀρετῇ
2811 4168 2967 4221 αὐτὸν
3025 4167 3434 4243 μακαρίζουσιν,
3501 4163 3772 4243 ἀπέδραμε
3830 4178 3907 4242 τῇ

2299 4259 2510 4334 διανοιᾳ
2535 4263 2666 4335 πρὸς
2711 4261 2798 4312 τὸν
2844 4265 2941 4320 τῆς
2982 4256 3243 4332 ἁμαρτίας
3289 4261 3443 4311 τόπον
3487 4254 3534 4309 ἄν
3582 4265 3653 4328 τῷ
3714 4254 3915 4328 ἀφανεῖ

2297 4358 2359 4413 τῆ
2373 4372 2393 4414 ς
2415 4347 2643 4427 καρδίας
2679 4352 2948 4421 κινήματι.
2994 4343 3119 4401 Εῖδε
3164 4354 3227 4419 τῇ
3275 4351 3536 4419 φαντασία
3563 4347 3629 4399 τὰ
3659 4342 3914 4401 σπουδα-

2299 4443 2508 4517 ζόμενα,
2578 4438 2945 4492 ἆνετυπώσατό
3008 4455 3127 4489 τινα
3199 4435 3403 4509 ὁμιλίαν
3475 4436 3569 4489 οὐκ
3639 4434 3907 4508 εὐπρεπῆ,

2297 4537 2387 4585 καὶ
2443 4530 2573 4593 ὃλως
2622 4526 2670 4581 ἐν
2723 4535 2795 4599 τῷ
2840 4529 3081 4600 κρυφαίῳ
3122 4532 3220 4588 τῆς
3262 4521 3491 4599 καρδίας
3536 4522 3906 4599 ἐργαστηρίῳ,

2297 4621 2480 4696 ἐναργῆ
2533 4617 2580 4671 ἓν
2630 4617 2793 4688 ἑαυτῷ
2839 4617 2932 4673 τὴν
2985 4610 3176 4673 ἡδονὴν
3231 4614 3603 4688 ζωγραφήσας,
3660 4611 3911 4688 ἀμάρτυ-

2294 4730 2383 4785 ρον
2435 4712 2538 4763 ἔσω
2584 4711 2677 4767 την
2736 4705 2995 4780 ἁμαρτίαν
3049 4703 3351 4778 εἰργάσατο,
3412 4704 3675 4776 ἄγνωστον
3727 4709 3908 4758 πᾶσιν

2220 4321 2264 4376 0

2295 4801 2390 4862 ἕως
2440 4799 2501 4851 ἂν
2548 4797 2667 4869 ἔλθῃ
2720 4796 2746 4847 6
2795 4792 3171 4848 ἀποκαλύπτων
3236 4795 3304 4845 τὰ
3352 4794 3562 4867 κρυπτὰ
3610 4800 3700 4845 τοῦ
3771 4800 3911 4847 σκό-

2295 4908 2436 4956 τους’
2468 4891 2558 4939 καὶ
2606 4892 2829 4959 φανερῶν
2871 4886 2965 4944 τὰς
2996 4880 3191 4956 βουλὰς
3220 4890 3318 4934 τῶν
3359 4877 3613 4956 καρδιῶν.
3664 4879 3911 4945 Φύλαξαι

2297 4976 2405 5045 οὖν,
2438 4982 2509 5050 μη
2542 4994 2664 5029 ποτε
2691 4978 2904 5047 γένηται
2930 4974 2994 5048 ρῆ
3001 4992 3077 5045 μα
3104 4975 3331 5046 κρυπτὸν
3362 4969 3410 5022 ἐν
3440 4978 3502 5044 τῇ
3548 4967 3747 5046 καρδίᾳ
3799 4991 3907 5026 σου

2299 5066 2563 5140 ἀνόμημα.
2634 5062 2693 5115 Ὀ
2748 5064 2847 5136 γὰρ
2916 5059 3176 5134 ἐμϐλέψας
3224 5063 3434 5132 γυναικὶ
3484 5063 3615 5133 πρὸς
3666 5063 3724 5111 τό
3776 5058 3907 5114 ἐπι-

2300 5157 2557 5229 θυμῆσαι,
2615 5146 2724 5210 ἤδη
2811 5149 3117 5223 ἐμοίχευσεν
3188 5146 3236 5200 ἓν
3302 5155 3364 5221 τῇ
3435 5143 3634 5221 καρδία
3708 5147 3905 5207 αὐτοῦ,

2356 5460 2432 5535 (9)
2455 5457 2705 5535 Codices
2731 5450 3156 5535 Combeﬁsiani
3191 5456 3727 5527 παρακατασχὼθαι.
3774 5457 3900 5516 No-

2290 5527 2394 5591 sibi
2426 5538 2483 5590 et
2510 5532 2655 5615 editi
2682 5527 3175 5656 προηατξέεσθαιί
3263 5594 3284 5610 η

2359 5605 2476 5656 (1οὶ
2495 5606 2737 5656 Annam
2755 5599 2880 5656 duo
2904 5598 2947 5656 ll
2992 5598 3042 5655 ri
3065 5616 3211 5656 ημῶν
3237 5618 3280 5651 ει

2359 5605 2476 5677 (10)
2494 5594 2737 5675 Antiqui
2755 5599 2880 5658 duo
2904 5594 3042 5656 libri
3065 5600 3211 5671 ἡμῶν
3237 5594 3361 5653 εἶδε.
