4088 6194
163 319 257 372 τοι
1098 314 1383 372 HOMILIA
1429 314 1501 369 IN
1542 315 1774 384 lLLUD,

1925 313 2192 370 TENDE
2233 313 2402 369 TIBI
2430 312 2615 369 IPSI.
3433 315 3539 372 202

163 445 305 493 Διότι
353 438 411 490 αἰ
464 442 559 511 μὲν
610 445 702 491 τοῦ
742 444 987 511 σώματος
1013 440 1226 514 πράξεις
1268 444 1368 493 ὑπὸ
1396 440 1595 493 πολλῶν
1644 437 1771 492 δια-

1934 455 2003 494 us
2034 439 2331 510 ignotum,
2360 437 2555 494 donec
2583 436 2783 494 veniat
2819 437 2924 511 qui
2972 436 3261 494 revelabit
3304 437 3543 495 occulta

161 534 469 594 κόπτονται,
515 529 543 580 ὁ
583 524 642 580 δέ
687 531 824 580 κατὰ
870 531 1115 603 πρόθεσιν
1146 530 1473 605 ἁμαρτάνων,
1514 539 1587 601 τῷ
1616 532 1773 601 τάχει

1921 530 2295 596 enebrarum,
2327 532 2385 583 et
2411 526 2829 583 manifestabit
2871 526 3123 583 consilia
3160 526 3437 583 cordium
3468 528 3535 581 ⁷⁸.

161 626 261 669 τῶν
308 618 589 689 νοημάτων
636 618 1149 690 σνναπαρτιζομίνην
1190 620 1298 689 ἔχει
1349 623 1442 677 τὴν
1491 618 1770 693 ἁμαρτίαν.

1928 635 2036 677 ave
2066 619 2247 691 igitur
2276 633 2350 675 ne
2378 618 2622 690 quando
2648 617 2891 674 verbum
2921 619 3224 674 occultum
3254 618 3319 674 in
3363 617 3542 674 corde

158 713 330 758 Ὅπου
378 701 471 758 οὖν
519 705 611 767 ὀξὺ
652 708 712 757 τὸ
759 708 1112 781 παράπτωμα,
1153 714 1346 779 ταχεῖα
1390 704 1605 761 δίδοται
1648 711 1772 783 ἡμῖν

1927 726 1985 765 λο
2009 710 2119 778 ﬁat
2150 709 2457 765 delictum.
2485 708 2756 779 Quisquis
2787 709 2945 763 enim
2966 708 3203 776 aspexit
3227 708 3541 764 mulierem

161 798 190 853 ἡ
220 795 454 868 φυλακή.
515 798 934 869 Διαμαρτύρεται
974 800 1094 871 γὰρ,
1128 801 1341 854 Μήποτε
1369 801 1581 869 γένηται
1630 798 1775 873 ῥῆμα

1927 801 1967 855 d
1984 798 2522 869 concupiscendum
2543 813 2693 864 eam,
2701 800 2838 868 jam
2860 797 3232 854 adulterium
3248 797 3541 854 commisit

158 889 395 959 κρυπτὸν
424 883 478 936 ἕν
530 892 595 956 τῇ
625 881 827 958 καρδίᾳ
879 904 975 938 σου
1018 884 1279 959 ἀνόμημα.
1337 886 1541 940 Μᾶλλον
1590 884 1649 940 δε
1696 887 1772 941 ἐπ’

1927 906 1949 945 ι
1981 888 2152 945 corde
2195 903 2301 944 suo
2330 889 2402 944 ⁷⁷.
2447 890 2596 943 Nam
2644 886 2912 961 corporis
2955 886 3223 942 actiones
3265 901 3303 941 a
3338 884 3541 941 multis

160 975 323 1031 αὐτὴν
350 982 450 1026 τοῦ
478 973 636 1045 λόγου
661 979 755 1032 τὴν
785 972 963 1047 ἀρχὴν
994 971 1391 1048 ἀναδράμωμεν.

1928 977 2381 1049 itercipiuntur:
2415 976 2520 1049 qui
2557 991 2700 1032 vero
2732 979 2942 1048 peccat
2987 974 3312 1042 voluntate,
3339 975 3542 1031 statim

159 1062 339 1119 celeri
370 1064 816 1133 cogitationum
865 1068 1037 1120 motu
1074 1069 1391 1135 peccatum
1420 1065 1694 1139 explevit.
1730 1067 1839 1124 Ubi
1854 1068 2037 1139 igitur
2063 1066 2272 1139 lapsus
2310 1072 2400 1123 est
2420 1071 2794 1138 repentmus,
2826 1065 2910 1121 ibi
2942 1065 3259 1138 repentina
3288 1063 3544 1121 cavendi

155 1152 423 1209 facultas
450 1152 567 1208 fuit
588 1151 769 1208 nobis
798 1153 1038 1209 tradita.
1077 1153 1422 1211 Obtestatur
1442 1156 1624 1222 enim,
1656 1157 1990 1230 Nequando
2027 1156 2271 1214 verbum
2293 1157 2588 1213 occultum
2616 1156 2680 1211 in
2727 1154 2899 1212 corde
2942 1161 3044 1210 tuo
3080 1156 3191 1223 ﬁat
3233 1155 3536 1211 delictum-

153 1242 293 1298 ιω
322 1242 537 1314 potius
564 1241 644 1297 ad
670 1242 876 1313 ipsum
906 1243 1201 1298 sermonis
1228 1259 1610 1301 recurramus
1636 1246 1972 1303 exordium.

217 1335 279 1386 2.
327 1336 598 1405 Πρόσεχε,
632 1336 784 1403 φησὶ,
816 1341 1038 1403 σιαυτῷ.
1066 1339 1176 1385 Τῶν
1199 1334 1344 1393 ζώων
1388 1336 1605 1387 ἕκαστον
1634 1338 1780 1409 παρὰ

1960 1342 2014 1392 2.
2057 1336 2335 1403 Attende,
2365 1334 2580 1407 inquit,
2616 1334 2726 1390 tibi
2743 1334 2877 1402 ipsi.
2906 1332 3146 1388 Animal
3170 1331 3429 1405 quodvis
3458 1333 3539 1391 ad

152 1427 243 1471 τοῦ
288 1422 363 1471 τὰ
410 1422 591 1471 πάντα
639 1424 1042 1493 συστησαμένου
1087 1429 1219 1475 Θεοῦ
1265 1424 1461 1475 οἴκοθεν
1526 1426 1639 1495 ἔχει
1684 1427 1766 1482 τὰς

1926 1441 1953 1481 e
1979 1426 2274 1481 tuendum
2294 1424 2372 1480 ab
2394 1423 2670 1480 omnium
2691 1422 3004 1479 conditore
3026 1425 3146 1477 Deo
3175 1420 3360 1477 habet
3379 1421 3540 1478 intus

152 1508 402 1581 ἀφρμὰς
451 1511 588 1582 πρὸς
638 1512 733 1566 τὴν
781 1508 1014 1580 φυλακὴν
1069 1516 1162 1571 τῆς
1206 1509 1400 1571 οἰκείας
1449 1513 1766 1573 συστάσεως⁴

1926 1520 2180 1587 npetum
2214 1514 2565 1586 quemdam.
2587 1512 2862 1569 Invenias
2897 1510 3195 1581 itidem,si
3216 1518 3400 1566 modo
3416 1510 3540 1567 ani-

153 1603 253 1652 Καὶ
308 1598 491 1672 εὕροις
537 1595 619 1663 ἂν,
649 1597 693 1649 εἰ
738 1600 1083 1670 καταμάθοις,
1116 1597 1386 1671 ἑπιμελώς,
1432 1609 1532 1652 τῶν
1582 1599 1767 1673 ἀλόγων

1927 1620 2060 1659 ium
2107 1603 2423 1672 diligenter
2455 1602 2800 1672 attenderis,
2844 1600 3180 1657 maximam
3221 1599 3541 1656 brutorum

148 1690 211 1739 τὰ
262 1687 501 1740 πλεῖστα
549 1682 841 1739 ἀδίδακτον
890 1690 1081 1759 ἔχοντα
1125 1692 1218 1746 τὴν
1267 1692 1399 1762 πρὸς
1439 1693 1497 1742 τὸ
1547 1689 1762 1763 βλάπτοι

1929 1692 2246 1748 nimalium
2280 1696 2535 1765 partem,
2568 1690 2738 1746 nullo
2783 1690 3094 1760 magistro,
3126 1689 3312 1745 noxia
3351 1689 3540 1745 vitare

149 1773 437 1833 διαϐολήν·
467 1780 561 1827 καὶ
607 1784 804 1848 φυσικῇ
850 1795 955 1828 τινι
1009 1776 1160 1829 πάλιν
1205 1777 1328 1851 ὁλκῇ
1361 1783 1492 1852 πρὸς
1537 1784 1631 1838 τὴν
1677 1789 1763 1832 τῶι

1928 1781 2275 1853 versarique
2292 1799 2304 1837 :
2327 1786 2537 1836 contra
2562 1778 2983 1845 vero,naturali
2998 1778 3266 1851 quadam
3282 1793 3541 1851 propen-

148 1864 492 1936 ὠφελούντων
559 1862 851 1916 ἀπόλαυσιν
908 1863 1228 1938 ἐπειγόμενα.
1276 1869 1364 1919 Διὸ
1420 1873 1509 1920 καὶ
1557 1869 1682 1941 ἡμῖν
1751 1889 1762 1921 ι

1927 1869 2058 1926 ione
2073 1870 2152 1926 ad
2171 1886 2285 1926 sua
2305 1868 2649 1939 commoda,
2669 1869 2969 1940 capienda
2994 1867 3250 1923 incitari.
3271 1870 3541 1941 Quapro-

146 1950 426 2006 παιδεύων
476 1954 624 2025 ἡμᾶς
654 1956 786 2014 Θεὸς
830 1956 890 2005 τὸ
938 1958 1072 2026 μέγα
1116 1963 1270 2008 τοῦτο
1313 1957 1658 2031 παράγγελμα
1696 1954 1760 2012 δίη

1925 1964 2019 2016 κίοι·
2044 1964 2100 2015 et
2123 1960 2230 2032 qui
2269 1974 2382 2015 nos
2422 1957 2621 2015 erudit
2665 1959 2841 2020 Deus,
2872 1971 3171 2027 magnum
3207 1957 3325 2012 hoc
3362 1956 3539 2012 nobis

148 2040 337 2110 διε-κεν,
394 2041 506 2107 ἱνα,
542 2043 667 2116 ὅπερ
717 2040 928 2104 ἐκείνοις
981 2041 1035 2095 ἐκ
1087 2046 1308 2116 φύσεως,
1337 2053 1491 2098 τοῦτο
1544 2047 1669 2119 ἡμῖν
1722 2045 1762 2099 ἐι

1921 2054 2256 2121 »τωοθριυω
2278 2048 2460 2113 dedit,
2494 2052 2559 2103 ut
2586 2047 2754 2120 quod
2786 2046 2889 2103 illa
2912 2061 2951 2102 a
2978 2050 3199 2102 natura
3227 2061 3535 2118 accepere,

146 2141 243 2194 τῆς
318 2141 420 2185 τοῦ
493 2131 656 2203 λόγου
729 2130 978 2203 βοηθείας
1042 2139 1416 2206 προσγένηται*
1493 2140 1583 2188 καὶ
1654 2137 1760 2209 ὅπερ

1924 2139 2152 2211 iipsum
2182 2139 2432 2195 accedat
2459 2137 2637 2194 nobis
2663 2136 2916 2194 rationis
2937 2152 3054 2209 ope
3078 2154 3092 2205 ;
3128 2139 3188 2192 et
3214 2136 3380 2209 quod
3408 2135 3475 2192 ﬁt
3501 2152 3538 2193 a

147 2224 513 2296 κατορθοῦται
574 2228 686 2281 τοῖς
745 2219 956 2293 ἀλόγοις
1006 2220 1381 2289 ἀνεπιστάτως,
1444 2233 1598 2277 τοῦτο
1652 2245 1758 2300 παρ

1925 2228 2078 2284 rutis
2127 2227 2592 2292 inconsiderate,
2623 2227 2740 2282 hoc
2783 2242 2821 2283 a
2869 2224 3049 2282 nobis
3085 2224 3433 2299 perﬁciatur
3465 2240 3539 2281 ex

150 2314 295 2383 ἡμῶν
323 2309 643 2367 ἐπετελῆται
673 2305 769 2361 διὰ
795 2318 892 2371 τῆς
930 2320 1208 2384 προσοχῆς
1250 2318 1340 2366 καὶ
1382 2321 1479 2375 τῆς
1523 2322 1764 2386 συνεχοῦς

1920 2318 2075 2374 .nimi
2097 2318 2423 2374 attentione
2445 2321 2502 2373 et
2518 2316 2770 2373 assidua
2789 2315 3009 2372 mentis
3024 2314 3534 2372 consideratione:

151 2411 244 2453 τῶν
302 2401 588 2472 λογισμῶν
640 2402 756 2470 (ll)
809 2398 1149 2463 ἐπιστάσεως·
1206 2408 1296 2455 καὶ
1360 2403 1579 2475 φύλακες
1644 2405 1765 2478 ὦμεν

1922 2424 2048 2479 :em,
2075 2412 2140 2463 ut
2159 2407 2336 2464 datos
2365 2406 2544 2463 nobis
2576 2421 2613 2461 a
2632 2407 2753 2461 Deo
2782 2405 3045 2478 impetus
3068 2404 3382 2476 diligenter
3401 2420 3536 2460 cus-

152 2489 384 2564 ακρεεείς
430 2498 539 2540 τῶν
589 2491 737 2561 παρὰ
798 2497 931 2542 Θεοῦ
997 2486 1287 2564 δεδομένων
1331 2493 1455 2565 ἡμῖν
1509 2492 1766 2569 ἀφορμῶνε

1924 2497 2209 2568 odiamus,
2236 2495 2530 2566 fugientes
2550 2500 2869 2568 peccatum
2890 2493 3142 2566 perinde
3159 2498 3339 2565 atque
3358 2492 3538 2550 bruta

148 2584 423 2650 φεύγοντες
610 2583 708 2636 τὴν
751 2577 1028 2652 ἁμαρτίαν,
1061 2582 1234 2655 ὥσπερ
1283 2584 1351 2633 τὰ
1390 2582 1555 2654 ἄλογα
1601 2585 1762 2655 φεύγει

1924 2585 2174 2641 nimalia
2198 2590 2562 2642 venenatum
2591 2582 2892 2657 pabulum
2929 2582 3207 2653 fugiunt;
3240 2585 3538 2637 sectantes

146 2678 245 2720 τῶν
292 2668 606 2741 βρωμάτων
652 2670 721 2720 τὰ
769 2665 1087 2741 δηλητήρια·
1132 2666 1408 2733 διώκοντες
1448 2668 1507 2724 δε
1552 2676 1648 2731 τὴν
1693 2669 1760 2725 δι-

1925 2691 2027 2731 ero
2047 2674 2364 2745 justitiam,
2392 2673 2551 2729 velut
2569 2672 2672 2729 illa
2700 2672 2923 2728 herbas
2952 2670 3160 2727 edules
3181 2675 3535 2726 consectan-

142 2763 456 2825 καεοσύνην,
511 2760 696 2831 ὥσπερ
739 2756 954 2810 κάκεῖνα
1007 2756 1322 2831 μεταδιώκει
1350 2761 1460 2831 (i2)
1500 2770 1595 2823 τῆς
1640 2767 1756 2816 πόας

1925 2780 1998 2820 ir.
2023 2765 2280 2821 Attende
2303 2764 2483 2833 igitur
2504 2764 2617 2819 tibi
2637 2764 2754 2833 ipsi
2774 2768 2840 2819 ut
2864 2761 3059 2834 possis
3096 2760 3210 2831 18
3228 2759 3481 2815 noxium
3501 2775 3539 2817 ε,

140 2853 199 2900 τό
255 2852 544 2921 τρόφιμον.
609 2851 852 2921 Πρόσεχε
901 2844 988 2899 οὖν
1038 2858 1259 2920 σεαυτῷ,
1312 2848 1396 2901 ἳνα
1442 2847 1664 2914 δυνατὸς
1709 2850 1754 2924 ᾖε

1926 2853 2111 2911 ilubri
2164 2854 2529 2912 discernere.
2579 2853 2879 2920 Quoniam
2928 2856 3135 2909 autem
3180 2850 3405 2922 duplex
3448 2854 3540 2908 est

143 2935 435 3012 διακρίνειν
465 2942 529 2989 τὸ
567 2935 802 3009 βλάπτον
853 2936 954 2990 ἀπὸ
996 2947 1087 2990 τοῦ
1139 2940 1417 3002 σώζοντος.
1466 2923 1676 3001 Ἐπειδή
1712 2939 1757 2995 δί

1923 2943 2162 2999 ttentio:
2206 2943 2416 3011 altera,
2455 2958 2596 2998 cum
2633 2941 3115 3014 :considerantur
3160 2939 3353 2996 oculis
3405 2956 3537 2997 cor-

142 3024 358 3080 διπλιοῦν
404 3029 471 3079 τὸ
518 3031 829 3100 προσέχειν·
879 3030 939 3079 τὸ
982 3032 1092 3101 μὲν,
1125 3038 1443 3102 σωματικοῖς
1490 3030 1756 3106 ὀφθαλμοῖς

1925 3032 2080 3088 oreis
2109 3032 2401 3099 visibilia;
2436 3030 2647 3100 altera,
2679 3047 2822 3086 cum
2849 3029 3238 3103 speculamur
3259 3028 3538 3101 incorpo-

145 3117 451 3179 ἑνατενίζειν
503 3124 622 3176 τοῖς
668 3118 894 3189 ὁρατοῖς·
939 3121 998 3170 τὸ
1047 3114 1126 3186 δὲ,
1158 3127 1221 3191 τῇ
1268 3126 1419 3193 νοερᾷ
1448 3129 1543 3182 τῆς
1584 3122 1759 3194 ψυχῆς

1921 3137 1983 3178 ea
2002 3120 2372 3191 intelligente
2395 3120 2582 3176 animi
2603 3119 2884 3175 facultate
2908 3136 2921 3186 ;
2964 3118 3012 3173 si
3041 3116 3373 3172 dixerimus
3400 3116 3535 3189 qui-

147 3202 363 3279 δννάμει
430 3204 732 3258 ἕπιϐάλλειν
780 3214 843 3278 τῇ
913 3208 1099 3281 θεωρία
1157 3217 1257 3261 τῶν
1324 3209 1633 3283 ἀσωμάτων·
1685 3211 1761 3265 ἐὰν

1923 3227 2019 3267 em
2048 3212 2163 3267 hoc
2190 3213 2561 3283 praeceptum
2598 3210 2660 3265 in
2690 3206 3007 3265 oculorum
3034 3205 3270 3262 actione
3295 3220 3429 3261 esse
3458 3204 3535 3260 si—

147 3300 226 3366 μεν
287 3294 379 3347 ἐπὶ
432 3303 540 3355 τῆς
588 3302 692 3345 τῶν
740 3294 1014 3367 ὀφθαλμῶν
1062 3295 1316 3369 ἐνεργείας
1361 3302 1570 3353 κεῖσθαι
1622 3304 1761 3354 εἴπω-

1924 3317 2029 3369 im,
2046 3300 2247 3357 statim
2268 3299 2330 3356 id
2350 3299 2479 3356 ﬁeri
2499 3315 2623 3356 non
2649 3313 2832 3371 posse
2852 3294 3402 3370 deprehendemus.
3424 3294 3538 3361 Qui

150 3404 227 3454 μιν
273 3389 337 3435 τὸ
386 3382 772 3457 παράγγελμα,
825 3383 976 3445 εὐθὺς
1040 3384 1201 3437 αὐτοῦ
1248 3390 1307 3439 τὸ
1363 3384 1618 3442 ἀδύνατον
1664 3388 1764 3442 ἀπ-

1919 3391 2041 3446 nim
2100 3390 2232 3446 ﬁeri
2274 3392 2494 3462 potest,
2528 3393 2591 3445 ut
2637 3389 2775 3462 quis
2824 3387 3089 3460 seipsum
3118 3389 3315 3441 totum
3358 3384 3533 3441 oculo

152 3471 433 3546 ὐέγξομω.
480 3479 606 3532 Πῶς
647 3474 749 3547 γὰρ
798 3474 861 3524 ἄν
901 3492 982 3535 τις
1030 3473 1141 3526 ὅλον
1190 3474 1369 3528 ἑαυτὸν
1408 3486 1480 3548 τῷ
1525 3478 1766 3551 ὀφθαλμῷ

1920 3480 2348 3552 amplectatur?
2374 3484 2576 3551 Neque
2596 3479 2759 3535 enim
2779 3477 2991 3534 oculus
3014 3476 3143 3549 ipse
3163 3475 3243 3532 ad
3264 3476 3534 3548 seipsum

152 3561 481 3627 maleﬁci;
531 3556 679 3612 ωδε
731 3563 834 3633 γὰρ
884 3561 1041 3624 αὑτός
1092 3562 1165 3635 ἔφ’
1198 3564 1377 3617 ἑαυτὸν
1430 3567 1456 3618 ὀ
1509 3566 1766 3640 ὀφθαλμός

1921 3569 2209 3625 idendum
2248 3568 2496 3624 adhibet
2548 3584 2691 3623 suos
2735 3566 3025 3633 obtutus;
3076 3580 3201 3620 non
3251 3564 3535 3637 pertingit

150 3655 413 3723 κέχρηται
464 3659 549 3721 τῷ
605 3651 729 3723 ὁρᾴν
778 3652 912 3722 (13)’
968 3651 1027 3704 οὗ
1083 3663 1313 3728 κορυφῆς
1362 3654 1657 3727 ἕφικνεῖται,
1708 3656 1764 3709 οὗ

1920 3658 1956 3714 d
1980 3658 2282 3723 verticem,
2307 3663 2493 3729 terga;
2525 3672 2649 3713 non
2675 3654 2860 3721 novit,
2894 3669 3017 3710 non
3039 3653 3270 3723 vultus,
3294 3669 3422 3709 non
3444 3652 3534 3709 in-

153 3745 215 3792 τα
238 3751 380 3794 νῶτα
411 3737 583 3807 οἶδα,
616 3740 678 3791 οὗ
700 3745 977 3813 πρόσωπα,
1007 3742 1066 3794 οὐ
1112 3748 1208 3801 τὴν
1252 3742 1301 3795 ἐν
1347 3754 1420 3816 τῷ
1468 3744 1623 3818 βάθει
1668 3756 1767 3799 τῶν

1917 3762 2109 3804 arnam
2137 3748 2439 3804 viscerum
2466 3744 2955 3819 dispositionem.
2976 3742 3243 3814 Denique
3272 3742 3531 3814 impium

529 3826 792 3885 διάθεσιν.
844 3829 1050 3893 Ἀσεϐἒς
1092 3828 1180 3884 οὖν
1222 3837 1281 3885 τὸ
1322 3833 1485 3906 λέγειν
1534 3832 1770 3889 ἀδύνατα

1919 3837 2054 3893 ierit
2087 3837 2318 3893 discere
2348 3839 2649 3908 praecepta
2681 3833 2913 3905 Spritus
2941 3830 3133 3888 sancti
3164 3831 3372 3902 perﬁci
3407 3846 3533 3887 non

156 3916 276 3972 εἶναι
306 3924 379 3972 τὰ
403 3926 504 3971 τοῦ
553 3922 850 3991 Πνεύματος
898 3921 1309 3995 παραγγέλματα
1337 3924 1469 3994 (14).
1522 3931 1769 3979 Λείπεται

1921 3941 2074 3981 osse.
2100 3929 2382 3999 Superest
2401 3925 2582 3996 igitur
2602 3928 2666 3979 ut
2695 3921 2843 3978 illud
2863 3923 3233 3995 praeceptum
3265 3918 3339 3974 de
3366 3934 3530 3976 men-

153 4016 318 4060 τοίνυν
348 4007 441 4061 ἐπὶ
484 4016 584 4069 τῆς
626 4011 764 4060 κατὰ
807 4016 926 4061 νοῦν
972 4008 1225 4083 ἐνεργείας
1272 4019 1365 4064 τοῦ
1415 4017 1767 4088 προστάγμα-

1915 4032 1950 4070 is
1970 4015 2202 4071 actione
2223 4015 2616 4087 accipiamus.
2635 4012 2899 4069 Attende
2915 4010 3095 4082 igitur
3115 4009 3226 4064 tibi
3243 4008 3362 4077 ipsi
3378 4025 3391 4060 :
3412 4006 3529 4063 hoc

151 4115 233 4159 re;
272 4097 567 4160 ἐξακούειν.
628 4102 869 4170 Πρόσεχε
911 4094 1000 4150 οὖν
1049 4110 1270 4171 σεαυτῷ-
1310 4106 1571 4171 τουτέστι,
1623 4094 1765 4158 Παν-

1913 4109 1985 4161 st.
2016 4105 2299 4177 Teipsum
2325 4103 2492 4160 omni
2512 4119 2585 4159 ex
2615 4105 2785 4175 parte
2805 4099 3109 4172 conspice.
3137 4097 3363 4154 Habeto
3383 4113 3527 4153 ocu-

151 4190 379 4258 τκχόθεν
437 4189 660 4238 σεαυτόν
723 4192 1046 4261 περισκόπει.
1118 4188 1428 4264 Ἀκοίμητον
1485 4195 1575 4265 ἔχε
1635 4198 1765 4269 πρὸς

1910 4211 2001 4250 um
2054 4194 2272 4250 animus
2302 4194 2647 4249 insomnem
2691 4190 2769 4247 ad
2809 4189 2895 4246 tui
2944 4188 3133 4260 ipsius
3164 4185 3524 4242 custodiam.

153 4282 505 4335 τήνσεαυτοῦ
533 4276 764 4348 φυλακὴν
810 4281 869 4330 τό
918 4287 1011 4340 τῆς
1057 4278 1243 4351 ψυχῆς
1293 4285 1454 4355 ὄμμα.
1500 4282 1577 4338 Ἐν
1621 4290 1764 4358 μέσῳ

1915 4301 1945 4340 η
1964 4284 2154 4341 medio
2176 4285 2526 4356 laqueorum
2550 4283 2774 4338 transis
2794 4280 2865 4335 ⁷⁸.
2886 4281 3091 4336 Latent
3109 4276 3309 4348 laquei
3328 4274 3529 4331 multis

155 4363 399 4438 περιίδω»
448 4362 759 4428 δεαϐαίνεις.
814 4373 1166 4442 Κεκρυμμίνοι
1220 4367 1420 4443 βρόχοι
1474 4376 1618 4447 παρά
1672 4382 1763 4428 τοῦ

1917 4388 1934 4428 ι
1954 4372 2103 4429 locis
2124 4371 2202 4428 ab
2222 4372 2395 4428 hoste
2416 4370 2617 4428 deﬁxi.
2642 4367 3046 4440 Circumspice
3064 4365 3245 4437 igitur
3264 4369 3322 4421 et
3341 4364 3531 4421 lustra

157 4454 351 4527 ὶχθροὺ
405 4454 721 4527 πολλαγόθεν
776 4462 1202 4529 καταπεπήγασι.
1260 4462 1440 4513 Πάντα
1484 4458 1571 4513 οὖν
1624 4482 1766 4538 περι-

1916 4463 2102 4528 mnia,
2136 4462 2211 4519 Ut
2249 4463 2503 4518 serveris
2525 4467 2829 4530 tamquam
2852 4457 3101 4514 damula
3134 4471 3165 4512 e
3194 4455 3444 4526 laqueis,
3474 4459 3530 4510 et

160 4550 360 4611 σκόπει,
422 4544 541 4599 Ἰνα
592 4545 736 4617 σώζῃ
781 4547 955 4621 ὥσπερ
1010 4543 1204 4620 δορκάς
1258 4546 1311 4600 ἐκ
1384 4548 1620 4625 βρόχων,
1675 4560 1765 4607 καὶ

1912 4568 2166 4624 unquam
2215 4554 2345 4608 avis
2383 4566 2413 4607 e
2459 4552 2576 4607 reti
2601 4550 2672 4604 7°.
2733 4550 2963 4620 Caprea
2991 4546 3153 4602 enim
3190 4561 3313 4618 pm
3363 4544 3526 4599 visus

160 4636 325 4707 ὅπερ
376 4638 553 4706 deum
605 4632 661 4685 ἐκ
710 4631 962 4705 παγίδος.
1022 4636 1080 4690 Ἠ
1134 4640 1224 4710 μιν
1266 4640 1368 4712 γὰρ
1424 4636 1618 4714 δορκὰς
1672 4640 1764 4693 ἁν-

1914 4641 2139 4698 laritate
2170 4641 2307 4714 capi
2344 4639 2575 4712 laqueis
2604 4653 2727 4695 non
2758 4642 2992 4710 potest;
3040 4635 3180 4691 inde
3211 4638 3302 4690 est
3342 4634 3528 4689 etiam

165 4723 349 4785 ὑετὸς
410 4722 531 4775 ἐστι
575 4728 685 4783 τοῖς
732 4721 957 4797 βρόχοις
1002 4722 1074 4777 δι’
1119 4725 1349 4789 ὀξύτητα
1394 4737 1487 4791 τῆς
1514 4731 1761 4803 ὁράσεως⁸

1915 4731 2041 4802 ςυοά
2078 4731 2141 4787 id
2167 4730 2433 4787 nominis
2465 4727 2762 4801 acceperit
2806 4742 2843 4782 a
2883 4725 3128 4798 proprio
3174 4723 3341 4779 visus
3389 4736 3529 4776 acu-

166 4813 263 4865 ἕθεν
308 4817 407 4864 καὶ
461 4810 732 4883 ἕπὼνυμός
779 4810 892 4864 ἐστι
938 4822 1035 4876 τῆς
1076 4814 1270 4877 οἰκείας
1316 4814 1647 4892 ὀξυδορκίας·
1708 4822 1766 4872 τό

1914 4820 2065 4876 nine:
2091 4820 2220 4876 avis
2248 4834 2408 4888 vero,
2436 4816 2485 4873 si
2508 4817 2692 4873 modo
2722 4815 2836 4872 sibi
2866 4813 3157 4882 attendat,
3187 4811 3303 4867 levi
3325 4823 3528 4882 penna

169 4897 412 4976 ἔτερ-νων
460 4903 645 4973 κούφῳ
672 4909 745 4971 τῷ
785 4910 958 4975 πτερῷ
999 4902 1316 4979 ὑψηλότερον
1358 4914 1455 4970 τῆς
1493 4906 1768 4971 ἐπιϐουλῆς

1913 4925 2127 4966 ursum
2156 4914 2370 4982 erecta,
2402 4907 2673 4965 redditur
2702 4904 2876 4964 altior
2904 4918 3093 4977 quam
3122 4905 3190 4958 ut
3216 4898 3445 4957 incidat
3465 4896 3527 4952 in

222 5028 271 5063 τι
300 5031 323 5084 ι
349 5029 470 5086 Cor
504 5039 583 5092 iv,
612 5030 665 5080 5.
696 5025 744 5060 ⁷⁷
773 5026 973 5084 Matth.
1002 5043 1059 5100 γ,
1089 5032 1179 5087 28.
1211 5028 1261 5064 ⁷⁸
1291 5030 1477 5088 Eccle.
1510 5048 1590 5103 Ix,
1623 5034 1711 5091 20.
1741 5035 1787 5071 7°
1814 5036 1987 5092 Prov.
2015 5050 2093 5105 τι,
2120 5038 2173 5091 ὅ.

228 5173 339 5251 (1-1)
386 5166 547 5251 Editi
573 5170 638 5251 e_t_
668 5170 821 5251 ἧος.
851 5169 1081 5251 .tertius
1126 5180 1227 5251 τῷν
1257 5172 1439 5245 λόγων.
1466 5176 1578 5251 _Alii
1626 5193 1772 5234 mss.

1914 5175 1992 5231 ἴδε
2016 5196 2028 5231 :
2062 5194 2199 5251 quae
2223 5177 2525 5251 scriptura
2546 5175 2671 5251 viro
2688 5171 3053 5251 doctissimo
3077 5166 3273 5248 magis
3292 5164 3528 5251 placet;

174 5243 571 5318 fminarum.
597 5238 827 5297 ibidem
847 5240 908 5297 in
930 5244 1074 5314 Reg.
1102 5244 1300 5315 primo
1323 5238 1777 5318 ριὀρπιστάσεως
1888 5264 2003 5305 nec
2037 5238 2516 5305 diﬂitebor'eam
2554 5245 2703 5301 mihi
2740 5257 2986 5318 quoque
3036 5239 3231 5318 magis
3271 5238 3531 5318 placere.

178 5308 371 5383 humi
406 5308 725 5387 eadem.
1017 5308 1047 5314 '
1103 5308 1123 5315 ·
1325 5308 1345 5318 ’
1439 5308 1455 5318 ·
1761 5308 1775 5312 ⁷

1920 5322 2184 5386 Quoniam
2234 5326 2435 5376 tamen
2490 5318 2590 5373 alii
2643 5308 2795 5370 mss'.
2851 5308 3165 5387 vulgatam
3208 5308 3534 5366 lectionem

232 5378 338 5443 im
383 5383 541 5442 Editi
573 5378 779 5437 διώκει.
804 5389 876 5441 At
902 5400 1053 5441 mss.
1077 5385 1350 5461 plerique
1377 5405 1589 5448 omnes
1614 5410 1772 5464 μετα-

1567 5408 1589 5447 s
1614 5410 1772 5464 μετα·
1882 5378 2214 5465 prefcrunt,
2241 5390 2388 5465 nihil
2415 5386 2780 5465 mutandum
2809 5378 3181 5465 censuimus.

188 5448 361 5511 ιω...
683 5524 701 5537 θ
1078 5448 1099 5459 ·
1251 5448 1272 5461 ⁸
1614 5448 1623 5464 ·

1952 5466 2060 5535 (14)
2104 5448 2505 5537 Regsprimus
2530 5461 2617 5537 ad
2657 5456 2779 5537 rei}.
2814 5452 3532 5537 Ewrﬁpchnap‘awﬂpar'a,

240 5532 337 5606 (t3)
378 5524 949 5606 Unus_codex__Reg.
976 5532 1035 5583 et
1061 5528 1206 5606 editi
1230 5535 1289 5584 τὸ
1330 5533 1610 5606 ὀρᾷν.ίΑ1ὶὶ
1645 5550 1771 5591 non

1923 5524 2583 5606 racépza'shwazoga.
2656 5527 2887 5606 Ibidem
2958 5524 3101 5584 eum
3144 5524 3375 5582 λείπεται
3428 5524 3537 5579 οὖν.

192 5602 340 5665 μιαεὶ
365 5608 443 5671 τῷ
472 5601 629 5672 ὁρᾲν.
661 5598 872 5655 Statim
893 5614 1050 5655 unus
1098 5602 1292 5661 codex
1330 5598 1597 5664 Co'mbef.
1628 5615 1768 5661 νῶτα

1330 5598 1597 5664 σθ’ωδθί.
1628 5615 1768 5661 νῶτα
1873 5598 2037 5663 Multi
2063 5598 2203 5664 libri
2225 5608 2457 5664 veteres
2485 5602 2719 5656 λείπεται
2748 5604 2920 5654 τοίνυν

634 5692 887 5749 ΡΔτιιοΙ..
914 5692 1015 5749 GR.
1043 5694 1221 5756 XXXI.

3236 5697 3268 5755 7
