4088 6194
563 310 670 365 203
1951 305 2006 360 s.
2040 302 2290 358 BASILII
2325 305 2564 363 suam.
3816 322 3916 378 20,,

566 444 878 503 aucupum
905 427 1181 486 insidias.
1210 429 1364 486 Cave
1387 427 1588 498 igitur,
1614 443 1690 484 ne
1719 426 1915 484 brutis
1945 426 2180 482 animari

2295 436 2426 481 ,τῶν
2475 429 2811 504 ἀγρευόντων,
2855 436 2975 488 ὃταν
3039 441 3302 511 προσέχῃ,
3371 443 3588 510 γίνεταί.
3647 440 3779 516 Ὀρα
3830 441 3909 495 οὖν

563 521 722 577 tibus
746 518 1005 576 deterior
1025 518 1260 573 videare
1309 517 1388 573 ad
1433 517 1694 589 teipsum
1725 514 2177 573 custodiendum

2324 521 2395 589 μὴ
2428 525 2620 594 χείρων
2656 532 2817 596 φανῇς
2851 533 2949 576 τῶν
2989 524 3186 597 ἀλόγων
3229 531 3359 601 πρὸς
3409 533 3505 586 τὴν
3551 514 3769 583 σεαυτοῦ
3816 554 3907 605 φυ-

561 611 892 684 nequando
907 609 1142 682 laqueis
1158 609 1655 681 irretitus,praeda
1673 607 1951 664 efﬁciaris
1965 605 2170 661 diabol

2323 605 2502 667 λακήν·
2561 618 2782 684 μήποτε,
2851 623 2966 677 ταῖς
3025 621 3243 688 παγίσιν
3309 617 3482 685 ἁλούς,
3541 621 3752 694 θήραμα
3793 626 3903 696 γένη

563 701 642 760 ab
672 718 745 758 eo
775 705 985 774 captus
1014 704 1072 756 et
1095 698 1176 756 ad
1218 697 1382 755 illius
1411 699 1789 756 voluntatem
1821 696 2123 755 adductus
2144 697 2177 731 ⁸⁴

2322 706 2413 749 τοῦ
2468 695 2502 752 δ
2509 699 2736 775 ιαϐόλου,
2773 702 3129 778 ἔξωγρημένος
3175 705 3259 758 ὑπ’
3304 705 3464 760 αὑτοῦ
3509 707 3581 770 εἰς
3627 712 3688 762 τὸ
3727 695 3905 764 ἐκείνου

2325 787 2542 862 θέλημα.

631 911 682 963 3.
723 905 986 962 Attende
1009 904 1213 977 itaque
1245 904 1356 960 tibi
1397 906 1553 974 ipsi:
1587 904 1704 960 hoc
1755 907 1865 958 est.
1913 906 2040 959 Non
2073 901 2208 971 tuis,

2391 908 2444 961 3.
2488 912 2728 980 Πρόσεχε
2766 906 2854 962 οὖν
2899 920 3119 983 σεαυτῷ·
3167 917 3430 982 τουτέστι,
3471 919 3618 973 Mirr:
3659 923 3766 977 τοῖς
3803 925 3906 980 σοῖς

555 1011 756 1067 neque
793 995 886 1050 bis
925 1011 1061 1067 quae
1101 994 1325 1050 circum
1366 998 1421 1048 te
1463 999 1622 1062 sunt,
1663 993 1771 1048 sed
1812 992 1916 1047 tibi
1955 991 2069 1064 ipsi
2103 1006 2169 1046 so

2319 997 2452 1065 μήτε
2480 1004 2592 1058 τοῖς
2637 1002 2757 1072 περὶ
2799 1001 2875 1065 σε,
2902 997 3029 1052 ἀλλὰ
3069 1009 3271 1072 σεαυτῷ
3297 1006 3436 1074 μόνῳ
3480 1007 3730 1076 πρόσεχε.
3762 1004 3905 1059 Ἀλλο

557 1085 820 1142 attende.
847 1084 1026 1140 Aliud
1056 1085 1218 1140 enim
1261 1100 1473 1138 sumus
1494 1099 1606 1138 nos
1637 1081 1953 1154 ipsi,aliud
1980 1088 2171 1137 nostri

2317 1085 2417 1157 γάρ
2469 1083 2621 1158 ἐσμεν
2679 1089 2829 1160 ἡμεῖς
2876 1089 3044 1155 αὐτοὶ,
3104 1095 3193 1142 καὶ
3241 1089 3362 1142 ἄλλο
3414 1094 3480 1142 τά
3537 1091 3776 1168 ἡμὲτερα,
3821 1101 3905 1148 καὶ

554 1174 717 1232 aliud
739 1192 874 1247 quae
898 1174 1122 1229 circum
1146 1188 1257 1228 nos
1279 1177 1439 1227 sunt.
1469 1174 1590 1227 Nos
1615 1171 1863 1243 quidem
1889 1171 2094 1226 anima
2115 1186 2168 1224 ει

2317 1173 2440 1225 ἄλλο
2474 1177 2539 1226 τὰ
2566 1180 2684 1251 περὶ
2723 1179 2881 1248 ἡμᾶς.
2927 1178 3103 1251 Ἡμεῖς
3131 1183 3220 1252 μὶν
3254 1176 3342 1231 οὖν
3374 1179 3526 1253 ἔσμεν
3566 1183 3596 1239 ἡ
3643 1181 3791 1254 ψυχή
3821 1189 3904 1236 καὶ

552 1280 690 1320 mus
720 1268 776 1318 et
806 1279 1002 1330 mens,
1033 1267 1334 1334 quatenus
1375 1260 1454 1316 ad
1502 1260 1833 1329 imaginem
1871 1259 2166 1316 Couditori

2317 1263 2343 1312 ό
2386 1270 2523 1330 νοῦς,
2553 1267 2683 1317 καθὸ
2737 1267 2850 1318 κατ’
2893 1267 3063 1320 εἰκόνα
3118 1277 3208 1321 τοῦ
3255 1274 3534 1332 κτίσαντος
3579 1275 3901 1344 γεγενήμεθα*

550 1371 761 1410 sumus
791 1353 932 1408 facti
957 1374 970 1420 ;
999 1357 1278 1408 nostrum
1311 1367 1450 1407 vero
1482 1367 1704 1423 corpus
1737 1356 1846 1418 est,
1883 1355 1942 1406 et
1967 1350 2072 1422 qui
2101 1365 2164 1421 pe

2316 1352 2560 1426 ἡμέτερον
2600 1350 2660 1406 δὲ
2688 1357 2745 1406 τὸ
2781 1364 2934 1428 σῶμα
2961 1362 3051 1408 καί
3081 1360 3135 1409 αὶ
3175 1353 3248 1409 δι’
3281 1358 3441 1410 αύτοῦ
3473 1359 3586 1430 (15)
3618 1360 3899 1424 αἰσθήσεις·

545 1444 751 1517 ipsum
802 1447 943 1498 sunt
969 1457 1184 1497 sensus
1215 1458 1228 1507 ;
1263 1439 1490 1496 circum
1534 1455 1647 1495 nos
1677 1445 1882 1496 autem
1908 1438 2159 1511 pecunia

2314 1446 2431 1514 περὶ
2479 1444 2617 1514 ἡμᾶς
2673 1439 2751 1510 δὲ,
2801 1450 3079 1518 χρήματα,
3133 1450 3318 1518 τέχναι
3379 1452 3469 1500 καὶ
3531 1449 3560 1505 ἡ
3616 1447 3766 1507 λοιπὴ
3816 1458 3901 1503 τοῦ

546 1537 703 1588 artes
755 1534 814 1587 et
869 1530 1101 1602 reliqua
1131 1530 1262 1585 vitae
1318 1529 1654 1601 suppellex.
1687 1529 1841 1595 Quid
1897 1528 2079 1597 igitur
2127 1543 2160 1583 a

2315 1529 2439 1602 βίου
2469 1537 2791 1591 κατασκευή.
2833 1538 2896 1586 Τί
2936 1531 3022 1586 οὖν
3050 1555 3208 1607 φησιν
3247 1537 3272 1586 ό
3309 1535 3493 1607 λόγος;
3535 1541 3619 1596 Μὴ
3648 1546 3710 1610 τῇ
3755 1544 3902 1612 σαρκὶ

545 1620 849 1692 Scriptura
873 1620 901 1675 ?
932 1623 1012 1676 Ne
1046 1619 1213 1674 carni
1245 1618 1508 1688 attende,
1541 1634 1650 1673 nec
1682 1617 1806 1673 ullo
1845 1616 2032 1673 modo
2072 1631 2159 1688 pri

2312 1623 2564 1693 πρόσεχε,
2611 1619 2750 1694 μηδὲ
2793 1626 2852 1675 τὸ
2891 1626 3086 1686 ταύτης
3133 1623 3327 1696 ἀγαθὸν
3376 1624 3430 1676 ἐκ
3481 1630 3674 1689 παντὸς
3716 1633 3901 1701 τρόπου

542 1727 796 1784 sequare
822 1709 980 1765 illius
1011 1709 1197 1774 bona,
1213 1708 2091 1781 sanitatem,pulchritudinem,
2108 1723 2156 1761 Vt

2315 1703 2491 1762 δίωκε·
2548 1711 2724 1783 ύγείαν
2772 1717 2862 1765 καὶ
2903 1713 3088 1776 κάλλος
3135 1719 3223 1766 καὶ
3281 1711 3482 1772 ἡδονῶν
3526 1718 3638 1784 (16)
3685 1715 3904 1769 ἀπολαύ-

537 1781 843 1872 luptatum
878 1809 1076 1866 usum,
1108 1798 1356 1868 longam
1386 1798 1604 1866 vitam;
1633 1813 1747 1853 nec
1778 1796 2070 1870 pecunias
2103 1811 2151 1850 a1

2315 1815 2440 1865 σεις,
2473 1804 2562 1852 καὶ
2588 1781 2971 1873 μακροϐίωσιν·
3005 1799 3144 1874 μηδὲ
3173 1808 3432 1877 χρήματα
3476 1781 3567 1856 καί
3611 1781 3789 1877 δόξαν,
3817 1811 3903 1859 καὶ

541 1888 821 1960 gloriam,
854 1892 959 1944 aut
987 1888 1319 1960 potentiam
1353 1886 1655 1942 admirare
1682 1905 1694 1954 ;
1746 1901 1858 1941 nec
1890 1884 2008 1940 alia
2036 1899 2155 1956 qua

2313 1883 2623 1942 δυναστείαν
2683 1891 2938 1962 θαύμαζε·
2992 1888 3131 1963 μηδὲ
3174 1894 3274 1944 ὅσα
3319 1911 3404 1944 σοι
3452 1898 3568 1963 (17)
3615 1903 3712 1956 τῆς
3738 1914 3901 1968 προσ-

542 1993 783 2050 cunque
814 1976 1168 2050 temporalis
1201 1981 1318 2032 ture
1339 1975 1473 2031 vitae
1499 1991 1756 2030 munera
1786 1975 2047 2046 explent,
2079 1989 2156 2028 mi

2309 1982 2494 2051 καίρου
2566 1979 2706 2042 ζωῆς
2761 1985 2856 2038 την
2900 1981 3189 2053 ὑπηρεσίαν
3240 1981 3450 2055 πληροῖ,
3505 1990 3671 2034 ταῦτα
3711 1983 3903 2055 μεγάλα

539 2083 660 2138 gna
703 2071 809 2124 aut
837 2067 1060 2122 eximia
1115 2066 1267 2122 tanti
1321 2065 1588 2132 duxeris,
1641 2069 1708 2121 ut
1742 2065 1962 2120 horum
2003 2063 2153 2118 studi

2307 2072 2548 2140 νομίσας,
2599 2077 2661 2140 τῇ
2717 2075 2834 2142 περὶ
2887 2078 3055 2122 ταῦτα
3113 2067 3322 2143 σπουδῇ
3381 2080 3478 2133 τῆς
3514 2077 3903 2144 προηγουμένης

537 2158 894 2230 primariam
924 2163 1092 2212 tuam
1119 2156 1308 2212 vitam
1334 2155 1630 2224 negligas,
1673 2155 1779 2209 sed
1810 2154 2054 2210 attende
2094 2155 2151 2208 tit

2311 2165 2530 2209 σεαυτοῦ
2602 2159 2743 2219 ζωῆς
2815 2159 3110 2232 καταμέλει·
3179 2157 3308 2211 ἀλλὰ
3381 2166 3614 2234 πρόσεχε
3683 2171 3897 2232 σεαυτῷ·

535 2248 697 2318 ipsi;
722 2247 839 2303 hoc
871 2252 980 2312 est,
1015 2246 1233 2302 animae
1257 2251 1392 2300 tute.
1419 2247 1656 2299 Exorna
1675 2243 1934 2314 illam,et
1953 2243 2082 2313 ejus
2104 2259 2149 2298 Cl

2304 2251 2565 2313 τουτέστι,
2598 2255 2658 2319 τῇ
2706 2246 2860 2319 ψυχῇ
2896 2265 3010 2302 σου.
3053 2250 3258 2306 Ταύτην
3287 2255 3630 2322 κατακόσμει,
3657 2256 3746 2302 καὶ
3774 2254 3899 2303 ταύ-

535 2353 667 2394 ram
702 2352 863 2407 gere,
898 2341 964 2391 ut
995 2335 1204 2392 sordes
1235 2349 1449 2390 omnes
1489 2350 1560 2388 ex
1592 2333 1868 2404 nequitia
1890 2333 2007 2404 ipsi
2033 2348 2149 2388 acci

2304 2354 2400 2396 της
2452 2334 2712 2408 ἐπιμελοῦ,
2756 2339 2888 2394 ὥστε
2937 2340 3106 2389 πάντα
3143 2340 3236 2410 μὲν
3282 2343 3370 2390 τὸν
3418 2337 3473 2391 ἐκ
3514 2346 3610 2399 τῆς
3655 2345 3900 2412 πονηρίας

536 2427 766 2497 dentes,
793 2425 1274 2482 submoveantur
1298 2439 1404 2496 per
1426 2422 1615 2479 animi
1640 2422 2054 2491 attentionem,
2077 2437 2150 2477 on

2305 2422 2653 2497 ἕπιγινόμενον
2720 2425 2851 2498 αύτῇ
2919 2427 3080 2500 ῥύπον
3142 2425 3606 2500 ἀποικονομεῖσθαι
3662 2425 3754 2480 διὰ
3806 2437 3900 2490 τῆς

537 2515 753 2587 nisque
784 2513 1064 2570 vitiorum
1097 2511 1407 2584 turpitudo
1455 2515 1842 2584 expurgetur,
1875 2526 1946 2566 ac
1989 2515 2151 2566 contr

2303 2523 2601 2587 προσοχῆς,
2634 2522 2734 2568 πᾶν
2781 2512 2814 2567 δ
2819 2520 2839 2568 ξ
2867 2519 2926 2567 τὸ
2955 2515 3066 2580 ,ἀπὸ
3097 2521 3284 2578 κακίας
3316 2514 3511 2588 αἶσχος
3549 2516 3897 2593 ἀποκαθαίρε-

539 2604 977 2660 condecoretur
1005 2602 1454 2674 illustreturque
1479 2601 1646 2656 omni
1695 2599 1925 2654 virtutis
1954 2603 2153 2654 ornati

2307 2606 2451 2670 σθαι,
2506 2609 2661 2656 παντὶ
2690 2601 2778 2676 ,δε
2824 2613 2897 2675 τῷ
2957 2603 3010 2666 ἐξ
3079 2603 3265 2678 ἀρετῆς
3312 2605 3484 2658 κάλλει
3555 2615 3899 2680 κατακοσμεῖν

537 2693 917 2748 Perscrutare
950 2696 1005 2748 te
1032 2691 1181 2763 ipse,
1216 2691 1353 2763 quis
1385 2690 1466 2744 sis
1496 2705 1509 2755 ;
1539 2689 1633 2744 fac
1671 2700 1893 2744 noscas
1915 2693 2083 2744 tuam
2107 2689 2151 2760 i1

2304 2693 2466 2752 αὐτὴν
2534 2699 2624 2746 καὶ
2694 2690 3014 2767 φαιδρύνειν.
3089 2693 3358 2756 Ἐξέτασον
3430 2699 3646 2748 σεαυτὸν
3703 2702 3782 2760 τὶς
3833 2696 3896 2765 εἶ,

539 2782 662 2837 sius
711 2788 1014 2848 naturam,
1044 2781 1331 2836 nimirum
1389 2796 1610 2852 corpus
1640 2777 1889 2851 quidem
1942 2777 2153 2834 mortal

2302 2785 2466 2856 γνῶθι
2498 2791 2693 2836 σαυτοῦ
2719 2788 2812 2842 τὴν
2839 2786 3013 2855 φύσιν·
3047 2785 3128 2835 ὅτι
3168 2785 3350 2841 θνητὸν
3381 2789 3470 2857 μὲν
3498 2803 3591 2838 σου
3628 2789 3688 2838 τὸ
3729 2793 3899 2858 σῶμα,

536 2887 689 2939 esse,
723 2871 994 2927 animam
1017 2886 1160 2926 vero
1193 2869 1601 2926 immortalem
1636 2885 1648 2924 :
1699 2869 1862 2936 item,
1892 2867 2150 2939 duplicei

2306 2872 2560 2936 ἀθάνατος
2591 2870 2650 2925 δε
2680 2875 2709 2931 η
2747 2872 2925 2944 ψυχή·
2971 2879 3060 2926 καὶ
3109 2875 3188 2925 ὅτι
3242 2870 3402 2933 διπλῆ
3445 2879 3524 2936 τίς
3572 2873 3712 2926 ἐστιν
3759 2877 3902 2947 ἡμῶν

537 2976 673 3017 esse
700 2960 885 3016 vitam
907 2959 1461 3027 nostram,alteram
1495 2957 1692 3013 carnis
1718 2957 2052 3029 propriam,
2083 2957 2151 3011 cit

2305 2965 2336 3021 ἡ
2368 2963 2498 3023 ζωή·
2541 2965 2570 3020 ἡ
2604 2965 2693 3035 μὲν
2733 2962 2898 3014 οἰκεία
2939 2970 3000 3021 τῆ
3047 2968 3224 3037 σαρκὶ,
3252 2967 3395 3035 ταχύ
3433 2969 3818 3038 παρερχομένη·
3870 2965 3900 3024 ἠ

540 3054 954 3107 transeuntem
984 3066 999 3116 ;
1034 3049 1288 3105 alteram
1339 3047 1556 3104 animas
1603 3053 1948 3117 cognatam,
1980 3046 2154 3102 limite

2308 3050 2367 3106 δε
2425 3057 2680 3125 συγγενὴς
2733 3061 2794 3126 τῇ
2868 3052 3046 3125 ψυχῇ,
3099 3058 3170 3126 μὴ
3223 3051 3483 3126 δεχομένη
3557 3060 3902 3130 περιγραφήν.

540 3139 742 3196 nullas
768 3139 1206 3195 admittentem.
1251 3139 1511 3194 Attende
1531 3152 1674 3206 ergo
1706 3136 1816 3192 tibi
1839 3137 1974 3205 ipsi,
2002 3152 2154 3208 nequ

2309 3148 2547 3218 Πρόσεχε
2594 3139 2680 3194 οὖν
2739 3151 2958 3213 σεαυτῷ,
3013 3148 3144 3215 μήτε
3186 3149 3296 3205 τοῖς
3332 3145 3539 3206 θνητοῖς
3585 3147 3654 3205 ὡς
3710 3141 3907 3208 ἀῖδίοις

484 3252 497 3260 ·
540 3229 614 3284 iis
644 3245 781 3302 quas
825 3228 1094 3300 peritura
1120 3231 1281 3290 sunt,
1310 3243 1380 3282 ac
1414 3227 1458 3280 si
1487 3230 1711 3281 aeterna
1741 3230 1966 3290 essent,
1999 3225 2098 3279 ad}

2307 3231 2661 3305 ἐναπομείνης,
2739 3237 2871 3304 μήτε
2946 3241 3045 3283 τῶν
3119 3229 3304 3285 ἀϊδίων
3371 3235 3442 3295 ὡς
3503 3237 3907 3308 παρερχομένων

542 3318 923 3388 seris,neque
944 3321 1167 3372 aeterna
1182 3315 1358 3387 quasi
1378 3314 1542 3369 ﬂuxa
1562 3313 1922 3386 asperneris.
1944 3315 2156 3370 Carner

2307 3326 2728 3393 καταφρονήσῃς.
2804 3319 3054 3392 Ὑπερόρα
3111 3324 3326 3394 σαρκὸς,
3399 3325 3723 3394 παρέρχεται
3780 3324 3904 3396 γάρ·

539 3404 850 3477 despicito,
866 3405 1094 3476 quippe
1115 3419 1252 3475 quae
1274 3407 1567 3470 transeat;
1593 3417 1805 3457 curam
1826 3401 2055 3457 habeas
2077 3417 2152 3457 an

2308 3409 2546 3483 ἐπιμελοῦ
2611 3408 2818 3480 ψυχῆς,
2890 3411 3196 3484 πράγματος
3267 3409 3546 3464 ἀθανάτου.
3627 3411 3909 3468 Ἐπίστηθι

541 3511 656 3552 ma:
687 3494 772 3550 rei
806 3495 917 3564 19
946 3492 1337 3548 immortalis.
1367 3491 1569 3564 {,Omni
1604 3491 1912 3561 diligentia
1949 3491 2052 3548 tibi
2084 3491 2155 3563 ip:

2307 3503 2434 3572 μετά
2487 3501 2665 3559 πάσης
2718 3496 2983 3571 ἀκριϐείας
3038 3507 3257 3570 σεαυτῷ,
3312 3499 3394 3550 ἵνα
3445 3495 3592 3570 εἰδῇς
3645 3495 3906 3571 διανέμειν

534 3583 803 3654 intende,
837 3590 899 3638 ut
927 3581 1094 3655 quod
1127 3582 1362 3654 utrique
1411 3580 1797 3653 profuturum
1826 3581 1924 3648 sit,
1953 3596 2145 3636 nover

2307 3589 2526 3662 ἑκατέρῳ
2597 3591 2656 3640 τὸ
2725 3592 3040 3662 πρόσφορον,
3090 3593 3247 3661 σαρκὶ
3308 3591 3400 3661 μὲν
3462 3584 3751 3662 διατροφὰς
3812 3593 3908 3641 καὶ

535 3673 856 3746 dispertiri,
881 3672 1047 3728 carni
1075 3671 1325 3744 quidem
1355 3670 1706 3726 alimoniam
1731 3674 1788 3725 et
1815 3676 2149 3739 tegumenta

2308 3680 2672 3751 σκεπάσματα,
2727 3675 2882 3749 ψυχῇ
2940 3673 2999 3729 δὲ
3057 3672 3301 3750 δόγματα
3351 3676 3632 3743 εὐσεϐείας,
3692 3675 3908 3750 ἀγωγην

535 3763 755 3822 animae
782 3778 924 3818 vero
945 3762 1179 3834 pietatis
1205 3761 1516 3831 dogmata,
1549 3759 1990 3815 institutionem
2014 3760 2149 3816 urbs

2305 3765 2534 3834 ἀστείαν,
2592 3765 2778 3841 ἀρετῆς
2825 3769 3074 3833 ἄσκησιν,
3119 3768 3296 3818 παθῶν
3345 3765 3715 3839 ἐπανόρθωσιν·
3772 3771 3911 3839 μήτε

533 3868 700 3920 nam,
723 3852 957 3907 virtutis
978 3851 1490 3918 exercitationem,
1513 3850 1796 3904 vitiorum
1826 3848 2147 3904 em‘endatii

2303 3858 2653 3931 ὑπερπιαίνειν
2725 3860 2784 3908 τὸ
2841 3865 3012 3928 σῶμα,
3074 3861 3206 3928 μήτε
3269 3860 3386 3928 περὶ
3433 3859 3518 3908 τὸν
3581 3854 3739 3926 ὄχλον
3802 3864 3910 3908 τῶν

530 3956 695 3997 nem.
732 3942 938 4012 Neque
967 3955 1111 3995 vero
1132 3938 1270 4009 plus
1296 3954 1476 4010 aequo
1505 3937 1920 4009 pinguet’acias
1946 3953 2144 4008 corpu:

2305 3956 2510 4020 σαρκῶν
2590 3942 2992 4000 ἐσπουδακέναι.
3063 3941 3273 4003 Ἐπειδή
3346 3942 3446 4018 γάρ
3523 3943 3798 4017 Ἐπιθυμεῐ
3874 3946 3908 4004 ἡ

530 4046 728 4103 neque
760 4031 842 4086 sis
898 4027 1192 4084 sollicitus
1222 4027 1296 4082 de
1328 4027 1505 4098 copia
1552 4028 1848 4082 carnium.
1892 4025 2144 4090 Quoniai

2305 4035 2437 4109 σὰρξ
2487 4033 2622 4086 κατά
2675 4042 2767 4086 τοῦ
2816 4036 3126 4108 πνεύματος,
3169 4036 3228 4085 τὸ
3269 4029 3328 4085 δὲ
3369 4039 3573 4104 πνεῦμα
3623 4035 3760 4085 κατά
3809 4043 3916 4097 τῆς

529 4121 692 4176 enim
721 4119 878 4176 Caro
907 4118 1277 4187 concupiscit
1305 4117 1588 4172 adversus
1608 4117 1912 4184 spiritum,
1937 4117 2143 4184 spirits

2303 4128 2517 4198 σαρκὸς,
2571 4131 2739 4176 ταῦτα
2796 4119 2855 4176 δί
2904 4122 3141 4185 ἀλλήλοις
3187 4120 3474 4174 ἀντικειται
3519 4121 3785 4195 (18),ὃρα
3832 4128 3909 4196 μή

527 4216 725 4266 autem
749 4209 1038 4265 adversus
1061 4223 1329 4273 carnem,
1346 4212 1399 4262 et
1425 4205 1548 4261 haec
1568 4205 1683 4260 sibi
1700 4206 1948 4260 invicem
1975 4205 2141 4260 advei

2300 4232 2442 4280 ποτε,
2487 4215 2836 4288 προσθέμενος
2883 4221 2944 4286 τῇ
3009 4217 3185 4286 σαρκὶ,
3253 4210 3444 4270 πολλὴν
3492 4214 3754 4285 παράσχῃ
3809 4217 3914 4271 τὴν

524 4305 744 4355 saritur
776 4299 846 4367 δι,
879 4314 1022 4354 cave
1055 4296 1388 4368 nequando
1424 4295 1705 4350 addictus
1747 4295 1936 4365 carni,
1967 4294 2138 4350 multa

2301 4300 2612 4356 δυναστείαν
2662 4312 2735 4374 τῷ
2784 4307 3008 4376 χείρονι.
3064 4301 3264 4375 Ὠσπερ
3316 4303 3415 4375 γὰρ
3447 4300 3496 4352 ἓν
3548 4309 3665 4362 ταῖς
3709 4302 3914 4375 ῥοπαῖς

522 4387 680 4442 vires
704 4387 931 4441 tribuas
947 4385 1246 4441 deteriori.
1269 4387 1416 4440 Nam
1438 4382 1961 4455 quemadmodum
1983 4383 2043 4438 in
2070 4389 2136 4439 sta

2300 4402 2396 4445 τῶν
2447 4394 2639 4465 ζυγῶν,
2686 4391 2770 4444 ἐὰν
2816 4397 2940 4465 μίαν
2983 4391 3347 4465 καταϐαρύνης
3389 4390 3708 4461 πλάστιγγα,
3771 4409 3914 4443 κου-

519 4479 784 4531 terarum
806 4473 1129 4529 momentis
1155 4488 1336 4528 unam
1359 4471 1598 4528 lancem
1623 4471 1671 4526 si
1692 4471 2133 4543 degravabis,ni

2301 4487 2514 4557 φοτέραν
2587 4484 2792 4544 πάντως
2841 4486 2936 4540 τὴν
3007 4479 3359 4553 ἀντικειμένην
3433 4485 3693 4542 ποιήσεις·
3763 4479 3913 4533 οὕτω

520 4580 685 4620 cesse
705 4569 794 4619 est
811 4563 1063 4619 omnino
1079 4568 1143 4618 ut
1160 4562 1506 4634 oppositam
1524 4561 1745 4616 reddas
1765 4561 2082 4618 leviorem:
2101 4564 2134 4619 il

2299 4577 2386 4624 καὶ
2430 4571 2512 4624 ἐπὶ
2579 4577 2820 4644 σώματος
2848 4575 2938 4623 καὶ
2987 4569 3182 4641 ψυχῆς,
3217 4571 3242 4622 ό
3293 4575 3385 4621 τοῦ
3439 4569 3611 4642 ἐτέρου
3675 4567 3913 4622 πλεονα-

518 4655 701 4711 etiam
731 4654 792 4710 in
813 4669 1065 4726 corpore
1087 4655 1144 4708 et
1184 4651 1580 4719 animo,dum
1623 4668 1811 4708 unum
1856 4653 2132 4710 redunda

2299 4665 2428 4734 σμὸς
2460 4659 2745 4732 ἀναγκαίαν
2792 4667 2928 4714 ποιεῖ
2970 4663 3064 4718 τὴν
3096 4663 3210 4728 (19)
3243 4658 3521 4712 ἄλοίττωσιν
3559 4665 3650 4711 τοῦ
3698 4658 3911 4732 ἐτέρου.

517 4745 775 4802 alterum
797 4743 1148 4800 necessario
1171 4741 1568 4798 imminuitur.
1596 4744 1849 4798 Fruente
1872 4743 2032 4798 enim
2056 4760 2126 4800 co

2301 4758 2537 4824 Σώματος
2584 4753 2674 4823 μεν
2721 4752 2835 4822 γὰρ,
2873 4749 3218 4812 εύπαθοῦντος
3265 4753 3355 4801 καὶ
3410 4747 3744 4822 πολυσαρκίᾳ
3792 4747 3915 4821 βα-

513 4849 662 4908 pore
690 4832 1048 4889 habitudine
1081 4831 1267 4900 bona,
1291 4837 1471 4904 atque
1501 4830 1793 4886 obesitate
1825 4838 2127 4902 aggravati

2301 4844 2590 4913 ουνομίνου,
2625 4837 2821 4911 ἀνάγκη
2856 4835 3056 4912 ἀδρανῆ
3085 4842 3175 4892 καὶ
3225 4839 3406 4891 ἄτονον
3450 4836 3580 4891 εἶναι
3619 4839 3752 4910 πρὸς
3807 4841 3915 4901 τὰς

511 4939 899 4996 consequens
923 4926 1098 4978 estut
1121 4937 1294 4978 mens
1318 4921 1396 4977 ad
1419 4919 1755 4994 peculiares
1772 4921 1887 4976 sibi
1911 4923 2125 4979 actioni

2306 4929 2482 4992 ›ἰκείας
2518 4928 2770 5004 ἐνεργείας
2821 4931 2906 4981 τὸν
2934 4937 3072 4982 νοῦν·
3108 4927 3295 5000 ψυχῆς
3345 4923 3407 4981 δε
3447 4927 3765 4988 εὖεκτούσης
3812 4931 3920 4980 καὶ

507 5015 753 5073 infirma
765 5013 921 5071 sitac
939 5011 1183 5082 debilis;
1210 5011 1654 5082 contra,animo
1668 5027 1729 5068 se
1747 5011 1902 5071 bene
1915 5012 2117 5071 haben

2302 5014 2384 5072 ΐιὰ
2411 5026 2506 5081 τῆς
2553 5026 2654 5071 τῶν
2687 5017 2894 5092 ἀγαθῶν
2936 5017 3151 5093 μελέτης
3193 5021 3326 5092 πρὸς
3353 5020 3413 5071 τὸ
3458 5016 3646 5072 οἰκεῖον
3674 5018 3916 5090 μέγεθος

579 5159 628 5196 ⁸ο
669 5161 717 5216 Il
746 5157 895 5215 Tim.
924 5159 1101 5229 11,26.
1180 5155 1222 5191 ⁸¹
1268 5154 1459 5212 Galat.
1490 5170 1556 5228 v,
1584 5159 1669 5211 17.

723 5340 869 5418 Beg.
904 5337 1221 5418 primus-ani
1255 5332 1349 5418 διὰ
1376 5337 1587 5418 τούτου.

2283 5342 2462 5418 trium
2487 5340 2783 5418 librorum
2813 5345 3083 5418 veterum
3113 5339 3321 5418 secuti.

723 5406 887 5485 Unus
905 5406 1112 5485 codex
1138 5406 1342 5485 ᾖδονῶν
1367 5406 1711 5485 ἀπόλαυσιν...
2149 5478 2158 5485 Δ

2348 5416 2466 5484 (18)
2508 5421 2571 5471 In
2595 5414 2763 5470 Colb.
2803 5415 2974 5470 tertio
3015 5428 3124 5485 pro
3169 5412 3451 5466 ἀντίκειται
3486 5409 3707 5485 legitur
3751 5407 3925 5469 ἀντί-

571 5477 684 5552 {t'l}
725 5479 968 5561 A_i_itiqui
1000 5479 1284 5561 duo‘l‘ibri
1316 5482 1414 5561 ὅσα
1446 5498 1560 5561 σου,
1605 5477 1713 5561 Alii
1746 5494 1892 5561 mss.
1935 5482 1992 5561 et
2018 5478 2163 5539 editi

2314 5477 2494 5540 είνται.
2541 5489 2671 5544 Mox
2718 5491 2981 5559 quatuor
3015 5477 3176 5541 'mss.
3199 5487 3482 5559 παράσχῃ.
3514 5477 3668 5542 Editi
3711 5489 3925 5561 παρά-

496 5549 598 5630 age
628 5571 732 5606 σοι.
756 5549 996 5630 Νθοῖιρ,
1027 5550 1219 5630 multo
1252 5555 1386 5630 post
1415 5549 1560 5630 editi
1585 5553 1809 5630 et_Reg.
1841 5553 2053 5630 tertius
2082 5573 2107 5604 ν

830 5549 996 5630 εοῖιρ,
1027 5550 1219 5630 multo
1252 5555 1386 5630 post
1415 5549 1560 5630 editi
1585 5553 1809 5630 et_Reg.
1841 5553 2053 5630 tertius
2082 5573 2164 5606 νο-
2279 5577 2444 5630 expc.

496 5625 774 5698 μίσας,καὶ
819 5630 906 5694 τῇ·
951 5620 1071 5677 Sed
1119 5615 1400 5678 voculam
1449 5625 1539 5673 καί
1578 5615 1938 5686 delevimus,
1973 5623 2110 5681 ﬁdei

1846 5639 1938 5686 us,
1973 5623 2159 5683 ﬁdem
2315 5615 2465 5702 Ὃν)
2505 5627 2748 5702 Antiqui
2770 5632 2887 5686 tres
2912 5625 3050 5686 libri
3080 5633 3306 5682 ποιεῖται
3345 5632 3458 5686 τήν.
