4088 6194
166 306 273 361 205

1090 295 1386 351 HOMILIA
1421 291 1488 348 ΙΝ
1532 288 1761 353 ILLUD,
1798 282 2181 341 ATTENDE
2225 280 2397 338 TIBI
2426 278 2606 339 IPSI.

3426 282 3533 339 206

169 427 438 500 ύοᾷουμένη
451 444 493 492 ς,
522 424 765 497 ἑπόμενὸν
813 419 929 474 ἐστι
976 423 1071 479 τήν
1100 426 1191 471 τοῦ
1224 424 1465 491 σώματος
1487 413 1592 478 ἕξιν
1618 430 1775 465 κατα-
1804 434 1817 464 ι

1927 405 2273 463 tbonorum
2303 402 2692 461 meditatione
2725 400 2803 459 ad
2826 401 3139 475 propriam
3175 400 3541 474 magnitudi-

167 516 542 593 μαραίνεσθαι.

238 696 293 749 4.
322 695 396 745 T6
428 690 560 744 αύτὸ
593 685 654 742 δε
683 696 841 741 τοῦτο
870 684 1211 761 παράγγελμα
1229 688 1319 737 καὶ
1345 682 1625 736 ἀσθενοῦσι
1645 680 1783 753 χρή-

170 801 344 854 σιμον,
373 786 467 833 καὶ
516 778 828 854 ἐρρωμένοις
871 772 1287 851 ἁρμοδιώτατον.
1320 772 1397 827 Ἐν
1444 774 1534 846 μέν
1581 787 1641 841 γε
1667 774 1784 827 ταῖς

172 871 466 930 ἀσθενείαις
496 871 546 922 οἱ
580 868 752 942 ἰατροὶ
790 874 904 928 τοῖς
947 868 1205 937 κάμνουσι
1246 869 1583 938 παρεγγυῶσι
1624 875 1785 933 προσ-

171 967 313 1035 ἐχειν
344 960 543 1022 αύτούς
574 959 802 1025 ἑαυτοῖς,
853 961 945 1008 καὶ
988 951 1211 1028 μηδενὸς
1257 962 1357 1006 τῶν
1405 951 1476 1011 εἰς
1516 951 1786 1024 θεραπείαν

172 1054 406 1109 ἡκόντων
466 1047 796 1121 καταμελείν.
856 1045 1081 1118 Ὀμοίως
1137 1040 1194 1096 δὲ
1250 1046 1340 1094 καὶ
1387 1042 1412 1092 6
1459 1040 1636 1113 ἰατρὸς
1688 1043 1788 1089 τῶν

171 1140 365 1212 ψυχῶν
420 1140 571 1211 ἡμῶν
618 1137 771 1208 λόγος
817 1134 933 1206 (20)
979 1138 1071 1192 τὴν
1119 1134 1217 1184 ὑπὸ
1262 1138 1358 1192 τῆς
1401 1129 1660 1204 ἁμαρτίας
1701 1144 1791 1178 κε-

176 1233 490 1301 κακωμένην
522 1227 713 1299 ψυχὴν
741 1221 838 1278 διὰ
864 1231 959 1277 τοῦ
999 1229 1187 1297 μικροῦ
1232 1224 1418 1273 τούτου
1453 1217 1796 1292 βοηθήματος

172 1319 399 1383 ἑξιᾱιται.
459 1322 705 1391 Ηρόσεχε
749 1311 837 1368 οὖν
893 1321 1113 1384 σεαυτῷ,
1178 1313 1261 1363 ἶνα
1324 1311 1459 1362 κατὰ
1525 1306 1796 1378 ἀναλογίαν

170 1417 265 1462 τοῦ
308 1405 772 1479 πλημμελήματος
819 1409 910 1456 καὶ
956 1406 1052 1460 τὴν
1095 1399 1149 1452 ἐκ
1195 1407 1292 1461 τῆς
1342 1401 1616 1471 θεραπείας
1660 1393 1797 1468 βοή-

171 1501 315 1553 θειαν
347 1493 621 1568 καταδέξη
657 1497 794 1566 21).
827 1496 978 1564 Μέγα
1014 1494 1101 1542 καὶ
1141 1489 1373 1562 χαλεπὸν
1400 1491 1457 1539 τὸ
1490 1486 1797 1560 ἁμάρτημα·

170 1587 373 1647 tam;
430 1605 517 1638 σοι
566 1587 728 1657 χρεία
774 1590 871 1643 τῆς
918 1579 1371 1652 ἐξομολογήσεως,
1426 1573 1667 1649 δακρύων
1718 1593 1804 1627 πι-

1886 512 2028 552 nem
2047 499 2275 564 evecto,
2291 493 2565 566 sequitur
2582 491 2816 549 bonam
2834 493 3103 566 corporis
3120 491 3541 552 habitudinem

1889 585 2318 643 contabescere
2348 588 2404 641 et
2432 582 2778 653 elanguere.

1850 671 1871 692 ’
1961 678 2016 731 4.
2060 677 2241 730 Porro
2284 673 2403 729 hoc
2457 672 2621 729 idem
2665 675 3038 745 praeceptum
3093 687 3234 728 cum
3285 672 3544 730 inﬁrmis

1894 763 2203 831 conducit,
2230 768 2360 819 tum
2390 762 2654 819 maxime
2684 762 2959 832 congruit
2993 760 3150 818 bene
3177 762 3544 822 valentibus.

1895 857 1963 911 Et
1990 854 2052 909 in
2081 852 2310 909 morbis
2336 852 2588 925 quidem
2612 850 2832 907 medici
2852 850 3253 908 adhortantur
3266 858 3545 923 aegrotos,

1896 947 1964 1000 ut
1990 942 2109 999 sibi
2134 942 2251 1014 ipsi
2282 941 2617 1010 attendant,
2638 940 2909 1013 nihilque
2934 956 3143 997 eorum
3168 957 3307 1014 quae
3328 942 3409 998 ad
3427 958 3552 1000 me-
3584 934 3595 943 ’

1898 1032 2100 1089 delam
2147 1030 2448 1103 pertinent
2487 1029 2813 1101 negligant.
2846 1030 3143 1087 Eumdem
3188 1036 3269 1088 ad
3296 1031 3553 1089 modum

1902 1137 2102 1179 sermo
2132 1121 2337 1187 etiam,
2368 1120 2713 1177 animarum
2742 1124 3089 1176 nostrarum
3108 1120 3403 1187 medicus,
3430 1121 3557 1179 ani-

1902 1227 2070 1270 mam
2093 1226 2129 1267 a
2157 1214 2407 1283 peccato
2436 1208 2596 1265 male
2616 1208 2895 1266 aﬂectam
2916 1209 3137 1279 exiguo
3156 1209 3273 1266 hoc
3285 1210 3557 1269 remedio

1903 1304 2215 1375 persanat.
2237 1300 2503 1356 Attende
2530 1298 2710 1369 igitur
2741 1298 2849 1354 tibi
2867 1300 3001 1369 ipsi,
3024 1303 3091 1355 ut
3117 1314 3227 1371 pro
3247 1299 3449 1356 delicti
3467 1316 3561 1358 ra-

1908 1393 2070 1448 tione
2081 1390 2335 1463 recipias
2348 1390 2530 1446 etiam
2552 1388 2895 1446 subsidium
2915 1388 3264 1446 curationis.
3278 1392 3562 1461 Magnum
3662 1464 3665 1469 _

1911 1485 2000 1537 est
2026 1485 2347 1553 peccatum
2377 1482 2435 1535 et
2464 1494 2670 1549 grave,
2700 1478 2893 1535 multa
2917 1478 3023 1535 tibi
3042 1494 3196 1550 Opus
3215 1483 3308 1536 est
3331 1480 3566 1536 confes-

1914 1569 2103 1636 sione,
2127 1568 2415 1641 lacrymis
2450 1567 2697 1637 amaris,
2718 1567 2959 1623 intentis
2996 1568 3229 1640 vigiliis,
3263 1567 3395 1641 jugi
3416 1569 3569 1641 jeju-

171 1686 334 1752 χρὼν,
390 1678 651 1728 συντόνου
698 1679 797 1732 τῆς
841 1668 1150 1745 ἀγρυπνίας,
1202 1663 1542 1720 ἀδιαλίίπτθυ
1582 1671 1680 1725 τῆς
1716 1682 1805 1721 1m-

1927 1659 2036 1715 :iio.
2068 1661 2218 1715 Leve
2243 1663 2335 1715 est
2360 1663 2417 1714 et
2446 1657 2757 1714 tolerabile
2795 1657 3080 1714 delictum
3108 1677 3121 1714 :
3153 1658 3293 1715 huic
3322 1674 3570 1732 quoque

176 1750 392 1826 στείας.
454 1768 665 1833 Κοῦφον
711 1765 802 1812 καὶ
850 1760 1072 1831 φορητὸν
1118 1759 1175 1809 τὸ
1222 1756 1575 1829 παράπτωμα·
1626 1750 1806 1815 ἐξισα-

178 1855 359 1916 ζέσθω
411 1855 507 1903 καὶ
552 1852 582 1908 ἡ
631 1851 900 1923 μετάνοια.
954 1850 1121 1899 Μόνον
1166 1848 1400 1915 πρόσεχε
1449 1850 1668 1913 σεαυτῷ,
1726 1841 1809 1892 ἱνα

171 1944 453 2018 γνωρίζης
476 1940 672 2012 ψυχῆς
702 1938 991 2013 εὐρωστίαν
1040 1939 1132 1987 καὶ
1174 1939 1345 1987 νόσον.
1372 1931 1554 1984 Πολλοὶ
1580 1933 1679 2003 γὰρ
1708 1927 1808 1982 ἀπὸ

172 2042 273 2093 τῆς
321 2034 443 2104 (22)
505 2031 640 2100 ἄγαν
700 2026 1016 2103 ἀπροσεξίας
1071 2024 1277 2097 μεγάλα
1332 2027 1422 2074 καὶ
1482 2019 1668 2072 ἀνίατα
1718 2038 1807 2071 νο-

180 2131 421 2187 σοῦντες,
471 2112 602 2171 ούδε
641 2117 769 2169 αὐτὸ
816 2123 969 2169 τοῦτο
1016 2118 1217 2183 ἴσασιν,
1250 2116 1331 2164 ὄτι
1373 2118 1613 2163 νοσοῦσι.
1661 2112 1810 2179 Μέγα

180 2209 239 2265 δε
276 2214 339 2263 τὸ
386 2209 448 2262 ἐκ
498 2215 597 2260 τοῦ
641 2204 1074 2281 παραγγελματος
1121 2202 1295 2276 ὄφελος
1341 2206 1430 2253 καὶ
1482 2207 1593 2259 τοῖς
1656 2196 1809 2272 ἐρρω-

180 2305 357 2374 μένοις
400 2302 530 2372 περὶ
574 2298 671 2357 τὰς
710 2295 947 2369 πράξεις·
994 2294 1127 2344 ὥστε
1172 2295 1230 2343 τὸ
1280 2290 1405 2341 αὐτὸ
1453 2289 1563 2356 (23)
1601 2290 1693 2339 καὶ
1718 2306 1809 2338 νο·-

188 2398 415 2450 σοῡντας
465 2387 636 2451 ἰᾶται,
681 2388 773 2435 καὶ
804 2384 1131 2454 ὑγιαίνοντας
1174 2380 1375 2433 τελειοί.
1421 2377 1681 2433 Ἕκαστος
1708 2378 1807 2449 γὰρ

184 2482 330 2552 ἡμῶν
370 2486 481 2530 τῶν
532 2475 968 2547 μαθητευομένων
1011 2479 1083 2542 τῷ
1128 2469 1262 2541 λόγῳ
1308 2474 1432 2541 μιᾶς
1489 2485 1626 2526 τινος
1668 2466 1808 2540 πρά-

184 2549 309 2631 ξεώς
352 2566 507 2618 ἐστιν
561 2566 850 2637 ὑπηρέτης,
905 2568 1004 2612 τῶν
1048 2561 1183 2611 κατὰ
1224 2562 1282 2610 τὸ
1330 2554 1640 2627 Εύαγγίλιον
1684 2549 1808 2606 δια-

183 2660 518 2729 τεταγμένων
570 2653 720 2724 ἡμῖν.
767 2648 846 2703 Ἐν
894 2652 994 2723 γὰρ
1044 2656 1105 2720 τῇ
1166 2646 1359 2720 μεγάλη
1403 2645 1544 2717 οἰκίᾳ
1585 2651 1646 2716 τῇ
1691 2642 1810 2695 Ἐκ-

181 2745 385 2816 ducis;
409 2746 587 2814 ταύτῃ
624 2740 684 2793 ού
728 2744 882 2812 μόνον
933 2740 1090 2795 σκεύη
1134 2736 1246 2788 ἐστί
1270 2730 1601 2798 παντοδαπὰ,
1628 2737 1813 2805 χρυσᾶ

586 2835 680 2881 καὶ
728 2828 906 2891 ξύλινα
931 2830 1045 2897 (24)
1084 2830 1173 2878 καὶ
1220 2824 1524 2900 ὀστράκινα,
1572 2822 1811 2875 ἀλλὰκαὶ

184 2930 375 2995 τέχναι
425 2928 705 2973 παντοῖαι.
756 2915 911 2987 ’Ἐχει
954 2917 1052 2989 γὰρ
1098 2917 1123 2967 6
1169 2911 1309 2975 οἶκος
1355 2921 1446 2965 τοῦ
1495 2917 1642 2979 Θεοῦ,
1693 2915 1811 2972 ἤτις

1914 1754 2262 1822 exaequetur
2298 1746 2672 1820 paenitentia.
2704 1748 3149 1804 Tantummodo
3196 1748 3435 1805 attende
3464 1746 3572 1806 tibi

1914 1842 2049 1916 ipsi,
2082 1843 2147 1895 ut
2191 1837 2509 1894 sanitatem
2557 1836 2745 1893 animi
2792 1852 2864 1893 ac
2906 1836 3194 1894 morbum
3241 1852 3567 1910 agnoscas.

1917 1934 2067 1989 Sunt
2095 1928 2258 1984 enim
2279 1926 2573 1999 plerique,
2602 1925 2709 1998 qui
2738 1941 2864 1999 prie
2888 1927 3078 1984 nimia
3100 1927 3286 1984 animi
3314 1926 3572 1984 inconsi-

1916 2018 2189 2077 derltntia
2210 2020 2502 2088 aegrotare
2519 2032 2582 2071 se
2604 2030 2681 2070 ne
2695 2019 2917 2071 norunt
2932 2016 3199 2089 quidem,
3216 2032 3574 2091 quanquam

1918 2108 2206 2181 gravibus
2237 2105 2469 2163 morbis
2495 2110 2553 2164 et
2579 2104 3022 2163 insanabilibus
3049 2106 3352 2166 laborant.
3381 2108 3497 2165 Sed
3516 2112 3576 2167 et

1916 2200 2073 2256 bene
2096 2195 2436 2254 valentibus
2449 2196 2512 2252 in
2523 2195 2764 2267 agendo
2778 2211 2901 2253 non
2916 2212 3135 2270 parum
3156 2198 3406 2271 prodest
3424 2197 3575 2255 illud

1918 2287 2277 2346 mandatum
2312 2304 2325 2341 :
2358 2300 2548 2357 quare
2595 2285 2713 2341 hoc
2758 2285 2921 2342 idem
2959 2291 3018 2343 et
3058 2300 3252 2358 aegros
3293 2293 3487 2359 sanat,
3520 2290 3575 2344 et

1919 2379 2084 2436 sanis
2113 2374 2391 2433 conciliat
2419 2375 2740 2431 sanitatem
2768 2376 3210 2448 perfectiorem.
3236 2381 3385 2435 Nam
3409 2377 3573 2451 quis-

1917 2484 2038 2542 que
2054 2470 2329 2523 nostrum
2350 2464 2453 2538 qui
2464 2464 2615 2521 inter
2629 2464 2795 2521 verbi
2809 2464 3145 2539 discipulos
3163 2482 3572 2535 recensemur,

1919 2573 2133 2613 sumus
2156 2554 2492 2611 administri
2514 2553 2693 2610 unius
2714 2553 2971 2627 alicujus
2991 2571 3203 2612 eorum
3223 2572 3568 2625 munerum,

1918 2662 2051 2719 quae
2063 2644 2432 2715 nobis,juxta
2444 2642 3213 2717 Evangelium,praescripta
3223 2645 3576 2703 sunt.Enim-

1916 2749 2061 2789 vero
2079 2732 2143 2788 in
2163 2731 2616 2808 magna‘domo
2647 2731 2913 2789 Ecclesia
2931 2732 3047 2790 hac
3066 2749 3192 2790 non
3210 2734 3398 2792 modo
3424 2750 3577 2793 vasa

1921 2826 2061 2879 sunt
2075 2821 2498 2894 cujuscunque
2513 2821 2771 2893 generis,
2786 2838 2972 2879 aurea
2987 2828 3363 2895 etargentea,
3377 2823 3579 2896 lignea

1920 2918 1979 2970 et
1995 2913 2335 2981 testacea",
2352 2911 2458 2966 sed
2472 2917 2614 2968 sunt
2627 2912 2828 2982 etiam,
2843 2918 3002 2970 artes
3012 2914 3374 2985 omnigenae.
3390 2914 3580 2972 Habet

189 3012 322 3066 ἐστὶν
353 3009 661 3067 Ἐκκλησία
707 3014 843 3060 Θεοῦ
891 3005 1102 3072 ζῶντος,
1152 3005 1423 3078 θηρευτὰς,
1474 2999 1808 3077 ὁδοιπόρους,

1927 3002 2084 3061 enim
2104 3001 2325 3058 domus
2341 3000 2463 3068 Dei,
2477 3016 2613 3069 quae
2629 3006 2718 3057 est
2733 3001 2994 3059 Ecclesia
3010 3003 3112 3058 Dei
3125 3002 3381 3060 viventis
3394 3005 3463 3072 ⁸⁸,
3480 3021 3581 3062 ve.

190 3100 610 3174 ἀρχιτέκτονας,
650 3090 985 3165 οἰκοδόμους,
1027 3095 1304 3166 γεωργοὺς,
1344 3093 1610 3164 ποιμένας,
1659 3088 1812 3147 ἀθλη-

192 3194 300 3257 τὰς,
352 3192 723 3262 στρατιώτας.
775 3189 915 3235 Πᾶσι
960 3183 1161 3242 τούτοις
1205 3180 1485 3255 ἐφαρμόσει
1531 3183 1588 3232 τὸ
1630 3178 1813 3254 βραχὺ

196 3288 349 3332 τοῦτο
377 3279 450 3352 ⁸ὸῆ
458 3296 565 3350 μα,
600 3274 806 3343 ἑκάστῳ
836 3276 950 3340 (25)
984 3274 1072 3322 καὶ
1103 3269 1367 3345 ἀκρίϐειαν
1415 3277 1507 3321 τοῦ
1556 3272 1705 3344 ἔργου
1731 3262 1819 3319 καὶ

202 3364 448 3424 σπουδήν
480 3372 588 3425 τῆς
634 3364 988 3436 προαιρέσεως
1018 3357 1281 3432 ἐμποιοῦν.
1325 3361 1599 3433 Θηρευτὴς
1640 3353 1689 3409 εἴ
1726 3354 1820 3409 ἀπ-

202 3456 521 3529 εσταλμένος
563 3452 667 3504 ὐπὸ
714 3458 806 3503 τοῦ
856 3453 1050 3523 Κυρίου
1096 3456 1186 3501 τοῦ
1242 3448 1491 3509 εἰπόντος·
1538 3443 1676 3500 Ἰδοὺ
1725 3444 1822 3518 ἐγὼ

206 3545 518 3599 ἀποστέλλω
579 3540 802 3602 πολλοὺς
856 3541 1129 3613 θηρευτὰς,
1183 3542 1270 3590 καὶ
1324 3540 1670 3613 θηρεύσουσιν
1727 3535 1825 3587 aui-2

208 3642 327 3698 τοὺς
398 3634 583 3687 ἐπάνω
649 3632 843 3690 παντὸς
925 3632 1095 3701 ὅρους.
1178 3632 1418 3702 Ηρόσεχε
1492 3626 1579 3678 οὖν
1646 3624 1826 3699 ἕπιμε-

206 3724 325 3789 λὼς,
352 3730 432 3799 μή
486 3724 597 3774 πού
645 3738 704 3773 σε
752 3714 980 3790 διαφύγῃ
1028 3720 1086 3769 τὸ
1137 3718 1366 3791 θήραμα,
1420 3716 1520 3783 ἴνα,
1572 3712 1828 3768 συλλαϐό-

211 3833 358 3889 μενος
408 3820 488 3882 τῷ
536 3809 679 3881 λόγῳ
732 3815 829 3867 τῆς
877 3804 1142 3873 ἀληθείας,
1191 3808 1314 3867 τοὺς
1351 3805 1450 3858 ὑπὸ
1494 3812 1589 3867 τῆς
1641 3808 1831 3865 κακίας

214 3901 578 3976 ἀγριωθέντας
624 3896 971 3971 προσαγάγῃς
1016 3902 1088 3964 τῷ
1137 3894 1380 3954 σώζοντι.
1430 3888 1741 3966 Ὁδοιπόρος
1787 3888 1836 3944 εἶ

214 3993 411 4065 ὁμοίως
434 3996 512 4058 τῷ
539 3986 660 4057 (26)
692 3983 980 4055 εὖχομένῳ·
1026 3984 1103 4033 Τά
1148 3977 1455 4055 διαδήματα
1492 4001 1593 4054 μου
1640 3984 1830 4034 κατεύ-

219 4083 387 4134 θυνσν.
428 4080 680 4152 Ηρόσεχε
707 4080 926 4143 σεαυτῷ,
979 4075 1051 4144 μὴ
1079 4078 1428 4146 παρατραπῇς
1455 4078 1551 4132 τῆς
1580 4066 1728 4138 όδοῡ,
1756 4076 1828 4144 μὴ

222 4170 463 4242 ἐκκλίνῃς
502 4162 660 4235 δεξιᾷ
690 4163 719 4221 ἡ
754 4161 1026 4237 ἀριστερᾷ·
1068 4157 1176 4232 ὀδῷ
1212 4158 1463 4233 βασιλικῇ
1506 4163 1748 4236 πορεύου.
1774 4161 1831 4213 Ὀ

225 4257 565 4332 ἐρχιτέκτων
614 4251 856 4327 ἀσφαλῶς
888 4254 975 4303 τὸν
1022 4249 1248 4323 θεμέλιον
1290 4247 1691 4302 καταϐαλλέσθω
1720 4252 1833 4321 (27)

1920 3097 2183 3161 natores,
2201 3089 2487 3154 viatores,
2508 3089 2891 3160 architectos,
2913 3090 3331 3160 aediﬁcatores,
3355 3094 3582 3163 agrico-

1923 3176 2626 3252 las,pastores,athletas,
2642 3178 2879 3235 milites.
2890 3181 3215 3238 Conveniet
3231 3181 3434 3238 brevis
3451 3181 3583 3239 haec

1928 3269 2107 3326 dictio
2128 3268 2223 3323 his
2245 3266 2554 3339 omnibus,
2583 3266 2934 3339 impertiens
2958 3269 3209 3341 singulis
3234 3274 3363 3327 tum
3382 3271 3583 3344 operis

1929 3357 2355 3430 integritatem,
2388 3360 2519 3413 tum
2546 3351 2875 3413 voluntatis
2919 3358 3207 3415 studium.
3239 3362 3497 3418 Venator
3523 3377 3587 3418 es

1932 3448 2154 3505 missus
2183 3462 2221 3504 a
2249 3445 2507 3503 Domino
2528 3446 2764 3502 dicente
2788 3463 2801 3501 :
2832 3448 2991 3504 Ecce
3026 3463 3131 3519 ego
3170 3452 3338 3507 mitto
3367 3452 3588 3508 multo:

1935 3539 2327 3602 venatores,et
2339 3536 3589 3605 venabuntureossuperomnemmontem“.

1935 3624 2190 3684 Attende
2223 3624 2404 3694 igitur
2441 3622 2776 3694 diligenter,
2797 3639 2876 3679 ne
2912 3624 3062 3681 forte
3088 3625 3335 3698 effugiat
3363 3633 3419 3684 te
3442 3643 3592 3700 pra:-

1938 3715 2041 3784 da,
2072 3719 2138 3771 ut
2162 3728 2268 3769 eos
2300 3712 2407 3787 qui
2449 3712 2596 3769 vitiis
2629 3711 2861 3769 efferati
2889 3719 3049 3784 sunt,
3077 3731 3356 3773 sermone
3375 3717 3593 3775 verita-

1940 3806 2015 3863 tis
2041 3808 2252 3877 captos
2283 3802 2557 3860 adducas
2587 3804 2915 3861 Servatori.
2958 3806 3159 3862 Viator
3183 3821 3249 3862 es
3271 3823 3395 3864 non
3421 3822 3596 3865 secus

1941 3912 2013 3953 ac
2042 3894 2138 3950 ille
2162 3895 2279 3966 20
2311 3893 2417 3966 qui
2453 3893 2540 3950 sic
2567 3895 2966 3966 precabatur:
2991 3897 3239 3953 Gressus
3270 3913 3425 3955 meos
3448 3898 3599 3954 diri-

1939 4000 2013 4057 ge
2033 3984 2102 4051 ⁸⁵,
2122 3983 2363 4039 attende
2382 3982 2491 4039 tibi
2515 3982 2630 4055 ipsi
2649 3998 2726 4038 ne
2747 3983 3034 4041 deﬂectas
3054 4001 3091 4042 a
3110 3986 3314 4052 via,ne
3334 3985 3601 4043 declines

1942 4072 2023 4131 ad
2043 4072 2319 4129 dextram
2341 4076 2446 4128 aut
2476 4072 2807 4139 sinistram,
2835 4073 2932 4130 via
2955 4075 3123 4145 regia
3149 4074 3384 4134 incede.
3412 4074 3604 4131 Jaciat

1943 4162 2307 4220 architectus
2341 4161 2589 4217 ﬁrmum
2619 4160 2766 4217 ﬁdei
2803 4161 3294 4231 fundamentum,
3314 4165 3481 4236 quod
3512 4168 3605 4221 est

1945 4253 2121 4307 Iesus
2155 4249 2444 4306 Christus.
2479 4249 2686 4306 Videat
2715 4250 3066 4319 aediﬁcator,
3108 4267 3230 4324 quo
3254 4258 3434 4325 pacto
3462 4252 3603 4309 aedi-

224 4356 318 4408 τίς
342 4351 607 4410 πίστεως,
644 4344 700 4403 ὅς
746 4340 886 4393 ἔστιν
933 4339 1139 4399 Ἰησοῦς
1187 4340 1213 4390 ὁ
1244 4342 1494 4413 Χριστός.
1524 4337 1583 4391 Ὀ
1631 4335 1817 4391 οκίοδό

1948 4340 2087 4396 ﬁcet
2110 4357 2123 4395 :
2147 4354 2272 4395 non
2295 4338 2551 4408 lignum,
2573 4355 2698 4395 non
2729 4339 2958 4410 fenum,
2988 4356 3115 4397 non
3157 4335 3465 4414 stipulam,
3498 4342 3607 4400 sed

229 4456 323 4509 μσς
659 4438 767 4493 πῶς
811 4423 1164 4501 ἐποικοδομεῖ·
1207 4433 1277 4501 μὴ
1322 4427 1469 4497 ξύλα,
1496 4432 1567 4501 μὴ
1617 4432 1832 4504 χόρτον,

228 4534 300 4601 μὴ
364 4523 640 4595 καλάμην,
706 4519 833 4572 ἀλλὰ
887 4521 1133 4592 χρυσίον,
1206 4515 1471 4592 ἀργύριον,
1525 4516 1703 4578 λίθους
1752 4537 1838 4570 τι-

232 4621 409 4688 μίους.
440 4613 503 4667 ’0
534 4614 752 4685 ποιμὴν,
784 4609 1020 4685 πρόσεχε
1048 4612 1116 4681 μή
1154 4625 1206 4658 τι
1243 4605 1472 4681 παρέλθῃ
1505 4614 1604 4659 τῶν
1636 4604 1841 4660 ἐπιϐαλ-

242 4817 295 4869 Η
339 4741 492 4868 ⁸1³211
535 4735 690 4795 Tim.
731 4749 792 4803 ιι,
830 4737 928 4792 20.
1050 4731 1100 4770 ⁸³
1145 4733 1168 4789 Ι
1212 4731 1359 4788 Tim.
1407 4746 1490 4800 ιιι,
1546 4735 1632 4788 15.

308 4936 427 5007 (20)
449 4930 715 5007 Codices
730 4925 1016 5007 perm‘ulti
1043 4924 1187 5001 ἡμῶν
1211 4925 1381 5007 λὸγρς.
1414 4925 1620 5007 Εᾴᾕίῥ
1647 4927 1820 5007 λόγρς,

307 4996 425 5075 (21)
452 5009 601 5079 Reg.
625 4996 862 5079 primus
883 4996 1129 5079 βοήθειαν
1151 4996 1453 5079 καταδίκη.
1470 5001 1681 5079 Statim
1697 4996 1861 5079 idem

247 5071 432 5137 codex
475 5071 718 5150 χαλεπόν
762 5076 822 5150 r6
863 5071 1220 5150 παράπτωμα.
1250 5073 1367 5128 Nec
1395 5071 1479 5128 ita
1508 5071 1701 5130 multo
1725 5077 1864 5147 post

248 5151 403 5208 idem
432 5142 599 5228 niis.
626 5148 851 5228 φορητὸν
877 5142 1265 5228 τόζὰμαρθτημα.

313 5224 425 5291 (22)
457 5213 713 5295 Antiqui
743 5215 867 5295 duo
1065 5213 1370 5295 ponat-7a,,
1403 5214 1502 5295 ὑπὸ
1532 5222 1593 5273 τῆ
1607 5234 1645 5277 ς.

318 5284 425 5363 (23)
461 5292 564 5350 Sic
588 5284 742 5346 ώες.
776 5291 847 5363 at
878 5284 1019 5363 editi
1051 5288 1183 5363 om
1214 5284 1349 5363 αὐτο
1369 5293 1542 5363 τούτοῖ

320 5354 427 5433 (24)
463 5363 622 5420 Editi
669 5365 727 5418 et
779 5361 920 5433 Reg,
965 5357 1170 5423 tertius
1215 5355 1438 5433 ἀργυρᾶ,
1468 5354 1600 5433 aut}
1639 5362 1729 5410 καὶ
1772 5356 1867 5433 ξιξ

260 5426 379 5492 25..
409 5426 524 5494 Alii
554 5439 680 5507 tres
706 5426 1102 5507 νωεεξάργυρξὶ
1126 5433 1215 5507 καὶ
1246 5426 1440 5507 ξύλένα.
1460 5426 1696 5507 ibidem
1728 5428 1870 5507 editi

268 5511 561 5581 artium,
597 5503 730 5581 ἀλλὰ
759 5506 875 5581 καί,
904 5496 1167 5558 έιό.’8εά
1195 5515 1315 5557 vox
1345 5496 1471 5552 ἀλλά
1498 5499 1616 5557 hoc
1642 5500 1778 5558 loco
1806 5501 1870 5558 in

270 5575 393 5652 Reg.
420 5578 600 5638 tertio
622 5575 814 5634 deest.

1745 4732 1794 4770 ³·
1840 4734 2065 4793 Jerem.
2107 4750 2227 4802 XVI,
2282 4737 2369 4791 16.

1948 4446 2189 4497 aurum,
2222 4433 2562 4499 argentum,
2583 4428 2818 4502 lapides
2846 4430 3144 4502 pretiosos
3164 4432 3232 4487 ⁸⁸.
3264 4434 3471 4489 Pastor
3499 4434 3608 4491 es?

1949 4520 2193 4578 attende
2235 4535 2311 4575 ne
2344 4524 2398 4575 te
2444 4519 2787 4592 quidquam
2836 4536 3049 4577 eorum
3094 4537 3233 4595 qua:
3270 4523 3352 4580 ad
3389 4538 3611 4579 munus

1951 4608 2256 4683 pastorale
2276 4608 2549 4678 attinent,
2568 4613 2910 4681 praetereat.
2940 4610 3078 4668 Haec
3098 4616 3304 4670 autem
3327 4612 3479 4686 quid
3497 4611 3613 4670 sibi

2481 4734 2529 4770 ⁸⁸
2563 4732 2717 4791 Psal.
2768 4730 2959 4808 cxvm',
3009 4739 3130 4794 133.
3226 4738 3275 4775 ⁸⁸
3307 4737 3329 4792 Ι
3361 4740 3497 4797 Cor.
3527 4752 3613 4808 ιιι,

2015 4931 2131 5012 (25)
2160 4928 2691 5012 Veteresnaliquot
2738 4928 2879 4988 libri
2906 4930 3173 5012 iactaret).
3203 4931 3433 5012 Ibidem
3465 4934 3614 5012 Reg.

1968 5000 2289 5084 primuset
2325 5000 2493 5084 Colb.
2530 5000 2767 5073 primus
2795 5006 2929 5084 κατά
2968 5003 3251 5084 ἀκρίϐειαν,
3278 5006 3461 5063 male.
3506 5000 3624 5064 Néc

1969 5072 2052 5131 ita
2076 5073 2266 5129 multo
2293 5077 2431 5154 post
2457 5072 2582 5128 dub
2610 5089 2758 5130 mss.
2790 5078 2933 5150 παρά
2954 5072 3046 5129 τού
3075 5072 3290 5153 Κυρίου.

2043 5146 2157 5198 (26)
2204 5144 2354 5198 Εόιιι
2400 5147 2458 5198 et
2504 5141 2671 5198 Colb.
2717 5146 2923 5198 tertius
2978 5150 3155 5198 ὅιιοιοε
3201 5159 3290 5198 τῶ-
3333 5150 3545 5198 similis
3575 5150 3630 5198 ei

2043 5146 2157 5217 (26)
2204 5144 2354 5199 Editi
2400 5147 2458 5199 et
2504 5144 2671 5224 901b,
2717 5144 2923 5201 tertius
2978 5144 3162 5221 ὅμοιος
3201 5159 3292 5222 τῷ,
3333 5150 3545 5208 similis
3575 5150 3630 5208 ei

1972 5219 2097 5305 qui:
2129 5221 2239 5305 9‘9-
2260 5221 2341 5305 5}
2360 5218 2542 5305 ,Βεειξ
2578 5230 2823 5305 ξξξωυμεί
2843 5220 3131 5305 simas
3157 5222 3344 5303 ὁμοίως
3498 5237 3632 5305 eer-

1974 5289 2119 5345 inde
2147 5296 2329 5359 atque
2355 5289 2404 5341 is
2433 5289 2559 5356 qui,
2590 5291 2727 5352 etc.,
2772 5289 3011 5344 rectius.
3049 5289 3348 5365 Hoc'ipso
3389 5289 3468 5350 in
3496 5289 3634 5353 loco

1979 5360 2147 5419 Colb.
2172 5359 2403 5432 primus
2434 5374 2630 5429 προσευ
2680 5376 2706 5409 ο
2750 5361 2862 5430 ίνῳ.

2051 5435 2167 5485 (27)
2211 5432 2452 5485 Veteres
2482 5428 2609 5484 duo
2632 5377 2793 5485 “ri
2833 5429 3185 5485 καταϐαλίτω.
3220 5434 3422 5485 Codex
3464 5436 3634 5485 Cam-

2051 5428 2190 5503 (27)‘
2211 5432 2452 5485 Veteres
2475 5428 2609 5484 duo
2634 5428 3185 5489 limini-«66th:».
3220 5434 3424 5495 Codex
3464 5436 3642 5497 Com-

1981 5502 2104 5561 bef.
2135 5497 2518 5556 καταϐαλλέτω.
