4088 6194
573 358 677 410 207
1952 349 2008 405 S.
2050 346 2306 403 BASILlI
2343 349 2564 405 MAGNI
3823 359 3926 413 208

571 478 829 535 volunt?
857 477 975 534 Fac
1010 475 1269 532 reducas
1315 473 1729 531 errabundum
1775 489 1988 546 pecus,
2019 471 2185 542 oblig

2330 472 2516 524 λόντων
2547 481 2608 547 τῇ
2651 483 2988 548 ποιμαντικῇ.
3033 482 3211 528 Ταῦτα
3251 471 3309 528 δί
3356 477 3459 530 εἰσι
3502 479 3618 550 (28)
3655 487 3814 546 ποῖα;
3856 484 3922 534 Τὸ

571 570 922 637 contritum,
952 582 1180 637 aegrum
1209 580 1379 621 sana.
1408 563 1688 634 Agricola
1725 563 1774 619 si
1802 562 2006 627 fueris,
2038 562 2185 616 ficut

2331 562 2710 636 πεπλανημένον
2768 563 3042 638 ἐπίστρεφε
3073 607 3085 630 ,
3137 569 3195 617 τό
3259 571 3684 640 συντετριμμένον
3747 566 3924 628 ἐπίδη-

566 657 1004 714 infructuosam
1027 653 1527 721 circumfodito,et
1547 669 1619 708 ea
1639 668 1776 726 quae
1797 651 2180 708 fecunditate:

2334 671 2442 718 σον,
2502 657 2560 705 τὸ
2613 661 2796 706 νοσοῦν
2851 657 3018 708 ἴασαι.
3065 653 3122 705 Ὀ
3175 658 3417 727 γεωργὸς,
3473 662 3794 729 περίσκαπτε
3829 663 3918 717 τὴν

561 749 782 820 juvant
825 763 1060 820 appone
1079 747 1145 799 ⁸⁷.
1189 748 1273 801 Tu
1317 743 1423 817 qui
1479 743 1650 799 miles
1676 745 1722 778 ⁸⁸
1771 759 1855 812 es,
1915 744 2175 800 collabor

2331 742 2564 814 ἄκαρπον
2618 752 2803 810 συκῆν,
2855 748 2945 794 καὶ
2973 741 3211 796 ἐπίϐαλλε
3257 747 3323 796 τὰ
3368 748 3501 817 πρὸς
3556 743 3802 818 βοήθειαν
3829 757 3922 810 τῆς

564 839 895 909 Evangelia
919 838 964 872 ³9
996 854 1008 892 :
1038 835 1229 891 milita
1249 834 1479 890 bonam
1505 833 1777 889 militiam
1801 835 1850 868 9°
1877 838 2087 889 contra
2108 849 2177 904 sp

2330 837 2696 904 καρπογονίας.
2760 832 2818 884 Ὀ
2889 837 3216 906 στρατιώτης
3247 875 3260 900 ,
3311 837 3790 906 συγκακοπάθησον
3852 845 3919 908 τῷ

560 928 710 983 ritus
761 925 1045 998 nequitiae
1067 927 1136 994 9',
1185 925 1476 981 adversus
1535 923 1818 979 libidines
1863 923 2084 992 carnis,
2134 938 2168 978 a

2331 919 2624 994 Εύαγγελίῳ
2689 921 2803 992 (29)
2835 965 2847 988 ,
2918 923 3200 995 στρατεύου
3263 927 3356 980 τὴν
3430 922 3588 982 καλὴν
3655 931 3918 997 στρατείαν

560 1033 734 1072 sume
781 1032 1029 1072 omnem
1072 1019 1445 1071 armaturam
1501 1014 1601 1069 Dei
1621 1016 1669 1050 9³
1713 1033 1726 1069 :
1777 1030 1851 1069 ne
1895 1012 2174 1086 implicer:

2330 1012 2466 1062 κατὰ
2511 1020 2610 1062 τῶν
2658 1013 2958 1083 πνευμάτων
3002 1019 3098 1072 τῆς
3140 1017 3410 1085 πονηρίας,
3443 1014 3579 1064 κατὰ
3621 1022 3720 1066 τῶν
3749 1017 3917 1067 παθῶν

556 1106 689 1162 vitae
723 1105 978 1175 negotiis
1000 1105 1072 1175 93,
1095 1109 1162 1160 ut
1211 1104 1264 1159 ei
1313 1103 1415 1176 qui
1465 1106 1520 1159 te
1567 1103 1629 1158 in
1673 1102 1948 1158 militiam
1979 1101 2170 1171 delegi

2329 1107 2425 1161 τῆς
2452 1104 2663 1173 σαρκός,
2698 1098 2918 1153 ἀνάλαϐε
2951 1107 3125 1152 πᾶσαν
3171 1105 3263 1159 τὴν
3312 1101 3597 1154 πανοπλίαν
3643 1111 3737 1155 τοῦ
3768 1111 3918 1157 Θεοῦ·

555 1195 822 1268 placeas.
855 1194 1095 1250 Athleta
1142 1191 1252 1251 es?
1295 1192 1536 1248 attende
1577 1191 1683 1247 tibi
1730 1191 1868 1264 ipsi,
1911 1208 1988 1248 ne
2030 1208 2169 1264 qua:

2327 1194 2397 1261 μὴ
2459 1189 2713 1262 ἐμπλέκου
2771 1199 2887 1250 ταῖς
2941 1198 3034 1241 τοῦ
3082 1188 3203 1262 βίου
3260 1195 3663 1264 πραγματείαις,
3707 1193 3789 1245 ἵνα
3848 1202 3919 1264 τῷ

551 1283 748 1355 legem
783 1283 1128 1340 athleticam
1167 1281 1651 1352 transgrediaris.
1687 1284 2019 1338 Coronatur
2055 1280 2165 1336 enii

2329 1279 2804 1352 στρατολογήσαντι
2848 1278 3059 1352 ἀρέσῃς.
3099 1279 3157 1330 Ὀ
3199 1277 3444 1346 ἀθλητὴς,
3494 1285 3726 1354 πρόσεχε
3765 1301 3918 1334 σεαυ-

555 1388 761 1440 nemo,
803 1371 922 1428 nisi
949 1371 1214 1441 legitime
1253 1369 1657 1426 certaverit“.
1702 1370 1934 1426 Imitare
1965 1369 2169 1425 Paului

2325 1377 2415 1439 τῷ,
2471 1373 2541 1441 μή
2599 1371 2698 1420 πού
2757 1388 2873 1420 τινα
2931 1367 3173 1440 παραϐῇς
3237 1377 3336 1420 τῶν
3403 1367 3692 1427 ἀθλητικῶν
3733 1374 3914 1444 νόμων.

560 1469 615 1521 et
637 1467 1001 1528 currentem,
1031 1467 1086 1516 et
1105 1461 1452 1526 luctantem,
1482 1466 1535 1517 et
1556 1461 1770 1532 pugnis
1788 1461 2174 1516 certantem“

2326 1454 2516 1519 Ούδεὶς
2568 1461 2665 1532 γὰρ
2724 1465 3084 1530 στεφανοῦται,
3141 1457 3224 1510 ἐὰν
3277 1462 3349 1530 μή
3417 1463 3648 1531 νομίμως
3694 1457 3914 1532 ἀθλήσῃ.

558 1556 623 1608 tu
648 1551 875 1613 itidem,
899 1549 1064 1606 velut
1090 1549 1291 1605 bonus
1321 1549 1512 1623 pugil,
1536 1549 1720 1606 animi
1751 1551 1994 1606 oculum
2026 1563 2169 1604 omn

2323 1554 2500 1619 Μιμοῦ
2531 1551 2617 1598 τόν
2645 1547 2864 1614 Παῦλον,
2906 1552 2995 1599 καὶ
3043 1551 3318 1620 τρέχοντα,
3352 1553 3442 1600 καὶ
3479 1547 3784 1616 παλαίοντα,
3830 1554 3917 1601 καὶ

554 1657 636 1696 no
667 1639 968 1696 intentum
993 1639 1174 1695 habe.
1209 1642 1407 1695 Partes
1436 1639 1775 1711 przecipuas
1813 1637 2077 1708 obtegito
2105 1635 2168 1692 ol

2321 1640 2663 1688 πυκτεύοντα·
2718 1641 2807 1688 καὶ
2860 1636 3035 1703 αύτός,
3092 1636 3382 1708 ὡς·ἀγαθὸς
3427 1639 3649 1704 πύκτης,
3708 1636 3918 1710 ἀμετεὼ-

539 1729 707 1802 jectu
757 1745 1087 1795 manuum;
1138 1729 1380 1784 intentis
1431 1729 1493 1784 in
1545 1728 1963 1784 adversarium
2021 1725 2153 1782 ocul

2322 1745 2500 1802 ριστον
2560 1727 2651 1798 ἑχε
2706 1730 2764 1778 τὸ
2817 1735 2913 1788 τῆς
2963 1725 3152 1798 ψυχῆς
3209 1725 3418 1800 βλέμμα
3457 1729 3587 1798 (30).
3649 1731 3804 1781 Σκέπε
3851 1729 3917 1780 τὰ

541 1824 694 1876 esto.
739 1818 1001 1874 Extende
1047 1822 1106 1873 te
1155 1817 1216 1872 in
1260 1817 1537 1873 cursibus
1568 1817 1647 1872 ad
1679 1817 1978 1872 anteriora
2001 1818 2069 1871 οδ.
2119 1818 2154 1870 S

2322 1822 2503 1889 καίρια
2533 1824 2594 1888 τῇ
2627 1815 2852 1888 προϐολῇ
2901 1824 2998 1867 τῶν
3039 1824 3251 1889 χειρῶν·
3304 1814 3475 1878 ἀτενὲς
3520 1820 3578 1868 τό
3621 1821 3764 1890 ἅμμα
3791 1820 3916 1890 πρὸς

545 1925 740 1974 curre,
773 1913 838 1964 ut
879 1907 1457 1980 comprehendas”.
1511 1909 1764 1978 Oppone
1811 1913 1864 1962 te
1905 1905 2159 1962 invisibil

2320 1910 2407 1957 τόν
2464 1905 2740 1957 ἀντίπαλον
2793 1908 2946 1958 ἔστω.
2993 1904 3071 1957 Ἐν
3114 1913 3224 1967 τοῖς
3286 1901 3504 1978 δρόμοις
3558 1913 3668 1966 τοῖς
3722 1907 3915 1980 ἔμπρο-

558 1997 675 2054 bus
699 1996 1062 2053 adversariis
1104 1995 1166 2051 in
1209 1995 1563 2053 luctatione.
1608 1998 1747 2051 Esse
1795 1999 1851 2050 te
1901 1994 2172 2066 ejusmod

2323 1996 2440 2047 σθεν
2489 1993 2799 2048 ἐπεκτείνου.
2852 1995 3002 2045 Οὕτω
3051 1997 3226 2066 τρέχε,
3264 1995 3344 2046 ἵνα
3387 1994 3705 2068 καταλάϐῃς.
3732 1993 3810 2047 Ἐν

545 2087 755 2161 quoad
787 2087 968 2157 vives,
1018 2087 1150 2142 haec
1197 2086 1493 2142 sententia
1539 2084 1684 2151 vult,
1734 2100 1857 2141 non
1888 2083 2159 2141 concide]

2317 2083 2453 2157 πάλῃ
2486 2091 2596 2146 τοῖς
2622 2083 2864 2157 ἀοράτοις
2906 2081 3274 2154 ἀνταγωνίζου.
3309 2087 3552 2136 Τοιοῦτόν
3588 2100 3644 2137 σε
3670 2081 3796 2136 εἶναι
3827 2079 3919 2136 διὰ

533 2181 656 2236 tem
683 2176 912 2239 animo,
944 2191 1141 2248 neque
1171 2175 1597 2244 dormientem,
1619 2175 1728 2231 sed
1756 2175 1954 2232 sobrie
1984 2177 2147 2246 etvig

2319 2172 2442 2245 βίου
2494 2175 2519 2225 ὁ
2561 2173 2711 2244 λόγος
2745 2171 3006 2244 βούλεται,
3058 2177 3129 2245 μὴ
3161 2170 3585 2239 ἀναπεπτωκότα,
3627 2169 3767 2246 μηδὲ
3794 2175 3916 2226 καθ-

543 2266 740 2324 lanter
777 2265 881 2323 tibi
902 2266 1018 2338 ipsi
1043 2264 1490 2338 praesidentem.

2317 2259 2553 2329 εύδοντα,
2591 2261 2718 2314 ἀλλά
2744 2266 3007 2334 νηφόντως
3049 2266 3139 2314 καὶ
3185 2262 3543 2336 ἐγρηγορότως
3587 2261 3773 2314 ἑαυτοῦ
3800 2263 3914 2334 (31)

2314 2371 2637 2412 ποοεστωτα.

605 2450 656 2502 5.
690 2443 931 2500 Deﬁciet
961 2459 1058 2499 me
1089 2443 1238 2510 dies,
1273 2443 1322 2498 si
1356 2457 1605 2499 narrare
1642 2456 1895 2514 pergam
1928 2444 2053 2497 tum
2082 2445 2203 2497 stu-

2387 2447 2438 2496 5.
2480 2440 2761 2511 Ἐπιλείψει
2787 2459 2848 2512 με
2877 2442 2906 2499 ἡ
2957 2443 3127 2514 ἡμέρα
3169 2436 3508 2513 διηγούμενον
3551 2443 3616 2493 τά
3659 2459 3713 2493 τε
3739 2440 3914 2499 ἐπιτη-

536 2534 641 2591 dia
671 2549 880 2590 eorum
903 2532 1010 2605 qui
1031 2531 1358 2601 Evangelio
1382 2530 1595 2586 Christi
1611 2546 1861 2602 operam
1883 2529 2050 2598 dant,
2078 2536 2150 2585 tui

2318 2527 2552 2603 δεύματα
2611 2539 2711 2581 τῶν
2763 2533 3140 2602 συνεργούντων
3199 2530 3268 2590 εἰς
3333 2533 3391 2582 τό
3455 2529 3766 2602 Εύαγγέλιον
3821 2538 3911 2581 τοῦ

539 2624 667 2680 vim
695 2621 1002 2696 praecepti,
1032 2620 1307 2677 videlicet
1331 2635 1515 2692 quam
1547 2621 1868 2676 conveniat
1896 2619 2148 2675 omnibu

2316 2627 2571 2693 Χριστοῦ,
2619 2624 2709 2672 καὶ
2755 2623 2848 2677 τὴν
2899 2616 3120 2691 δύναμιν
3159 2626 3252 2671 τοῦ
3299 2621 3724 2692 προστάγματος,
3783 2620 3921 2681 ὅπως

550 2713 804 2769 Attende
867 2711 974 2767 tibi
1017 2711 1164 2782 ipsi;
1225 2709 1464 2766 sobrius
1521 2715 1668 2780 esto,
1700 2716 1864 2766 utere
1919 2709 2164 2765 consilii:

2318 2709 2651 2782 εὐαρμόστως
2681 2711 2794 2781 ἔχει
2823 2709 2936 2779 (32)
2962 2712 3092 2782 πρὸς
3121 2708 3372 2770 ἅπαντας.
3417 2713 3655 2782 Πρόσεχε
3697 2716 3918 2778 σεαυτῷ·

535 2801 930 2877 praesentium
959 2805 1186 2865 custos,
1203 2797 1387 2853 futuri
1409 2798 1707 2870 provisor.
1724 2798 1895 2865 Quod
1910 2799 2037 2870 jam
2060 2814 2149 2870 pr:

2315 2800 2566 2872 νηφάλιος
2607 2801 2736 2865 ἔσο,
2807 2797 3162 2871 βουλευτικὸς,
3233 2807 3332 2849 τῶν
3397 2803 3662 2871 παρόντων
3733 2797 3915 2870 φύλαξ,

541 2908 682 2949 sens
704 2895 811 2957 est,
837 2905 963 2962 prae
987 2887 1236 2958 segnitie
1256 2903 1332 2942 ne
1361 2888 1585 2956 amitte,
1601 2904 1798 2960 neque
1820 2904 2054 2958 eorum,
2073 2905 2154 2960 qu

2317 2892 2657 2962 προνοητικός
2688 2897 2778 2940 τοῦ
2803 2887 3110 2960 ’με’λλοντος.
3144 2890 3229 2945 Μὴ
3276 2890 3334 2939 τὸ
3373 2890 3462 2960 μὲν
3494 2884 3600 2946 ἢδη
3632 2891 3793 2960 παρὸν
3825 2883 3923 2939 διὰ

547 2997 672 3038 non
707 2986 864 3047 sunt,
889 2995 1000 3035 nec
1029 2979 1180 3034 forte
1205 2977 1408 3033 futura
1441 2983 1602 3048 sunt,
1631 2978 1807 3050 quasi
1833 2979 1962 3049 jam
1993 2979 2054 3034 in
2085 2996 2161 3034 in:

2316 2981 2579 3054 ῥᾳθυμίας
2636 2982 2870 3052 προῐεσο,
2926 2986 3026 3029 τῶν
3086 2973 3145 3030 δέ
3203 2981 3335 3049 μήτε
3391 2981 3546 3028 ὄντων
3608 2981 3739 3049 μήτε
3795 2975 3921 3029 ἐσο-

546 3071 726 3129 nibus
754 3069 891 3136 sint,
916 3068 1022 3124 tibi
1060 3067 1343 3140 promitte
1373 3067 1844 3138 possessionem.
1879 3072 2084 3124 Nonne
2115 3070 2160 3124 h:

2318 3075 2478 3143 μένων
2535 3072 2720 3140 τυχόν,
2776 3070 2846 3129 ὡς
2904 3066 2952 3119 ἓν
3005 3072 3193 3141 χερσὶν
3251 3071 3425 3134 ὄντων,
3475 3071 3569 3124 τὴν
3633 3064 3922 3118 ἀπόλαυσιν

551 3160 808 3217 morbus
845 3163 1064 3214 natura
1095 3157 1308 3213 insitus
1348 3162 1438 3212 est
1481 3157 1989 3225 adolescentibus,
2037 3164 2101 3214 ut
2130 3175 2164 3214 ο

2318 3162 2616 3212 ύποτίθεσο.
2667 3156 2736 3209 ’Ἡ
2801 3156 2928 3228 ούχὶ
2992 3157 3142 3228 φύσει
3207 3157 3440 3229 ὑπάρχει
3487 3159 3544 3209 τό
3598 3154 3926 3230 ἀρρώστημα

2392 3258 2406 3260 _
2565 3256 2583 3260 _
2694 3251 2703 3260 .
2989 3249 2997 3259 .
3262 3250 3270 3260 ,
3429 3247 3453 3260 ..
3623 3241 3692 3260 .1.
3879 3249 3890 3260 .

552 3250 770 3307 mentis
796 3249 1100 3304 levitatem
1146 3247 1371 3302 habere
1423 3263 1482 3301 se
1525 3247 1658 3317 jam
1688 3253 1900 3320 putent
1925 3255 2163 3321 sperata

2317 3258 2470 3301 τοῦτο
2500 3256 2610 3309 τοῖς
2651 3251 2802 3311 νέοις,
2845 3249 3126 3318 κουφότητι
3177 3250 3389 3318 γνώμης
3428 3247 3568 3317 ἔχειν
3617 3241 3725 3302 ἤδη
3767 3249 3924 3317 νομί-

554 3343 703 3396 Nam
745 3339 794 3393 si
835 3336 1089 3410 quando
1126 3337 1315 3391 otium
1343 3336 1503 3391 nacti
1533 3336 1773 3407 fuerint,
1804 3342 1908 3393 aut
1946 3339 2168 3410 quieter

2321 3349 2424 3410 ζειν
2472 3349 2539 3398 τά
2591 3344 2926 3411 ἐλπιϐθέντα;
2989 3343 3150 3396 ’Ὁταν
3215 3345 3314 3417 γάρ
3377 3363 3500 3396 ποτε
3565 3343 3784 3416 ἠρεμίας
3834 3342 3926 3395 λά·-

553 3434 940 3496 nocturnam,
970 3425 1264 3492 imagines
1302 3424 1602 3495 quasdam
1639 3441 1841 3481 rerum
1868 3443 1989 3482 non
2024 3428 2164 3483 subs

2320 3438 2529 3501 ϐωνται,
2665 3435 2903 3505 ἡσυχίας
2948 3441 3267 3506 νυκτερινῆς,
3324 3431 3738 3484 ἀναπλάττουσιν
3806 3431 3926 3484 ἐαυ-

556 3516 839 3574 stentium
871 3515 983 3570 sibi
1021 3515 1136 3586 ipsi
1174 3513 1379 3569 animo
1407 3512 1620 3584 ﬁgunt,
1644 3520 1700 3571 et
1729 3532 1852 3588 prae
1882 3517 2098 3573 mentis
2127 3518 2170 3574 ir

2319 3534 2428 3588 τοῖς
2472 3528 2760 3598 φαντασίας
2819 3521 3231 3589 ἀνυποστάτους,
3291 3529 3352 3594 τῇ
3409 3521 3614 3594 εὐκολίᾳ
3664 3529 3762 3582 τῆς
3806 3518 3927 3573 δια-

557 3605 878 3664 stabilitate
904 3603 1250 3659 ferunturin
1271 3603 1498 3672 omnia,
1516 3603 1862 3675 pollicentes
1885 3607 1997 3662 sibi
2019 3607 2171 3680 spler

2318 3625 2460 3680 νοίας
2536 3615 2618 3668 ἐπὶ
2694 3615 2863 3666 πάντα
2924 3617 3209 3686 φερόμενοι·
3276 3613 3632 3684 ὑποτιθέμενοι
3697 3630 3925 3684 περιφα-

557 3696 769 3752 dorem
798 3693 956 3762 vitae,
985 3693 1229 3764 nuptias
1259 3692 1539 3758 illustres,
1571 3709 1959 3752 numerosam
1987 3713 2057 3753 ac
2089 3697 2171 3753 fat

2318 3714 2455 3769 νείας
2486 3705 2628 3779 βίου,
2661 3705 2863 3776 γάμους
2890 3701 3180 3774 λαμπροὺς,
3210 3697 3504 3767 εὐπαιδίαν,
3547 3707 3714 3774 γῆρας
3754 3698 3922 3772 βαθὺ,

559 3789 717 3841 stam
745 3782 1038 3847 sobolem,
1070 3781 1411 3851 longaevam
1438 3787 1824 3852 senectutem,
1855 3785 2173 3842 deferendo

2318 3801 2412 3860 τὰς
2454 3798 2598 3870 παρά
2636 3795 2838 3845 πάντων
2891 3793 3068 3864 τιμάς.
3121 3786 3249 3842 Εἶτα
3299 3785 3552 3862 μηδαμοῦ
3602 3795 3790 3846 στῆναι
3818 3797 3925 3840 τῶν

559 3875 638 3930 ab
669 3873 952 3930 omnibus
975 3873 1258 3927 honores.
1287 3871 1509 3927 Deinde
1537 3889 1674 3928 cum
1711 3874 1876 3930 nulla
1903 3875 1964 3930 in
1993 3892 2055 3931 re
2078 3892 2173 3948 pos

2319 3883 2540 3940 ἐλπίδων
2591 3880 2888 3954 δυνάμενοι,
2938 3879 3069 3952 πρὸς
3115 3881 3183 3931 τὰ
3229 3881 3460 3952 μέγιστα
3499 3887 3597 3930 τῶν
3646 3876 3694 3929 ἐν
3727 3876 3928 3952 ἀνθρὼ-

559 3964 676 4020 sint
705 3979 844 4035 spes
887 3976 1029 4017 suas
1077 3963 1299 4029 sistere,
1334 3961 1412 4016 ad
1458 3977 1528 4017 ea
1569 3979 1704 4034 quae
1748 3964 1902 4019 inter
1934 3965 2173 4023 homine

2316 3997 2435 4038 ποις
2481 3977 2898 4046 ύπερφυσῶνται.
2951 3972 3144 4030 Οἳκους
3193 3977 3417 4020 κτῶνται
3459 3967 3650 4028 καλούς
3695 3971 3786 4019 καὶ
3824 3986 3929 4039 με-

556 4052 830 4111 maxima
850 4055 1008 4117 sunt,
1032 4050 1219 4104 nimio
1249 4049 1437 4104 animi
1473 4054 1709 4106 tumore
1741 4054 2079 4124 rapiuntur.
2103 4059 2170 4111 Dc

2316 4066 2526 4138 γάλουςο
2591 4062 2959 4134 πληρώσαντες
3033 4060 3249 4119 τούτους
3316 4053 3663 4109 παντοδαπῶν
3736 4075 3930 4130 κειμη-

556 4159 691 4200 mos
717 4141 1006 4215 pulchras
1032 4143 1391 4210 comparant
1410 4143 1467 4194 et
1486 4140 1739 4212 amplas,
1763 4158 1919 4214 quas
1945 4145 2166 4214 pretios

2318 4155 2455 4222 λίων,
2505 4161 2602 4225 γῆν
2645 4149 3057 4225 περιϐάλλονται,
3110 4151 3236 4205 ὅσην
3286 4147 3346 4198 ᾱίν
3393 4146 3572 4207 αὐτοῖς
3611 4149 3642 4205 ἠ
3691 4150 3932 4219 ματαιό-

555 4249 628 4289 ac
649 4231 977 4300 omnigena
999 4227 1360 4301 supellectile
1382 4227 1641 4299 replent;
1665 4235 1899 4287 tantum
1921 4232 2169 4304 adjiciur

2315 4264 2410 4305 της
2473 4251 2572 4294 τῶν
2633 4239 2894 4312 λογισμῶν
2955 4244 3051 4299 τῆς
3108 4235 3229 4298 ὅλης
3289 4239 3506 4298 κτίσεως
3571 4233 3929 4307 ἀποτέμηται.

553 4327 724 4377 terrm
749 4321 810 4374 in
832 4319 1413 4388 circuitu,quantum
1438 4332 1599 4374 vana
1618 4333 1827 4375 eorum
1849 4322 2167 4391 cogitation

2317 4333 2474 4386 Ηάλιν
2523 4333 2617 4392 τὰς
2679 4327 2901 4380 ἐντεῦθεν
2951 4325 3194 4398 εύπορίας
3245 4331 3362 4387 ταῖς
3412 4332 3510 4387 τῆς
3563 4329 3931 4398 ματαιότητος

554 4427 591 4468 a
631 4415 757 4466 toto
785 4415 1080 4465 terrarum
1111 4407 1258 4463 orbe
1299 4407 1622 4463 rescissum
1668 4416 1774 4466 est.
1809 4415 2033 4468 Rursus
2072 4431 2168 4488 prc

2319 4422 2608 4483 ἀποθήκαις
2643 4416 3048 4471 ἐναποκλείουσι.
3081 4416 3432 4488 Ηροστιθέασι
3481 4417 3685 4476 τούτοις
3714 4412 3933 4487 βοσκὴο

552 4499 863 4555 venientes
893 4497 1054 4552 illinc
1092 4496 1319 4551 reditus
1358 4495 1418 4551 in
1444 4499 1726 4554 vanitatis
1755 4501 1983 4558 horreis
2024 4504 2166 4561 inclt

2316 4533 2473 4588 ματα,
2523 4511 2729 4564 οἰκετῶν
2781 4506 2979 4566 πλῆθος
3037 4502 3275 4577 ἀριθμόν,
3345 4502 3670 4577 ύπερϐαἰνον,
3737 4502 3930 4577 ἀρχὰς

558 4589 729 4644 dunt.
765 4588 861 4642 His
900 4586 1134 4642 addunt
1181 4601 1422 4658 pecora,
1468 4586 1851 4646 innumeram
1895 4608 2172 4653 servorun

2310 4603 2600 4667 πολιτικὰς,
2655 4601 2933 4670 ἡγεμονίας
2985 4594 3157 4661 ἐθνῶν,
3227 4599 3566 4668 στρατηγίας,
3633 4593 3922 4666 πολέμους,

549 4682 839 4740 turmam,
860 4675 1248 4745 magistratus
1269 4674 1491 4743 civiles,
1513 4677 1888 4750 principatus
1909 4685 2163 4752 gentium

2315 4697 2552 4766 τρόπαια,
2589 4686 2860 4762 βασιλείαν
2913 4684 3096 4743 αὐτήν.
3144 4685 3319 4736 Ηάντα
3373 4691 3542 4737 ταῦτα
3581 4689 3691 4744 τοῖς
3735 4680 3929 4737 διακέ-

546 4767 802 4842 imperia
828 4765 1126 4834 militaria,
1153 4765 1332 4833 bella,
1359 4767 1629 4839 trophaea
1654 4768 1916 4844 denique
1944 4790 2160 4846 regnut

2315 4765 2412 4844 νοις
2455 4788 2550 4842 τῆς
2596 4774 2831 4837 ὃιανοιας
2879 4772 3238 4846 ἀναπλασμοῖς
3295 4772 3606 4838 ἐπελθόντες,
3663 4773 3765 4826 ὑπὸ
3815 4781 3929 4835 τῆς

691 4912 833 4993 [με.
864 4926 989 4993 mn2
1021 4912 1074 4966 8.
1133 4909 1244 4993 Μεθ’
1268 4909 1482 4993 ll‘Tim.
1511 4915 1656 4993 ιι,.3ἰ
1694 4987 1724 4993 __
1771 4915 1816 4949 ⁸9
1846 4918 1890 4970 ll
1919 4918 2066 4976 Tim.
2094 4937 2134 4992 ι,
2167 4925 2224 4982 8,

2331 4927 2380 4961 eo
2408 4929 2425 4980 ι
2452 4925 2598 4980 Tim.
2631 4922 2795 4989 1,18,
2843 4991 2880 4993 ν,
2908 4919 2953 4993 ξι
2986 4916 3200 4993 Ephes.
3235 4931 3310 4993 vi,
3345 4916 3433 4972 12.
3547 4917 3595 4952 ⁹²
3621 4915 3774 4973 ibid.
3809 4922 3916 4976 l3.

544 4985 593 5037 93
622 4983 666 5040 ll
691 4983 838 5040 Tim.
875 4997 929 5050 ιι,
967 4984 1020 5037 4.
1133 4981 1181 5016 9⁵
1208 4980 1355 5036 ibid.
1391 4987 1440 5036 5.
1556 4983 1603 5018 ⁹⁵
1636 4986 1654 5039 Ι
1686 4987 1816 5041 Cor.
1853 5003 1931 5056 1x,
1964 4994 2052 5048 26.
2120 4980 2132 4992 ’

1719 4989 1816 5041 :or.
1853 5003 1931 5056 1x,
1964 4994 2052 5048 26.
2120 4980 2132 4992 ’
2169 4980 2220 5032 θέ
2243 4997 2500 5069 Philipp.
2523 5009 2601 5062 ιιι,
2639 4980 2723 5049 1’3.
2837 4991 2882 5027 ’7
2916 4989 2938 5044 Ι
2971 4980 3104 5046 Cor.
3135 5003 3216 5057 ιχ,
3244 4980 3333 5044 24.

609 5131 723 5201 ('28)
758 5130 916 5184 Unus
947 5125 1136 5182 codex
1168 5125 1331 5203 Colb.
1381 5133 1561 5179 Ταῦτα
1603 5123 1663 5180 δέ
1691 5130 1823 5186 ἔστι.
1857 5134 1988 5190 Mox
2028 5135 2191 5194 idem

2319 5139 2509 5196 iddita
2537 5137 2632 5194 sit.
2651 5131 2780 5192 Mox
2809 5149 2841 5189 e
2865 5131 3113 5202 regione
3139 5129 3308 5187 vocis
3335 5134 3518 5203 καίρια
3541 5145 3661 5187 vox
3689 5129 3933 5203 ψυχικοί

537 5197 665 5258 mss
694 5203 780 5252 τὸν
810 5206 1080 5265 νοσοῦντα,
1116 5197 1291 5252 male.

617 5274 716 5286 ,ηε
889 5271 901 5286 .
1280 5271 1323 5286 ,Α
1561 5278 1580 5286 _
1638 5269 1704 5286 ..,
1837 5271 1887 5286 ..
2014 5277 2092 5286 ._

2321 5227 2360 5267 n
2385 5210 2548 5286 Colb.
2579 5207 2778 5286 primo
2801 5197 3039 5286 legitur.
3072 5204 3277 5286 Utrum
3305 5197 3660 5286 autém_vox
3687 5197 3933 5286 ψρῇξικοξ

609 5274 719 5351 (29)
762 5271 925 5351 mild,
985 5271 1456 5351 συγκακοπάθησον
1508 5278 1586 5350 ,τῷ
1636 5271 1948 5351 Εὐάγγελίῳ,
2009 5277 2188 5335 inter-

2318 5283 2467 5338 raria
2486 5271 2660 5338 lectio
2689 5279 2782 5345 sit,
2803 5271 2891 5334 an
2903 5274 3230 5331 declaratio
3251 5273 3418 5330 vocis
3442 5279 3625 5347 καίρια
3645 5271 3932 5336 viderint

534 5349 781 5418 pretans
831 5345 1136 5418 Erasmus,
1185 5342 1418 5418 videtur
1463 5342 1585 5395 vim
1628 5343 1796 5418 verbi
1850 5342 2148 5418 συγκακοπο

831 5345 1136 5418 Erasmus,
1185 5342 1418 5418 videtur
1463 5342 1585 5395 vim
1628 5343 1796 5418 verbi
1850 5342 2183 5418 συγκακοπα-
2295 5354 2419 5410 alii.

536 5411 638 5494 ὂεζν
668 5429 790 5494 non
836 5411 1426 5494 maleuexpresnsisse,
1460 5427 1598 5466 cum
1641 5413 1726 5494 ita
1757 5411 2150 5488 interpretatu

2365 5426 2480 5494 (3i)
2519 5421 2684 5493 Regii
2715 5420 2838 5494 duo
2870 5417 3112 5494 codices
3152 5415 3279 5494 ἀλλά
3317 5422 3616 5494 νήφοντα...
3653 5429 3927 5494 σεαυτοῦ,

536 5428 638 5467 θεῖν
668 5429 790 5468 non
836 5428 994 5468 male
1023 5428 1426 5495 .expresszsse,
1460 5428 1598 5466 cum
1645 5428 1726 5469 ita
1757 5428 2186 5488 interpretatus
2388 5428 2480 5492 3t)
2519 5428 2684 5493 Regii
2715 5428 2838 5476 duo
2870 5428 3112 5474 codices
3152 5428 3279 5469 ἀλλά
3324 5428 3616 5490 νήφοντα...
3653 5429 3928 5477 σεαυτοῦ.

530 5485 1165 5568 θεζλεΑΕξίορανίιοϐῃε
1195 5484 1596 5568 (ηἹῑισζιοηιιηι
1618 5486 1965 5568 Evangelii.
2013 5562 2022 5568 _
2363 5428 2476 5568 £32)
2518 5498 2679 5552 Unus
2709 5491 2901 5568 codex
2933 5488 3102 5546 Colb.
3136 5489 3472 5563 εὐαρμόστως
3502 5491 3625 5561 ἔχῃ.
3656 5489 3821 5546 Editi
3859 5499 3937 5551 et

600 5560 710 5626 (30)
749 5548 989 5645 inii-leg.
1014 5548 1956 5645 Apiiim‘o"Iscriptumminvenimus
1994 5562 2182 5645 ψυχῆς

1994 5562 2182 5645 ψυχῆς
2291 5548 2895 5635 animasse...
3228 5548 3271 5563 υ

529 5623 692 5702 ὄμμα,
741 5626 849 5684 sed
883 5623 968 5683 ita
1014 5623 1343 5697 tamen,;ut
1386 5623 1501 5682 vox
1550 5625 1761 5702 βλέμμα
1805 5630 1867 5688 in
1907 5623 2016 5691 ora'
2042 5623 2182 5694 libri
