4088 6194
214 214 314 269 209

1138 216 1427 273 HOMILIA
1464 217 1533 271 IN
1573 215 1800 282 lLLUD,
1841 213 2226 271 ATTENDE
2264 215 2437 271 TIBI
2468 215 2654 272 IPSI.

3474 221 3582 275 210

213 347 339 420 ἄγαν
387 347 570 408 ανοίας
622 345 893 400 ἀπολαύειν
944 343 1162 400 δοκοῦσι
1205 356 1304 400 τῶν
1362 348 1700 401 ῦεπισθέντων
1751 351 1790 400 ὡ

1933 337 2155 412 ipsum.
2188 342 2322 395 Hinc
2344 340 2547 396 omnia
2570 339 2674 396 ubi
2697 339 2984 396 inanibus
3016 339 3202 397 animi
3226 343 3586 398 commentis

211 435 313 496 ἕδη
367 441 644 510 παρόντων
693 443 779 489 καὶ
832 437 880 488 ἐν
939 443 1065 489 ποσὶ
1116 442 1358 510 κειμένων
1407 437 1602 500 αύτόῖς.
1653 434 1819 491 Ἰδιον

212 527 542 601 ἀρρώστημα
572 521 726 578 τοῦτο
757 524 923 599 ἀργῆς
960 530 1050 578 καὶ
1093 527 1328 600 ῥᾳθύμου
1373 526 1579 598 ψυχῆς,
1613 525 1820 579 ἐνύπνια

209 616 415 687 βλέπειν
488 615 838 689 ἐγρηγορότος
895 623 984 667 τοῦ
1058 622 1316 688 σώματος.
1376 619 1580 674 Ταύτην
1646 621 1818 669 τοίνυν

205 711 294 763 τήν
338 711 659 776 χαυνότητα
705 713 798 767 τῆς
830 701 1088 772 διανοίας,
1120 710 1208 757 καὶ
1251 710 1345 764 τήν
1394 706 1675 778 φλεγμονὴν
1719 715 1818 757 τῶν

202 795 473 866 λογισμῶν
523 795 852 854 καταπιέζων
897 795 922 845 ὁ
969 794 1137 865 λόγος,
1183 799 1272 847 καὶ
1321 797 1426 848 οἷον
1471 795 1673 867 χαλινῷ
1715 815 1817 846 τινι

201 883 508 956 ἀνακρούων
573 891 672 945 τῆς
743 879 978 946 διανοίας
1035 887 1093 936 τὸ
1150 885 1414 952 ἄστατον,
1473 884 1816 959 παραγγέλλει

201 979 258 1025 τὸ
330 977 474 1046 μέγα
541 980 698 1024 τοῦτο
763 977 853 1026 καὶ
913 976 1070 1045 σοφὸν
1131 974 1510 1048 παράγγελμαο
1571 981 1812 1046 Σεαυτῷ,

203 1068 368 1134 φησί,
425 1067 670 1136 πρόσεχε
702 1083 715 1095 ο
785 1067 856 1135 μὴ
917 1063 1278 1136 ὑποτιθέμενος
1337 1066 1401 1115 τὰ
1471 1062 1809 1138 ἁνύπαρκτα,

389 1154 460 1203 τὰ
520 1155 756 1226 παρόντα
811 1155 942 1224 πρὸς
1000 1156 1058 1203 τὸ
1119 1157 1375 1226 συμφέρον
1434 1148 1808 1225 διατιθέμενος.

197 1238 360 1312 Οξααι
387 1237 472 1308 δὲ,
509 1239 718 1292 κακεῖνο
747 1243 806 1292 τὸ
849 1241 1014 1301 πάθος
1044 1239 1346 1315 ἐξαιροῦντα
1386 1249 1480 1304 τῆς
1511 1245 1808 1310 συνηθείας,

195 1334 358 1402 ταύτῃ
433 1331 763 1403 χρήσασθαι
831 1337 894 1403 τῇ
972 1335 1272 1404 παραινέσει
1342 1334 1428 1384 τὸν
1507 1334 1805 1404 νομοθέτην.

193 1416 400 1477 Ἐπειδή
479 1415 672 1493 ῥᾴδιον
737 1418 940 1491 ἑκάστῳ
1008 1422 1153 1493 ἡμῶν
1223 1419 1668 1496 πολυπραγμονεῖν
1744 1426 1810 1474 τα

191 1509 463 1581 summ,
512 1509 543 1566 ἦ
596 1511 664 1560 τὰ
711 1508 876 1561 οἰκεῖα
924 1509 1108 1562 ἑαυτοῦ
1139 1506 1550 1564 διασκέπτεσθαι
1575 1533 1587 1544 ο
1623 1513 1704 1563 ἵνα
1732 1516 1802 1584 μὴ

187 1606 340 1650 τοῦτο
392 1601 720 1671 πάσχωμεν,
757 1605 987 1664 Παῦσαι,
1035 1604 1184 1672 φησὶ,
1218 1602 1284 1652 τὰ
1321 1607 1412 1652 τοῦ
1459 1597 1622 1663 δεῖνος
1670 1604 1808 1652 κακὰ

1931 445 2314 497 recensuere,
2348 429 2460 486 sibi
2500 446 2623 502 prae
2655 431 2841 486 nimia
2885 430 3205 488 stoliditate
3234 433 3342 502 21
3381 431 3587 489 viden-

1932 525 2026 576 tur
2069 520 2322 592 speratis
2371 520 2534 576 velut
2575 524 2706 591 jam
2756 522 3158 591 prmsentibus
3206 526 3262 577 et
3291 521 3405 577 sibi
3446 527 3586 578 ante

1928 609 2117 681 pedes
2167 609 2374 681 positis
2403 609 2537 664 frui.
2582 610 2828 682 Propria
2867 611 2996 666 haac
3046 615 3138 666 est
3180 611 3360 667 otiosi
3389 628 3461 667 ac
3492 628 3586 668 so-

1929 698 2129 754 cordis
2160 698 2349 753 animi
2380 698 2695 768 aegritudo,
2718 699 2780 754 in
2810 699 2975 770 vigili
3004 715 3254 772 corpore
3279 700 3585 759 insomnia

1928 804 2192 846 cernere.
2223 792 2386 844 lianc
2415 789 2618 862 itaque
2664 789 2879 845 mentis
2927 789 3234 845 laxitatem
3273 795 3330 847 et
3358 792 3582 861 cogita-

1926 878 2161 935 tionum
2192 884 2489 934 tumorem
2524 879 2930 950 comprimens
2979 880 3301 951 Scriptura,
3335 886 3392 936 et
3419 881 3580 938 velut

1925 968 2095 1024 freno
2169 967 2442 1041 quodam
2509 968 2728 1024 mentis
2796 968 3269 1024 inconstantiam
3334 984 3575 1038 arcens,

1923 1074 2218 1128 magnum
2271 1058 2385 1113 hoc
2429 1073 2499 1113 ac
2545 1056 2785 1128 sapiens
2815 1063 3184 1130 praeceptum
3214 1058 3574 1114 annuntiat:

1931 1148 2064 1202 Tibi
2089 1148 2226 1217 ipsi,
2254 1147 2470 1219 inquit,
2505 1147 2767 1215 attende,
2799 1162 3190 1218 nequaquam
3222 1148 3575 1219 promittens

1921 1236 2029 1292 tibi
2053 1253 2187 1309 quae
2216 1252 2341 1292 non
2372 1237 2682 1304 exsistunt,
2711 1235 2817 1290 sed
2861 1236 3183 1307 praesentia
3227 1236 3306 1292 ad
3356 1236 3574 1294 utilita-

1921 1329 2040 1382 tem
2087 1329 2251 1380 tuam
2293 1325 2582 1394 dirigens.
2628 1324 2911 1379 Existimo
2960 1329 3162 1380 autem
3207 1325 3343 1381 ideo
3391 1342 3572 1382 usum

1919 1413 2100 1469 fuisse
2121 1414 2234 1469 hac
2261 1413 2674 1469 admonitione
2693 1413 3122 1484 legislatorem,
3137 1417 3202 1468 ut
3220 1413 3367 1468 illud
3387 1414 3571 1470 etiam

1916 1504 2128 1560 vitium
2146 1504 2223 1559 ab
2241 1505 2556 1560 hominum
2577 1503 3011 1560 consuetudine
3029 1503 3401 1558 amandaret.
3421 1503 3571 1570 Quia

1917 1593 2242 1666 unicuique
2263 1599 2539 1649 nostrum
2567 1594 2800 1648 facilius
2820 1598 2908 1649 est
2928 1592 3126 1650 aliena
3146 1593 3378 1648 curiose
3397 1593 3573 1650 inda-

184 1687 665 1760 περιεργαζόμενος
691 1709 704 1721 ο
731 1693 804 1761 μὴ
848 1684 1006 1740 δίδου
1053 1688 1251 1761 σχολήν
1296 1697 1403 1752 τοῖς
1447 1689 1719 1763 λογισμοῖς
1747 1694 1797 1743 τὲ

1917 1697 2078 1752 gare,
2103 1699 2290 1755 quam
2313 1698 2422 1738 sua
2442 1682 2632 1754 ipsius
2656 1699 2726 1738 ac
2754 1683 3002 1756 propria
3028 1682 3390 1754 expendere,
3409 1687 3474 1738 ut
3493 1697 3568 1739 ne

183 1776 457 1848 ἀλλότριον
512 1775 769 1839 ἐξετάζειν
825 1775 1181 1851 ἀρρώστημα·
1230 1777 1358 1830 ἀλλὰ
1412 1789 1588 1850 σαυτῷ
1634 1785 1804 1854 προσ-

181 1886 305 1937 εχε·
361 1871 671 1930 τουτέστιν,
725 1866 807 1918 ἐπὶ
851 1871 944 1925 τήν
994 1867 1182 1920 οἰκείαν
1228 1871 1430 1942 ἔρευναν
1483 1874 1664 1942 στρέφε
1711 1889 1803 1922 σου

178 1963 232 2006 το
274 1959 427 2027 iuga
461 1956 560 2016 της
609 1955 815 2026 ψυχῆς.
848 1955 1032 2008 Πολλοὶ
1068 1959 1190 2030 γὰρ,
1225 1960 1360 2009 κατὰ
1389 1961 1474 2009 τὸν
1517 1957 1664 2031 λόγον
1713 1967 1804 2010 τοῦ

181 2051 400 2116 Κυρίου,
433 2048 498 2095 τὸ
543 2048 640 2116 μὲν
679 2048 876 2117 κάρφος
918 2049 976 2097 τὸ
1021 2045 1070 2096 ἐν
1113 2055 1184 2116 τῷ
1230 2046 1474 2119 ὀφθαλμῷ
1517 2056 1607 2099 τοῦ
1649 2045 1804 2100 ἀδελ-

180 2143 268 2204 φοῦ
315 2141 674 2203 κατανοοῦσι,
724 2138 817 2191 τήν
861 2130 919 2186 δὲ
963 2133 1010 2186 ἐν
1041 2144 1111 2206 τῷ
1142 2135 1313 2206 οἰκείῳ
1359 2135 1606 2208 ὀφθαλμῷ
1650 2133 1804 2189 δοκὸν

178 2223 265 2273 οὐκ
335 2221 693 2294 ἐμῶιέπουσι.
753 2227 838 2280 Μή
912 2226 1090 2296 παύσῃ
1163 2229 1334 2276 τοὶνυν
1411 2221 1802 2299 διερευνώμενος

179 2316 416 2376 σεαυτὸν,
468 2315 515 2363 εῖ
565 2330 652 2362 σοι
701 2310 816 2363 κατ’
869 2309 1071 2370 ἐντολὴν
1120 2314 1145 2364 ὁ
1195 2311 1314 2386 βίος
1358 2319 1630 2388 πρόεισιν⁸
1679 2313 1805 2368 ἀλλὰ

175 2407 238 2470 μή
300 2405 369 2451 τα
428 2399 533 2462 ἔξω
597 2405 923 2473 περισκόπει,
981 2404 1024 2454 εἴ
1088 2405 1184 2454 πού
1243 2422 1381 2464 τινος
1435 2412 1612 2476 μῶμον
1672 2403 1804 2466 ἐξευ-

171 2498 268 2558 ρεῖν
321 2487 630 2550 δυνηθείης
672 2493 802 2555 (33),
858 2492 992 2542 κατὰ
1039 2494 1124 2542 τὸν
1173 2497 1457 2564 Φαρισαῖον
1500 2497 1586 2544 τὸν
1633 2491 1800 2566 βαρύν

171 2577 354 2632 ἐκεῖνον
417 2584 516 2630 καὶ
585 2576 852 2646 ἀλαζόνα,
910 2578 966 2639 ὃς
1017 2581 1246 2638 εἱστήκει
1301 2579 1479 2632 ἑαυτὸν
1539 2578 1796 2649 δικαιῶν,

166 2674 252 2719 καὶ
305 2671 396 2718 τὸν
456 2667 693 2725 τελώνην
745 2667 1114 2728 κατευτελίζων
1149 2690 1160 2701 ·
1219 2667 1346 2721 ἀλλά
1401 2674 1615 2723 σεαυτὸν
1670 2669 1798 2723 ἀνα-

165 2762 349 2830 κρίνων
403 2762 481 2829 μη
543 2753 805 2829 διαλίπῃς
831 2759 963 2822 (34),
995 2763 1064 2830 μή
1101 2777 1149 2808 τι
1180 2761 1315 2810 κατὰ
1366 2761 1459 2820 τὰς
1493 2757 1799 2832 ἐνθυμήσεις

166 2849 416 2918 ήμαρτες,
468 2851 548 2918 μή
615 2865 668 2896 τι
723 2847 751 2902 ἡ
800 2845 1016 2916 γλῶσσα
1067 2847 1363 2920 παρώλισθε
1412 2856 1506 2911 τῆς
1561 2845 1796 2910 διανοίας

165 2932 670 3008 προεκδραμοῦσα,
717 2939 788 3006 μή
842 2934 890 2986 ἐν
941 2944 1050 2996 τοῖς
1096 2940 1262 3010 ἔργοις
1310 2946 1409 2989 τῶν
1461 2948 1653 3013 χειρῶν
1702 2943 1796 2992 πέ-

165 3031 390 3096 πρακταί
456 3044 512 3077 τι
573 3033 676 3075 τῶν
729 3022 1049 3082 ἀϐουλήτων.
1105 3024 1207 3079 Κᾶν
1265 3027 1419 3099 εύρης
1472 3027 1519 3079 ἐν
1572 3037 1643 3100 τῷ
1693 3027 1796 3100 βίῳ

171 3122 387 3165 canta-5
443 3112 625 3166 πολλὰ
673 3116 740 3164 τὰ
783 3114 1138 3187 ἁμαρτήματα
1175 3116 1434 3189 (εὑρήσεις
1485 3113 1543 3169 δὲ
1591 3118 1796 3180 πάντως

167 3205 438 3276 ἑιῧρωπος
490 3207 616 3267 ὧν),
669 3201 782 3273 λὲγε
830 3205 898 3254 τὰ
949 3211 1038 3255 τοῦ
1096 3204 1349 3257 τελώνου·
1395 3206 1453 3258 Ὀ
1499 3211 1646 3273 Θεὸς,
1679 3207 1794 3260 ἰλά-

171 3294 319 3346 σθητί
347 3311 448 3364 μοι
498 3300 582 3360 τῷ
613 3290 927 3364 ἁμαρτωλῷ.
960 3297 1197 3366 Πρόσεχε
1241 3301 1328 3345 οῦν
1380 3304 1598 3366 σεαυτῷ.
1632 3303 1795 3349 Τοῦτο

172 3398 246 3431 σοι
300 3385 358 3433 τὸ
422 3381 588 3454 ῥῆμα
652 3385 743 3431 καὶ
792 3379 1040 3454 λαμπρῶς
1100 3383 1434 3456 εύημεροῦντί
1489 3404 1648 3451 ποτε,
1707 3391 1795 3438 καὶ

169 3473 352 3529 matr};
425 3475 526 3520 τοῦ
595 3465 722 3538 βίου
775 3471 912 3520 κατὰ
953 3469 1082 3543 ηροῦν
1140 3476 1454 3544 φερομένου,
1509 3479 1796 3547 χρησίμως

171 3562 608 3626 παραστήσεται,
643 3557 818 3628 ὥσπερ
865 3576 944 3619 τις
996 3557 1187 3630 ἀγαθὸς
1234 3558 1526 3632 σύμϐουλος
1556 3563 1793 3636 ὑπόμνη-

172 3661 248 3694 σιν
277 3651 449 3719 φέρων
502 3653 612 3696 τῶν
663 3643 1012 3718 ἀνθρωπίνων.
1050 3653 1148 3700 Καί
1191 3653 1365 3722 μέντοι
1413 3654 1503 3702 καὶ
1551 3653 1648 3703 ὑπὸ
1698 3673 1792 3706 πε-

169 3737 466 3803 ριστάσεων
492 3737 619 3803 (35)
651 3735 937 3807 πιεζομένῳ
986 3735 1033 3787 ἐν
1063 3747 1229 3810 καιρῷ
1260 3736 1319 3789 ἂν
1349 3743 1544 3811 γένοιτο
1574 3742 1637 3814 τῇ
1669 3762 1792 3817 καρ-

174 3819 257 3893 δία
303 3819 785 3894 κατεπᾳδὸμενον,
834 3827 902 3886 ὡς
949 3831 1079 3896 μήτε
1125 3829 1266 3898 τύφῳ
1315 3847 1444 3901 προς
1493 3827 1790 3892 ἀλαζονείαν

173 3914 454 3985 ὑπέρογκον
518 3912 850 3985 ἐπαρθῆναι,
911 3920 1042 3986 μήτε
1096 3915 1385 3988 ἀπογνώσει
1451 3922 1582 3992 πρὸς
1635 3919 1784 3992 ἀγενῆ

173 3999 477 4073 auge-4am
526 4011 860 4057 καταπεσεῖν.
892 4003 1102 4076 Πλούτῳ
1154 4013 1339 4079 κομᾷς,
1386 4013 1474 4060 καὶ
1523 4008 1606 4062 ἐπὶ
1653 4031 1786 4086 προ-

167 4096 333 4160 τόνοις
410 4096 551 4162 μέγα
624 4099 870 4164 φρονεῖς;
927 4098 1015 4144 καὶ
1086 4093 1347 4169 ἐπαγάλλη
1421 4095 1646 4171 πατρίδι
1697 4106 1786 4153 καὶ

169 4180 336 4232 ulla
399 4186 688 4251 σώματος,
738 4185 828 4232 καὶ
898 4189 1014 4243 ταῖς
1081 4187 1224 4258 παρά
1294 4187 1496 4237 πάντων
1565 4196 1780 4260 τιμαῖςς

173 4275 414 4342 Hyan-['3
465 4278 694 4338 σεαυτῷ,
747 4272 826 4321 ὅτι
873 4272 1057 4332 θνητὸς
1105 4271 1166 4339 εἷ,
1198 4272 1318 4325 Ὀτι
1354 4283 1418 4346 γῆ
1467 4274 1529 4344 εἴ,
1580 4283 1668 4329 καὶ
1713 4279 1783 4340 εἰς

170 4366 260 4427 γῆν
315 4356 611 4429 ἀπελευση.
675 4357 990 4431 Περίϐλεψαι
1060 4365 1180 4422 τοὺς
1236 4365 1335 4436 πρὸ
1398 4372 1491 4416 σοῦ
1563 4364 1610 4417 ἐν
1668 4375 1782 4428 ταῖς

176 4417 188 4427 π
565 4419 574 4429 ο
747 4417 755 4431 l
903 4417 913 4429 ⁸
1166 4417 1178 4422 ⁷
1276 4417 1284 4436 Ι
1677 4417 1782 4428 777V-

173 4448 376 4515 ὁμοίαις
421 4451 781 4520 περιφανείαις
829 4447 1210 4512 ἐξετασθέντας.
1261 4453 1366 4503 Πού
1411 4457 1459 4506 οἱ
1504 4458 1598 4516 τὰς
1639 4457 1781 4510 πολι·
1815 4417 1856 4471 D

171 4541 314 4598 ταάς
372 4531 697 4597 δυναστείας
739 4536 1195 4610 περιϐεϐλημένος
1242 4550 1341 4592 ποῦ
1387 4545 1435 4594 οἱ
1489 4539 1781 4618 δυσμαχώ-

171 4643 310 4677 trs:
359 4627 626 4698 ῥήτορες;
673 4634 772 4677 ποῦ
824 4629 872 4678 οἱ
920 4630 1012 4689 τὰς
1057 4633 1373 4701 πανηγύρεις
1425 4628 1776 4702 διατιθέντες;

174 4716 213 4763 εί
257 4715 500 4788 λαμπροὶ
549 4716 881 4788 ἱπποτρόφοι,
933 4717 981 4768 οὶ
1039 4723 1342 4790 στρατηγοὶ,
1394 4722 1442 4772 οἱ
1493 4726 1776 4798 σατράπαι,

174 4806 214 4852 οἱ
253 4807 505 4877 τύραννοι
532 4819 544 4867 ;
575 4803 654 4854 Ού
697 4805 868 4855 πάντα
914 4809 1090 4870 κόνις;
1120 4807 1178 4858 ού
1226 4809 1396 4861 πάντα
1435 4813 1634 4882 μῦθος;
1670 4813 1779 4865 Ούκ

173 4909 214 4940 εν
259 4893 456 4962 {Ii-loc;
511 4892 715 4954 ὀστέοις
763 4896 830 4944 τὰ
878 4897 1328 4967 μνημόπναζόϐ)
1371 4907 1466 4961 τῆς
1510 4900 1652 4964 ζωῆς
1680 4903 1778 4954 αύ-

235 5029 278 5062 ³⁸
317 5027 534 5085 Iatth.
567 5043 670 5093 vix,
701 5031 756 5082 3.
835 5029 884 5062 ”
928 5029 1065 5083 Luc.
1097 5044 1255 5093 xvm,
1293 5035 1376 5087 11.
1457 5031 1473 5066 ¹
1516 5033 1662 5090 ibid.
1704 5041 1788 5093 13.

239 5164 345 5222 ί33)
379 5161 538 5234 Editi
565 5156 845 5234 δυνηθῇς.
874 5160 1114 5234 Antiqui
1157 5178 1263 5219 sex
1292 5163 1430 5221 libri
1475 5163 1772 5232 δυνηθείης.

179 5232 287 5287 Ιῦῐ
317 5235 445 5288 duo
474 5231 807 5288 Colbertini
837 5231 1056 5303 τελώνην
1078 5231 1419 5296 ἐξευτελίζων.

237 5309 336 5373 ί34)
375 5309 528 5380 Βες.
555 5303 798 5380 primus
830 5308 900 5380 μὴ
933 5299 1226 5380 διαλείπῃ.
1256 5308 1426 5380 Haud
1456 5309 1634 5380 longe
1655 5318 1776 5369 tres

187 5388 320 5499 nisi.6
340 5375 568 5448 γλῶσσα
593 5375 996 5449 παρωλίσθησε.
1028 5375 1180 5432 Editi
1227 5383 1284 5434 et
1311 5377 1433 5436 duo
1465 5375 1614 5441 msg.
1648 5404 1776 5458 παρ-

189 5464 286 5498 ωιι
327 5468 367 5499 ε.
1309 5463 1316 5468 ’

388 5521 458 5576 In
493 5517 666 5576 Colb.
699 5516 874 5574 tertio
915 5532 1028 5591 pro
1075 5523 1427 5593 περιστάσεων
1451 5523 1666 5598 legitur
1693 5548 1778 5582 πε-

835 5029 884 5062 ⁹⁹
928 5029 1065 5083 Luc.
1097 5044 1255 5096 xvm,
1293 5035 1376 5087 11.

1915 1773 2094 1829 nobis
2133 1773 2194 1828 id
2241 1772 2519 1829 accidat:
2555 1773 2784 1840 Desine,
2833 1773 3044 1846 inquit,
3087 1773 3327 1828 alterius
3373 1773 3573 1844 cujus-

1916 1864 2080 1936 piam
2119 1862 2281 1918 mala
2312 1862 2663 1934 explorare;
2697 1879 2845 1918 cave
2875 1861 3342 1931 cogitationibus
3377 1863 3569 1921 otium

1915 1952 2153 2008 dederis
2188 1951 2453 2007 alienum
2479 1951 2760 2008 morbum
2791 1951 3162 2025 inquirendi:
3187 1952 3294 2007 sed
3323 1951 3430 2008 tibi
3451 1953 3566 2026 ipsi

1914 2041 2154 2098 attende
2180 2059 2192 2096 :
2226 2042 2339 2096 hoc
2359 2047 2470 2107 est,
2503 2041 2582 2097 ad
2609 2041 2865 2114 teipsum
2891 2043 3393 2114 perscrutandum
3419 2058 3566 2098 con-

1914 2137 2077 2187 verte
2106 2131 2316 2187 oculos
2347 2132 2533 2187 animi
2565 2132 2668 2187 tui.
2699 2134 2847 2187 Sunt
2887 2130 3044 2186 enim
3086 2147 3197 2186 nec
3228 2131 3428 2203 pauci,
3458 2131 3565 2204 qui

1908 2221 2082 2292 juxta
2113 2220 2349 2276 Domini
2382 2221 2565 2277 verba
2585 2223 2655 2288 9⁸,
2687 2220 2981 2276 festucam
3009 2220 3256 2292 quidem
3282 2220 3562 2278 animad-

1911 2315 2152 2367 vertunt
2175 2313 2236 2366 in
2266 2311 2440 2366 oculo
2465 2311 2687 2376 fratris,
2711 2311 2945 2367 trabem
2975 2327 3117 2366 vero
3147 2311 3208 2366 in
3234 2327 3374 2368 vero
3401 2313 3565 2385 ipso-

1911 2416 2048 2456 rum
2079 2400 2254 2456 oculo
2283 2416 2407 2456 non
2437 2401 2656 2456 vident.
2691 2403 2845 2457 Cave
2866 2400 3043 2471 igitur
3063 2417 3259 2457 cesses
3290 2417 3561 2473 perscru-

1913 2490 2022 2546 tari
2055 2489 2336 2562 teipsum,
2352 2505 2430 2545 an
2451 2495 2753 2562 praecepto
2782 2495 3182 2559 congruenter
3203 2491 3566 2546 convenien-

1910 2583 2116 2651 terque
2165 2579 2287 2634 vita
2330 2578 2434 2634 tibi
2466 2577 2792 2650 procedat:
2823 2594 2894 2634 ea
2923 2583 3128 2634 autem
3175 2594 3311 2651 quae
3341 2579 3562 2634 extrin-

1909 2683 2083 2722 secus
2125 2672 2268 2724 sunt
2305 2684 2379 2724 ne
2427 2667 2843 2740 circumspice,
2884 2667 3174 2724 numcubi
3220 2668 3562 2740 cujuspiam

1906 2757 2388 2828 reprehendendi
2403 2757 2603 2813 locum
2623 2757 2820 2830 possis
2833 2752 3121 2825 invenire,
3136 2757 3564 2828 gravemillum

1906 2851 2413 2919 arrogantemque
2467 2847 2835 2902 Pharisaeum
2891 2847 3180 2915 imitatus,
3237 2848 3342 2920 qui
3399 2852 3564 2903 stans

1906 2936 2169 3008 seipsum
2187 2936 2579 3006 justiﬁcabat,
2595 2951 2664 2992 ac
2681 2936 3078 3008 publicanum
3096 2936 3566 3010 habebatdespi-

1834 3060 1874 3115 ο
1905 3025 2062 3082 catui
2085 3028 2153 3080 99.
2186 3029 2310 3081 lmo
2337 3042 2478 3082 vero
2509 3041 2585 3080 ne
2631 3026 2993 3082 intermittas
3027 3027 3284 3098 teipsum
3315 3043 3563 3100 percon—

1903 3114 2035 3179 tari,
2050 3113 2328 3186 nunquid
2341 3114 2664 3186 deliqueris
2680 3115 3343 3187 cogitatione,nunquid
3356 3115 3564 3185 lingua

1901 3203 2119 3260 labarit
2149 3208 2410 3260 mentem
2443 3219 2841 3275 praecurrens,
2871 3202 3152 3276 nunquid
3175 3203 3236 3260 in
3265 3220 3560 3260 manuum

1902 3293 2189 3366 operibus
2215 3293 2444 3349 factum
2477 3293 2551 3348 sit
2572 3292 2910 3366 quidquam
2949 3293 3355 3349 temerarium.
3389 3294 3562 3360 Quod

1904 3385 1955 3440 si
1981 3384 2044 3439 in
2072 3384 2196 3439 vita
2237 3389 2343 3439 tua
2373 3388 2426 3439 te
2465 3383 2655 3439 multa
2685 3383 3011 3456 deliquisse
3037 3384 3338 3440 inveneris
3365 3386 3560 3458 (pror-

1905 3489 2007 3528 sus
2047 3479 2252 3528 autem
2278 3473 2571 3539 invenies,
2607 3473 2792 3528 homo
2825 3489 2964 3529 cum
3007 3473 3131 3544 sis),
3155 3473 3336 3530 verba
3360 3473 3561 3546 profer

1901 3561 2248 3635 publicani:
2286 3568 2456 3631 Deus,
2481 3563 2788 3631 propitius
2819 3569 2940 3618 esto
2987 3562 3140 3618 mihi
3191 3565 3554 3632 peccatori‘,

1899 3653 2181 3720 Attende,
2205 3651 2386 3724 igitur
2407 3649 2518 3706 tibi
2545 3653 2677 3721 ipsi.
2703 3655 2820 3707 Hoc
2841 3651 3096 3708 verbum
3127 3651 3250 3718 tibi,
3269 3656 3326 3706 et
3355 3651 3555 3724 splen-

1899 3743 2042 3799 dido
2069 3757 2139 3798 ac
2170 3741 2321 3798 felici
2349 3758 2551 3797 rerum
2583 3759 2868 3798 successu
2901 3741 3108 3812 utenti,
3131 3747 3187 3798 et
3216 3743 3400 3798 vitam
3422 3759 3553 3800 om-

1897 3848 2038 3888 nem
2062 3830 2332 3888 secundo
2352 3831 2600 3888 ﬂumine
2627 3831 2981 3901 traducenti,
2999 3831 3292 3887 assidebit
3315 3831 3552 3900 utiliter,

1898 3921 2052 3977 sicut
2104 3920 2284 3992 quasi
2328 3921 2529 3976 bonus
2571 3921 2873 3994 quispiam
2923 3921 3300 3977 consiliarius
3347 3937 3550 3978 rerum

1895 4011 2304 4067 humanarum
2356 4016 2641 4080 suggerat
2670 4011 3048 4067 memoriam.
3083 4014 3147 4066 Et
3190 4026 3547 4083 quanquam

1896 4101 2198 4158 afflicteris
2218 4101 2488 4156 adversis
2515 4100 2780 4165 casibus,
2803 4105 3140 4173 opportune
3168 4105 3366 4172 potest
3382 4100 3550 4156 cordi

1894 4195 1997 4247 tuo
2031 4191 2240 4262 accini,
2263 4195 2326 4247 ut
2348 4207 2544 4263 neque
2565 4190 2725 4246 fastu
2755 4191 3024 4246 tumidus
3055 4190 3325 4246 eveharis
3350 4189 3430 4245 ad
3453 4191 3546 4261 ja-

1892 4283 2126 4338 ctantiaa
2157 4281 2400 4350 vitium;
2423 4297 2618 4354 neque
2647 4281 3067 4354 desperatione
3086 4280 3166 4336 ad
3185 4279 3546 4350 degenerem

1892 4371 2238 4428 mmstitiam
2269 4371 2591 4428 delabaris.
2623 4370 2825 4427 Efferis
2855 4370 2935 4427 ob
2964 4370 3243 4427 divitias?
3263 4371 3458 4442 jactas
3492 4375 3545 4429 te

1890 4461 1970 4518 ob
2003 4462 2299 4532 majorum
2331 4461 2743 4520 nobilitatem?
2772 4461 2846 4518 de
2873 4462 3070 4534 patria
3111 4477 3184 4518 ac
3211 4461 3543 4535 pulchritu-

1889 4552 2027 4608 dine
2049 4551 2337 4624 corporis,
2357 4551 2553 4623 deque
2573 4550 2784 4607 delatis
2804 4551 2882 4607 ab
2902 4552 3188 4609 omnibus
3206 4553 3542 4611 honoribus

1891 4640 2202 4711 gloriaris?
2249 4640 2501 4696 Attende
2548 4640 2654 4696 tibi
2709 4641 2850 4714 ipsi,
2909 4643 3075 4715 quod
3124 4644 3399 4700 mortalis
3451 4660 3540 4712 es,

1893 4725 2062 4795 Quod
2093 4731 2258 4782 terra
2299 4741 2377 4790 es,
2418 4732 2471 4782 et
2516 4727 2580 4782 in
2611 4732 2836 4783 terram
2866 4730 3181 4785 reverteris
3204 4731 3247 4784 ³.
3278 4729 3538 4785 Circum-

1890 4815 2052 4888 spice
2082 4831 2184 4871 eos
2213 4815 2319 4887 qui
2349 4819 2486 4872 ante
2516 4819 2573 4872 te
2603 4816 2900 4887 degerunt
2928 4817 2987 4873 in
3018 4817 3315 4874 similibus
3346 4817 3541 4889 splen-

1889 4904 2160 4963 doribus.
2190 4907 2300 4963 Ubi
2329 4911 2471 4964 sunt
2495 4907 2602 4980 qui
2621 4908 3011 4978 magistratus
3035 4907 3237 4964 civiles
3262 4907 3538 4977 gessere?

1866 5040 1888 5074 ²
1929 5041 2136 5096 Genes.
2159 5056 2243 5108 ut,
2278 5045 2364 5096 19.

1884 5175 2219 5246 ριστάσεως..
2259 5173 2598 5246 Aliquando
2645 5171 2973 5246 pos_t_editi
3001 5174 3141 5244 τύφῳ
3169 5170 3390 5246 ri.__$ed
3437 5187 3538 5228 vo-

1884 5243 2086 5327 culam
2143 5265 2196 5298 τι
2251 5243 2686 5319 θκρῑωχίωιιέ,
2740 5244 2860 5300 ﬁde
2916 5243 3185 5300 veterum
3239 5243 3537 5301 librorum

2111 5391 2252 5460 Reg.
2283 5385 2516 5462 primus
2545 5391 2603 5462 τρ
2629 5390 2978 5462 μνημόσυνον.
3010 5387 3149 5462 MQX
3178 5386 3327 5462 editi
3349 5387 3540 5462 Ἐγκυ-

1885 5458 1982 5529 ψον
2031 5458 2077 5512 ἐν
2124 5457 2252 5522 τοῖξ.
2285 5457 2521 5516 ”νοου1ει
2569 5457 2818 5515 ἐνὀιὶῐι
2867 5475 3017 5516 mss.
3074 5459 3346 5518 Combef.
3377 5457 3435 5519 et
3477 5461 3539 5518 in

1883 5531 2105 5588 nostris
2139 5531 2325 5588 deest.
