4088 6194
505 249 604 302 211
1885 245 1941 300 S.
1986 243 2114 298 BAS

2273 245 2489 299 MAGNI
3756 249 3869 299 212

503 370 610 428 ubi
638 370 909 426 rhetores
947 367 1032 426 illi
1059 369 1610 442 inexpugnabiles?
1641 369 1745 425 ubi
1795 369 1900 441 qui
1939 372 2110 422 const

2270 376 2405 431 τῶν;
2440 367 2704 440 "Er/1101.601:
2750 377 2858 431 τοῖς
2904 372 3104 441 τάφοις,
3139 369 3182 421 εἰ
3226 366 3428 441 δυνήσῃ
3478 367 3740 443 διακρῖναι
3785 374 3872 432 τίς

504 465 748 519 tuerunt
791 467 1125 517 conventus
1169 459 1494 532 publicos?
1524 459 1630 516 ubi
1675 460 1936 515 illustres
1978 472 2118 530 equc

2273 459 2297 508 6
2330 457 2552 522 οἰκέτης,
2582 465 2672 511 καὶ
2719 464 2802 520 τίς
2828 461 2852 510 ό
2886 455 3148 519 δεσπότης
3173 479 3184 491 ·
3218 462 3297 519 τίς
3338 461 3362 510 ό
3394 462 3627 530 πτωχός,
3669 464 3759 510 καὶ
3791 463 3871 520 τίς

503 567 644 609 rum
671 551 913 619 altores,
937 550 1308 607 exercituum
1334 549 1544 618 duces,
1569 555 1851 623 satrapae,
1877 548 2117 621 tyranni

2273 548 2298 598 6
2345 547 2611 610 πλούσιος.
2660 551 2948 623 Διάκρινον,
2993 551 3036 599 εἴ
3082 551 3160 609 τίς
3211 567 3294 599 σοι
3345 545 3588 620 δύναμις,
3639 551 3726 600 τὸν
3775 544 3872 600 δέ·

506 645 726 697 Annon
780 641 988 696 omnia
1051 638 1308 712 pulvis?
1364 655 1572 697 annon
1624 639 1834 695 omnia
1897 638 2110 694 fabula

2275 656 2426 710 σμιον
2471 636 2570 690 ἀπὸ
2609 646 2700 690 τοῦ
2733 637 2990 711 βασιλέως
3016 658 3027 670 θ
3069 641 3156 689 τόν
3189 636 3410 710 ἰσχυρὸν
3453 636 3554 690 ἀπὸ
3596 645 3688 689 τοῦ
3719 634 3875 688 ἀσθε-

508 732 727 786 Annon
782 729 916 784 vitae
975 727 1250 800 ipsorum
1309 729 1605 785 memoria
1661 732 2057 784 conservatur
2103 727 2122 782 i

2272 734 2411 794 νοῦς,
2468 731 2556 780 τόν
2609 729 2834 803 εὐπρεπῆ
2882 726 2982 780 ἀπὸ
3034 733 3126 779 τοῦ
3177 723 3482 789 δυσειδοῦς.
3535 730 3875 800 Μεμνημένος

509 819 722 890 paucis
751 816 1038 873 ossibus?
1065 817 1410 889 Conspicito
1441 818 1741 891 sepulcra,
1772 833 1922 873 num
1971 817 2123 890 possi

2274 812 2360 868 οὖν
2409 826 2523 885 τῆς,
2576 821 2797 890 φύσεως,
2845 817 2938 870 οὐκ
2990 816 3264 892 ἓπαρθὴσῃ
3305 819 3467 869 ποτέ·
3516 822 3755 890 μεμνήσῃ
3814 811 3876 869 δὲ

511 923 752 964 servum
777 906 856 964 ab
885 906 1054 973 hero,
1077 911 1133 963 et
1161 923 1497 980 pauperem
1528 925 1565 965 a
1589 908 1774 964 divite
1802 907 2125 962 discernere

1689 908 1774 964 'ite
1802 907 2164 962 discernere.
2276 915 2472 958 σαυτοῦ
2501 908 2635 980 (37),
2666 907 2752 959 ἐὰν
2781 910 3053 982 προσέχῃς
3083 914 3303 978 σεαυτῷ.

511 996 810 1063 Discerne,
844 995 894 1051 si
940 1011 1062 1068 quo
1092 997 1278 1052 modo
1319 1002 1511 1069 potes,
1540 997 1811 1054 vinctum
1844 1014 1880 1054 a
1920 1013 2082 1068 rege,
2108 995 2322 1051 fortem
2353 1012 2387 1052 a
2417 997 2622 1065 debili,
2651 997 2989 1053 formosum
3038 1011 3075 1052 a
3103 995 3381 1052 deformi.
3411 997 3618 1069 Itaque
3645 999 3881 1052 naturae.

513 1085 565 1142 si
593 1085 963 1152 memineris,
994 1100 1316 1158 nunquam
1346 1091 1401 1141 te
1432 1085 1674 1142 extolles
1700 1105 1712 1154 ;
1747 1101 1982 1142 memor
2009 1089 2214 1141 autem
2244 1083 2426 1140 fueris
2457 1086 2542 1141 tui
2568 1087 2785 1158 ipsius,
2820 1086 2868 1141 si
2905 1085 3231 1142 attenderis
3257 1085 3364 1141 tibi
3395 1085 3530 1158 ipsi.

588 1179 643 1234 6.
683 1178 912 1231 Rursus
934 1175 1218 1246 ignobilis
1241 1176 1423 1232 homo
1446 1193 1510 1232 es
1535 1180 1592 1231 et
1609 1176 1924 1247 inglorius,
1941 1189 2174 1247 pauper

2353 1179 2405 1230 6.
2449 1175 2609 1227 Πάλιν
2659 1172 2920 1248 δυσγενής
2961 1195 3042 1238 τις
3089 1172 3136 1228 εἴ
3177 1179 3267 1227 καὶ
3317 1171 3526 1242 ἄδοξος,
3558 1178 3776 1247 πτωχὸς
3824 1173 3883 1226 ἐκ

517 1281 594 1324 ex
622 1265 999 1338 pauperibus
1030 1265 1350 1332 oriundus,
1385 1266 1513 1322 sine
1542 1266 1686 1336 lare,
1721 1267 1847 1322 sine
1880 1267 1993 1336 22
2027 1264 2131 1320 civi

2281 1265 2530 1336 πτωχῶν,
2579 1263 2832 1332 ἀνέστιος,
2885 1264 3086 1331 ἄπολις,
3130 1263 3372 1331 ἀσθενὴς,
3412 1273 3512 1317 τῶν
3561 1263 3634 1336 ἐφ’
3683 1265 3883 1338 ἡμέραν

517 1359 659 1426 tate,
689 1354 989 1418 infirmus,
1036 1354 1379 1426 quotidiani
1414 1355 1613 1410 victus
1657 1356 1923 1424 indigus,
1957 1355 2131 1409 timet:

2285 1350 2482 1420 ἐνδεὴς,
2523 1359 2720 1428 τρέμων
2764 1358 2884 1415 τοὺς
2927 1353 2974 1406 ἐν
3021 1351 3304 1426 δυναστείᾳ
3333 1355 3468 1424 (38),
3501 1355 3698 1414 πάντας
3745 1353 3884 1404 ὑπο-

519 1449 816 1519 potentes,
834 1459 1045 1500 omnes
1063 1443 1469 1500 reformidans
1492 1445 1572 1501 ob
1586 1445 1720 1502 vitae
1743 1445 2133 1502 humilitatem

2284 1448 2537 1502 πτήσσων
2569 1440 2662 1496 διὰ
2703 1448 3048 1501 ταπεινότητα
3075 1442 3234 1516 βίου;
3269 1446 3494 1515 Πτωχὸς
3535 1446 3656 1516 γὰρ,
3700 1446 3881 1514 φησίν,

522 1536 770 1603 Pauper
784 1534 962 1600 enim,
975 1533 1189 1606 inquit,
1203 1550 1320 1589 non
1336 1537 1586 1591 sustinet
1603 1537 2136 1591 comminationem“

2288 1532 2392 1603 οὐχ
2423 1534 2708 1604 ὑφίσταται
2737 1532 2972 1590 ἀπειλήν.
3013 1537 3096 1590 Μὴ
3140 1537 3310 1584 τοίνυν
3351 1531 3588 1604 ἀπογνῷς
3638 1538 3882 1597 σεαυτοῦ,

524 1624 607 1680 Ne
621 1621 822 1695 itaque
838 1620 1222 1694 despondeas
1239 1622 1535 1686 animum,
1551 1639 1660 1678 nec
1677 1629 1997 1695 propterea
2013 1637 2135 1694 quo

2289 1619 2419 1695 μηδ’
2451 1624 2530 1674 ὅτι
2578 1619 2728 1675 οὐδὲν
2769 1623 2998 1684 ζηλωτὸν
3030 1621 3076 1674 ἐν
3116 1631 3187 1694 τῷ
3225 1627 3443 1696 παρόντι
3493 1641 3577 1674 σοι
3606 1625 3885 1696 πρόσεστι,

526 1710 677 1768 nihil
717 1711 984 1784 suppetit
1024 1711 1130 1767 tibi
1175 1728 1385 1768 eorum
1417 1729 1554 1785 quae
1584 1713 1784 1785 expeti
1811 1713 2026 1779 solent,
2057 1728 2140 1767 on

2289 1718 2463 1764 πᾶσαν
2495 1709 2696 1784 ἀγαθὴν
2744 1711 3041 1787 ἀποῤῥίψῃς
3079 1708 3263 1765 ἐλπίδα
3287 1733 3298 1746 ο
3333 1711 3440 1763 ἀλλ’
3471 1710 3699 1783 ἀνάγαγε
3727 1729 3891 1762 σεαυ-

527 1817 672 1858 nem
696 1801 930 1858 bonam
957 1816 1130 1873 spem
1153 1800 1435 1872 abjicias:
1461 1803 1610 1875 quin
1631 1803 1832 1874 potius
1853 1803 2038 1858 evehe
2060 1817 2136 1857 an

2290 1808 2382 1852 τοῦ
2421 1804 2514 1858 τὴν
2557 1800 2737 1872 ψυχὴν
2786 1807 2914 1874 πρός
2957 1821 3010 1853 τι
3047 1803 3113 1853 τὰ
3142 1797 3250 1859 ἤδη
3297 1803 3602 1874 ὑπηργμένα
3633 1819 3718 1852 σοι
3745 1801 3893 1872 παρὰ

530 1907 704 1947 mum
734 1894 925 1961 tuum,
948 1894 1080 1946 tum
1109 1891 1188 1947 ad
1219 1906 1291 1947 ea
1315 1891 1480 1948 bona
1508 1908 1645 1964 quae
1670 1893 1800 1964 jam
1829 1892 1936 1948 tibi
1963 1891 2143 1946 tradit

2291 1897 2383 1941 τοῦ
2429 1897 2562 1943 Θεοῦ
2611 1890 2802 1961 ἀγαθὰ,
2837 1895 2926 1942 καὶ
2975 1895 3106 1963 πρὸς
3155 1893 3220 1942 τὰ
3261 1888 3332 1942 δί’
3383 1889 3687 1962 ἐπαγγελίας
3731 1889 3893 1940 ὔστε-

534 1983 679 2036 sunt
705 1996 741 2036 a
770 1982 912 2048 Deo,
936 1983 1066 2036 tum
1096 1980 1178 2038 ad
1201 1997 1273 2037 ea
1302 1997 1438 2053 quae
1464 1982 1600 2054 ipso
1628 1981 1969 2054 pollicente,
1991 1981 2099 2036 tibi
2124 1981 2148 2035 i‘

2292 1997 2380 2050 ρον
2421 1979 2534 2050 (39)
2586 1977 2914 2052 ἀποκείμενα.
2962 1985 3170 2052 Πρῶτον
3226 1982 3315 2051 μὲν
3369 1975 3453 2030 οὖν
3503 1979 3772 2051 ἄνθρωπος
3827 1973 3891 2044 εἶ,

534 2069 808 2127 futurum
836 2070 1105 2142 reposita
1135 2074 1293 2126 sunt.
1319 2071 1586 2126 Primum
1617 2072 1886 2144 quidem,
1909 2071 2092 2126 homo
2123 2086 2148 2126 e

2293 2071 2445 2140 μόνον
2493 2075 2592 2119 τῶν
2643 2068 2787 2128 ζώων
2838 2067 3188 2120 θεόπλαστον·
3223 2063 3301 2142 ἀρ’
3330 2067 3423 2120 οὐκ
3467 2065 3670 2140 ἐξαρκεῖ
3717 2075 3892 2130 τοῦτο,

538 2158 703 2215 solus
731 2174 803 2214 ex
834 2159 1118 2215 omnibus
1149 2160 1566 2216 animantibus
1598 2176 1634 2217 a
1660 2164 1780 2216 Deo
1826 2161 2152 2217 formatus‘

2299 2162 2575 2230 σωφρόνως
2619 2157 2955 2230 λογιζομένῳ,
3007 2162 3138 2230 πρὸς
3185 2158 3432 2231 εὐθυμίαν
3477 2162 3570 2215 τὴν
3621 2155 3891 2221 ἀνωτάτω,

539 2252 756 2306 Annon
801 2247 951 2303 illud
998 2248 1128 2317 tibi,
1161 2249 1209 2303 si
1257 2249 1442 2304 modo
1471 2249 1662 2321 probe
1704 2250 2153 2322 judicaveris,an

2297 2250 2356 2299 1'6
2405 2246 2494 2298 ὑπ’
2533 2247 2701 2298 αὐτῶν
2755 2256 2854 2299 τῶν
2901 2257 3094 2320 χειρῶν
3142 2255 3233 2300 τοῦ
3283 2255 3416 2300 Θεοῦ
3469 2254 3559 2298 τοῦ
3607 2249 3673 2298 τὰ
3728 2247 3897 2298 πάντα

542 2353 848 2395 summam
891 2337 1333 2408 jucunditatem
1381 2337 1700 2406 suffecerit,
1729 2339 1896 2411 quod
1926 2339 2004 2394 ab
2041 2337 2156 2411 ipsi

2303 2340 2704 2409 συστησαμένου
2756 2333 3193 2404 διαπλασθῆναι;
3250 2336 3405 2389 ἔπειθ’
3460 2338 3540 2387 ὅτι
3595 2340 3721 2402 καὶ,
3781 2332 3895 2385 κατ’

545 2428 649 2485 Dei
695 2426 1001 2494 manibus,
1029 2427 1134 2500 qui
1177 2428 1386 2484 omnia
1423 2429 1713 2495 condidit,
1744 2429 2038 2485 formatus
2068 2429 2147 2482 sis

2303 2425 2474 2477 εἰκόνα
2514 2427 2916 2499 γενόμενος(40)
2946 2434 3036 2478 τοῦ
3084 2430 3359 2486 κτίσαντος
3391 2445 3468 2494 σε,
3501 2422 3728 2478 δύνασαι
3768 2425 3900 2497 πρὸς

544 2517 763 2574 deinde
785 2516 1170 2589 etiam,quod
1196 2517 1275 2572 ad
1295 2517 1623 2590 imaginem
1645 2518 1837 2574 factus
1862 2517 2158 2574 Conditori

2303 2518 2397 2572 τὴν
2426 2523 2525 2565 τῶν
2566 2513 2792 2586 ἀγγέλων
2825 2517 3099 2588 όμοτιμίαν
3133 2513 3205 2567 δι’
3237 2514 3450 2586 ἀγαθῆς
3478 2513 3740 2573 πολιτείας
3768 2510 3898 2563 ἀνα-

544 2607 654 2676 tui,
667 2606 863 2679 possis
878 2621 987 2678 per
1000 2605 1184 2662 vitam
1205 2605 1360 2662 bene
1375 2607 1714 2663 institutam
1733 2607 1810 2662 ad
1828 2623 2036 2680 parem
2060 2622 2158 2662 cui

2309 2600 2568 2677 δραμεῐν;
2621 2609 2807 2676 Ψυχὴν
2856 2604 3031 2667 ἔλαϐες
3076 2607 3288 2675 νοερὰν,
3341 2600 3413 2655 δι’
3462 2605 3526 2664 ἧς
3574 2606 3701 2656 Θεὸν
3749 2620 3901 2674 περι-

548 2695 782 2767 angelis
813 2695 1170 2766 dignitatem
1214 2696 1500 2752 accedere
1519 2697 1548 2752 ?
1578 2697 1865 2752 Animum
1895 2702 2107 2752 nactus
2138 2713 2162 2752 e

2306 2701 2455 2761 νοεῖς,
2497 2701 2598 2745 τῶν
2647 2697 2800 2746 ὄντων
2830 2698 2924 2752 τὴν
2965 2697 3118 2767 φύσιν
3169 2693 3404 2766 λογισμῷ
3433 2695 3679 2767 καθορᾷς,
3715 2693 3905 2762 σοφίας

547 2785 922 2855 intelligendi
944 2785 1223 2841 facultate
1249 2786 1594 2858 praeditum,
1619 2803 1741 2860 quo
1769 2790 1954 2842 Deum
1983 2803 2161 2856 cognc

2310 2780 2474 2857 δρέπῃ
2525 2787 2724 2858 καρπόν
2775 2781 3014 2843 ἣδιστον.
3068 2787 3243 2837 Πάντα
3291 2788 3379 2856 μέν
3431 2802 3515 2835 σοι
3560 2785 3626 2834 τὰ
3673 2787 3907 2856 χερσαῖα

551 2874 694 2940 scis,
710 2873 990 2946 exploras
1008 2889 1211 2928 rerum
1232 2879 1514 2930 naturam
1538 2891 1646 2948 per
1659 2875 2165 2930 ratiocinationem

2313 2873 2442 2941 ζῶα,
2479 2876 2646 2946 ἦμερά
2675 2894 2727 2926 τε
2757 2879 2846 2926 καὶ
2893 2876 3074 2948 ἄγρια,
3103 2875 3272 2926 πάντα
3301 2869 3360 2925 δὲ
3389 2875 3453 2924 τὰ
3483 2870 3530 2923 ἐν
3561 2868 3725 2923 ὕδασι
3757 2866 3907 2922 διαι-

552 2963 861 3038 sapientiae
892 2963 1156 3019 fructum
1183 2965 1622 3020 suavissimum
1649 2965 1941 3036 decerpis.
1975 2969 2166 3020 Terres

2310 2969 2531 3036 τὼμενα,
2561 2968 2650 3015 καὶ
2699 2965 2799 3015 ὅσα
2842 2967 2929 3015 τόν
2970 2961 3094 3037 ἀέρα
3143 2958 3459 3014 διαπέταται
3501 2967 3701 3026 τοῦτον,
3747 2955 3912 3010 δοῦλοί

552 3055 667 3112 tria
687 3054 897 3111 omnia
915 3053 1204 3110 animalia
1224 3053 1424 3111 cicura
1444 3054 1694 3126 perinde
1717 3059 1897 3127 atque
1917 3055 2166 3124 agrestia

2314 3053 2429 3106 ἐστι
2484 3058 2573 3105 καὶ
2635 3054 2938 3126 ὑποχείρια.
2973 3052 3048 3104 Οὐ
3105 3055 3168 3103 σὺ
3217 3055 3392 3124 μέντοι
3447 3053 3636 3121 τέχνας
3693 3046 3908 3120 ἐξεῦρες,

552 3144 759 3202 omnia
779 3143 921 3200 item
949 3143 1012 3199 in
1038 3143 1214 3216 aquis
1243 3144 1545 3215 degentia,
1574 3148 1630 3200 et
1650 3160 1787 3216 quae
1817 3160 2018 3200 aerem
2044 3145 2166 3200 hun

2313 3149 2402 3196 καὶ
2450 3143 2622 3204 πόλεις
2672 3147 2995 3206 συνεστὴσω,
3047 3145 3138 3192 καὶ
3187 3143 3287 3193 ὅσα
3343 3139 3622 3212 ἀναγκαῖα,
3673 3141 3764 3189 καὶ
3813 3137 3916 3189 ὅσα

550 3233 888 3308 pervolant,
908 3232 1326 3300 serviunttibi,
1346 3238 1572 3305 tuoque
1595 3233 1847 3306 imperio
1869 3234 2158 3303 subjacen

2314 3237 2447 3307 πρός
2490 3237 2683 3306 τρυφὴν
2729 3231 3050 3297 ἐπενόησας;
3086 3230 3160 3282 Οὐ
3212 3229 3422 3302 βάσιμά
3472 3248 3556 3281 σοι
3603 3229 3668 3279 τὰ
3714 3225 3912 3297 πελάγη

552 3325 765 3381 Nonne
807 3325 966 3376 artes
1013 3321 1294 3377 invenisti
1341 3326 1428 3391 tu,
1471 3337 1542 3377 ac
1596 3322 1918 3377 condidisti
1976 3322 2156 3377 urbes

2317 3319 2351 3374 δ
2358 3325 2410 3374 ιὰ
2441 3322 2552 3393 (41)
2591 3325 2677 3373 τὸν
2707 3321 2895 3392 λόγον;
2931 3320 3006 3371 Οὐ
3054 3329 3120 3391 γῆ
3163 3323 3251 3371 καὶ
3302 3318 3531 3371 θάλαττα
3572 3317 3818 3390 ὑπηρετεῖ
3842 3323 3916 3386 τῷ

553 3427 759 3469 nonne
789 3415 846 3467 et
866 3427 1002 3484 qua:
1024 3411 1103 3466 ad
1124 3411 1308 3467 vitam
1329 3411 1676 3468 necessaria
1705 3415 1866 3480 sunt,
1889 3415 1945 3467 et
1964 3429 2100 3484 quae
2131 3428 2166 3468 a

2317 3410 2422 3484 βίῳ
2452 3419 2523 3481 τῷ
2557 3416 2669 3482 σῲ;
2713 3410 2823 3460 Οὐκ
2863 3408 2963 3482 ἀὴρ
3013 3414 3102 3460 καὶ
3143 3408 3377 3481 οὐρανὸς,
3411 3411 3502 3458 καὶ
3553 3403 3779 3479 ἀστέρων
3809 3422 3917 3476 χο-

553 3501 930 3576 voluptatem
974 3501 1312 3573 luxumque
1343 3502 1642 3574 pertinent
1669 3501 2067 3571 excogitasti?
2096 3506 2167 3556 Ar

2319 3508 2453 3575 ρεῖαι
2510 3505 2592 3553 σοὶ
2645 3505 2738 3558 τὴν
2794 3499 2984 3552 ἑαυτῶν
3042 3494 3424 3550 ἐπιδείκνυνται
3476 3495 3658 3560 τάξιν;
3713 3498 3776 3546 Τί
3827 3489 3917 3545 οὖν

555 3607 683 3649 non
729 3591 961 3647 ratione
1009 3590 1161 3646 duce
1199 3591 1393 3647 maria
1430 3591 1537 3647 tibi
1578 3591 1737 3648 facta
1783 3595 1922 3647 sunt
1959 3591 2164 3663 pervia

2321 3590 2693 3666 μικροψυχείς,
2737 3592 2815 3643 ὅτι
2856 3591 3011 3650 ῐππος
3053 3608 3136 3642 σοι
3175 3588 3268 3640 οὐκ
3298 3590 3438 3640 ἔστιν
3471 3586 3579 3656 (42)
3608 3583 3917 3659 ἀργυροχά-

557 3685 768 3739 Nonne
796 3696 898 3737 aer
919 3680 1262 3754 coelumque
1289 3686 1345 3737 et
1371 3681 1679 3737 stellarum
1709 3682 1877 3737 chori
1901 3697 2074 3737 suam
2107 3680 2171 3736 tit

2320 3681 2491 3748 λινος;
2541 3679 2672 3733 Ἀλλ’
2717 3679 2857 3738 ἣλιον
2902 3681 3043 3750 ἔχεις
3089 3677 3322 3747 όξυτάτῳ
3371 3673 3551 3750 δρόμῳ
3601 3671 3694 3726 διὰ
3739 3674 3921 3733 πάσης

559 3770 918 3844 expandunt
937 3770 1254 3826 ordinem?
1276 3769 1428 3833 Quid
1451 3769 1630 3842 igitur
1646 3769 1865 3842 pusillo
1891 3785 1954 3824 es
1984 3769 2173 3825 animc

2322 3774 2521 3846 ἡμέρας
2551 3767 2929 3843 δᾳδουχοῦντά
2961 3787 3044 3819 σοι
3074 3771 3165 3826 τὴν
3194 3762 3469 3839 λαμπάδα.
3521 3764 3630 3815 Οὐκ
3661 3765 3803 3834 ἔχεις
3832 3759 3925 3836 ἆρ-

560 3860 728 3933 quod
754 3875 981 3932 equum
1012 3875 1135 3916 non
1177 3859 1409 3916 habeas
1438 3864 1728 3927 argenteo
1757 3859 1928 3914 freno
1957 3858 2174 3914 adorna

2322 3863 2482 3934 γύρου
2531 3863 2622 3911 καὶ
2670 3865 2880 3933 χρυσοῦ
2927 3853 3289 3930 λαμπηδόνας,
3341 3853 3470 3906 ἀλλά
3519 3852 3732 3910 σελήνην
3783 3853 3927 3922 ἔχεις

559 3949 732 4007 tum?
752 3953 823 4004 At
860 3949 1051 4005 habes
1093 3948 1305 4018 solem,
1325 3949 1428 4020 qui
1456 3948 1874 4020 pernicissimo
1905 3943 2092 4003 cursu
2109 3963 2173 4019 pe

2325 3955 2495 4024 μυρίῳ
2545 3967 2601 4000 σε
2649 3949 2719 4018 τῲ
2765 3947 2889 4021 παρ’
2939 3946 3102 4008 αὐτῆς
3141 3965 3270 4018 φωτι
3309 3944 3424 4013 (43)
3473 3941 3925 4016 περιλάμπουσαν.

562 4043 757 4098 totum
786 4038 947 4094 diem
976 4038 1182 4093 lumen
1209 4037 1577 4093 suumveluti
1598 4038 1792 4093 facem
1821 4037 1928 4092 tibi
1955 4035 2170 4108 praefer

2328 4039 2438 4092 Οὐκ
2487 4036 2799 4096 ἐπιϐέϐηκας
2851 4035 3093 4110 ἁρμάτων
3147 4032 3606 4107 χρυσοκολλήτων,
3659 4028 3785 4080 ἀλλὰ
3835 4033 3933 4080 πό-

566 4131 747 4186 Cares
769 4127 1000 4198 argenti
1020 4131 1078 4182 et
1107 4126 1239 4182 auri
1268 4126 1533 4197 fulgore:
1560 4126 1665 4181 sed
1684 4125 1894 4181 lunam
1917 4125 2107 4182 habes
2126 4126 2180 4180 in

2331 4126 2429 4189 δας
2460 4130 2602 4199 ἔχεις
2649 4127 2832 4178 οἰκεῖον
2865 4130 3049 4198 ὄχημα
3078 4128 3168 4175 καὶ
3221 4125 3452 4196 συμφυὲς
3499 4127 3720 4188 σεαυτῷ.
3752 4121 3815 4170 Τί
3841 4112 3931 4168 οὖν

568 4219 732 4289 genti
751 4233 861 4273 suo
885 4216 1203 4289 splendore
1228 4219 1284 4271 te
1307 4214 1779 4272 collustrantem.
1796 4219 1922 4270 Non
1939 4231 2182 4271 conscer

2329 4209 2642 4292 μακαρίζεις
2671 4220 2791 4276 τοὺς
2839 4219 2895 4267 τό
2929 4211 3091 4286 ἁδρόν
3125 4211 3401 4285 βαλάντιον
3444 4211 3806 4281 κεκτημένους,
3839 4210 3934 4258 καὶ

569 4309 662 4366 dis
681 4324 893 4365 currus
909 4309 1242 4364 inauratos:
1260 4310 1320 4361 at
1335 4305 1722 4385 pedeshabes
1733 4305 2047 4378 proprium
2062 4306 2183 4361 veh:

2332 4308 2610 4382 ἀλλοτρίων
2650 4303 2826 4358 ποδῶν
2872 4305 2941 4367 εἰς
2987 4308 3080 4361 τὴν
3138 4300 3423 4374 μετάϐασιν
3488 4295 3799 4371 δεομένους
3851 4295 3931 4348 Οὐ

571 4399 798 4466 culum,
813 4401 869 4453 et
886 4397 990 4453 tibi
1007 4396 1307 4452 innatum.
1328 4395 1502 4461 Quod
1517 4395 1699 4465 igitur
1720 4400 1806 4452 est
1825 4396 1991 4468 quod
2011 4396 2185 4452 beato

2331 4394 2605 4458 καθεύδεις
2635 4395 2718 4448 ἐπὶ
2763 4393 2944 4454 κλίνης
2983 4391 3325 4463 ἐλεφαντίνης,
3359 4388 3464 4440 ἀλλ’
3511 4390 3651 4460 ἔχεις
3695 4390 3788 4443 τὴν
3828 4392 3933 4455 γῆν

571 4487 863 4561 praedices
892 4501 998 4543 eos
1016 4485 1122 4559 qui
1140 4485 1522 4558 marsupium
1542 4486 1792 4560 plenum
1817 4486 2149 4559 possident,
2168 4501 2185 4542 ε

2332 4487 2528 4542 πολλῶν
2578 4485 2855 4559 ἐλεφάντων
2904 4485 3021 4551 (44)
3065 4484 3397 4555 τιμιωτέραν,
3428 4481 3518 4530 καὶ
3566 4476 3807 4550 γλυκεῖαν
3851 4472 3930 4526 ἐπ’

646 4629 670 4665 ⁸
707 4631 882 4687 Prov.
908 4645 1030 4699 xm,
1062 4632 1115 4686 8.
1193 4629 1215 4665 ὀ
1255 4631 1462 4687 Genes.
1494 4645 1554 4699 ιι,
1581 4636 1637 4687 7.

651 4773 766 4848 (37)
805 4772 962 4830 Libri
984 4776 1233 4844 veteres,
1250 4777 1380 4830 tum
1396 4773 1752 4838 nostri,tum
1774 4771 2225 4842 Combeﬁsiani,

651 4854 797 4890 mm),
857 4845 1003 4890 Rditi
1068 4845 1271 4890 ἑαυτοῦ.
1328 4845 1530 4890 Statim
1601 4861 1743 4890 mea.
1807 4843 2225 4890 (Ἰητηῆρῆςίηηὶ

2335 4772 2578 4829 inverso
2608 4747 2836 4836 Ordine,
2860 4765 3257 4842 χρυσοχάλινος
3284 4765 3313 4824 ἦ
3349 4760 3783 4890 ἀργυὲοχάλινος.
3815 4758 3929 4841 Sed

2336 4844 2392 4890 in
2428 4841 2777 4890 renetitione
2827 4839 2991 4890 vocis
3043 4837 3255 4890 ’χαλινός
3293 4835 3476 4890 deDre
3526 4832 3684 4888 endo
3729 4845 3929 4890 asperi

580 4832 801 4924 σαυτοῦ,
855 4845 1008 4924 Editi
1068 4832 1274 4924 ἑαυτου.
1327 4845 1534 4924 statim
1567 4832 1745 4924 “mss.
1793 4843 2194 4924 pombeﬁsian

2336 4841 2777 4924 idrepetitione
2825 4832 3255 4919 1605.20.06;
3293 4832 3684 4924 deprehendo
3729 4832 3935 4924 asperi

578 4922 855 4993 προσέχῃς
901 4918 1060 4990 αὐτῷ.
1095 4917 1325 4974 Ibidem
1367 4916 1430 4973 in
1481 4917 1647 4974 Colb.
1694 4916 1866 4972 tertio
1919 4931 2028 4988 pro
2076 4914 2192 4968 πάλι

2339 4907 2656 4993 aliquid‘et
2683 4907 3076 4993 inconcinniii
3095 4909 3490 4993 suspic‘orque
3528 4907 3934 4993 itaqscriptum

578 4971 921 5064 Ῑὲίέὴῶι-ἐᾶν.
1011 4972 1020 4990 ο
1052 4971 1059 4973 -
1096 4971 1325 4974 ww“
1491 4971 1511 4974 '
1844 4971 1851 4972 '
1919 4971 1938 4988 ‘
2337 4971 2520 5064 fuisse
2543 4983 2621 5040 ab
2652 4982 2998 5064 aliqumqlli
3022 4981 3080 5035 in
3105 4971 3936 5064 aliduitms'.coeiclbusi‘mw

1003 5060 1211 5148 tertius
1240 5063 1449 5148 τρέμων,
1466 5062 1559 5122 τὰς
1590 5055 1995 5148 δυναστείαςΙ
2015 5146 2031 5148 _
2093 5144 2125 5148 _
2145 5132 2226 5148 ,Α

2338 5055 2711 5132 ροχαλινος,ἱ11
2734 5048 2868 5110 a-liis
2891 5048 3285 5125 χρυσοχάλινος
3305 5048 3565 5148 Ιθξὶδξθιξ.
3592 5048 3804 5148 Quare,
3835 5059 3936 5114 ne,

2350 5130 2385 5148 νε
2420 5146 2490 5148 μκ-
2512 5145 2596 5148 Αμ-
2635 5132 2863 5148 ᾹΑ-ι---μΑ
2917 5139 3120 5148 --ΑΛΑἈΑ
3154 5137 3377 5148 “Annua.
3482 5136 3506 5148 η
3565 5133 3656 5148 nun
3689 5132 3758 5148 ..τι
3783 5130 3914 5148 ιῃοο

658 5117 771 5206 ἱὲέή
811 5117 978 5206 Colb.
1003 5133 1237 5206 __tertius
1271 5117 1376 5195 ⁸εἷς
1422 5117 1656 5206 ὕστερον.
1716 5117 2040 5202 Aliquanto
2093 5132 2232 5202 post
2338 5117 3122 5206 sifunamtantum'vocein
3154 5117 3422 5194 poneret,
3455 5117 3758 5206 falleretur
3782 5117 3935 5186 ipse,

579 5188 966 5263 idéiﬁlcedei
996 5203 1201 5278 ἐξαρκεῖ
1226 5208 1304 5259 τό.
1511 5273 1522 5278 _
1547 5188 1556 5206 ⁸
1827 5188 1849 5202 ⁵
2093 5188 2114 5202 ⁸
2341 5201 2611 5278 aliosque
2641 5197 2886 5278 falleret,
2919 5188 3490 5278 11trfamq'uelpone’re
3521 5188 3755 5274 maluit.
3785 5261 3799 5278 Δ
3820 5255 3856 5278 η

658 5255 772 5348 ξω)
811 5255 1046 5333 Rursus
1067 5255 1231 5332 idem
1260 5275 1450 5348 codex
1481 5273 1652 5348 eixéya
1678 5278 2030 5347 γεγενημένος.

2347 5255 2371 5256 η
2413 5255 2530 5341 (43ῖ
2565 5273 2734 5348 Unus
2765 5255 2954 5348 codex
3005 5255 3280 5322 Combef.’
3303 5268 3472 5338 μυρίῳ
3504 5281 3561 5314 σε
3593 5263 3740 5333 φωτί.
3770 5255 3939 5312 Alius

675 5339 766 5419 415
807 5351 948 5420 Reg.
977 5349 1212 5420 primus
1241 5346 1540 5420 τὰνπελάγει
1567 5339 1696 5400 διά(
1746 5339 1756 5344 ’
1864 5339 1873 5347 ’
1950 5417 1959 5420 _

1356 5346 1540 5418 πελάγει
1567 5339 1696 5400 διά(
1746 5339 1756 5344 ’
1864 5339 1873 5347 ’
2338 5360 2484 5400 mss.
2508 5339 2583 5414 τῷ
2613 5339 2734 5420 παρ’
2766 5340 2970 5420 ἑαυτῆς.

807 5398 1611 5491 δδῇιῖῥξἨιιεήοῦχίὲπεται,
1645 5398 1765 5491 rion
1791 5417 2080 5491 sequitur.
2121 5414 2228 5471 Alii

2340 5398 2522 5484 W44)
2555 5399 2802 5491 ‘Anu'qq;
2849 5398 2971 5489 duo
3014 5407 3248 5491 libri‘et
3293 5404 3451 5491 editi‘
3484 5398 3937 5491 πολλῶνῌέλέῗαῖ-

582 5470 986 5547 mss—[etverl—iti
1008 5470 1898 5560 gis—EerwvfbidemColbertiﬁi
1921 5488 2154 5560 primus
2177 5470 2233 5543 et
2339 5470 2803 5560 riv‘wyfAtURe‘gii
2849 5480 3080 5560 primus
3123 5475 3532 5560 ethsecundus
3580 5489 3721 5530 cum
3765 5470 3937 5528 COlb.

583 5561 792 5619 tertius
811 5561 1226 5640 ἁργυροχάλινος
1245 5563 1274 5622 ἣ
1302 5559 1718 5636 χρυσοχάλινος.
1741 5558 1906 5619 Colb.
1924 5547 2197 5616 secundu

1717 5547 2232 5619 Colbfsecundus
2340 5558 2510 5615 tertio
2540 5547 2753 5610 πολλῶν*
2767 5547 3062 5624 ἐλεῷάντων,
3097 5547 3331 5604 melius.
