  <div class='ocr_page' id='page_1' title='image "/cluster/home/n/w/nwhite01/storage/ocr_20150623/31/hvd.32044048272629/112.png"; bbox 0 0 4088 6194; ppageno 0'>
   <div class='ocr_carea' id='block_1_1' title="bbox 215 222 333 274">
    <p class='ocr_par' dir='ltr' id='par_1_1' title="bbox 215 222 333 274">
     <span class='ocr_line' id='line_1_1' title="bbox 215 222 333 274; baseline 0.008 -1"><span class='ocrx_word' id='word_1_1' title='bbox 215 222 333 274; x_wconf 80' lang='grc' dir='ltr'><strong>2ε3</strong></span> 
     </span>
    </p>
   </div>
   <div class='ocr_carea' id='block_1_2' title="bbox 1165 213 2682 283">
    <p class='ocr_par' dir='ltr' id='par_1_2' title="bbox 1165 213 2682 283">
     <span class='ocr_line' id='line_1_2' title="bbox 1165 213 2682 283; baseline 0.001 -14"><span class='ocrx_word' id='word_1_2' title='bbox 1165 215 1464 271; x_wconf 77' lang='lat' dir='ltr'><strong>HOMILIA</strong></span> <span class='ocrx_word' id='word_1_3' title='bbox 1502 217 1570 270; x_wconf 81' lang='grc' dir='ltr'><strong>ΙΝ</strong></span> <span class='ocrx_word' id='word_1_4' title='bbox 1611 213 2248 283; x_wconf 83' lang='lat' dir='ltr'><strong>lLLUD,ATTENDE</strong></span> <span class='ocrx_word' id='word_1_5' title='bbox 2294 214 2460 270; x_wconf 87' lang='lat' dir='ltr'><strong>TIBI</strong></span> <span class='ocrx_word' id='word_1_6' title='bbox 2496 213 2682 270; x_wconf 88' lang='lat' dir='ltr'><em>IPSI.</em></span> 
     </span>
    </p>
   </div>
   <div class='ocr_carea' id='block_1_3' title="bbox 3506 215 3612 269">
    <p class='ocr_par' dir='ltr' id='par_1_3' title="bbox 3506 215 3612 269">
     <span class='ocr_line' id='line_1_3' title="bbox 3506 215 3612 269; baseline -0.009 0"><span class='ocrx_word' id='word_1_7' title='bbox 3506 215 3612 269; x_wconf 79' lang='grc'><strong>214</strong></span> 
     </span>
    </p>
   </div>
   <div class='ocr_carea' id='block_1_4' title="bbox 219 333 1822 414">
    <p class='ocr_par' dir='ltr' id='par_1_4' title="bbox 219 337 1822 414">
     <span class='ocr_line' id='line_1_4' title="bbox 219 337 1822 414; baseline -0.004 -20"><span class='ocrx_word' id='word_1_8' title='bbox 219 341 399 403; x_wconf 71' lang='grc' dir='ltr'><strong>αὐτῆς</strong></span> <span class='ocrx_word' id='word_1_9' title='bbox 424 345 524 399; x_wconf 74' lang='grc' dir='ltr'><strong>τὴν</strong></span> <span class='ocrx_word' id='word_1_10' title='bbox 557 338 872 405; x_wconf 73' lang='grc' dir='ltr'><strong>ἀνάπαυσιν,</strong></span> <span class='ocrx_word' id='word_1_11' title='bbox 905 341 1077 410; x_wconf 82' lang='grc' dir='ltr'><strong>ταχὺν</strong></span> <span class='ocrx_word' id='word_1_12' title='bbox 1106 341 1194 390; x_wconf 87' lang='grc' dir='ltr'><strong>τὸν</strong></span> <span class='ocrx_word' id='word_1_13' title='bbox 1245 337 1398 391; x_wconf 73' lang='grc' dir='ltr'><strong>ὒπνον</strong></span> <span class='ocrx_word' id='word_1_14' title='bbox 1446 342 1538 390; x_wconf 85' lang='grc' dir='ltr'><strong>καὶ</strong></span> <span class='ocrx_word' id='word_1_15' title='bbox 1586 343 1822 414; x_wconf 79' lang='grc' dir='ltr'><strong>μερίμνη‹</strong></span> 
     </span>
    </p>
   </div>
   <div class='ocr_carea' id='block_1_5' title="bbox 1935 333 3611 414">
    <p class='ocr_par' dir='ltr' id='par_1_5' title="bbox 1954 333 3611 411">
     <span class='ocr_line' id='line_1_5' title="bbox 1954 333 3611 411; baseline 0.001 -17"><span class='ocrx_word' id='word_1_16' title='bbox 1954 338 2163 394; x_wconf 90' lang='lat' dir='ltr'><strong>alienis</strong></span> <span class='ocrx_word' id='word_1_17' title='bbox 2193 338 2764 411; x_wconf 88' lang='lat' dir='ltr'><strong>pedibus&#39;indigent</strong></span> <span class='ocrx_word' id='word_1_18' title='bbox 2809 334 2887 391; x_wconf 90' lang='lat' dir='ltr'><strong>ad</strong></span> <span class='ocrx_word' id='word_1_19' title='bbox 2919 334 3266 391; x_wconf 86' lang='lat' dir='ltr'><strong>faciendum</strong></span> <span class='ocrx_word' id='word_1_20' title='bbox 3297 333 3408 391; x_wconf 85' lang='lat' dir='ltr'><strong>iter</strong></span> <span class='ocrx_word' id='word_1_21' title='bbox 3429 336 3456 391; x_wconf 84' lang='lat'><strong>?</strong></span> <span class='ocrx_word' id='word_1_22' title='bbox 3482 340 3611 394; x_wconf 85' lang='lat' dir='ltr'><strong>Non</strong></span> 
     </span>
    </p>
   </div>
   <div class='ocr_carea' id='block_1_6' title="bbox 219 429 1838 503">
    <p class='ocr_par' dir='ltr' id='par_1_6' title="bbox 219 429 1838 503">
     <span class='ocr_line' id='line_1_6' title="bbox 219 429 1838 503; baseline -0.002 -20"><span class='ocrx_word' id='word_1_23' title='bbox 219 431 652 503; x_wconf 67' lang='grc' dir='ltr'><strong>ἀπηλλαγμένον.</strong></span> <span class='ocrx_word' id='word_1_24' title='bbox 713 429 788 480; x_wconf 76' lang='lat' dir='ltr'><strong>Ou&#39;</strong></span> <span class='ocrx_word' id='word_1_25' title='bbox 833 430 1146 480; x_wconf 81' lang='grc' dir='ltr'><strong>κατάκεισαι</strong></span> <span class='ocrx_word' id='word_1_26' title='bbox 1199 430 1298 480; x_wconf 78' lang='grc' dir='ltr'><strong>ὐπὸ</strong></span> <span class='ocrx_word' id='word_1_27' title='bbox 1349 436 1586 503; x_wconf 78' lang='grc' dir='ltr'><strong>χρυσοῦν</strong></span> <span class='ocrx_word' id='word_1_28' title='bbox 1639 433 1838 501; x_wconf 76' lang='grc' dir='ltr'><strong>ὄροφονο</strong></span> 
     </span>
    </p>
   </div>
   <div class='ocr_carea' id='block_1_7' title="bbox 219 515 1843 593">
    <p class='ocr_par' dir='ltr' id='par_1_7' title="bbox 219 515 1843 593">
     <span class='ocr_line' id='line_1_7' title="bbox 219 515 1843 593; baseline -0.003 -19"><span class='ocrx_word' id='word_1_29' title='bbox 219 521 342 573; x_wconf 76' lang='grc' dir='ltr'><strong>ἀλλ’</strong></span> <span class='ocrx_word' id='word_1_30' title='bbox 397 521 622 593; x_wconf 77' lang='grc' dir='ltr'><strong>οὐρανὸν</strong></span> <span class='ocrx_word' id='word_1_31' title='bbox 669 521 812 589; x_wconf 79' lang='grc' dir='ltr'><strong>ἔχεις</strong></span> <span class='ocrx_word' id='word_1_32' title='bbox 857 525 966 579; x_wconf 83' lang='grc' dir='ltr'><strong>τοῖς</strong></span> <span class='ocrx_word' id='word_1_33' title='bbox 1007 515 1251 592; x_wconf 73' lang='grc' dir='ltr'><strong>ἀρρήτοις</strong></span> <span class='ocrx_word' id='word_1_34' title='bbox 1298 526 1398 569; x_wconf 87' lang='grc' dir='ltr'><strong>τῶν</strong></span> <span class='ocrx_word' id='word_1_35' title='bbox 1445 516 1673 590; x_wconf 81' lang='grc' dir='ltr'><strong>ἀστέρων</strong></span> <span class='ocrx_word' id='word_1_36' title='bbox 1721 517 1843 570; x_wconf 87' lang='grc' dir='ltr'><strong>κάλ-</strong></span> 
     </span>
    </p>
   </div>
   <div class='ocr_carea' id='block_1_8' title="bbox 217 605 1839 682">
    <p class='ocr_par' dir='ltr' id='par_1_8' title="bbox 217 605 1839 682">
     <span class='ocr_line' id='line_1_8' title="bbox 217 605 1839 682; baseline -0.001 -20"><span class='ocrx_word' id='word_1_37' title='bbox 217 611 344 664; x_wconf 80' lang='grc' dir='ltr'><strong>λεσι</strong></span> <span class='ocrx_word' id='word_1_38' title='bbox 390 612 504 680; x_wconf 68' lang='grc'><strong>(45)</strong></span> <span class='ocrx_word' id='word_1_39' title='bbox 545 606 964 682; x_wconf 78' lang='grc' dir='ltr'><strong>περιστίλϐοντα.</strong></span> <span class='ocrx_word' id='word_1_40' title='bbox 997 615 1176 660; x_wconf 80' lang='grc' dir='ltr'><strong>Ταῦτα</strong></span> <span class='ocrx_word' id='word_1_41' title='bbox 1205 610 1294 681; x_wconf 67' lang='grc' dir='ltr'><strong>μὲν</strong></span> <span class='ocrx_word' id='word_1_42' title='bbox 1326 605 1393 666; x_wconf 72' lang='grc' dir='ltr'><strong>δὴ</strong></span> <span class='ocrx_word' id='word_1_43' title='bbox 1427 610 1494 660; x_wconf 81' lang='grc' dir='ltr'><strong>τὰ</strong></span> <span class='ocrx_word' id='word_1_44' title='bbox 1524 606 1839 681; x_wconf 69' lang='grc' dir='ltr'><strong>ἀνθρώπινω</strong></span> 
     </span>
    </p>
   </div>
   <div class='ocr_carea' id='block_1_9' title="bbox 218 696 1844 771">
    <p class='ocr_par' dir='ltr' id='par_1_9' title="bbox 218 696 1844 771">
     <span class='ocr_line' id='line_1_9' title="bbox 218 696 1844 771; baseline -0.002 -19"><span class='ocrx_word' id='word_1_45' title='bbox 218 704 290 752; x_wconf 73' lang='grc' dir='ltr'><strong>τα</strong></span> <span class='ocrx_word' id='word_1_46' title='bbox 343 696 397 752; x_wconf 83' lang='grc' dir='ltr'><strong>δ’</strong></span> <span class='ocrx_word' id='word_1_47' title='bbox 448 703 528 751; x_wconf 83' lang='grc' dir='ltr'><strong>ἔτι</strong></span> <span class='ocrx_word' id='word_1_48' title='bbox 569 698 756 771; x_wconf 77' lang='grc' dir='ltr'><strong>μείζω.</strong></span> <span class='ocrx_word' id='word_1_49' title='bbox 803 699 898 749; x_wconf 76' lang='grc' dir='ltr'><strong>Διὰ</strong></span> <span class='ocrx_word' id='word_1_50' title='bbox 951 699 1008 750; x_wconf 70' lang='grc' dir='ltr'><strong>σὲ</strong></span> <span class='ocrx_word' id='word_1_51' title='bbox 1057 700 1185 758; x_wconf 83' lang='grc' dir='ltr'><strong>Θεὸς</strong></span> <span class='ocrx_word' id='word_1_52' title='bbox 1233 697 1280 749; x_wconf 77' lang='grc' dir='ltr'><strong>ἐν</strong></span> <span class='ocrx_word' id='word_1_53' title='bbox 1325 696 1634 771; x_wconf 79' lang='grc' dir='ltr'><strong>ἀνθρώποις,</strong></span> <span class='ocrx_word' id='word_1_54' title='bbox 1687 698 1844 750; x_wconf 79' lang='grc' dir='ltr'><strong>Πνεύ-</strong></span> 
     </span>
    </p>
   </div>
   <div class='ocr_carea' id='block_1_10' title="bbox 220 784 1842 862">
    <p class='ocr_par' dir='ltr' id='par_1_10' title="bbox 220 784 1842 862">
     <span class='ocr_line' id='line_1_10' title="bbox 220 784 1842 862; baseline -0.001 -22"><span class='ocrx_word' id='word_1_55' title='bbox 220 809 395 862; x_wconf 68' lang='grc' dir='ltr'><strong>ματος</strong></span> <span class='ocrx_word' id='word_1_56' title='bbox 441 788 602 859; x_wconf 81' lang='grc' dir='ltr'><strong>ἁγίου</strong></span> <span class='ocrx_word' id='word_1_57' title='bbox 651 784 900 859; x_wconf 75' lang='grc' dir='ltr'><strong>διανομὴ,</strong></span> <span class='ocrx_word' id='word_1_58' title='bbox 955 787 1179 839; x_wconf 82' lang='grc' dir='ltr'><strong>Θανάτου</strong></span> <span class='ocrx_word' id='word_1_59' title='bbox 1250 786 1558 854; x_wconf 80' lang='grc' dir='ltr'><strong>κατάλυσις,</strong></span> <span class='ocrx_word' id='word_1_60' title='bbox 1618 784 1842 838; x_wconf 76' lang='grc' dir='ltr'><strong>ἀναστά-</strong></span> 
     </span>
    </p>
   </div>
   <div class='ocr_carea' id='block_1_11' title="bbox 222 876 1840 950">
    <p class='ocr_par' dir='ltr' id='par_1_11' title="bbox 222 876 1840 950">
     <span class='ocr_line' id='line_1_11' title="bbox 222 876 1840 950; baseline -0.003 -19"><span class='ocrx_word' id='word_1_61' title='bbox 222 898 364 940; x_wconf 83' lang='grc' dir='ltr'><strong>σεως</strong></span> <span class='ocrx_word' id='word_1_62' title='bbox 420 877 592 945; x_wconf 68' lang='grc' dir='ltr'><strong>ὓπὶς,</strong></span> <span class='ocrx_word' id='word_1_63' title='bbox 649 878 762 930; x_wconf 84' lang='grc' dir='ltr'><strong>θεῖα</strong></span> <span class='ocrx_word' id='word_1_64' title='bbox 817 877 1203 950; x_wconf 85' lang='grc' dir='ltr'><strong>προστάγματα</strong></span> <span class='ocrx_word' id='word_1_65' title='bbox 1255 876 1546 929; x_wconf 87' lang='grc' dir='ltr'><strong>τελειοῦντά</strong></span> <span class='ocrx_word' id='word_1_66' title='bbox 1605 895 1698 928; x_wconf 90' lang='grc' dir='ltr'><strong>σου</strong></span> <span class='ocrx_word' id='word_1_67' title='bbox 1751 879 1840 934; x_wconf 80' lang='grc' dir='ltr'><strong>τὴν</strong></span> 
     </span>
    </p>
   </div>
   <div class='ocr_carea' id='block_1_12' title="bbox 224 961 1844 1039">
    <p class='ocr_par' dir='ltr' id='par_1_12' title="bbox 224 961 1844 1039">
     <span class='ocr_line' id='line_1_12' title="bbox 224 961 1844 1039; baseline -0.001 -21"><span class='ocrx_word' id='word_1_68' title='bbox 224 968 392 1032; x_wconf 68' lang='grc' dir='ltr'><strong>ζωὴν,</strong></span> <span class='ocrx_word' id='word_1_69' title='bbox 434 970 628 1038; x_wconf 81' lang='grc' dir='ltr'><strong>πορεία</strong></span> <span class='ocrx_word' id='word_1_70' title='bbox 670 967 801 1039; x_wconf 83' lang='grc' dir='ltr'><strong>πρὸς</strong></span> <span class='ocrx_word' id='word_1_71' title='bbox 846 969 974 1017; x_wconf 84' lang='grc' dir='ltr'><strong>Θεὸν</strong></span> <span class='ocrx_word' id='word_1_72' title='bbox 1019 961 1114 1020; x_wconf 79' lang='grc' dir='ltr'><strong>διὰ</strong></span> <span class='ocrx_word' id='word_1_73' title='bbox 1161 974 1261 1018; x_wconf 85' lang='grc' dir='ltr'><strong>τῶν</strong></span> <span class='ocrx_word' id='word_1_74' title='bbox 1310 964 1541 1031; x_wconf 76' lang='grc' dir='ltr'><strong>ἐντολῶν,</strong></span> <span class='ocrx_word' id='word_1_75' title='bbox 1595 963 1844 1037; x_wconf 80' lang='grc' dir='ltr'><strong>βασιλεία</strong></span> 
     </span>
    </p>
   </div>
   <div class='ocr_carea' id='block_1_13' title="bbox 222 1050 1843 1129">
    <p class='ocr_par' dir='ltr' id='par_1_13' title="bbox 222 1050 1843 1129">
     <span class='ocr_line' id='line_1_13' title="bbox 222 1050 1843 1129; baseline -0.002 -21"><span class='ocrx_word' id='word_1_76' title='bbox 222 1065 326 1108; x_wconf 73' lang='grc' dir='ltr'><strong>τῶν</strong></span> <span class='ocrx_word' id='word_1_77' title='bbox 398 1051 637 1129; x_wconf 77' lang='grc' dir='ltr'><strong>οὖρανῶν</strong></span> <span class='ocrx_word' id='word_1_78' title='bbox 689 1054 939 1128; x_wconf 73' lang='grc' dir='ltr'><strong>εὐτρεπής</strong></span> <span class='ocrx_word' id='word_1_79' title='bbox 1006 1059 1139 1122; x_wconf 72' lang='grc'><strong>(46),</strong></span> <span class='ocrx_word' id='word_1_80' title='bbox 1190 1058 1429 1128; x_wconf 81' lang='grc' dir='ltr'><strong>στέφανοι</strong></span> <span class='ocrx_word' id='word_1_81' title='bbox 1498 1050 1843 1116; x_wconf 73' lang='grc' dir='ltr'><strong>δικαιοσύνης</strong></span> 
     </span>
    </p>
   </div>
   <div class='ocr_carea' id='block_1_14' title="bbox 220 1142 1839 1220">
    <p class='ocr_par' dir='ltr' id='par_1_14' title="bbox 220 1142 1839 1220">
     <span class='ocr_line' id='line_1_14' title="bbox 220 1142 1839 1220; baseline -0.001 -23"><span class='ocrx_word' id='word_1_82' title='bbox 220 1147 426 1218; x_wconf 77' lang='grc' dir='ltr'><strong>ἕτοιμοι</strong></span> <span class='ocrx_word' id='word_1_83' title='bbox 470 1147 599 1206; x_wconf 78' lang='grc' dir='ltr'><strong>τοὺς</strong></span> <span class='ocrx_word' id='word_1_84' title='bbox 649 1146 778 1218; x_wconf 73' lang='grc' dir='ltr'><strong>ὑπερ</strong></span> <span class='ocrx_word' id='word_1_85' title='bbox 815 1151 911 1206; x_wconf 80' lang='grc' dir='ltr'><strong>τῆς</strong></span> <span class='ocrx_word' id='word_1_86' title='bbox 939 1145 1129 1220; x_wconf 82' lang='grc' dir='ltr'><strong>άρετῆς</strong></span> <span class='ocrx_word' id='word_1_87' title='bbox 1179 1143 1367 1218; x_wconf 73' lang='grc' dir='ltr'><strong>ἀρετῆς</strong></span> <span class='ocrx_word' id='word_1_88' title='bbox 1389 1147 1578 1204; x_wconf 85' lang='grc' dir='ltr'><strong>πόνους</strong></span> <span class='ocrx_word' id='word_1_89' title='bbox 1605 1148 1676 1217; x_wconf 75' lang='grc' dir='ltr'><strong>μὴ</strong></span> <span class='ocrx_word' id='word_1_90' title='bbox 1706 1142 1839 1196; x_wconf 78' lang='grc' dir='ltr'><strong>ἀπο-</strong></span> 
     </span>
    </p>
   </div>
   <div class='ocr_carea' id='block_1_15' title="bbox 223 1231 440 1308">
    <p class='ocr_par' dir='ltr' id='par_1_15' title="bbox 223 1231 440 1308">
     <span class='ocr_line' id='line_1_15' title="bbox 223 1231 440 1308; baseline -0.009 -21"><span class='ocrx_word' id='word_1_91' title='bbox 223 1231 440 1308; x_wconf 73' lang='grc' dir='ltr'><strong>δράντι.</strong></span> 
     </span>
    </p>
   </div>
   <div class='ocr_carea' id='block_1_16' title="bbox 1953 425 3612 484">
    <p class='ocr_par' dir='ltr' id='par_1_16' title="bbox 1953 425 3612 484">
     <span class='ocr_line' id='line_1_16' title="bbox 1953 425 3612 484; baseline 0 -1"><span class='ocrx_word' id='word_1_92' title='bbox 1953 427 2184 483; x_wconf 82' lang='lat' dir='ltr'><strong>dormis</strong></span> <span class='ocrx_word' id='word_1_93' title='bbox 2214 428 2274 484; x_wconf 90' lang='lat' dir='ltr'><strong>in</strong></span> <span class='ocrx_word' id='word_1_94' title='bbox 2303 428 2456 484; x_wconf 89' lang='lat' dir='ltr'><strong>lecto</strong></span> <span class='ocrx_word' id='word_1_95' title='bbox 2486 428 2752 484; x_wconf 89' lang='lat' dir='ltr'><strong>eburneo</strong></span> <span class='ocrx_word' id='word_1_96' title='bbox 2787 443 2801 480; x_wconf 88' lang='lat'><strong>:</strong></span> <span class='ocrx_word' id='word_1_97' title='bbox 2836 430 2897 481; x_wconf 87' lang='lat' dir='ltr'><strong>at</strong></span> <span class='ocrx_word' id='word_1_98' title='bbox 2936 430 3156 481; x_wconf 87' lang='lat' dir='ltr'><strong>terram</strong></span> <span class='ocrx_word' id='word_1_99' title='bbox 3202 425 3392 482; x_wconf 90' lang='lat' dir='ltr'><strong>habes</strong></span> <span class='ocrx_word' id='word_1_100' title='bbox 3421 426 3612 483; x_wconf 90' lang='lat' dir='ltr'><strong>multo</strong></span> 
     </span>
    </p>
   </div>
   <div class='ocr_carea' id='block_1_17' title="bbox 1951 514 3615 590">
    <p class='ocr_par' dir='ltr' id='par_1_17' title="bbox 1951 514 3615 590">
     <span class='ocr_line' id='line_1_17' title="bbox 1951 514 3615 590; baseline -0.001 -17"><span class='ocrx_word' id='word_1_101' title='bbox 1951 516 2133 573; x_wconf 82' lang='lat' dir='ltr'><strong>ebore</strong></span> <span class='ocrx_word' id='word_1_102' title='bbox 2174 518 2622 590; x_wconf 84' lang='lat' dir='ltr'><strong>pretiosiorem,</strong></span> <span class='ocrx_word' id='word_1_103' title='bbox 2673 522 2853 587; x_wconf 89' lang='lat' dir='ltr'><strong>atque</strong></span> <span class='ocrx_word' id='word_1_104' title='bbox 2883 514 3123 570; x_wconf 85' lang='lat' dir='ltr'><strong>dulcem</strong></span> <span class='ocrx_word' id='word_1_105' title='bbox 3151 514 3212 571; x_wconf 88' lang='lat' dir='ltr'><strong>in</strong></span> <span class='ocrx_word' id='word_1_106' title='bbox 3243 531 3316 570; x_wconf 90' lang='lat' dir='ltr'><strong>ea</strong></span> <span class='ocrx_word' id='word_1_107' title='bbox 3342 515 3615 588; x_wconf 89' lang='lat' dir='ltr'><strong>requiem</strong></span> 
     </span>
    </p>
   </div>
   <div class='ocr_carea' id='block_1_18' title="bbox 1951 604 3612 679">
    <p class='ocr_par' dir='ltr' id='par_1_18' title="bbox 1951 604 3612 679">
     <span class='ocr_line' id='line_1_18' title="bbox 1951 604 3612 679; baseline -0.001 -16"><span class='ocrx_word' id='word_1_108' title='bbox 1951 607 2240 679; x_wconf 85' lang='lat' dir='ltr'><strong>capessis,</strong></span> <span class='ocrx_word' id='word_1_109' title='bbox 2264 624 2334 663; x_wconf 88' lang='lat' dir='ltr'><strong>ac</strong></span> <span class='ocrx_word' id='word_1_110' title='bbox 2355 607 2545 663; x_wconf 87' lang='lat' dir='ltr'><strong>veloci</strong></span> <span class='ocrx_word' id='word_1_111' title='bbox 2567 621 2782 662; x_wconf 89' lang='lat' dir='ltr'><strong>somno</strong></span> <span class='ocrx_word' id='word_1_112' title='bbox 2805 604 3088 676; x_wconf 89' lang='lat' dir='ltr'><strong>curisque</strong></span> <span class='ocrx_word' id='word_1_113' title='bbox 3108 604 3298 660; x_wconf 90' lang='lat' dir='ltr'><strong>libero</strong></span> <span class='ocrx_word' id='word_1_114' title='bbox 3311 605 3612 676; x_wconf 89' lang='lat' dir='ltr'><strong>indulges.</strong></span> 
     </span>
    </p>
   </div>
   <div class='ocr_carea' id='block_1_19' title="bbox 1951 695 3616 765">
    <p class='ocr_par' dir='ltr' id='par_1_19' title="bbox 1951 695 3616 765">
     <span class='ocr_line' id='line_1_19' title="bbox 1951 695 3616 765; baseline -0.001 -13"><span class='ocrx_word' id='word_1_115' title='bbox 1951 698 2083 752; x_wconf 88' lang='lat' dir='ltr'><strong>Non</strong></span> <span class='ocrx_word' id='word_1_116' title='bbox 2107 695 2421 752; x_wconf 90' lang='lat' dir='ltr'><strong>decumbis</strong></span> <span class='ocrx_word' id='word_1_117' title='bbox 2453 696 2565 751; x_wconf 90' lang='lat' dir='ltr'><strong>sub</strong></span> <span class='ocrx_word' id='word_1_118' title='bbox 2589 696 2818 752; x_wconf 84' lang='lat' dir='ltr'><strong>fornice</strong></span> <span class='ocrx_word' id='word_1_119' title='bbox 2847 710 2918 750; x_wconf 90' lang='lat' dir='ltr'><strong>ac</strong></span> <span class='ocrx_word' id='word_1_120' title='bbox 2964 698 3119 749; x_wconf 88' lang='lat' dir='ltr'><strong>tecto</strong></span> <span class='ocrx_word' id='word_1_121' title='bbox 3149 710 3354 765; x_wconf 88' lang='lat' dir='ltr'><strong>aureo,</strong></span> <span class='ocrx_word' id='word_1_122' title='bbox 3397 700 3460 752; x_wconf 89' lang='lat' dir='ltr'><strong>at</strong></span> <span class='ocrx_word' id='word_1_123' title='bbox 3498 711 3616 751; x_wconf 76' lang='lat' dir='ltr'><strong>caa-</strong></span> 
     </span>
    </p>
   </div>
   <div class='ocr_carea' id='block_1_20' title="bbox 1949 783 3614 855">
    <p class='ocr_par' dir='ltr' id='par_1_20' title="bbox 1949 783 3614 855">
     <span class='ocr_line' id='line_1_20' title="bbox 1949 783 3614 855; baseline 0 -15"><span class='ocrx_word' id='word_1_124' title='bbox 1949 784 2077 840; x_wconf 93' lang='lat' dir='ltr'><strong>lum</strong></span> <span class='ocrx_word' id='word_1_125' title='bbox 2109 785 2300 840; x_wconf 87' lang='lat' dir='ltr'><strong>habes</strong></span> <span class='ocrx_word' id='word_1_126' title='bbox 2318 783 3030 841; x_wconf 88' lang='lat' dir='ltr'><strong>inenarrabilistellarum</strong></span> <span class='ocrx_word' id='word_1_127' title='bbox 3045 783 3495 855; x_wconf 90' lang='lat' dir='ltr'><strong>pulchritudine</strong></span> <span class='ocrx_word' id='word_1_128' title='bbox 3506 785 3614 840; x_wconf 84' lang='lat' dir='ltr'><strong>cir-</strong></span> 
     </span>
    </p>
   </div>
   <div class='ocr_carea' id='block_1_21' title="bbox 1951 873 3611 948">
    <p class='ocr_par' dir='ltr' id='par_1_21' title="bbox 1951 873 3611 948">
     <span class='ocr_line' id='line_1_21' title="bbox 1951 873 3611 948; baseline 0 -18"><span class='ocrx_word' id='word_1_129' title='bbox 1951 875 2357 946; x_wconf 84' lang='lat' dir='ltr'><strong>cumfulgens.</strong></span> <span class='ocrx_word' id='word_1_130' title='bbox 2374 881 2565 948; x_wconf 80' lang='lat' dir='ltr'><strong>Atque</strong></span> <span class='ocrx_word' id='word_1_131' title='bbox 2581 876 2710 930; x_wconf 74' lang='lat' dir='ltr'><strong>haec</strong></span> <span class='ocrx_word' id='word_1_132' title='bbox 2722 874 2967 946; x_wconf 89' lang='lat' dir='ltr'><strong>quidem</strong></span> <span class='ocrx_word' id='word_1_133' title='bbox 3000 873 3272 928; x_wconf 89' lang='lat' dir='ltr'><strong>humana</strong></span> <span class='ocrx_word' id='word_1_134' title='bbox 3294 879 3436 930; x_wconf 89' lang='lat' dir='ltr'><strong>sunt</strong></span> <span class='ocrx_word' id='word_1_135' title='bbox 3461 891 3474 942; x_wconf 93' lang='lat'><strong>;</strong></span> <span class='ocrx_word' id='word_1_136' title='bbox 3499 874 3611 930; x_wconf 90' lang='lat' dir='ltr'><strong>sed</strong></span> 
     </span>
    </p>
   </div>
   <div class='ocr_carea' id='block_1_22' title="bbox 1949 963 3611 1037">
    <p class='ocr_par' dir='ltr' id='par_1_22' title="bbox 1949 963 3611 1037">
     <span class='ocr_line' id='line_1_22' title="bbox 1949 963 3611 1037; baseline 0 -19"><span class='ocrx_word' id='word_1_137' title='bbox 1949 980 2086 1037; x_wconf 68' lang='lat' dir='ltr'><strong>quae</strong></span> <span class='ocrx_word' id='word_1_138' title='bbox 2116 965 2700 1037; x_wconf 89' lang='lat' dir='ltr'><strong>sequunturmajora</strong></span> <span class='ocrx_word' id='word_1_139' title='bbox 2725 969 2864 1019; x_wconf 91' lang='lat' dir='ltr'><strong>sunt</strong></span> <span class='ocrx_word' id='word_1_140' title='bbox 2901 968 2957 1018; x_wconf 87' lang='lat' dir='ltr'><strong>et</strong></span> <span class='ocrx_word' id='word_1_141' title='bbox 2977 963 3420 1035; x_wconf 66' lang='lat' dir='ltr'><strong>praestantiora.</strong></span> <span class='ocrx_word' id='word_1_142' title='bbox 3450 965 3611 1020; x_wconf 90' lang='lat' dir='ltr'><strong>Deus</strong></span> 
     </span>
    </p>
   </div>
   <div class='ocr_carea' id='block_1_23' title="bbox 1948 1053 3612 1126">
    <p class='ocr_par' dir='ltr' id='par_1_23' title="bbox 1948 1053 3612 1126">
     <span class='ocr_line' id='line_1_23' title="bbox 1948 1053 3612 1126; baseline -0.001 -16"><span class='ocrx_word' id='word_1_143' title='bbox 1948 1059 2194 1126; x_wconf 88' lang='lat' dir='ltr'><strong>propter</strong></span> <span class='ocrx_word' id='word_1_144' title='bbox 2219 1060 2273 1110; x_wconf 91' lang='lat' dir='ltr'><strong>te</strong></span> <span class='ocrx_word' id='word_1_145' title='bbox 2319 1055 2473 1110; x_wconf 90' lang='lat' dir='ltr'><strong>inter</strong></span> <span class='ocrx_word' id='word_1_146' title='bbox 2519 1053 2798 1110; x_wconf 87' lang='lat' dir='ltr'><strong>homines</strong></span> <span class='ocrx_word' id='word_1_147' title='bbox 2845 1057 3121 1109; x_wconf 90' lang='lat' dir='ltr'><strong>versatus</strong></span> <span class='ocrx_word' id='word_1_148' title='bbox 3159 1057 3250 1108; x_wconf 87' lang='lat' dir='ltr'><strong>est</strong></span> <span class='ocrx_word' id='word_1_149' title='bbox 3272 1055 3317 1123; x_wconf 79' lang='grc'><strong>⁵,</strong></span> <span class='ocrx_word' id='word_1_150' title='bbox 3360 1053 3612 1125; x_wconf 84' lang='lat' dir='ltr'><strong>Spiritus</strong></span> 
     </span>
    </p>
   </div>
   <div class='ocr_carea' id='block_1_24' title="bbox 1949 1142 3610 1216">
    <p class='ocr_par' dir='ltr' id='par_1_24' title="bbox 1949 1142 3610 1216">
     <span class='ocr_line' id='line_1_24' title="bbox 1949 1142 3610 1216; baseline 0 -18"><span class='ocrx_word' id='word_1_151' title='bbox 1949 1144 2143 1200; x_wconf 83' lang='lat' dir='ltr'><strong>sancti</strong></span> <span class='ocrx_word' id='word_1_152' title='bbox 2170 1144 2513 1200; x_wconf 86' lang='lat' dir='ltr'><strong>distributio</strong></span> <span class='ocrx_word' id='word_1_153' title='bbox 2535 1146 2576 1211; x_wconf 75' lang='grc'><strong>⁸,</strong></span> <span class='ocrx_word' id='word_1_154' title='bbox 2601 1144 2812 1200; x_wconf 90' lang='lat' dir='ltr'><strong>mortis</strong></span> <span class='ocrx_word' id='word_1_155' title='bbox 2831 1142 3159 1199; x_wconf 89' lang='lat' dir='ltr'><strong>destructio</strong></span> <span class='ocrx_word' id='word_1_156' title='bbox 3179 1144 3225 1205; x_wconf 84' lang='lat'><strong>&quot;,</strong></span> <span class='ocrx_word' id='word_1_157' title='bbox 3250 1159 3394 1216; x_wconf 90' lang='lat' dir='ltr'><strong>spes</strong></span> <span class='ocrx_word' id='word_1_158' title='bbox 3411 1158 3610 1198; x_wconf 89' lang='lat' dir='ltr'><strong>resur-</strong></span> 
     </span>
    </p>
   </div>
   <div class='ocr_carea' id='block_1_25' title="bbox 1946 1232 3605 1306">
    <p class='ocr_par' dir='ltr' id='par_1_25' title="bbox 1946 1232 3605 1306">
     <span class='ocr_line' id='line_1_25' title="bbox 1946 1232 3605 1306; baseline -0.001 -17"><span class='ocrx_word' id='word_1_159' title='bbox 1946 1233 2228 1289; x_wconf 89' lang='lat' dir='ltr'><strong>rectionis</strong></span> <span class='ocrx_word' id='word_1_160' title='bbox 2254 1235 2275 1270; x_wconf 75' lang='grc' dir='ltr'>θ</span> <span class='ocrx_word' id='word_1_161' title='bbox 2305 1234 2511 1290; x_wconf 86' lang='lat' dir='ltr'><strong>divina</strong></span> <span class='ocrx_word' id='word_1_162' title='bbox 2541 1239 2847 1306; x_wconf 73' lang='lat' dir='ltr'><strong>praecepta</strong></span> <span class='ocrx_word' id='word_1_163' title='bbox 2874 1233 3062 1288; x_wconf 88' lang='lat' dir='ltr'><strong>vitam</strong></span> <span class='ocrx_word' id='word_1_164' title='bbox 3093 1236 3263 1288; x_wconf 90' lang='lat' dir='ltr'><strong>tuam</strong></span> <span class='ocrx_word' id='word_1_165' title='bbox 3294 1232 3605 1304; x_wconf 87' lang='lat' dir='ltr'><strong>perﬁcien-</strong></span> 
     </span>
    </p>
   </div>
   <div class='ocr_carea' id='block_1_26' title="bbox 220 1321 3605 1397">
    <p class='ocr_par' dir='ltr' id='par_1_26' title="bbox 220 1321 3605 1397">
     <span class='ocr_line' id='line_1_26' title="bbox 220 1321 3605 1397; baseline -0.001 -17"><span class='ocrx_word' id='word_1_166' title='bbox 220 1325 326 1392; x_wconf 89' lang='lat' dir='ltr'><strong>tia,</strong></span> <span class='ocrx_word' id='word_1_167' title='bbox 348 1323 652 1397; x_wconf 84' lang='lat' dir='ltr'><strong>profectio</strong></span> <span class='ocrx_word' id='word_1_168' title='bbox 685 1322 767 1379; x_wconf 87' lang='lat' dir='ltr'><strong>ad</strong></span> <span class='ocrx_word' id='word_1_169' title='bbox 796 1324 983 1378; x_wconf 89' lang='lat' dir='ltr'><strong>Deum</strong></span> <span class='ocrx_word' id='word_1_170' title='bbox 1017 1338 1126 1396; x_wconf 88' lang='lat' dir='ltr'><strong>per</strong></span> <span class='ocrx_word' id='word_1_171' title='bbox 1156 1323 1446 1380; x_wconf 84' lang='lat' dir='ltr'><strong>mandata</strong></span> <span class='ocrx_word' id='word_1_172' title='bbox 1480 1324 1524 1392; x_wconf 75' lang='grc' dir='ltr'><strong>θ,</strong></span> <span class='ocrx_word' id='word_1_173' title='bbox 1552 1325 1835 1394; x_wconf 87' lang='lat' dir='ltr'><strong>paratum</strong></span> <span class='ocrx_word' id='word_1_174' title='bbox 1857 1338 2113 1395; x_wconf 85' lang='lat' dir='ltr'><strong>regnum</strong></span> <span class='ocrx_word' id='word_1_175' title='bbox 2134 1323 2428 1380; x_wconf 70' lang='lat' dir='ltr'><strong>caelorum</strong></span> <span class='ocrx_word' id='word_1_176' title='bbox 2461 1325 2527 1386; x_wconf 70' lang='grc' dir='ltr'><strong>ιο,</strong></span> <span class='ocrx_word' id='word_1_177' title='bbox 2556 1322 2804 1394; x_wconf 73' lang='lat' dir='ltr'><strong>justitiaa</strong></span> <span class='ocrx_word' id='word_1_178' title='bbox 2835 1337 3074 1378; x_wconf 65' lang='lat' dir='ltr'><strong>coronae</strong></span> <span class='ocrx_word' id='word_1_179' title='bbox 3107 1323 3174 1392; x_wconf 82' lang='grc'><strong>¹¹,</strong></span> <span class='ocrx_word' id='word_1_180' title='bbox 3226 1322 3300 1389; x_wconf 88' lang='lat' dir='ltr'><strong>ei,</strong></span> <span class='ocrx_word' id='word_1_181' title='bbox 3359 1321 3465 1394; x_wconf 90' lang='lat' dir='ltr'><strong>qui</strong></span> <span class='ocrx_word' id='word_1_182' title='bbox 3511 1321 3605 1378; x_wconf 93' lang='lat' dir='ltr'><strong>la-</strong></span> 
     </span>
    </p>
   </div>
   <div class='ocr_carea' id='block_1_27' title="bbox 216 1411 1432 1486">
    <p class='ocr_par' dir='ltr' id='par_1_27' title="bbox 216 1411 1432 1486">
     <span class='ocr_line' id='line_1_27' title="bbox 216 1411 1432 1486; baseline -0.002 -17"><span class='ocrx_word' id='word_1_183' title='bbox 216 1413 410 1470; x_wconf 84' lang='lat' dir='ltr'><strong>bores</strong></span> <span class='ocrx_word' id='word_1_184' title='bbox 435 1429 553 1486; x_wconf 89' lang='lat' dir='ltr'><strong>pro</strong></span> <span class='ocrx_word' id='word_1_185' title='bbox 573 1412 795 1468; x_wconf 83' lang='lat' dir='ltr'><strong>virtute</strong></span> <span class='ocrx_word' id='word_1_186' title='bbox 825 1428 947 1468; x_wconf 89' lang='lat' dir='ltr'><strong>non</strong></span> <span class='ocrx_word' id='word_1_187' title='bbox 975 1411 1154 1482; x_wconf 84' lang='lat' dir='ltr'><strong>fugit,</strong></span> <span class='ocrx_word' id='word_1_188' title='bbox 1185 1419 1432 1486; x_wconf 57' lang='lat' dir='ltr'><strong>paratae.</strong></span> 
     </span>
    </p>
   </div>
   <div class='ocr_carea' id='block_1_28' title="bbox 295 1501 1840 1576">
    <p class='ocr_par' dir='ltr' id='par_1_28' title="bbox 295 1501 1840 1576">
     <span class='ocr_line' id='line_1_28' title="bbox 295 1501 1840 1576; baseline 0 -22"><span class='ocrx_word' id='word_1_189' title='bbox 295 1503 356 1556; x_wconf 82' lang='lat'><strong>7.</strong></span> <span class='ocrx_word' id='word_1_190' title='bbox 387 1503 513 1556; x_wconf 79' lang='grc' dir='ltr'><strong>Ἐὰν</strong></span> <span class='ocrx_word' id='word_1_191' title='bbox 540 1505 817 1576; x_wconf 70' lang='grc' dir='ltr'><strong>προσέχῃς</strong></span> <span class='ocrx_word' id='word_1_192' title='bbox 871 1510 1093 1573; x_wconf 86' lang='grc' dir='ltr'><strong>σεαυτῷ,</strong></span> <span class='ocrx_word' id='word_1_193' title='bbox 1124 1511 1294 1554; x_wconf 85' lang='grc' dir='ltr'><strong>ταῦτα</strong></span> <span class='ocrx_word' id='word_1_194' title='bbox 1317 1507 1408 1556; x_wconf 85' lang='grc' dir='ltr'><strong>καὶ</strong></span> <span class='ocrx_word' id='word_1_195' title='bbox 1430 1505 1507 1556; x_wconf 82' lang='grc' dir='ltr'><strong>ἔτι</strong></span> <span class='ocrx_word' id='word_1_196' title='bbox 1530 1501 1690 1556; x_wconf 83' lang='grc' dir='ltr'><strong>πλείω</strong></span> <span class='ocrx_word' id='word_1_197' title='bbox 1727 1501 1840 1572; x_wconf 76' lang='grc'><strong>(47)</strong></span> 
     </span>
    </p>
   </div>
   <div class='ocr_carea' id='block_1_29' title="bbox 217 1589 1840 1666">
    <p class='ocr_par' dir='ltr' id='par_1_29' title="bbox 217 1589 1840 1666">
     <span class='ocr_line' id='line_1_29' title="bbox 217 1589 1840 1666; baseline -0.001 -22"><span class='ocrx_word' id='word_1_198' title='bbox 217 1593 474 1665; x_wconf 69' lang='grc' dir='ltr'><strong>εὑρήσεις</strong></span> <span class='ocrx_word' id='word_1_199' title='bbox 511 1595 626 1666; x_wconf 83' lang='grc' dir='ltr'><strong>περὶ</strong></span> <span class='ocrx_word' id='word_1_200' title='bbox 688 1595 924 1642; x_wconf 82' lang='grc' dir='ltr'><strong>σεαυτόν·</strong></span> <span class='ocrx_word' id='word_1_201' title='bbox 956 1595 1048 1643; x_wconf 86' lang='grc' dir='ltr'><strong>καὶ</strong></span> <span class='ocrx_word' id='word_1_202' title='bbox 1089 1589 1402 1654; x_wconf 77' lang='grc' dir='ltr'><strong>ἀπολαύσεις</strong></span> <span class='ocrx_word' id='word_1_203' title='bbox 1443 1595 1533 1666; x_wconf 72' lang='grc' dir='ltr'><strong>μὲν</strong></span> <span class='ocrx_word' id='word_1_204' title='bbox 1581 1600 1679 1644; x_wconf 83' lang='grc' dir='ltr'><strong>τῶν</strong></span> <span class='ocrx_word' id='word_1_205' title='bbox 1709 1610 1840 1665; x_wconf 87' lang='grc' dir='ltr'><strong>παρ-</strong></span> 
     </span>
    </p>
   </div>
   <div class='ocr_carea' id='block_1_30' title="bbox 2019 1500 3603 1575">
    <p class='ocr_par' dir='ltr' id='par_1_30' title="bbox 2019 1500 3603 1575">
     <span class='ocr_line' id='line_1_30' title="bbox 2019 1500 3603 1575; baseline -0.001 -17"><span class='ocrx_word' id='word_1_206' title='bbox 2019 1508 2071 1558; x_wconf 93' lang='grc'><strong>7.</strong></span> <span class='ocrx_word' id='word_1_207' title='bbox 2115 1503 2284 1569; x_wconf 88' lang='lat' dir='ltr'><strong>Quod</strong></span> <span class='ocrx_word' id='word_1_208' title='bbox 2318 1503 2368 1559; x_wconf 89' lang='lat' dir='ltr'><strong>si</strong></span> <span class='ocrx_word' id='word_1_209' title='bbox 2399 1503 2504 1560; x_wconf 87' lang='lat' dir='ltr'><strong>tibi</strong></span> <span class='ocrx_word' id='word_1_210' title='bbox 2555 1502 2671 1575; x_wconf 86' lang='lat' dir='ltr'><strong>ipsi</strong></span> <span class='ocrx_word' id='word_1_211' title='bbox 2718 1501 3066 1564; x_wconf 88' lang='lat' dir='ltr'><strong>attenderis,</strong></span> <span class='ocrx_word' id='word_1_212' title='bbox 3114 1500 3245 1557; x_wconf 82' lang='lat' dir='ltr'><strong>haec</strong></span> <span class='ocrx_word' id='word_1_213' title='bbox 3296 1505 3480 1574; x_wconf 89' lang='lat' dir='ltr'><strong>atque</strong></span> <span class='ocrx_word' id='word_1_214' title='bbox 3508 1500 3603 1557; x_wconf 83' lang='lat' dir='ltr'><strong>his</strong></span> 
     </span>
    </p>
   </div>
   <div class='ocr_carea' id='block_1_31' title="bbox 1946 1589 3602 1664">
    <p class='ocr_par' dir='ltr' id='par_1_31' title="bbox 1946 1589 3602 1664">
     <span class='ocr_line' id='line_1_31' title="bbox 1946 1589 3602 1664; baseline -0.002 -17"><span class='ocrx_word' id='word_1_215' title='bbox 1946 1591 2120 1664; x_wconf 90' lang='lat' dir='ltr'><strong>plura</strong></span> <span class='ocrx_word' id='word_1_216' title='bbox 2151 1593 2350 1649; x_wconf 88' lang='lat' dir='ltr'><strong>adhuc</strong></span> <span class='ocrx_word' id='word_1_217' title='bbox 2379 1593 2536 1648; x_wconf 90' lang='lat' dir='ltr'><strong>circa</strong></span> <span class='ocrx_word' id='word_1_218' title='bbox 2558 1593 2815 1664; x_wconf 89' lang='lat' dir='ltr'><strong>teipsum</strong></span> <span class='ocrx_word' id='word_1_219' title='bbox 2836 1590 3252 1663; x_wconf 88' lang='lat' dir='ltr'><strong>deprehendes</strong></span> <span class='ocrx_word' id='word_1_220' title='bbox 3278 1608 3290 1659; x_wconf 92' lang='lat'><strong>;</strong></span> <span class='ocrx_word' id='word_1_221' title='bbox 3315 1594 3369 1646; x_wconf 91' lang='lat' dir='ltr'><strong>et</strong></span> <span class='ocrx_word' id='word_1_222' title='bbox 3389 1589 3602 1645; x_wconf 86' lang='lat' dir='ltr'><strong>frueris</strong></span> 
     </span>
    </p>
   </div>
   <div class='ocr_carea' id='block_1_32' title="bbox 213 1669 1822 1756">
    <p class='ocr_par' dir='ltr' id='par_1_32' title="bbox 213 1678 1822 1755">
     <span class='ocr_line' id='line_1_32' title="bbox 213 1678 1822 1755; baseline -0.001 -22"><span class='ocrx_word' id='word_1_223' title='bbox 213 1685 402 1748; x_wconf 76' lang='grc' dir='ltr'><strong>όντων,</strong></span> <span class='ocrx_word' id='word_1_224' title='bbox 469 1681 529 1732; x_wconf 67' lang='grc' dir='ltr'><strong>οὗ</strong></span> <span class='ocrx_word' id='word_1_225' title='bbox 583 1680 1017 1753; x_wconf 67' lang='grc' dir='ltr'><strong>μικροψυχήσεις</strong></span> <span class='ocrx_word' id='word_1_226' title='bbox 1063 1678 1122 1734; x_wconf 69' lang='grc' dir='ltr'><strong>δὲ</strong></span> <span class='ocrx_word' id='word_1_227' title='bbox 1171 1685 1301 1755; x_wconf 85' lang='grc' dir='ltr'><strong>πρὸς</strong></span> <span class='ocrx_word' id='word_1_228' title='bbox 1353 1686 1412 1734; x_wconf 84' lang='grc' dir='ltr'><strong>τό</strong></span> <span class='ocrx_word' id='word_1_229' title='bbox 1463 1679 1651 1734; x_wconf 77' lang='grc' dir='ltr'><strong>ἐνδέον.</strong></span> <span class='ocrx_word' id='word_1_230' title='bbox 1706 1687 1822 1732; x_wconf 86' lang='grc' dir='ltr'><strong>Παν⁴</strong></span> 
     </span>
    </p>
   </div>
   <div class='ocr_carea' id='block_1_33' title="bbox 1935 1669 3604 1756">
    <p class='ocr_par' dir='ltr' id='par_1_33' title="bbox 1946 1679 3604 1756">
     <span class='ocr_line' id='line_1_33' title="bbox 1946 1679 3604 1756; baseline -0.002 -19"><span class='ocrx_word' id='word_1_231' title='bbox 1946 1682 2190 1756; x_wconf 88' lang='lat' dir='ltr'><strong>quidem</strong></span> <span class='ocrx_word' id='word_1_232' title='bbox 2214 1684 2634 1754; x_wconf 74' lang='lat' dir='ltr'><strong>praesentibus,</strong></span> <span class='ocrx_word' id='word_1_233' title='bbox 2650 1697 2759 1736; x_wconf 90' lang='lat' dir='ltr'><strong>nec</strong></span> <span class='ocrx_word' id='word_1_234' title='bbox 2774 1680 2853 1736; x_wconf 88' lang='lat' dir='ltr'><strong>ob</strong></span> <span class='ocrx_word' id='word_1_235' title='bbox 2868 1697 3085 1752; x_wconf 73' lang='lat' dir='ltr'><strong>eaquae</strong></span> <span class='ocrx_word' id='word_1_236' title='bbox 3099 1681 3370 1749; x_wconf 91' lang='lat' dir='ltr'><strong>deerunt,</strong></span> <span class='ocrx_word' id='word_1_237' title='bbox 3387 1681 3500 1752; x_wconf 80' lang='lat'><strong>23</strong></span> <span class='ocrx_word' id='word_1_238' title='bbox 3518 1679 3604 1734; x_wconf 84' lang='lat' dir='ltr'><strong>fu-</strong></span> 
     </span>
    </p>
   </div>
   <div class='ocr_carea' id='block_1_34' title="bbox 210 1769 1836 1845">
    <p class='ocr_par' dir='ltr' id='par_1_34' title="bbox 210 1769 1836 1845">
     <span class='ocr_line' id='line_1_34' title="bbox 210 1769 1836 1845; baseline -0.001 -25"><span class='ocrx_word' id='word_1_239' title='bbox 210 1777 396 1840; x_wconf 80' lang='grc' dir='ltr'><strong>ταχοῦ</strong></span> <span class='ocrx_word' id='word_1_240' title='bbox 469 1789 555 1821; x_wconf 90' lang='grc' dir='ltr'><strong>σοι</strong></span> <span class='ocrx_word' id='word_1_241' title='bbox 625 1771 1012 1843; x_wconf 76' lang='grc' dir='ltr'><strong>παριστάμενον</strong></span> <span class='ocrx_word' id='word_1_242' title='bbox 1082 1774 1141 1822; x_wconf 88' lang='grc' dir='ltr'><strong>τό</strong></span> <span class='ocrx_word' id='word_1_243' title='bbox 1208 1770 1554 1845; x_wconf 75' lang='grc' dir='ltr'><strong>παράγγελμα</strong></span> <span class='ocrx_word' id='word_1_244' title='bbox 1609 1769 1836 1842; x_wconf 87' lang='grc' dir='ltr'><strong>μεγάλην</strong></span> 
     </span>
    </p>
   </div>
   <div class='ocr_carea' id='block_1_35' title="bbox 208 1855 1837 1936">
    <p class='ocr_par' dir='ltr' id='par_1_35' title="bbox 208 1855 1837 1936">
     <span class='ocr_line' id='line_1_35' title="bbox 208 1855 1837 1936; baseline 0.001 -27"><span class='ocrx_word' id='word_1_245' title='bbox 208 1858 504 1932; x_wconf 73' lang='grc' dir='ltr'><strong>παρέξεται</strong></span> <span class='ocrx_word' id='word_1_246' title='bbox 555 1863 645 1916; x_wconf 83' lang='grc' dir='ltr'><strong>την</strong></span> <span class='ocrx_word' id='word_1_247' title='bbox 701 1857 968 1931; x_wconf 69' lang='grc' dir='ltr'><strong>βοῇθειαν.</strong></span> <span class='ocrx_word' id='word_1_248' title='bbox 1029 1855 1171 1923; x_wconf 80' lang='grc' dir='ltr'><strong>Οἷον,</strong></span> <span class='ocrx_word' id='word_1_249' title='bbox 1219 1859 1344 1933; x_wconf 84' lang='grc' dir='ltr'><strong>ὀργή</strong></span> <span class='ocrx_word' id='word_1_250' title='bbox 1403 1879 1497 1936; x_wconf 75' lang='grc' dir='ltr'><strong>σου</strong></span> <span class='ocrx_word' id='word_1_251' title='bbox 1552 1869 1651 1912; x_wconf 86' lang='grc' dir='ltr'><strong>τῶν</strong></span> <span class='ocrx_word' id='word_1_252' title='bbox 1699 1859 1837 1930; x_wconf 88' lang='grc' dir='ltr'><strong>λογι-</strong></span> 
     </span>
    </p>
   </div>
   <div class='ocr_carea' id='block_1_36' title="bbox 211 1948 1892 2023">
    <p class='ocr_par' dir='ltr' id='par_1_36' title="bbox 211 1948 1892 2023">
     <span class='ocr_line' id='line_1_36' title="bbox 211 1948 1892 2023; baseline 0.001 -23"><span class='ocrx_word' id='word_1_253' title='bbox 211 1957 360 2020; x_wconf 78' lang='grc' dir='ltr'><strong>σμῶν</strong></span> <span class='ocrx_word' id='word_1_254' title='bbox 400 1950 773 2021; x_wconf 86' lang='grc' dir='ltr'><strong>κατεκράτησε</strong></span> <span class='ocrx_word' id='word_1_255' title='bbox 803 1949 931 2018; x_wconf 82' lang='grc'><strong>(48),</strong></span> <span class='ocrx_word' id='word_1_256' title='bbox 974 1953 1064 2000; x_wconf 84' lang='grc' dir='ltr'><strong>καὶ</strong></span> <span class='ocrx_word' id='word_1_257' title='bbox 1092 1948 1274 2023; x_wconf 72' lang='grc' dir='ltr'><strong>ἐκφέρῃ</strong></span> <span class='ocrx_word' id='word_1_258' title='bbox 1332 1951 1430 2001; x_wconf 77' lang='grc' dir='ltr'><strong>ὑπὸ</strong></span> <span class='ocrx_word' id='word_1_259' title='bbox 1487 1952 1653 2021; x_wconf 83' lang='grc' dir='ltr'><strong>θυμοῦ</strong></span> <span class='ocrx_word' id='word_1_260' title='bbox 1706 1953 1836 2022; x_wconf 87' lang='grc' dir='ltr'><strong>πρός</strong></span> <span class='ocrx_word' id='word_1_261' title='bbox 1874 1948 1892 1966; x_wconf 67' lang='grc'>⁸</span> 
     </span>
    </p>
   </div>
   <div class='ocr_carea' id='block_1_37' title="bbox 205 2039 1834 2113">
    <p class='ocr_par' dir='ltr' id='par_1_37' title="bbox 205 2039 1834 2113">
     <span class='ocr_line' id='line_1_37' title="bbox 205 2039 1834 2113; baseline 0.001 -25"><span class='ocrx_word' id='word_1_262' title='bbox 205 2057 261 2090; x_wconf 86' lang='grc' dir='ltr'><strong>τε</strong></span> <span class='ocrx_word' id='word_1_263' title='bbox 319 2040 552 2112; x_wconf 66' lang='grc' dir='ltr'><strong>ῥήματα</strong></span> <span class='ocrx_word' id='word_1_264' title='bbox 605 2039 808 2111; x_wconf 77' lang='grc' dir='ltr'><strong>ἀπρεπῆ</strong></span> <span class='ocrx_word' id='word_1_265' title='bbox 869 2043 958 2089; x_wconf 81' lang='grc' dir='ltr'><strong>καὶ</strong></span> <span class='ocrx_word' id='word_1_266' title='bbox 987 2039 1202 2113; x_wconf 80' lang='grc' dir='ltr'><strong>πράξεις</strong></span> <span class='ocrx_word' id='word_1_267' title='bbox 1247 2039 1483 2110; x_wconf 88' lang='grc' dir='ltr'><strong>χαλεπάς</strong></span> <span class='ocrx_word' id='word_1_268' title='bbox 1527 2044 1616 2091; x_wconf 84' lang='grc' dir='ltr'><strong>καὶ</strong></span> <span class='ocrx_word' id='word_1_269' title='bbox 1645 2040 1834 2112; x_wconf 85' lang='grc' dir='ltr'><strong>θηριώ-</strong></span> 
     </span>
    </p>
   </div>
   <div class='ocr_carea' id='block_1_38' title="bbox 208 2123 1830 2200">
    <p class='ocr_par' dir='ltr' id='par_1_38' title="bbox 208 2123 1830 2200">
     <span class='ocr_line' id='line_1_38' title="bbox 208 2123 1830 2200; baseline 0 -22"><span class='ocrx_word' id='word_1_270' title='bbox 208 2123 321 2188; x_wconf 83' lang='grc' dir='ltr'><strong>δεις</strong></span> <span class='ocrx_word' id='word_1_271' title='bbox 365 2146 381 2189; x_wconf 86' lang='lat'><strong>;</strong></span> <span class='ocrx_word' id='word_1_272' title='bbox 447 2128 572 2178; x_wconf 81' lang='grc' dir='ltr'><strong>Ἐὰν</strong></span> <span class='ocrx_word' id='word_1_273' title='bbox 612 2130 887 2199; x_wconf 77' lang='grc' dir='ltr'><strong>προσέχῃς</strong></span> <span class='ocrx_word' id='word_1_274' title='bbox 943 2136 1162 2198; x_wconf 83' lang='grc' dir='ltr'><strong>σεαυτῷ,</strong></span> <span class='ocrx_word' id='word_1_275' title='bbox 1216 2128 1549 2188; x_wconf 88' lang='grc' dir='ltr'><strong>καταστελεῖς</strong></span> <span class='ocrx_word' id='word_1_276' title='bbox 1604 2131 1692 2200; x_wconf 72' lang='grc' dir='ltr'><strong>μεν</strong></span> <span class='ocrx_word' id='word_1_277' title='bbox 1743 2131 1830 2180; x_wconf 84' lang='grc' dir='ltr'><strong>τὸν</strong></span> 
     </span>
    </p>
   </div>
   <div class='ocr_carea' id='block_1_39' title="bbox 205 2213 1826 2288">
    <p class='ocr_par' dir='ltr' id='par_1_39' title="bbox 205 2213 1826 2288">
     <span class='ocr_line' id='line_1_39' title="bbox 205 2213 1826 2288; baseline 0.003 -23"><span class='ocrx_word' id='word_1_278' title='bbox 205 2217 375 2288; x_wconf 72' lang='grc' dir='ltr'><strong>θυμὸν</strong></span> <span class='ocrx_word' id='word_1_279' title='bbox 434 2217 620 2288; x_wconf 84' lang='grc' dir='ltr'><strong>ὧσπερ</strong></span> <span class='ocrx_word' id='word_1_280' title='bbox 676 2217 793 2265; x_wconf 81' lang='grc' dir='ltr'><strong>τινὰ</strong></span> <span class='ocrx_word' id='word_1_281' title='bbox 847 2213 1014 2266; x_wconf 84' lang='grc' dir='ltr'><strong>πῶλον</strong></span> <span class='ocrx_word' id='word_1_282' title='bbox 1066 2214 1252 2275; x_wconf 80' lang='grc' dir='ltr'><strong>ἀπειθῆ</strong></span> <span class='ocrx_word' id='word_1_283' title='bbox 1302 2221 1392 2268; x_wconf 89' lang='grc' dir='ltr'><strong>καὶ</strong></span> <span class='ocrx_word' id='word_1_284' title='bbox 1424 2213 1693 2283; x_wconf 78' lang='grc' dir='ltr'><strong>δυσήνιον,</strong></span> <span class='ocrx_word' id='word_1_285' title='bbox 1740 2223 1826 2288; x_wconf 75' lang='grc' dir='ltr'><strong>τῇ.</strong></span> 
     </span>
    </p>
   </div>
   <div class='ocr_carea' id='block_1_40' title="bbox 202 2303 1828 2378">
    <p class='ocr_par' dir='ltr' id='par_1_40' title="bbox 202 2303 1828 2378">
     <span class='ocr_line' id='line_1_40' title="bbox 202 2303 1828 2378; baseline 0 -21"><span class='ocrx_word' id='word_1_286' title='bbox 202 2306 382 2376; x_wconf 71' lang='grc' dir='ltr'><strong>πληγῇ</strong></span> <span class='ocrx_word' id='word_1_287' title='bbox 429 2311 530 2356; x_wconf 83' lang='grc' dir='ltr'><strong>τοῦ</strong></span> <span class='ocrx_word' id='word_1_288' title='bbox 588 2303 744 2374; x_wconf 77' lang='grc' dir='ltr'><strong>λόγου</strong></span> <span class='ocrx_word' id='word_1_289' title='bbox 784 2303 934 2356; x_wconf 81' lang='grc' dir='ltr'><strong>οἱονεὶ</strong></span> <span class='ocrx_word' id='word_1_290' title='bbox 980 2306 1204 2376; x_wconf 79' lang='grc' dir='ltr'><strong>μάστιγι</strong></span> <span class='ocrx_word' id='word_1_291' title='bbox 1231 2307 1640 2378; x_wconf 74' lang='grc' dir='ltr'><strong>καθαπτόμενος.</strong></span> <span class='ocrx_word' id='word_1_292' title='bbox 1687 2312 1828 2378; x_wconf 81' lang='grc' dir='ltr'><strong>Κρα-</strong></span> 
     </span>
    </p>
   </div>
   <div class='ocr_carea' id='block_1_41' title="bbox 202 2389 1829 2469">
    <p class='ocr_par' dir='ltr' id='par_1_41' title="bbox 202 2389 1829 2469">
     <span class='ocr_line' id='line_1_41' title="bbox 202 2389 1829 2469; baseline 0.001 -24"><span class='ocrx_word' id='word_1_293' title='bbox 202 2401 390 2455; x_wconf 69' lang='grc' dir='ltr'><strong>τήσεις</strong></span> <span class='ocrx_word' id='word_1_294' title='bbox 457 2389 522 2445; x_wconf 74' lang='grc' dir='ltr'><strong>δὲ</strong></span> <span class='ocrx_word' id='word_1_295' title='bbox 574 2396 666 2443; x_wconf 78' lang='grc' dir='ltr'><strong>καὶ</strong></span> <span class='ocrx_word' id='word_1_296' title='bbox 712 2391 978 2462; x_wconf 86' lang='grc' dir='ltr'><strong>γλώσσης,</strong></span> <span class='ocrx_word' id='word_1_297' title='bbox 1025 2397 1118 2454; x_wconf 83' lang='grc' dir='ltr'><strong>τὰς</strong></span> <span class='ocrx_word' id='word_1_298' title='bbox 1151 2391 1210 2447; x_wconf 70' lang='grc' dir='ltr'><strong>δὲ</strong></span> <span class='ocrx_word' id='word_1_299' title='bbox 1254 2402 1444 2469; x_wconf 87' lang='grc' dir='ltr'><strong>χεῖρας</strong></span> <span class='ocrx_word' id='word_1_300' title='bbox 1472 2398 1567 2448; x_wconf 80' lang='grc' dir='ltr'><strong>οὐκ</strong></span> <span class='ocrx_word' id='word_1_301' title='bbox 1607 2397 1714 2458; x_wconf 72' lang='grc'><strong>(49)</strong></span> <span class='ocrx_word' id='word_1_302' title='bbox 1744 2393 1829 2446; x_wconf 87' lang='grc' dir='ltr'><strong>ἐπ-</strong></span> 
     </span>
    </p>
   </div>
   <div class='ocr_carea' id='block_1_42' title="bbox 1068 2483 1827 2558">
    <p class='ocr_par' dir='ltr' id='par_1_42' title="bbox 1068 2483 1827 2558">
     <span class='ocr_line' id='line_1_42' title="bbox 1068 2483 1827 2558; baseline 0 -22"><span class='ocrx_word' id='word_1_303' title='bbox 1068 2484 1226 2536; x_wconf 87' lang='grc' dir='ltr'><strong>Πάλιν</strong></span> <span class='ocrx_word' id='word_1_304' title='bbox 1275 2483 1549 2558; x_wconf 80' lang='grc' dir='ltr'><strong>ἐπιθυμίαι</strong></span> <span class='ocrx_word' id='word_1_305' title='bbox 1603 2489 1827 2558; x_wconf 87' lang='grc' dir='ltr'><strong>πονηραὶ</strong></span> 
     </span>
    </p>
   </div>
   <div class='ocr_carea' id='block_1_43' title="bbox 200 2571 1826 2648">
    <p class='ocr_par' dir='ltr' id='par_1_43' title="bbox 200 2571 1826 2648">
     <span class='ocr_line' id='line_1_43' title="bbox 200 2571 1826 2648; baseline 0.001 -24"><span class='ocrx_word' id='word_1_306' title='bbox 200 2572 569 2644; x_wconf 78' lang='grc' dir='ltr'><strong>ἐξοιστρῶσαί</strong></span> <span class='ocrx_word' id='word_1_307' title='bbox 629 2589 724 2622; x_wconf 88' lang='grc' dir='ltr'><strong>σου</strong></span> <span class='ocrx_word' id='word_1_308' title='bbox 780 2575 874 2628; x_wconf 78' lang='grc' dir='ltr'><strong>τὴν</strong></span> <span class='ocrx_word' id='word_1_309' title='bbox 930 2571 1136 2644; x_wconf 76' lang='grc' dir='ltr'><strong>ψυχὴν,</strong></span> <span class='ocrx_word' id='word_1_310' title='bbox 1169 2577 1243 2633; x_wconf 85' lang='grc' dir='ltr'><strong>εἰς</strong></span> <span class='ocrx_word' id='word_1_311' title='bbox 1274 2576 1440 2646; x_wconf 78' lang='grc' dir='ltr'><strong>ὁρμὰς</strong></span> <span class='ocrx_word' id='word_1_312' title='bbox 1470 2573 1710 2648; x_wconf 80' lang='grc' dir='ltr'><strong>ἀκρατεῖς</strong></span> <span class='ocrx_word' id='word_1_313' title='bbox 1737 2578 1826 2626; x_wconf 82' lang='grc' dir='ltr'><strong>καὶ</strong></span> 
     </span>
    </p>
   </div>
   <div class='ocr_carea' id='block_1_44' title="bbox 198 2656 1821 2737">
    <p class='ocr_par' dir='ltr' id='par_1_44' title="bbox 198 2656 1821 2737">
     <span class='ocr_line' id='line_1_44' title="bbox 198 2656 1821 2737; baseline 0.002 -27"><span class='ocrx_word' id='word_1_314' title='bbox 198 2656 542 2721; x_wconf 72' lang='grc' dir='ltr'><strong>ἀκολάστους</strong></span> <span class='ocrx_word' id='word_1_315' title='bbox 593 2658 964 2732; x_wconf 66' lang='grc' dir='ltr'><strong>ἐμϐάλλουσιν.</strong></span> <span class='ocrx_word' id='word_1_316' title='bbox 1010 2662 1124 2714; x_wconf 76' lang='grc' dir='ltr'><strong>Ἐὰν</strong></span> <span class='ocrx_word' id='word_1_317' title='bbox 1169 2659 1256 2714; x_wconf 80' lang='grc' dir='ltr'><strong>οὖν</strong></span> <span class='ocrx_word' id='word_1_318' title='bbox 1297 2667 1573 2737; x_wconf 79' lang='grc' dir='ltr'><strong>προσέχῃς</strong></span> <span class='ocrx_word' id='word_1_319' title='bbox 1601 2672 1821 2734; x_wconf 83' lang='grc' dir='ltr'><strong>σεαυτῷ,</strong></span> 
     </span>
    </p>
   </div>
   <div class='ocr_carea' id='block_1_45' title="bbox 199 2482 985 2555">
    <p class='ocr_par' dir='ltr' id='par_1_45' title="bbox 199 2482 985 2555">
     <span class='ocr_line' id='line_1_45' title="bbox 199 2482 985 2555; baseline 0.003 -21"><span class='ocrx_word' id='word_1_320' title='bbox 199 2489 304 2554; x_wconf 56' lang='grc' dir='ltr'><strong>αξη</strong></span> <span class='ocrx_word' id='word_1_321' title='bbox 317 2501 436 2542; x_wconf 84' lang='grc' dir='ltr'><strong>σεις</strong></span> <span class='ocrx_word' id='word_1_322' title='bbox 491 2490 569 2552; x_wconf 81' lang='grc' dir='ltr'><strong>τῷ</strong></span> <span class='ocrx_word' id='word_1_323' title='bbox 618 2482 985 2555; x_wconf 86' lang='grc' dir='ltr'><strong>παροξύναντι,</strong></span> 
     </span>
    </p>
   </div>
   <div class='ocr_carea' id='block_1_46' title="bbox 197 2750 1826 2827">
    <p class='ocr_par' dir='ltr' id='par_1_46' title="bbox 197 2750 1826 2827">
     <span class='ocr_line' id='line_1_46' title="bbox 197 2750 1826 2827; baseline 0.002 -26"><span class='ocrx_word' id='word_1_324' title='bbox 197 2756 290 2801; x_wconf 81' lang='grc' dir='ltr'><strong>καί</strong></span> <span class='ocrx_word' id='word_1_325' title='bbox 338 2751 620 2821; x_wconf 77' lang='grc' dir='ltr'><strong>μνησθῇς,</strong></span> <span class='ocrx_word' id='word_1_326' title='bbox 683 2752 763 2802; x_wconf 86' lang='grc' dir='ltr'><strong>ὅτι</strong></span> <span class='ocrx_word' id='word_1_327' title='bbox 799 2758 952 2803; x_wconf 83' lang='grc' dir='ltr'><strong>τοῦτο</strong></span> <span class='ocrx_word' id='word_1_328' title='bbox 985 2770 1076 2824; x_wconf 86' lang='grc' dir='ltr'><strong>μεν</strong></span> <span class='ocrx_word' id='word_1_329' title='bbox 1108 2771 1192 2804; x_wconf 90' lang='grc' dir='ltr'><strong>σοι</strong></span> <span class='ocrx_word' id='word_1_330' title='bbox 1216 2756 1274 2804; x_wconf 85' lang='grc' dir='ltr'><strong>τὸ</strong></span> <span class='ocrx_word' id='word_1_331' title='bbox 1305 2755 1469 2827; x_wconf 80' lang='grc' dir='ltr'><strong>παρόν</strong></span> <span class='ocrx_word' id='word_1_332' title='bbox 1502 2750 1608 2812; x_wconf 78' lang='grc' dir='ltr'><strong>ἡδὺ</strong></span> <span class='ocrx_word' id='word_1_333' title='bbox 1641 2753 1713 2814; x_wconf 82' lang='grc' dir='ltr'><strong>εἰς</strong></span> <span class='ocrx_word' id='word_1_334' title='bbox 1739 2773 1826 2804; x_wconf 90' lang='grc' dir='ltr'><strong>πι-</strong></span> 
     </span>
    </p>
   </div>
   <div class='ocr_carea' id='block_1_47' title="bbox 193 2839 1826 2913">
    <p class='ocr_par' dir='ltr' id='par_1_47' title="bbox 193 2839 1826 2913">
     <span class='ocr_line' id='line_1_47' title="bbox 193 2839 1826 2913; baseline 0.001 -23"><span class='ocrx_word' id='word_1_335' title='bbox 193 2843 320 2913; x_wconf 79' lang='grc' dir='ltr'><strong>κρόν</strong></span> <span class='ocrx_word' id='word_1_336' title='bbox 377 2843 714 2896; x_wconf 74' lang='grc' dir='ltr'><strong>καταντήσει</strong></span> <span class='ocrx_word' id='word_1_337' title='bbox 781 2843 958 2912; x_wconf 80' lang='grc' dir='ltr'><strong>πέρας,</strong></span> <span class='ocrx_word' id='word_1_338' title='bbox 1015 2845 1106 2892; x_wconf 85' lang='grc' dir='ltr'><strong>καὶ</strong></span> <span class='ocrx_word' id='word_1_339' title='bbox 1153 2843 1178 2893; x_wconf 90' lang='grc' dir='ltr'><strong>ό</strong></span> <span class='ocrx_word' id='word_1_340' title='bbox 1223 2849 1310 2894; x_wconf 87' lang='grc' dir='ltr'><strong>νῦν</strong></span> <span class='ocrx_word' id='word_1_341' title='bbox 1362 2841 1416 2894; x_wconf 82' lang='grc' dir='ltr'><strong>ἐκ</strong></span> <span class='ocrx_word' id='word_1_342' title='bbox 1467 2850 1563 2904; x_wconf 83' lang='grc' dir='ltr'><strong>τῆς</strong></span> <span class='ocrx_word' id='word_1_343' title='bbox 1628 2839 1826 2904; x_wconf 76' lang='grc' dir='ltr'><strong>ἡδονῆς</strong></span> 
     </span>
    </p>
   </div>
   <div class='ocr_carea' id='block_1_48' title="bbox 195 2927 1826 3005">
    <p class='ocr_par' dir='ltr' id='par_1_48' title="bbox 195 2927 1826 3005">
     <span class='ocr_line' id='line_1_48' title="bbox 195 2927 1826 3005; baseline 0.002 -26"><span class='ocrx_word' id='word_1_344' title='bbox 195 2927 540 3000; x_wconf 65' lang='grc' dir='ltr'><strong>ἐγγενόμενος</strong></span> <span class='ocrx_word' id='word_1_345' title='bbox 595 2936 672 2998; x_wconf 85' lang='grc' dir='ltr'><strong>τῷ</strong></span> <span class='ocrx_word' id='word_1_346' title='bbox 727 2932 934 3000; x_wconf 87' lang='grc' dir='ltr'><strong>σώματι</strong></span> <span class='ocrx_word' id='word_1_347' title='bbox 1003 2931 1149 3003; x_wconf 74' lang='grc' dir='ltr'><strong>ἡμῶν</strong></span> <span class='ocrx_word' id='word_1_348' title='bbox 1215 2931 1598 3005; x_wconf 87' lang='grc' dir='ltr'><strong>γαργαλισμός,</strong></span> <span class='ocrx_word' id='word_1_349' title='bbox 1675 2928 1826 2992; x_wconf 78' lang='grc' dir='ltr'><strong>οὗτος</strong></span> 
     </span>
    </p>
   </div>
   <div class='ocr_carea' id='block_1_49' title="bbox 1945 1765 3600 1839">
    <p class='ocr_par' dir='ltr' id='par_1_49' title="bbox 1945 1765 3600 1839">
     <span class='ocr_line' id='line_1_49' title="bbox 1945 1765 3600 1839; baseline -0.001 -16"><span class='ocrx_word' id='word_1_350' title='bbox 1945 1772 2114 1823; x_wconf 90' lang='lat' dir='ltr'><strong>turus</strong></span> <span class='ocrx_word' id='word_1_351' title='bbox 2126 1783 2191 1822; x_wconf 91' lang='lat' dir='ltr'><strong>es</strong></span> <span class='ocrx_word' id='word_1_352' title='bbox 2205 1769 2407 1823; x_wconf 89' lang='lat' dir='ltr'><strong>animo</strong></span> <span class='ocrx_word' id='word_1_353' title='bbox 2421 1767 2658 1839; x_wconf 90' lang='lat' dir='ltr'><strong>pusillo.</strong></span> <span class='ocrx_word' id='word_1_354' title='bbox 2677 1768 3051 1838; x_wconf 79' lang='lat' dir='ltr'><strong>Praeceptum</strong></span> <span class='ocrx_word' id='word_1_355' title='bbox 3067 1765 3214 1820; x_wconf 91' lang='lat' dir='ltr'><strong>illud</strong></span> <span class='ocrx_word' id='word_1_356' title='bbox 3240 1765 3341 1820; x_wconf 88' lang='lat' dir='ltr'><strong>tibi</strong></span> <span class='ocrx_word' id='word_1_357' title='bbox 3357 1765 3437 1820; x_wconf 90' lang='lat' dir='ltr'><strong>ob</strong></span> <span class='ocrx_word' id='word_1_358' title='bbox 3459 1781 3600 1821; x_wconf 78' lang='lat' dir='ltr'><strong>ocu~</strong></span> 
     </span>
    </p>
   </div>
   <div class='ocr_carea' id='block_1_50' title="bbox 1941 1854 3600 1929">
    <p class='ocr_par' dir='ltr' id='par_1_50' title="bbox 1941 1854 3600 1929">
     <span class='ocr_line' id='line_1_50' title="bbox 1941 1854 3600 1929; baseline 0 -17"><span class='ocrx_word' id='word_1_359' title='bbox 1941 1856 2091 1913; x_wconf 88' lang='lat' dir='ltr'><strong>lossi</strong></span> <span class='ocrx_word' id='word_1_360' title='bbox 2114 1857 2336 1929; x_wconf 91' lang='lat' dir='ltr'><strong>ubique</strong></span> <span class='ocrx_word' id='word_1_361' title='bbox 2370 1856 2738 1922; x_wconf 85' lang='lat' dir='ltr'><strong>observetur,</strong></span> <span class='ocrx_word' id='word_1_362' title='bbox 2764 1855 2930 1911; x_wconf 85' lang='lat' dir='ltr'><strong>haud</strong></span> <span class='ocrx_word' id='word_1_363' title='bbox 2967 1855 3257 1910; x_wconf 86' lang='lat' dir='ltr'><strong>mediocri</strong></span> <span class='ocrx_word' id='word_1_364' title='bbox 3285 1854 3600 1926; x_wconf 89' lang='lat' dir='ltr'><strong>adjumen-</strong></span> 
     </span>
    </p>
   </div>
   <div class='ocr_carea' id='block_1_51' title="bbox 1942 1945 3599 2018">
    <p class='ocr_par' dir='ltr' id='par_1_51' title="bbox 1942 1945 3599 2018">
     <span class='ocr_line' id='line_1_51' title="bbox 1942 1945 3599 2018; baseline 0 -16"><span class='ocrx_word' id='word_1_365' title='bbox 1942 1950 2002 2002; x_wconf 91' lang='lat' dir='ltr'><strong>to</strong></span> <span class='ocrx_word' id='word_1_366' title='bbox 2024 1946 2132 2002; x_wconf 91' lang='lat' dir='ltr'><strong>erit</strong></span> <span class='ocrx_word' id='word_1_367' title='bbox 2153 1947 2273 2002; x_wconf 86' lang='lat' dir='ltr'><strong>tibi.</strong></span> <span class='ocrx_word' id='word_1_368' title='bbox 2300 1945 2565 2018; x_wconf 82' lang='lat' dir='ltr'><strong>Exempli</strong></span> <span class='ocrx_word' id='word_1_369' title='bbox 2587 1961 2772 2000; x_wconf 89' lang='lat' dir='ltr'><strong>causa</strong></span> <span class='ocrx_word' id='word_1_370' title='bbox 2798 1962 2810 2000; x_wconf 90' lang='lat'><strong>:</strong></span> <span class='ocrx_word' id='word_1_371' title='bbox 2835 1945 2914 2000; x_wconf 88' lang='lat' dir='ltr'><strong>ab</strong></span> <span class='ocrx_word' id='word_1_372' title='bbox 2933 1945 3022 1999; x_wconf 88' lang='lat' dir='ltr'><strong>ira</strong></span> <span class='ocrx_word' id='word_1_373' title='bbox 3041 1945 3302 2000; x_wconf 84' lang='lat' dir='ltr'><strong>vincitur</strong></span> <span class='ocrx_word' id='word_1_374' title='bbox 3338 1945 3513 2013; x_wconf 80' lang='lat' dir='ltr'><strong>ratio,</strong></span> <span class='ocrx_word' id='word_1_375' title='bbox 3539 1948 3599 2003; x_wconf 87' lang='lat' dir='ltr'><strong>et</strong></span> 
     </span>
    </p>
   </div>
   <div class='ocr_carea' id='block_1_52' title="bbox 1941 2033 3598 2108">
    <p class='ocr_par' dir='ltr' id='par_1_52' title="bbox 1941 2033 3598 2108">
     <span class='ocr_line' id='line_1_52' title="bbox 1941 2033 3598 2108; baseline 0.001 -20"><span class='ocrx_word' id='word_1_376' title='bbox 1941 2051 2064 2108; x_wconf 67' lang='lat' dir='ltr'><strong>pra;</strong></span> <span class='ocrx_word' id='word_1_377' title='bbox 2079 2034 2393 2090; x_wconf 86' lang='lat' dir='ltr'><strong>iracundia</strong></span> <span class='ocrx_word' id='word_1_378' title='bbox 2417 2040 2542 2090; x_wconf 87' lang='lat' dir='ltr'><strong>tum</strong></span> <span class='ocrx_word' id='word_1_379' title='bbox 2556 2033 2635 2090; x_wconf 90' lang='lat' dir='ltr'><strong>ad</strong></span> <span class='ocrx_word' id='word_1_380' title='bbox 2654 2033 2840 2089; x_wconf 89' lang='lat' dir='ltr'><strong>verba</strong></span> <span class='ocrx_word' id='word_1_381' title='bbox 2861 2033 3150 2088; x_wconf 88' lang='lat' dir='ltr'><strong>indecora</strong></span> <span class='ocrx_word' id='word_1_382' title='bbox 3165 2038 3294 2088; x_wconf 88' lang='lat' dir='ltr'><strong>tum</strong></span> <span class='ocrx_word' id='word_1_383' title='bbox 3316 2033 3394 2089; x_wconf 90' lang='lat' dir='ltr'><strong>ad</strong></span> <span class='ocrx_word' id='word_1_384' title='bbox 3415 2033 3598 2089; x_wconf 89' lang='lat' dir='ltr'><strong>actio-</strong></span> 
     </span>
    </p>
   </div>
   <div class='ocr_carea' id='block_1_53' title="bbox 1937 2122 3597 2195">
    <p class='ocr_par' dir='ltr' id='par_1_53' title="bbox 1937 2122 3597 2195">
     <span class='ocr_line' id='line_1_53' title="bbox 1937 2122 3597 2195; baseline 0 -16"><span class='ocrx_word' id='word_1_385' title='bbox 1937 2138 2047 2179; x_wconf 90' lang='lat' dir='ltr'><strong>nes</strong></span> <span class='ocrx_word' id='word_1_386' title='bbox 2068 2125 2366 2180; x_wconf 86' lang='lat' dir='ltr'><strong>immanes</strong></span> <span class='ocrx_word' id='word_1_387' title='bbox 2389 2140 2456 2178; x_wconf 91' lang='lat' dir='ltr'><strong>ac</strong></span> <span class='ocrx_word' id='word_1_388' title='bbox 2477 2123 2698 2178; x_wconf 80' lang='lat' dir='ltr'><strong>ferinas</strong></span> <span class='ocrx_word' id='word_1_389' title='bbox 2720 2122 3012 2195; x_wconf 82' lang='lat' dir='ltr'><strong>abriperis</strong></span> <span class='ocrx_word' id='word_1_390' title='bbox 3032 2122 3060 2177; x_wconf 74' lang='lat' dir='ltr'><strong>‘I</strong></span> <span class='ocrx_word' id='word_1_391' title='bbox 3080 2122 3136 2176; x_wconf 87' lang='lat' dir='ltr'><strong>Si</strong></span> <span class='ocrx_word' id='word_1_392' title='bbox 3157 2122 3262 2177; x_wconf 88' lang='lat' dir='ltr'><strong>tibi</strong></span> <span class='ocrx_word' id='word_1_393' title='bbox 3276 2122 3389 2195; x_wconf 89' lang='lat' dir='ltr'><strong>ipsi</strong></span> <span class='ocrx_word' id='word_1_394' title='bbox 3409 2128 3597 2179; x_wconf 86' lang='lat' dir='ltr'><strong>atten-</strong></span> 
     </span>
    </p>
   </div>
   <div class='ocr_carea' id='block_1_54' title="bbox 1936 2211 3594 2285">
    <p class='ocr_par' dir='ltr' id='par_1_54' title="bbox 1936 2211 3594 2285">
     <span class='ocr_line' id='line_1_54' title="bbox 1936 2211 3594 2285; baseline 0.001 -17"><span class='ocrx_word' id='word_1_395' title='bbox 1936 2211 2068 2282; x_wconf 88' lang='lat' dir='ltr'><strong>des,</strong></span> <span class='ocrx_word' id='word_1_396' title='bbox 2089 2213 2244 2269; x_wconf 88' lang='lat' dir='ltr'><strong>iram</strong></span> <span class='ocrx_word' id='word_1_397' title='bbox 2262 2213 2419 2269; x_wconf 90' lang='lat' dir='ltr'><strong>velut</strong></span> <span class='ocrx_word' id='word_1_398' title='bbox 2440 2213 2672 2285; x_wconf 89' lang='lat' dir='ltr'><strong>pullum</strong></span> <span class='ocrx_word' id='word_1_399' title='bbox 2693 2213 3028 2284; x_wconf 81' lang='lat' dir='ltr'><strong>quemdam</strong></span> <span class='ocrx_word' id='word_1_400' title='bbox 3048 2212 3504 2282; x_wconf 87' lang='lat' dir='ltr'><strong>immorigerum</strong></span> <span class='ocrx_word' id='word_1_401' title='bbox 3521 2229 3594 2270; x_wconf 92' lang='lat' dir='ltr'><strong>ac</strong></span> 
     </span>
    </p>
   </div>
   <div class='ocr_carea' id='block_1_55' title="bbox 1934 2301 3593 2375">
    <p class='ocr_par' dir='ltr' id='par_1_55' title="bbox 1934 2301 3593 2375">
     <span class='ocr_line' id='line_1_55' title="bbox 1934 2301 3593 2375; baseline 0.002 -19"><span class='ocrx_word' id='word_1_402' title='bbox 1934 2301 2243 2358; x_wconf 82' lang='lat' dir='ltr'><strong>frenorum</strong></span> <span class='ocrx_word' id='word_1_403' title='bbox 2257 2302 2689 2375; x_wconf 88' lang='lat' dir='ltr'><strong>impatientem,</strong></span> <span class='ocrx_word' id='word_1_404' title='bbox 2707 2301 3028 2366; x_wconf 82' lang='lat' dir='ltr'><strong>coercebis,</strong></span> <span class='ocrx_word' id='word_1_405' title='bbox 3048 2301 3229 2374; x_wconf 89' lang='lat' dir='ltr'><strong>plaga</strong></span> <span class='ocrx_word' id='word_1_406' title='bbox 3240 2303 3593 2360; x_wconf 88' lang='lat' dir='ltr'><strong>rationisve-</strong></span> 
     </span>
    </p>
   </div>
   <div class='ocr_carea' id='block_1_56' title="bbox 1933 2392 3593 2465">
    <p class='ocr_par' dir='ltr' id='par_1_56' title="bbox 1933 2392 3593 2465">
     <span class='ocr_line' id='line_1_56' title="bbox 1933 2392 3593 2465; baseline 0.001 -19"><span class='ocrx_word' id='word_1_407' title='bbox 1933 2393 2020 2446; x_wconf 91' lang='lat' dir='ltr'><strong>lut</strong></span> <span class='ocrx_word' id='word_1_408' title='bbox 2039 2392 2230 2462; x_wconf 87' lang='lat' dir='ltr'><strong>ﬂagro</strong></span> <span class='ocrx_word' id='word_1_409' title='bbox 2251 2392 2519 2465; x_wconf 90' lang='lat' dir='ltr'><strong>quodam</strong></span> <span class='ocrx_word' id='word_1_410' title='bbox 2563 2392 2761 2464; x_wconf 88' lang='lat' dir='ltr'><strong>ipsam</strong></span> <span class='ocrx_word' id='word_1_411' title='bbox 2799 2407 3212 2463; x_wconf 90' lang='lat' dir='ltr'><strong>compescens.</strong></span> <span class='ocrx_word' id='word_1_412' title='bbox 3248 2392 3593 2448; x_wconf 88' lang='lat' dir='ltr'><strong>Continebis</strong></span> 
     </span>
    </p>
   </div>
   <div class='ocr_carea' id='block_1_57' title="bbox 1935 2479 3591 2554">
    <p class='ocr_par' dir='ltr' id='par_1_57' title="bbox 1935 2479 3591 2554">
     <span class='ocr_line' id='line_1_57' title="bbox 1935 2479 3591 2554; baseline 0.001 -18"><span class='ocrx_word' id='word_1_413' title='bbox 1935 2486 1990 2536; x_wconf 87' lang='lat' dir='ltr'><strong>et</strong></span> <span class='ocrx_word' id='word_1_414' title='bbox 2007 2481 2302 2551; x_wconf 84' lang='lat' dir='ltr'><strong>linguam,</strong></span> <span class='ocrx_word' id='word_1_415' title='bbox 2325 2497 2522 2554; x_wconf 88' lang='lat' dir='ltr'><strong>neque</strong></span> <span class='ocrx_word' id='word_1_416' title='bbox 2542 2481 2602 2536; x_wconf 89' lang='lat' dir='ltr'><strong>in</strong></span> <span class='ocrx_word' id='word_1_417' title='bbox 2624 2497 2763 2536; x_wconf 90' lang='lat' dir='ltr'><strong>eum</strong></span> <span class='ocrx_word' id='word_1_418' title='bbox 2784 2480 2889 2552; x_wconf 93' lang='lat' dir='ltr'><strong>qui</strong></span> <span class='ocrx_word' id='word_1_419' title='bbox 2917 2487 2969 2535; x_wconf 93' lang='lat' dir='ltr'><strong>te</strong></span> <span class='ocrx_word' id='word_1_420' title='bbox 2999 2479 3335 2551; x_wconf 87' lang='lat' dir='ltr'><strong>irritaverit,</strong></span> <span class='ocrx_word' id='word_1_421' title='bbox 3367 2497 3591 2538; x_wconf 89' lang='lat' dir='ltr'><strong>manus</strong></span> 
     </span>
    </p>
   </div>
   <div class='ocr_carea' id='block_1_58' title="bbox 1933 2569 3594 2642">
    <p class='ocr_par' dir='ltr' id='par_1_58' title="bbox 1933 2569 3594 2642">
     <span class='ocr_line' id='line_1_58' title="bbox 1933 2569 3594 2642; baseline 0.001 -15"><span class='ocrx_word' id='word_1_422' title='bbox 1933 2571 2183 2642; x_wconf 89' lang='lat' dir='ltr'><strong>injicies.</strong></span> <span class='ocrx_word' id='word_1_423' title='bbox 2212 2575 2439 2627; x_wconf 83' lang='lat' dir='ltr'><strong>Rursus</strong></span> <span class='ocrx_word' id='word_1_424' title='bbox 2471 2570 2630 2626; x_wconf 90' lang='lat' dir='ltr'><strong>mala</strong></span> <span class='ocrx_word' id='word_1_425' title='bbox 2659 2569 2959 2626; x_wconf 90' lang='lat' dir='ltr'><strong>desideria</strong></span> <span class='ocrx_word' id='word_1_426' title='bbox 3006 2585 3077 2624; x_wconf 87' lang='lat' dir='ltr'><strong>ac</strong></span> <span class='ocrx_word' id='word_1_427' title='bbox 3113 2569 3394 2625; x_wconf 89' lang='lat' dir='ltr'><strong>libidines</strong></span> <span class='ocrx_word' id='word_1_428' title='bbox 3431 2569 3594 2628; x_wconf 85' lang='lat' dir='ltr'><strong>velut</strong></span> 
     </span>
    </p>
   </div>
   <div class='ocr_carea' id='block_1_59' title="bbox 1933 2658 3590 2734">
    <p class='ocr_par' dir='ltr' id='par_1_59' title="bbox 1933 2658 3590 2734">
     <span class='ocr_line' id='line_1_59' title="bbox 1933 2658 3590 2734; baseline -0.001 -16"><span class='ocrx_word' id='word_1_429' title='bbox 1933 2667 2113 2718; x_wconf 63' lang='lat' dir='ltr'><strong>uestro</strong></span> <span class='ocrx_word' id='word_1_430' title='bbox 2131 2661 2398 2734; x_wconf 89' lang='lat' dir='ltr'><strong>quodam</strong></span> <span class='ocrx_word' id='word_1_431' title='bbox 2430 2661 2697 2716; x_wconf 88' lang='lat' dir='ltr'><strong>animam</strong></span> <span class='ocrx_word' id='word_1_432' title='bbox 2719 2665 2887 2716; x_wconf 85' lang='lat' dir='ltr'><strong>tuam</strong></span> <span class='ocrx_word' id='word_1_433' title='bbox 2907 2658 3302 2729; x_wconf 85' lang='lat' dir='ltr'><strong>exagitantes,</strong></span> <span class='ocrx_word' id='word_1_434' title='bbox 3343 2659 3406 2715; x_wconf 89' lang='lat' dir='ltr'><strong>in</strong></span> <span class='ocrx_word' id='word_1_435' title='bbox 3453 2659 3590 2716; x_wconf 88' lang='lat' dir='ltr'><strong>libi-</strong></span> 
     </span>
    </p>
   </div>
   <div class='ocr_carea' id='block_1_60' title="bbox 1931 2749 3590 2823">
    <p class='ocr_par' dir='ltr' id='par_1_60' title="bbox 1931 2749 3590 2823">
     <span class='ocr_line' id='line_1_60' title="bbox 1931 2749 3590 2823; baseline 0.001 -18"><span class='ocrx_word' id='word_1_436' title='bbox 1931 2750 2178 2822; x_wconf 80' lang='lat' dir='ltr'><strong>dinosas</strong></span> <span class='ocrx_word' id='word_1_437' title='bbox 2209 2766 2278 2806; x_wconf 89' lang='lat' dir='ltr'><strong>ac</strong></span> <span class='ocrx_word' id='word_1_438' title='bbox 2305 2751 2567 2806; x_wconf 90' lang='lat' dir='ltr'><strong>lascivos</strong></span> <span class='ocrx_word' id='word_1_439' title='bbox 2597 2750 2860 2823; x_wconf 84' lang='lat' dir='ltr'><strong>impetus</strong></span> <span class='ocrx_word' id='word_1_440' title='bbox 2892 2754 2948 2806; x_wconf 91' lang='lat' dir='ltr'><strong>te</strong></span> <span class='ocrx_word' id='word_1_441' title='bbox 2981 2749 3332 2820; x_wconf 89' lang='lat' dir='ltr'><strong>conjiciunt.</strong></span> <span class='ocrx_word' id='word_1_442' title='bbox 3355 2750 3509 2805; x_wconf 86' lang='lat' dir='ltr'><strong>Sane</strong></span> <span class='ocrx_word' id='word_1_443' title='bbox 3539 2750 3590 2806; x_wconf 88' lang='lat' dir='ltr'><strong>si</strong></span> 
     </span>
    </p>
   </div>
   <div class='ocr_carea' id='block_1_61' title="bbox 1931 2839 3589 2912">
    <p class='ocr_par' dir='ltr' id='par_1_61' title="bbox 1931 2839 3589 2912">
     <span class='ocr_line' id='line_1_61' title="bbox 1931 2839 3589 2912; baseline -0.001 -16"><span class='ocrx_word' id='word_1_444' title='bbox 1931 2839 2034 2896; x_wconf 86' lang='lat' dir='ltr'><strong>tibi</strong></span> <span class='ocrx_word' id='word_1_445' title='bbox 2056 2840 2168 2912; x_wconf 90' lang='lat' dir='ltr'><strong>ipsi</strong></span> <span class='ocrx_word' id='word_1_446' title='bbox 2189 2840 2538 2905; x_wconf 88' lang='lat' dir='ltr'><strong>attenderis,</strong></span> <span class='ocrx_word' id='word_1_447' title='bbox 2564 2839 3032 2911; x_wconf 90' lang='lat' dir='ltr'><strong>meminerisque</strong></span> <span class='ocrx_word' id='word_1_448' title='bbox 3052 2843 3411 2911; x_wconf 66' lang='lat' dir='ltr'><strong>prmsentem</strong></span> <span class='ocrx_word' id='word_1_449' title='bbox 3432 2839 3589 2895; x_wconf 89' lang='lat' dir='ltr'><strong>hanc</strong></span> 
     </span>
    </p>
   </div>
   <div class='ocr_carea' id='block_1_62' title="bbox 1929 2929 3592 3002">
    <p class='ocr_par' dir='ltr' id='par_1_62' title="bbox 1929 2929 3592 3002">
     <span class='ocr_line' id='line_1_62' title="bbox 1929 2929 3592 3002; baseline 0 -17"><span class='ocrx_word' id='word_1_450' title='bbox 1929 2929 2296 3002; x_wconf 89' lang='lat' dir='ltr'><strong>voluptatem</strong></span> <span class='ocrx_word' id='word_1_451' title='bbox 2321 2930 2382 2985; x_wconf 89' lang='lat' dir='ltr'><strong>in</strong></span> <span class='ocrx_word' id='word_1_452' title='bbox 2413 2929 2597 2985; x_wconf 86' lang='lat' dir='ltr'><strong>ﬁnem</strong></span> <span class='ocrx_word' id='word_1_453' title='bbox 2646 2930 3096 2986; x_wconf 88' lang='lat' dir='ltr'><strong>amarulentum</strong></span> <span class='ocrx_word' id='word_1_454' title='bbox 3139 2929 3492 2994; x_wconf 90' lang='lat' dir='ltr'><strong>desituram,</strong></span> <span class='ocrx_word' id='word_1_455' title='bbox 3533 2934 3592 2985; x_wconf 93' lang='lat' dir='ltr'><strong>et</strong></span> 
     </span>
    </p>
   </div>
   <div class='ocr_carea' id='block_1_63' title="bbox 193 3016 1822 3092">
    <p class='ocr_par' dir='ltr' id='par_1_63' title="bbox 193 3016 1822 3092">
     <span class='ocr_line' id='line_1_63' title="bbox 193 3016 1822 3092; baseline 0.002 -24"><span class='ocrx_word' id='word_1_456' title='bbox 193 3024 438 3086; x_wconf 63' lang='grc' dir='ltr'><strong>γεννήσει</strong></span> <span class='ocrx_word' id='word_1_457' title='bbox 495 3021 591 3068; x_wconf 84' lang='grc' dir='ltr'><strong>τόν</strong></span> <span class='ocrx_word' id='word_1_458' title='bbox 646 3016 843 3069; x_wconf 78' lang='grc' dir='ltr'><strong>ἰοϐόλον</strong></span> <span class='ocrx_word' id='word_1_459' title='bbox 898 3018 1146 3077; x_wconf 79' lang='grc' dir='ltr'><strong>σκώληκα</strong></span> <span class='ocrx_word' id='word_1_460' title='bbox 1198 3019 1432 3074; x_wconf 80' lang='grc' dir='ltr'><strong>ἀθάνατα</strong></span> <span class='ocrx_word' id='word_1_461' title='bbox 1493 3020 1613 3092; x_wconf 84' lang='grc'><strong>(50)</strong></span> <span class='ocrx_word' id='word_1_462' title='bbox 1672 3020 1822 3072; x_wconf 89' lang='grc' dir='ltr'><strong>κολά-</strong></span> 
     </span>
    </p>
   </div>
   <div class='ocr_carea' id='block_1_64' title="bbox 1935 3016 3590 3092">
    <p class='ocr_par' dir='ltr' id='par_1_64' title="bbox 1935 3018 3590 3091">
     <span class='ocr_line' id='line_1_64' title="bbox 1935 3018 3590 3091; baseline 0.002 -18"><span class='ocrx_word' id='word_1_463' title='bbox 1935 3018 2054 3076; x_wconf 82' lang='lat' dir='ltr'><strong>fore</strong></span> <span class='ocrx_word' id='word_1_464' title='bbox 2079 3024 2138 3074; x_wconf 95' lang='lat' dir='ltr'><strong>ut</strong></span> <span class='ocrx_word' id='word_1_465' title='bbox 2159 3018 2436 3080; x_wconf 88' lang='lat' dir='ltr'><strong>titillatio.</strong></span> <span class='ocrx_word' id='word_1_466' title='bbox 2469 3035 2606 3090; x_wconf 78' lang='lat' dir='ltr'><strong>quae</strong></span> <span class='ocrx_word' id='word_1_467' title='bbox 2643 3033 2806 3073; x_wconf 89' lang='lat' dir='ltr'><strong>nunc</strong></span> <span class='ocrx_word' id='word_1_468' title='bbox 2848 3034 2922 3073; x_wconf 86' lang='lat' dir='ltr'><strong>ex</strong></span> <span class='ocrx_word' id='word_1_469' title='bbox 2966 3018 3273 3090; x_wconf 85' lang='lat' dir='ltr'><strong>voluptate</strong></span> <span class='ocrx_word' id='word_1_470' title='bbox 3319 3021 3590 3091; x_wconf 88' lang='lat' dir='ltr'><strong>corporis</strong></span> 
     </span>
    </p>
   </div>
   <div class='ocr_carea' id='block_1_65' title="bbox 193 3103 1819 3184">
    <p class='ocr_par' dir='ltr' id='par_1_65' title="bbox 193 3103 1819 3184">
     <span class='ocr_line' id='line_1_65' title="bbox 193 3103 1819 3184; baseline 0.002 -26"><span class='ocrx_word' id='word_1_471' title='bbox 193 3103 351 3165; x_wconf 74' lang='grc' dir='ltr'><strong>ζοντα</strong></span> <span class='ocrx_word' id='word_1_472' title='bbox 381 3109 540 3178; x_wconf 80' lang='grc' dir='ltr'><strong>ἡμᾶς</strong></span> <span class='ocrx_word' id='word_1_473' title='bbox 571 3105 620 3157; x_wconf 78' lang='grc' dir='ltr'><strong>ἓν</strong></span> <span class='ocrx_word' id='word_1_474' title='bbox 652 3113 715 3178; x_wconf 76' lang='grc' dir='ltr'><strong>τῇ</strong></span> <span class='ocrx_word' id='word_1_475' title='bbox 750 3110 943 3180; x_wconf 75' lang='grc' dir='ltr'><strong>γεέννῃ,</strong></span> <span class='ocrx_word' id='word_1_476' title='bbox 999 3112 1086 3160; x_wconf 83' lang='grc' dir='ltr'><strong>καὶ</strong></span> <span class='ocrx_word' id='word_1_477' title='bbox 1131 3111 1161 3168; x_wconf 83' lang='grc' dir='ltr'>ἡ</span> <span class='ocrx_word' id='word_1_478' title='bbox 1217 3113 1452 3184; x_wconf 80' lang='grc' dir='ltr'><strong>πύρωσις</strong></span> <span class='ocrx_word' id='word_1_479' title='bbox 1487 3118 1581 3171; x_wconf 84' lang='grc' dir='ltr'><strong>τῆς</strong></span> <span class='ocrx_word' id='word_1_480' title='bbox 1627 3113 1819 3184; x_wconf 88' lang='grc' dir='ltr'><strong>σαρκὸς</strong></span> 
     </span>
    </p>
   </div>
   <div class='ocr_carea' id='block_1_66' title="bbox 191 3197 1818 3273">
    <p class='ocr_par' dir='ltr' id='par_1_66' title="bbox 191 3197 1818 3273">
     <span class='ocr_line' id='line_1_66' title="bbox 191 3197 1818 3273; baseline 0.003 -28"><span class='ocrx_word' id='word_1_481' title='bbox 191 3200 368 3269; x_wconf 63' lang='grc' dir='ltr'><strong>μήτηρ</strong></span> <span class='ocrx_word' id='word_1_482' title='bbox 421 3199 715 3266; x_wconf 75' lang='grc' dir='ltr'><strong>γενήσεται</strong></span> <span class='ocrx_word' id='word_1_483' title='bbox 761 3203 853 3248; x_wconf 75' lang='grc' dir='ltr'><strong>τοῦ</strong></span> <span class='ocrx_word' id='word_1_484' title='bbox 907 3197 1116 3250; x_wconf 84' lang='grc' dir='ltr'><strong>αἰωνίου</strong></span> <span class='ocrx_word' id='word_1_485' title='bbox 1140 3203 1325 3273; x_wconf 85' lang='grc' dir='ltr'><strong>πυρός·</strong></span> <span class='ocrx_word' id='word_1_486' title='bbox 1370 3198 1521 3263; x_wconf 73' lang='grc' dir='ltr'><strong>εὐθὺς</strong></span> <span class='ocrx_word' id='word_1_487' title='bbox 1561 3199 1818 3272; x_wconf 80' lang='grc' dir='ltr'><strong>οἰχήσον-</strong></span> 
     </span>
    </p>
   </div>
   <div class='ocr_carea' id='block_1_67' title="bbox 185 3283 1818 3360">
    <p class='ocr_par' dir='ltr' id='par_1_67' title="bbox 185 3283 1818 3360">
     <span class='ocr_line' id='line_1_67' title="bbox 185 3283 1818 3360; baseline 0.002 -24"><span class='ocrx_word' id='word_1_488' title='bbox 185 3302 270 3336; x_wconf 82' lang='grc' dir='ltr'><strong>ται</strong></span> <span class='ocrx_word' id='word_1_489' title='bbox 293 3283 736 3357; x_wconf 65' lang='grc' dir='ltr'><strong>φυγαδευθεῖσαι</strong></span> <span class='ocrx_word' id='word_1_490' title='bbox 769 3288 823 3337; x_wconf 84' lang='grc' dir='ltr'><strong>αἱ</strong></span> <span class='ocrx_word' id='word_1_491' title='bbox 850 3283 1057 3353; x_wconf 79' lang='grc' dir='ltr'><strong>ἡδοναὶ,</strong></span> <span class='ocrx_word' id='word_1_492' title='bbox 1090 3293 1180 3340; x_wconf 84' lang='grc' dir='ltr'><strong>καὶ</strong></span> <span class='ocrx_word' id='word_1_493' title='bbox 1215 3290 1489 3360; x_wconf 86' lang='grc' dir='ltr'><strong>θαυμαστή</strong></span> <span class='ocrx_word' id='word_1_494' title='bbox 1537 3307 1615 3350; x_wconf 89' lang='grc' dir='ltr'><strong>τις</strong></span> <span class='ocrx_word' id='word_1_495' title='bbox 1673 3285 1818 3341; x_wconf 74' lang='grc' dir='ltr'><strong>ἔνδον</strong></span> 
     </span>
    </p>
   </div>
   <div class='ocr_carea' id='block_1_68' title="bbox 193 3375 1816 3450">
    <p class='ocr_par' dir='ltr' id='par_1_68' title="bbox 193 3375 1816 3450">
     <span class='ocr_line' id='line_1_68' title="bbox 193 3375 1816 3450; baseline 0.004 -24"><span class='ocrx_word' id='word_1_496' title='bbox 193 3375 394 3445; x_wconf 76' lang='grc' dir='ltr'><strong>γαλήνη</strong></span> <span class='ocrx_word' id='word_1_497' title='bbox 446 3381 578 3448; x_wconf 85' lang='grc' dir='ltr'><strong>περὶ</strong></span> <span class='ocrx_word' id='word_1_498' title='bbox 623 3380 720 3432; x_wconf 74' lang='grc' dir='ltr'><strong>τὴν</strong></span> <span class='ocrx_word' id='word_1_499' title='bbox 771 3376 955 3447; x_wconf 70' lang='grc' dir='ltr'><strong>ψυχὴν</strong></span> <span class='ocrx_word' id='word_1_500' title='bbox 1005 3382 1095 3430; x_wconf 81' lang='grc' dir='ltr'><strong>καὶ</strong></span> <span class='ocrx_word' id='word_1_501' title='bbox 1142 3381 1353 3450; x_wconf 75' lang='grc' dir='ltr'><strong>ἡσυχία</strong></span> <span class='ocrx_word' id='word_1_502' title='bbox 1389 3385 1678 3450; x_wconf 83' lang='grc' dir='ltr'><strong>γενήσεται,</strong></span> <span class='ocrx_word' id='word_1_503' title='bbox 1711 3377 1816 3432; x_wconf 83' lang='grc' dir='ltr'><strong>οἷον</strong></span> 
     </span>
    </p>
   </div>
   <div class='ocr_carea' id='block_1_69' title="bbox 193 3460 1816 3540">
    <p class='ocr_par' dir='ltr' id='par_1_69' title="bbox 193 3460 1816 3540">
     <span class='ocr_line' id='line_1_69' title="bbox 193 3460 1816 3540; baseline 0.004 -24"><span class='ocrx_word' id='word_1_504' title='bbox 193 3460 596 3536; x_wconf 67' lang='grc' dir='ltr'><strong>θεραπαινίδων</strong></span> <span class='ocrx_word' id='word_1_505' title='bbox 675 3461 971 3517; x_wconf 78' lang='grc' dir='ltr'><strong>ἀκολάστων</strong></span> <span class='ocrx_word' id='word_1_506' title='bbox 1049 3467 1263 3539; x_wconf 82' lang='grc' dir='ltr'><strong>θορύϐον</strong></span> <span class='ocrx_word' id='word_1_507' title='bbox 1339 3470 1816 3540; x_wconf 83' lang='grc' dir='ltr'><strong>κατασιγασθέντος</strong></span> 
     </span>
    </p>
   </div>
   <div class='ocr_carea' id='block_1_70' title="bbox 195 3548 1814 3630">
    <p class='ocr_par' dir='ltr' id='par_1_70' title="bbox 195 3548 1814 3630">
     <span class='ocr_line' id='line_1_70' title="bbox 195 3548 1814 3630; baseline 0.005 -29"><span class='ocrx_word' id='word_1_508' title='bbox 195 3548 486 3613; x_wconf 75' lang='grc' dir='ltr'><strong>δεσποίνης</strong></span> <span class='ocrx_word' id='word_1_509' title='bbox 521 3554 666 3614; x_wconf 83' lang='grc' dir='ltr'><strong>τινός</strong></span> <span class='ocrx_word' id='word_1_510' title='bbox 706 3558 965 3626; x_wconf 62' lang='grc' dir='ltr'><strong>σώφρονος</strong></span> <span class='ocrx_word' id='word_1_511' title='bbox 1011 3562 1294 3629; x_wconf 77' lang='grc' dir='ltr'><strong>παρουσίᾳ.</strong></span> <span class='ocrx_word' id='word_1_512' title='bbox 1348 3561 1588 3630; x_wconf 85' lang='grc' dir='ltr'><strong>Πρόσεχε</strong></span> <span class='ocrx_word' id='word_1_513' title='bbox 1645 3563 1814 3610; x_wconf 86' lang='grc' dir='ltr'><strong>τοίνυν</strong></span> 
     </span>
    </p>
   </div>
   <div class='ocr_carea' id='block_1_71' title="bbox 197 3644 1814 3719">
    <p class='ocr_par' dir='ltr' id='par_1_71' title="bbox 197 3644 1814 3719">
     <span class='ocr_line' id='line_1_71' title="bbox 197 3644 1814 3719; baseline 0.004 -27"><span class='ocrx_word' id='word_1_514' title='bbox 197 3651 419 3711; x_wconf 77' lang='grc' dir='ltr'><strong>σεαυτῷ,</strong></span> <span class='ocrx_word' id='word_1_515' title='bbox 485 3645 585 3692; x_wconf 87' lang='grc' dir='ltr'><strong>καὶ</strong></span> <span class='ocrx_word' id='word_1_516' title='bbox 652 3644 830 3712; x_wconf 78' lang='grc' dir='ltr'><strong>γνῶθι,</strong></span> <span class='ocrx_word' id='word_1_517' title='bbox 891 3645 971 3696; x_wconf 86' lang='grc' dir='ltr'><strong>ὅτι</strong></span> <span class='ocrx_word' id='word_1_518' title='bbox 1027 3647 1085 3696; x_wconf 86' lang='grc' dir='ltr'><strong>τό</strong></span> <span class='ocrx_word' id='word_1_519' title='bbox 1144 3648 1232 3718; x_wconf 64' lang='grc' dir='ltr'><strong>μὲν</strong></span> <span class='ocrx_word' id='word_1_520' title='bbox 1300 3645 1503 3719; x_wconf 87' lang='grc' dir='ltr'><strong>λογικόν</strong></span> <span class='ocrx_word' id='word_1_521' title='bbox 1561 3645 1673 3699; x_wconf 78' lang='grc' dir='ltr'><strong>ἐστι</strong></span> <span class='ocrx_word' id='word_1_522' title='bbox 1723 3651 1814 3699; x_wconf 82' lang='grc' dir='ltr'><strong>καὶ</strong></span> 
     </span>
    </p>
   </div>
   <div class='ocr_carea' id='block_1_72' title="bbox 193 3728 1808 3807">
    <p class='ocr_par' dir='ltr' id='par_1_72' title="bbox 193 3728 1808 3807">
     <span class='ocr_line' id='line_1_72' title="bbox 193 3728 1808 3807; baseline 0.006 -27"><span class='ocrx_word' id='word_1_523' title='bbox 193 3733 358 3802; x_wconf 72' lang='grc' dir='ltr'><strong>νοερὸν</strong></span> <span class='ocrx_word' id='word_1_524' title='bbox 412 3737 520 3790; x_wconf 77' lang='grc' dir='ltr'><strong>τῆς</strong></span> <span class='ocrx_word' id='word_1_525' title='bbox 581 3728 791 3800; x_wconf 74' lang='grc' dir='ltr'><strong>ψυχῆς,</strong></span> <span class='ocrx_word' id='word_1_526' title='bbox 836 3735 894 3784; x_wconf 90' lang='grc' dir='ltr'><strong>τό</strong></span> <span class='ocrx_word' id='word_1_527' title='bbox 931 3728 990 3785; x_wconf 67' lang='grc' dir='ltr'><strong>δὲ</strong></span> <span class='ocrx_word' id='word_1_528' title='bbox 1039 3736 1327 3792; x_wconf 87' lang='grc' dir='ltr'><strong>παθητικόν</strong></span> <span class='ocrx_word' id='word_1_529' title='bbox 1369 3753 1424 3788; x_wconf 83' lang='grc' dir='ltr'><strong>τε</strong></span> <span class='ocrx_word' id='word_1_530' title='bbox 1478 3740 1566 3788; x_wconf 81' lang='grc' dir='ltr'><strong>καὶ</strong></span> <span class='ocrx_word' id='word_1_531' title='bbox 1605 3734 1808 3807; x_wconf 54' lang='grc' dir='ltr'><strong>οὒκογον.</strong></span> 
     </span>
    </p>
   </div>
   <div class='ocr_carea' id='block_1_73' title="bbox 198 3822 1809 3898">
    <p class='ocr_par' dir='ltr' id='par_1_73' title="bbox 198 3822 1809 3898">
     <span class='ocr_line' id='line_1_73' title="bbox 198 3822 1809 3898; baseline 0.005 -29"><span class='ocrx_word' id='word_1_532' title='bbox 198 3825 294 3874; x_wconf 68' lang='grc' dir='ltr'><strong>Καὶ</strong></span> <span class='ocrx_word' id='word_1_533' title='bbox 352 3829 429 3890; x_wconf 77' lang='grc' dir='ltr'><strong>τῷ</strong></span> <span class='ocrx_word' id='word_1_534' title='bbox 629 3823 780 3890; x_wconf 73' lang='grc' dir='ltr'><strong>φύσει</strong></span> <span class='ocrx_word' id='word_1_535' title='bbox 829 3826 889 3873; x_wconf 87' lang='grc' dir='ltr'><strong>τὸ</strong></span> <span class='ocrx_word' id='word_1_536' title='bbox 937 3831 1144 3896; x_wconf 86' lang='grc' dir='ltr'><strong>κρατεῖν</strong></span> <span class='ocrx_word' id='word_1_537' title='bbox 1196 3825 1446 3898; x_wconf 71' lang='grc' dir='ltr'><strong>ὑπάρχει,</strong></span> <span class='ocrx_word' id='word_1_538' title='bbox 1501 3832 1611 3887; x_wconf 84' lang='grc' dir='ltr'><strong>τοῖς</strong></span> <span class='ocrx_word' id='word_1_539' title='bbox 1667 3822 1726 3879; x_wconf 65' lang='grc' dir='ltr'><strong>δὲ</strong></span> <span class='ocrx_word' id='word_1_540' title='bbox 1751 3828 1809 3877; x_wconf 89' lang='grc' dir='ltr'><strong>τὸ</strong></span> 
     </span>
    </p>
   </div>
   <div class='ocr_carea' id='block_1_74' title="bbox 195 3907 1808 3980">
    <p class='ocr_par' dir='ltr' id='par_1_74' title="bbox 195 3907 1808 3980">
     <span class='ocr_line' id='line_1_74' title="bbox 195 3907 1808 3980; baseline 0.004 -21"><span class='ocrx_word' id='word_1_541' title='bbox 195 3910 476 3960; x_wconf 71' lang='grc' dir='ltr'><strong>ὑπακούειν</strong></span> <span class='ocrx_word' id='word_1_542' title='bbox 531 3916 608 3978; x_wconf 83' lang='grc' dir='ltr'><strong>τῷ</strong></span> <span class='ocrx_word' id='word_1_543' title='bbox 660 3907 790 3980; x_wconf 79' lang='grc' dir='ltr'><strong>λόγῳ</strong></span> <span class='ocrx_word' id='word_1_544' title='bbox 833 3915 924 3963; x_wconf 78' lang='grc' dir='ltr'><strong>καὶ</strong></span> <span class='ocrx_word' id='word_1_545' title='bbox 967 3915 1396 3968; x_wconf 86' lang='grc' dir='ltr'><strong>καταπείθεσθαι.</strong></span> <span class='ocrx_word' id='word_1_546' title='bbox 1454 3918 1670 3973; x_wconf 80' lang='grc' dir='ltr'><strong>Μήποτε</strong></span> <span class='ocrx_word' id='word_1_547' title='bbox 1721 3911 1808 3967; x_wconf 79' lang='grc' dir='ltr'><strong>οὖν</strong></span> 
     </span>
    </p>
   </div>
   <div class='ocr_carea' id='block_1_75' title="bbox 194 3994 1807 4075">
    <p class='ocr_par' dir='ltr' id='par_1_75' title="bbox 194 3994 1807 4075">
     <span class='ocr_line' id='line_1_75' title="bbox 194 3994 1807 4075; baseline 0.007 -28"><span class='ocrx_word' id='word_1_548' title='bbox 194 3994 348 4069; x_wconf 65' lang='grc' dir='ltr'><strong>ἐάσῃς</strong></span> <span class='ocrx_word' id='word_1_549' title='bbox 407 3994 964 4071; x_wconf 78' lang='grc' dir='ltr'><strong>ἐξανδραποδισθέντα</strong></span> <span class='ocrx_word' id='word_1_550' title='bbox 1008 4005 1093 4054; x_wconf 84' lang='grc' dir='ltr'><strong>τὸν</strong></span> <span class='ocrx_word' id='word_1_551' title='bbox 1148 4010 1264 4054; x_wconf 83' lang='grc' dir='ltr'><strong>νοῦν</strong></span> <span class='ocrx_word' id='word_1_552' title='bbox 1331 3999 1514 4056; x_wconf 78' lang='grc' dir='ltr'><strong>δοῦλον</strong></span> <span class='ocrx_word' id='word_1_553' title='bbox 1568 4007 1807 4075; x_wconf 86' lang='grc' dir='ltr'><strong>γενέσθαι</strong></span> 
     </span>
    </p>
   </div>
   <div class='ocr_carea' id='block_1_76' title="bbox 193 4085 1807 4167">
    <p class='ocr_par' dir='ltr' id='par_1_76' title="bbox 193 4085 1807 4167">
     <span class='ocr_line' id='line_1_76' title="bbox 193 4085 1807 4167; baseline 0.006 -31"><span class='ocrx_word' id='word_1_554' title='bbox 193 4095 286 4139; x_wconf 72' lang='grc' dir='ltr'><strong>τῶν</strong></span> <span class='ocrx_word' id='word_1_555' title='bbox 333 4089 525 4139; x_wconf 79' lang='grc' dir='ltr'><strong>παθῶν</strong></span> <span class='ocrx_word' id='word_1_556' title='bbox 578 4087 722 4157; x_wconf 76' lang='lat' dir='ltr'><strong>(5l)°</strong></span> <span class='ocrx_word' id='word_1_557' title='bbox 772 4085 903 4159; x_wconf 80' lang='grc' dir='ltr'><strong>μηδ’</strong></span> <span class='ocrx_word' id='word_1_558' title='bbox 943 4087 1008 4141; x_wconf 82' lang='grc' dir='ltr'><strong>αὖ</strong></span> <span class='ocrx_word' id='word_1_559' title='bbox 1062 4090 1214 4143; x_wconf 86' lang='grc' dir='ltr'><strong>πάλιν</strong></span> <span class='ocrx_word' id='word_1_560' title='bbox 1247 4089 1528 4167; x_wconf 70' lang='grc' dir='ltr'><strong>ἐπιτρέψης</strong></span> <span class='ocrx_word' id='word_1_561' title='bbox 1569 4101 1679 4154; x_wconf 87' lang='grc' dir='ltr'><strong>τοῖς</strong></span> <span class='ocrx_word' id='word_1_562' title='bbox 1709 4096 1807 4146; x_wconf 86' lang='grc' dir='ltr'><strong>πά-</strong></span> 
     </span>
    </p>
   </div>
   <div class='ocr_carea' id='block_1_77' title="bbox 194 4175 1804 4252">
    <p class='ocr_par' dir='ltr' id='par_1_77' title="bbox 194 4175 1804 4252">
     <span class='ocr_line' id='line_1_77' title="bbox 194 4175 1804 4252; baseline 0.004 -24"><span class='ocrx_word' id='word_1_563' title='bbox 194 4176 300 4228; x_wconf 70' lang='grc' dir='ltr'><strong>ῦεσι</strong></span> <span class='ocrx_word' id='word_1_564' title='bbox 338 4176 803 4238; x_wconf 78' lang='grc' dir='ltr'><strong>κατεξαναστῆναι</strong></span> <span class='ocrx_word' id='word_1_565' title='bbox 860 4175 950 4230; x_wconf 77' lang='grc' dir='ltr'>τοῦ</span> <span class='ocrx_word' id='word_1_566' title='bbox 1015 4179 1186 4252; x_wconf 88' lang='grc' dir='ltr'><strong>λόγου,</strong></span> <span class='ocrx_word' id='word_1_567' title='bbox 1263 4187 1353 4234; x_wconf 87' lang='grc' dir='ltr'><strong>καὶ</strong></span> <span class='ocrx_word' id='word_1_568' title='bbox 1410 4182 1480 4243; x_wconf 80' lang='grc' dir='ltr'><strong>εἰς</strong></span> <span class='ocrx_word' id='word_1_569' title='bbox 1548 4181 1707 4235; x_wconf 79' lang='grc' dir='ltr'><strong>ἑαυτὰ</strong></span> <span class='ocrx_word' id='word_1_570' title='bbox 1744 4187 1804 4235; x_wconf 86' lang='grc' dir='ltr'><strong>τό</strong></span> 
     </span>
    </p>
   </div>
   <div class='ocr_carea' id='block_1_78' title="bbox 194 4264 1803 4347">
    <p class='ocr_par' dir='ltr' id='par_1_78' title="bbox 194 4264 1803 4347">
     <span class='ocr_line' id='line_1_78' title="bbox 194 4264 1803 4347; baseline 0.006 -32"><span class='ocrx_word' id='word_1_571' title='bbox 194 4267 376 4336; x_wconf 75' lang='grc' dir='ltr'><strong>κράτος</strong></span> <span class='ocrx_word' id='word_1_572' title='bbox 413 4274 519 4326; x_wconf 76' lang='grc' dir='ltr'><strong>τῆς</strong></span> <span class='ocrx_word' id='word_1_573' title='bbox 559 4264 749 4336; x_wconf 68' lang='grc' dir='ltr'><strong>ψυχῆς</strong></span> <span class='ocrx_word' id='word_1_574' title='bbox 781 4277 1118 4340; x_wconf 83' lang='grc' dir='ltr'><strong>περιστῆσαι.</strong></span> <span class='ocrx_word' id='word_1_575' title='bbox 1178 4269 1344 4332; x_wconf 81' lang='grc' dir='ltr'><strong>Ὄλως</strong></span> <span class='ocrx_word' id='word_1_576' title='bbox 1396 4267 1458 4324; x_wconf 72' lang='grc' dir='ltr'><strong>δέ</strong></span> <span class='ocrx_word' id='word_1_577' title='bbox 1487 4291 1572 4324; x_wconf 86' lang='grc' dir='ltr'><strong>σοι</strong></span> <span class='ocrx_word' id='word_1_578' title='bbox 1601 4274 1630 4330; x_wconf 87' lang='grc' dir='ltr'>ἡ</span> <span class='ocrx_word' id='word_1_579' title='bbox 1657 4270 1803 4347; x_wconf 86' lang='grc' dir='ltr'><strong>ἀκρι-</strong></span> 
     </span>
    </p>
   </div>
   <div class='ocr_carea' id='block_1_79' title="bbox 196 4352 1871 4446">
    <p class='ocr_par' dir='ltr' id='par_1_79' title="bbox 196 4352 1871 4446">
     <span class='ocr_line' id='line_1_79' title="bbox 196 4352 1871 4446; baseline 0.007 -43"><span class='ocrx_word' id='word_1_580' title='bbox 196 4352 284 4414; x_wconf 67' lang='grc' dir='ltr'><strong>ϐής</strong></span> <span class='ocrx_word' id='word_1_581' title='bbox 337 4361 573 4406; x_wconf 84' lang='grc' dir='ltr'><strong>σεαυτοῦ</strong></span> <span class='ocrx_word' id='word_1_582' title='bbox 628 4360 943 4419; x_wconf 84' lang='grc' dir='ltr'><strong>κατανόησις</strong></span> <span class='ocrx_word' id='word_1_583' title='bbox 998 4361 1233 4433; x_wconf 76' lang='grc' dir='ltr'><strong>αὐτάρκη</strong></span> <span class='ocrx_word' id='word_1_584' title='bbox 1285 4358 1494 4435; x_wconf 78' lang='grc' dir='ltr'><strong>παρέξει</strong></span> <span class='ocrx_word' id='word_1_585' title='bbox 1541 4380 1800 4435; x_wconf 85' lang='grc' dir='ltr'><strong>χειραγω-</strong></span> <span class='ocrx_word' id='word_1_586' title='bbox 1827 4392 1871 4446; x_wconf 82' lang='lat' dir='ltr'><strong>D</strong></span> 
     </span>
    </p>
   </div>
   <div class='ocr_carea' id='block_1_80' title="bbox 195 4447 1799 4526">
    <p class='ocr_par' dir='ltr' id='par_1_80' title="bbox 195 4447 1799 4526">
     <span class='ocr_line' id='line_1_80' title="bbox 195 4447 1799 4526; baseline 0.006 -33"><span class='ocrx_word' id='word_1_587' title='bbox 195 4449 306 4512; x_wconf 65' lang='grc' dir='ltr'><strong>7ου</strong></span> <span class='ocrx_word' id='word_1_588' title='bbox 350 4447 605 4515; x_wconf 75' lang='grc' dir='ltr'><strong>καὶπρὸς</strong></span> <span class='ocrx_word' id='word_1_589' title='bbox 633 4448 730 4501; x_wconf 74' lang='grc' dir='ltr'><strong>τὴν</strong></span> <span class='ocrx_word' id='word_1_590' title='bbox 758 4448 948 4498; x_wconf 80' lang='grc' dir='ltr'><strong>ἔννοιαν</strong></span> <span class='ocrx_word' id='word_1_591' title='bbox 978 4455 1071 4499; x_wconf 76' lang='grc' dir='ltr'><strong>τοῦ</strong></span> <span class='ocrx_word' id='word_1_592' title='bbox 1129 4453 1278 4502; x_wconf 80' lang='grc' dir='ltr'><strong>Θεοῦ.</strong></span> <span class='ocrx_word' id='word_1_593' title='bbox 1313 4450 1430 4501; x_wconf 84' lang='grc' dir='ltr'><strong>Ε’ὰν</strong></span> <span class='ocrx_word' id='word_1_594' title='bbox 1481 4452 1582 4523; x_wconf 84' lang='grc' dir='ltr'><strong>γὰρ</strong></span> <span class='ocrx_word' id='word_1_595' title='bbox 1639 4471 1799 4526; x_wconf 88' lang='grc' dir='ltr'><strong>προσ-</strong></span> 
     </span>
    </p>
   </div>
   <div class='ocr_carea' id='block_1_81' title="bbox 200 4528 1799 4609">
    <p class='ocr_par' dir='ltr' id='par_1_81' title="bbox 200 4528 1799 4609">
     <span class='ocr_line' id='line_1_81' title="bbox 200 4528 1799 4609; baseline 0.008 -27"><span class='ocrx_word' id='word_1_596' title='bbox 200 4534 319 4602; x_wconf 58' lang='grc' dir='ltr'><strong>έχῃς</strong></span> <span class='ocrx_word' id='word_1_597' title='bbox 378 4528 616 4602; x_wconf 66' lang='grc' dir='ltr'><strong>σεαυτῷ,</strong></span> <span class='ocrx_word' id='word_1_598' title='bbox 666 4529 816 4586; x_wconf 65' lang='grc' dir='ltr'><strong>οὐδὲν</strong></span> <span class='ocrx_word' id='word_1_599' title='bbox 876 4531 1040 4609; x_wconf 73' lang='grc' dir='ltr'><strong>δεήσῃ</strong></span> <span class='ocrx_word' id='word_1_600' title='bbox 1102 4536 1157 4589; x_wconf 81' lang='grc' dir='ltr'><strong>ἐκ</strong></span> <span class='ocrx_word' id='word_1_601' title='bbox 1205 4547 1300 4600; x_wconf 81' lang='grc' dir='ltr'><strong>τῆς</strong></span> <span class='ocrx_word' id='word_1_602' title='bbox 1343 4547 1443 4590; x_wconf 83' lang='grc' dir='ltr'><strong>τῶν</strong></span> <span class='ocrx_word' id='word_1_603' title='bbox 1485 4538 1611 4592; x_wconf 85' lang='grc' dir='ltr'><strong>ὅλων</strong></span> <span class='ocrx_word' id='word_1_604' title='bbox 1642 4560 1799 4594; x_wconf 88' lang='grc' dir='ltr'><strong>κατα-</strong></span> 
     </span>
    </p>
   </div>
   <div class='ocr_carea' id='block_1_82' title="bbox 197 4625 1795 4701">
    <p class='ocr_par' dir='ltr' id='par_1_82' title="bbox 197 4625 1795 4701">
     <span class='ocr_line' id='line_1_82' title="bbox 197 4625 1795 4701; baseline 0.006 -29"><span class='ocrx_word' id='word_1_605' title='bbox 197 4628 378 4683; x_wconf 70' lang='grc' dir='ltr'><strong>σκευῆς</strong></span> <span class='ocrx_word' id='word_1_606' title='bbox 427 4625 521 4673; x_wconf 81' lang='grc' dir='ltr'><strong>τόν</strong></span> <span class='ocrx_word' id='word_1_607' title='bbox 572 4627 897 4697; x_wconf 79' lang='grc' dir='ltr'><strong>Δημιουργὸν</strong></span> <span class='ocrx_word' id='word_1_608' title='bbox 944 4625 1245 4698; x_wconf 81' lang='grc' dir='ltr'><strong>ἐξιχνεύειν,</strong></span> <span class='ocrx_word' id='word_1_609' title='bbox 1308 4626 1415 4679; x_wconf 80' lang='grc' dir='ltr'><strong>ἀλλ’</strong></span> <span class='ocrx_word' id='word_1_610' title='bbox 1471 4627 1519 4680; x_wconf 79' lang='grc' dir='ltr'><strong>ἐν</strong></span> <span class='ocrx_word' id='word_1_611' title='bbox 1575 4639 1795 4701; x_wconf 80' lang='grc' dir='ltr'><strong>σεαυτῷ,</strong></span> 
     </span>
    </p>
   </div>
   <div class='ocr_carea' id='block_1_83' title="bbox 259 4774 690 4837">
    <p class='ocr_par' dir='ltr' id='par_1_83' title="bbox 259 4774 690 4837">
     <span class='ocr_line' id='line_1_83' title="bbox 259 4774 690 4837; baseline -0.002 -9"><span class='ocrx_word' id='word_1_612' title='bbox 259 4774 280 4807; x_wconf 80' lang='grc'><strong>⁵</strong></span> <span class='ocrx_word' id='word_1_613' title='bbox 312 4774 500 4829; x_wconf 81' lang='lat' dir='ltr'><strong>Joan.</strong></span> <span class='ocrx_word' id='word_1_614' title='bbox 521 4787 563 4837; x_wconf 80' lang='grc' dir='ltr'><strong>ι,</strong></span> <span class='ocrx_word' id='word_1_615' title='bbox 607 4775 690 4828; x_wconf 76' lang='grc'><strong>14.</strong></span> 
     </span>
    </p>
   </div>
   <div class='ocr_carea' id='block_1_84' title="bbox 203 4842 1050 4915">
    <p class='ocr_par' dir='ltr' id='par_1_84' title="bbox 203 4842 1050 4915">
     <span class='ocr_line' id='line_1_84' title="bbox 203 4842 1050 4915; baseline 0.004 -16"><span class='ocrx_word' id='word_1_616' title='bbox 203 4858 322 4915; x_wconf 78' lang='lat' dir='ltr'><strong>xxv,</strong></span> <span class='ocrx_word' id='word_1_617' title='bbox 359 4848 461 4901; x_wconf 64' lang='grc'><strong>34.</strong></span> <span class='ocrx_word' id='word_1_618' title='bbox 546 4844 594 4878; x_wconf 74' lang='grc'><strong>³⁸</strong></span> <span class='ocrx_word' id='word_1_619' title='bbox 637 4842 684 4898; x_wconf 86' lang='lat' dir='ltr'><strong>ll</strong></span> <span class='ocrx_word' id='word_1_620' title='bbox 711 4843 856 4901; x_wconf 88' lang='lat' dir='ltr'><strong>Tim.</strong></span> <span class='ocrx_word' id='word_1_621' title='bbox 889 4861 969 4913; x_wconf 75' lang='grc' dir='ltr'><strong>ιν,</strong></span> <span class='ocrx_word' id='word_1_622' title='bbox 998 4849 1050 4902; x_wconf 94' lang='lat'><strong>8.</strong></span> 
     </span>
    </p>
   </div>
   <div class='ocr_carea' id='block_1_85' title="bbox 254 4991 1788 5073">
    <p class='ocr_par' dir='ltr' id='par_1_85' title="bbox 254 4991 1788 5073">
     <span class='ocr_line' id='line_1_85' title="bbox 254 4991 1788 5073; baseline 0.003 -22"><span class='ocrx_word' id='word_1_623' title='bbox 254 4997 479 5073; x_wconf 53' lang='grc' dir='ltr'><strong>(ξιξ-46)</strong></span> <span class='ocrx_word' id='word_1_624' title='bbox 510 4991 715 5073; x_wconf 73' lang='lat' dir='ltr'><strong>Codex</strong></span> <span class='ocrx_word' id='word_1_625' title='bbox 735 4994 988 5073; x_wconf 73' lang='lat' dir='ltr'><strong>quidam</strong></span> <span class='ocrx_word' id='word_1_626' title='bbox 1008 4997 1278 5073; x_wconf 83' lang='lat' dir='ltr'><strong>Combef.</strong></span> <span class='ocrx_word' id='word_1_627' title='bbox 1316 4997 1547 5073; x_wconf 69' lang='grc' dir='ltr'><strong>ᾇπέρων</strong></span> <span class='ocrx_word' id='word_1_628' title='bbox 1588 5000 1788 5073; x_wconf 77' lang='grc' dir='ltr'><strong>τάξεσι,</strong></span> 
     </span>
    </p>
   </div>
   <div class='ocr_carea' id='block_1_86' title="bbox 198 5065 1792 5141">
    <p class='ocr_par' dir='ltr' id='par_1_86' title="bbox 198 5065 1792 5141">
     <span class='ocr_line' id='line_1_86' title="bbox 198 5065 1792 5141; baseline 0.003 -21"><span class='ocrx_word' id='word_1_629' title='bbox 198 5069 519 5141; x_wconf 58' lang='lat' dir='ltr'><strong>stellarum</strong></span> <span class='ocrx_word' id='word_1_630' title='bbox 542 5065 876 5141; x_wconf 60' lang='lat' dir='ltr'><strong>ordinibus.</strong></span> <span class='ocrx_word' id='word_1_631' title='bbox 902 5068 1043 5141; x_wconf 69' lang='lat' dir='ltr'><strong>Mox</strong></span> <span class='ocrx_word' id='word_1_632' title='bbox 1067 5069 1292 5141; x_wconf 85' lang='lat' dir='ltr'><strong>editiet</strong></span> <span class='ocrx_word' id='word_1_633' title='bbox 1314 5065 1453 5141; x_wconf 57' lang='lat' dir='ltr'><strong>Regi</strong></span> <span class='ocrx_word' id='word_1_634' title='bbox 1477 5071 1686 5128; x_wconf 88' lang='lat' dir='ltr'><strong>tertius</strong></span> <span class='ocrx_word' id='word_1_635' title='bbox 1705 5065 1792 5125; x_wconf 63' lang='grc' dir='ltr'><strong>πιέ</strong></span> 
     </span>
    </p>
   </div>
   <div class='ocr_carea' id='block_1_87' title="bbox 195 5137 1792 5206">
    <p class='ocr_par' dir='ltr' id='par_1_87' title="bbox 195 5137 1792 5206">
     <span class='ocr_line' id='line_1_87' title="bbox 195 5137 1792 5206; baseline 0.006 -17"><span class='ocrx_word' id='word_1_636' title='bbox 195 5138 520 5206; x_wconf 70' lang='grc' dir='ltr'><strong>ριστίλϐοντά</strong></span> <span class='ocrx_word' id='word_1_637' title='bbox 571 5155 648 5192; x_wconf 89' lang='grc' dir='ltr'><strong>σε.</strong></span> <span class='ocrx_word' id='word_1_638' title='bbox 699 5137 814 5194; x_wconf 89' lang='lat' dir='ltr'><strong>Sed</strong></span> <span class='ocrx_word' id='word_1_639' title='bbox 847 5139 909 5194; x_wconf 91' lang='lat' dir='ltr'><strong>in</strong></span> <span class='ocrx_word' id='word_1_640' title='bbox 958 5139 1147 5196; x_wconf 88' lang='lat' dir='ltr'><strong>tribus</strong></span> <span class='ocrx_word' id='word_1_641' title='bbox 1178 5140 1309 5196; x_wconf 91' lang='lat' dir='ltr'><strong>aliis</strong></span> <span class='ocrx_word' id='word_1_642' title='bbox 1328 5137 1474 5197; x_wconf 75' lang='lat' dir='ltr'><strong>mss.</strong></span> <span class='ocrx_word' id='word_1_643' title='bbox 1499 5143 1714 5200; x_wconf 84' lang='lat' dir='ltr'><strong>vocula</strong></span> <span class='ocrx_word' id='word_1_644' title='bbox 1733 5163 1792 5198; x_wconf 89' lang='grc' dir='ltr'><strong>σε</strong></span> 
     </span>
    </p>
   </div>
   <div class='ocr_carea' id='block_1_88' title="bbox 197 5208 1790 5288">
    <p class='ocr_par' dir='ltr' id='par_1_88' title="bbox 197 5208 1790 5288">
     <span class='ocr_line' id='line_1_88' title="bbox 197 5208 1790 5288; baseline 0.005 -25"><span class='ocrx_word' id='word_1_645' title='bbox 197 5222 296 5288; x_wconf 72' lang='lat' dir='ltr'><strong>non</strong></span> <span class='ocrx_word' id='word_1_646' title='bbox 326 5208 580 5288; x_wconf 77' lang='lat' dir='ltr'><strong>legitur,</strong></span> <span class='ocrx_word' id='word_1_647' title='bbox 629 5211 744 5288; x_wconf 57' lang='lat' dir='ltr'><strong>Nec</strong></span> <span class='ocrx_word' id='word_1_648' title='bbox 787 5209 871 5266; x_wconf 90' lang='lat' dir='ltr'><strong>ita</strong></span> <span class='ocrx_word' id='word_1_649' title='bbox 914 5211 1102 5268; x_wconf 90' lang='lat' dir='ltr'><strong>multo</strong></span> <span class='ocrx_word' id='word_1_650' title='bbox 1152 5211 1310 5269; x_wconf 80' lang='lat' dir='ltr'><strong>infra</strong></span> <span class='ocrx_word' id='word_1_651' title='bbox 1349 5212 1516 5270; x_wconf 88' lang='lat' dir='ltr'><strong>Colb.</strong></span> <span class='ocrx_word' id='word_1_652' title='bbox 1559 5215 1790 5288; x_wconf 89' lang='lat' dir='ltr'><strong>primus</strong></span> 
     </span>
    </p>
   </div>
   <div class='ocr_carea' id='block_1_89' title="bbox 195 5279 720 5338">
    <p class='ocr_par' dir='ltr' id='par_1_89' title="bbox 195 5279 720 5338">
     <span class='ocr_line' id='line_1_89' title="bbox 195 5279 720 5338; baseline 0.004 -10"><span class='ocrx_word' id='word_1_653' title='bbox 195 5279 471 5333; x_wconf 70' lang='grc' dir='ltr'><strong>τὼιοῦντά</strong></span> <span class='ocrx_word' id='word_1_654' title='bbox 495 5299 586 5332; x_wconf 87' lang='grc' dir='ltr'><strong>σοι</strong></span> <span class='ocrx_word' id='word_1_655' title='bbox 605 5284 720 5338; x_wconf 78' lang='grc' dir='ltr'><strong>τήν.</strong></span> 
     </span>
    </p>
   </div>
   <div class='ocr_carea' id='block_1_90' title="bbox 246 5351 1312 5420">
    <p class='ocr_par' dir='ltr' id='par_1_90' title="bbox 246 5351 1312 5420">
     <span class='ocr_line' id='line_1_90' title="bbox 246 5351 1312 5420; baseline 0.003 -12"><span class='ocrx_word' id='word_1_656' title='bbox 246 5353 358 5420; x_wconf 65' lang='grc'><strong>(47)</strong></span> <span class='ocrx_word' id='word_1_657' title='bbox 385 5353 630 5416; x_wconf 75' lang='lat' dir='ltr'><strong>Veteres</strong></span> <span class='ocrx_word' id='word_1_658' title='bbox 661 5351 786 5407; x_wconf 91' lang='lat' dir='ltr'><strong>duo</strong></span> <span class='ocrx_word' id='word_1_659' title='bbox 814 5351 954 5408; x_wconf 88' lang='lat' dir='ltr'><strong>libri</strong></span> <span class='ocrx_word' id='word_1_660' title='bbox 984 5355 1058 5407; x_wconf 80' lang='grc' dir='ltr'><strong>ἔτι</strong></span> <span class='ocrx_word' id='word_1_661' title='bbox 1079 5354 1312 5411; x_wconf 86' lang='grc' dir='ltr'><strong>πλείονα.</strong></span> 
     </span>
    </p>
   </div>
   <div class='ocr_carea' id='block_1_91' title="bbox 248 5423 1784 5504">
    <p class='ocr_par' dir='ltr' id='par_1_91' title="bbox 248 5423 1784 5504">
     <span class='ocr_line' id='line_1_91' title="bbox 248 5423 1784 5504; baseline 0.004 -26"><span class='ocrx_word' id='word_1_662' title='bbox 248 5425 352 5504; x_wconf 57' lang='grc' dir='ltr'><strong>με)</strong></span> <span class='ocrx_word' id='word_1_663' title='bbox 379 5423 537 5480; x_wconf 75' lang='lat' dir='ltr'><strong>Editi</strong></span> <span class='ocrx_word' id='word_1_664' title='bbox 569 5427 627 5478; x_wconf 93' lang='lat' dir='ltr'><strong>et</strong></span> <span class='ocrx_word' id='word_1_665' title='bbox 652 5425 796 5504; x_wconf 67' lang='lat' dir='ltr'><strong>Reg.</strong></span> <span class='ocrx_word' id='word_1_666' title='bbox 829 5423 1036 5504; x_wconf 83' lang='lat' dir='ltr'><strong>tertius</strong></span> <span class='ocrx_word' id='word_1_667' title='bbox 1067 5425 1209 5504; x_wconf 46' lang='lat' dir='ltr'><strong>spy?)</strong></span> <span class='ocrx_word' id='word_1_668' title='bbox 1264 5447 1359 5480; x_wconf 88' lang='grc' dir='ltr'><strong>σου</strong></span> <span class='ocrx_word' id='word_1_669' title='bbox 1408 5429 1784 5490; x_wconf 83' lang='grc' dir='ltr'><strong>κατεκράτησε.</strong></span> 
     </span>
    </p>
   </div>
   <div class='ocr_carea' id='block_1_92' title="bbox 197 5492 1146 5557">
    <p class='ocr_par' dir='ltr' id='par_1_92' title="bbox 197 5492 1146 5557">
     <span class='ocr_line' id='line_1_92' title="bbox 197 5492 1146 5557; baseline 0.003 -5"><span class='ocrx_word' id='word_1_670' title='bbox 197 5492 286 5552; x_wconf 68' lang='lat' dir='ltr'><strong>Alii</strong></span> <span class='ocrx_word' id='word_1_671' title='bbox 312 5492 435 5553; x_wconf 72' lang='lat' dir='ltr'><strong>tres</strong></span> <span class='ocrx_word' id='word_1_672' title='bbox 459 5511 620 5554; x_wconf 88' lang='lat' dir='ltr'><strong>mss.</strong></span> <span class='ocrx_word' id='word_1_673' title='bbox 664 5492 818 5552; x_wconf 80' lang='lat' dir='ltr'><strong>utin</strong></span> <span class='ocrx_word' id='word_1_674' title='bbox 841 5492 1146 5557; x_wconf 79' lang='lat' dir='ltr'><strong>contextu.</strong></span> 
     </span>
    </p>
   </div>
   <div class='ocr_carea' id='block_1_93' title="bbox 766 4773 1876 4848">
    <p class='ocr_par' dir='ltr' id='par_1_93' title="bbox 766 4773 1876 4848">
     <span class='ocr_line' id='line_1_93' title="bbox 766 4773 1876 4848; baseline 0.007 -19"><span class='ocrx_word' id='word_1_675' title='bbox 766 4773 788 4848; x_wconf 55' lang='grc' dir='ltr'><strong><em>Ξ</em></strong></span> <span class='ocrx_word' id='word_1_676' title='bbox 822 4773 994 4830; x_wconf 83' lang='lat' dir='ltr'><strong>Hebr.</strong></span> <span class='ocrx_word' id='word_1_677' title='bbox 1025 4791 1082 4848; x_wconf 79' lang='grc' dir='ltr'><strong>ιι,</strong></span> <span class='ocrx_word' id='word_1_678' title='bbox 1118 4776 1172 4833; x_wconf 79' lang='grc'><strong>4.</strong></span> <span class='ocrx_word' id='word_1_679' title='bbox 1247 4777 1267 4811; x_wconf 78' lang='grc' dir='ltr'><strong><em>τ</em></strong></span> <span class='ocrx_word' id='word_1_680' title='bbox 1312 4780 1331 4832; x_wconf 92' lang='lat' dir='ltr'><strong>l</strong></span> <span class='ocrx_word' id='word_1_681' title='bbox 1363 4779 1494 4834; x_wconf 90' lang='lat' dir='ltr'><strong>Cor.</strong></span> <span class='ocrx_word' id='word_1_682' title='bbox 1526 4795 1626 4847; x_wconf 87' lang='lat' dir='ltr'><strong>xv,</strong></span> <span class='ocrx_word' id='word_1_683' title='bbox 1667 4779 1760 4846; x_wconf 88' lang='lat'><strong>26,</strong></span> <span class='ocrx_word' id='word_1_684' title='bbox 1788 4785 1876 4837; x_wconf 87' lang='lat'><strong>55.</strong></span> 
     </span>
    </p>
   </div>
   <div class='ocr_carea' id='block_1_94' title="bbox 1132 4849 2340 4922">
    <p class='ocr_par' dir='ltr' id='par_1_94' title="bbox 1132 4849 2340 4922">
     <span class='ocr_line' id='line_1_94' title="bbox 1132 4849 2340 4922; baseline 0.005 -21"><span class='ocrx_word' id='word_1_685' title='bbox 1132 4849 1176 4883; x_wconf 74' lang='grc' dir='ltr'>η</span> <span class='ocrx_word' id='word_1_686' title='bbox 1209 4851 1320 4904; x_wconf 88' lang='lat' dir='ltr'><strong>lsa.</strong></span> <span class='ocrx_word' id='word_1_687' title='bbox 1355 4865 1511 4920; x_wconf 79' lang='lat' dir='ltr'><strong>uv1,</strong></span> <span class='ocrx_word' id='word_1_688' title='bbox 1538 4853 1608 4905; x_wconf 80' lang='grc'><strong>24</strong></span> <span class='ocrx_word' id='word_1_689' title='bbox 1634 4868 1647 4919; x_wconf 90' lang='lat'><strong>;</strong></span> <span class='ocrx_word' id='word_1_690' title='bbox 1676 4852 1851 4908; x_wconf 84' lang='lat' dir='ltr'><strong>Marc.</strong></span> <span class='ocrx_word' id='word_1_691' title='bbox 1894 4868 1968 4920; x_wconf 83' lang='lat' dir='ltr'><strong>ix,</strong></span> <span class='ocrx_word' id='word_1_692' title='bbox 2000 4855 2091 4916; x_wconf 71' lang='grc'><strong>43,</strong></span> <span class='ocrx_word' id='word_1_693' title='bbox 2130 4855 2222 4922; x_wconf 81' lang='grc'><strong>45,</strong></span> <span class='ocrx_word' id='word_1_694' title='bbox 2252 4855 2340 4907; x_wconf 76' lang='grc'><strong>47.</strong></span> 
     </span>
    </p>
   </div>
   <div class='ocr_carea' id='block_1_95' title="bbox 1926 3106 3582 3178">
    <p class='ocr_par' dir='ltr' id='par_1_95' title="bbox 1926 3106 3582 3178">
     <span class='ocr_line' id='line_1_95' title="bbox 1926 3106 3582 3178; baseline 0 -15"><span class='ocrx_word' id='word_1_695' title='bbox 1926 3112 2130 3163; x_wconf 86' lang='lat' dir='ltr'><strong>nostra</strong></span> <span class='ocrx_word' id='word_1_696' title='bbox 2154 3106 2504 3173; x_wconf 89' lang='lat' dir='ltr'><strong>innascitur,</strong></span> <span class='ocrx_word' id='word_1_697' title='bbox 2537 3121 2804 3162; x_wconf 90' lang='lat' dir='ltr'><strong>vermem</strong></span> <span class='ocrx_word' id='word_1_698' title='bbox 2834 3108 2878 3141; x_wconf 83' lang='grc'><strong>¹²</strong></span> <span class='ocrx_word' id='word_1_699' title='bbox 2923 3111 3291 3161; x_wconf 87' lang='lat' dir='ltr'><strong>venenatum</strong></span> <span class='ocrx_word' id='word_1_700' title='bbox 3319 3107 3420 3178; x_wconf 91' lang='lat' dir='ltr'><strong>qui</strong></span> <span class='ocrx_word' id='word_1_701' title='bbox 3467 3122 3582 3163; x_wconf 89' lang='lat' dir='ltr'><strong>nos</strong></span> 
     </span>
    </p>
   </div>
   <div class='ocr_carea' id='block_1_96' title="bbox 1925 3195 3588 3270">
    <p class='ocr_par' dir='ltr' id='par_1_96' title="bbox 1925 3195 3588 3270">
     <span class='ocr_line' id='line_1_96' title="bbox 1925 3195 3588 3270; baseline -0.001 -16"><span class='ocrx_word' id='word_1_702' title='bbox 1925 3202 2216 3270; x_wconf 90' lang='lat' dir='ltr'><strong>perpetuo</strong></span> <span class='ocrx_word' id='word_1_703' title='bbox 2246 3196 2306 3253; x_wconf 91' lang='lat' dir='ltr'><strong>in</strong></span> <span class='ocrx_word' id='word_1_704' title='bbox 2330 3197 2606 3266; x_wconf 88' lang='lat' dir='ltr'><strong>gehenna</strong></span> <span class='ocrx_word' id='word_1_705' title='bbox 2625 3196 2948 3269; x_wconf 89' lang='lat' dir='ltr'><strong>puniturus</strong></span> <span class='ocrx_word' id='word_1_706' title='bbox 2983 3196 3076 3264; x_wconf 89' lang='lat' dir='ltr'><strong>sit,</strong></span> <span class='ocrx_word' id='word_1_707' title='bbox 3101 3195 3329 3266; x_wconf 86' lang='lat' dir='ltr'><strong>gignat,</strong></span> <span class='ocrx_word' id='word_1_708' title='bbox 3361 3195 3588 3268; x_wconf 82' lang='lat' dir='ltr'><strong>ﬁatque</strong></span> 
     </span>
    </p>
   </div>
   <div class='ocr_carea' id='block_1_97' title="bbox 1925 3283 3587 3359">
    <p class='ocr_par' dir='ltr' id='par_1_97' title="bbox 1925 3283 3587 3359">
     <span class='ocr_line' id='line_1_97' title="bbox 1925 3283 3587 3359; baseline 0 -17"><span class='ocrx_word' id='word_1_709' title='bbox 1925 3287 2121 3342; x_wconf 89' lang='lat' dir='ltr'><strong>carnis</strong></span> <span class='ocrx_word' id='word_1_710' title='bbox 2137 3286 2337 3352; x_wconf 88' lang='lat' dir='ltr'><strong>ardor,</strong></span> <span class='ocrx_word' id='word_1_711' title='bbox 2369 3286 2526 3356; x_wconf 87' lang='lat' dir='ltr'><strong>ignis</strong></span> <span class='ocrx_word' id='word_1_712' title='bbox 2565 3285 2771 3341; x_wconf 74' lang='lat' dir='ltr'><strong>aeterni</strong></span> <span class='ocrx_word' id='word_1_713' title='bbox 2793 3286 2838 3321; x_wconf 83' lang='grc'>¹³</span> <span class='ocrx_word' id='word_1_714' title='bbox 2879 3300 3120 3359; x_wconf 90' lang='lat' dir='ltr'><strong>parens,</strong></span> <span class='ocrx_word' id='word_1_715' title='bbox 3144 3284 3347 3341; x_wconf 86' lang='lat' dir='ltr'><strong>statim</strong></span> <span class='ocrx_word' id='word_1_716' title='bbox 3365 3283 3587 3355; x_wconf 66' lang='lat' dir='ltr'><strong>fugatae</strong></span> 
     </span>
    </p>
   </div>
   <div class='ocr_carea' id='block_1_98' title="bbox 1920 3376 3584 3448">
    <p class='ocr_par' dir='ltr' id='par_1_98' title="bbox 1920 3376 3584 3448">
     <span class='ocr_line' id='line_1_98' title="bbox 1920 3376 3584 3448; baseline -0.001 -15"><span class='ocrx_word' id='word_1_717' title='bbox 1920 3377 2202 3433; x_wconf 90' lang='lat' dir='ltr'><strong>libidines</strong></span> <span class='ocrx_word' id='word_1_718' title='bbox 2250 3380 2627 3446; x_wconf 90' lang='lat' dir='ltr'><strong>evanescent,</strong></span> <span class='ocrx_word' id='word_1_719' title='bbox 2679 3392 2751 3432; x_wconf 94' lang='lat' dir='ltr'><strong>ac</strong></span> <span class='ocrx_word' id='word_1_720' title='bbox 2798 3376 3086 3432; x_wconf 87' lang='lat' dir='ltr'><strong>mirabilis</strong></span> <span class='ocrx_word' id='word_1_721' title='bbox 3113 3376 3403 3448; x_wconf 78' lang='lat' dir='ltr'><strong>quaedam</strong></span> <span class='ocrx_word' id='word_1_722' title='bbox 3424 3381 3584 3433; x_wconf 89' lang='lat' dir='ltr'><strong>tran-</strong></span> 
     </span>
    </p>
   </div>
   <div class='ocr_carea' id='block_1_99' title="bbox 1922 3465 3581 3539">
    <p class='ocr_par' dir='ltr' id='par_1_99' title="bbox 1922 3465 3581 3539">
     <span class='ocr_line' id='line_1_99' title="bbox 1922 3465 3581 3539; baseline 0.001 -18"><span class='ocrx_word' id='word_1_723' title='bbox 1922 3466 2186 3539; x_wconf 90' lang='lat' dir='ltr'><strong>quillitas</strong></span> <span class='ocrx_word' id='word_1_724' title='bbox 2217 3471 2274 3522; x_wconf 89' lang='lat' dir='ltr'><strong>et</strong></span> <span class='ocrx_word' id='word_1_725' title='bbox 2312 3467 2482 3538; x_wconf 90' lang='lat' dir='ltr'><strong>quies</strong></span> <span class='ocrx_word' id='word_1_726' title='bbox 2521 3466 2680 3522; x_wconf 89' lang='lat' dir='ltr'><strong>intus</strong></span> <span class='ocrx_word' id='word_1_727' title='bbox 2730 3465 2791 3520; x_wconf 90' lang='lat' dir='ltr'><strong>in</strong></span> <span class='ocrx_word' id='word_1_728' title='bbox 2825 3465 3032 3521; x_wconf 89' lang='lat' dir='ltr'><strong>animo</strong></span> <span class='ocrx_word' id='word_1_729' title='bbox 3074 3465 3403 3533; x_wconf 85' lang='lat' dir='ltr'><strong>oborietur,</strong></span> <span class='ocrx_word' id='word_1_730' title='bbox 3453 3481 3581 3522; x_wconf 91' lang='lat' dir='ltr'><strong>non</strong></span> 
     </span>
    </p>
   </div>
   <div class='ocr_carea' id='block_1_100' title="bbox 1922 3553 3582 3626">
    <p class='ocr_par' dir='ltr' id='par_1_100' title="bbox 1922 3553 3582 3626">
     <span class='ocr_line' id='line_1_100' title="bbox 1922 3553 3582 3626; baseline -0.001 -14"><span class='ocrx_word' id='word_1_731' title='bbox 1922 3573 2095 3614; x_wconf 89' lang='lat' dir='ltr'><strong>secus</strong></span> <span class='ocrx_word' id='word_1_732' title='bbox 2125 3572 2196 3611; x_wconf 92' lang='lat' dir='ltr'><strong>ac</strong></span> <span class='ocrx_word' id='word_1_733' title='bbox 2226 3556 2275 3610; x_wconf 89' lang='lat' dir='ltr'><strong>si</strong></span> <span class='ocrx_word' id='word_1_734' title='bbox 2303 3556 2463 3611; x_wconf 66' lang='lat' dir='ltr'><strong>herae</strong></span> <span class='ocrx_word' id='word_1_735' title='bbox 2492 3554 2813 3624; x_wconf 87' lang='lat' dir='ltr'><strong>cujusdam</strong></span> <span class='ocrx_word' id='word_1_736' title='bbox 2835 3553 3072 3626; x_wconf 68' lang='lat' dir='ltr'><strong>pudicas</strong></span> <span class='ocrx_word' id='word_1_737' title='bbox 3097 3554 3360 3610; x_wconf 86' lang='lat' dir='ltr'><strong>adventu</strong></span> <span class='ocrx_word' id='word_1_738' title='bbox 3413 3555 3582 3612; x_wconf 83' lang='lat' dir='ltr'><strong>seda-</strong></span> 
     </span>
    </p>
   </div>
   <div class='ocr_carea' id='block_1_101' title="bbox 1918 3642 3581 3702">
    <p class='ocr_par' dir='ltr' id='par_1_101' title="bbox 1918 3642 3581 3702">
     <span class='ocr_line' id='line_1_101' title="bbox 1918 3642 3581 3702; baseline -0.001 0"><span class='ocrx_word' id='word_1_739' title='bbox 1918 3651 2084 3702; x_wconf 86' lang='lat' dir='ltr'><strong>retur</strong></span> <span class='ocrx_word' id='word_1_740' title='bbox 2102 3644 2460 3701; x_wconf 86' lang='lat' dir='ltr'><strong>ancillarum</strong></span> <span class='ocrx_word' id='word_1_741' title='bbox 2487 3643 2928 3698; x_wconf 88' lang='lat' dir='ltr'><strong>lascivientium</strong></span> <span class='ocrx_word' id='word_1_742' title='bbox 2955 3642 3269 3698; x_wconf 89' lang='lat' dir='ltr'><strong>tumultus.</strong></span> <span class='ocrx_word' id='word_1_743' title='bbox 3319 3644 3581 3701; x_wconf 80' lang='lat' dir='ltr'><strong>Attende</strong></span> 
     </span>
    </p>
   </div>
   <div class='ocr_carea' id='block_1_102' title="bbox 1918 3731 3580 3806">
    <p class='ocr_par' dir='ltr' id='par_1_102' title="bbox 1918 3731 3580 3806">
     <span class='ocr_line' id='line_1_102' title="bbox 1918 3731 3580 3806; baseline -0.002 -15"><span class='ocrx_word' id='word_1_744' title='bbox 1918 3735 2097 3806; x_wconf 89' lang='lat' dir='ltr'><strong>igitur</strong></span> <span class='ocrx_word' id='word_1_745' title='bbox 2122 3735 2234 3790; x_wconf 88' lang='lat' dir='ltr'><strong>tibi</strong></span> <span class='ocrx_word' id='word_1_746' title='bbox 2260 3735 2398 3803; x_wconf 82' lang='lat' dir='ltr'><strong>ipsi,</strong></span> <span class='ocrx_word' id='word_1_747' title='bbox 2432 3737 2488 3788; x_wconf 90' lang='lat' dir='ltr'><strong>et</strong></span> <span class='ocrx_word' id='word_1_748' title='bbox 2509 3733 2662 3788; x_wconf 78' lang='lat' dir='ltr'><strong>scito</strong></span> <span class='ocrx_word' id='word_1_749' title='bbox 2687 3732 2940 3787; x_wconf 88' lang='lat' dir='ltr'><strong>alteram</strong></span> <span class='ocrx_word' id='word_1_750' title='bbox 2968 3731 3186 3788; x_wconf 71' lang='lat' dir='ltr'><strong>anima:</strong></span> <span class='ocrx_word' id='word_1_751' title='bbox 3217 3737 3449 3803; x_wconf 88' lang='lat' dir='ltr'><strong>partem</strong></span> <span class='ocrx_word' id='word_1_752' title='bbox 3484 3748 3580 3789; x_wconf 85' lang='lat' dir='ltr'><strong>ra-</strong></span> 
     </span>
    </p>
   </div>
   <div class='ocr_carea' id='block_1_103' title="bbox 1918 3820 3571 3894">
    <p class='ocr_par' dir='ltr' id='par_1_103' title="bbox 1918 3820 3571 3894">
     <span class='ocr_line' id='line_1_103' title="bbox 1918 3820 3571 3894; baseline -0.004 -12"><span class='ocrx_word' id='word_1_753' title='bbox 1918 3823 2246 3882; x_wconf 83' lang='lat' dir='ltr'><strong>tiocinandi</strong></span> <span class='ocrx_word' id='word_1_754' title='bbox 2266 3820 2758 3894; x_wconf 79' lang='lat' dir='ltr'><strong>intelligendique</strong></span> <span class='ocrx_word' id='word_1_755' title='bbox 2773 3820 3057 3877; x_wconf 80' lang='lat' dir='ltr'><strong>facultate</strong></span> <span class='ocrx_word' id='word_1_756' title='bbox 3079 3836 3211 3877; x_wconf 91' lang='lat' dir='ltr'><strong>esse</strong></span> <span class='ocrx_word' id='word_1_757' title='bbox 3231 3820 3571 3893; x_wconf 65' lang='lat' dir='ltr'><strong>praeditam,</strong></span> 
     </span>
    </p>
   </div>
   <div class='ocr_carea' id='block_1_104' title="bbox 1915 3909 3573 3970">
    <p class='ocr_par' dir='ltr' id='par_1_104' title="bbox 1915 3909 3573 3970">
     <span class='ocr_line' id='line_1_104' title="bbox 1915 3909 3573 3970; baseline -0.001 0"><span class='ocrx_word' id='word_1_758' title='bbox 1915 3914 2166 3970; x_wconf 87' lang='lat' dir='ltr'><strong>alteram</strong></span> <span class='ocrx_word' id='word_1_759' title='bbox 2198 3927 2342 3968; x_wconf 89' lang='lat' dir='ltr'><strong>vero</strong></span> <span class='ocrx_word' id='word_1_760' title='bbox 2373 3909 2794 3967; x_wconf 72' lang='lat' dir='ltr'><strong>affectionibus</strong></span> <span class='ocrx_word' id='word_1_761' title='bbox 2820 3909 3150 3966; x_wconf 83' lang='lat' dir='ltr'><strong>obnoxiam</strong></span> <span class='ocrx_word' id='word_1_762' title='bbox 3173 3915 3229 3965; x_wconf 91' lang='lat' dir='ltr'><strong>et</strong></span> <span class='ocrx_word' id='word_1_763' title='bbox 3257 3909 3573 3968; x_wconf 85' lang='lat' dir='ltr'><strong>irrationa-</strong></span> 
     </span>
    </p>
   </div>
   <div class='ocr_carea' id='block_1_105' title="bbox 1913 3994 3567 4074">
    <p class='ocr_par' dir='ltr' id='par_1_105' title="bbox 1913 3994 3567 4074">
     <span class='ocr_line' id='line_1_105' title="bbox 1913 3994 3567 4074; baseline -0.003 -15"><span class='ocrx_word' id='word_1_764' title='bbox 1913 3994 2055 4061; x_wconf 86' lang='lat' dir='ltr'><strong>lem.</strong></span> <span class='ocrx_word' id='word_1_765' title='bbox 2079 4006 2145 4059; x_wconf 87' lang='lat' dir='ltr'><strong>Et</strong></span> <span class='ocrx_word' id='word_1_766' title='bbox 2159 4003 2314 4058; x_wconf 91' lang='lat' dir='ltr'><strong>illius</strong></span> <span class='ocrx_word' id='word_1_767' title='bbox 2331 4000 2580 4074; x_wconf 87' lang='lat' dir='ltr'><strong>quidem</strong></span> <span class='ocrx_word' id='word_1_768' title='bbox 2597 3999 2871 4055; x_wconf 88' lang='lat' dir='ltr'><strong>naturale</strong></span> <span class='ocrx_word' id='word_1_769' title='bbox 2889 4015 3115 4055; x_wconf 89' lang='lat' dir='ltr'><strong>munus</strong></span> <span class='ocrx_word' id='word_1_770' title='bbox 3133 4004 3223 4056; x_wconf 87' lang='lat' dir='ltr'><strong>est</strong></span> <span class='ocrx_word' id='word_1_771' title='bbox 3237 3999 3442 4055; x_wconf 89' lang='lat' dir='ltr'><strong>domin</strong></span> <span class='ocrx_word' id='word_1_772' title='bbox 3451 3999 3536 4055; x_wconf 91' lang='lat' dir='ltr'><strong>ari</strong></span> <span class='ocrx_word' id='word_1_773' title='bbox 3555 4018 3567 4054; x_wconf 90' lang='lat'><strong>:</strong></span> 
     </span>
    </p>
   </div>
   <div class='ocr_carea' id='block_1_106' title="bbox 1912 4087 3569 4164">
    <p class='ocr_par' dir='ltr' id='par_1_106' title="bbox 1912 4087 3569 4164">
     <span class='ocr_line' id='line_1_106' title="bbox 1912 4087 3569 4164; baseline -0.003 -15"><span class='ocrx_word' id='word_1_774' title='bbox 1912 4093 2096 4164; x_wconf 88' lang='lat' dir='ltr'><strong>hujus</strong></span> <span class='ocrx_word' id='word_1_775' title='bbox 2134 4108 2295 4163; x_wconf 87' lang='lat' dir='ltr'><strong>vero,</strong></span> <span class='ocrx_word' id='word_1_776' title='bbox 2337 4089 2586 4146; x_wconf 90' lang='lat' dir='ltr'><strong>obedire</strong></span> <span class='ocrx_word' id='word_1_777' title='bbox 2635 4105 2706 4145; x_wconf 90' lang='lat' dir='ltr'><strong>ac</strong></span> <span class='ocrx_word' id='word_1_778' title='bbox 2753 4089 3172 4162; x_wconf 79' lang='lat' dir='ltr'><strong>obtemperare</strong></span> <span class='ocrx_word' id='word_1_779' title='bbox 3217 4087 3456 4145; x_wconf 90' lang='lat' dir='ltr'><strong>rationi.</strong></span> <span class='ocrx_word' id='word_1_780' title='bbox 3489 4091 3569 4145; x_wconf 89' lang='lat' dir='ltr'><strong>Ne</strong></span> 
     </span>
    </p>
   </div>
   <div class='ocr_carea' id='block_1_107' title="bbox 1911 4178 3561 4255">
    <p class='ocr_par' dir='ltr' id='par_1_107' title="bbox 1911 4178 3561 4255">
     <span class='ocr_line' id='line_1_107' title="bbox 1911 4178 3561 4255; baseline -0.002 -17"><span class='ocrx_word' id='word_1_781' title='bbox 1911 4182 2091 4253; x_wconf 86' lang='lat' dir='ltr'><strong>igitur</strong></span> <span class='ocrx_word' id='word_1_782' title='bbox 2117 4197 2392 4255; x_wconf 90' lang='lat' dir='ltr'><strong>unquam</strong></span> <span class='ocrx_word' id='word_1_783' title='bbox 2415 4180 2580 4236; x_wconf 88' lang='lat' dir='ltr'><strong>sinas</strong></span> <span class='ocrx_word' id='word_1_784' title='bbox 2619 4183 2882 4235; x_wconf 92' lang='lat' dir='ltr'><strong>mentem</strong></span> <span class='ocrx_word' id='word_1_785' title='bbox 2902 4178 2964 4234; x_wconf 90' lang='lat' dir='ltr'><strong>in</strong></span> <span class='ocrx_word' id='word_1_786' title='bbox 3005 4178 3350 4234; x_wconf 88' lang='lat' dir='ltr'><strong>servitutem</strong></span> <span class='ocrx_word' id='word_1_787' title='bbox 3388 4178 3561 4235; x_wconf 83' lang='lat' dir='ltr'><strong>reda-</strong></span> 
     </span>
    </p>
   </div>
   <div class='ocr_carea' id='block_1_108' title="bbox 1911 4267 3566 4340">
    <p class='ocr_par' dir='ltr' id='par_1_108' title="bbox 1911 4267 3566 4340">
     <span class='ocr_line' id='line_1_108' title="bbox 1911 4267 3566 4340; baseline -0.003 -12"><span class='ocrx_word' id='word_1_788' title='bbox 1911 4277 2094 4338; x_wconf 90' lang='lat' dir='ltr'><strong>ctam,</strong></span> <span class='ocrx_word' id='word_1_789' title='bbox 2126 4270 2513 4327; x_wconf 74' lang='lat' dir='ltr'><strong>aifectionum</strong></span> <span class='ocrx_word' id='word_1_790' title='bbox 2542 4269 2898 4325; x_wconf 88' lang='lat' dir='ltr'><strong>vitiosarum</strong></span> <span class='ocrx_word' id='word_1_791' title='bbox 2921 4284 3156 4323; x_wconf 82' lang='lat' dir='ltr'><strong>servam</strong></span> <span class='ocrx_word' id='word_1_792' title='bbox 3175 4267 3305 4324; x_wconf 84' lang='lat' dir='ltr'><strong>ﬁeri</strong></span> <span class='ocrx_word' id='word_1_793' title='bbox 3333 4285 3346 4323; x_wconf 92' lang='lat'><strong>:</strong></span> <span class='ocrx_word' id='word_1_794' title='bbox 3369 4283 3566 4340; x_wconf 91' lang='lat' dir='ltr'><strong>neque</strong></span> 
     </span>
    </p>
   </div>
   <div class='ocr_carea' id='block_1_109' title="bbox 1910 4356 3568 4432">
    <p class='ocr_par' dir='ltr' id='par_1_109' title="bbox 1910 4356 3568 4432">
     <span class='ocr_line' id='line_1_109' title="bbox 1910 4356 3568 4432; baseline -0.002 -15"><span class='ocrx_word' id='word_1_795' title='bbox 1910 4377 2118 4417; x_wconf 90' lang='lat' dir='ltr'><strong>rursus</strong></span> <span class='ocrx_word' id='word_1_796' title='bbox 2138 4360 2446 4432; x_wconf 88' lang='lat' dir='ltr'><strong>permittas</strong></span> <span class='ocrx_word' id='word_1_797' title='bbox 2465 4357 2840 4414; x_wconf 88' lang='lat' dir='ltr'><strong>turbulentos</strong></span> <span class='ocrx_word' id='word_1_798' title='bbox 2865 4356 3115 4413; x_wconf 80' lang='lat' dir='ltr'><strong>affectus</strong></span> <span class='ocrx_word' id='word_1_799' title='bbox 3131 4356 3442 4429; x_wconf 89' lang='lat' dir='ltr'><strong>insurgere</strong></span> <span class='ocrx_word' id='word_1_800' title='bbox 3464 4357 3568 4414; x_wconf 86' lang='lat' dir='ltr'><strong>ad-</strong></span> 
     </span>
    </p>
   </div>
   <div class='ocr_carea' id='block_1_110' title="bbox 1910 4446 3563 4520">
    <p class='ocr_par' dir='ltr' id='par_1_110' title="bbox 1910 4446 3563 4520">
     <span class='ocr_line' id='line_1_110' title="bbox 1910 4446 3563 4520; baseline -0.002 -14"><span class='ocrx_word' id='word_1_801' title='bbox 1910 4466 2119 4506; x_wconf 89' lang='lat' dir='ltr'><strong>versus</strong></span> <span class='ocrx_word' id='word_1_802' title='bbox 2146 4448 2464 4512; x_wconf 86' lang='lat' dir='ltr'><strong>rationem.</strong></span> <span class='ocrx_word' id='word_1_803' title='bbox 2488 4447 2830 4520; x_wconf 72' lang='lat' dir='ltr'><strong>animaeque</strong></span> <span class='ocrx_word' id='word_1_804' title='bbox 2849 4447 3173 4520; x_wconf 90' lang='lat' dir='ltr'><strong>imperium</strong></span> <span class='ocrx_word' id='word_1_805' title='bbox 3192 4446 3256 4503; x_wconf 91' lang='lat' dir='ltr'><strong>in</strong></span> <span class='ocrx_word' id='word_1_806' title='bbox 3281 4463 3344 4503; x_wconf 90' lang='lat' dir='ltr'><strong>se</strong></span> <span class='ocrx_word' id='word_1_807' title='bbox 3368 4451 3563 4504; x_wconf 87' lang='lat' dir='ltr'><strong>trans-</strong></span> 
     </span>
    </p>
   </div>
   <div class='ocr_carea' id='block_1_111' title="bbox 1908 4537 3561 4612">
    <p class='ocr_par' dir='ltr' id='par_1_111' title="bbox 1908 4537 3561 4612">
     <span class='ocr_line' id='line_1_111' title="bbox 1908 4537 3561 4612; baseline -0.002 -14"><span class='ocrx_word' id='word_1_808' title='bbox 1908 4541 2086 4598; x_wconf 81' lang='lat' dir='ltr'><strong>ferre.</strong></span> <span class='ocrx_word' id='word_1_809' title='bbox 2142 4539 2408 4612; x_wconf 89' lang='lat' dir='ltr'><strong>Denique</strong></span> <span class='ocrx_word' id='word_1_810' title='bbox 2454 4538 2710 4608; x_wconf 89' lang='lat' dir='ltr'><strong>diligens</strong></span> <span class='ocrx_word' id='word_1_811' title='bbox 2749 4538 2833 4593; x_wconf 89' lang='lat' dir='ltr'><strong>tui</strong></span> <span class='ocrx_word' id='word_1_812' title='bbox 2887 4537 3078 4611; x_wconf 89' lang='lat' dir='ltr'><strong>ipsius</strong></span> <span class='ocrx_word' id='word_1_813' title='bbox 3135 4537 3561 4611; x_wconf 89' lang='lat' dir='ltr'><strong>contemplatio</strong></span> 
     </span>
    </p>
   </div>
   <div class='ocr_carea' id='block_1_112' title="bbox 1908 4627 3561 4701">
    <p class='ocr_par' dir='ltr' id='par_1_112' title="bbox 1908 4627 3561 4701">
     <span class='ocr_line' id='line_1_112' title="bbox 1908 4627 3561 4701; baseline -0.001 -14"><span class='ocrx_word' id='word_1_814' title='bbox 1908 4631 2050 4688; x_wconf 87' lang='lat' dir='ltr'><strong>satis</strong></span> <span class='ocrx_word' id='word_1_815' title='bbox 2079 4634 2134 4687; x_wconf 90' lang='lat' dir='ltr'><strong>te</strong></span> <span class='ocrx_word' id='word_1_816' title='bbox 2163 4629 2420 4686; x_wconf 87' lang='lat' dir='ltr'><strong>deducet</strong></span> <span class='ocrx_word' id='word_1_817' title='bbox 2438 4627 2500 4684; x_wconf 89' lang='lat' dir='ltr'><strong>in</strong></span> <span class='ocrx_word' id='word_1_818' title='bbox 2529 4628 2631 4686; x_wconf 90' lang='lat' dir='ltr'><strong>Dei</strong></span> <span class='ocrx_word' id='word_1_819' title='bbox 2659 4627 3088 4701; x_wconf 89' lang='lat' dir='ltr'><strong>cognitionem.</strong></span> <span class='ocrx_word' id='word_1_820' title='bbox 3120 4632 3272 4687; x_wconf 87' lang='lat' dir='ltr'><strong>Nam</strong></span> <span class='ocrx_word' id='word_1_821' title='bbox 3291 4628 3342 4685; x_wconf 90' lang='lat' dir='ltr'><strong>si</strong></span> <span class='ocrx_word' id='word_1_822' title='bbox 3369 4633 3561 4686; x_wconf 88' lang='lat' dir='ltr'><strong>atten-</strong></span> 
     </span>
    </p>
   </div>
   <div class='ocr_carea' id='block_1_113' title="bbox 1953 4779 3552 4854">
    <p class='ocr_par' dir='ltr' id='par_1_113' title="bbox 1953 4779 3552 4854">
     <span class='ocr_line' id='line_1_113' title="bbox 1953 4779 3552 4854; baseline 0.001 -18"><span class='ocrx_word' id='word_1_823' title='bbox 1953 4782 1974 4816; x_wconf 80' lang='grc'><strong>⁸</strong></span> <span class='ocrx_word' id='word_1_824' title='bbox 2006 4779 2158 4847; x_wconf 87' lang='lat' dir='ltr'><strong>Ibid,</strong></span> <span class='ocrx_word' id='word_1_825' title='bbox 2212 4784 2295 4846; x_wconf 84' lang='lat' dir='ltr'><strong>l2,</strong></span> <span class='ocrx_word' id='word_1_826' title='bbox 2344 4783 2463 4854; x_wconf 76' lang='lat'><strong>22._</strong></span> <span class='ocrx_word' id='word_1_827' title='bbox 2511 4779 2775 4854; x_wconf 17' lang='lat' dir='ltr'><strong>f’ihtatth.</strong></span> <span class='ocrx_word' id='word_1_828' title='bbox 2816 4795 2932 4847; x_wconf 67' lang='lat' dir='ltr'><strong>xxx,</strong></span> <span class='ocrx_word' id='word_1_829' title='bbox 2981 4785 3064 4854; x_wconf 84' lang='lat' dir='ltr'><strong>l7,</strong></span> <span class='ocrx_word' id='word_1_830' title='bbox 3095 4783 3185 4837; x_wconf 87' lang='lat' dir='ltr'><strong>2t.</strong></span> <span class='ocrx_word' id='word_1_831' title='bbox 3264 4781 3310 4816; x_wconf 87' lang='grc'><strong>¹⁰</strong></span> <span class='ocrx_word' id='word_1_832' title='bbox 3349 4780 3552 4837; x_wconf 79' lang='lat' dir='ltr'><strong>Matth.</strong></span> 
     </span>
    </p>
   </div>
   <div class='ocr_carea' id='block_1_114' title="bbox 2421 4851 2992 4917">
    <p class='ocr_par' dir='ltr' id='par_1_114' title="bbox 2421 4851 2992 4917">
     <span class='ocr_line' id='line_1_114' title="bbox 2421 4851 2992 4917; baseline 0.002 -9"><span class='ocrx_word' id='word_1_833' title='bbox 2421 4852 2468 4886; x_wconf 86' lang='grc'>¹⁸</span> <span class='ocrx_word' id='word_1_834' title='bbox 2506 4851 2703 4908; x_wconf 80' lang='lat' dir='ltr'><strong>Matth.</strong></span> <span class='ocrx_word' id='word_1_835' title='bbox 2734 4867 2872 4917; x_wconf 82' lang='lat' dir='ltr'><strong>xxv,</strong></span> <span class='ocrx_word' id='word_1_836' title='bbox 2901 4855 2992 4910; x_wconf 78' lang='grc'><strong>41.</strong></span> 
     </span>
    </p>
   </div>
   <div class='ocr_carea' id='block_1_115' title="bbox 1973 4961 3549 5075">
    <p class='ocr_par' dir='ltr' id='par_1_115' title="bbox 1973 4961 3549 5075">
     <span class='ocr_line' id='line_1_115' title="bbox 1973 4961 3549 5075; baseline -0.001 -17"><span class='ocrx_word' id='word_1_837' title='bbox 1973 5003 2089 5075; x_wconf 62' lang='grc'><strong>(49)</strong></span> <span class='ocrx_word' id='word_1_838' title='bbox 2124 4961 2294 5075; x_wconf 53' lang='grc' dir='ltr'><strong>ἐολδ.</strong></span> <span class='ocrx_word' id='word_1_839' title='bbox 2329 5002 2907 5075; x_wconf 32' lang='grc' dir='ltr'><strong>ιθινιὶιιε-χείράςῴσον.</strong></span> <span class='ocrx_word' id='word_1_840' title='bbox 2964 5000 3173 5075; x_wconf 81' lang='lat' dir='ltr'><strong>Statim</strong></span> <span class='ocrx_word' id='word_1_841' title='bbox 3221 5015 3366 5057; x_wconf 83' lang='lat' dir='ltr'><strong>mss.</strong></span> <span class='ocrx_word' id='word_1_842' title='bbox 3424 5014 3549 5057; x_wconf 91' lang='lat' dir='ltr'><strong>non</strong></span> 
     </span>
    </p>
   </div>
   <div class='ocr_carea' id='block_1_116' title="bbox 1898 5071 3549 5160">
    <p class='ocr_par' dir='ltr' id='par_1_116' title="bbox 1898 5071 3549 5160">
     <span class='ocr_line' id='line_1_116' title="bbox 1898 5071 3549 5160; baseline -0.004 -30"><span class='ocrx_word' id='word_1_843' title='bbox 1898 5073 2047 5160; x_wconf 78' lang='lat' dir='ltr'><strong>nulli</strong></span> <span class='ocrx_word' id='word_1_844' title='bbox 2071 5073 2427 5148; x_wconf 82' lang='grc' dir='ltr'><strong>παροξύνοντι.</strong></span> <span class='ocrx_word' id='word_1_845' title='bbox 2459 5071 2725 5130; x_wconf 84' lang='lat' dir='ltr'><strong>Subinde</strong></span> <span class='ocrx_word' id='word_1_846' title='bbox 2768 5072 2913 5144; x_wconf 85' lang='lat' dir='ltr'><strong>Reg.</strong></span> <span class='ocrx_word' id='word_1_847' title='bbox 2965 5071 3196 5144; x_wconf 87' lang='lat' dir='ltr'><strong>primus</strong></span> <span class='ocrx_word' id='word_1_848' title='bbox 3228 5076 3549 5130; x_wconf 77' lang='grc' dir='ltr'><strong>καταντήσοι</strong></span> 
     </span>
    </p>
   </div>
   <div class='ocr_carea' id='block_1_117' title="bbox 1899 5164 2079 5219">
    <p class='ocr_par' dir='ltr' id='par_1_117' title="bbox 1899 5164 2079 5219">
     <span class='ocr_line' id='line_1_117' title="bbox 1899 5164 2079 5219; baseline 0.017 -22"><span class='ocrx_word' id='word_1_849' title='bbox 1899 5164 2079 5219; x_wconf 81' lang='grc' dir='ltr'><strong>περας.</strong></span> 
     </span>
    </p>
   </div>
   <div class='ocr_carea' id='block_1_118' title="bbox 1970 5212 3546 5288">
    <p class='ocr_par' dir='ltr' id='par_1_118' title="bbox 1970 5212 3546 5288">
     <span class='ocr_line' id='line_1_118' title="bbox 1970 5212 3546 5288; baseline -0.002 -16"><span class='ocrx_word' id='word_1_850' title='bbox 1970 5212 2089 5288; x_wconf 79' lang='grc'><strong>(40)</strong></span> <span class='ocrx_word' id='word_1_851' title='bbox 2123 5215 2276 5274; x_wconf 89' lang='lat' dir='ltr'><strong>Editi</strong></span> <span class='ocrx_word' id='word_1_852' title='bbox 2323 5214 2596 5271; x_wconf 81' lang='grc' dir='ltr'><strong>ἀθάνατον.</strong></span> <span class='ocrx_word' id='word_1_853' title='bbox 2657 5217 2894 5272; x_wconf 85' lang='lat' dir='ltr'><strong>Veteres</strong></span> <span class='ocrx_word' id='word_1_854' title='bbox 2941 5215 3205 5286; x_wconf 86' lang='lat' dir='ltr'><strong>quatuor</strong></span> <span class='ocrx_word' id='word_1_855' title='bbox 3246 5212 3382 5271; x_wconf 89' lang='lat' dir='ltr'><strong>libri</strong></span> <span class='ocrx_word' id='word_1_856' title='bbox 3420 5213 3546 5269; x_wconf 76' lang='grc' dir='ltr'><strong>ἀθά-</strong></span> 
     </span>
    </p>
   </div>
   <div class='ocr_carea' id='block_1_119' title="bbox 1896 5308 2046 5342">
    <p class='ocr_par' dir='ltr' id='par_1_119' title="bbox 1896 5308 2046 5342">
     <span class='ocr_line' id='line_1_119' title="bbox 1896 5308 2046 5342; baseline 0.02 -3"><span class='ocrx_word' id='word_1_857' title='bbox 1896 5308 2046 5342; x_wconf 87' lang='grc' dir='ltr'><strong>νατα.</strong></span> 
     </span>
    </p>
   </div>
   <div class='ocr_carea' id='block_1_120' title="bbox 1970 5355 3546 5430">
    <p class='ocr_par' dir='ltr' id='par_1_120' title="bbox 1970 5355 3546 5430">
     <span class='ocr_line' id='line_1_120' title="bbox 1970 5355 3546 5430; baseline 0 -14"><span class='ocrx_word' id='word_1_858' title='bbox 1970 5362 2082 5430; x_wconf 74' lang='grc'><strong>(51)</strong></span> <span class='ocrx_word' id='word_1_859' title='bbox 2111 5362 2176 5415; x_wconf 88' lang='lat' dir='ltr'><strong>In</strong></span> <span class='ocrx_word' id='word_1_860' title='bbox 2206 5358 2394 5413; x_wconf 83' lang='lat' dir='ltr'><strong>tribus</strong></span> <span class='ocrx_word' id='word_1_861' title='bbox 2424 5373 2571 5413; x_wconf 88' lang='lat' dir='ltr'><strong>mss.</strong></span> <span class='ocrx_word' id='word_1_862' title='bbox 2611 5372 2722 5430; x_wconf 90' lang='lat' dir='ltr'><strong>pro</strong></span> <span class='ocrx_word' id='word_1_863' title='bbox 2751 5357 2927 5410; x_wconf 87' lang='grc' dir='ltr'><strong>παθῶν</strong></span> <span class='ocrx_word' id='word_1_864' title='bbox 2981 5355 3274 5429; x_wconf 87' lang='lat' dir='ltr'><strong>scriptum</strong></span> <span class='ocrx_word' id='word_1_865' title='bbox 3316 5357 3546 5417; x_wconf 86' lang='lat' dir='ltr'><strong>inveni-</strong></span> 
     </span>
    </p>
   </div>
   <div class='ocr_carea' id='block_1_121' title="bbox 1897 5432 2364 5505">
    <p class='ocr_par' dir='ltr' id='par_1_121' title="bbox 1897 5432 2364 5505">
     <span class='ocr_line' id='line_1_121' title="bbox 1897 5432 2364 5505; baseline -0.002 -21"><span class='ocrx_word' id='word_1_866' title='bbox 1897 5433 1992 5489; x_wconf 79' lang='grc' dir='ltr'><strong>ιω·</strong></span> <span class='ocrx_word' id='word_1_867' title='bbox 2021 5432 2364 5505; x_wconf 83' lang='grc' dir='ltr'><strong>παθημάτων.</strong></span> 
     </span>
    </p>
   </div>
  </div>
