4088 6194
535 236 640 289 215

1910 226 1969 281 S.
2012 223 2267 280 BASILll
2304 222 2532 280 MAGNI

3791 231 3905 281 216

535 354 695 413 deris
749 352 860 411 tibi
906 350 1041 425 ipsi,
1096 349 1249 408 nihil
1291 365 1447 424 opus
1495 350 1605 408 erit
1646 365 1721 407 ex
1765 349 2190 406 universorum

2308 350 2456 401 οἱονεὶ
2503 356 2675 424 μικρῷ
2718 368 2820 400 τινι
2872 345 3148 420 διακόσμῴ
3200 346 3317 420 (52)
3359 352 3453 406 τὴν
3509 347 3733 420 μεγάλην
3774 370 3908 403 κατ-

537 447 835 502 structura
852 441 1053 515 ipsum
1075 441 1365 514 Opiﬁcem
1384 440 1770 513 investigare,
1795 440 1900 497 sed
1920 440 1981 496 in
2002 440 2190 514 teipso

533 535 696 593 velut
752 533 815 589 in
866 532 1163 590 concinno
1217 531 1491 604 quodam
1566 548 1773 588 rerum
1831 531 2189 602 summario,

534 639 829 695 magnam
856 621 1186 678 conditoris
1208 621 1297 677 tui
1320 620 1680 694 sapientiam
1701 619 2084 677 contuebere.
2110 622 2191 675 Ex

534 716 741 772 anima
758 712 1115 784 incorporea
1134 711 1350 784 quain
1370 715 1424 767 te
1444 711 1685 780 residet,
1707 710 1967 781 intellige
2001 713 2188 766 Deum

536 819 666 861 esse
684 803 1131 875 incorporeum,
1154 816 1416 873 eumque
1435 800 1603 856 nullo
1620 799 1756 857 loco
1776 797 2192 856 circumscribi

537 910 677 951 cum
698 908 773 948 ne
798 895 902 947 tua
922 889 1169 963 quidem
1200 905 1374 945 mens
1396 906 1433 946 a
1462 906 1525 945 se
1559 890 1756 962 primo
1784 892 2189 945 commoretur

536 984 601 1041 in
621 982 757 1038 loco
778 980 886 1037 sed
913 979 994 1036 ob
1025 994 1202 1035 suam
1233 995 1373 1035 cum
1404 995 1654 1052 corpore
1697 980 1832 1050 cunj
1844 978 2188 1034 unctionem

535 1074 599 1131 in
627 1072 761 1129 loco
788 1074 1162 1145 permaneat.
1186 1068 1550 1125 Invisibilem
1592 1071 1778 1125 Deum
1818 1084 1952 1124 esse
1988 1069 2185 1137 crede,

536 1166 655 1220 tua
682 1160 874 1234 ipsius
918 1158 1137 1216 anima
1184 1158 1686 1225 consideratione,
1736 1174 1876 1214 cum
1917 1173 2028 1214 nec
2055 1158 2189 1229 ipsa

535 1251 729 1328 possit
747 1249 939 1307 oculis
960 1249 1264 1322 corporeis
1288 1249 1444 1322 capi.
1478 1252 1681 1322 Neque
1711 1249 1873 1305 enim
1922 1248 2187 1304 colorata

538 1347 629 1400 est
670 1355 868 1412 neque
899 1337 1109 1408 ﬁguris
1134 1337 1437 1407 insignita,
1478 1353 1676 1411 neque
1724 1338 2019 1411 corporali
2066 1338 2187 1395 ullo

536 1431 880 1487 charactere
909 1427 1368 1500 comprehensa,
1411 1427 1521 1483 sed
1558 1443 1630 1484 ex
1668 1427 2008 1484 actionibus
2047 1427 2189 1484 solis

533 1517 980 1577 internoscitur.
1013 1518 1204 1582 Quare
1234 1532 1371 1573 eam
1393 1517 1798 1587 cognitionem
1819 1533 1958 1589 qua
1982 1516 2188 1574 oculo-

532 1623 674 1665 rum
703 1622 820 1678 ope
841 1605 1191 1678 acquiritur,
1221 1604 1283 1661 in
1311 1607 1433 1662 Deo
1473 1622 1548 1663 ne
1579 1607 1888 1679 quaesieris
1915 1624 1928 1662 :
1952 1606 2059 1663 sed
2088 1607 2189 1677 ad-

2301 439 2419 510 όψει
2470 446 2561 491 τοῦ
2616 442 2905 499 Κτίσαντός
2954 457 3012 490 σε
3065 441 3267 510 σοφίαν.
3334 438 3636 511 Ἀσώματον
3682 444 3787 493 νόει
3812 445 3905 493 τὸν

2303 534 2429 583 Θεὸν
2459 528 2628 591 ἐκτῆς
2674 527 3075 602 ἐνυπαρχούσης
3126 546 3210 579 σοι
3250 527 3436 599 ψυχῆς
3481 525 3785 601 ἀσωμάτου,
3827 536 3904 603 μή

2300 623 2737 693 περιγραφόμενον
2776 623 2939 690 τόπον
2996 613 3175 675 ἐπειδὴ
3226 612 3350 670 οὐδὲ
3395 617 3421 669 ό
3461 620 3551 680 σὸς
3602 626 3719 681 νοῦς
3763 639 3903 692 προ-

2300 712 2591 782 ηγουμένην
2638 711 2752 780 ἔχει
2804 712 2897 766 τὴν
2927 705 2976 760 ἐν
3001 711 3143 779 τόπῳ
3192 702 3228 758 δ
3233 705 3490 782 ιατριϐην,
3525 705 3652 761 ἀλλὰ
3679 704 3713 760 δ
3720 712 3776 761 ιά
3804 718 3903 771 τῆς

2297 802 2426 873 πρὸς
2456 803 2514 851 τὸ
2548 807 2702 872 σῶμα
2730 801 3008 871 συναφείας
3040 796 3088 849 ἐν
3117 801 3257 869 τόπῳ
3282 801 3481 885 γίνεται
3513 799 3645 867 (53).
3708 798 3903 874 Ἀόρα-

2296 909 2382 941 τον
2435 886 2565 943 εἶναι
2609 893 2694 941 τόν
2748 892 2871 942 Θεὸν
2923 893 3158 953 πίστευε,
3213 892 3308 946 τὴν
3339 888 3557 940 σεαυτοῦ
3606 887 3788 959 ψυχὴν
3820 888 3901 943 ἐν-

2296 984 2506 1045 νοήσας,
2568 975 2747 1037 έπειδὴ
2794 982 2883 1032 καὶ
2923 978 3054 1036 αὐτὴ
3099 984 3417 1049 σωματικοῖς
3449 976 3729 1051 ὀφθαλμοῖς
3774 977 3903 1037 ἄλη-

2295 1075 2424 1134 πτός
2448 1070 2608 1125 ἐστιν.
2652 1073 2785 1122 Οὔτε
2812 1073 2913 1144 γὰρ
2952 1073 3274 1143 κέχρωσται,
3321 1072 3437 1121 οὔτε
3477 1068 3900 1141 ἐσχημάτισται,

2296 1163 2414 1213 οὔτε
2457 1163 2559 1212 τινὶ
2636 1168 2916 1232 σωματικῷ
2971 1166 3278 1232 χαρακτῆρι
3348 1156 3728 1232 περιείληπται,
3784 1156 3900 1209 ἀλλ’

2297 1247 2350 1301 ἐκ
2380 1256 2480 1300 τῶν
2530 1250 2789 1323 ἐνεργειῶν
2830 1248 3140 1321 γνωρίζεται
3193 1251 3345 1319 μόνον
3387 1247 3514 1316 (54).
3557 1244 3711 1307 Ὠςτε
3763 1251 3903 1319 μήτε

2298 1337 2381 1391 ἰπὶ
2409 1345 2543 1392 Θεοῦ
2575 1339 2813 1411 ζητήσης
2843 1342 2937 1396 την
2991 1334 3065 1390 δι’
3097 1336 3370 1409 ὀφθαλμῶν
3399 1339 3732 1401 κατανόησιν,
3766 1333 3901 1387 ἀλλὰ

2296 1436 2358 1501 τῇ
2418 1424 2626 1500 διανοίᾳ
2677 1426 2956 1500 ἐπιτρέψας
3012 1431 3107 1485 τὴν
3159 1431 3356 1494 πίστιν,
3415 1429 3602 1483 νοητὴν
3659 1427 3750 1496 ἔχε
3800 1428 3898 1482 τὴν

2297 1522 2416 1592 περὶ
2482 1518 2641 1570 αὐτοῦ
2694 1516 3008 1588 κατάληψιν.
3069 1516 3315 1589 Θαύμαξε
3372 1518 3459 1568 τὸν
3488 1519 3755 1587 τεχνίτην,
3786 1522 3902 1576 πῶς

2297 1615 2392 1670 τῆς
2421 1605 2608 1679 ψυχῆς
2634 1625 2729 1659 σου
2758 1611 2852 1665 τὴν
2880 1603 3097 1679 δύναμίν
3122 1610 3250 1679 πρὸς
3294 1608 3353 1659 τό
3404 1613 3557 1677 σῶμα
3588 1600 3897 1669 συνέδησεν,

532 1696 750 1755 bibens
778 1694 965 1751 menti
992 1693 1198 1759 ﬁdem,
1227 1695 1431 1768 ipsum
1461 1696 1754 1769 spirituali
1772 1696 1958 1753 modo
1978 1713 2189 1769 appre-

2308 1704 2367 1759 ὥς
2438 1701 2602 1771 μέχρι
2656 1704 2757 1749 τῶν
2840 1699 3076 1769 περάτων
3140 1694 3302 1748 αὐτοῦ
3375 1691 3757 1767 διικνουμένην,
3832 1696 3903 1746 τὰ

531 1783 756 1842 hende.
785 1782 1097 1840 Admirare
1127 1783 1440 1852 artificem,
1467 1784 1781 1857 quomodo
1811 1785 2031 1841 anima
2070 1790 2188 1842 tua

531 1873 656 1932 vim
687 1873 766 1931 ad
793 1889 1016 1946 corpus
1044 1873 1354 1946 colligarit,
1378 1880 1442 1930 ut
1463 1890 1654 1948 usque
1674 1875 1753 1931 ad
1783 1880 2080 1931 extremas
2103 1875 2190 1948 ip-

535 1963 661 2021 sius
689 1967 891 2036 partes
916 1962 1283 2035 pervadens,
1316 1963 1596 2020 membra
1637 1964 1793 2020 inter
1827 1980 1890 2019 se
1929 1964 2188 2021 multum

534 2052 747 2110 dissita
775 2052 856 2109 ad
884 2067 1073 2110 unam
1115 2052 1519 2125 eamdemque
1567 2053 2078 2125 conspirationem
2117 2070 2189 2110 ac

535 2143 883 2200 societatem
906 2142 1194 2200 adducat.
1234 2142 1544 2215 Perpende
1574 2142 1835 2215 quazﬁ.
1856 2143 1946 2199 vis
1965 2143 2044 2200 ab
2066 2144 2191 2201 ani-

534 2248 639 2290 ma
662 2232 902 2305 corpori
928 2232 1326 2305 impertiatur,
1358 2236 1415 2289 et
1442 2248 1580 2304 qua
1606 2247 1643 2287 a
1670 2248 1922 2305 corpore
1944 2232 2023 2289 ad
2058 2233 2188 2290 ani-

534 2338 704 2380 mam
732 2321 943 2379 redeat
965 2320 1353 2378 necessitudo
1379 2320 1706 2378 affectuum
1735 2337 2186 2395 sensuumque;

534 2412 850 2487 quomodo
872 2426 1092 2485 corpus
1111 2412 1362 2485 quidem
1381 2412 1568 2468 vitam
1591 2411 1670 2468 ab
1691 2411 1897 2468 anima
1920 2412 2189 2487 recipiat,

540 2503 747 2560 anima
764 2518 909 2560 vero
928 2501 1170 2559 dolores
1182 2517 1482 2575 acorpore
1506 2519 1520 2570 ;
1543 2500 1757 2574 quales
1777 2502 2001 2559 habeat
2020 2502 2196 2559 disci-

540 2591 850 2665 plinarum
878 2590 1062 2648 cellas
1086 2607 1100 2657 ;
1133 2607 1240 2647 cur
1266 2590 1449 2647 rebus
1477 2591 1642 2664 prius
1689 2591 1944 2661 cognitis
1993 2608 2196 2649 succe-

544 2679 818 2737 dentium
846 2681 1110 2738 accessio
1132 2679 1284 2737 nihil
1302 2679 1580 2737 oﬂ‘undat
1608 2680 1901 2753 caliginis,
1948 2681 2057 2738 sed
2094 2697 2199 2754 po-

544 2769 663 2826 tius
692 2769 1001 2826 memoria
1026 2773 1338 2826 serventur
1365 2769 1646 2826 distincte
1671 2769 1819 2827 citra
1846 2769 2035 2827 ullam
2060 2787 2201 2828 con-

544 2858 872 2929 fusionem,
901 2858 1221 2931 principali
1242 2858 1462 2915 anima
1491 2860 1648 2931 parti
1685 2859 2033 2918 velutarea
2086 2860 2204 2917 cui-

547 2947 695 3005 dam
721 2947 1022 3005 columna
1045 2948 1369 3021 inscripta.
1395 2952 1627 3007 Intuere
1643 2949 1958 3022 quomodo
1977 2950 2203 3007 vitiosis

2296 1785 2538 1839 πλεῖστον
2611 1783 2871 1839 διεστῶτα
2926 1784 3051 1858 μέλη
3111 1789 3240 1859 πρὸς
3293 1789 3414 1858 μίαν
3471 1786 3761 1856 σύμπνοιαν
3811 1778 3903 1835 καὶ

2298 1880 2559 1928 κοινωνίαν
2597 1877 2760 1947 ἄγειν.
2794 1879 2977 1927 Σκόπει
3002 1878 3083 1936 τίς
3124 1876 3153 1932 ἡ
3203 1872 3305 1926 ἀπὸ
3344 1873 3530 1944 ψυχῆς
3587 1868 3899 1944 ἐνδιδομένη

2296 1972 2359 2037 τῇ
2415 1969 2573 2040 σαρκὶ
2629 1961 2870 2038 δύναμις·
2915 1968 2994 2027 τίς
3052 1966 3082 2022 ἠ
3116 1964 3218 2015 ἀπὸ
3279 1966 3471 2035 σαρκός
3518 1965 3648 2036 πρὸς
3714 1959 3902 2032 ψυχὴν

2298 2052 2584 2107 ἕποινιοῦσα
2637 2056 2954 2127 συμπάθεια·
3016 2061 3123 2115 πῶς
3182 2049 3401 2124 δέχεταί
3433 2054 3523 2124 μεν
3554 2056 3647 2110 τὴν
3680 2051 3813 2112 ζωὴν
3843 2049 3901 2102 ἐκ

2297 2152 2392 2204 τῆς
2439 2143 2625 2215 ψυχῆς
2680 2148 2736 2196 τό
2786 2152 2956 2216 σῶμα,
3010 2140 3228 2215 δέχεται
3267 2139 3325 2195 δὲ
3350 2137 3647 2213 ἀλγηδόνας
3676 2139 3779 2192 ἀπὸ
3806 2145 3901 2191 τοῦ

2301 2237 2539 2306 σώματος
2595 2236 2625 2292 ἡ
2680 2233 2854 2305 ψυχή’
2913 2237 3069 2295 ποίας
3127 2231 3397 2295 ἀποθήκας
3450 2239 3551 2283 τών
3577 2232 3901 2304 μαθημάτων

2298 2329 2431 2395 ἔχει·
2459 2320 2552 2377 διὰ
2579 2327 2633 2375 τί
2659 2323 2753 2375 οὐκ
2809 2318 3078 2375 ἐπισκοτεῖ
3128 2330 3190 2395 τῇ
3234 2327 3423 2392 γνώσει
3472 2328 3575 2372 τῶν
3620 2318 3901 2394 προλαϐόν-

2299 2433 2400 2468 των
2452 2415 2482 2472 η
2526 2420 2625 2465 τῶν
2669 2410 3031 2485 ἐπιγίνομένων
3076 2413 3376 2487 προσθήκη,
3436 2408 3543 2463 ἀλλ’
3602 2407 3902 2480 ἀσύγχυτοι

2302 2507 2394 2556 καὶ
2450 2502 2698 2574 εὐκρινεῖς
2736 2504 2793 2554 αἱ
2849 2510 3069 2574 μνῆμαι,
3121 2501 3226 2553 οοῖν
3270 2499 3446 2572 χαλκῇ
3497 2518 3601 2552 τινι
3630 2496 3794 2570 στήλη
3827 2506 3902 2569 τῷ

2305 2594 2594 2665 ἡγεμονικῳ
2625 2600 2720 2654 τῆς
2766 2590 2953 2663 ψυχῆς
2986 2590 3456 2665 ἐγκεχαραγμέναι,
3520 2585 3904 2661 διαφυλάττον-

2306 2698 2415 2734 ται⁶
2470 2690 2579 2743 πῶς
2608 2682 2718 2754 μὲν,
2761 2684 2892 2756 πρὸς
2948 2684 3015 2733 τὰ
3064 2690 3158 2743 τῆς
3208 2683 3399 2755 σαρκός
3457 2677 3908 2731 ὑπολισθαίνουσα

2307 2774 2475 2837 πάθη,
2532 2775 2592 2824 τὸ
2651 2771 2836 2823 οἰκεῖον
2877 2768 3136 2823 ἀπόλλυσι
3180 2768 3386 2830 καλλος·
3414 2777 3522 2830 πῶς
3555 2764 3614 2820 δὲ
3637 2766 3812 2833 πάλιν,
3845 2770 3906 2819 τό

2311 2860 2413 2914 ἀπὸ
2467 2864 2652 2922 κακίας
2699 2867 2894 2931 αἶσχος
2947 2857 3405 2933 ἀποκαθηραμένη,
3457 2853 3531 2910 δι’
3562 2855 3746 2931 ἀρετῆς
3777 2860 3908 2931 πρὸς

2310 2955 2406 3008 τὴν
2426 2951 2673 3022 ὁμοίωσιν
2704 2947 2981 3022 ἀνατρέχει
3010 2955 3103 3000 τοῦ
3130 2953 3438 3009 κτίσαντος.

549 3036 749 3094 carnis
776 3037 1094 3094 aﬂectibus
1124 3037 1558 3106 succumbens,
1591 3054 1768 3095 suam
1787 3039 1978 3112 ipsius
2017 3039 2253 3096 amittat
2277 3038 2793 3113 pulchritudinem
2818 3056 2832 3103 ;
2864 3043 2923 3093 et
2952 3053 3161 3093 rursus
3189 3051 3461 3109 quonam
3483 3039 3663 3109 pacto
3696 3048 3914 3107 expur-

550 3131 696 3198 gata
715 3127 841 3184 vitii
868 3126 1261 3201 turpitudine,
1296 3143 1405 3200 per
1424 3127 1702 3184 virtutem
1733 3133 2069 3186 revertatur
2092 3130 2173 3185 ad
2195 3128 2532 3187 Conditoris
2559 3126 3033 3183 similitudinem.

620 3221 676 3274 8.
715 3221 1043 3292 Postquam
1090 3217 1364 3275 animam
1417 3217 1764 3291 speculatus
1821 3235 1906 3286 es,
1958 3218 2200 3275 attende
2232 3221 2273 3276 C

548 3307 752 3378 etiam,
778 3308 829 3363 si
853 3307 962 3364 tibi
986 3307 1305 3377 videbitur,
1337 3307 1417 3364 ad
1437 3308 1706 3380 corporis
1731 3314 2115 3380 structuram,
2148 3313 2205 3365 et

549 3395 853 3454 admirare
870 3396 1183 3469 quomodo
1229 3396 1432 3468 ipsum
1453 3396 1742 3453 idoneum
1763 3414 1835 3453 ac
1858 3398 2080 3454 decens
2101 3397 2205 3454 do-

549 3484 845 3542 micilium
876 3484 1414 3547 animarationali
1447 3485 1786 3542 condiderit
1814 3485 2026 3542 artifex
2051 3486 2205 3559 opti-

548 3590 706 3631 mus.
737 3574 930 3631 Finxit
954 3574 1268 3631 hominem
1291 3573 1489 3630 solum
1520 3590 1592 3631 ex
1619 3574 1905 3631 omnibus
1927 3576 2205 3632 animan-

549 3664 714 3722 tibus
758 3668 959 3721 erecta
998 3662 1171 3731 facie,
1208 3668 1274 3720 ut
1306 3679 1379 3720 ex
1412 3663 1546 3736 ipsa
1590 3663 1789 3735 ﬁgura
1818 3665 1976 3722 scias
2017 3665 2206 3722 vitam

550 3757 723 3812 tuam
751 3770 783 3812 e
815 3770 1082 3828 superno
1111 3770 1332 3827 genere
1361 3754 1526 3811 oriri.
1556 3758 1703 3811 Nam
1731 3756 2205 3828 quadrupedum

552 3858 746 3915 genus
796 3859 978 3900 omne
1004 3844 1248 3917 respicit
1276 3849 1521 3915 terram,
1551 3850 1609 3901 et
1632 3845 1695 3900 in
1722 3850 1993 3902 ventrem
2044 3843 2210 3900 incli-

550 3938 734 3993 natur
754 3951 768 3991 :
792 3933 1029 3990 homini
1042 3948 1187 3990 vero
1206 3937 1371 4006 patet
1385 3932 1466 3990 ad
1486 3932 1705 3989 coelum
1726 3938 2025 4006 aspectus,
2049 3937 2114 3990 ut
2132 3948 2208 3990 ne

548 4024 871 4095 indulgeat
882 4022 1311 4095 ventri,neque
1326 4022 1618 4086 venereis,
1643 4022 2058 4095 sedimpetum
2078 4038 2208 4079 om-

549 4131 694 4173 nem
715 4114 795 4170 ad
818 4118 1153 4185 supernum
1174 4112 1285 4168 iter
1301 4111 1543 4181 dirigat.
1568 4111 1657 4167 Ad
1676 4111 1806 4167 hac
1826 4112 2024 4184 posito
2043 4112 2105 4167 in
2127 4111 2207 4168 al-

550 4204 784 4261 tissimo
809 4202 946 4259 loco
976 4201 1191 4274 capite,
1214 4201 1556 4273 pracipuos
1584 4201 1646 4256 in
1672 4217 1743 4257 eo
1776 4216 1990 4257 sensus
2024 4200 2204 4257 collo-

551 4294 728 4350 cavit.
757 4291 859 4349 Hic
881 4290 1068 4361 visus,
1092 4289 1357 4354 auditus,
1388 4294 1624 4360 gustus,
1646 4288 1960 4358 odoratus,
1988 4305 2203 4345 omnes

549 4382 716 4438 haud
731 4380 993 4454 procula
1007 4398 1069 4437 se
1090 4380 1348 4436 invicem
1369 4379 1575 4436 sedem
1599 4380 1964 4438 obtinentes.
1987 4383 2053 4437 Et
2070 4379 2208 4437 licet

551 4471 666 4527 sint
687 4471 750 4526 in
778 4469 982 4526 locum
1004 4470 1159 4527 adeo
1179 4469 1466 4539 exiguum
1482 4470 1841 4534 coarctati,'n
1851 4469 2005 4526 ullus
2023 4468 2203 4525 vicini

549 4558 853 4616 actionem
872 4559 1142 4631 impedit.
1164 4558 1590 4632 Oculiquidem
1610 4564 1987 4634 occuparunt
2001 4575 2204 4633 specu-

546 4647 673 4705 lam
697 4647 1078 4717 altissimam,
1106 4652 1171 4704 ut
1199 4647 1367 4705 nulla
1395 4648 1664 4721 corporis
1689 4664 1831 4721 pars
1862 4648 2011 4722 ipsis
2044 4654 2204 4706 tene-

544 4738 689 4797 kras
701 4737 1224 4800 obducat,sedsub
1236 4737 1454 4808 exigua
1466 4738 1736 4813 quadam
1750 4738 2206 4811 superciliorum

543 4830 892 4906 projectura
915 4827 1280 4897 desidentes,
1313 4843 1345 4885 e
1367 4827 1665 4901 superiori
1706 4842 1781 4884 ac
1821 4828 2206 4886 eminentiori

618 5045 732 5120 (5'2)
765 5045 997 5120 Omnes
1055 5041 1195 5100 libri
1227 5044 1477 5120 ’τοῖοι-οε
1509 5044 1653 5120 tum
1665 5040 1854 5098 nostri
1874 5045 2002 5098 tum
2034 5043 2203 5120 Com-

542 5111 867 5188 beﬁsi'aini,
882 5124 1067 5193 μικρῷ
1091 5136 1194 5168 τινι
1216 5111 1492 5193 διακόσμῳ
1509 5113 1657 5193 Edlti
1686 5123 1856 5193 μικρῷ
1873 5133 1976 5193 τινι
1998 5118 2198 5187 κόσμῳ,

545 5184 930 5263 ζαηᾳααηιιὴ
944 5184 1141 5263 parvo
1162 5184 1421 5263 quodam
1447 5184 1695 5263 mundo.
1711 5184 1857 5263 Mox.
1894 5184 2018 5263 duo
2049 5184 2197 5263 mss;

544 5255 700 5315 ἐννόει
727 5266 835 5314 τόν.
863 5255 1129 5318 Subinde
1173 5255 1319 5314 editi
1373 5258 1423 5310 ἐν
1456 5262 1617 5328 τόπῳ.
1663 5261 1734 5313 At
1783 5256 2003 5312 vocula
2041 5255 2088 5307 ἒν
2137 5257 2199 5314 in

542 5348 693 5388 mss.
725 5331 929 5388 multis
953 5331 1142 5389 deest.
1175 5330 1278 5387 Hic
1300 5328 1545 5388 additur
1570 5329 1633 5384 in
1679 5328 1883 5385 codice
1925 5328 2194 5385 Combef.

686 5421 781 5459 ονω
790 5447 803 5459 .

544 5402 577 5548 si
604 5421 898 5548 ῗῖξὲἷίέϐε,
927 5472 1239 5548 primusﬁv
1266 5477 1411 5548 τόπῳ
1437 5475 1467 5533 ἦ
1499 5476 1674 5547 χρόνῳ
1702 5476 1920 5546 γίνεται.
1981 5471 2192 5530 Statim

541 5544 665 5604 duo
691 5560 844 5604 mss.
870 5544 978 5601 init
1006 5549 1097 5598 καὶ
1121 5544 1275 5607 αὐτή.

2383 3221 2435 3274 8.
2466 3222 2727 3291 Πρόσεχε,
2757 3219 2801 3269 εἰ
2831 3213 2979 3269 δοκεῖ
3006 3235 3111 3285 σοι,
3138 3218 3271 3289 μετά
3289 3219 3383 3274 τὴν
3412 3223 3507 3278 τῆς
3553 3215 3738 3288 ψυχῆς
3786 3216 3914 3267 θεω-

2311 3311 2445 3382 ρίαν,
2470 3311 2560 3359 καὶ
2598 3315 2662 3378 τῇ
2707 3313 2798 3359 τοῦ
2848 3310 3089 3378 σώματος
3131 3313 3450 3378 κατασκευῇ,
3500 3309 3591 3357 καὶ
3641 3306 3913 3376 θαύμασον

2312 3399 2450 3459 ὅπως
2478 3399 2670 3470 πρέπον
2700 3395 2826 3448 αὐτό
2853 3400 3174 3466 καταγώγιον
3206 3403 3266 3468 τῇ
3300 3394 3480 3466 λογικῆ
3522 3393 3675 3466 ψυχῇ
3721 3395 3745 3444 ό
3789 3394 3910 3466 ἀρι-

2313 3489 2602 3558 στοτέχνης
2630 3485 2739 3556 (55)
2789 3481 3225 3559 ὶδημιούργησεν.
3268 3483 3480 3558 Ὄρθιον
3526 3482 3719 3536 ἔπλασε
3755 3487 3911 3554 μόνον

2311 3584 2411 3630 τῶν
2470 3579 2610 3638 ζώων
2649 3578 2735 3626 τὸν
2780 3575 3065 3646 ἄνθρωπον,
3115 3573 3177 3625 ἶν’
3216 3573 3270 3636 ἐξ
3298 3575 3460 3626 αὑτοῦ
3497 3581 3589 3625 τοῦ
3628 3577 3914 3645 σχήματος

2312 3662 2479 3738 εἰδῇς,
2514 3667 2594 3717 ὅτι
2623 3663 2679 3717 ἐκ
2725 3672 2818 3726 τῆς
2865 3665 3055 3716 ἄνωθεν
3087 3668 3385 3735 συγγενείας
3433 3661 3572 3714 ἐστὶν
3594 3663 3624 3721 ἠ
3661 3665 3765 3725 ζωή
3793 3680 3911 3716 σου.

2312 3758 2392 3809 Τὰ
2446 3758 2536 3827 μὲν
2591 3758 2690 3828 γὰρ
2741 3748 3040 3826 τετράποδα
3086 3754 3255 3805 πάντα
3301 3755 3430 3826 πρὸς
3493 3756 3587 3809 τήν
3643 3759 3739 3821 γῆν
3786 3748 3917 3822 βλέ-

2315 3865 2419 3912 πει,
2471 3848 2562 3896 καὶ
2610 3846 2739 3916 πρὸς
2787 3848 2881 3901 τὴν
2946 3845 3179 3914 γαστέρα
3243 3845 3486 3894 νένευκενι
3547 3839 3796 3913 ἀνθρώπῳ
3856 3835 3919 3892 δί

2316 3934 2496 4006 ἑτοίμη
2528 3935 2657 4005 πρὸς
2692 3932 2804 4004 (56)
2835 3932 3048 4007 οὐρανὸν
3079 3933 3108 3989 ἠ
3144 3929 3445 4000 ἀνάϐλεψις,
3478 3934 3606 3989 ἠστε
3649 3933 3721 4001 μὴ
3784 3946 3920 3998 σχο-

2314 4022 2489 4084 λάζειν
2511 4026 2719 4096 γαστρὶ,
2752 4018 2891 4094 μηδὲ
2940 4029 3048 4084 τοῖς
3096 4022 3196 4073 ὑπὸ
3243 4024 3475 4094 γαστέρα
3515 4021 3754 4084 πάθεσιν,
3804 4016 3920 4070 ἀλλ’

2315 4111 2436 4171 όλην
2484 4114 2624 4184 ἔχειν
2668 4116 2761 4169 τὴν
2805 4113 2968 4185 ὁρμὴν
3006 4114 3134 4185 πρὸς
3173 4115 3263 4168 τὴν
3290 4111 3394 4162 ἄνω
3440 4114 3670 4183 πορείαν.
3697 4114 3922 4161 Ἔπειτα

2312 4208 2408 4261 τήν
2453 4200 2675 4274 κεφαλὴν
2724 4200 2804 4253 ἐπὶ
2851 4204 2951 4252 τῶν
2998 4199 3338 4272 ὑψηλοτάτων
3398 4201 3518 4267 θεὶς,
3553 4197 3601 4250 ἐν
3657 4197 3786 4270 αὐτῇ
3820 4200 3920 4259 τὰς

2312 4291 2556 4347 πλείστου
2605 4291 2755 4353 άξίας
2810 4299 2909 4342 τῶν
2965 4290 3263 4348 αἰσθήσεων
3320 4285 3707 4362 καθιδρύσατο.
3779 4286 3923 4339 Ἐκεῖ

2313 4381 2432 4452 ὄψις
2464 4386 2553 4433 καὶ
2578 4378 2729 4448 ἀκοὴ,
2763 4385 2853 4431 καὶ
2872 4387 3073 4451 γεῦσις,
3107 4384 3197 4430 καὶ
3225 4383 3504 4453 ὄσφρησις,
3544 4384 3714 4430 πᾶσαι
3755 4374 3921 4447 ἐγγὺς

2314 4470 2541 4528 ἀλλήλων
2597 4474 3005 4542 κατῳκισμέναι.
3060 4473 3160 4521 Καὶ
3209 4467 3374 4530 οὓτως
3422 4470 3537 4541 περὶ
3576 4465 3759 4541 βραχὺ
3802 4485 3919 4535 χωο

2312 4566 2418 4637 ρίον
2479 4561 2978 4633 στενοχωρούμεναι,
3056 4554 3208 4610 οὐδὲν
3262 4556 3454 4614 ἑκάστη
3526 4550 3920 4629 παρεμποδίζει

2312 4659 2375 4724 τῇ
2448 4649 2672 4722 ἐνεργείᾳ
2726 4656 2822 4710 τῆς
2875 4651 3124 4718 γείτονος.
3191 4644 3478 4718 Ὀφθαλμοί
3536 4649 3627 4718 μέν
3656 4642 3663 4647 ’
3694 4662 3753 4715 γε
3821 4647 3919 4702 τὴν

2315 4739 2648 4811 ὑψηλοτάτην
2693 4740 2913 4792 σκοπιὰν
2954 4737 3348 4809 κατειλήφασιν,
3406 4738 3541 4788 ὥστε
3591 4735 3752 4807 μηθέν
3810 4735 3918 4784 αὐ-

2312 4828 2424 4894 τοῖς
2487 4836 2588 4883 τῶν
2657 4835 2748 4882 τοῦ
2815 4832 3056 4901 σώματος
3126 4830 3319 4901 μορίων
3376 4824 3726 4901 ἐπιπροσθεῖν,
3784 4820 3921 4875 ἀλλά

2386 5042 2499 5126 (ii?)
2528 5041 2694 5126 901.1?-
2727 5039 3261 5126 ίθηιίιιενγωθίξεται
3294 5042 3479 5126 μάντιὶν’
3586 5109 3715 5126 ..ω

2382 5103 2497 5186 (56)
2540 5103 3011 5187 Colb._primus'6
3042 5103 3258 5187 ἄριστος
3288 5103 3557 5187 τεχνίτης.
3586 5109 3717 5163 Mox
3770 5103 3919 5187 editi

2311 5180 2488 5261 ὄρθιόῆ
2506 5180 3021 5261 caused-voculam
3046 5180 3104 5235 σε
3128 5182 3268 5261 inde
3289 5180 3661 5261 sustulimus,
3685 5180 3918 5251 quippe

2308 5254 2446 5330 qua
2472 5258 2533 5313 in
2558 5256 2726 5330 libris
2758 5255 3208 5330 veteribusnon
3242 5254 3605 5330 inveniatur.

2374 5330 2491 5401 (56)
2547 5328 2728 5403 Colb._
2771 5328 3001 5403 primus
3059 5323 3311 5398 ἀνθρώπῳ
3358 5321 3417 5377 δε
3446 5325 3567 5403 cive).
3608 5325 3754 5403 πρός.
3790 5317 3914 5403 Ali-

2348 5393 2532 5457 uanto
2563 5406 2694 5471 post
2714 5393 2793 5454 in'
2809 5398 2996 5455 tribus
3034 5393 3179 5452 mss.
3233 5393 3513 5468 cerrupte
3550 5393 3769 5463 legitur
3817 5394 3915 5452 τὰς

2300 5470 2579 5533 πλείστους
2607 5470 2775 5538 ἀξίας,
