4088 6194
527 287 632 340 219

1875 286 1932 339 S.
1987 280 2236 337 BASILII
2285 282 2526 338 MAGNI.

3771 282 3883 337 220

526 407 642 464 hac
671 408 859 464 animi
882 406 1236 478 aegritudine
1262 406 1574 470 laborans,
1604 407 2022 464 excusationes
2047 420 2176 461 cau-

2293 403 2611 480 ἀῤῥωστῶν,
2669 405 3047 480 προφασίζεται
3090 408 3231 476 (64)
3285 424 3573 478 προφασεις
3629 404 3676 457 ἓν
3721 405 3890 479 ἁμαρ-

527 503 690 554 setur
719 498 780 554 in
810 499 1070 571 peccatis
1095 500 1162 565 ‘6,
1184 513 1253 552 ac
1283 502 1530 570 propter
1559 514 1732 554 suam
1763 498 1823 552 in
1855 497 2182 553 observan-

525 586 619 642 dis
662 588 973 659 praeceptis
1002 585 1457 656 negligentiam,
1507 586 1912 657 legislatorem
1956 587 2182 658 ipsum,

526 681 819 750 tanquam
846 677 951 750 qui
978 693 1114 748 quae
1143 676 1270 731 ﬁeri
1302 692 1422 731 non
1445 681 1699 748 possunt
1730 677 2184 747 sanciat,repre-

525 766 805 823 hensioni
830 766 1166 822 obnoxium
1190 765 1446 821 reddere
1476 772 1747 822 conetur.
1775 769 1978 838 quue
2003 764 2180 820 dicit:

529 857 636 921 Qui
667 856 793 911 fieri
835 860 1048 928 potest,
1097 859 1163 910 ut
1205 871 1442 926 semper
1473 856 1798 925 gaudeam,
1829 871 1967 911 cum
1993 855 2056 910 in
2086 869 2184 908 me

525 945 730 1015 gaudii
752 960 952 1000 causa;
974 960 1097 1000 non
1120 944 1238 1000 sint
1267 945 1426 1000 site?
1446 946 1741 1001 Nimirum
1765 961 1901 1017 quae
1922 943 2184 1000 laetitiam

525 1038 754 1103 creant,
806 1033 886 1089 ab
933 1033 1192 1090 externis
1231 1039 1537 1106 petuntur,
1587 1050 1698 1090 nec
1747 1033 1977 1089 suntin
2005 1033 2184 1088 nobis

523 1123 758 1195 posita:
791 1123 970 1179 amici
998 1123 1316 1185 adventus,
1351 1123 1636 1178 diuturna
1666 1139 1804 1178 cum
1826 1121 2182 1195 parentibus

524 1213 892 1282 congressio,
915 1228 1060 1284 opes
1089 1212 1363 1282 inventae,
1389 1212 1571 1268 delati
1593 1213 1670 1269 ab
1700 1213 2048 1269 hominibus
2070 1211 2180 1266 ho-

522 1301 954 1368 nores,reditus
985 1317 1057 1357 ex
1078 1301 1333 1356 molesta
1353 1301 1713 1371 aegritudine
1735 1302 1814 1358 ad
1837 1301 2178 1370 sanitatem,

521 1390 759 1463 reliqua
777 1391 912 1446 vita:
934 1390 1203 1456 felicitas;
1226 1390 1446 1445 domus
1467 1391 1742 1446 omnium
1765 1391 2066 1447 bonorum
2087 1405 2182 1446 co-

523 1481 626 1552 pia
651 1479 996 1546 abundans,
1017 1478 1358 1534 exuberans
1380 1495 1614 1551 mensa,
1627 1479 1829 1536 idonei
1848 1479 2064 1536 laetitias
2085 1494 2179 1534 so-

525 1568 622 1634 cii,
648 1584 740 1622 res
760 1567 972 1624 auditu
992 1571 1050 1622 et
1071 1568 1524 1637 visujucundas,
1549 1584 1760 1625 eorum
1782 1570 1888 1641 qui
1911 1584 2180 1624 mamma

522 1657 842 1713 nobiscum
875 1657 1322 1714 necessitudine
1345 1659 1540 1729 juncti
1566 1664 1707 1715 sunt
1729 1659 1982 1725 sanitas,
2005 1663 2178 1714 caste-

2291 498 2451 559 τίαις,
2521 497 2575 556 ὃς
2634 492 2727 548 διὰ
2791 499 2847 548 τό
2905 498 3021 569 περὶ
3083 499 3176 553 τὴν
3232 500 3458 567 τήρησιν
3517 503 3618 546 τῶν
3673 493 3890 547 ἐντολῶν

2291 582 2507 657 ὀκνηρὸν
2551 593 2622 655 τῷ
2677 586 2924 658 νομοθέτῃ
2981 588 3298 660 περιτρέπειν
3355 586 3449 646 τὰς
3505 583 3725 657 μέμψεις
3779 582 3896 636 ἐπι-

2291 681 2480 746 χειρεῐ,
2509 675 2580 736 ὡς
2611 671 2848 727 ἀδύνατα
2877 672 3185 749 διορίζοντι.
3233 679 3334 727 Καί
3363 693 3514 746 φησιο
3557 680 3674 736 Πῶς
3720 670 3893 727 δυνα-

2290 767 2377 815 τόν
2424 783 2515 836 μοι
2556 766 2775 817 πάντοτε
2820 769 3047 836 χαίρειν,
3094 772 3193 816 τῶν
3246 764 3424 816 αἰτιῶν
3453 772 3548 826 τῆς
3589 769 3762 837 χαρᾶς
3794 762 3896 814 οὐκ

2292 849 2368 903 ἔπ’
2396 850 2511 926 ἐμοὶ
2561 858 2840 926 κειμένων;
2896 853 3116 916 Ἔξωθεν
3161 855 3262 927 γάρ
3313 851 3425 905 ἐστι
3467 854 3534 904 τὰ
3569 856 3676 911 (65)
3725 871 3895 910 ποιη-

2291 943 2413 992 τικὰ
2453 949 2546 995 τοῦ
2587 948 2816 1016 χαίρειν,
2862 948 2952 996 καὶ
2995 943 3090 996 οὐκ
3133 941 3180 994 ἐν
3221 945 3345 1016 ἡμῖν
3377 939 3705 1015 ἀποκείμενα⁸
3739 941 3892 1015 φίλου

2289 1036 2574 1104 παρουσία,
2604 1031 2791 1104 γονᾶων
2838 1036 3030 1107 χρονία
3074 1036 3358 1103 συντυχία,
3408 1033 3699 1104 χρημάτων
3739 1031 3895 1103 εὗρό-

2293 1138 2418 1191 σεις,
2480 1125 2632 1194 τιμαὶ
2691 1124 2836 1194 παρὰ
2897 1130 2997 1174 τῶν
3062 1120 3367 1195 ἀνθρώπων,
3409 1125 3542 1193 πρὸς
3596 1121 3770 1191 ύγείαν
3835 1117 3898 1171 ἔκ

2287 1208 2524 1280 χαλεπῆς
2556 1209 2851 1285 ἀρρωστίας
2877 1210 3326 1278 ἀποκατάστασις,
3359 1212 3389 1268 ἠ
3431 1209 3582 1268 λοιπὴ
3633 1217 3724 1262 τοῦ
3761 1207 3897 1281 βίον

2289 1297 2537 1371 εύημερία
2572 1320 2584 1334 ·
2653 1296 2792 1362 οἶκος
2855 1301 3079 1358 εύθηνῶν
3162 1296 3257 1353 διὰ
3315 1300 3519 1351 πάντων
3553 1340 3566 1366 ,
3652 1295 3900 1371 τράπεζοι

2287 1386 2594 1456 πλήθουσα,
2644 1393 2880 1442 κοινωνοὶ
2936 1398 3032 1452 τῆς
3084 1388 3405 1464 εὐφροσύνης
3460 1389 3509 1441 οἱ
3565 1383 3895 1454 ἐπιτήδειοι,

2288 1473 2599 1550 ἀκούσματα
2627 1484 2717 1531 καὶ
2773 1482 3004 1552 θεάματα
3058 1475 3253 1537 ἡδονὴν
3308 1481 3544 1551 φίροντα,
3594 1477 3740 1549 ὑγεία
3785 1483 3896 1527 τῶν

2286 1565 2652 1635 οἰκειοτάτων,
2698 1572 2786 1620 καὶ
2841 1570 2871 1627 ἡ
2935 1568 3089 1626 λοιπὴ
3142 1567 3318 1628 αύτοῖς
3360 1572 3452 1618 τοῦ
3513 1564 3635 1638 βίου
3689 1564 3891 1638 εύροια.

2289 1659 2520 1731 Λυπηρὰ
2572 1660 2670 1731 γὰρ
2725 1658 2784 1710 ού
2830 1660 2897 1709 τὰ
2951 1660 3076 1731 ἡμῖν
3130 1661 3527 1731 προσπίπτοντα
3586 1659 3738 1728 μόνον
3785 1662 3898 1706 τῶν

523 1762 734 1818 raque,
753 1763 888 1819 quae
912 1746 1171 1802 faustam
1194 1764 1264 1803 ac
1282 1747 1522 1804 beatam
1547 1748 1696 1820 ipsis
1717 1749 1905 1804 vitam
1924 1747 2176 1803 reddere

2290 1743 2548 1817 ἀλγεινῶν,
2601 1745 2728 1798 ἀλλά
2779 1751 2868 1798 καὶ
2919 1750 2984 1799 τὰ
3041 1746 3218 1819 φίλους
3262 1752 3352 1798 καὶ
3397 1751 3657 1817 συγγενεῖς
3710 1742 3899 1796 ἀνιῶν-

525 1840 802 1908 possunt.
827 1839 1025 1907 Neque
1051 1837 1210 1892 enim
1241 1836 1511 1892 molestae
1534 1843 1676 1892 sunt
1701 1837 1898 1892 solum
1919 1853 2055 1910 qua
2077 1851 2180 1892 no-

527 1925 620 1980 bis
644 1924 924 1980 accidunt
943 1925 1358 1996 aerumnamed
1382 1942 1467 1981 ere
1497 1927 1678 1981 etiam
1699 1943 1835 1998 quae
1859 1925 2087 1981 amicos
2109 1940 2180 1980 ac

525 2015 907 2087 propinquos
939 2015 1172 2071 tristitia
1193 2015 1486 2071 afﬁciunt.
1512 2018 1706 2081 Quare
1731 2015 1908 2070 fuerit
1935 2029 2180 2070 necesse

525 2105 818 2174 gaudium
838 2109 894 2160 et
910 2105 1128 2160 animae
1150 2105 1510 2161 hilaritatem
1534 2121 1607 2162 ex
1627 2105 1719 2160 his
1735 2105 2020 2161 omnibus
2040 2119 2181 2160 con-

525 2192 678 2248 ﬂari.
704 2196 1113 2265 Praetereaque
1144 2194 1192 2248 si
1223 2195 1475 2266 quando
1505 2195 1816 2264 contingat
1837 2194 2037 2250 videre
2067 2193 2177 2249 ini-

525 2281 823 2338 micorum
872 2283 1130 2348 ruinam,
1160 2283 1850 2355 plagasinsidiatorum,
1888 2299 2178 2356 repensas

523 2370 812 2428 beneﬁcis
840 2371 1022 2437 vices,
1051 2377 1108 2427 et
1137 2373 1196 2427 in
1228 2389 1489 2436 summa,
1519 2373 1566 2427 si
1598 2372 1764 2428 nulla
1797 2372 2047 2428 omnino
2078 2372 2182 2428 ad-

526 2459 713 2515 sitaut
729 2465 1107 2531 exspectetur
1127 2459 1564 2533 molestia.quaa
1586 2467 1857 2517 nostram
1875 2461 2182 2534 perturbet

523 2547 725 2619 vitam,
753 2549 832 2604 ita
853 2549 1101 2605 demum
1123 2550 1327 2605 anima
1349 2551 1614 2619 gaudere
1636 2567 1707 2606 ac
1735 2550 1923 2605 laetari
1943 2551 2177 2622 poterit.

526 2638 844 2702 Quomodo
874 2655 1018 2709 ergo
1039 2639 1248 2695 datum
1281 2639 1458 2695 nobis
1491 2644 1582 2696 est
1610 2639 2181 2712 praeceptum,quod

525 2725 837 2782 voluntate
867 2744 993 2783 non
1022 2729 1350 2800 peragitur,
1385 2729 1494 2785 sed
1525 2746 1594 2785 ex
1623 2729 1756 2785 aliis
1788 2730 1987 2785 causis
2015 2731 2181 2802 prius

525 2815 879 2871 memoratis
896 2815 1226 2888 dependet?
1250 2820 1770 2891 Rursus,quanam
1787 2818 2014 2876 ratione
2035 2819 2180 2874 assi-

525 2903 646 2958 due
667 2903 982 2975 precabor,
1006 2906 1468 2963 necessitatibus
1496 2909 1764 2980 corporis
1789 2907 2180 2964 attentionem

524 2993 713 3048 animi
733 2992 814 3048 ad
842 3009 905 3048 se
933 2995 1274 3051 necessario
1295 2997 1715 3065 avocantibus,
1741 3013 1878 3053 cum
1901 2997 2030 3052 ﬁeri
2058 3012 2181 3053 non

524 3082 720 3153 possit
748 3087 810 3137 ut
829 3099 1003 3138 mens
1033 3085 1093 3138 in
1119 3084 1272 3139 duas
1295 3086 1475 3140 simul
1500 3102 1677 3142 curas
1692 3086 2062 3143 distrahatur
2081 3087 2108 3141 ‘I

595 3173 651 3224 2.
674 3171 854 3243 Atqui
878 3171 938 3226 in
968 3173 1258 3228 omnibus
1285 3174 1652 3246 imperatum
1684 3175 1832 3232 mihi
1875 3181 1964 3231 est
2001 3190 2180 3244 agere

522 3259 768 3327 gratias.
798 3266 1068 3330 Agamne
1107 3263 1333 3330 gratias
1367 3265 1681 3319 tormentis
1721 3265 2028 3330 admotus,
2051 3279 2181 3335 per-

523 3360 761 3415 cussus,
789 3347 849 3402 in
879 3354 1012 3404 rota
1042 3348 1358 3419 distentus,
1381 3350 1574 3406 oculis
1598 3349 1834 3406 effossis
1853 3354 1881 3408 ?
1903 3356 1994 3406 An
2021 3349 2181 3422 turpi

522 3433 708 3507 plaga
737 3434 816 3491 ab
849 3451 926 3492 eo
957 3437 1061 3509 qui
1103 3437 1320 3508 oderit,
1351 3445 1620 3511 accepta,
1653 3444 1854 3510 grates
1891 3439 2181 3496 habebo?

523 3539 602 3580 an
632 3524 850 3594 frigore
878 3526 1181 3594 astrictus,
1227 3527 1389 3584 fame
1437 3529 1822 3602 praefocatus,
1855 3530 2090 3586 vinctus
2119 3530 2180 3585 in

524 3614 805 3685 equuleo,
859 3615 1057 3672 liberis
1111 3617 1311 3675 subito
1367 3618 1636 3689 orbatus,
1695 3626 1799 3676 aut
1839 3619 2018 3676 etiam
2048 3619 2182 3692 ipsa

522 3719 709 3760 uxore
735 3704 1029 3776 spoliatus
1047 3707 1074 3763 ?
1094 3722 1172 3762 an
1194 3707 1496 3764 bonorum
1520 3711 1696 3781 copia
1717 3726 1964 3766 eversus
1993 3709 2072 3766 ob
2093 3725 2180 3765 re-

522 3794 836 3864 pentinum
850 3795 1268 3866 naufragium?
1290 3798 1404 3869 26
1421 3800 1698 3871 nunquid
1720 3799 1766 3854 si
1781 3799 1932 3855 mari
1951 3799 2008 3854 in
2024 3799 2180 3871 pira-

525 3885 637 3948 tas,
669 3881 763 3937 vel
789 3883 838 3938 si
865 3889 1023 3940 terra
1052 3885 1366 3940 inciderim
1390 3887 1451 3942 in
1479 3887 1742 3943 latrones
1757 3888 1784 3942 ‘?
1807 3904 1954 3943 num
1976 3888 2180 3944 vulne-

520 3975 706 4041 ratus,
739 3973 1045 4043 appetitus
1066 3974 1405 4040 calumniis,
1428 3977 1921 4046 vagabundus,in
1939 3992 2178 4032 carcere

521 4058 822 4116 inclusus?
851 4061 988 4116 Haac
1017 4067 1072 4116 et
1101 4062 1300 4118 adhuc
1332 4063 1424 4118 his
1445 4064 1642 4136 plura,
1668 4065 2072 4135 legislatorem
2094 4066 2178 4121 in-

523 4148 900 4216 simulantes,
932 4150 1242 4219 colligunt,
1273 4168 1344 4207 ac
1368 4169 1478 4208 sua
1499 4153 1771 4225 ipsorum
1802 4160 2051 4226 peccata
2081 4171 2177 4211 ex-

521 4253 730 4294 cusare
762 4245 994 4310 putant,
1027 4240 1173 4296 dum
1203 4239 1346 4297 data
1377 4241 1555 4298 nobis
1585 4249 1908 4316 praecepta,
1927 4244 2177 4316 perinde

521 4342 593 4384 ac
623 4328 671 4382 si
701 4327 936 4400 impleri
959 4336 1284 4403 nequeant,
1315 4331 1779 4388 calumniantur.
1815 4333 1969 4399 Quid
1997 4334 2177 4407 igitur

519 4415 822 4509 dicemus?
843 4419 1156 4487 Nimirum,
1187 4421 1352 4492 quod
1373 4421 1510 4477 licet
1537 4421 1653 4478 alio
1682 4428 1906 4495 spectet
1924 4428 2174 4496 Aposto-
2209 4458 2252 4509 D

518 4502 634 4572 lus,
666 4511 1038 4578 coneturque
1067 4525 1098 4564 e
1129 4509 1372 4565 terrain
1392 4510 1649 4566 sublime
1665 4512 1919 4568 evehere
1939 4514 2176 4570 animas

519 4597 782 4663 nostras,
819 4599 998 4666 atque
1019 4596 1093 4652 ad
1129 4597 1430 4654 caelestem
1460 4599 1796 4672 quamdam
1825 4601 2062 4658 vivendi
2085 4619 2176 4658 ra-

517 4680 745 4737 tionem
769 4697 883 4738 nos
906 4685 1244 4742 transferre:
1277 4691 1475 4743 tamen
1499 4688 1594 4744 isti
1613 4689 1803 4746 altum
1822 4690 2177 4762 legislatoris

521 4785 770 4827 sensum
791 4787 914 4827 non
935 4775 1214 4842 assecuti,
1245 4775 1352 4831 sed
1385 4777 1544 4833 circa
1569 4781 1792 4834 terram
1822 4785 1880 4835 et
1907 4796 2173 4853 carnem,

519 4865 586 4918 ut
613 4877 847 4918 vermes
875 4863 937 4919 in
967 4880 1160 4931 caeno,
1205 4865 1288 4922 ita
1324 4866 1386 4921 in
1433 4869 1701 4939 corporis
1745 4869 2173 4942 cupiditatibus

517 4950 790 5020 volutati,
817 4953 1130 5026 possintne
1160 4955 1495 5028 apostolica
1529 4957 1824 5016 mandata
1849 4959 2070 5017 conﬁci
2088 4960 2176 5016 in-

595 5133 640 5168 ¹⁶
681 5131 843 5189 Psal.
877 5147 1006 5203 cn,
1035 5135 1088 5190 4.

591 5311 703 5379 (64)
747 5313 995 5388 __Veteres
1051 5311 1323 5386 quinque
1378 5311 1513 5370 libri
1568 5315 1967 5388 προφασίζεται.
2027 5315 2176 5374 Edili

519 5382 935 5452 προφασίζηται.

758 5455 899 5533 Reg.
945 5453 1183 5533 primus
1230 5454 1448 5520 ’Ἑξωθεν
1478 5459 1598 5533 -γάρ
1649 5457 1750 5533 εισι
1796 5459 1880 5512 τά.
1918 5460 2048 5533 _Nec_
2094 5458 2175 5533 ita

523 5521 713 5602 multo
743 5529 878 5602 post
925 5521 1071 5602 duo‘
1097 5543 1247 5602 ιῃεε.
1285 5521 1587 5602 Δχρημάτων
1633 5530 1850 5602 εὕρεσις.
1909 5528 2173 5586 Subinde

524 5549 713 5578 ωυιιυ
744 5549 878 5595 μυδι
925 5549 1048 5580 υυυ
1097 5549 1244 5583 IIISS.
1341 5549 1587 5601 ρηματων
1633 5549 1850 5602 ευρεσις.
1909 5549 2080 5586 δυοιῑ

520 5596 663 5666 Reg.
696 5594 930 5670 primus
952 5600 1012 5653 et
1035 5597 1201 5656 Colb.
1234 5549 1440 5655 itidem
1467 5601 1701 5674 τράπεζα
1722 5601 2080 5660 πληθύνουσα.

2287 1853 2371 1888 τα.
2411 1833 2572 1887 “ﬂare
2613 1834 2668 1888 ἐκ
2708 1839 2912 1888 πάντων
2958 1839 3151 1888 τούτων
3201 1835 3398 1906 ἀνάγκη
3449 1833 3789 1908 ἀθροίζεσθαι
3831 1836 3898 1884 τὸ

2287 1927 2570 1999 περιχαρὲς
2617 1930 2706 1977 καὶ
2760 1928 2990 1998 εῶθυμον
3045 1935 3141 1986 τῆς
3186 1925 3394 1997 ψυχῆς.
3447 1928 3548 1976 Καὶ
3589 1925 3718 1996 πρός
3769 1922 3900 1973 τού·

2287 2031 2416 2080 τοις,
2470 2015 2589 2066 ὅταν
2645 2016 2769 2089 όρᾲν
2827 2016 3045 2088 ὑπάρχῃ
3098 2013 3301 2088 ἐχθρῶν
3348 2016 3729 2072 καταπτώσεις,
3779 2009 3902 2062 ἐπι-

2289 2100 2482 2154 ϐούλων
2527 2102 2751 2174 πληγὰς,
2803 2102 3076 2177 εὐεργετῶν
3125 2101 3367 2175 ἀμοιϐὰς,
3417 2105 3507 2152 καὶ
3573 2098 3902 2161 ἁπαξαπλῶς

2288 2187 2371 2242 ἐὰν
2413 2197 2545 2264 μήτε
2587 2197 2750 2267 παρόν
2794 2212 2846 2245 τι
2892 2201 2992 2245 τῶν
3049 2187 3340 2254 δυσκόλων,
3393 2195 3520 2262 μήτε
3571 2184 3898 2260 προσδοκώ-

2287 2300 2434 2354 μενον
2481 2281 2608 2343 ὅλως
2662 2285 2756 2340 τὴν
2805 2282 2944 2342 ζωὴν
2999 2283 3144 2352 ἡμῶν
3202 2279 3553 2353 ἐπιταράσση·
3620 2281 3735 2328 τότε
3784 2272 3896 2329 δυ-

2286 2373 2436 2422 νατόν
2465 2368 2765 2442 ἐγγίνεσθαι
2804 2379 2866 2444 τῇ
2913 2370 3066 2443 ψυχῇ
3100 2373 3193 2428 τήν
3222 2371 3417 2444 χαράν.
3468 2374 3586 2428 Πῶς
3609 2363 3695 2418 οὖν
3725 2369 3898 2438 πρόσ-

2287 2477 2464 2532 ταγμα
2493 2463 2616 2532 ἡμῖν
2645 2456 2860 2512 δέδοται
2889 2463 2946 2512 τὸ
2987 2463 3059 2532 μὴ
3107 2457 3161 2510 ἐκ
3208 2461 3560 2532 προαιρέσεως
3603 2455 3897 2529 κατορθού-

2287 2568 2434 2622 μενον
2464 2592 2477 2616 ,
2557 2548 2664 2601 ἀλλ’
2743 2548 3144 2620 ἐπακολούθημα
3223 2547 3402 2622 ἐτέρων
3483 2548 3893 2620 προηγουμένων

2289 2640 2568 2714 ύπάρχον;
2613 2647 2728 2702 Πῶς
2756 2636 2816 2692 δὲ
2852 2644 2942 2692 καὶ
2985 2635 3332 2700 ἀδιαλείπτως
3378 2636 3751 2710 προσεύξομαι,
3783 2641 3895 2685 τῶν

2289 2736 2380 2780 τοῦ
2441 2735 2678 2802 σώματος
2742 2737 2936 2804 χρειῶν
3007 2727 3299 2800 ἀναγκαίως
3368 2730 3462 2785 τὴν
3533 2727 3723 2777 ἔννοιαν
3790 2730 3900 2783 τῆς

2289 2817 2478 2889 ψυχῆς
2514 2827 2964 2892 περιστρεφουσῶν
3010 2822 3143 2891 πρὸς
3189 2817 3395 2884 ἑαυτὰς,
3443 2811 3702 2868 ἀδυνάτου
3743 2814 3896 2873 ὄντος

2290 2911 2426 2960 κατά
2465 2913 2653 2961 ταυτὸν
2704 2912 2834 2984 πρὸς
2881 2905 2977 2960 δύο
3024 2911 3276 2983 μερίιινας
3317 2909 3410 2964 τὴν
3458 2901 3691 2958 διάνοιαν
3729 2919 3901 2954 κατα-

2292 2999 2566 3070 τίμνεσθαι
2586 3014 2601 3066 ;

2361 3180 2415 3232 2.
2452 3175 2604 3228 Ἀλλά
2631 3179 2721 3228 καὶ
2747 3173 2796 3227 ἐν
2825 3177 2982 3227 παντί
3011 3194 3100 3248 μοι
3137 3173 3474 3246 εὐχαριστεῖν
3529 3166 3898 3225 διατέτακται.

2291 3264 2686 3340 Εύχαριστήσω
2717 3263 3135 3337 στρεϐλούμενος,
3168 3263 3513 3334 αἰκιζόμενος,
3561 3259 3645 3313 ἐπὶ
3691 3265 3902 3334 τροχοῦ

2289 3358 2739 3426 κατατεινόμενος,
2799 3357 2921 3416 τοὺς
2978 3353 3272 3426 ὀφθαλμούς
3328 3351 3732 3423 ἕκκοπτόμενος;
3785 3347 3901 3401 E6-

2288 3449 2609 3516 χαριστήσω
2650 3446 2966 3515 τυπτόμενος
2989 3445 3100 3514 (66)
3134 3445 3223 3500 την
3265 3442 3450 3514 ἄτιμον
3498 3439 3700 3510 πληγὴν
3746 3439 3904 3509 παρά

2288 3542 2380 3586 τοῦ
2420 3541 2744 3606 μισούντοςς
2802 3536 3128 3606 πηγνύμενος
3182 3534 3282 3585 ὑπὸ
3334 3538 3426 3583 τοῦ
3478 3529 3704 3604 κρύους,
3753 3526 3900 3598 λιμῷ

2290 3627 2701 3696 καταγχόμενος,
2752 3621 2837 3675 ἐπὶ
2891 3629 2982 3674 τοῦ
3035 3621 3187 3684 ξύλου
3245 3616 3536 3692 δεδεμένος,
3586 3616 3899 3677 ἀτεκνωθεὶς

2291 3711 2509 3786 ἀθρόως,
2540 3713 2570 3770 ἢ
2610 3715 2700 3764 καὶ
2739 3721 2836 3773 τῆς
2888 3714 3134 3783 γυναικός
3191 3710 3357 3772 αὐτῆς
3410 3709 3783 3782 ἐστερημένος;
3834 3703 3899 3756 ἐκ

2287 3807 2548 3874 ναυαγίων
2633 3799 2874 3872 ἐξαίφνης
2941 3799 3166 3853 ἐκπεσὼν
3251 3799 3549 3871 εύπορίας;
3617 3801 3898 3869 πειραταῖς

2289 3895 2424 3944 κατὰ
2481 3890 2747 3943 θάλασσαν
2773 3931 2786 3956 ,
2864 3888 2894 3947 ἢ
2952 3887 3175 3962 λῃσταῖς
3230 3888 3346 3940 κατ’
3415 3889 3625 3959 ἤπειρον
3680 3903 3903 3956 περιτυ-

2288 3986 2402 4053 χών
2447 3982 2595 4044 (67);
2655 3981 2931 4051 τραύματα
2982 3981 3156 4050 ἔχων,
3204 3977 3715 4048 συκοφαντούμενος,
3766 3971 3904 4030 ἀλη-

2287 4072 2465 4135 τεύων,
2509 4071 2567 4120 τὸ
2617 4064 2979 4141 δεσμωτήριον
3023 4068 3214 4134 οἰκῶνς
3262 4073 3443 4119 Ταῦτα
3482 4068 3573 4116 καὶ
3616 4066 3690 4116 ἔτι
3731 4060 3902 4114 πλεὶω

2287 4161 2501 4225 τούτων,
2561 4164 2968 4231 κατηγοροῦντες
3029 4164 3122 4208 τοῦ
3177 4157 3476 4228 νομοθέτου,
3539 4170 3898 4224 συνειρουσιν,

2287 4246 2568 4319 ἀπολογίαν
2650 4255 2750 4298 τῶν
2843 4246 3192 4320 ἀμαρτμάτων
3281 4244 3484 4306 ἑαυτοῖς
3575 4239 3901 4313 εὐτρεπίζειν

2285 4339 2564 4409 ἡγούμενοι
2619 4339 2713 4393 τὴν
2781 4333 2867 4388 ἐπὶ
2927 4343 3037 4396 τοῖς
3099 4331 3522 4407 διατεταγμένοις
3587 4332 3750 4403 ἡμῖν,
3820 4330 3901 4389 ὡς

2287 4423 2585 4491 ἀδυνάτοις,
2615 4421 2650 4477 δ
2656 4423 2885 4482 ιαϐολην.
2917 4429 2982 4476 Τί
3010 4421 3097 4476 οὖν
3137 4443 3336 4498 φαμεν;
3383 4422 3524 4488 Ὀτι,
3565 4423 3694 4493 πρὸς
3739 4419 3901 4491 ἕτερα

2287 4513 2564 4589 βλέποντος
2613 4522 2705 4567 τοῦ
2760 4512 3111 4581 Ἀποστόλου,
3165 4519 3255 4568 καὶ
3328 4516 3422 4576 τὰς
3484 4511 3671 4583 ψυχὰς
3738 4509 3896 4581 ἡμῶν

2284 4608 2598 4679 πειρωμένου
2665 4605 2899 4676 χαμόθεν
2965 4607 3096 4678 πρὸς
3161 4603 3294 4676 ὕψος
3358 4602 3722 4677 μετεωρίζειν,
3792 4603 3893 4652 καὶ

2286 4692 2369 4746 ἐπὶ
2443 4696 2501 4744 τό
2575 4692 2810 4766 οὐράνιον
2887 4694 3216 4763 μετατιθέναι
3289 4691 3612 4764 πολίτευμα,
3689 4691 3737 4740 οί
3808 4692 3889 4760 μὴ

2285 4781 2636 4855 ἐφικνούμενοι
2700 4788 2795 4843 τῆς
2850 4781 3190 4855 μεγαλονοίας
3235 4790 3326 4834 τοῦ
3391 4781 3705 4853 νομοθέτου,
3765 4782 3894 4851 περὶ

2283 4880 2379 4942 γῆν
2409 4875 2500 4922 καὶ
2542 4872 2761 4943 σάρκας,
2823 4870 2891 4932 ὡς
2947 4876 3064 4943 περὶ
3107 4870 3268 4944 τέλμα
3322 4869 3602 4934 σκώληκες,
3645 4865 3893 4918 ἰλυσπώ-

2285 4979 2428 5034 μενοι
2457 4958 2510 5012 ἐν
2536 4967 2645 5024 τοῖς
2692 4967 2783 5012 τοῡ
2840 4965 3081 5034 σώματος
3130 4962 3342 5027 πάθεσι,
3396 4963 3454 5012 τό
3509 4953 3728 5010 δυνατόν
3782 4961 3893 5006 τῶν

2357 5316 2472 5387 (66)
2512 5315 2684 5390 Illud,
2737 5316 3115 5390 εύχαριστῄσω
3145 5319 3479 5389 τυπτόμενος,
3529 5311 3893 5390 addidimus

2285 5404 2354 5443 ex
2369 5386 2682 5444 veteribus
2710 5386 2939 5460 septem
2968 5387 3155 5460 libris.
3191 5386 3321 5443 Mox'
3349 5393 3466 5460 tres
3486 5401 3610 5441 mss
3659 5386 3760 5437 ύπό
3793 5393 3892 5437 τοῦ

2283 5459 2750 5534 κρύουςηᾼὺθτειὶ
2780 5459 3069 5534 articulus
3101 5459 3450 5534 a__vulgatis.

2357 5533 2464 5604 (67)
2505 5533 2739 5586 Veteres
2795 5530 3064 5604 quinque
3115 5530 3258 5604 libri
3300 5533 3508 5604 ἤπειρον
3556 5531 3884 5602 περιτυχών.

2282 5600 2770 5677 Εάἰῐὶπεριπεσών,
2794 5600 3263 5659 Ηαιιᾶᾶίεεὶωίιί
3282 5600 3486 5658 sensu.
