4088 6194
221 292 321 346 221

1300 291 1588 345 HOMILIA
1627 289 1718 342 DE
1756 287 2162 345 GRATIARUM
2200 293 2522 349 ACTIONE.

3487 291 3594 344 222

217 412 585 466 ἂποστολικῶν
654 409 938 475 διατάξεων
1006 412 1337 468 ἀπαιτοῦσιν.
1380 414 1437 466 Ὀ
1494 410 1554 464 δε
1618 430 1820 484 προκα-

1943 411 2198 483 quit-unt.
2215 417 2542 488 Apostolus
2566 421 2765 472 autem
2780 430 2902 471 non
2920 415 3052 485 jam
3065 411 3328 484 amplius
3343 411 3405 466 in
3417 399 3596 467 carne

212 503 382 556 λεῖται
411 504 527 571 (68)
561 503 633 565 εἰς
674 507 733 556 τό
762 506 984 556 πάντοτε
1031 509 1236 577 χαίρειν
1285 504 1412 576 οὐχὶ
1442 507 1528 556 τὸν
1567 506 1818 574 τυχόντα,

215 593 344 644 ἀλλὰ
375 597 464 644 τὸν
516 595 624 655 οἶος
671 593 826 654 αὐτὸς
875 591 957 660 ἧν,
1002 594 1173 646 ούκίτι
1219 594 1320 654 ζῶν
1369 593 1417 646 ἐν
1468 598 1645 666 σαρκὶ,
1697 591 1824 643 ἀλλὰ

216 682 390 743 ζῶντα
427 685 571 754 ἔχων
620 680 669 733 ἕν
714 681 879 752 ἐαυτῷ
925 685 1014 734 τὸν
1060 687 1311 756 Χριστόν,
1359 684 1427 745 ὡς
1473 691 1570 744 τῆς
1604 684 1736 756 πρὸς
1763 685 1822 732 τὸ

213 771 509 843 ἀκρότατον
551 779 654 823 τῶν
703 769 913 841 ἀγαθῶν
955 776 1232 844 συναφείας
1279 769 1541 846 μηδαμῶς
1581 777 1675 830 τὴν
1722 769 1823 823 ἀπὸ

211 869 310 912 τῶν
383 861 638 933 ὀχληρῶν
697 868 794 922 τῆς
860 865 1057 936 σαρκὸς
1118 865 1444 935 συμπάθειαν
1511 859 1820 933 δεχομένης·

209 949 365 1002 Ἀλλὰ
419 949 524 1002 κᾶν
583 946 941 1008 διακόπτηται
997 952 1028 1010 ἠ
1090 951 1241 1026 σὰρξ,
1293 954 1324 1009 ἡ
1392 959 1488 1012 τῆς
1549 954 1826 1021 συνεχείας

215 1035 466 1102 διάλυσις
555 1036 854 1111 ἓναπομένει
927 1047 1002 1110 τῷ
1083 1042 1362 1094 πεπονθότι
1425 1047 1518 1093 τοῦ
1587 1046 1825 1112 σώματος

210 1134 375 1200 peiore,
445 1135 549 1190 τῆς
619 1125 914 1190 διαδόσεως
974 1136 1065 1182 τοῦ
1129 1128 1410 1191 λυποῦντος
1468 1128 1528 1182 ού
1597 1125 1825 1200 δυναμέ-

209 1239 298 1279 νης
359 1214 694 1270 διικνεῖσθαι
746 1221 877 1291 πρὸς
923 1220 982 1269 τὸ
1031 1221 1202 1292 νοερὸν
1246 1228 1343 1281 τῆς
1385 1217 1591 1290 ψυχῆς.
1625 1218 1686 1270 Εἰ
1723 1220 1824 1289 γὰρ

209 1306 576 1379 ἐθηρεύσαμεν
633 1310 699 1359 τὰ
763 1306 890 1378 μέλη
953 1308 1019 1358 τὰ
1075 1305 1159 1359 ἐπὶ
1220 1315 1316 1369 τῆς
1369 1316 1489 1378 γῆς,
1552 1309 1688 1359 κατὰ
1734 1309 1828 1366 τὰς

207 1398 496 1456 ὑποθήκας
540 1403 636 1448 τοῦ
696 1395 1051 1463 Ἀποστόλου,
1115 1400 1204 1448 καὶ
1269 1401 1364 1454 τὴν
1427 1400 1676 1469 νέκρωσιν
1736 1402 1828 1447 τοῦ

205 1486 388 1543 Ἰησοῦ
438 1484 494 1537 ἐν
543 1493 619 1555 τῷ
678 1491 881 1556 σώματι
934 1490 1292 1558 περιεφέρομεν
1340 1487 1478 1555 (69),
1540 1484 1830 1556 ἀναγκαίως

207 1579 237 1632 ἑ
292 1575 400 1626 ἀπὸ
453 1581 552 1626 τοῦ
600 1578 972 1646 νενεκρωμένου
1024 1581 1263 1646 σώματος
1311 1573 1486 1645 πληγή
1549 1579 1680 1647 πρὸς
1733 1579 1827 1632 τὴν

209 1663 607 1736 ἐπολελυμὲνην
652 1671 747 1724 τῆς
799 1667 1075 1734 συναφείας
1120 1663 1280 1716 αύτοῦ
1325 1662 1506 1734 ψυχὴν
1550 1664 1608 1714 ού
1639 1668 1828 1736 χωρή-

212 1773 312 1807 σεε.

209 1843 304 1895 οὐκ
357 1840 725 1898 ἀναϐήσονται
772 1844 904 1912 πρὸς
947 1844 1033 1892 τὸν
1080 1848 1217 1908 νοῦν,
1263 1838 1386 1894 οὐδὲ
1432 1841 1827 1912 καταστέψουσι

208 1937 265 1984 το
316 1931 531 2002 ὑψηλὸν
575 1939 673 1992 τῆς
718 1930 906 2002 ψυχῆς
947 1935 1077 2005 πρὸς
1105 1936 1199 1990 τὴν
1246 1928 1350 1984 ὧδε
1391 1933 1734 2004 συμπάθειαν.
1769 1930 1830 1983 Εἰ

209 2029 300 2097 μὲν
349 2026 464 2097 γὰρ
534 2024 603 2074 τὰ
667 2022 801 2073 αὐτὰ
861 2030 1108 2094 φρονοῦσι
1162 2031 1235 2092 τῷ
1303 2019 1568 2093 σνουδαίῳ
1613 2025 1661 2074 οἱ
1713 2029 1828 2083 ταῖς

211 2111 533 2173 δνσκολίαις
565 2116 949 2184 περιπεσόντες,
1005 2111 1063 2162 ού
1110 2111 1395 2184 παρέξουσι
1442 2111 1605 2173 λύπας
1653 2111 1824 2185 ἑτέρῳ,

211 2206 262 2255 οῖ
311 2222 371 2274 γε
426 2197 565 2275 μηδ’
618 2201 768 2252 αὐτοὶ
822 2200 1066 2272 λυπηρῶς
1124 2197 1452 2275 διαφέροντες
1502 2203 1570 2252 τὰ
1627 2205 1829 2272 συμπί-

211 2312 434 2344 πτοντω
490 2291 535 2344 εἰ
592 2287 652 2342 δε
699 2293 834 2341 κατὰ
881 2293 1051 2364 σάρκα
1094 2291 1274 2357 ζῶσιν,
1321 2287 1436 2342 οὐδ’
1478 2291 1611 2342 οὕτω
1656 2289 1830 2346 λυπή-

217 2402 405 2435 σουσιν
451 2382 591 2451 (70),
639 2378 742 2429 ἀλλ’
789 2378 990 2431 ἕλεεινοὶ
1037 2382 1398 2454 κριθήσονται,
1432 2381 1490 2432 ού
1532 2388 1633 2431 τῶν
1679 2399 1830 2452 περι-

213 2473 460 2524 στάσεων
515 2467 730 2542 μᾶλλον,
801 2469 831 2526 ἦ
896 2475 988 2521 τοῦ
1055 2473 1123 2541 μὴ
1187 2471 1555 2543 προαιρεῖσθαι
1607 2470 1718 2538 (⁸71)
1764 2471 1831 2520 τὰ

212 2557 428 2612 δέοντα.
464 2557 638 2618 Ὀλως
670 2553 728 2610 δὲ
755 2557 936 2629 ψυχὴ,
969 2559 1000 2616 ἡ
1033 2558 1173 2620 ἅπαξ
1200 2555 1556 2632 προσδεθεῖσα
1586 2567 1657 2628 τῷ
1685 2559 1830 2627 πόθῳ

207 2657 306 2700 τοῦ
364 2651 684 2710 κτίσαντος,
735 2650 826 2698 καὶ
879 2653 988 2708 τοῖς
1045 2645 1149 2698 ἐκεῖ
1209 2646 1447 2698 κάλλεσιν
1509 2645 1826 2719 ἐνειθισμίνη

207 2734 629 2811 οαιδρύνεσθαι,
676 2738 734 2786 τὸ
780 2737 1065 2808 περιχαρες
1110 2735 1272 2796 αὐτῆς
1319 2741 1409 2787 καὶ
1457 2738 1674 2809 εὔθυμον
1729 2737 1827 2787 ύπό

205 2836 306 2888 τῆς
365 2826 619 2887 ποικίλης
673 2829 1050 2897 μεταπτώσεως
1101 2833 1200 2877 τῶν
1261 2835 1522 2900 σαρκικῶν
1574 2828 1827 2899 παθημά-

204 2935 308 2968 των
341 2917 406 2968 ού
439 2913 740 2987 μεταϐαλεῖ·
785 2913 910 2965 ἀλλά
959 2915 1022 2965 τά
1069 2922 1177 2976 τοῖς
1225 2914 1398 2976 ἄλλοις
1434 2915 1644 2987 λυπηρὰ
1667 2929 1862 2989 προσ-”

206 3006 379 3061 θήκην
429 3003 758 3076 εὐφροσύνης
802 3007 1100 3060 ποιήσεται.
1154 2999 1275 3065 Οἷος
1324 3000 1384 3061 ἦν
1431 3005 1456 3054 ό
1495 3002 1822 3070 Ἀπόστο).ος,

1932 501 2162 571 vivens,
2185 505 2289 560 sed
2316 507 2611 562 viventem
2636 506 2869 562 habens
2889 504 2949 559 in
2969 503 3170 574 scipso
3193 501 3490 557 Christum
3522 502 3592 567 ιτ,

1933 606 2055 647 non
2077 595 2422 665 quemlibet,
2441 597 2544 652 sed
2568 598 2661 651 sui
2685 595 2941 651 similem
2970 593 3046 648 ad
3071 592 3424 648 continuum
3448 602 3591 661 gau‘

1934 679 2103 737 dium
2133 685 2343 740 invitat
2372 702 2384 740 :
2415 686 2641 758 quippe
2663 685 2807 757 quia
2830 698 3045 754 graves
3069 698 3137 737 ac
3160 681 3444 736 molestas
3466 673 3595 735 car'

1937 771 2029 825 nis
2058 771 2404 829 affectiones
2435 791 2559 830 non
2601 774 2861 830 admittit
2908 771 3117 827 isthmc
3167 787 3305 825 cum
3355 782 3596 824 summo

1935 858 2102 915 bono
2125 863 2492 932 conjunctio.
2527 868 2652 919 Imo
2673 879 2816 918 vero
2837 861 3078 918 etiamsi
3099 858 3411 915 scindatur
3430 871 3596 921 caro,

1936 949 1997 1005 in
2028 965 2101 1006 ea
2129 953 2400 1024 corporis
2431 959 2599 1026 parte
2629 969 2768 1026 quae
2816 952 2975 1008 male
3015 949 3294 1015 afﬁcitur,
3324 949 3598 1003 remanet

1937 1041 2347 1097 continuitatis
2370 1043 2707 1110 dissolutio,
2731 1059 2841 1098 nec
2862 1057 3137 1114 unquam
3160 1038 3236 1095 ad
3264 1035 3596 1104 intelligen-

1937 1134 2057 1186 tem
2079 1131 2262 1186 animi
2277 1137 2506 1204 partem
2520 1136 2853 1205 pertingere
2875 1136 3066 1204 potest
3080 1129 3304 1186 doloris
3323 1139 3597 1182 commu-

1938 1221 2176 1276 nicatio.
2204 1224 2432 1278 Etenim
2455 1224 2501 1278 si
2519 1224 2692 1294 juxta
2713 1221 2979 1298 Apostoli
3005 1223 3372 1292 praeceptum
3397 1231 3591 1270 mem-

1937 1309 2049 1365 bra
2066 1325 2202 1380 quae
2225 1317 2366 1366 sunt
2385 1328 2564 1384 super
2583 1317 2800 1368 terram
2821 1307 3392 1374 mortiticaremus“,
3414 1309 3592 1374 atque

1938 1393 1998 1448 in
2021 1411 2274 1466 corpore
2295 1396 2815 1452 circumferremus
2836 1390 3590 1454 mortiﬁcationemJesu”,

1938 1499 2186 1540 necesse
2213 1491 2368 1541 esset
2387 1491 2451 1541 ut
2481 1487 2826 1542 mortiﬁcati
2856 1484 3126 1556 corporis
3149 1481 3334 1554 plaga
3362 1478 3442 1534 ad
3470 1477 3594 1533 ani-

1941 1589 2103 1628 mam
2123 1574 2202 1630 ab
2215 1575 2346 1645 ejus
2357 1576 2782 1646 conjunctione
2807 1575 3070 1630 solutam
3090 1588 3212 1628 non
3234 1567 3590 1642 perveniret.

1940 1665 2087 1718 Nam
2111 1663 2836 1736 ignominite,damnaque
2855 1670 2911 1720 et
2931 1662 3414 1736 propinquorum
3431 1670 3594 1712 mors

377 1752 628 1823 Ἀτιμίαι
682 1748 740 1803 δε
790 1757 882 1802 καὶ
936 1753 1143 1824 ζημίαι,
1193 1757 1284 1804 καὶ
1351 1752 1550 1806 οἰκείων
1619 1754 1828 1804 θάνατοι

1943 1753 2418 1826 haudquaquam
2433 1755 2762 1810 ascendent
2778 1755 2855 1810 ad
2877 1759 3170 1818 mentem;
3192 1764 3388 1822 neque
3407 1743 3594 1802 animi

1938 1843 2350 1898 celsitudinem
2365 1843 2448 1898 ita
2459 1843 2856 1909 demittent,ut
2867 1859 3065 1900 rerum
3079 1838 3463 1913 praesentium
3477 1851 3595 1890 sen°

1940 1927 2009 1987 Su
2041 1938 2509 1987 commoveatur.
2537 1933 2848 1988 Enimvero
2878 1930 3259 2006 quotquotin
3287 1939 3592 1983 aerumnas

1939 2020 2381 2081 delabuntur.si
2400 2021 2558 2076 idem
2579 2023 2746 2094 quod
2768 2023 2858 2078 vir
2872 2021 3104 2095 probus
3123 2018 3595 2084 sentiunt,nego-

1942 2111 2090 2166 tium
2112 2111 2411 2165 iacessent
2438 2112 2665 2166 nemini
2690 2130 2703 2179 ;
2737 2113 2970 2184 quippe
2991 2110 3095 2183 qui
3116 2124 3186 2164 ne
3208 2106 3323 2180 ipsi
3341 2103 3591 2177 quidem

1941 2198 2275 2254 accidentia
2295 2198 2407 2254 sibi
2431 2199 2592 2256 mala
2611 2215 2768 2270 aegre
2789 2196 3232 2264 ferant.0uodsi
3254 2193 3592 2250 secundum

1940 2303 2181 2344 carnem
2210 2287 2416 2343 vivunt
2430 2289 2499 2356 ³ο,
2522 2304 2718 2361 neque
2735 2290 2819 2344 sic
2834 2287 3198 2344 exhibebunt
3217 2282 3587 2348 molestiam;

1941 2378 2047 2434 sed
2068 2376 2455 2432 habebuntur
2475 2378 2872 2442 miserabiles,
2893 2393 3016 2433 non
3036 2377 3172 2432 ideo
3202 2373 3402 2446 potius
3421 2369 3591 2442 quod

1939 2467 2000 2523 in
2013 2467 2124 2524 has
2137 2467 2512 2524 calamitates
2531 2468 3055 2540 inciderint,quam
3069 2464 3234 2538 quod
3255 2478 3392 2534 quae
3408 2458 3591 2516 officii

1941 2561 2105 2622 sunt,
2127 2556 2240 2611 sibi
2257 2556 2535 2612 facienda
2555 2571 2676 2612 non
2690 2555 3134 2628 proposuerint.
3156 2555 3221 2607 Et
3237 2551 3300 2606 in
3320 2563 3584 2615 summa,

1937 2661 2074 2718 quae
2096 2645 2301 2701 anima
2320 2645 2504 2700 semel
2524 2643 3164 2706 Conditorisdesiderio
3177 2637 3588 2707 tenetur.ejus-

1937 2750 2057 2806 que
2079 2733 2523 2806 pulchritudine
2543 2734 2854 2789 consuevit
2881 2732 3184 2796 delectari,
3209 2730 3422 2796 ingens
3443 2724 3596 2781 illud

1938 2823 2233 2890 gaudium
2254 2827 2312 2876 et
2329 2821 2576 2877 delicias
2588 2823 2704 2877 hac
2725 2820 3077 2877 multiformi
3098 2816 3428 2875 carnalium
3453 2813 3593 2870 affe-

1938 2915 2141 2966 ctuum
2175 2911 2453 2966 varietate
2500 2911 2749 2966 minime
2780 2909 3181 2966 commutabit
3211 2927 3224 2964 :
3256 2911 3486 2965 contra.
3519 2918 3595 2958 ex

1936 2998 2159 3072 quibus
2181 2999 2520 3054 molestiam
2549 2999 2796 3071 capiunt
2817 2999 3034 3065 caeteri,
3059 3014 3130 3053 ea
3148 2997 3303 3052 illius
3326 2993 3596 3063 volupta-

203 3091 447 3146 εὐδοκῶν
498 3092 551 3145 ἓν
606 3091 907 3158 ἁνθενείαις,
959 3091 1006 3142 ἐν
1058 3091 1313 3162 θλίψεσιν,
1366 3091 1414 3144 ἐν
1465 3089 1735 3165 διωγμοῖς,
1779 3092 1826 3145 ἐν

1943 3094 2056 3144 tem
2087 3087 2416 3157 augebunt.
2444 3088 2748 3159 Ejusmodi
2778 3095 2905 3144 erat
2935 3085 3277 3160 Apostolus,
3301 3083 3405 3155 qui
3426 3082 3488 3136 in
3506 3080 3593 3136 in-

205 3182 496 3254 ἆνάγκαις,
534 3187 865 3254 καυχήματα
896 3181 1078 3233 ἑαυτοῦ
1116 3185 1211 3241 τὰς
1259 3177 1458 3243 ἐνδείας
1503 3185 1824 3255 ποιούμενος·

204 3271 254 3324 ἰν
285 3273 432 3343 λιμῷ
481 3276 577 3323 καὶ
629 3267 794 3340 δίψει,
829 3269 878 3322 ἐν
914 3269 1084 3341 ψύχει
1131 3275 1220 3322 καὶ
1262 3275 1569 3342 γυμνότητι,
1604 3270 1650 3322 ἐν
1696 3269 1828 3324 διω-

201 3369 360 3433 γμοῖς
417 3366 510 3411 καὶ
573 3365 950 3433 στενοχωρίαις
995 3362 1128 3426 (72),
1175 3358 1247 3432 ἐφ’
1293 3360 1368 3422 οἷς
1418 3359 1562 3412 ἄλλοι
1602 3357 1830 3413 δυσανα-

208 3458 482 3522 σχετοῦσι
513 3454 605 3500 καὶ
646 3452 777 3521 πρὸς
817 3452 905 3500 τόν
957 3446 1068 3521 βίον
1119 3447 1552 3523 ἀπαγορεύουσιν,
1587 3448 1669 3502 ἐπὶ
1717 3455 1832 3503 τού-

206 3558 318 3599 τοις
350 3539 519 3600 αὐτὸς
543 3536 938 3609 ἁγαλλιώμενος.
973 3539 1040 3589 Οἱ
1063 3542 1235 3589 τοίνυν
1267 3534 1599 3600 ἀπαιδεύτως
1622 3542 1833 3618 ἔχοντες

208 3637 303 3688 τῖς
339 3625 704 3686 ἁποστολικῆς
745 3621 1002 3690 διανοίας,
1051 3629 1140 3677 καὶ
1179 3629 1250 3698 μὴ
1287 3629 1562 3693 συνιέντες,
1596 3628 1676 3678 ὅτι
1701 3632 1830 3702 πρὸς

209 3720 303 3770 τὴν
351 3714 697 3785 εὐαγγελικην
753 3716 893 3785 ἡμᾶς
940 3713 1310 3788 προσκαλεῖται
1377 3715 1536 3780 ζωὴν,
1600 3715 1831 3789 τολμῶσι

211 3812 529 3875 κατηγορεῖν
559 3811 652 3854 τοῦ
693 3803 920 3868 Παύλου,
953 3806 1020 3864 ὡς
1048 3799 1283 3855 ἀδύνατα
1325 3805 1450 3876 ἡμῖν
1483 3800 1824 3878 διορίζοντος.

217 3894 372 3946 Ἀλλὰ
420 3899 529 3966 μὴν
597 3889 1042 3946 διδασκέσθωσαν
1109 3893 1232 3944 ὅσαι
1296 3901 1387 3944 τοῦ
1455 3894 1565 3963 (73)
1620 3901 1827 3969 χαίρειν

213 3984 436 4053 εὐλόγως
471 3984 529 4032 αἱ
577 3979 807 4053 ἀφορμαὶ
856 3977 947 4032 δίὰ
994 3989 1089 4042 τῆς
1133 3989 1224 4034 τοῦ
1275 3989 1407 4034 Θεοῦ
1433 3979 1826 4058 μεγαλοδωρεᾶς

213 4075 342 4142 ἡμῖν
372 4077 698 4144 πρόκεινται.
754 4072 1112 4145 Ηαρὴχθημεν
1158 4071 1226 4132 εἰς
1270 4075 1328 4122 τό
1379 4067 1527 4137 εἶναι,
1561 4077 1631 4147 μὴ
1666 4078 1822 4135 ὄντες·

211 4160 324 4212 κατ’
393 4162 569 4213 εἰκόνα
643 4167 734 4211 τοῦ
820 4164 1094 4222 κτίσαντος
1162 4158 1484 4232 ἐγενήθημεν·
1554 4170 1672 4212 νοῦν
1737 4169 1826 4216 καὶ⁹

211 4248 364 4319 λόγον
409 4248 824 4322 συμπληροῦντα
869 4250 1014 4320 ἡμῶν
1071 4253 1166 4306 τὴν
1215 4251 1370 4320 φύσιν
1415 4251 1622 4321 ἔχομεν,
1658 4247 1729 4302 δι’
1767 4248 1825 4304 οὗ

220 4348 350 4392 ϐίον
409 4339 783 4412 ἐγνωρίσαμεν.
841 4344 941 4391 Καὶ
982 4341 1049 4389 τὰ
1114 4337 1274 4396 κάλλη
1334 4347 1428 4400 τῆς
1493 4344 1710 4403 κτίσεως
1755 4339 1827 4392 ἕν-

218 4433 417 4500 τέχνως
468 4430 966 4500 καταμανθάνοντες,
1009 4423 1080 4480 δι’
1109 4427 1295 4494 αὐτῶν,
1339 4429 1492 4480 οἱονεὶ
1531 4425 1626 4481 διὰ
1661 4450 1827 4504 γραμ;

223 4523 397 4590 μάτων
452 4526 646 4582 τινῶν,
704 4521 800 4574 τὴν
852 4517 1076 4589 μεγάλην
1129 4525 1218 4568 τοῦ
1283 4524 1415 4570 Θεοῦ
1478 4523 1595 4592 περὶ
1659 4521 1829 4572 πάντα

297 4611 338 4641 ’⁷
373 4607 571 4664 Galat.
611 4624 664 4674 ιι,
696 4610 787 4662 20.
868 4607 914 4642 ¹⁸
943 4607 1161 4663 Coloss.
1197 4623 1275 4676 Ill,
1308 4612 1360 4663 5.

226 4695 302 4747 ιι,
334 4685 427 4735 27.
509 4680 558 4715 ”
583 4679 795 4734 Genes.
825 4694 864 4744 ι,
894 4683 986 4734 26.

231 4839 244 4848 _
294 4771 408 4837 (68)
441 4768 596 4824 Edili
626 4767 1016 4841 προσκαλεῖται.
1040 4770 1112 4824 At
1136 4767 1420 4840 quinque‘
1442 4783 1594 4824 mss.
1635 4789 1837 4843 προκα-

233 4859 408 4894 ιειταε.

297 4915 410 4978 (69)
444 4909 697 4983 Antiqui
747 4915 864 4966 tres
902 4908 1040 4966 libri
1087 4912 1468 4984 περιεφέρομεν.
1499 4909 1651 4967 Editi
1687 4931 1838 4986 περι-

234 5002 462 5053 φερομεν.

311 5049 405 5122 7'0)
435 5049 571 5105 οὐδ’
618 5053 754 5104 οὕτω
792 5052 1135 5122 λυπσήουσιν.
1176 5052 1266 5108 Ne
1293 5051 1531 5122 quidem
1562 5054 1647 5108 sic
1676 5054 1840 5110 exhi-

234 5121 444 5180 bebunt
486 5125 856 5196 molestiam:
883 5121 1127 5196 Supple,
1144 5121 1384 5196 homini
1398 5124 1689 5196 perfecto,
1713 5125 1837 5196 qui,

230 5202 288 5268 ut
312 5197 636 5268 aliquanto
666 5201 807 5249 ante
831 5194 1086 5249 Basilius
1117 5195 1289 5260 dixit,
1310 5195 1634 5268 mortiticat
1654 5194 1840 5252 mem-

228 5265 329 5324 bra
358 5265 502 5342 quae
546 5272 692 5342 sunt
733 5281 918 5342 super
949 5265 1444 5342 terram,_quique
1483 5265 1550 5342 in_
1587 5282 1840 5342 corpore

227 5335 760 5395 mortiﬁcationem
784 5335 923 5392 Jesu
949 5335 1312 5392 circumfert.
1347 5335 1511 5391 Hunc
1536 5335 1739 5394 locum
1760 5339 1840 5394 ita

225 5416 476 5466 verterat
497 5411 801 5482 interpres
829 5426 842 5464 :
871 5407 1039 5474 Quod
1057 5408 1465 5482 sigsecundumﬁ
1479 5423 1720 5465 carnem
1755 5411 1837 5464 vi-

226 5485 442 5549 xerint,
461 5495 543 5538 ne
566 5479 786 5552 sic'um'
805 5482 1068 5552 cuipiam
1086 5479 1580 5552 fuerintmolesli
1601 5499 1612 5547 ;
1636 5497 1760 5552 qua
1778 5484 1839 5537 in

227 5552 722 5627 interpretatione
761 5551 965 5624 inepte
995 5550 1273 5608 additum
1314 5550 1531 5620 fuerat,
1569 5550 1677 5608 uni
1713 5553 1837 5608 cui-

1441 4610 1486 4643 "
1511 4611 1555 4663 ll
1583 4610 1716 4665 Cor.
1745 4626 1821 4678 1v,
1859 4613 1942 4666 lO.

1936 3176 2341 3244 ﬁrmitatibus,
2374 3176 2433 3232 in
2463 3177 2765 3244 aerumnis,
2789 3179 2849 3232 in
2869 3174 3390 3250 persecutionibus
3410 3175 3593 3241 atque

1936 3266 2395 3322 necessitatibus
2417 3266 2806 3338 complacens
2825 3265 2937 3321 sibi
2959 3264 3160 3336 gloria
3177 3257 3440 3318 ducebat
3458 3274 3594 3327 ege-

1939 3360 2242 3414 statem“.
2283 3359 2347 3412 In
2401 3357 2562 3413 fame
2609 3362 2666 3412 et
2711 3357 2820 3427 siti,
2853 3357 2914 3412 in
2945 3356 3164 3426 frigore
3211 3360 3268 3409 et
3294 3351 3587 3416 nuditate,

1939 3451 2002 3503 in
2029 3447 2550 3520 persecutionibus
2597 3451 2654 3502 et
2686 3447 2979 3515 angustiis
3000 3447 3066 3510 ²²,
3112 3445 3174 3500 in
3222 3442 3443 3515 quibus
3490 3437 3592 3494 alii

1940 3553 2097 3605 aegre
2117 3536 2316 3592 ferunt
2335 3537 2584 3608 seipsos,
2610 3541 2667 3591 et
2691 3550 2727 3590 a
2748 3535 2872 3590 vita
2892 3533 3220 3590 abhorrent
3259 3533 3319 3586 in
3339 3531 3410 3585 iis
3435 3535 3591 3599 Apo-

1941 3625 2128 3681 stolus
2149 3624 2537 3688 exsultat.Qui
2561 3623 2740 3693 igitur
2752 3628 2893 3678 sunt
2915 3624 3221 3678 sententia:
3242 3616 3589 3690 apostolicus

1939 3714 2154 3784 ignari,
2187 3729 2298 3768 nec
2326 3712 2567 3768 invitari
2597 3721 2709 3767 noS
2737 3711 2815 3766 ad
2844 3709 3256 3779 evangelicam
3286 3703 3471 3762 vitam
3501 3703 3587 3759 in-

1938 3804 2231 3873 telligunt,
2256 3801 2505 3858 Paulum
2527 3817 2812 3857 accusare
2833 3817 2955 3856 non
2976 3803 3276 3864 verentur,
3303 3796 3412 3867 27
3450 3801 3586 3850 tan-

1937 3910 2125 3967 quam
2147 3893 2249 3965 qui
2271 3908 2407 3964 quaa
2427 3891 2555 3946 ﬁeri
2575 3906 2698 3946 non
2722 3895 2993 3963 possunt,
3016 3887 3386 3962 prescribat.
3409 3885 3586 3957 Atqui

1937 3986 2178 4041 discant
2217 3987 2364 4054 quot
2384 3983 2577 4052 justas
2607 3981 2815 4052 gaudii
2844 3981 3195 4037 occasiones
3227 3977 3402 4034 nobis
3441 3991 3590 4046 pree-

1936 4074 2079 4128 beat
2091 4070 2191 4126 Dei
2209 4068 2635 4125 munificentia.
2657 4069 2821 4134 Quod
2839 4084 3050 4123 sumus
3070 4083 3106 4122 a
3127 4069 3246 4121 Deo
3266 4063 3584 4140 habemus,

1937 4178 2078 4218 cum
2101 4165 2278 4216 antea
2298 4174 2421 4214 non
2441 4175 2714 4213 essemus
2740 4177 2752 4225 ;
2778 4174 2988 4213 sumus
3009 4156 3086 4212 ad
3110 4153 3401 4212 Creatoris
3429 4153 3584 4207 ima-

1937 4252 2136 4321 ginem
2179 4248 2322 4304 facti
2337 4249 2416 4314 '3;
2451 4250 2712 4303 mentem
2765 4253 2944 4318 atque
2973 4245 3265 4301 rationem
3298 4242 3458 4298 nacti
3488 4257 3584 4296 su-

1939 4357 2094 4406 mus,
2126 4339 2298 4411 queis
2335 4342 2555 4392 natura
2597 4340 2806 4392 nostra
2847 4335 3200 4408 completur,
3242 4335 3517 4404 Deusque
3547 4345 3585 4388 a

1935 4428 2114 4486 nobis
2141 4427 2542 4496 cognoscitur.
2559 4426 2702 4480 Item
2718 4441 2917 4481 rerum
2940 4423 3188 4480 solerter
3204 4422 3585 4479 conditarum

1936 4515 2446 4592 pulchritudinem
2478 4514 2894 4587 percipientes,
2925 4529 3032 4574 per
3073 4513 3256 4580 illam,
3289 4519 3586 4584 tanquam

2019 4608 2068 4642 ιο
2097 4605 2274 4660 Rom.
2308 4621 2419 4672 vm,
2455 4608 2537 4660 43.
2616 4606 2660 4640 ἰ
2695 4607 2740 4660 11
2765 4606 2896 4661 Cor.
2928 4621 3020 4672 xu,
3055 4607 3218 4674 9,10.
3297 4605 3345 4638 η
3375 4605 3422 4657 ιι
3450 4605 3583 4660 Cor.

1933 4769 2127 4840 piam,
2159 4782 2307 4840 cum
2337 4764 2477 4840 ejus
2521 4764 2636 4820 loci
2683 4765 2997 4833 sententia,
3037 4780 3227 4840 eaque
3265 4761 3590 4836 pulcherri-

1939 4835 2062 4906 ma,
2094 4835 2208 4892 hoc
2235 4835 2647 4910 additamenta
2674 4853 2798 4893 non
2830 4853 3047 4910 parum
3080 4835 3453 4892 obscuretur.

2009 4911 2123 4981 (7t)
2163 4911 2304 4984 Reg.
2335 4909 2563 4979 primus
2596 4916 2686 4962 τοῦ
2715 4914 2786 4982 μὴ
2821 4909 3102 4984 αἱρεῖσθαι.
3127 4911 3255 4966 Mox
3283 4909 3405 4960 duo
3435 4919 3581 4961 mss.

1939 4979 2030 5055 περ
2041 4983 2224 5055 ιχαρες
2251 4979 2456 5041 ἑαυτῆς.

2009 5047 2405 5129 (7'2):_Veteres
2449 5055 2710 5129 quatuor
2756 5049 2893 5105 libri
2936 5047 3190 5129 διωγμοῖς
3229 5047 3276 5100 ἐν
3319 5065 3584 5129 στενοχω-

1939 5117 2241 5198 ρίαιςίΝρϐ
2272 5123 2353 5198 ita
2384 5117 2574 5198 multo
2604 5121 2761 5176 infra
2808 5117 3252 5198 quatuor'mss,
3285 5117 3586 5198 αύτὸς-ζᾲγτ

1936 5189 2280 5266 γαλλόμενος.
2315 5193 2583 5266 Subinde
2640 5208 2790 5266 mss,
2827 5189 2938 5242 ’καὶ
2969 5196 3054 5266 ,μὴ
3112 5194 3392 5266 συνιέντες..
3438 5189 3588 5266 Εᾴὶίὶ

1941 5257 2192 5326 συνέντες.
2245 5264 2494 5335 lbidem_
2525 5265 2666 5335 Reg.
2699 5263 2931 5335 primus
2959 5257 3040 5314 ὅτι
3080 5266 3208 5335 πρὸς
3246 5266 3339 5318 τὴν
3371 5257 3588 5335 ἀγγελι-

1938 5344 2054 5396 κήν.
2090 5338 2312 5391 Rursus
2342 5335 2456 5389 hoc
2483 5333 2617 5405 ipso
2646 5332 2871 5388 inloco
2901 5332 3198 5406 dqum'ss.
3229 5332 3588 5406 προκαλεῖται.

2011 5411 2122 5475 (73)
2166 5406 2313 5461 Ιίόὶίὶ
2361 5410 2416 5458 et
2457 5401 2718 5476 quatuor
2764 5421 2908 5476 mss.
2945 5401 3406 5476 διδασκέσθωσαν,
3440 5409 3506 5468 ὡς
3533 5407 3592 5460 αἱ

1938 5473 2050 5533 τοῦ.
2085 5481 2176 5534 At.
2210 5479 2348 5546 Reg.
2381 5473 2586 5548 tertius
2631 5481 2688 5531 et
2734 5475 2897 5548 Colb.
2928 5484 3181 5548 quartus
3212 5473 3594 5532 διδασκέσθω-

1942 5571 2037 5603 σαν
2063 5550 2163 5603 ὃσα
2191 5545 2348 5602 τοῦ...
2377 5550 2432 5600 αἱ
2461 5545 2707 5623 ἀφορμαί,
2739 5545 2978 5605 rectius.
