4088 6194
461 278 564 332 223

1837 279 1894 333 S.
1938 275 2188 332 BASlLll
2225 274 2445 331 MAGNI

3706 279 3817 334 224

457 416 566 473 per
586 400 810 455 litteras
827 399 1022 471 quan
1032 416 1130 455 am
1146 416 1451 456 summam
1467 401 1567 456 Dei
1579 402 1740 456 circa
1753 401 1960 456 omnia
1979 415 2112 471 pro-

2225 403 2460 474 πρόνοιαν
2543 406 2634 453 καὶ
2716 406 2899 474 σοφίαν
2979 400 3412 475 ἀναγινώσκομεν.
3490 407 3820 477 Διακριτικοί

458 489 786 544 videntiam
809 489 1293 561 sapientiamque
1321 490 1600 558 legimus.
1629 490 1989 546 Facultatem
2011 488 2113 542 ha-

457 577 676 634 bemus
702 578 1050 633 secernendi
1072 578 1307 634 bonum
1340 595 1373 634 a
1401 579 1563 634 malo
1592 597 1605 634 :
1639 579 1855 649 eligere
1879 594 1976 633 res
2007 577 2114 632 uti-

457 667 562 733 les,
587 674 644 722 et
669 667 883 722 noxias
905 667 1132 736 fugere,
1159 668 1235 724 ab
1257 669 1750 739 ipsametnatura
1768 668 2109 724 didicimus.

459 757 791 814 Abalienati
839 775 874 812 a
919 761 1037 812 Deo
1083 774 1190 830 per
1236 764 1577 830 peccatum,
1606 775 1812 814 rursus
1849 756 2112 813 revocati

458 847 681 902 fuimus
708 847 767 902 in
799 847 928 918 ejus
971 847 1437 904 familiaritatem
1484 865 1553 904 ac
1585 847 2108 916 necessitudinem,

455 953 564 1008 per
596 937 892 1006 Unigeniti
917 938 1279 1008 sanguinem
1301 954 1374 994 ex
1402 939 1808 1008 ignominiosa
1831 938 2111 993 servitute

458 1026 738 1098 exempti.
775 1028 1247 1082 Resurrectionis
1279 1043 1435 1100 spes,
1469 1027 1878 1098 angelicorum
1917 1027 2112 1082 bono-

455 1128 590 1169 rum
618 1116 942 1186 possessio,
975 1131 1232 1186 regnum
1260 1116 1518 1182 caeleste,
1541 1117 1908 1190 repromissa
1927 1115 2108 1178 bona,

457 1203 576 1258 vim
603 1209 660 1258 et
686 1205 900 1259 mentis
931 1209 988 1260 et
1017 1204 1266 1260 rationis
1288 1209 1656 1277 superantia.

529 1298 580 1348 3.
607 1293 924 1358 Quomodo
947 1294 1190 1349 credere
1212 1310 1322 1366 par
1341 1301 1449 1361 est,
1475 1295 1762 1364 gaudium
1789 1311 2002 1367 perpes
2019 1296 2111 1365 ju-

458 1397 715 1453 gemque
737 1381 1004 1437 laetitiam
1038 1398 1109 1437 ex
1136 1383 1228 1438 his
1251 1384 1438 1439 creari
1467 1399 1588 1439 non
1629 1400 1830 1456 posse,
1854 1383 1962 1439 sed
1986 1385 2111 1456 opi-

456 1471 588 1525 nari
620 1487 758 1524 eum
789 1471 894 1542 qui
919 1472 1110 1526 ventri
1131 1472 1397 1543 inservit,
1421 1473 1827 1546 tibiarumque
1853 1473 2112 1528 modulis

457 1559 806 1626 oblectatur,
831 1562 1058 1632 quique
1079 1563 1384 1618 volutatur
1401 1563 1462 1618 in
1494 1562 1659 1618 molli
1680 1563 1850 1629 lecto,
1879 1579 1948 1618 ac
1969 1575 2114 1618 ster-

457 1647 540 1714 tit,
567 1648 816 1718 dignam
836 1650 1059 1719 gaudio
1085 1651 1267 1706 vitam
1289 1651 1544 1721 degere?
1565 1655 1685 1720 Ego
1708 1669 1843 1707 vero
1863 1651 2111 1706 dixerim

2220 487 2370 561 ἑσμεν
2423 488 2618 561 ἀγαθοῦ
2669 495 2759 543 καὶ
2815 499 2905 543 τοῦ
2954 495 3188 564 χείρονος
3255 491 3390 561 (74)·
3442 489 3655 563 ἐκλογὴν
3719 499 3817 545 τοῦ

2222 584 2568 653 συμφέροντος
2615 586 2705 633 καὶ
2754 579 3086 654 ἀποστροφὴν
3134 588 3224 632 τοῦ
3275 578 3530 654 βλαϐεροῦ
3570 580 3622 643 ἐξ
3650 581 3818 643 αὐτῆς

2218 677 2312 729 τῆς
2361 672 2560 740 φύσεως
2605 666 2991 742 δεδιδάγμεθα.
3043 668 3485 743 Ἀλλοτριωθέντες
3535 677 3666 723 Θεοῦ
3721 667 3822 722 διὰ

2217 765 2311 819 τῆς
2342 758 2620 831 ἁμαρτίας,
2653 759 2805 810 πάλιν
2851 759 2920 820 εἰς
2966 763 3061 816 τὴν
3111 761 3404 816 οἰκειότητα
3441 757 3817 831 ἀνεκλήθημεν,

2217 856 2289 917 τῷ
2341 849 2524 920 αἱματι
2579 856 2671 900 τοῦ
2728 855 3046 919 Μονογενοῦς
3099 847 3153 899 ἐκ
3194 856 3290 910 τῆς
3339 846 3527 920 ἀτίμου
3577 845 3821 909 δουλείας

2220 933 2575 1010 ἐξαιρεθέντες.
2639 937 2994 998 Ἀναστάσεως
3053 933 3276 1004 ἐλπίδες,
3340 935 3623 1008 ἀγγελικῶν
3688 935 3824 1009 ἀγα-

2222 1026 2319 1076 θῶν
2348 1024 2677 1094 ἀπολαύσεις,
2711 1027 2740 1084 ἡ
2799 1028 2846 1077 ἐν
2877 1025 3112 1100 οὐρανοῖς
3163 1024 3427 1098 βασιλεία,
3469 1028 3535 1077 τὰ
3581 1025 3628 1078 ἐν
3659 1025 3823 1099 ἐπαγ-

2217 1111 2413 1184 γελίαις
2440 1113 2627 1186 ἀγαθὰ,
2672 1119 2762 1167 καὶ
2810 1112 3046 1176 διανοίας
3072 1119 3163 1166 καὶ
3207 1113 3359 1185 λόγου
3404 1110 3626 1186 δύναμιν
3665 1117 3822 1190 ὑπερο

2220 1200 2478 1257 ϐαίνοντα.

2291 1295 2347 1348 3.
2397 1298 2512 1354 Πῶς
2561 1293 2688 1365 οὐχὶ
2731 1300 2897 1345 ταῦτα
2942 1296 3198 1367 προσήκει
3241 1297 3417 1367 χαρᾶς
3459 1290 3682 1350 ἀλήκτου
3720 1300 3820 1346 καὶ

2221 1380 2536 1453 εὐφροσύνης
2583 1378 2853 1444 διηνεκοῦς
2903 1381 3130 1454 ἐξαρκεῖν
3184 1381 3408 1454 νομίζειν
3473 1384 3639 1448 αἴτια,
3706 1380 3822 1434 ἀλλ’

2219 1471 2422 1521 οἴεσθαι
2472 1473 2560 1521 τόν
2607 1471 3038 1545 γαστριζόμενον,
3094 1475 3184 1523 καὶ
3237 1469 3666 1544 καταυλούμενον,
3723 1477 3822 1525 καὶ

2220 1556 2304 1610 ἐπὶ
2326 1558 2565 1630 μαλακῆς
2592 1564 2773 1621 κοίτης
2803 1565 2916 1623 175)
2951 1559 3394 1634 ἀνατετραμμένον
3419 1565 3508 1610 καὶ
3531 1561 3818 1633 ῥέγχοντα,

2219 1653 2400 1698 τοῦτον
2441 1645 2596 1708 ἀξίως
2633 1654 2808 1722 χαρᾶς
2848 1644 3078 1719 διαζῇη
3114 1648 3244 1719 Ἐγώ
3295 1643 3354 1700 δὲ
3399 1651 3602 1708 τούτοις
3629 1652 3718 1720 μὲν
3757 1652 3822 1701 τό

457 1737 567 1792 hos
591 1737 840 1809 quidem
873 1739 1090 1808 dignos
1122 1757 1253 1796 esse
1279 1741 1383 1812 qui
1414 1741 1750 1796 doﬂeantur
1793 1742 1870 1797 ab
1904 1742 1975 1796 iis
2005 1741 2108 1814 qui

2225 1737 2527 1807 θρηνεῖσθαι
2557 1743 2709 1809 φαίην
2749 1737 2809 1789 ἂν
2837 1742 3048 1811 πρέπειν
3086 1740 3230 1810 παρά
3258 1745 3358 1788 τῶν
3405 1745 3522 1789 νοῦν
3566 1737 3818 1810 ἑχόντων·

458 1833 656 1881 mente
686 1827 917 1898 praediti
939 1834 1078 1884 sunt
1103 1845 1116 1883 :
1146 1836 1372 1895 contra,
1399 1830 1605 1886 beatos
1620 1831 1756 1901 jure
1775 1832 2006 1902 optimo
2027 1831 2112 1886 di-

459 1916 683 1970 cendos
713 1933 842 1972 esse
878 1933 980 1974 eos
1010 1919 1138 1990 qui,
1170 1926 1416 1991 propter
1457 1936 1627 1992 spem
1666 1920 1843 1974 futuri
1889 1920 2110 1989 saeculi,

458 2011 818 2075 praesentem
848 2007 1032 2062 vitam
1080 2010 1394 2077 sustinent,
1424 2024 1493 2063 ac
1531 2008 1849 2081 praesentia
1876 2009 2113 2064 aeternis

460 2101 852 2151 commutant.
886 2099 1016 2152 Sive
1055 2104 1260 2152 autem
1305 2099 1366 2152 in
1410 2099 1658 2154 ﬂamma
1687 2099 1911 2168 degant
1938 2099 1978 2154 ii
2007 2098 2113 2170 qui

462 2186 581 2239 Deo
608 2185 1082 2256 conjunguntur,
1131 2188 1213 2242 uti
1241 2193 1358 2243 tres
1397 2189 1566 2258 pueri
1597 2190 1655 2243 in
1690 2189 1997 2260 Babylone
2019 2190 2065 2224 "
2095 2205 2108 2243 :

461 2271 588 2327 sive
607 2272 997 2329 includantur
1017 2292 1155 2331 cum
1177 2275 1453 2332 leonibus
1467 2279 1535 2343 ’5,
1556 2278 1679 2332 sive
1702 2293 1738 2332 a
1759 2283 1889 2333 ceto
1909 2277 2114 2334 absor-

459 2358 909 2434 beantur",ipsi
925 2368 1124 2419 tamen
1141 2364 1711 2435 praedicandisunta
1732 2365 1909 2421 nobis
1932 2366 2111 2432 beati,

462 2464 532 2504 ac
561 2465 666 2504 eos
694 2451 753 2506 in
794 2453 1020 2519 gaudio
1043 2453 1227 2507 vitam
1250 2454 1583 2523 transigere
1603 2459 1854 2527 oportet,
1879 2471 2112 2527 nequa-

459 2552 648 2609 quam
670 2538 941 2595 dolentes
961 2541 1035 2596 de
1057 2542 1597 2613 prtesentibus,sed
1618 2543 1697 2598 ob
1714 2560 1882 2616 spem
1904 2559 2114 2599 eorum

459 2641 595 2697 quea
622 2628 801 2683 nobis
830 2630 891 2684 in
919 2636 1233 2702 posterum
1256 2631 1520 2702 reposita
1545 2636 1684 2685 sunt
1703 2631 1990 2687 laetantes.
2015 2639 2116 2687 Ar-

460 2713 652 2772 bitror
672 2734 938 2790 namque
975 2725 1288 2776 strenuum
1329 2722 1614 2777 athletam
1637 2721 1709 2776 ad
1733 2722 1966 2794 pietatis
1996 2727 2115 2778 sta-

459 2805 629 2860 dium
657 2807 842 2862 semel
868 2814 1136 2872 exutum.
1157 2811 1370 2881 plagas
1391 2811 1872 2867 adversariorum
1889 2811 2118 2868 fortiter

460 2893 611 2948 ferre
627 2895 982 2969 debere,spe
997 2898 1197 2967 gloria:
1213 2916 1285 2955 ex
1306 2901 1542 2955 coronis
1555 2900 2017 2972 consequendre.
2029 2903 2118 2957 Et-

461 2982 619 3038 enim
638 2987 1004 3058 quotquotin
1020 2989 1318 3058 gymnicis
1339 2988 1770 3044 certaminibus
1784 2994 1922 3044 sunt
1937 2989 2120 3062 palae-

2219 1827 2528 1899 μακαρίζειν
2579 1823 2638 1879 δὲ
2688 1831 2808 1888 τοὺς
2857 1827 2933 1879 ἐπ’
2975 1824 3150 1880 ἐλπίδι
3179 1834 3270 1879 τοῦ
3318 1827 3585 1900 μελλοντος
3633 1828 3822 1891 αἰῶνος

2218 1919 2313 1972 τὴν
2368 1925 2638 1990 παροῦσαν
2707 1918 2844 1977 ζωὴν
2903 1913 3261 1989 διαφέροντας,
3318 1923 3408 1971 καὶ
3459 1919 3524 1969 τὰ
3585 1922 3824 1990 παρόντα

2218 2012 2318 2056 τῶν
2378 2006 2596 2058 αἰωνίων
2649 2005 3051 2079 ἀμειϐομένους,
3092 2005 3186 2058 κᾶν
3236 2005 3284 2058 ἐν
3349 2006 3500 2078 φλογὶ
3558 2002 3821 2077 διάγωσιν

2218 2096 2267 2145 οἱ
2298 2102 2410 2166 Θεῷ
2438 2099 2774 2168 συνημμένοι,
2812 2099 2880 2157 ὡς
2926 2098 2975 2147 οὶ
3016 2103 3153 2170 τρεῖς
3182 2092 3368 2157 παῖδες
3393 2095 3480 2147 ἐπὶ
3520 2104 3616 2157 τῆς
3657 2094 3825 2148 Βαϐυ-

2217 2183 2402 2244 λωνίας
2455 2187 2586 2252 (76),
2642 2183 2737 2236 κάν
2787 2184 2990 2237 λέουσιν
3045 2185 3145 2237 ὦσι
3195 2186 3679 2258 συγκαθειργμένοι,
3721 2183 3822 2236 κᾶν

2219 2274 2319 2324 ὑπὸ
2357 2278 2552 2335 κήτους
2596 2275 2988 2339 καταποθέντες,
3017 2272 3100 2345 ὑφ’
3127 2275 3272 2346 ἡμῶν
3309 2292 3364 2326 τε
3393 2282 3593 2347 χρῆναι
3638 2293 3822 2346 μακα-

2218 2362 2480 2434 ρίζεσθαι,
2531 2366 2620 2414 καὶ
2683 2362 2872 2424 αύτούς
2933 2361 2982 2414 ἐν
3046 2369 3196 2434 χαρᾲ
3256 2358 3481 2432 διάγειν,
3541 2361 3668 2433 ούχὶ
3705 2370 3822 2424 τοῖς

2219 2457 2476 2523 παροῦσιν
2527 2448 2918 2523 ἀλγυνομένους,
2948 2448 3077 2502 ἀλλά
3122 2458 3184 2522 τῇ
3217 2446 3392 2502 ἐλπίδι
3415 2457 3515 2502 τῶν
3541 2450 3610 2511 εἰς
3671 2451 3825 2503 ὔστε-

2219 2559 2306 2613 ρον
2368 2541 2492 2611 ἡμῖν
2559 2539 2903 2612 ἀποκειμένων
2978 2540 3422 2613 εὐφραινομένους.
3492 2536 3656 2611 Οἶμαι
3713 2541 3822 2613 γὰρ

2218 2633 2306 2680 τόν
2341 2627 2630 2700 ἀγωνιστὴν
2659 2632 2746 2682 τόν
2775 2629 2930 2680 καλὸν
2955 2631 3092 2699 (77),
3133 2628 3274 2690 ἅπαξ
3308 2627 3391 2681 ἰπὶ
3436 2631 3496 2680 τὸ
3537 2638 3634 2690 τῆς
3679 2628 3825 2682 εὐσε-

2222 2714 2363 2778 ϐείας
2411 2713 2628 2769 στάδιον
2679 2714 2965 2783 ἀποδύντα,
3007 2719 3172 2790 φέρειν
3210 2724 3409 2788 χρῆναι
3455 2720 3696 2787 γενναίως
3724 2719 3824 2779 τὰς

2220 2806 2425 2878 πληγὰς
2454 2816 2553 2859 τῶν
2584 2805 2872 2860 ἀντιπάλων
2902 2803 3077 2860 έλπίδι
3117 2815 3214 2868 τῆς
3256 2802 3415 2868 δόξης
3441 2814 3536 2867 τῆς
3579 2804 3678 2858 ἀπὸ
3716 2815 3824 2858 τῶν

2225 2899 2505 2969 στεφάνων.
2534 2902 2634 2950 Καὶ
2663 2900 2764 2971 γὰρ
2813 2895 2861 2948 έν
2903 2903 3014 2957 τοῖς
3053 2903 3334 2968 γυμνικοῖς
3379 2894 3574 2967 ἀγωσιν
3608 2898 3826 2948 οἱκατά

2221 2988 2315 3048 τὰς
2353 2985 2682 3060 παλαίστρας
2733 2992 2843 3048 τοῖς
2889 2989 3066 3046 πόνοις
3111 2986 3538 3058 προσεθισθέντες
3595 2985 3702 3054 (78)
3759 2985 3823 3036 ού

460 3072 650 3128 stricis
677 3073 993 3131 laboribus
1034 3080 1277 3145 assueti,
1321 3079 1594 3134 animum
1635 3095 1758 3134 non
1796 3079 2113 3136 demittunt

2225 3078 2350 3148 πρὸς
2414 3080 2471 3126 τὸ
2537 3073 2769 3146 ἀλγεινὸν
2836 3072 3205 3126 συστέλλονται
3270 3082 3367 3134 τῆς
3425 3072 3647 3144 πληγῆς,
3716 3071 3826 3124 ἀλλ’

461 3161 540 3217 ob
571 3162 764 3234 plagae
795 3165 1067 3221 dolorem
1095 3185 1108 3230 ;
1159 3168 1280 3222 imo
1313 3184 1454 3223 vero
1485 3169 1698 3240 spretis
1724 3168 1803 3224 ob
1832 3168 2116 3241 praeconii

459 3250 829 3308 desiderium
850 3255 1159 3311 laboribus
1180 3257 1597 3328 praesentibus,
1622 3258 2000 3314 adversarios
2020 3273 2117 3314 co-

459 3341 662 3395 minus
691 3342 1065 3400 adoriuntur.
1102 3348 1266 3401 Hunc
1313 3346 1391 3401 ad
1424 3346 1674 3402 modum
1706 3346 1943 3402 etiamsi
1984 3349 2114 3404 viro

458 3429 690 3485 virtutis
715 3432 986 3487 studioso
1003 3433 1238 3489 accidat
1263 3435 1407 3506 quid
1433 3435 1651 3508 asperi,
1673 3435 1953 3491 tenebras
1973 3452 2112 3506 gau-

458 3516 560 3572 dio
572 3533 694 3573 non
713 3517 993 3575 obducet.
1018 3524 1166 3577 Nam
1186 3524 1512 3580 Tribulatio
1520 3525 1875 3593 patientiam
1904 3539 2115 3594 opera-

458 3609 572 3672 tur,
596 3609 867 3678 patientia
893 3613 1081 3665 autem
1098 3612 1505 3683 probationem,
1517 3614 1773 3685 probatio
1795 3629 1919 3668 vero
1942 3630 2114 3685 spem,

456 3711 574 3767 spes
619 3701 806 3752 autem
845 3716 958 3754 non
1003 3701 1296 3771 confundit
1311 3703 1378 3754 ³⁷.
1412 3703 1793 3774 Quapropter
1821 3709 1877 3757 et
1906 3702 2025 3758 alio
2053 3703 2113 3758 in

455 3784 590 3840 loco
619 3786 697 3840 ab
724 3787 937 3844 eodem
967 3789 1258 3859 jubemur
1288 3791 1575 3862 patientes
1614 3807 1744 3848 esse
1775 3792 1835 3846 in
1865 3791 2113 3847 tribula-

454 3873 638 3940 tione,
662 3881 719 3929 et
754 3891 862 3948 spe
891 3877 1154 3945 gaudere
1177 3881 1245 3934 ³⁸.
1287 3883 1433 3951 Spes
1471 3881 1674 3952 itaque
1705 3885 1798 3935 est
1824 3897 1960 3952 quin
1991 3880 2113 3935 ειΗί-

456 3963 552 4030 cit,
586 3969 650 4018 ut
681 3965 974 4034 gaudium
997 3969 1203 4022 animo
1228 3969 1334 4023 viri
1359 3969 1533 4040 probi
1564 3969 1634 4024 sit
1657 3969 2112 4025 contubernale.

456 4053 608 4118 Quin
641 4059 697 4108 et
726 4053 884 4109 idem
913 4055 1234 4127 Apostolus
1267 4057 1437 4127 jubet
1467 4058 1648 4112 etiam
1671 4057 1812 4111 ﬂere
1832 4072 1944 4111 nos
1974 4073 2112 4113 cum

453 4140 736 4196 ﬂentibus
758 4143 840 4206 *9;
873 4158 1084 4198 rursus
1111 4144 1185 4197 ad
1222 4144 1456 4199 Galatas
1489 4144 1944 4216 [Philippenses]
1972 4146 2113 4200 scri-

452 4228 629 4297 bens,
663 4230 929 4287 deﬂebat
967 4231 1247 4288 inimicos
1299 4234 1492 4289 crucis
1539 4234 1753 4290 Christi
1775 4235 1842 4287 ⁸ο.
1887 4234 2112 4306 Ecquid

454 4333 608 4388 opus
631 4322 721 4373 est
753 4335 1236 4377 commemorare
1265 4322 1582 4378 Jeremiam
1607 4322 1853 4378 ﬂentem
1879 4323 1947 4391 δι,
1983 4326 2114 4380 Eze-

452 4407 705 4462 chielem
742 4409 842 4463 Dei
867 4411 1042 4480 jussu
1087 4411 1431 4484 principum
1479 4412 1942 4469 lamentationes
1976 4415 2114 4469 scri-

451 4493 695 4550 bentem
722 4497 792 4563 3’,
826 4504 882 4552 et
911 4499 1136 4555 multos
1181 4501 1331 4556 alios
1378 4508 1618 4557 sanctos
1648 4502 1920 4572 lugentes
1941 4504 1968 4558 ?
1999 4505 2115 4560 Hei

454 4584 626 4655 mihi,
647 4592 859 4656 mater,
879 4603 1068 4659 quare
1086 4605 1178 4646 me
1197 4593 1535 4663 genuisti”;
1553 4598 1609 4648 et
1626 4609 1638 4647 :
1657 4594 1775 4648 Hei
1792 4593 1943 4649 mihi
1951 4595 2113 4664 ,quia

575 4711 623 4782 2⁸
652 4713 810 4782 Dan.
853 4721 930 4782 ιιι,
959 4717 1049 4769 21.

1181 4716 1228 4751 ’⁵
1264 4718 1409 4772 Dan.
1439 4734 1557 4787 xxv,
1590 4721 1678 4774 30.

451 4780 504 4816 ³ο
543 4781 796 4855 Philipp.
833 4780 921 4852 in,
939 4789 1022 4841 18.

1136 4787 1180 4822 ⁸¹
1213 4787 1424 4844 Thren.
1452 4804 1488 4855 1,
1527 4795 1546 4844 1
1586 4805 1754 4862 seqq.

681 4909 830 4988 Editi
861 4909 1060 4982 ἀγαθοῦ
1086 4931 1140 4965 τε
1170 4918 1260 4965 καὶ
1285 4918 1543 4986 χείρονος.
1577 4917 1815 4971 Veteres
1852 4921 2115 4988 quatuor

449 4979 585 5058 libri
619 4979 816 5058 ἀγ-αθοῦ
847 4979 937 5035 καὶ
965 4990 1057 5035 τοῦ
1085 4979 1344 5058 χείρονος,

523 5053 636 5122 (75)
680 5055 913 5128 Veteres
971 5053 1234 5127 quatuor
1280 5055 1418 5112 libri
1469 5055 1710 5128 μαλακῆς
1757 5057 1954 5119 κλίνης.
2006 5056 2114 5112 Alii

450 5138 597 5178 mss.
629 5129 686 5178 et
717 5124 858 5180 editi
887 5124 1088 5188 κοίτης.

522 5196 633 5272 (76"
668 5196 824 5272 Editi
873 5193 1131 5268 διάγωσιν
1173 5201 1242 5260 ὡς
1272 5201 1335 5272 -οἱ
1364 5207 1502 5272 τρεῖς
1531 5195 1719 5272 παῖδες
1759 5198 1840 5251 ἐπὶ
1870 5206 2001 5272 -τῆςμ
2022 5205 2118 5249 Βαι-

451 5264 724 5343 βυλωνίας,
779 5270 827 5318 οἱ
1047 5264 1404 5343 συνημμένοι.’
1433 5270 1676 5342 Antiqui
1721 5286 1822 5343 sex
1870 5268 2012 5343 libri
2055 5275 2120 5323 ut

448 5337 511 5414 i_n
539 5337 1234 5414 contextu,_alio_ordine,
1251 5357 1442 5414 eoque
1467 5337 1872 5398 concinniore.
1889 5339 2118 5395 Ibidem

451 5409 939 5493 ReIgL‘seeundus
973 5412 1074 5463 ὦσι
1102 5409 1484 5493 καθειργμένοις.

677 5479 922 5554 Antiqui
985 5489 1213 5554 septem
1253 5465 1405 5538 llibri
1455 5465 1749 5554 ἀγωνιστὴν
1802 5492 1900 5534 τῶν
1949 5481 2120 5554 καλῶυ

454 5551 610 5611 recti
652 5565 725 5607 ac
778 5551 1013 5610 honesti
1048 5551 1588 5625 propugnatorem.
1621 5554 1774 5611 Editi
1819 5557 1906 5608 τὸν
1947 5552 2120 5608 καλὸν.

1816 4719 1864 4754 ³⁸
1895 4717 2032 4773 Jon.
2059 4736 2114 4780 ιι.
2154 4724 2201 4776 1.

1866 4790 1914 4824 ³³
1947 4791 2156 4846 Ezech.
2184 4807 2241 4857 ιι,
2275 4794 2327 4846 9.

2222 3165 2381 3236 ὁμόσε
2410 3172 2654 3238 χωροῦσι
2682 3163 2790 3224 τοῖς
2841 3161 3139 3223 ἀντιπάλοις
3170 3159 3422 3234 ἐπιθυμίᾳ
3463 3169 3557 3222 τῆς
3597 3159 3826 3235 ἀναρῥή-

2223 3273 2388 3320 σεως,
2457 3261 2556 3304 τῶν
2629 3255 2928 3326 παραυτίκα
2989 3255 3156 3303 πόνων
3231 3252 3597 3324 ὑπερορῶντες.
3669 3250 3825 3302 Οὖτω

2221 3352 2293 3414 τῷ
2351 3339 2627 3413 σπουδαίῳ
2679 3340 2772 3392 κᾶν
2820 3349 2960 3414 παρῇ
3021 3359 3072 3392 τι
3122 3349 3223 3392 τῶν
3288 3344 3624 3414 τραχυτέρων
3655 3382 3668 3407 ,
3725 3339 3826 3392 οὐκ

2223 3432 2554 3490 ἐπισκοτήσιι
2611 3432 2721 3501 (79)
2781 3439 2854 3501 τῷ
2909 3436 3136 3504 χαίρειν.
3193 3428 3416 3483 ΔιότιἩ
3477 3428 3653 3500 θλίψις
3697 3429 3826 3481 ὑπο-

2221 3525 2381 3594 μονὴν
2437 3520 2833 3594 κατεργάζεται·
2888 3521 2918 3577 ἡ
2973 3516 3032 3572 δε
3079 3521 3308 3592 ὑπομονὴ
3370 3514 3615 3590 δοκιμήν·
3673 3520 3703 3575 ἠ
3756 3514 3821 3570 δί

2225 3607 2418 3684 δοκιμὴ
2480 3606 2681 3662 ἐλπίδα·
2730 3611 2760 3667 ἠ
2814 3605 2873 3661 δε
2920 3607 3063 3668 ἐλπὶς
3100 3607 3159 3660 ού
3206 3610 3572 3679 καταισχύνει.
3607 3610 3693 3659 Διὸ
3721 3612 3818 3659 καὶ

2224 3699 2432 3773 ἑτέρωθι
2479 3707 2541 3770 τῇ
2597 3696 2768 3768 θλίψει
2814 3699 3098 3770 ὑπομένειν,
3149 3701 3239 3748 καὶ
3280 3704 3342 3767 τῇ
3395 3692 3568 3748 ἐλπίδι
3606 3699 3818 3769 χαίρειν

2221 3791 2365 3861 παρά
2405 3796 2496 3839 τοῦ
2541 3787 2700 3838 αὐτοῦ
2743 3787 3200 3858 προσετάχθημεν.
3245 3783 3414 3845 Ἐλπὶς
3463 3779 3550 3835 οὖν
3599 3782 3737 3835 ἐστιν
3784 3787 3817 3842 ἠ

2222 3882 2309 3936 τὴν
2330 3879 2504 3950 χαρὰν
2529 3879 2763 3928 σύνοικον
2780 3883 2841 3948 τῇ
2873 3875 3026 3947 ψυχῇ
3061 3882 3152 3926 τοῦ
3177 3870 3467 3926 σπουδαίου
3488 3875 3825 3947 παρασκευά-

2224 3967 2411 4027 ζουσα.
2466 3964 2594 4016 Ἀλλ’
2623 3964 2828 4025 όαύτός
2869 3962 3180 4024 Ἀπόστολος
3226 3969 3315 4015 καὶ
3371 3963 3563 4015 κλαίειν
3621 3970 3829 4035 χρῆναι

2221 4058 2361 4128 ἡμᾶς
2389 4056 2717 4127 προστάσσει
2754 4056 2884 4126 μετά
2924 4053 3220 4105 κλαιόντων·
3271 4056 3359 4103 καὶ
3388 4051 3643 4112 Γαλάταις
3683 4055 3828 4126 γρά-

2222 4165 2345 4216 φων,
2391 4143 2556 4196 ἔκλαιε
2599 4147 2717 4216 περὶ
2765 4151 2864 4194 τῶν
2896 4141 3098 4217 ἐχθρῶν
3145 4149 3236 4193 τοῦ
3274 4149 3504 4214 σταυροῦ
3552 4149 3644 4193 τοῦ
3685 4148 3828 4212 Χρι-

2223 4240 2373 4288 στοῦ.
2418 4238 2519 4286 Καὶ
2546 4236 2599 4283 τί
2631 4229 2716 4284 δεῖ
2748 4231 2910 4303 λέγειν
2960 4231 3200 4306 Ἰερεμίαν
3243 4229 3527 4296 κλαίοντα;
3577 4234 3667 4281 καὶ
3724 4230 3827 4283 Ἰε-

2223 4323 2397 4386 ζεκιήλ
2457 4326 2677 4396 θρήνους
2751 4321 3018 4396 ἀρχόντων
3089 4319 3144 4372 ἐκ
3208 4323 3617 4395 προστάγματος
3687 4328 3828 4373 Θεοῦ

2220 4417 2504 4488 γράφοντα,
2564 4417 2653 4464 καὶ
2717 4410 2935 4472 πολλοὺς
3001 4406 3060 4463 δὲ
3105 4418 3204 4460 τῶν
3245 4409 3403 4481 ἁγιων
3460 4410 3826 4482 οὶμὼζοντας;

2223 4508 2402 4576 Οἳμοι,
2453 4510 2636 4575 μῆτερ,
2687 4504 2756 4561 ὡς
2793 4519 2908 4555 τινα
2954 4519 3017 4571 με
3067 4501 3230 4560 ἔτεκες
3279 4501 3426 4569 (80);
3486 4504 3596 4565 καὶ,
3640 4503 3826 4570 Οῖμοι,

2223 4595 2304 4646 ὅτι
2360 4590 2612 4645 ἀπόλωλεν
2666 4587 2887 4651 εὐλαϐὴς
2951 4587 3051 4641 ἀπὸ
3100 4597 3197 4652 τῆς
3244 4597 3364 4660 γῆς,
3417 4592 3507 4640 καὶ
3547 4589 3573 4639 ὁ
3626 4607 3828 4664 κατορ-

2316 4718 2361 4753 ²⁷
2387 4719 2556 4772 Rom.
2588 4730 2646 4782 v,
2679 4718 2738 4769 3.
2857 4715 2905 4750 ³⁸
2936 4715 3108 4770 Rom.
3141 4729 3235 4776 xu,
3264 4716 3348 4769 12.
3459 4715 3507 4749 ³³
3541 4711 3690 4769 Ibid.
3724 4717 3820 4770 15.

2443 4787 2490 4821 ⁸³
2520 4786 2738 4841 Jerem.
2773 4801 2866 4855 xv,
2899 4789 2983 4841 10.

2223 4913 2562 4970 Lectionem
2585 4913 2906 4984 utramque
2925 4909 3108 4983 recipi
3132 4924 3332 4982 posse,
3357 4924 3560 4979 nemo,
3584 4909 3828 4984 opinor,

2221 4985 2409 5041 homo
2441 4998 2565 5038 non
2597 4981 2783 5036 videt.

2297 5056 2412 5125 (78)
2441 5054 2608 5126 Unus
2635 5053 2824 5108 codex
2851 5051 3020 5108 Colb.
3052 5057 3107 5108 et
3138 5052 3279 5108 editi
3301 5056 3476 5114 πόνοις
3497 5053 3834 5126 προεθισθένο

2225 5145 2335 5180 τεσ.
2365 5124 2773 5197 Aliiquinque
2804 5140 2951 5180 mss.
2983 5126 3432 5197 προσεθισθέντες.

2293 5199 2410 5268 (79)
2449 5195 2690 5268 Veteres
2739 5202 3002 5267 quatuor
3025 5195 3168 5251 libri
3209 5196 3305 5268 οὐκ
3346 5195 3688 5268 ἐπισκοτίσει.
3719 5195 3834 5251 Alii

2226 5265 2349 5323 duo
2378 5265 2434 5323 et
2459 5267 2598 5323 editi
2627 5265 2983 5339 ἐπισκοτήσει.
3003 5269 3124 5322 Hoc
3142 5268 3270 5339 ipso
3294 5267 3354 5339 in
3375 5267 3509 5322 loco
3539 5273 3654 5322 tres
3680 5283 3830 5322 mss.

2227 5343 2285 5392 τὸ
2315 5344 2543 5413 χαίρειν.
2577 5338 2685 5394 Alii
2714 5339 2961 5413 totidem
2990 5354 3134 5393 mss.
3167 5338 3226 5393 et
3250 5338 3392 5413 editi
3421 5340 3492 5409 τῲ
3521 5343 3753 5413 χαίρεινέ

2299 5408 2427 5479 ("‘Ol'
2451 5413 2610 5480 Unus
2637 5409 2828 5464 codex
2854 5413 2994 5480 Reg.
3027 5414 3258 5472 τέτοκας.
3291 5412 3420 5467 Mox
3449 5408 3605 5465 unus
3626 5408 3834 5465 codex

2231 5481 2398 5540 COlb.
2428 5480 2502 5534 ἐπ’
2527 5479 2835 5556 ἀνθρώποις.
