4088 6194
506 279 611 331 227

1886 259 1945 315 S.
1990 256 2238 314 BASlLlI
2275 256 2492 316 MAGNI

3769 267 3886 320 228

509 413 662 464 sam,
692 392 915 464 gaudio
950 388 1184 446 Domini
1211 386 1443 455 dignati
1473 385 1552 441 ob
1587 384 1813 441 effusas
1839 400 1950 456 pro
1987 384 2161 440 fratre

2278 392 2376 434 τῶν
2407 385 2476 446 εἰς
2507 389 2592 436 τόν
2622 383 2840 459 ἀδελφόν
2868 384 3108 460 δακρύων
3137 393 3424 462 τῆςχαρᾶς
3436 389 3528 438 τόῦ
3545 392 3738 460 Κυρίου
3766 388 3884 459 (90)

506 485 830 556 lacrymas.
856 482 1047 546 Quare
1077 477 1232 533 beati
1255 479 1402 531 sunt
1421 475 1525 547 qui
1550 474 1714 540 ﬂent,
1739 474 1898 529 beati
1925 488 2168 545 quoque

509 575 616 646 qui
633 572 859 641 lugent,
884 565 1176 640 quoniam
1198 564 1311 636 ipsi
1333 563 1824 630 consolabuntur,
1851 567 1907 618 et
1929 562 2171 633 ipsimet

511 661 820 718 ridebunt.
842 661 1047 714 Risum
1071 658 1274 710 autem
1296 653 1459 720 dicit,
1483 669 1607 708 non
1625 653 1940 724 strepitum
1961 667 2169 723 quem-

509 750 652 807 dam
675 765 782 822 per
811 761 997 816 genas
1029 743 1107 799 ab
1133 742 1558 798 effervescente
1590 741 1886 810 sanguine
1918 740 2165 806 editum,

509 839 617 894 sed
646 836 1008 892 hilaritatem
1030 847 1268 904 puram,
1285 836 1343 886 et
1358 830 1554 886 omnis
1578 829 1822 885 tristitiae
1844 833 2164 885 exsortem.

507 927 792 995 Quocirca
821 924 1024 993 lugere
1042 938 1180 977 cum
1196 920 1541 991 lugentibus
1562 921 1609 953 “
1636 918 1770 974 licet
1787 934 1892 990 per
1913 922 2169 990 Aposto-

505 1017 654 1084 lum,
686 1015 853 1088 quod
879 1015 970 1070 hae
1010 1012 1294 1082 lacrymaa
1325 1009 1484 1065 velut
1508 1008 1714 1078 gaudii
1737 1007 1942 1063 asterni
1962 1022 2168 1063 semen

503 1106 656 1161 ﬁant
682 1111 741 1160 et
758 1105 950 1159 fenus.
976 1099 1248 1156 Ascende
1275 1098 1422 1153 mihi
1438 1104 1660 1165 mente,
1684 1102 1740 1152 et
1757 1095 2167 1152 conditionem

505 1194 737 1250 intuere
768 1191 1145 1262 angelorum,
1180 1204 1257 1243 an
1289 1186 1615 1242 conveniat
1640 1185 1724 1240 eis
1756 1191 1970 1257 printer
2019 1199 2166 1254 gau-

507 1282 680 1339 dium
704 1287 760 1338 et
787 1279 1054 1336 laetitiam
1070 1276 1230 1331 ullus
1245 1275 1398 1330 alius
1413 1280 1599 1330 status
1617 1291 1629 1330 :
1654 1274 1880 1347 quippe
1900 1274 2044 1345 quia
2066 1274 2168 1328 ha-

503 1371 612 1428 biti
642 1375 782 1426 sunt
801 1368 988 1438 digni,
1016 1366 1118 1438 qui
1143 1369 1337 1421 astent
1369 1367 1508 1434 Deo,
1532 1379 1604 1419 ac
1624 1363 2012 1419 inenarrabili
2035 1362 2165 1435 pul-

504 1456 1058 1526 chritudinegloriaa
1074 1452 1413 1510 Conditoris
1426 1454 1610 1508 nostri
1629 1452 2034 1524 perfruantur.
2059 1456 2167 1507 tta-

505 1564 622 1620 que
647 1548 725 1603 ad
758 1547 917 1601 hanc
959 1543 1196 1600 vivendi
1220 1543 1514 1598 rationem
1546 1541 1808 1597 invitans
1836 1557 1948 1598 nos
1972 1547 2164 1614 Apos-

502 1637 679 1703 tolus,
723 1650 964 1706 semper
993 1633 1259 1703 gaudere
1289 1648 1408 1688 nos
1427 1632 1629 1702 jussit.

577 1731 628 1782 5.
653 1724 883 1790 Quodsi
907 1723 1194 1779 Dominus
1211 1722 1517 1793 lacrymas
1531 1736 1713 1793 super
1738 1722 2023 1776 Lazarum
2048 1720 2162 1792 29

502 1821 559 1874 et
588 1831 769 1888 super
795 1815 1092 1870 civitatem
1116 1811 1408 1884 profudit,
1440 1810 1588 1866 illud
1616 1811 1813 1866 dicere
1841 1810 2162 1877 habemus,

501 1906 706 1974 ipsum
725 1902 1129 1960 etcomedisse
1151 1907 1206 1956 et
1225 1900 1470 1967 bibisse,
1494 1899 1923 1972 nihilalioquin
1944 1898 2163 1953 horum

502 1993 821 2063 indigum:
873 1991 980 2047 sed
1011 1989 1228 2045 modos
1260 2005 1330 2044 ac
1376 1987 1527 2043 ﬁnes
1567 1987 1791 2059 quibus
1838 1986 2163 2043 necessarii

503 2081 720 2139 animae
740 2080 993 2136 affectus
1015 2079 1456 2143 contineantur,
1482 2076 1585 2131 tibi
1602 2076 1939 2149 reliquisse.
1958 2079 2164 2147 Itaque

503 2171 589 2228 sic
608 2171 787 2226 etiam
808 2170 1178 2241 lacryinatus
1233 2171 1344 2234 est,
1376 2172 1439 2222 ut
1456 2166 1847 2221 immodicam
1868 2164 2168 2238 quaarulo-

500 2276 636 2318 rum
671 2276 742 2316 ac
796 2259 992 2314 luctus
1043 2257 1381 2313 amantium
1403 2255 1483 2310 ad
1510 2255 1780 2311 ﬂendum
1811 2255 2164 2327 propensio-

501 2367 664 2418 nem,
690 2348 1001 2420 animique
1023 2363 1235 2402 eorum
1265 2345 1702 2401 demissionem
1727 2349 1992 2402 sanaret.
2011 2348 2163 2400 Nam

504 2441 554 2496 si
576 2439 722 2512 quid
744 2438 931 2504 aliud,
956 2436 1287 2509 praesertim
1310 2435 1592 2506 lacrymze
1614 2451 1769 2506 opus
1791 2434 2018 2490 habent
2034 2450 2161 2489 mo-

503 2529 814 2584 deramine
853 2527 1140 2582 rationis:
1199 2524 1572 2598 quibusnam
1623 2523 2051 2595 illacrymetur,
2106 2527 2163 2578 et

501 2624 824 2690 quantum,
851 2622 910 2672 et
937 2615 1212 2688 quando,
1233 2621 1291 2671 et
1311 2614 1622 2686 quomodo
1639 2629 1751 2685 par
1770 2613 1964 2668 fuerit.
1989 2612 2161 2678 Quod

502 2707 665 2762 enim
695 2706 844 2762 citra
867 2705 1054 2760 ullam
1078 2703 1266 2758 animi
1288 2703 1778 2774 commotionem,
1805 2702 1908 2758 sed
1930 2701 2007 2756 ad
2031 2717 2161 2756 eru-

501 2793 758 2850 diendos
789 2809 900 2848 nos
928 2791 1297 2863 lacrymatus
1325 2797 1415 2846 est
1443 2791 1754 2861 Dominus,
1779 2796 2160 2862 perspectum

503 2887 592 2940 est
617 2899 688 2940 ac
721 2881 1110 2937 manifestum
1142 2897 1214 2936 ex
1234 2880 1363 2936 illo:
1397 2882 1664 2936 Lazarus
1694 2883 1921 2937 amicus
1961 2885 2162 2936 noster

501 2973 746 3036 dormit,
770 2972 871 3028 sed
892 2972 1045 3028 vado
1067 2976 1189 3027 uta
1220 2986 1424 3026 somno
1463 2971 1712 3026 excitem
1755 2972 1970 3027 eum“.
2015 2969 2157 3035 Quis

2277 473 2697 547 καταξιούμενοι.
2748 479 2843 528 Διὰ
2888 486 3041 530 τοῦτο
3081 480 3331 552 μακάριοι
3367 479 3415 528 οἱ
3462 476 3742 543 κλαίοντες,
3785 483 3883 530 καὶ

2277 565 2528 636 μακάριοι
2575 567 2623 616 οἱ
2670 567 3117 634 πενθοῦντες,,ότι
3147 567 3296 618 αὑτοὶ
3352 565 3881 638 παρακληθήσονται,

2278 657 2368 702 καὶ
2399 653 2547 706 αύτοὶ
2575 654 2880 724 γελάσουσι.
2915 655 3116 708 Γέλωτα
3146 653 3204 709 δὲ
3232 655 3369 727 λέγει
3398 655 3456 706 ού
3503 659 3590 706 τόν
3636 651 3728 707 διὰ
3774 664 3882 708 τῶν

2277 751 2498 815 παρειῶν
2528 742 2843 798 ἐκπίπτοντα
2873 745 3039 818 ψόφον
3070 745 3121 798 ἐν
3150 754 3222 817 τῷ
3267 749 3484 818 αἳματος
3533 743 3878 819 ἀναϐρασμῷ,

2278 828 2406 882 ἀλλὰ
2446 837 2540 890 τὴν
2580 835 2805 907 ἄκρατον
2847 839 2937 886 καὶ
2977 833 3138 908 ἀμιγῆ
3182 839 3372 897 παντὸς
3418 836 3730 906 σκυθρωποῦ
3770 833 3884 886 ἱλα-

2277 925 2493 992 ρότητα.
2530 923 2732 976 Κλαίειν
2763 921 2850 976 οὑν
2879 926 3010 997 μετά
3037 924 3314 978 κλαιόντων
3342 931 3615 998 συγχωρεῖ
3655 925 3681 974 ό
3727 923 3884 976 Ἀπό-

2281 1009 2480 1077 στολος,
2524 1008 2703 1070 ἐπειδὴ
2745 1016 2802 1064 τό
2841 1009 3071 1086 δάκρυον
3119 1021 3274 1066 τοῦτο
3318 1015 3470 1065 οἱονεὶ
3523 1015 3728 1085 σπέρμα
3786 1016 3886 1064 καὶ

2281 1093 2539 1170 δάνεισμα
2567 1104 2764 1170 γίνεται
2792 1109 2888 1163 τῆς
2917 1101 3128 1153 αἰωνίου
3167 1107 3362 1174 χαρᾶς.
3404 1098 3594 1151 Ἀνάϐα
3623 1119 3713 1172 μοι
3756 1100 3880 1168 (91)

2277 1194 2339 1259 τῇ
2401 1184 2628 1262 διανοίᾳ,
2678 1196 2768 1242 καὶ
2822 1193 3006 1244 θέασαι
3043 1196 3138 1249 τὴν
3195 1190 3467 1262 ἀγγελικὴν
3525 1191 3879 1255 κατάστασιν,

2280 1277 2322 1339 εὶ
2350 1277 2476 1335 ἄλλη
2509 1298 2590 1339 τις
2620 1280 2797 1343 αὐτοῖς
2827 1284 3010 1354 πρέπει
3039 1283 3389 1347 κατάστασις,
3422 1278 3556 1337 πλὴν
3602 1286 3693 1330 τοῦ
3739 1282 3883 1349 χαί-

2275 1386 2381 1440 ρειν
2412 1372 2500 1420 καὶ
2529 1365 2564 1420 δ
2570 1371 2956 1441 ιευθυμεῖσθαι·
2999 1372 3078 1422 ὅτι
3108 1370 3357 1433 ἠξίωνται
3386 1370 3707 1441 παρεστάναι
3737 1375 3879 1437 Θεῷ,

2276 1461 2365 1508 καὶ
2399 1455 2671 1510 ἀπολαύειν
2703 1467 2794 1511 τοῦ
2832 1457 3130 1534 ἀπορρήτου
3179 1458 3396 1520 κάλλους
3439 1465 3535 1518 τῆς
3577 1453 3735 1519 δόξης
3784 1463 3884 1508 τοῦ

2275 1550 2552 1608 κτίσαντος
2582 1550 2740 1619 ἡμᾶς.
2774 1551 2912 1620 Πρός
2955 1546 3141 1600 ἐκεῖνον
3181 1543 3268 1598 οὖν
3307 1550 3394 1598 τόν
3443 1544 3560 1618 βίον
3593 1553 3884 1619 παρορμῶν

2276 1635 2414 1706 ἡμᾶς
2443 1637 2467 1686 ό
2507 1634 2837 1702 Ἀπόστολος,
2878 1637 3098 1688 πάντοτε
3145 1640 3353 1708 χαίρειν
3401 1637 3524 1707 ἡμῖν
3575 1630 3882 1696 διετάξατο.

2348 1729 2398 1778 5.
2439 1722 2592 1775 Ἀλλά
2620 1730 2722 1797 μὴν
2753 1731 2880 1799 πρός
2909 1745 2965 1798 γε
2993 1729 3053 1778 τό
3103 1722 3372 1799 δακρῦσαι
3418 1728 3505 1776 τόν
3556 1725 3742 1795 Κύριον
3793 1721 3886 1775 ἐπὶ

2275 1815 2504 1885 Λαζάρῳ
2551 1819 2641 1866 καὶ
2686 1813 2770 1866 ἐπὶ
2818 1823 2880 1887 τῇ
2927 1815 3071 1868 πόλει
3119 1814 3278 1866 ἐκεῖνο
3325 1813 3482 1866 εἰπεῖν
3538 1815 3746 1884 ἔχομεν,
3797 1813 3887 1864 ὅτι

2273 1907 2359 1953 καὶ
2419 1905 2590 1974 ἔφαγε,
2642 1908 2732 1955 καὶ
2790 1906 2944 1972 ἔπιεν,
3008 1905 3101 1956 οὑκ
3151 1904 3311 1965 αύτός
3361 1904 3557 1955 τούτων
3611 1898 3882 1973 δεόμενος,

2206 1737 2244 1790 Β

2275 1989 2402 2042 ἀλλὰ
2435 2010 2518 2042 σοι
2547 1996 2710 2065 μέτρα
2739 1997 2827 2044 καὶ
2857 1995 3008 2066 ὅρους
3059 2001 3160 2045 τῶν
3208 1992 3502 2064 ἀναγκαίων
3549 1999 3644 2052 τῆς
3687 1989 3887 2061 ψυχῆς

2273 2080 2596 2150 παθημάτων
2627 2080 3048 2153 καταλιμπάνων,
3083 2081 3234 2133 Ούτω
3280 2088 3403 2152 γοῦν
3451 2083 3540 2130 καὶ
3588 2075 3879 2151 ἐδάκρυσε,

2272 2176 2371 2219 τῶν
2419 2165 2710 2241 ὀδυρτικῶν
2757 2176 2846 2222 καὶ
2896 2170 3214 2244 φιλοθρὴνων
3276 2172 3335 2222 τό
3402 2169 3531 2240 ἄγαν
3592 2168 3884 2240 περιπαθὲς

2272 2269 2363 2317 καὶ
2408 2271 2644 2319 ταπεινόν
2693 2266 3146 2342 ἐπανορθούμενος.
3203 2267 3264 2320 Εἰ
3308 2268 3411 2341 γάρ
3471 2285 3523 2318 τι
3570 2265 3710 2330 ἄλλο,
3779 2269 3882 2316 καὶ

2271 2358 2329 2406 τὸ
2371 2351 2615 2432 δακρύειν
2644 2366 2741 2419 τῆς
2771 2356 2826 2409 ἐκ
2855 2354 2945 2410 τοῦ
2984 2357 3137 2429 λόγου
3172 2362 3491 2430 συμμετρίας
3535 2350 3881 2428 προσδεῖταιο

2272 2442 2356 2495 ἐπὶ
2382 2449 2495 2496 τίσι
2525 2449 2640 2515 (9‘2)
2668 2449 2928 2517 γίνεσθαι,
2959 2451 3050 2498 καὶ
3088 2445 3171 2498 ἐπὶ
3218 2449 3400 2512 πόσον,
3447 2449 3537 2496 καὶ
3584 2447 3726 2510 πότε,
3777 2446 3880 2494 καὶ

2271 2534 2407 2595 ὅπως
2437 2545 2720 2607 προσῆκεν.
2749 2535 2870 2589 ’Ὁτι
2897 2539 2996 2609 γὰρ
3027 2537 3122 2588 ούκ
3161 2534 3384 2608 ἐμπαθὲς
3433 2531 3492 2593 ἧν
3531 2537 3590 2586 τό
3640 2529 3881 2607 δάκρυον

2270 2630 2362 2674 τού
2396 2629 2608 2696 Κυρίου,
2656 2623 2782 2676 ἀλλὰ
2832 2621 3234 2690 διδασκαλικόν,
3282 2624 3472 2676 ἐκεῖθεν
3521 2619 3698 2682 δῆλον⁹
3751 2623 3883 2675 Λά-

2271 2716 2431 2787 ζαρος
2495 2716 2520 2764 ό
2574 2713 2716 2786 φίλος
2781 2716 2928 2786 ἡμῶν
2994 2719 3323 2786 κεκοίμηται,
3395 2711 3523 2764 ἀλλὰ
3584 2714 3886 2786 πορεύομαι

2272 2807 2354 2856 ἶνα
2405 2802 2662 2864 ἐξυπνίσω
2727 2802 2903 2855 αὐτόν.
2979 2807 3072 2865 Τίς
3146 2804 3291 2875 ἡμῶν
3362 2801 3478 2871 (93)
3553 2805 3882 2872 κοιμώμενον

2270 2889 2516 2965 ὀδύρεται
2560 2891 2720 2963 φίλον,
2755 2890 2808 2943 ὃν
2847 2896 3033 2966 μικρὸν
3081 2893 3295 2968 ὕστερον
3340 2886 3618 2965 προσδοκᾷ
3665 2885 3884 2941 διυπνί-

2275 2985 2377 3044 ζειν
2409 3001 2422 3051 ;
2456 2982 2686 3056 Λάζαρε,
2721 2978 2876 3056 δεῦρο
2907 2983 3020 3045 ἔξω.
3053 2987 3154 3036 Καὶ
3203 2984 3230 3034 ό
3276 2984 3453 3058 νεκρὸς
3500 2978 3830 3040 ἐζωοποιεῖτο
3859 2999 3882 3014 ο

499 3067 776 3118 nostrum
787 3060 968 3116 deﬂet
979 3060 1243 3115 amicum
1253 3059 1866 3132 dormientem,quem
1878 3059 2158 3132 aliquan-

2274 3074 2418 3124 καὶὸ
2461 3069 2730 3144 δεδεμένος
2773 3075 3090 3144 περιεπάτει.
3125 3079 3318 3144 Θαύμα
3359 3069 3410 3122 ἐν
3451 3071 3679 3142 θαύματι
3703 3089 3714 3101 ·
3766 3087 3883 3121 κειο

501 3156 563 3208 to
587 3154 723 3223 post
745 3155 948 3222 sperat
971 3147 1460 3221 expergefactum
1482 3148 1599 3204 iri?
1635 3149 1884 3220 Lazare,
1910 3149 2047 3204 veni
2070 3149 2161 3216 fo-

499 3255 603 3297 ras
626 3241 695 3297 ⁸⁸.
716 3241 741 3294 J
749 3255 848 3295 am
875 3243 1150 3294 mortuus
1170 3237 1573 3294 revocabatur
1593 3237 1671 3292 ad
1685 3239 1869 3293 vitam
1891 3255 1902 3291 :
1922 3239 2053 3308 jam
2074 3236 2158 3292 al-

499 3327 721 3398 ligatus
739 3326 1113 3384 ambulabat.
1125 3331 1279 3382 Inest
1291 3325 1648 3382 miraculum
1665 3327 1725 3381 in
1743 3325 2160 3382 miraculo.Pe-

500 3417 608 3473 des
629 3417 972 3487 ligabantur
989 3415 1228 3484 institis,
1247 3431 1358 3471 nec
1381 3420 1584 3472 tamen
1614 3433 1650 3472 a
1676 3422 1846 3472 motu
1871 3414 2158 3487 prohibe-

497 3506 936 3563 batur.Etenim
956 3505 1168 3561 aderat
1181 3505 1270 3560 vis
1285 3504 1567 3577 quaedam
1589 3505 1761 3562 obice
1781 3506 2160 3576 major.Quo-

498 3595 685 3652 modo
709 3595 887 3666 igitur
907 3594 1466 3666 Dominus,quierat
1487 3596 1628 3652 talia
1647 3595 2157 3664 facturus,casum

495 3683 669 3740 illum
683 3683 970 3755 lacrymis
992 3683 1244 3754 dignum
1252 3682 1272 3753 j
1285 3683 1615 3740 udicasset?
1630 3690 1701 3741 At
1721 3701 1840 3741 non
1855 3685 2058 3757 palam
2071 3691 2160 3744 est

495 3773 702 3846 ipsum
731 3773 1140 3829 inﬁrmitatem
1177 3779 1454 3829 nostram
1494 3775 1764 3848 undique
1804 3775 2157 3834 suffulcien-

496 3867 750 3930 tem,eas
766 3862 1112 3919 affectiones
1124 3878 1262 3934 quae
1275 3862 1653 3919 inevitabiles
1668 3870 1874 3921 suntet
1885 3883 2158 3924 necessa-

498 3952 626 4018 riae,
647 3953 806 4008 intra
821 3951 1034 4007 modos
1047 3951 1350 4023 quosdam
1364 3968 1433 4008 ac
1447 3953 1733 4008 terminos
1747 3955 1950 4010 contin
1961 3955 2117 4010 uisse
2129 3956 2156 4011 ?

499 4041 827 4114 Apathiam
849 4040 1096 4113 quidem
1119 4039 1318 4095 vitavit
1340 4045 1633 4112 tanquam
1676 4042 1972 4112 quiddam
2020 4043 2157 4099 feri-

497 4148 684 4189 num:
732 4131 924 4187 noluit
952 4134 1156 4186 tamen
1199 4130 1442 4185 maerori
1489 4147 1559 4186 ac
1606 4131 1855 4187 tristitiae
1913 4132 2153 4188 deditus

497 4237 650 4290 esse,
683 4236 753 4276 ac
783 4220 1042 4276 multum
1061 4218 1404 4289 lacrymari,
1429 4219 1595 4290 quod
1616 4219 1731 4275 hoc
1755 4219 2042 4277 illiberale
2054 4238 2154 4278 es-

497 4316 590 4367 set
613 4315 672 4366 et
695 4307 1425 4378 ignavum.Quamobrem
1441 4308 1638 4364 amico
1658 4308 1937 4366 deﬂendo
1958 4317 2154 4368 osten-

2229 3179 2233 3183 λ
2271 3167 2411 3237 ρίαις
2441 3158 2694 3214 δεδέσθαι
2721 3166 2841 3224 τούς
2880 3159 3069 3228 πόδας,
3125 3166 3216 3213 καὶ
3273 3165 3344 3233 μὴ
3395 3159 3684 3212 κωλύεσθαι
3735 3160 3883 3232 πρὸς

2269 3255 2363 3309 τὴν
2389 3256 2612 3308 κίνησιν.
2647 3252 2837 3312 Μεῖζον
2865 3254 2967 3324 γὰρ
2995 3249 3055 3323 ᾖν
3093 3255 3152 3303 1'6
3197 3249 3442 3322 ἐνισχύον
3473 3249 3584 3320 (94)
3631 3254 3722 3300 τοῦ
3783 3245 3880 3318 ἆμ-

2268 3336 2597 3401 ποδίζοντος.
2653 3348 2767 3402 Ilo);
2807 3337 2895 3392 οὖν
2938 3343 2963 3392 ό
3005 3348 3226 3393 τοιαῦτα
3272 3338 3484 3413 ἐνεργεῖν
3530 3337 3724 3411 μέλλων
3773 3332 3884 3390 δα-

2270 3432 2437 3501 κρύων
2466 3429 2610 3492 ἀξιον
2641 3433 2699 3481 τό
2739 3428 2944 3502 συμϐὰν
2970 3432 3199 3503 ἓκρινενς
3252 3427 3322 3481 Ἦ
3355 3425 3532 3494 δῆλον,
3582 3428 3682 3492 ότι,
3738 3444 3886 3479 παν-

2269 3519 2495 3590 ταχόθεν
2551 3522 2610 3570 τό
2667 3516 2876 3581 ἀσθενὲς
2932 3520 3077 3591 ἡμῶν
3135 3513 3440 3592 ὑπερείδων,
3497 3519 3705 3588 μέτροις
3749 3519 3876 3568 τισὶ

2268 3612 2359 3658 καὶ
2417 3609 2555 3682 ὅροις
2611 3611 2679 3660 τὰ
2727 3606 2987 3678 ἀναγκαῖα
3041 3605 3309 3680 περιελαϐε
3374 3606 3558 3671 πάθης
3638 3606 3698 3655 τό
3774 3605 3876 3675 μὲν

2271 3695 2578 3769 ἀσυμπαθὲς
2623 3698 2693 3757 ὡς
2741 3693 2999 3769 θηριῶδες
3045 3694 3303 3760 ἐκκλίνων,
3352 3697 3410 3746 1'6
3465 3689 3525 3746 δὲ
3589 3690 3876 3764 φιλόλυπον

2269 3791 2358 3838 καὶ
2406 3785 2728 3859 πολύθρηνον
2774 3787 2889 3855 (95)
2933 3788 3004 3846 ὡς
3053 3783 3226 3856 ἀγενὲς
3276 3784 3705 3859 παραιτούμενος.
3755 3784 3882 3833 Διό-

2265 3894 2383 3948 περ,
2429 3871 2792 3947 ἐπιδακρύσας
2838 3882 2911 3945 τῷ
2959 3873 3105 3946 φίλῳ,
3155 3873 3313 3933 αὑτός
3354 3891 3408 3925 τε
3452 3875 3547 3929 τὴν
3597 3875 3878 3923 κοινωνίαν

2265 3947 2362 4024 τῆς
2409 3962 2729 4037 ἀνθρωπείας
2785 3966 2986 4035 φύσεως
3051 3947 3366 4028 ἐπεδείξατο,
3427 3965 3516 4013 καὶ
3569 3962 3704 4032 ἡμᾶς
3765 3967 3879 4012 τῶν

2267 4051 2341 4124 ἐφ’
2387 4051 2604 4125 ἑκάτερα
2654 4051 2946 4126 ὑπερϐολῶν
3017 4051 3355 4126 ἠλευθέρωσε·
3433 4053 3565 4122 μήτε
3633 4067 3882 4120 καταμα-

2264 4139 2575 4202 λακίζεσθαι
2626 4145 2754 4216 πρός
2810 4144 2877 4194 τὰ
2918 4144 3082 4209 πάθη,
3141 4147 3268 4213 μήτε
3331 4138 3662 4199 ἀναισθήτως
3722 4139 3880 4209 ἔχειν

2265 4240 2366 4284 τῶν
2422 4231 2665 4308 λυπηρῶν
2719 4230 3021 4306 ἐπιτρέπων.
3082 4230 3170 4291 Ὡς
3221 4225 3310 4282 οὖν
3384 4224 3698 4290 κατεδέξατο
3772 4230 3881 4286 τὴν

2264 4324 2487 4374 πεῖνανό
2518 4325 2727 4396 Κύριος,
2774 4331 2871 4383 τῆς
2920 4327 3128 4395 στερεᾶς
3181 4316 3376 4395 τροφῆς
3425 4315 3882 4379 διαπνευσθείσης

497 4398 584 4455 dit
606 4397 1098 4453 communionem
1119 4395 1403 4450 humanas
1424 4401 1656 4452 naturae
1684 4415 1697 4466 ;
1720 4399 2021 4472 simulque
2044 4417 2154 4457 nos

2274 4411 2426 4484 αὐτῷ,
2460 4416 2548 4463 καὶ
2575 4417 2669 4470 τὴν
2693 4408 2728 4464 δ
2734 4410 2856 4481 ἐψαν
2904 4415 3230 4484 προσήκατο,
3281 4417 3375 4470 τῆς
3419 4409 3704 4480 ὑγρότητος
3744 4404 3878 4458 ἀνα-

497 4487 577 4544 ab
593 4501 842 4542 excessu
858 4487 919 4540 in
940 4491 1260 4556 utramque
1283 4491 1513 4556 partem
1527 4484 2027 4562 liberavit,neque
2043 4507 2155 4547 nos

415 4647 418 4650 ξ
497 4573 738 4632 mollius
759 4573 956 4643 frangi
979 4572 1478 4646 adversis,neque
1499 4574 1654 4630 inter
1678 4577 1991 4634 molestias
2015 4596 2154 4635 sen-

498 4681 603 4719 sus
627 4678 760 4719 esse
773 4667 1043 4736 expertes
1056 4651 1406 4734 permittens
1417 4664 1964 4729 .Quemadmodum
1978 4668 2158 4740 igitur

498 4753 788 4810 Dominus
811 4752 1020 4808 solidis
1043 4751 1191 4807 cibis
1222 4752 1468 4823 digestis
1506 4753 1732 4811 famem
1751 4758 2052 4826 sustinuit,
2085 4760 2156 4816 si-

498 4843 728 4918 timque
758 4843 1022 4911 admisit,
1064 4843 1321 4902 humore
1350 4845 1622 4917 corporis
1673 4854 2053 4921 consumpto,
2101 4854 2158 4908 et

580 5024 630 5061 ιι
656 5025 827 5081 Rom.
859 5038 953 5092 xu,
982 5024 1066 5078 15.
1142 5019 1190 5058 ⁸⁵
1213 5022 1614 5096 Joan.’_xi,ftl.
1692 5025 1740 5061 ⁸⁸
1778 5025 1924 5082 ibid.
1956 5030 2050 5085 43.

568 5207 682 5280 (90)
711 5205 860 5280 Reg.
897 5200 1201 5280 secundus
1229 5208 1541 5280 χαρᾶς-τῶν
1569 5197 1804 5280 δικαίων,
1842 5206 2038 5280 εχΪεςιξ
2071 5209 2160 5265 ἀί..

497 5272 606 5350 ρήί
627 5272 850 5352 σικιαῶ
873 5275 1205 5352 justorura.
1228 5272 1475 5352 Ne’c‘ilta
1505 5273 1696 5329 multo
1725 5272 2157 5352 post'quinque

499 5343 649 5406 ᾖ]εεῖ
677 5343 1005 5423 γελάσονται.
1041 5344 1314 5423 Subinde
1333 5343 1488 5423 duos
1521 5360 1667 5423 mss.
1699 5343 1978 5423 κλαίεινξὸὲ
2003 5343 2152 5423 μετά,

573 5412 696 5485 (91)’
714 5418 956 5489 Antiqui
1006 5431 1227 5471 novem
1256 5414 1392 5489 libri
1436 5412 1602 5466 ἀνάϐα
1653 5436 1763 5488 μοι.
1833 5412 2155 5476 Εά1ι1’ὰνά..

498 5490 624 5570 λαϐέ
653 5509 772 5570 μοι,
791 5486 1088 5570 οόῦιιέιριε.
1121 5487 1291 5570 itaud
1311 5486 1491 5555 longe
1521 5486 1662 5570 Reg.
1687 5491 1990 5570 secundus
2014 5515 2154 5570 παρ-

503 5556 713 5616 ιστάνάι
743 5568 876 5631 Θεῷ.
915 5556 1178 5631 Subinde
1205 5556 1327 5612 duo
1352 5573 1500 5631 mss.
1534 5559 1672 5631 ἡμᾶς
1695 5556 1730 5612 δ
1735 5560 1990 5625 ιετάξατο.

576 5634 688 5703 (92)
711 5626 880 5708 Vulg.
911 5628 994 5681 ἐπὶ
1024 5633 1135 5680 τισί
1163 5626 1520 5686 Emendatio
1549 5626 1752 5689 Obvia.
1785 5635 1933 5690 Enir.

2263 4499 2520 4561 λωθείσης
2557 4509 2651 4561 τῆς
2684 4498 2731 4551 ἐν
2761 4507 2833 4570 τῷ
2865 4504 3072 4571 σώματι
3097 4520 3109 4532 ο
3161 4503 3249 4550 καὶ
3279 4496 3542 4564 ἐκοπίασε,
3576 4502 3674 4546 τῶν
3720 4501 3880 4566 μυῶν

2264 4596 2356 4644 καὶ
2386 4599 2485 4642 τῶν
2511 4591 2697 4662 νεύρων
2735 4586 2788 4638 ἐκ
2835 4596 2930 4647 τῆς
2973 4583 3278 4660 ὁδοιπορίας
3327 4585 3711 4659 ὑπερταθέντων
3743 4603 3755 4616 ·
3807 4583 3880 4635 οὗ

2264 4687 2359 4739 τῆς
2393 4679 2632 4737 θεότητος
2661 4684 2733 4747 τῷ
2762 4677 2978 4748 καμάτῳ
3011 4671 3400 4748 δαμαζομένης,
3444 4671 3572 4724 ἀλλά
3615 4678 3707 4723 τοῦ
3768 4676 3883 4722 σώ-

2265 4786 2427 4841 ματος
2483 4769 2550 4818 τὰ
2601 4764 2655 4817 ἐκ
2718 4767 2920 4836 φύσεως
2989 4762 3436 4817 ἐπακολουθοῦντα
3501 4764 3883 4833 συμπτώματα

2269 4853 2580 4930 δεχομένουο
2614 4853 2749 4908 οὕτω
2777 4860 2867 4909 καὶ
2905 4857 2964 4908 τό
3020 4851 3250 4928 δάκρυον
3296 4856 3625 4929 προσήκατο,
3669 4851 3728 4903 τό
3777 4869 3881 4922 φυ-

2342 5214 2454 5284 (93)
2483 5213 2727 5269 Veteres
2754 5208 3023 5284 quinque
3051 5209 3188 5267 libri
3217 5213 3297 5271 τίς
3323 5212 3488 5284 ἡμῶν.
3523 5207 3676 5284 Editi
3701 5207 3874 5284 ὑμῷν.

2342 5278 2454 5356 (94)
2488 5285 2722 5358 Legitur
2749 5278 2808 5358 in
2842 5278 3098 5358 quatuor
3117 5299 3266 5337 mss.
3289 5278 3880 5358 re'ivtexéog,_in'edi-
3949 5321 3956 5325 .

2267 5352 2511 5413 tis've'ro
2541 5352 2600 5412 εἴ
2618 5358 2680 5412 in
2706 5355 2838 5411 aliis
2862 5352 3106 5410 duobus
3147 5370 3293 5425 mss.
3331 5352 3541 5425 ’σχύον.
3598 5354 3730 5408 Mox
3759 5367 3876 5407 ve-

2267 5433 2418 5484 teres
2436 5429 2714 5502 quinque
2743 5425 2878 5502 libri
2906 5424 3388 5502 {araxiraéwpyeit

2337 5501 2449 5571 (95)
2469 5493 2662 5556 ὐῐιιίχ
2689 5499 2880 5571 codex
2903 5496 3069 5553 Colb.
3091 5500 3149 5549 τό
3180 5493 3449 5571 φῖλόπονον
3474 5497 3564 5547 καὶ
3595 5493 3876 5571 πολύθρη-

2264 5566 2369 5639 νον,
2401 5566 2584 5629 male.
2602 5569 2815 5627 Statim
2843 5573 3133 5641 tres_mss.
3165 5566 3262 5630 τῆς
3292 5566 3616 5641 ἀνθρωπίνης
3638 5566 3872 5637 φύσεως.

2265 5643 2419 5699 Editi
2445 5648 2502 5699 et
2526 5642 2626 5698 alii
2656 5657 2801 5698 mss.
2833 5648 2926 5702 τῆς
2957 5638 3293 5712 ἀνθρωπείας.
