4088 6194
198 289 310 342 229

1270 285 1564 344 HOMILIA
1601 285 1692 340 DE
1731 283 2138 342 GRATIARUM
2174 285 2500 343 ACTIONE.

3458 294 3563 350 230

200 415 358 463 σικόν
415 419 480 483 τῇ
543 415 700 485 σαρκὶ
755 408 1083 483 ἐπιγίνεσθαι
1138 414 1438 485 σύμπτωμα
1495 415 1808 483 συγχωρῶν.

1936 408 2282 479 lefatigatus
2309 415 2396 466 est
2417 427 2489 466 ex
2509 411 2714 467 itinere
2737 414 2804 479 ‘7,
2829 411 3116 468 musculis
3132 429 3202 469 ac
3220 414 3416 470 nervis
3434 415 3573 489 plus

197 499 367 575 Ὅπερ
417 499 714 572 συμϐαίνει,
766 501 889 552 ὅταν
937 503 1006 554 τὰ
1050 501 1162 571 (96)
1205 501 1353 553 κοῖλα
1391 507 1482 552 τοῦ
1513 498 1812 572 ἐγκεφάλου,

198 598 300 641 τῶν
359 589 416 641 ἐκ
472 599 570 651 τῆς
614 589 783 652 λύπης
839 589 1233 662 ἀναθυμιάσεων
1288 591 1642 666 πληρωθέντα,
1711 589 1818 640 οἷον

200 674 273 730 δι’
329 679 539 750 ὀχετῶν
606 698 755 730 τινων
803 687 905 731 τῶν
957 683 1092 732 κατὰ
1145 683 1267 742 τοὺς
1319 679 1608 752 όφθαλιιοός
1649 683 1818 751 πόρων

194 775 290 820 τοῦ
321 768 498 840 ὑγροῦ
525 770 587 820 τό
635 765 799 841 βάρος
839 765 1286 830 ἀποσκευάζηται.
1315 768 1467 822 Ὀθεν
1500 765 1630 840 ἦχοι
1666 787 1817 836 τινες,

192 860 285 908 καὶ
351 856 574 928 Dur/os,
625 861 716 908 καὶ
774 863 1059 920 σκοτώσεις
1110 857 1194 910 ἐπὶ
1243 866 1360 919 ταῖς
1406 854 1684 920 ἀδοκήτοις
1721 865 1821 909 τῶν

193 945 449 1018 λυπηρῶν
503 943 692 1007 ἀκοαῖς
736 944 1047 1017 ἐγγίνονται,
1096 943 1534 1021 περιδονουμίνης
1588 955 1684 1008 τῆς
1740 965 1822 998 κε-

196 1035 368 1107 φαλᾶς
417 1036 527 1086 ὑπό
576 1042 679 1087 τῶν
723 1032 898 1108 ἀτμῶν
927 1038 1067 1107 (97),
1098 1036 1188 1098 οὓς
1233 1039 1263 1096 ἠ
1317 1036 1400 1090 ἐπὶ
1446 1040 1505 1089 τό
1540 1035 1707 1109 βάθος
1730 1041 1821 1088 τοῦ

199 1127 393 1197 θερμοῦ
452 1122 689 1182 συστολὴ
752 1121 1061 1197 ἀναπέμπει.
1120 1122 1269 1194 Εἶτα,
1319 1122 1486 1199 οἶμαι,
1539 1127 1713 1199 ὥσπερ
1762 1129 1820 1177 τό

193 1218 343 1285 νέφος
392 1214 471 1274 είς
517 1209 751 1283 ψεκάδα,
794 1213 960 1277 οὕτως
1006 1217 1064 1266 τὸ
1109 1216 1289 1287 πάχος
1334 1217 1452 1285 (98)
1490 1224 1590 1268 τῶν
1647 1214 1821 1288 ἀτμῶν

196 1303 265 1363 εἰς
325 1298 571 1376 δάκρυον
626 1299 917 1358 διαλύεται.
963 1301 1138 1357 Ἔνθεν
1195 1309 1288 1357 καὶ
1349 1301 1512 1363 ἡδονή
1574 1310 1652 1358 τίν
1708 1305 1821 1358 ἐστι

193 1397 305 1452 τοῖς
359 1390 714 1463 λυπουμένοις
763 1395 884 1466 περί
927 1391 1016 1444 τόν
1075 1394 1281 1466 θρῆνον,
1334 1393 1683 1457 λανθανόντως
1728 1391 1821 1447 διά

191 1487 284 1531 τοῦ
335 1479 542 1531 κλαίειν
593 1484 897 1553 κενουμένου
945 1481 1126 1543 αὐτοῖς
1170 1490 1262 1534 τοῦ
1313 1481 1645 1557 βαρύνοντος.
1700 1492 1820 1536 Συν-

195 1574 391 1626 ima:
424 1565 489 1622 ἃ
517 1576 613 1622 τοῦ
640 1569 798 1641 λόγου
835 1573 895 1623 τὸ
925 1569 1112 1633 ἀληθὲς
1140 1573 1170 1630 ἡ
1209 1578 1365 1644 πεῖρα
1387 1582 1487 1625 τῶν
1517 1577 1814 1646 γινομένων.

192 1658 429 1721 Πολλούς
475 1663 580 1734 γὰρ
638 1661 862 1732 ἔγνωμεν
913 1659 963 1712 ἓν
1013 1669 1305 1736 συμφοραῖς
1353 1660 1655 1726 ἀνηκέστοις
1695 1663 1818 1716 ἀπο-

1922 515 2100 572 requo
2121 500 2416 568 distentis,
2437 517 2555 557 non
2580 501 3013 557 succumbente
3029 502 3220 558 labori
3243 504 3572 574 divinitate,

1925 589 2030 645 sed
2062 606 2312 663 corpore
2355 607 2490 662 quae
2520 590 2707 662 ipsius
2745 596 3023 647 naturam
3072 593 3349 648 comitari
3381 593 3576 650 solent

1926 680 2312 752 suscipiente:
2331 681 2490 736 hunc
2507 680 2585 736 ad
2600 680 2849 735 modum
2867 679 2940 736 ad
2952 681 3109 736 misit
3123 698 3366 754 quoque
3385 683 3577 756 lacry-

1927 785 2080 835 mas,
2103 770 2270 825 carni
2295 770 2500 825 sinens
2521 768 2794 825 accidere
2821 769 2990 841 quod
3025 769 3076 826 ei
3115 775 3240 826 erat
3279 773 3574 830 naturale.

1929 862 2049 914 Hoc
2078 864 2282 915 autem
2315 859 2754 929 contingittum
2791 875 2930 914 cum
2969 858 3200 915 cerebri
3229 876 3400 923 cava,
3422 862 3579 919 exci-

1932 950 2066 1005 tatis
2105 966 2141 1005 a
2172 949 2407 1005 tristitia
2449 948 2779 1020 vaporibus
2824 948 3060 1016 referta,
3109 964 3217 1020 per
3262 949 3576 1008 oculorum

1929 1043 2165 1094 meatus
2191 1038 2354 1094 velut
2379 1054 2487 1110 per
2515 1037 2819 1110 quosdam
2851 1037 3093 1093 canales
3123 1038 3392 1093 humoris
3418 1055 3575 1096 onus

1928 1131 2197 1198 egerunt.
2235 1126 2643 1192 Quamobrem
2673 1143 2810 1184 cum
2836 1142 2931 1181 res
2963 1142 3178 1195 graves
3209 1143 3280 1182 ac
3311 1127 3576 1184 molestae

1929 1223 2144 1289 printer
2165 1217 2674 1290 exspectationem
2712 1216 3060 1284 audiuntur,
3083 1215 3148 1270 ﬁt
3172 1217 3421 1272 tinnitus
3450 1218 3578 1290 qui-

1928 1307 2091 1372 dam,
2115 1306 2486 1378 vertigoque,
2511 1310 2567 1359 et
2591 1304 2905 1360 oculorum
2929 1303 3120 1372 caligo
3143 1321 3156 1358 :
3181 1305 3478 1377 siquidem
3497 1306 3578 1362 ob

1925 1411 2184 1468 vapores
2206 1411 2360 1467 quos
2381 1393 2544 1449 calor
2563 1393 2622 1448 in
2657 1392 2939 1448 interiora
2975 1397 3315 1448 contractus
3337 1410 3578 1451 sursum

1927 1483 2402 1554 emittit,vacillat
2422 1487 2604 1554 caput
2623 1488 2679 1537 et
2699 1482 3145 1551 circumagitur.
3167 1482 3411 1552 Deinde,
3443 1499 3580 1540 mea

1926 1573 2170 1647 quidem
2195 1570 3038 1643 sententia,quemadmodum
3057 1568 3252 1626 nubes
3273 1570 3334 1626 in
3355 1575 3582 1642 guttas,

1927 1665 2011 1719 sic
2031 1679 2247 1719 crassae
2264 1677 2556 1733 vaporum
2580 1664 2778 1732 partes
2798 1659 3241 1716 resolvunturin
3255 1659 3582 1731 lacrymas.

197 1748 392 1811 στάξαι
462 1751 524 1800 τό
596 1744 827 1822 δάκρυον
891 1746 1086 1821 βιαίως
1133 1748 1640 1824 ἐγκαρτερήσανταςε
1707 1749 1818 1806 εἶτα

1936 1753 2076 1808 Hinc
2104 1751 2284 1807 etiam
2310 1749 2591 1822 voluptas
2613 1749 2898 1822 qumdam
2927 1749 3080 1804 inter
3107 1748 3438 1818 lugendum
3464 1749 3581 1820 3o

193 1841 314 1898 τοὺς
508 1836 584 1899 εἰς
632 1836 896 1896 ἀνήκεστα
939 1837 1256 1911 ἔμπεσόντας
1296 1842 1462 1908 πάθη,
1491 1840 1817 1905 ἀποπληξίας

195 1926 226 1984 ἦ
272 1924 633 1999 παραλύσεις,
689 1929 813 1987 τοὺς
865 1922 944 1993 δὲ,
988 1931 1079 1979 καὶ
1126 1927 1386 1989 παντελῶς
1429 1927 1814 2000 ἀποψύξαντας,

198 2016 372 2087 ὥσπερ
408 2014 725 2088 ἐρείσματος
761 2013 1011 2076 ἀσθενοῦς
1049 2017 1184 2087 (99),
1216 2024 1312 2079 τῆς
1353 2013 1620 2090 δυνάμεως
1649 2019 1817 2071 αὐτῶν

197 2111 269 2173 τῷ
313 2101 479 2178 βάρει
531 2111 632 2166 τῆς
671 2102 842 2165 λύπης
884 2103 1325 2166 ύποκλασθείσης.
1370 2105 1436 2159 Ὀ
1474 2110 1572 2181 γὰρ
1614 2107 1696 2160 ἐπὶ
1725 2116 1820 2171 τῆς

199 2191 389 2263 elo-,6;
444 2193 578 2266 όρᾷν
626 2192 878 2265 ὑπάρχει,
925 2193 1025 2246 ύπό
1071 2201 1163 2247 τοῦ
1213 2195 1405 2248 οἰκείου
1431 2196 1592 2255 αὐτὴν
1623 2205 1818 2251 καπνοῦ

197 2283 649 2352 καταπνίγεσθαι,
681 2286 754 2353 μὴ
783 2281 1099 2351 ὑπεξιόντος,
1131 2282 1259 2336 ἀλλά
1286 2290 1404 2359 περὶ
1446 2286 1610 2346 αὐτὴν
1654 2289 1820 2342 εἱλου-

197 2375 374 2441 μένου,
407 2374 574 2422 τοῦτό
605 2390 736 2442 φασι
778 2375 869 2424 καὶ
906 2370 990 2425 ἐπὶ
1035 2382 1130 2435 τῆς
1173 2374 1552 2448 οἰκονομούσης
1589 2381 1648 2429 τό
1690 2378 1820 2438 ζῶον

201 2455 481 2530 δυνάμεως
550 2459 813 2530 γίνεσθαι·
870 2458 1324 2534 ἀπομαραίνεσθαι
1389 2466 1490 2538 γὰρ
1559 2465 1659 2517 ὑπὸ
1721 2475 1820 2518 τῶν

195 2544 505 2622 ὀδυνηρῶν,
559 2551 652 2599 καὶ
700 2546 1173 2618 κατασϐέννυσθαι,
1230 2548 1496 2626 μηδεμιᾶς
1547 2558 1820 2628 γινομένης

193 2636 283 2689 ἐπί
311 2641 375 2690 τὸ
407 2637 510 2698 ἔξω
545 2632 824 2699 διαπνοῆς.

1927 1840 2157 1897 accedit
2186 1838 2600 1904 maerentibus,
2628 1836 2773 1909 quia
2801 1837 2967 1908 quod
2991 1837 3159 1907 ipsos
3179 1835 3582 1906 aggravabat,

1924 1929 1986 1986 id
2010 1929 2261 1985 latenter
2304 1943 2411 1999 per
2441 1926 2743 1998 ploratum
2775 1926 3085 1996 ejectatur.
3120 1927 3341 1981 Horum
3381 1929 3584 1981 autem

1923 2020 2252 2075 verhorum
2275 2015 2586 2080 veritatem
2626 2014 2850 2070 stabilit
2874 2014 3008 2086 ipsa
3043 2029 3247 2069 rerum
3275 2014 3583 2087 experien-

1927 2108 2026 2164 tia.
2055 2106 2340 2163 Novimus
2357 2120 2630 2176 namque
2653 2102 2875 2159 multos
2897 2103 2956 2158 in
2981 2102 3355 2172 gravissimis
3376 2101 3588 2158 adver-

1927 2197 2203 2253 sitatibus
2225 2194 2338 2250 sibi
2360 2209 2466 2266 per
2498 2194 2618 2248 vim
2646 2209 2682 2248 a
2711 2191 2998 2263 lacrymis
3020 2197 3409 2264 temperasse,
3431 2207 3585 2264 quo-

1926 2302 2064 2342 rum
2084 2285 2182 2340 alii
2205 2283 2458 2356 posthac
2485 2283 2548 2337 in
2579 2280 3052 2337 immedicabiles
3086 2280 3336 2336 morbos
3364 2279 3586 2336 incide-

1927 2374 2154 2443 runt,in
2166 2370 2552 2445 apoplexiam
2575 2369 3048 2441 paralysimque;
3073 2369 3171 2424 alii
3184 2383 3324 2424 vero
3336 2369 3586 2425 omnino

1929 2479 2281 2537 supremum
2304 2461 2464 2516 diem
2486 2459 2785 2525 obierunt,
2804 2458 2969 2530 quod
2991 2473 3202 2513 eorum
3223 2457 3587 2530 vires,quasi

1929 2552 2110 2610 debili
2135 2551 2408 2624 quodam
2459 2547 2648 2604 fulcro
2691 2546 3008 2611 destitutae,
3043 2546 3312 2619 pondere
3341 2545 3584 2601 tristitia:

1931 2646 2372 2712 frangerentur.
2405 2641 2553 2694 Nam
2597 2636 2762 2710 quod
2804 2634 3005 2691 videre
3048 2635 3108 2690 in
3147 2633 3398 2690 ﬂamma
3425 2634 3584 2702 licet,

196 2742 400 2801 quam
421 2726 639 2782 fumus
661 2726 945 2799 proprius
966 2727 1158 2786 sinon
1178 2734 1370 2798 exeat,
1395 2732 1504 2788 sed
1521 2733 2050 2796 circumvolvatur,
2075 2729 2350 2793 suﬁ‘ocat,
2374 2726 2436 2783 id
2457 2727 2637 2782 etiam
2666 2725 2724 2780 in
2747 2724 3028 2780 facultate
3048 2739 3171 2796 qua
3193 2722 3422 2778 animal
3443 2737 3586 2778 con-

195 2816 508 2884 stituitur,
529 2813 666 2871 ﬁeri
696 2815 926 2888 dicunt,
957 2816 1247 2875 nimirum
1276 2819 1661 2879 extabescere
1687 2824 1856 2881 illam
1890 2828 1947 2881 et
1975 2818 2274 2890 exstingui
2303 2833 2428 2890 pre:
2455 2815 2789 2884 doloribus,
2816 2813 2863 2870 si
2902 2812 3104 2869 nullus
3134 2812 3251 2869 sibi
3288 2812 3481 2870 exitus
3506 2811 3588 2869 ad

191 2905 394 2961 exteri
403 2920 521 2960 ora
553 2903 882 2977 aperiatur.

265 2997 324 3053 6,
367 2999 462 3052 Μὴ
494 2998 674 3046 τοίνυν
703 2993 776 3054 εἰς
823 2999 1139 3070 συνηγορίαν
1178 3003 1272 3049 τοῦ
1311 2997 1503 3052 οἰκείου
1539 3003 1739 3064 πάθους
1763 3004 1822 3055 τὸ

2003 3001 2056 3054 6.
2081 2997 2193 3063 Qui
2234 2995 2413 3066 igitur
2451 2993 2700 3050 tristitiae
2720 2990 2926 3064 [dediti
2969 2994 3130 3062 sunt,
3153 3006 3228 3046 ne
3257 2990 3318 3046 in
3348 3006 3474 3046 sua;
3501 2990 3591 3046 in-

190 3091 288 3136 τοῦ
334 3088 550 3156 Κυρίου
593 3081 1066 3156 προϐαλλέσθωσαν
1117 3086 1194 3157 (1)
1243 3082 1471 3161 δάκρυον
1519 3091 1568 3141 οἱ
1611 3090 1824 3163 φιλόλυ-

191 3193 307 3228 ποι.
361 3173 459 3235 Ὠς
512 3175 617 3247 γὰρ
674 3174 704 3231 ἡ
759 3171 982 3246 βρῶσις,
1041 3174 1099 3232 ἣν
1153 3176 1179 3227 ό
1235 3180 1426 3250 Κύριος
1479 3180 1680 3251 ἔφαγεν,
1731 3181 1825 3232 ούκ

196 3264 344 3316 ἔστιν
399 3258 742 3324 ἡδυπαθείας
788 3263 914 3334 ἡμῖν
959 3262 1187 3338 ἀφορμὴ,
1214 3268 1274 3317 τό
1318 3265 1540 3320 ἐναντίον
1570 3271 1660 3341 μεν
1713 3265 1821 3337 οὖν,

197 3351 520 3426 ἐγκρατείας
573 3354 664 3402 καὶ
727 3349 1043 3424 αὐταρκείας
1089 3355 1204 3426 ὅρος
1266 3356 1292 3406 ὁ
1359 3354 1622 3410 ἀνωτάτω·
1691 3359 1825 3410 οὕτω

197 3447 292 3493 καὶ
344 3443 413 3493 τὸ
464 3435 700 3514 δάκρυον
747 3439 843 3491 οὐκ
887 3442 999 3492 ἔστι
1027 3443 1306 3514 νομοθεσία
1332 3448 1462 3518 πρὸς
1500 3449 1558 3498 τὸ
1601 3448 1822 3522 θρηνεῖν,

410 3532 604 3603 μέτρον
672 3527 1164 3602 εύσχημονέστατον
1229 3530 1448 3600 ἕκτεθεν,
1508 3540 1598 3588 καὶ
1661 3540 1825 3588 κανὼν

203 3617 462 3693 ἀκριϐὴς,
515 3616 636 3670 καθ’
679 3617 734 3670 ὂν
795 3626 1031 3692 προσῆκε
1091 3629 1288 3693 σεμνῶς
1337 3627 1426 3675 καὶ
1485 3623 1827 3697 εὐσχημόνως

201 3716 316 3771 τοῖς
345 3717 451 3769 τῆς
476 3710 682 3780 φύσεως
714 3707 855 3780 ὅροις
885 3705 1193 3781 ἐμμένοντας
1219 3705 1481 3785 διαφέρειν
1511 3716 1576 3765 τὰ
1595 3713 1823 3789 λυπηρά.

204 3797 346 3850 αὖτε
379 3791 471 3848 οὖν
496 3794 755 3868 γυναιξὶν,
802 3798 920 3849 οὔτε
964 3793 1220 3870 ἀνδράσιν
1269 3798 1641 3875 ἐπιτέτραπται
1665 3802 1742 3872 (2)
1768 3804 1826 3853 τό

209 3886 518 3957 φιλοπενθὲς
570 3888 664 3937 καὶ
714 3880 1043 3958 πολύδρακυ,
1105 3885 1210 3939 ἀλλ’
1269 3891 1389 3942 ὅσον
1446 3889 1828 3962 ἐπιστυγνάσαι

204 3983 319 4037 τοῖς
346 3974 635 4048 λυπηροῖς,
664 3978 756 4026 καὶ
801 3980 987 4049 μικρόν
1017 3995 1068 4028 τι
1111 3973 1340 4051 δάκρυον
1392 3977 1707 4049 ἀποστάξαι,
1739 3985 1829 4032 καὶ

206 4073 366 4118 τοῦτο
424 4066 642 4134 ἡσυχῆ,
693 4067 765 4136 μή
824 4062 1263 4139 ἀναϐρνχώμενον
1309 4065 1449 4140 μηδὲ
1496 4068 1826 4136 ὀλολύζοντα,

208 4151 353 4226 μηδι
392 4151 832 4227 καταῤῥηγνύντα
876 4161 1100 4225 χιτῶνα,
1155 4154 1186 4214 ἢ
1235 4161 1376 4209 κόνιν
1419 4163 1825 4230 καταχεόμενον,

213 4240 344 4316 pm”
367 4243 496 4295 ἄλλο
523 4261 576 4294 τι
603 4249 839 4295 τοιοῦτον
880 4241 1292 4316 ἀσχημονοῦντα
1329 4255 1429 4298 τῶν
1459 4243 1832 4319 ἐπιτηδευομέ-

1932 3085 2232 3145 ﬁrmitatis
2254 3082 2655 3157 patrocinium
2680 3080 2915 3138 Domini
2934 3079 3240 3151 lacrymas
3251 3083 3585 3151 opponant.

1935 3180 2004 3234 Ut
2025 3178 2186 3234 enim
2207 3173 2394 3244 cibus,
2410 3187 2542 3244 quo,
2557 3169 2846 3226 Dominus
2864 3167 3240 3229 vescebatur,
3264 3166 3591 3238 voluptatis

1933 3267 2109 3324 nobis
2125 3262 2363 3320 occasio
2386 3275 2508 3318 non
2532 3264 2640 3338 est,
2667 3260 2791 3316 imo
2811 3273 2953 3314 vero
2973 3256 3386 3329 temperantiae
3407 3263 3589 3329 atque

1931 3353 2289 3426 frugalitatis
2311 3365 2596 3424 suprema
2609 3347 2818 3419 regula
2829 3352 2918 3404 est
2932 3352 2989 3404 et
3007 3346 3204 3403 forma
3219 3363 3232 3402 :
3247 3347 3330 3403 ita
3344 3360 3592 3420 quoque

1932 3445 2221 3517 lacrymas
2241 3459 2366 3498 non
2408 3444 2550 3496 sunt
2589 3439 2767 3494 nobis
2795 3437 2923 3494 vice
2942 3437 3114 3508 legis,
3137 3453 3262 3510 qua
3280 3437 3486 3510 lugere
3514 3441 3590 3493 te-

1934 3549 2190 3591 neamur
2216 3549 2230 3588 :
2266 3530 2375 3586 sed
2402 3527 2975 3586 convenientissima
2999 3526 3281 3597 quasdam
3306 3539 3594 3581 mensura

1934 3637 2274 3693 normaque
2295 3621 2574 3675 accurata
2596 3617 2656 3672 in
2675 3615 2766 3672 bis
2780 3615 2956 3670 nobis
2972 3615 3282 3687 praposita
3302 3619 3412 3680 est,
3418 3613 3439 3682 j
3451 3617 3591 3669 uxta

1935 3727 2124 3784 quam
2146 3725 2256 3782 par
2275 3707 2453 3764 fuerit
2470 3707 2631 3762 intra
2656 3709 2887 3759 naturas
2927 3702 3217 3759 terminos
3254 3701 3510 3771 graviter
3539 3705 3597 3758 et

1935 3801 2188 3858 honeste
2209 3798 2652 3871 permanere,et
2673 3793 2862 3850 tristia
2877 3791 3374 3864 perferre.ltaque
3395 3805 3596 3862 neque

1939 3887 2293 3945 mulieribus
2313 3900 2510 3956 neque
2553 3883 2695 3938 viris
2736 3883 3150 3954 lacrymarum
3183 3877 3452 3935 studium
3490 3883 3596 3935 aut

1938 3977 2118 4050 copia
2142 3976 2439 4050 permissa
2460 3977 2623 4039 sunt,
2649 3970 2756 4026 sed
2779 3974 3036 4034 tantum,
3063 3973 3366 4041 quantum
3392 3967 3484 4024 fas
3505 3970 3597 4024 est

1939 4065 2214 4124 afﬂictari
2244 4063 2320 4119 de
2341 4060 2634 4130 adversis,
2663 4063 2721 4115 et
2755 4073 2974 4130 parum
3003 4056 3327 4128 lacrymari
3351 4074 3364 4124 ;
3410 4055 3596 4128 idque

1937 4155 2114 4212 tacite
2127 4155 2252 4210 sine
2273 4149 2762 4216 fremitibus,sine
2776 4147 2826 4219 ej
2836 4145 3277 4210 ulatibus,adeo
3293 4149 3596 4202 utvestem

1941 4244 2180 4301 scindat
2223 4256 2429 4310 nemo,
2458 4255 2571 4296 nec
2614 4239 2879 4294 cinerem
2919 4235 3262 4307 inspergat;
3295 4250 3408 4290 nec
3431 4234 3598 4292 aliud

215 4354 314 4385 ναι
519 4340 620 4383 τῶν
645 4328 974 4394 ἀπαιδεύτως
997 4331 1220 4406 ἑχόντων
1241 4338 1372 4410 πρὸς
1400 4339 1465 4388 τὰ
1492 4336 1711 4410 οὐράνια

1939 4333 2277 4408 quidquam
2301 4345 2513 4386 eorum
2542 4329 2826 4384 indecore
2848 4329 3007 4394 agat,
3029 4339 3167 4396 qua;
3190 4323 3384 4380 facere
3406 4323 3600 4381 solent

222 4425 437 4494 iam.
489 4424 578 4472 τόν
628 4423 1004 4495 κεκαθαρμένον
1052 4431 1125 4494 τῷ
1176 4425 1295 4496 θείῳ
1336 4421 1692 4497 διδασκαλίῳ,
1727 4426 1832 4478 οἷον

227 4510 409 4584 ὀχυρῷ
435 4529 542 4561 τινι
590 4515 777 4582 τειχίῳ
819 4519 892 4582 τῷ
921 4510 1056 4586 ὀρθῳ
1084 4510 1222 4585 λόγῳ
1261 4517 1586 4589 πεφράχθαι,
1618 4519 1709 4568 καὶ
1740 4512 1832 4566 ἀν-

232 4596 415 4673 δρείως
463 4604 556 4651 καὶ
597 4608 860 4674 καρτερῶς
901 4603 994 4663 τάς
1035 4610 1136 4654 τῶν
1178 4605 1426 4657 τοιούτων
1465 4606 1643 4658 παθῶν
1671 4623 1835 4678 προσ-

231 4688 386 4753 ενλάς
414 4688 796 4763 ἀπαμύνασθαι
840 4690 942 4763 (4)*
977 4695 1065 4744 καὶ
1109 4696 1184 4766 μὴ
1232 4694 1464 4769 καθάπερ
1513 4697 1588 4758 εἴς
1625 4713 1681 4747 τι
1724 4714 1837 4768 χω·

300 4817 345 4851 ⁸⁷
383 4817 562 4872 Joan.
591 4829 673 4883 iv,
716 4817 769 4870 6.

299 4905 412 4978 (κ)
455 4909 544 4961 Ita
574 4904 1102 4978 antiquiiquatuor
1127 4905 1284 4978 libri.
1318 4906 1473 4964 Editi
1503 4909 1587 4961 ὅτε
1613 4909 1700 4963 τά.

295 4974 414 5052 (97)
436 4979 582 5048 Reg.
609 4974 1164 5052 amnigenam.
1185 4977 1378 5052 ἀτμῶν,
1401 4981 1518 5036 Nec
1542 4979 1626 5037 ita
1646 4977 1838 5037 multo

236 5029 789 5130 sarissas;
807 5029 980 5130 δρψ.
1003 5029 1323 5130 ,σεκαιμε-ιερς
1339 5029 1536 5130 «sua;

295 5121 411 5194 {98)
456 5119 707 5191 Antiqui
735 5126 854 5194 tres
883 5119 1017 5194 libri
1043 5119 1206 5184 οὕτως
1228 5125 1287 5194 τό
1317 5119 1490 5194 παχύξ

297 5191 409 5263 (99)
451 5191 1041 5268 Unus‘codexhlleg.
1073 5197 1132 5248 et
1177 5191 1617 5268 Colpr'rimus
1662 5193 1835 5268 ὥσπερ

239 5262 418 5337 Ξρισμα
446 5267 507 5341 τὸ
538 5262 772 5341 ἀσθενές.
826 5262 937 5320 Alii
979 5279 1128 5320 mss.
1180 5269 1238 5321 et
1281 5262 1422 5322 editi
1469 5265 1644 5339 ὥσπερ
1694 5262 1834 5341 ipsi;

240 5334 426 5398 ἠμί-στος
457 5334 733 5395 ἀσθενοῦς.

271 5393 347 5482 '(_l_
360 5414 375 5476 )
410 5393 566 5482 Reg.
596 5393 844 5482 primus
867 5408 935 5482 re
955 5414 1047 5482 τοῦ
1073 5413 1308 5479 Χριστοῦ
1337 5405 1834 5482 προϐαλλέσθωσαν.

425 5475 1168 5553 ιεΐᾞιίεῄπροσϐαλέσθωσαν,

295 5552 372 5622 (2)
410 5549 663 5624 Antiqui
691 5547 800 5607 iex
855 5547 994 5607 libri
1029 5548 1418 5626 ἐπιτέτραπται.
1457 5551 1612 5610 Editi
1641 5549 1837 5625 ίπιτρί-

1940 4438 2143 4479 rerum
2164 4419 2490 4476 caelestium
2529 4416 2810 4489 imperiti.
2843 4415 3088 4486 Oportet
3124 4413 3286 4469 enim
3316 4429 3456 4470 eum
3493 4411 3601 4486 qui

1942 4511 2148 4568 divina
2172 4509 2450 4566 doctrina
2488 4511 2781 4580 purgatus
2809 4509 2918 4572 est,
2953 4509 3115 4560 recta
3151 4504 3406 4572 ratione,
3436 4501 3604 4560 velut

1942 4601 2121 4658 ﬁrmo
2141 4598 2411 4673 quodam
2446 4611 2643 4664 muro,
2669 4594 2998 4667 obseptum
3027 4609 3180 4657 esse,
3204 4599 3262 4651 et
3283 4593 3490 4650 talium
3516 4591 3600 4649 af-

1943 4689 2271 4747 fectionum
2295 4685 2564 4744 assultus
2588 4683 2832 4741 viriliter
2851 4699 2922 4739 ac
2945 4687 3187 4740 strenue
3217 4682 3600 4757 prapulsare.

1943 4923 2117 4976 πεται.
2151 4902 2317 4976 (2911).
2367 4900 2619 4976 primus
2647 4897 3000 4976 ίπιτίτακται.
3047 4896 3421 4976 Statim__tre§
3451 4910 3598 4976 mss.

1944 4982 2018 5051 μὴ
2075 4963 2530 5051 ἀναϐρυχώμενον.
2583 4971 2758 5051 Εςᾏὶιὶ.
2783 4976 2843 5051 e_t
2883 4986 3033 5051 mss.
3063 4965 3340 5024 nonnulli
3379 4963 3600 5049 ἀναξρυ-

1945 5035 2337 5137 acérWNé'c
2362 5035 2709 5137 ’ίιαηῇξιιιε
2744 5041 3136 5137 rising?
3154 5053 3308 5137 £133-
3339 5035 3603 5137 fitfit?“

1943 5107 2137 5193 ίίνύντα
2173 5125 2394 5191 χιτῶνα.
2451 5115 2603 5172 Editi
2653 5118 2712 5171 et
2755 5128 2916 5169 unus
2965 5127 3113 5167 mss.
3154 5112 3303 5180 Reg.
3339 5107 3600 5186 καταρρη.

1943 5193 2210 5265 Mane”-
2413 5259 2424 5265 -
2692 5258 2702 5265 .
2829 5256 2840 5265 .
2937 5251 3023 5265 ..

2018 5250 2096 5344 (.3)
2136 5262 2280 5344 Res-
2316 5259 2568 5344 Ῥείεηιξε
2609 5251 3129 5344 πρὸς
3157 5250 3604 5344 “ellipsin?

1947 5325 2090 5391 editi
2119 5325 2684 5406 npéziré-a’raepdimvd,
2709 5326 2792 5406 μζ)
2822 5325 3116 5406 ὺῃηενίιὶξ
3152 5339 3355 5406 rerum
3395 5325 3604 5382 huma-

1945 5392 2188 5463 narum'.
2221 5392 2352 5458 Mox
2376 5392 2493 5456 tres
2527 5415 2667 5454 mss.
2703 5399 2822 5468 θείῷ
2853 5392 3230 5468 διδασκαλείῳ.

2019 5479 2102 5549 (4),
2136 5478 2370 5549 Veteres
2420 5469 2652 5549 aliquot
2691 5465 2845 5549 libri
2885 5465 3269 5549 ἀπαμύνεσθαι.
3318 5469 3465 5549 Reg,
3513 5483 3605 5525 se.

1948 5540 2186 5607 cuhdus
2225 5540 2541 5618 ἀμύνεσθαιῖ
2565 5544 2696 5600 Mox
2723 5540 2894 5600 Colb.
2924 5540 3161 5614 primus
3195 5543 3268 5605 εἰς
3314 5559 3366 5594 τι
3393 5544 3598 5616 χόριον.
