  <div class='ocr_page' id='page_1' title='image "/cluster/home/n/w/nwhite01/storage/ocr_20150623/31/hvd.32044048272629/121.png"; bbox 0 0 4088 6194; ppageno 0'>
   <div class='ocr_carea' id='block_1_1' title="bbox 508 274 2122 357">
    <p class='ocr_par' dir='ltr' id='par_1_1' title="bbox 508 290 2122 357">
     <span class='ocr_line' id='line_1_1' title="bbox 508 290 2122 357; baseline -0.007 0"><span class='ocrx_word' id='word_1_1' title='bbox 508 305 613 357; x_wconf 79' lang='grc'>231</span> <span class='ocrx_word' id='word_1_2' title='bbox 1886 293 1943 349; x_wconf 90' lang='lat' dir='ltr'>S.</span> <span class='ocrx_word' id='word_1_3' title='bbox 1988 290 2122 346; x_wconf 55' lang='lat' dir='ltr'>BASI</span> 
     </span>
    </p>
   </div>
   <div class='ocr_carea' id='block_1_2' title="bbox 2271 274 3885 357">
    <p class='ocr_par' dir='ltr' id='par_1_2' title="bbox 2273 274 3885 356">
     <span class='ocr_line' id='line_1_2' title="bbox 2273 274 3885 356; baseline 0.005 -10"><span class='ocrx_word' id='word_1_4' title='bbox 2273 292 2493 347; x_wconf 74' lang='lat' dir='ltr'>MAGNI</span> <span class='ocrx_word' id='word_1_5' title='bbox 2684 274 2701 281; x_wconf 81' lang='grc'><strong>’</strong></span> <span class='ocrx_word' id='word_1_6' title='bbox 3765 299 3885 356; x_wconf 79' lang='lat'>232‘</span> 
     </span>
    </p>
   </div>
   <div class='ocr_carea' id='block_1_3' title="bbox 511 413 2125 492">
    <p class='ocr_par' dir='ltr' id='par_1_3' title="bbox 511 413 2125 489">
     <span class='ocr_line' id='line_1_3' title="bbox 511 413 2125 489; baseline -0.008 -8"><span class='ocrx_word' id='word_1_7' title='bbox 511 440 637 482; x_wconf 91' lang='lat' dir='ltr'>non</span> <span class='ocrx_word' id='word_1_8' title='bbox 680 423 743 479; x_wconf 93' lang='lat' dir='ltr'>in</span> <span class='ocrx_word' id='word_1_9' title='bbox 761 420 977 478; x_wconf 84' lang='lat' dir='ltr'>humili</span> <span class='ocrx_word' id='word_1_10' title='bbox 997 435 1067 476; x_wconf 93' lang='lat' dir='ltr'>ac</span> <span class='ocrx_word' id='word_1_11' title='bbox 1108 417 1275 474; x_wconf 85' lang='lat' dir='ltr'>molli</span> <span class='ocrx_word' id='word_1_12' title='bbox 1295 416 1497 472; x_wconf 86' lang='lat' dir='ltr'>anima</span> <span class='ocrx_word' id='word_1_13' title='bbox 1521 415 1697 489; x_wconf 82' lang='lat' dir='ltr'>quasi</span> <span class='ocrx_word' id='word_1_14' title='bbox 1717 414 1777 471; x_wconf 92' lang='lat' dir='ltr'>in</span> <span class='ocrx_word' id='word_1_15' title='bbox 1799 415 1933 471; x_wconf 92' lang='lat' dir='ltr'>loco</span> <span class='ocrx_word' id='word_1_16' title='bbox 1955 413 2125 469; x_wconf 64' lang='lat' dir='ltr'>declii</span> 
     </span>
    </p>
   </div>
   <div class='ocr_carea' id='block_1_4' title="bbox 2264 413 3878 492">
    <p class='ocr_par' dir='ltr' id='par_1_4' title="bbox 2275 417 3878 492">
     <span class='ocr_line' id='line_1_4' title="bbox 2275 417 3878 492; baseline 0.007 -26"><span class='ocrx_word' id='word_1_17' title='bbox 2275 419 2381 489; x_wconf 88' lang='grc' dir='ltr'>ρίον</span> <span class='ocrx_word' id='word_1_18' title='bbox 2435 417 2845 490; x_wconf 70' lang='grc' dir='ltr'>ὑποκαθήμενον,</span> <span class='ocrx_word' id='word_1_19' title='bbox 2905 426 2979 491; x_wconf 83' lang='grc' dir='ltr'>τῷ</span> <span class='ocrx_word' id='word_1_20' title='bbox 3035 429 3256 492; x_wconf 80' lang='grc' dir='ltr'>ταπεινῷ</span> <span class='ocrx_word' id='word_1_21' title='bbox 3307 425 3393 473; x_wconf 85' lang='grc' dir='ltr'>καὶ</span> <span class='ocrx_word' id='word_1_22' title='bbox 3457 423 3720 476; x_wconf 78' lang='grc' dir='ltr'>ὑπεικοντι</span> <span class='ocrx_word' id='word_1_23' title='bbox 3775 432 3878 485; x_wconf 81' lang='grc' dir='ltr'>τῆς</span> 
     </span>
    </p>
   </div>
   <div class='ocr_carea' id='block_1_5' title="bbox 512 502 2126 585">
    <p class='ocr_par' dir='ltr' id='par_1_5' title="bbox 512 504 2126 576">
     <span class='ocr_line' id='line_1_5' title="bbox 512 504 2126 576; baseline -0.008 -6"><span class='ocrx_word' id='word_1_24' title='bbox 512 512 861 571; x_wconf 86' lang='lat' dir='ltr'>afﬂuentem</span> <span class='ocrx_word' id='word_1_25' title='bbox 894 509 1077 565; x_wconf 87' lang='lat' dir='ltr'>ullam</span> <span class='ocrx_word' id='word_1_26' title='bbox 1101 506 1430 564; x_wconf 73' lang='lat' dir='ltr'>affectuum</span> <span class='ocrx_word' id='word_1_27' title='bbox 1453 504 1693 561; x_wconf 84' lang='lat' dir='ltr'>turbam</span> <span class='ocrx_word' id='word_1_28' title='bbox 1721 504 2044 576; x_wconf 83' lang='lat' dir='ltr'>suscipere.</span> <span class='ocrx_word' id='word_1_29' title='bbox 2076 505 2126 557; x_wconf 67' lang='lat' dir='ltr'>E1</span> 
     </span>
    </p>
   </div>
   <div class='ocr_carea' id='block_1_6' title="bbox 2264 502 3878 585">
    <p class='ocr_par' dir='ltr' id='par_1_6' title="bbox 2275 502 3878 585">
     <span class='ocr_line' id='line_1_6' title="bbox 2275 502 3878 585; baseline 0.005 -30"><span class='ocrx_word' id='word_1_30' title='bbox 2275 502 2482 576; x_wconf 76' lang='grc' dir='ltr'>ψυχῆς,</span> <span class='ocrx_word' id='word_1_31' title='bbox 2540 510 2627 558; x_wconf 89' lang='grc' dir='ltr'>τόν</span> <span class='ocrx_word' id='word_1_32' title='bbox 2673 515 2774 558; x_wconf 88' lang='grc' dir='ltr'>τῶν</span> <span class='ocrx_word' id='word_1_33' title='bbox 2820 510 2998 560; x_wconf 85' lang='grc' dir='ltr'>παθῶν</span> <span class='ocrx_word' id='word_1_34' title='bbox 3050 508 3207 580; x_wconf 80' lang='grc' dir='ltr'>ὄχλον</span> <span class='ocrx_word' id='word_1_35' title='bbox 3265 508 3562 585; x_wconf 82' lang='grc' dir='ltr'>ἐπιρῥέοντα</span> <span class='ocrx_word' id='word_1_36' title='bbox 3615 507 3878 583; x_wconf 82' lang='grc' dir='ltr'>δέχεσθαι</span> 
     </span>
    </p>
   </div>
   <div class='ocr_carea' id='block_1_7' title="bbox 512 591 2126 671">
    <p class='ocr_par' dir='ltr' id='par_1_7' title="bbox 512 592 2125 669">
     <span class='ocr_line' id='line_1_7' title="bbox 512 592 2125 669; baseline -0.009 -9"><span class='ocrx_word' id='word_1_37' title='bbox 512 605 672 660; x_wconf 90' lang='lat' dir='ltr'>enim</span> <span class='ocrx_word' id='word_1_38' title='bbox 686 601 871 661; x_wconf 90' lang='lat' dir='ltr'>animi</span> <span class='ocrx_word' id='word_1_39' title='bbox 888 606 974 654; x_wconf 90' lang='lat' dir='ltr'>est</span> <span class='ocrx_word' id='word_1_40' title='bbox 995 595 1582 669; x_wconf 86' lang='lat' dir='ltr'>ignavi,nullumque</span> <span class='ocrx_word' id='word_1_41' title='bbox 1597 611 1669 650; x_wconf 90' lang='lat' dir='ltr'>ex</span> <span class='ocrx_word' id='word_1_42' title='bbox 1687 594 1949 668; x_wconf 89' lang='lat' dir='ltr'>reposita</span> <span class='ocrx_word' id='word_1_43' title='bbox 1967 593 2026 647; x_wconf 93' lang='lat' dir='ltr'>in</span> <span class='ocrx_word' id='word_1_44' title='bbox 2049 592 2125 646; x_wconf 93' lang='lat' dir='ltr'>De</span> 
     </span>
    </p>
   </div>
   <div class='ocr_carea' id='block_1_8' title="bbox 2262 591 3876 671">
    <p class='ocr_par' dir='ltr' id='par_1_8' title="bbox 2280 591 3876 671">
     <span class='ocr_line' id='line_1_8' title="bbox 2280 591 3876 671; baseline 0.004 -25"><span class='ocrx_word' id='word_1_45' title='bbox 2280 591 2561 667; x_wconf 73' lang='grc' dir='ltr'>Ἀνάνδρου</span> <span class='ocrx_word' id='word_1_46' title='bbox 2607 598 2705 671; x_wconf 76' lang='grc' dir='ltr'>γάρ</span> <span class='ocrx_word' id='word_1_47' title='bbox 2745 596 2950 668; x_wconf 69' lang='grc' dir='ltr'>ψυχῆς,</span> <span class='ocrx_word' id='word_1_48' title='bbox 2984 603 3071 650; x_wconf 84' lang='grc' dir='ltr'>καὶ</span> <span class='ocrx_word' id='word_1_49' title='bbox 3117 595 3305 652; x_wconf 72' lang='grc' dir='ltr'>οὐδένα</span> <span class='ocrx_word' id='word_1_50' title='bbox 3346 604 3488 652; x_wconf 84' lang='grc' dir='ltr'>τόνον</span> <span class='ocrx_word' id='word_1_51' title='bbox 3535 599 3592 652; x_wconf 80' lang='grc' dir='ltr'>ἐκ</span> <span class='ocrx_word' id='word_1_52' title='bbox 3640 610 3736 661; x_wconf 80' lang='grc' dir='ltr'>τῆς</span> <span class='ocrx_word' id='word_1_53' title='bbox 3782 599 3876 653; x_wconf 83' lang='grc' dir='ltr'>ἐπὶ</span> 
     </span>
    </p>
   </div>
   <div class='ocr_carea' id='block_1_9' title="bbox 512 678 2126 766">
    <p class='ocr_par' dir='ltr' id='par_1_9' title="bbox 512 678 2126 766">
     <span class='ocr_line' id='line_1_9' title="bbox 512 678 2126 766; baseline -0.009 -16"><span class='ocrx_word' id='word_1_54' title='bbox 512 710 618 766; x_wconf 88' lang='lat' dir='ltr'>spe</span> <span class='ocrx_word' id='word_1_55' title='bbox 644 678 831 748; x_wconf 87' lang='lat' dir='ltr'>robur</span> <span class='ocrx_word' id='word_1_56' title='bbox 850 688 1153 754; x_wconf 78' lang='lat' dir='ltr'>habentis,</span> <span class='ocrx_word' id='word_1_57' title='bbox 1177 685 1374 755; x_wconf 83' lang='lat' dir='ltr'>frangi</span> <span class='ocrx_word' id='word_1_58' title='bbox 1405 684 1763 751; x_wconf 87' lang='lat' dir='ltr'>admodum,</span> <span class='ocrx_word' id='word_1_59' title='bbox 1805 689 1861 739; x_wconf 91' lang='lat' dir='ltr'>et</span> <span class='ocrx_word' id='word_1_60' title='bbox 1899 680 2126 739; x_wconf 81' lang='lat' dir='ltr'>adversi</span> 
     </span>
    </p>
   </div>
   <div class='ocr_carea' id='block_1_10' title="bbox 2264 678 3878 766">
    <p class='ocr_par' dir='ltr' id='par_1_10' title="bbox 2278 682 3878 765">
     <span class='ocr_line' id='line_1_10' title="bbox 2278 682 3878 765; baseline 0.005 -31"><span class='ocrx_word' id='word_1_61' title='bbox 2278 686 2406 735; x_wconf 86' lang='grc' dir='ltr'>Θεὸν</span> <span class='ocrx_word' id='word_1_62' title='bbox 2455 682 2667 746; x_wconf 85' lang='grc' dir='ltr'>ἐλπίδος</span> <span class='ocrx_word' id='word_1_63' title='bbox 2719 684 2969 758; x_wconf 78' lang='grc' dir='ltr'>ἐχούσης,</span> <span class='ocrx_word' id='word_1_64' title='bbox 3019 691 3076 739; x_wconf 89' lang='grc' dir='ltr'>τό</span> <span class='ocrx_word' id='word_1_65' title='bbox 3132 685 3372 762; x_wconf 74' lang='grc' dir='ltr'>σφοδρῶς</span> <span class='ocrx_word' id='word_1_66' title='bbox 3410 688 3878 765; x_wconf 75' lang='grc' dir='ltr'>καταρρήγνυσθαι</span> 
     </span>
    </p>
   </div>
   <div class='ocr_carea' id='block_1_11' title="bbox 513 773 2127 853">
    <p class='ocr_par' dir='ltr' id='par_1_11' title="bbox 513 773 2127 844">
     <span class='ocr_line' id='line_1_11' title="bbox 513 773 2127 844; baseline -0.009 -5"><span class='ocrx_word' id='word_1_67' title='bbox 513 780 931 838; x_wconf 82' lang='lat' dir='ltr'>succumbere.</span> <span class='ocrx_word' id='word_1_68' title='bbox 967 775 1497 843; x_wconf 85' lang='lat' dir='ltr'>Quemadmodum</span> <span class='ocrx_word' id='word_1_69' title='bbox 1519 774 1679 830; x_wconf 92' lang='lat' dir='ltr'>enim</span> <span class='ocrx_word' id='word_1_70' title='bbox 1710 775 1771 830; x_wconf 91' lang='lat' dir='ltr'>in</span> <span class='ocrx_word' id='word_1_71' title='bbox 1801 773 1982 844; x_wconf 81' lang='lat' dir='ltr'>lignis</span> <span class='ocrx_word' id='word_1_72' title='bbox 2004 777 2127 827; x_wconf 82' lang='lat' dir='ltr'>tene</span> 
     </span>
    </p>
   </div>
   <div class='ocr_carea' id='block_1_12' title="bbox 2264 773 3878 853">
    <p class='ocr_par' dir='ltr' id='par_1_12' title="bbox 2277 775 3878 853">
     <span class='ocr_line' id='line_1_12' title="bbox 2277 775 3878 853; baseline 0.005 -29"><span class='ocrx_word' id='word_1_73' title='bbox 2277 776 2367 824; x_wconf 83' lang='grc' dir='ltr'>καὶ</span> <span class='ocrx_word' id='word_1_74' title='bbox 2416 775 2723 827; x_wconf 77' lang='grc' dir='ltr'>ὑποπίπτειν</span> <span class='ocrx_word' id='word_1_75' title='bbox 2776 783 2883 838; x_wconf 89' lang='grc' dir='ltr'>τοῖς</span> <span class='ocrx_word' id='word_1_76' title='bbox 2931 775 3202 851; x_wconf 86' lang='grc' dir='ltr'>λυπηροῖς·</span> <span class='ocrx_word' id='word_1_77' title='bbox 3249 777 3446 853; x_wconf 83' lang='grc' dir='ltr'>Ὠσπερ</span> <span class='ocrx_word' id='word_1_78' title='bbox 3502 782 3602 853; x_wconf 73' lang='grc' dir='ltr'>γὰρ</span> <span class='ocrx_word' id='word_1_79' title='bbox 3653 781 3701 831; x_wconf 85' lang='grc' dir='ltr'>οἱ</span> <span class='ocrx_word' id='word_1_80' title='bbox 3742 784 3878 831; x_wconf 73' lang='grc' dir='ltr'>σκώ-</span> 
     </span>
    </p>
   </div>
   <div class='ocr_carea' id='block_1_13' title="bbox 508 860 2122 940">
    <p class='ocr_par' dir='ltr' id='par_1_13' title="bbox 508 860 2122 939">
     <span class='ocr_line' id='line_1_13' title="bbox 508 860 2122 939; baseline -0.007 -12"><span class='ocrx_word' id='word_1_81' title='bbox 508 870 769 928; x_wconf 88' lang='lat' dir='ltr'>rioribus</span> <span class='ocrx_word' id='word_1_82' title='bbox 791 868 1123 939; x_wconf 89' lang='lat' dir='ltr'>gignuntur</span> <span class='ocrx_word' id='word_1_83' title='bbox 1144 880 1398 935; x_wconf 85' lang='lat' dir='ltr'>vermes,</span> <span class='ocrx_word' id='word_1_84' title='bbox 1434 863 1519 918; x_wconf 90' lang='lat' dir='ltr'>sic</span> <span class='ocrx_word' id='word_1_85' title='bbox 1541 863 1773 919; x_wconf 77' lang='lat' dir='ltr'>tristitia</span> <span class='ocrx_word' id='word_1_86' title='bbox 1803 862 1864 918; x_wconf 91' lang='lat' dir='ltr'>in</span> <span class='ocrx_word' id='word_1_87' title='bbox 1896 860 2122 917; x_wconf 73' lang='lat' dir='ltr'>mollior</span> 
     </span>
    </p>
   </div>
   <div class='ocr_carea' id='block_1_14' title="bbox 2266 860 3880 940">
    <p class='ocr_par' dir='ltr' id='par_1_14' title="bbox 2277 860 3880 940">
     <span class='ocr_line' id='line_1_14' title="bbox 2277 860 3880 940; baseline 0.004 -28"><span class='ocrx_word' id='word_1_88' title='bbox 2277 860 2429 924; x_wconf 81' lang='grc' dir='ltr'>ληκες</span> <span class='ocrx_word' id='word_1_89' title='bbox 2484 872 2592 926; x_wconf 85' lang='grc' dir='ltr'>τοῖς</span> <span class='ocrx_word' id='word_1_90' title='bbox 2641 864 2993 940; x_wconf 74' lang='grc' dir='ltr'>ἁπαλωτέροις</span> <span class='ocrx_word' id='word_1_91' title='bbox 3045 874 3144 919; x_wconf 88' lang='grc' dir='ltr'>τῶν</span> <span class='ocrx_word' id='word_1_92' title='bbox 3202 866 3364 929; x_wconf 80' lang='grc' dir='ltr'>ξύλων</span> <span class='ocrx_word' id='word_1_93' title='bbox 3414 865 3725 920; x_wconf 78' lang='grc' dir='ltr'>ἔντίκτονται</span> <span class='ocrx_word' id='word_1_94' title='bbox 3775 870 3880 940; x_wconf 85' lang='grc' dir='ltr'>μά-</span> 
     </span>
    </p>
   </div>
   <div class='ocr_carea' id='block_1_15' title="bbox 510 950 2124 1031">
    <p class='ocr_par' dir='ltr' id='par_1_15' title="bbox 510 950 2124 1017">
     <span class='ocr_line' id='line_1_15' title="bbox 510 950 2124 1017; baseline -0.008 0"><span class='ocrx_word' id='word_1_95' title='bbox 510 960 829 1017; x_wconf 91' lang='lat' dir='ltr'>hominum</span> <span class='ocrx_word' id='word_1_96' title='bbox 852 955 1054 1012; x_wconf 90' lang='lat' dir='ltr'>indole</span> <span class='ocrx_word' id='word_1_97' title='bbox 1072 955 1425 1010; x_wconf 85' lang='lat' dir='ltr'>innascitur.</span> <span class='ocrx_word' id='word_1_98' title='bbox 1441 956 1743 1008; x_wconf 91' lang='lat' dir='ltr'>Numnam</span> <span class='ocrx_word' id='word_1_99' title='bbox 1766 953 1932 1008; x_wconf 82' lang='lat' dir='ltr'>erat.)</span> <span class='ocrx_word' id='word_1_100' title='bbox 1941 950 2021 1006; x_wconf 81' lang='lat' dir='ltr'>ob</span> <span class='ocrx_word' id='word_1_101' title='bbox 2042 965 2124 1005; x_wconf 76' lang='lat' dir='ltr'>ea]</span> 
     </span>
    </p>
   </div>
   <div class='ocr_carea' id='block_1_16' title="bbox 2263 950 3877 1031">
    <p class='ocr_par' dir='ltr' id='par_1_16' title="bbox 2277 950 3877 1031">
     <span class='ocr_line' id='line_1_16' title="bbox 2277 950 3877 1031; baseline 0.004 -29"><span class='ocrx_word' id='word_1_102' title='bbox 2277 950 2451 1021; x_wconf 80' lang='grc' dir='ltr'>λιστα,</span> <span class='ocrx_word' id='word_1_103' title='bbox 2503 953 2665 1018; x_wconf 85' lang='grc' dir='ltr'>οὕτως</span> <span class='ocrx_word' id='word_1_104' title='bbox 2715 957 2769 1007; x_wconf 85' lang='grc' dir='ltr'>αἱ</span> <span class='ocrx_word' id='word_1_105' title='bbox 2814 954 2975 1008; x_wconf 87' lang='grc' dir='ltr'>λῦπαι</span> <span class='ocrx_word' id='word_1_106' title='bbox 3025 964 3133 1018; x_wconf 87' lang='grc' dir='ltr'>τοῖς</span> <span class='ocrx_word' id='word_1_107' title='bbox 3179 956 3564 1031; x_wconf 78' lang='grc' dir='ltr'>μαλακωτέροις</span> <span class='ocrx_word' id='word_1_108' title='bbox 3592 960 3744 1016; x_wconf 78' lang='grc' dir='ltr'>ἤθεσι</span> <span class='ocrx_word' id='word_1_109' title='bbox 3775 966 3877 1009; x_wconf 88' lang='grc' dir='ltr'>τῶν</span> 
     </span>
    </p>
   </div>
   <div class='ocr_carea' id='block_1_17' title="bbox 511 1039 2125 1120">
    <p class='ocr_par' dir='ltr' id='par_1_17' title="bbox 511 1039 2125 1114">
     <span class='ocr_line' id='line_1_17' title="bbox 511 1039 2125 1114; baseline -0.007 -9"><span class='ocrx_word' id='word_1_110' title='bbox 511 1049 587 1105; x_wconf 92' lang='lat' dir='ltr'>de</span> <span class='ocrx_word' id='word_1_111' title='bbox 608 1044 1037 1105; x_wconf 81' lang='lat' dir='ltr'>adamantino?</span> <span class='ocrx_word' id='word_1_112' title='bbox 1058 1060 1207 1100; x_wconf 87' lang='lat' dir='ltr'>num</span> <span class='ocrx_word' id='word_1_113' title='bbox 1224 1050 1543 1114; x_wconf 91' lang='lat' dir='ltr'>compacta</span> <span class='ocrx_word' id='word_1_114' title='bbox 1555 1042 1608 1096; x_wconf 90' lang='lat' dir='ltr'>ei</span> <span class='ocrx_word' id='word_1_115' title='bbox 1620 1049 1792 1097; x_wconf 89' lang='lat' dir='ltr'>erant</span> <span class='ocrx_word' id='word_1_116' title='bbox 1812 1058 1883 1097; x_wconf 90' lang='lat' dir='ltr'>ex</span> <span class='ocrx_word' id='word_1_117' title='bbox 1897 1055 2044 1096; x_wconf 91' lang='lat' dir='ltr'>saxo</span> <span class='ocrx_word' id='word_1_118' title='bbox 2062 1039 2125 1093; x_wconf 81' lang='lat' dir='ltr'>vi:</span> 
     </span>
    </p>
   </div>
   <div class='ocr_carea' id='block_1_18' title="bbox 2268 1039 3882 1120">
    <p class='ocr_par' dir='ltr' id='par_1_18' title="bbox 2279 1039 3882 1120">
     <span class='ocr_line' id='line_1_18' title="bbox 2279 1039 3882 1120; baseline 0.003 -28"><span class='ocrx_word' id='word_1_119' title='bbox 2279 1039 2560 1116; x_wconf 77' lang='grc' dir='ltr'>ἀνθρώπων</span> <span class='ocrx_word' id='word_1_120' title='bbox 2609 1044 2907 1118; x_wconf 76' lang='grc' dir='ltr'>ἐμφύονται.</span> <span class='ocrx_word' id='word_1_121' title='bbox 2958 1051 3044 1104; x_wconf 83' lang='grc' dir='ltr'>Μὴ</span> <span class='ocrx_word' id='word_1_122' title='bbox 3084 1048 3185 1119; x_wconf 73' lang='grc' dir='ltr'>γὰρ</span> <span class='ocrx_word' id='word_1_123' title='bbox 3227 1042 3579 1120; x_wconf 77' lang='grc' dir='ltr'>ἀδαμάντινος</span> <span class='ocrx_word' id='word_1_124' title='bbox 3616 1042 3675 1104; x_wconf 77' lang='grc' dir='ltr'>ἧν</span> <span class='ocrx_word' id='word_1_125' title='bbox 3707 1044 3882 1098; x_wconf 74' lang='grc' dir='ltr'>ὁἹὼε</span> 
     </span>
    </p>
   </div>
   <div class='ocr_carea' id='block_1_19' title="bbox 512 1129 2126 1210">
    <p class='ocr_par' dir='ltr' id='par_1_19' title="bbox 512 1129 2126 1201">
     <span class='ocr_line' id='line_1_19' title="bbox 512 1129 2126 1201; baseline -0.006 -8"><span class='ocrx_word' id='word_1_126' title='bbox 512 1154 650 1193; x_wconf 89' lang='lat' dir='ltr'>cera</span> <span class='ocrx_word' id='word_1_127' title='bbox 670 1137 697 1192; x_wconf 86' lang='lat'><strong>?</strong></span> <span class='ocrx_word' id='word_1_128' title='bbox 730 1135 1084 1191; x_wconf 87' lang='lat' dir='ltr'>Ceciderunt</span> <span class='ocrx_word' id='word_1_129' title='bbox 1104 1133 1156 1188; x_wconf 85' lang='lat' dir='ltr'>ei</span> <span class='ocrx_word' id='word_1_130' title='bbox 1189 1132 1398 1187; x_wconf 90' lang='lat' dir='ltr'>decem</span> <span class='ocrx_word' id='word_1_131' title='bbox 1420 1130 1592 1186; x_wconf 75' lang='lat' dir='ltr'>liberi</span> <span class='ocrx_word' id='word_1_132' title='bbox 1610 1130 1671 1185; x_wconf 91' lang='lat' dir='ltr'>in</span> <span class='ocrx_word' id='word_1_133' title='bbox 1691 1130 1859 1186; x_wconf 87' lang='lat' dir='ltr'>brevi</span> <span class='ocrx_word' id='word_1_134' title='bbox 1879 1129 2126 1201; x_wconf 89' lang='lat' dir='ltr'>tempori</span> 
     </span>
    </p>
   </div>
   <div class='ocr_carea' id='block_1_20' title="bbox 2265 1129 3879 1210">
    <p class='ocr_par' dir='ltr' id='par_1_20' title="bbox 2278 1130 3879 1210">
     <span class='ocr_line' id='line_1_20' title="bbox 2278 1130 3879 1210; baseline 0.003 -28"><span class='ocrx_word' id='word_1_135' title='bbox 2278 1135 2373 1189; x_wconf 86' lang='grc' dir='ltr'>τὴν</span> <span class='ocrx_word' id='word_1_136' title='bbox 2422 1130 2641 1207; x_wconf 72' lang='grc' dir='ltr'>καρδίαν</span> <span class='ocrx_word' id='word_1_137' title='bbox 2671 1135 2790 1207; x_wconf 81' lang='grc'>(5);</span> <span class='ocrx_word' id='word_1_138' title='bbox 2840 1140 2911 1209; x_wconf 83' lang='grc' dir='ltr'>μὴ</span> <span class='ocrx_word' id='word_1_139' title='bbox 2958 1138 3059 1210; x_wconf 71' lang='grc' dir='ltr'>γὰρ</span> <span class='ocrx_word' id='word_1_140' title='bbox 3104 1134 3157 1187; x_wconf 82' lang='grc' dir='ltr'>ἐκ</span> <span class='ocrx_word' id='word_1_141' title='bbox 3194 1134 3343 1189; x_wconf 89' lang='grc' dir='ltr'>λίθου</span> <span class='ocrx_word' id='word_1_142' title='bbox 3382 1132 3443 1194; x_wconf 74' lang='grc' dir='ltr'>ἦν</span> <span class='ocrx_word' id='word_1_143' title='bbox 3482 1135 3623 1207; x_wconf 79' lang='grc' dir='ltr'>αὐτῷ</span> <span class='ocrx_word' id='word_1_144' title='bbox 3651 1154 3879 1194; x_wconf 86' lang='grc' dir='ltr'>πεποιη-</span> 
     </span>
    </p>
   </div>
   <div class='ocr_carea' id='block_1_21' title="bbox 510 1219 2124 1299">
    <p class='ocr_par' dir='ltr' id='par_1_21' title="bbox 510 1219 2124 1296">
     <span class='ocr_line' id='line_1_21' title="bbox 510 1219 2124 1296; baseline -0.008 -10"><span class='ocrx_word' id='word_1_145' title='bbox 510 1234 842 1296; x_wconf 87' lang='lat' dir='ltr'>momento,</span> <span class='ocrx_word' id='word_1_146' title='bbox 866 1241 989 1281; x_wconf 89' lang='lat' dir='ltr'>una</span> <span class='ocrx_word' id='word_1_147' title='bbox 1010 1224 1191 1296; x_wconf 81' lang='lat' dir='ltr'>plaga</span> <span class='ocrx_word' id='word_1_148' title='bbox 1216 1222 1436 1291; x_wconf 85' lang='lat' dir='ltr'>obtriti,</span> <span class='ocrx_word' id='word_1_149' title='bbox 1468 1223 1527 1276; x_wconf 90' lang='lat' dir='ltr'>in</span> <span class='ocrx_word' id='word_1_150' title='bbox 1548 1221 1734 1277; x_wconf 91' lang='lat' dir='ltr'>domo</span> <span class='ocrx_word' id='word_1_151' title='bbox 1752 1219 2124 1291; x_wconf 77' lang='lat' dir='ltr'>jucunditati:</span> 
     </span>
    </p>
   </div>
   <div class='ocr_carea' id='block_1_22' title="bbox 2264 1219 3878 1299">
    <p class='ocr_par' dir='ltr' id='par_1_22' title="bbox 2277 1222 3878 1299">
     <span class='ocr_line' id='line_1_22' title="bbox 2277 1222 3878 1299; baseline 0.002 -26"><span class='ocrx_word' id='word_1_152' title='bbox 2277 1226 2405 1294; x_wconf 85' lang='grc' dir='ltr'>μένα</span> <span class='ocrx_word' id='word_1_153' title='bbox 2450 1222 2516 1274; x_wconf 87' lang='grc' dir='ltr'>τά</span> <span class='ocrx_word' id='word_1_154' title='bbox 2570 1224 2890 1297; x_wconf 71' lang='grc' dir='ltr'>σπλάγχνας</span> <span class='ocrx_word' id='word_1_155' title='bbox 2943 1223 3165 1278; x_wconf 84' lang='grc' dir='ltr'>Ἐπεσον</span> <span class='ocrx_word' id='word_1_156' title='bbox 3221 1225 3361 1297; x_wconf 70' lang='grc' dir='ltr'>αὐτῷ</span> <span class='ocrx_word' id='word_1_157' title='bbox 3411 1222 3539 1299; x_wconf 80' lang='grc' dir='ltr'>δέκα</span> <span class='ocrx_word' id='word_1_158' title='bbox 3593 1222 3778 1286; x_wconf 79' lang='grc' dir='ltr'>παίὃες</span> <span class='ocrx_word' id='word_1_159' title='bbox 3823 1223 3878 1276; x_wconf 76' lang='grc' dir='ltr'>ἕν</span> 
     </span>
    </p>
   </div>
   <div class='ocr_carea' id='block_1_23' title="bbox 508 1309 2122 1390">
    <p class='ocr_par' dir='ltr' id='par_1_23' title="bbox 508 1310 2122 1390">
     <span class='ocr_line' id='line_1_23' title="bbox 508 1310 2122 1390; baseline -0.007 -15"><span class='ocrx_word' id='word_1_160' title='bbox 508 1319 571 1375; x_wconf 90' lang='lat' dir='ltr'>in</span> <span class='ocrx_word' id='word_1_161' title='bbox 601 1325 873 1390; x_wconf 89' lang='lat' dir='ltr'>tempore</span> <span class='ocrx_word' id='word_1_162' title='bbox 912 1313 1291 1381; x_wconf 87' lang='lat' dir='ltr'>deliciarum,</span> <span class='ocrx_word' id='word_1_163' title='bbox 1317 1311 1654 1390; x_wconf 76' lang='lat' dir='ltr'>decutiente</span> <span class='ocrx_word' id='word_1_164' title='bbox 1693 1311 1755 1365; x_wconf 92' lang='lat' dir='ltr'>in</span> <span class='ocrx_word' id='word_1_165' title='bbox 1787 1326 1892 1366; x_wconf 90' lang='lat' dir='ltr'>eos</span> <span class='ocrx_word' id='word_1_166' title='bbox 1912 1310 2122 1364; x_wconf 80' lang='lat' dir='ltr'>domui</span> 
     </span>
    </p>
   </div>
   <div class='ocr_carea' id='block_1_24' title="bbox 2264 1309 3878 1390">
    <p class='ocr_par' dir='ltr' id='par_1_24' title="bbox 2280 1309 3878 1389">
     <span class='ocr_line' id='line_1_24' title="bbox 2280 1309 3878 1389; baseline 0.002 -28"><span class='ocrx_word' id='word_1_167' title='bbox 2280 1309 2514 1384; x_wconf 77' lang='grc' dir='ltr'>βραχείᾳ</span> <span class='ocrx_word' id='word_1_168' title='bbox 2568 1322 2752 1388; x_wconf 79' lang='grc' dir='ltr'>καιροῦ</span> <span class='ocrx_word' id='word_1_169' title='bbox 2802 1314 2977 1387; x_wconf 75' lang='grc' dir='ltr'>ῥοπῇ,</span> <span class='ocrx_word' id='word_1_170' title='bbox 3025 1320 3124 1387; x_wconf 82' lang='grc' dir='ltr'>μιᾷ</span> <span class='ocrx_word' id='word_1_171' title='bbox 3177 1313 3349 1388; x_wconf 74' lang='grc' dir='ltr'>πληγῇ</span> <span class='ocrx_word' id='word_1_172' title='bbox 3415 1313 3763 1389; x_wconf 76' lang='grc' dir='ltr'>συντριϐέντες</span> <span class='ocrx_word' id='word_1_173' title='bbox 3824 1313 3878 1366; x_wconf 77' lang='grc' dir='ltr'>ἐν</span> 
     </span>
    </p>
   </div>
   <div class='ocr_carea' id='block_1_25' title="bbox 510 1397 2124 1478">
    <p class='ocr_par' dir='ltr' id='par_1_25' title="bbox 510 1397 2119 1470">
     <span class='ocr_line' id='line_1_25' title="bbox 510 1397 2119 1470; baseline -0.008 -5"><span class='ocrx_word' id='word_1_174' title='bbox 510 1403 938 1465; x_wconf 88' lang='lat' dir='ltr'>diabolo.Vidit</span> <span class='ocrx_word' id='word_1_175' title='bbox 955 1417 1233 1458; x_wconf 87' lang='lat' dir='ltr'>mensam</span> <span class='ocrx_word' id='word_1_176' title='bbox 1253 1400 1546 1470; x_wconf 84' lang='lat' dir='ltr'>sanguine</span> <span class='ocrx_word' id='word_1_177' title='bbox 1565 1397 2074 1467; x_wconf 88' lang='lat' dir='ltr'>immistam,vidit</span> <span class='ocrx_word' id='word_1_178' title='bbox 2100 1397 2119 1452; x_wconf 94' lang='lat' dir='ltr'>l</span> 
     </span>
    </p>
   </div>
   <div class='ocr_carea' id='block_1_26' title="bbox 2262 1397 3876 1478">
    <p class='ocr_par' dir='ltr' id='par_1_26' title="bbox 2278 1400 3876 1478">
     <span class='ocr_line' id='line_1_26' title="bbox 2278 1400 3876 1478; baseline 0.001 -26"><span class='ocrx_word' id='word_1_179' title='bbox 2278 1409 2350 1472; x_wconf 84' lang='grc' dir='ltr'>τῷ</span> <span class='ocrx_word' id='word_1_180' title='bbox 2380 1405 2504 1473; x_wconf 81' lang='grc' dir='ltr'>οἴκῳ</span> <span class='ocrx_word' id='word_1_181' title='bbox 2532 1411 2626 1464; x_wconf 83' lang='grc' dir='ltr'>τῆς</span> <span class='ocrx_word' id='word_1_182' title='bbox 2658 1400 2944 1475; x_wconf 78' lang='grc' dir='ltr'>θυμηδίας,</span> <span class='ocrx_word' id='word_1_183' title='bbox 2977 1402 3027 1455; x_wconf 83' lang='grc' dir='ltr'>ἐν</span> <span class='ocrx_word' id='word_1_184' title='bbox 3070 1412 3141 1455; x_wconf 89' lang='grc' dir='ltr'>τῶ</span> <span class='ocrx_word' id='word_1_185' title='bbox 3186 1411 3351 1478; x_wconf 83' lang='grc' dir='ltr'>καιρῶ</span> <span class='ocrx_word' id='word_1_186' title='bbox 3382 1406 3477 1466; x_wconf 83' lang='grc' dir='ltr'>τὴς</span> <span class='ocrx_word' id='word_1_187' title='bbox 3515 1402 3876 1467; x_wconf 78' lang='grc' dir='ltr'>ἀπολαύσεως,</span> 
     </span>
    </p>
   </div>
   <div class='ocr_carea' id='block_1_27' title="bbox 508 1488 2122 1566">
    <p class='ocr_par' dir='ltr' id='par_1_27' title="bbox 508 1488 2122 1564">
     <span class='ocr_line' id='line_1_27' title="bbox 508 1488 2122 1564; baseline -0.007 -11"><span class='ocrx_word' id='word_1_188' title='bbox 508 1497 687 1553; x_wconf 88' lang='lat' dir='ltr'>beros</span> <span class='ocrx_word' id='word_1_189' title='bbox 702 1490 1194 1564; x_wconf 86' lang='lat' dir='ltr'>diversoquidem</span> <span class='ocrx_word' id='word_1_190' title='bbox 1209 1494 1479 1561; x_wconf 85' lang='lat' dir='ltr'>tempore</span> <span class='ocrx_word' id='word_1_191' title='bbox 1490 1488 1798 1557; x_wconf 87' lang='lat' dir='ltr'>natos,sed</span> <span class='ocrx_word' id='word_1_192' title='bbox 1812 1504 2001 1543; x_wconf 88' lang='lat' dir='ltr'>unum</span> <span class='ocrx_word' id='word_1_193' title='bbox 2012 1502 2122 1542; x_wconf 90' lang='lat' dir='ltr'>con</span> 
     </span>
    </p>
   </div>
   <div class='ocr_carea' id='block_1_28' title="bbox 2265 1488 3879 1566">
    <p class='ocr_par' dir='ltr' id='par_1_28' title="bbox 2278 1488 3879 1566">
     <span class='ocr_line' id='line_1_28' title="bbox 2278 1488 3879 1566; baseline 0.002 -24"><span class='ocrx_word' id='word_1_194' title='bbox 2278 1490 2776 1554; x_wconf 82' lang='grc' dir='ltr'>ἐπικατασείσαντος</span> <span class='ocrx_word' id='word_1_195' title='bbox 2804 1492 2981 1554; x_wconf 69' lang='grc' dir='ltr'>αὐτοῖς</span> <span class='ocrx_word' id='word_1_196' title='bbox 3013 1500 3102 1544; x_wconf 88' lang='grc' dir='ltr'>τοῦ</span> <span class='ocrx_word' id='word_1_197' title='bbox 3136 1488 3170 1545; x_wconf 85' lang='grc' dir='ltr'><em>δ</em></span> <span class='ocrx_word' id='word_1_198' title='bbox 3177 1492 3384 1545; x_wconf 77' lang='grc' dir='ltr'>ιαϐολου</span> <span class='ocrx_word' id='word_1_199' title='bbox 3414 1496 3472 1546; x_wconf 87' lang='grc' dir='ltr'>τὸ</span> <span class='ocrx_word' id='word_1_200' title='bbox 3510 1496 3722 1566; x_wconf 80' lang='grc' dir='ltr'>οἴκημα.</span> <span class='ocrx_word' id='word_1_201' title='bbox 3749 1489 3854 1545; x_wconf 78' lang='grc' dir='ltr'>Εἷδ</span> <span class='ocrx_word' id='word_1_202' title='bbox 3856 1510 3879 1544; x_wconf 87' lang='grc' dir='ltr'>ε</span> 
     </span>
    </p>
   </div>
   <div class='ocr_carea' id='block_1_29' title="bbox 508 1576 2122 1655">
    <p class='ocr_par' dir='ltr' id='par_1_29' title="bbox 508 1576 2122 1654">
     <span class='ocr_line' id='line_1_29' title="bbox 508 1576 2122 1654; baseline -0.006 -14"><span class='ocrx_word' id='word_1_203' title='bbox 508 1596 883 1654; x_wconf 89' lang='lat' dir='ltr'>munemque</span> <span class='ocrx_word' id='word_1_204' title='bbox 904 1581 1144 1636; x_wconf 89' lang='lat' dir='ltr'>sortitos</span> <span class='ocrx_word' id='word_1_205' title='bbox 1172 1579 1304 1634; x_wconf 73' lang='lat' dir='ltr'>vitae</span> <span class='ocrx_word' id='word_1_206' title='bbox 1327 1579 1571 1633; x_wconf 87' lang='lat' dir='ltr'>exitum.</span> <span class='ocrx_word' id='word_1_207' title='bbox 1596 1580 1724 1633; x_wconf 81' lang='lat' dir='ltr'>Non</span> <span class='ocrx_word' id='word_1_208' title='bbox 1745 1576 2012 1648; x_wconf 89' lang='lat' dir='ltr'>ejulavit,</span> <span class='ocrx_word' id='word_1_209' title='bbox 2045 1591 2122 1631; x_wconf 93' lang='lat' dir='ltr'>no</span> 
     </span>
    </p>
   </div>
   <div class='ocr_carea' id='block_1_30' title="bbox 2263 1576 3877 1655">
    <p class='ocr_par' dir='ltr' id='par_1_30' title="bbox 2278 1578 3877 1655">
     <span class='ocr_line' id='line_1_30' title="bbox 2278 1578 3877 1655; baseline 0 -23"><span class='ocrx_word' id='word_1_210' title='bbox 2278 1584 2538 1655; x_wconf 84' lang='grc' dir='ltr'>τράπεζαν</span> <span class='ocrx_word' id='word_1_211' title='bbox 2586 1586 2771 1655; x_wconf 88' lang='grc' dir='ltr'>αἵματι</span> <span class='ocrx_word' id='word_1_212' title='bbox 2826 1586 3164 1654; x_wconf 74' lang='grc' dir='ltr'>μεμιγμένην·</span> <span class='ocrx_word' id='word_1_213' title='bbox 3213 1579 3318 1635; x_wconf 82' lang='grc' dir='ltr'>εἶδε</span> <span class='ocrx_word' id='word_1_214' title='bbox 3362 1578 3561 1644; x_wconf 78' lang='grc' dir='ltr'>παῖδας</span> <span class='ocrx_word' id='word_1_215' title='bbox 3609 1579 3877 1655; x_wconf 71' lang='grc' dir='ltr'>διαφόρῶς</span> 
     </span>
    </p>
   </div>
   <div class='ocr_carea' id='block_1_31' title="bbox 510 1652 2124 1745">
    <p class='ocr_par' dir='ltr' id='par_1_31' title="bbox 510 1652 2124 1736">
     <span class='ocr_line' id='line_1_31' title="bbox 510 1652 2124 1736; baseline -0.006 -6"><span class='ocrx_word' id='word_1_216' title='bbox 510 1689 753 1731; x_wconf 86' lang='lat' dir='ltr'>comam</span> <span class='ocrx_word' id='word_1_217' title='bbox 773 1652 989 1736; x_wconf 80' lang='lat' dir='ltr'>evellit,</span> <span class='ocrx_word' id='word_1_218' title='bbox 1004 1684 1128 1724; x_wconf 92' lang='lat' dir='ltr'>non</span> <span class='ocrx_word' id='word_1_219' title='bbox 1141 1667 1556 1723; x_wconf 86' lang='lat' dir='ltr'>emisitvocem</span> <span class='ocrx_word' id='word_1_220' title='bbox 1577 1665 1759 1721; x_wconf 88' lang='lat' dir='ltr'>ullam</span> <span class='ocrx_word' id='word_1_221' title='bbox 1781 1665 2124 1736; x_wconf 86' lang='lat' dir='ltr'>degeneren</span> 
     </span>
    </p>
   </div>
   <div class='ocr_carea' id='block_1_32' title="bbox 2264 1652 3878 1745">
    <p class='ocr_par' dir='ltr' id='par_1_32' title="bbox 2278 1652 3878 1745">
     <span class='ocr_line' id='line_1_32' title="bbox 2278 1652 3878 1745; baseline -0.001 -22"><span class='ocrx_word' id='word_1_222' title='bbox 2278 1674 2369 1743; x_wconf 72' lang='grc' dir='ltr'>μὲν</span> <span class='ocrx_word' id='word_1_223' title='bbox 2430 1676 2561 1725; x_wconf 84' lang='grc' dir='ltr'>κατά</span> <span class='ocrx_word' id='word_1_224' title='bbox 2625 1676 2713 1724; x_wconf 87' lang='grc' dir='ltr'>τὸν</span> <span class='ocrx_word' id='word_1_225' title='bbox 2773 1652 2968 1745; x_wconf 80' lang='grc' dir='ltr'>χρόνον</span> <span class='ocrx_word' id='word_1_226' title='bbox 3018 1670 3403 1744; x_wconf 84' lang='grc' dir='ltr'>ἀποτεχθέντας</span> <span class='ocrx_word' id='word_1_227' title='bbox 3463 1673 3564 1743; x_wconf 84' lang='grc' dir='ltr'>(ὃ),</span> <span class='ocrx_word' id='word_1_228' title='bbox 3606 1652 3799 1744; x_wconf 49' lang='grc' dir='ltr'>κοινῇὊ</span> <span class='ocrx_word' id='word_1_229' title='bbox 3816 1666 3878 1722; x_wconf 68' lang='grc' dir='ltr'><strong>δί</strong></span> 
     </span>
    </p>
   </div>
   <div class='ocr_carea' id='block_1_33' title="bbox 513 1754 2127 1835">
    <p class='ocr_par' dir='ltr' id='par_1_33' title="bbox 513 1754 2127 1825">
     <span class='ocr_line' id='line_1_33' title="bbox 513 1754 2127 1825; baseline -0.005 -7"><span class='ocrx_word' id='word_1_230' title='bbox 513 1763 619 1819; x_wconf 90' lang='lat' dir='ltr'>sed</span> <span class='ocrx_word' id='word_1_231' title='bbox 638 1760 935 1817; x_wconf 89' lang='lat' dir='ltr'>celebrem</span> <span class='ocrx_word' id='word_1_232' title='bbox 960 1758 1127 1814; x_wconf 84' lang='lat' dir='ltr'>illam</span> <span class='ocrx_word' id='word_1_233' title='bbox 1149 1763 1206 1813; x_wconf 91' lang='lat' dir='ltr'>et</span> <span class='ocrx_word' id='word_1_234' title='bbox 1225 1754 1303 1813; x_wconf 88' lang='lat' dir='ltr'>ab</span> <span class='ocrx_word' id='word_1_235' title='bbox 1320 1756 1605 1812; x_wconf 90' lang='lat' dir='ltr'>omnibus</span> <span class='ocrx_word' id='word_1_236' title='bbox 1627 1757 2017 1812; x_wconf 90' lang='lat' dir='ltr'>decantatam</span> <span class='ocrx_word' id='word_1_237' title='bbox 2039 1770 2127 1825; x_wconf 79' lang='lat' dir='ltr'>grz</span> 
     </span>
    </p>
   </div>
   <div class='ocr_carea' id='block_1_34' title="bbox 2260 1754 3874 1835">
    <p class='ocr_par' dir='ltr' id='par_1_34' title="bbox 2278 1759 3874 1835">
     <span class='ocr_line' id='line_1_34' title="bbox 2278 1759 3874 1835; baseline -0.001 -22"><span class='ocrx_word' id='word_1_238' title='bbox 2278 1762 2590 1825; x_wconf 81' lang='grc' dir='ltr'>ὑπελθόντας</span> <span class='ocrx_word' id='word_1_239' title='bbox 2617 1768 2709 1814; x_wconf 85' lang='grc' dir='ltr'>τοῦ</span> <span class='ocrx_word' id='word_1_240' title='bbox 2750 1759 2873 1835; x_wconf 85' lang='grc' dir='ltr'>βίου</span> <span class='ocrx_word' id='word_1_241' title='bbox 2916 1764 2976 1813; x_wconf 82' lang='grc' dir='ltr'>τὸ</span> <span class='ocrx_word' id='word_1_242' title='bbox 3016 1765 3177 1823; x_wconf 70' lang='grc' dir='ltr'>τέλος.</span> <span class='ocrx_word' id='word_1_243' title='bbox 3211 1761 3321 1813; x_wconf 74' lang='grc' dir='ltr'>Οὐκ</span> <span class='ocrx_word' id='word_1_244' title='bbox 3368 1760 3594 1834; x_wconf 78' lang='grc' dir='ltr'>ᾤμωξεν,</span> <span class='ocrx_word' id='word_1_245' title='bbox 3628 1760 3686 1812; x_wconf 75' lang='grc' dir='ltr'>οὐ</span> <span class='ocrx_word' id='word_1_246' title='bbox 3715 1778 3874 1811; x_wconf 88' lang='grc' dir='ltr'>κατε-</span> 
     </span>
    </p>
   </div>
   <div class='ocr_carea' id='block_1_35' title="bbox 474 1845 2088 1925">
    <p class='ocr_par' dir='ltr' id='par_1_35' title="bbox 474 1846 2088 1919">
     <span class='ocr_line' id='line_1_35' title="bbox 474 1846 2088 1919; baseline -0.006 -12"><span class='ocrx_word' id='word_1_247' title='bbox 474 1852 730 1908; x_wconf 81' lang='lat' dir='ltr'>&#39;tiarum</span> <span class='ocrx_word' id='word_1_248' title='bbox 757 1850 1057 1905; x_wconf 90' lang='lat' dir='ltr'>actionem</span> <span class='ocrx_word' id='word_1_249' title='bbox 1096 1847 1343 1919; x_wconf 87' lang='lat' dir='ltr'>protulit</span> <span class='ocrx_word' id='word_1_250' title='bbox 1375 1862 1388 1900; x_wconf 90' lang='lat'><strong>:</strong></span> <span class='ocrx_word' id='word_1_251' title='bbox 1420 1848 1710 1901; x_wconf 82' lang='lat' dir='ltr'>Dominus</span> <span class='ocrx_word' id='word_1_252' title='bbox 1752 1846 1933 1912; x_wconf 81' lang='lat' dir='ltr'>dedit,</span> <span class='ocrx_word' id='word_1_253' title='bbox 1965 1846 2088 1899; x_wconf 86' lang='lat' dir='ltr'>Dan</span> 
     </span>
    </p>
   </div>
   <div class='ocr_carea' id='block_1_36' title="bbox 2264 1845 3878 1925">
    <p class='ocr_par' dir='ltr' id='par_1_36' title="bbox 2277 1847 3878 1925">
     <span class='ocr_line' id='line_1_36' title="bbox 2277 1847 3878 1925; baseline -0.003 -20"><span class='ocrx_word' id='word_1_254' title='bbox 2277 1852 2453 1905; x_wconf 79' lang='grc' dir='ltr'>τίλατο</span> <span class='ocrx_word' id='word_1_255' title='bbox 2495 1859 2682 1925; x_wconf 86' lang='grc' dir='ltr'>κόμην,</span> <span class='ocrx_word' id='word_1_256' title='bbox 2728 1850 2821 1903; x_wconf 70' lang='grc' dir='ltr'>οὐκ</span> <span class='ocrx_word' id='word_1_257' title='bbox 2871 1848 3037 1923; x_wconf 79' lang='grc' dir='ltr'>ἀφῆκέ</span> <span class='ocrx_word' id='word_1_258' title='bbox 3064 1855 3347 1923; x_wconf 75' lang='grc' dir='ltr'>τιναφωνήν</span> <span class='ocrx_word' id='word_1_259' title='bbox 3386 1848 3561 1923; x_wconf 79' lang='grc' dir='ltr'>ἀγενῆ,</span> <span class='ocrx_word' id='word_1_260' title='bbox 3611 1847 3736 1901; x_wconf 80' lang='grc' dir='ltr'>ἀλλὰ</span> <span class='ocrx_word' id='word_1_261' title='bbox 3778 1849 3878 1907; x_wconf 75' lang='grc' dir='ltr'>τὴν</span> 
     </span>
    </p>
   </div>
   <div class='ocr_carea' id='block_1_37' title="bbox 512 1936 2126 2015">
    <p class='ocr_par' dir='ltr' id='par_1_37' title="bbox 512 1936 2126 2010">
     <span class='ocr_line' id='line_1_37' title="bbox 512 1936 2126 2010; baseline -0.004 -15"><span class='ocrx_word' id='word_1_262' title='bbox 512 1955 625 1995; x_wconf 89' lang='lat' dir='ltr'>nus</span> <span class='ocrx_word' id='word_1_263' title='bbox 647 1940 934 2010; x_wconf 78' lang='lat' dir='ltr'>abstulit;</span> <span class='ocrx_word' id='word_1_264' title='bbox 963 1940 1116 1994; x_wconf 81' lang='lat' dir='ltr'>sicut</span> <span class='ocrx_word' id='word_1_265' title='bbox 1148 1939 1398 1993; x_wconf 79' lang='lat' dir='ltr'>Domino</span> <span class='ocrx_word' id='word_1_266' title='bbox 1431 1938 1689 2007; x_wconf 84' lang='lat' dir='ltr'>placuit,</span> <span class='ocrx_word' id='word_1_267' title='bbox 1734 1937 1823 1993; x_wconf 80' lang='lat' dir='ltr'>ita</span> <span class='ocrx_word' id='word_1_268' title='bbox 1852 1942 1905 1992; x_wconf 87' lang='lat' dir='ltr'>et</span> <span class='ocrx_word' id='word_1_269' title='bbox 1933 1936 2126 2005; x_wconf 67' lang='lat' dir='ltr'>factu:</span> 
     </span>
    </p>
   </div>
   <div class='ocr_carea' id='block_1_38' title="bbox 2267 1936 3881 2015">
    <p class='ocr_par' dir='ltr' id='par_1_38' title="bbox 2276 1937 3881 2015">
     <span class='ocr_line' id='line_1_38' title="bbox 2276 1937 3881 2015; baseline -0.003 -21"><span class='ocrx_word' id='word_1_270' title='bbox 2276 1938 2519 2015; x_wconf 72' lang='grc' dir='ltr'>ἀοίδιμον</span> <span class='ocrx_word' id='word_1_271' title='bbox 2577 1940 2771 1999; x_wconf 81' lang='grc' dir='ltr'>ἐκεινην</span> <span class='ocrx_word' id='word_1_272' title='bbox 2822 1943 2907 1991; x_wconf 87' lang='grc' dir='ltr'>καὶ</span> <span class='ocrx_word' id='word_1_273' title='bbox 2958 1941 3101 2013; x_wconf 88' lang='grc' dir='ltr'>παρά</span> <span class='ocrx_word' id='word_1_274' title='bbox 3152 1946 3314 1992; x_wconf 88' lang='grc' dir='ltr'>πᾶσιν</span> <span class='ocrx_word' id='word_1_275' title='bbox 3362 1937 3746 2012; x_wconf 78' lang='grc' dir='ltr'>ἀνυμνουμίνην</span> <span class='ocrx_word' id='word_1_276' title='bbox 3795 1938 3881 1990; x_wconf 72' lang='grc' dir='ltr'>εῦ-</span> 
     </span>
    </p>
   </div>
   <div class='ocr_carea' id='block_1_39' title="bbox 510 2020 2124 2105">
    <p class='ocr_par' dir='ltr' id='par_1_39' title="bbox 510 2020 2124 2101">
     <span class='ocr_line' id='line_1_39' title="bbox 510 2020 2124 2101; baseline -0.004 -15"><span class='ocrx_word' id='word_1_277' title='bbox 510 2035 633 2101; x_wconf 84' lang='lat' dir='ltr'>est;</span> <span class='ocrx_word' id='word_1_278' title='bbox 655 2029 733 2085; x_wconf 87' lang='lat' dir='ltr'>sit</span> <span class='ocrx_word' id='word_1_279' title='bbox 753 2042 965 2084; x_wconf 83' lang='lat' dir='ltr'>nomen</span> <span class='ocrx_word' id='word_1_280' title='bbox 980 2027 1228 2082; x_wconf 84' lang='lat' dir='ltr'>Domini</span> <span class='ocrx_word' id='word_1_281' title='bbox 1241 2026 1685 2082; x_wconf 74' lang='lat' dir='ltr'>benedictum“.</span> <span class='ocrx_word' id='word_1_282' title='bbox 1700 2028 1741 2081; x_wconf 86' lang='lat' dir='ltr'><strong>N</strong></span> <span class='ocrx_word' id='word_1_283' title='bbox 1752 2041 1853 2080; x_wconf 90' lang='lat' dir='ltr'>um</span> <span class='ocrx_word' id='word_1_284' title='bbox 1865 2025 2051 2080; x_wconf 91' lang='lat' dir='ltr'>homo</span> <span class='ocrx_word' id='word_1_285' title='bbox 2071 2020 2124 2078; x_wconf 88' lang='lat' dir='ltr'>il]</span> 
     </span>
    </p>
   </div>
   <div class='ocr_carea' id='block_1_40' title="bbox 2266 2020 3880 2105">
    <p class='ocr_par' dir='ltr' id='par_1_40' title="bbox 2276 2024 3880 2105">
     <span class='ocr_line' id='line_1_40' title="bbox 2276 2024 3880 2105; baseline -0.004 -21"><span class='ocrx_word' id='word_1_286' title='bbox 2276 2035 2565 2105; x_wconf 79' lang='grc' dir='ltr'>χαριστίαν</span> <span class='ocrx_word' id='word_1_287' title='bbox 2630 2028 2981 2102; x_wconf 72' lang='grc' dir='ltr'>ἀπεφθέγξατο</span> <span class='ocrx_word' id='word_1_288' title='bbox 3203 2036 3260 2081; x_wconf 85' lang='grc' dir='ltr'><strong>Ὀ</strong></span> <span class='ocrx_word' id='word_1_289' title='bbox 3329 2030 3518 2101; x_wconf 80' lang='grc' dir='ltr'>Κύριος</span> <span class='ocrx_word' id='word_1_290' title='bbox 3578 2024 3786 2093; x_wconf 82' lang='grc' dir='ltr'>ἔδωκεν,</span> <span class='ocrx_word' id='word_1_291' title='bbox 3850 2028 3880 2079; x_wconf 81' lang='grc' dir='ltr'><strong><em>ὁ</em></strong></span> 
     </span>
    </p>
   </div>
   <div class='ocr_carea' id='block_1_41' title="bbox 509 2112 2123 2194">
    <p class='ocr_par' dir='ltr' id='par_1_41' title="bbox 509 2112 2123 2191">
     <span class='ocr_line' id='line_1_41' title="bbox 509 2112 2123 2191; baseline -0.004 -16"><span class='ocrx_word' id='word_1_292' title='bbox 509 2126 639 2175; x_wconf 88' lang='lat' dir='ltr'>erat</span> <span class='ocrx_word' id='word_1_293' title='bbox 658 2134 873 2191; x_wconf 85' lang='lat' dir='ltr'>expers</span> <span class='ocrx_word' id='word_1_294' title='bbox 895 2116 1281 2172; x_wconf 71' lang='lat' dir='ltr'>aﬁ‘ectionum</span> <span class='ocrx_word' id='word_1_295' title='bbox 1294 2116 1322 2170; x_wconf 71' lang='lat' dir='ltr'>‘I</span> <span class='ocrx_word' id='word_1_296' title='bbox 1340 2120 1412 2170; x_wconf 79' lang='lat' dir='ltr'>At</span> <span class='ocrx_word' id='word_1_297' title='bbox 1425 2114 1735 2187; x_wconf 85' lang='lat' dir='ltr'>quomodo</span> <span class='ocrx_word' id='word_1_298' title='bbox 1746 2114 1775 2169; x_wconf 84' lang='lat'><strong>?</strong></span> <span class='ocrx_word' id='word_1_299' title='bbox 1795 2131 1931 2169; x_wconf 90' lang='lat' dir='ltr'>cum</span> <span class='ocrx_word' id='word_1_300' title='bbox 1952 2115 2079 2186; x_wconf 91' lang='lat' dir='ltr'>ipse</span> <span class='ocrx_word' id='word_1_301' title='bbox 2092 2112 2123 2167; x_wconf 91' lang='lat' dir='ltr'>d</span> 
     </span>
    </p>
   </div>
   <div class='ocr_carea' id='block_1_42' title="bbox 2267 2112 3881 2194">
    <p class='ocr_par' dir='ltr' id='par_1_42' title="bbox 2279 2114 3881 2194">
     <span class='ocr_line' id='line_1_42' title="bbox 2279 2114 3881 2194; baseline -0.003 -22"><span class='ocrx_word' id='word_1_302' title='bbox 2279 2124 2467 2194; x_wconf 80' lang='grc' dir='ltr'>Κύριος</span> <span class='ocrx_word' id='word_1_303' title='bbox 2519 2118 2792 2193; x_wconf 77' lang='grc' dir='ltr'>ἀφείλειτο·</span> <span class='ocrx_word' id='word_1_304' title='bbox 2849 2120 2919 2179; x_wconf 85' lang='grc' dir='ltr'>ὡς</span> <span class='ocrx_word' id='word_1_305' title='bbox 2973 2126 3044 2169; x_wconf 83' lang='grc' dir='ltr'>τῶ</span> <span class='ocrx_word' id='word_1_306' title='bbox 3099 2122 3274 2192; x_wconf 77' lang='grc' dir='ltr'>Κυρίῳ</span> <span class='ocrx_word' id='word_1_307' title='bbox 3326 2114 3517 2183; x_wconf 80' lang='grc' dir='ltr'>ἔδοξεν,</span> <span class='ocrx_word' id='word_1_308' title='bbox 3586 2121 3721 2169; x_wconf 76' lang='grc' dir='ltr'>οὕτω</span> <span class='ocrx_word' id='word_1_309' title='bbox 3787 2119 3881 2168; x_wconf 82' lang='grc' dir='ltr'>καὶ</span> 
     </span>
    </p>
   </div>
   <div class='ocr_carea' id='block_1_43' title="bbox 510 2201 2124 2282">
    <p class='ocr_par' dir='ltr' id='par_1_43' title="bbox 510 2202 2124 2277">
     <span class='ocr_line' id='line_1_43' title="bbox 510 2202 2124 2277; baseline -0.004 -14"><span class='ocrx_word' id='word_1_310' title='bbox 510 2224 573 2263; x_wconf 91' lang='lat' dir='ltr'>se</span> <span class='ocrx_word' id='word_1_311' title='bbox 594 2207 758 2263; x_wconf 90' lang='lat' dir='ltr'>dicat</span> <span class='ocrx_word' id='word_1_312' title='bbox 773 2224 785 2261; x_wconf 94' lang='lat'>:</span> <span class='ocrx_word' id='word_1_313' title='bbox 800 2208 917 2277; x_wconf 86' lang='lat' dir='ltr'>Ego</span> <span class='ocrx_word' id='word_1_314' title='bbox 934 2207 1076 2275; x_wconf 84' lang='lat' dir='ltr'>ﬂevi</span> <span class='ocrx_word' id='word_1_315' title='bbox 1094 2204 1950 2273; x_wconf 68' lang='lat' dir='ltr'>superomnia/ﬂicto‘°.Estne</span> <span class='ocrx_word' id='word_1_316' title='bbox 1971 2202 2063 2257; x_wconf 92' lang='lat' dir='ltr'>his</span> <span class='ocrx_word' id='word_1_317' title='bbox 2079 2202 2124 2256; x_wconf 89' lang='lat' dir='ltr'>d</span> 
     </span>
    </p>
   </div>
   <div class='ocr_carea' id='block_1_44' title="bbox 2258 2201 3872 2282">
    <p class='ocr_par' dir='ltr' id='par_1_44' title="bbox 2276 2206 3872 2282">
     <span class='ocr_line' id='line_1_44' title="bbox 2276 2206 3872 2282; baseline -0.003 -20"><span class='ocrx_word' id='word_1_318' title='bbox 2276 2209 2488 2282; x_wconf 69' lang='grc' dir='ltr'>ἐγένετο·</span> <span class='ocrx_word' id='word_1_319' title='bbox 2553 2212 2630 2267; x_wconf 85' lang='grc' dir='ltr'>εἵη</span> <span class='ocrx_word' id='word_1_320' title='bbox 2713 2211 2771 2261; x_wconf 89' lang='grc' dir='ltr'>τὸ</span> <span class='ocrx_word' id='word_1_321' title='bbox 2837 2210 2999 2280; x_wconf 85' lang='grc' dir='ltr'>ὄνομα</span> <span class='ocrx_word' id='word_1_322' title='bbox 3087 2211 3281 2281; x_wconf 80' lang='grc' dir='ltr'>Κυρίου</span> <span class='ocrx_word' id='word_1_323' title='bbox 3347 2206 3707 2279; x_wconf 72' lang='grc' dir='ltr'>εὐλογημένον.</span> <span class='ocrx_word' id='word_1_324' title='bbox 3783 2210 3872 2264; x_wconf 74' lang='grc' dir='ltr'>Μὴ</span> 
     </span>
    </p>
   </div>
   <div class='ocr_carea' id='block_1_45' title="bbox 510 2292 2124 2372">
    <p class='ocr_par' dir='ltr' id='par_1_45' title="bbox 510 2292 2124 2364">
     <span class='ocr_line' id='line_1_45' title="bbox 510 2292 2124 2364; baseline -0.004 -12"><span class='ocrx_word' id='word_1_325' title='bbox 510 2296 721 2353; x_wconf 92' lang='lat' dir='ltr'>cendis</span> <span class='ocrx_word' id='word_1_326' title='bbox 746 2296 1030 2351; x_wconf 88' lang='lat' dir='ltr'>mentitus</span> <span class='ocrx_word' id='word_1_327' title='bbox 1044 2294 1072 2349; x_wconf 83' lang='lat'><strong>?</strong></span> <span class='ocrx_word' id='word_1_328' title='bbox 1092 2298 1219 2349; x_wconf 89' lang='lat' dir='ltr'>lmo</span> <span class='ocrx_word' id='word_1_329' title='bbox 1240 2308 1383 2348; x_wconf 89' lang='lat' dir='ltr'>vero</span> <span class='ocrx_word' id='word_1_330' title='bbox 1414 2301 1630 2364; x_wconf 60' lang='lat' dir='ltr'>praeter</span> <span class='ocrx_word' id='word_1_331' title='bbox 1649 2299 1893 2348; x_wconf 74' lang='lat' dir='ltr'>caeteras</span> <span class='ocrx_word' id='word_1_332' title='bbox 1918 2292 2124 2347; x_wconf 78' lang='lat' dir='ltr'>virtute</span> 
     </span>
    </p>
   </div>
   <div class='ocr_carea' id='block_1_46' title="bbox 2266 2292 3880 2372">
    <p class='ocr_par' dir='ltr' id='par_1_46' title="bbox 2276 2297 3880 2372">
     <span class='ocr_line' id='line_1_46' title="bbox 2276 2297 3880 2372; baseline -0.002 -21"><span class='ocrx_word' id='word_1_333' title='bbox 2276 2297 2597 2372; x_wconf 78' lang='grc' dir='ltr'>ἀσυμπαθὴς</span> <span class='ocrx_word' id='word_1_334' title='bbox 2647 2300 2672 2350; x_wconf 87' lang='grc' dir='ltr'><strong><em>ὁ</em></strong></span> <span class='ocrx_word' id='word_1_335' title='bbox 2729 2298 3042 2369; x_wconf 78' lang='grc' dir='ltr'>ἄνθρωπος;</span> <span class='ocrx_word' id='word_1_336' title='bbox 3111 2301 3212 2349; x_wconf 74' lang='grc' dir='ltr'>Καὶ</span> <span class='ocrx_word' id='word_1_337' title='bbox 3278 2304 3431 2363; x_wconf 83' lang='grc' dir='ltr'>πῶς;</span> <span class='ocrx_word' id='word_1_338' title='bbox 3513 2297 3566 2358; x_wconf 82' lang='grc' dir='ltr'>ὃς</span> <span class='ocrx_word' id='word_1_339' title='bbox 3632 2315 3691 2368; x_wconf 68' lang='grc' dir='ltr'>γε</span> <span class='ocrx_word' id='word_1_340' title='bbox 3753 2299 3880 2368; x_wconf 88' lang='grc' dir='ltr'>περὶ</span> 
     </span>
    </p>
   </div>
   <div class='ocr_carea' id='block_1_47' title="bbox 509 2380 2123 2459">
    <p class='ocr_par' dir='ltr' id='par_1_47' title="bbox 509 2380 2123 2455">
     <span class='ocr_line' id='line_1_47' title="bbox 509 2380 2123 2455; baseline -0.005 -13"><span class='ocrx_word' id='word_1_341' title='bbox 509 2386 731 2442; x_wconf 85' lang='lat' dir='ltr'>veritas</span> <span class='ocrx_word' id='word_1_342' title='bbox 748 2399 1023 2440; x_wconf 85' lang='lat' dir='ltr'>veracem</span> <span class='ocrx_word' id='word_1_343' title='bbox 1041 2399 1181 2439; x_wconf 93' lang='lat' dir='ltr'>eum</span> <span class='ocrx_word' id='word_1_344' title='bbox 1196 2397 1441 2455; x_wconf 90' lang='lat' dir='ltr'>quoque</span> <span class='ocrx_word' id='word_1_345' title='bbox 1454 2381 1637 2437; x_wconf 87' lang='lat' dir='ltr'>fuisse</span> <span class='ocrx_word' id='word_1_346' title='bbox 1653 2381 1917 2437; x_wconf 85' lang='lat' dir='ltr'>declarat</span> <span class='ocrx_word' id='word_1_347' title='bbox 1931 2380 2024 2435; x_wconf 89' lang='lat' dir='ltr'>his</span> <span class='ocrx_word' id='word_1_348' title='bbox 2038 2396 2123 2435; x_wconf 70' lang='grc' dir='ltr'>νει</span> 
     </span>
    </p>
   </div>
   <div class='ocr_carea' id='block_1_48' title="bbox 2253 2380 3867 2459">
    <p class='ocr_par' dir='ltr' id='par_1_48' title="bbox 2277 2383 3867 2459">
     <span class='ocr_line' id='line_1_48' title="bbox 2277 2383 3867 2459; baseline -0.002 -19"><span class='ocrx_word' id='word_1_349' title='bbox 2277 2387 2463 2441; x_wconf 79' lang='grc' dir='ltr'>ἑαυτοῦ</span> <span class='ocrx_word' id='word_1_350' title='bbox 2492 2385 2648 2459; x_wconf 75' lang='grc' dir='ltr'>λέγει’</span> <span class='ocrx_word' id='word_1_351' title='bbox 2682 2385 2813 2457; x_wconf 71' lang='grc' dir='ltr'>Ἐγὼ</span> <span class='ocrx_word' id='word_1_352' title='bbox 2860 2384 3088 2437; x_wconf 77' lang='grc' dir='ltr'>ἔκλαυσα</span> <span class='ocrx_word' id='word_1_353' title='bbox 3136 2384 3237 2436; x_wconf 73' lang='grc' dir='ltr'>ἐπὶ</span> <span class='ocrx_word' id='word_1_354' title='bbox 3261 2389 3415 2437; x_wconf 87' lang='grc' dir='ltr'>παντὶ</span> <span class='ocrx_word' id='word_1_355' title='bbox 3446 2383 3725 2457; x_wconf 78' lang='grc' dir='ltr'>θλιϐομένῳ</span> 
     </span>
    </p>
   </div>
   <div class='ocr_carea' id='block_1_49' title="bbox 509 2470 2123 2550">
    <p class='ocr_par' dir='ltr' id='par_1_49' title="bbox 509 2471 2123 2544">
     <span class='ocr_line' id='line_1_49' title="bbox 509 2471 2123 2544; baseline -0.005 -13"><span class='ocrx_word' id='word_1_356' title='bbox 509 2474 604 2532; x_wconf 90' lang='lat' dir='ltr'>bis</span> <span class='ocrx_word' id='word_1_357' title='bbox 629 2491 641 2529; x_wconf 91' lang='lat'>:</span> <span class='ocrx_word' id='word_1_358' title='bbox 669 2477 835 2530; x_wconf 84' lang='lat' dir='ltr'>Homo</span> <span class='ocrx_word' id='word_1_359' title='bbox 857 2475 1041 2541; x_wconf 89' lang='lat' dir='ltr'>enim,</span> <span class='ocrx_word' id='word_1_360' title='bbox 1065 2471 1280 2544; x_wconf 80' lang='lat' dir='ltr'>inquit,</span> <span class='ocrx_word' id='word_1_361' title='bbox 1306 2472 1643 2542; x_wconf 80' lang='lat' dir='ltr'>inculpatus,</span> <span class='ocrx_word' id='word_1_362' title='bbox 1667 2471 1874 2541; x_wconf 78' lang='lat' dir='ltr'>justus,</span> <span class='ocrx_word' id='word_1_363' title='bbox 1897 2472 2049 2541; x_wconf 85' lang='lat' dir='ltr'>pius,</span> <span class='ocrx_word' id='word_1_364' title='bbox 2082 2486 2123 2523; x_wconf 80' lang='grc' dir='ltr'>υι</span> 
     </span>
    </p>
   </div>
   <div class='ocr_carea' id='block_1_50' title="bbox 2263 2470 3877 2550">
    <p class='ocr_par' dir='ltr' id='par_1_50' title="bbox 2279 2470 3877 2550">
     <span class='ocr_line' id='line_1_50' title="bbox 2279 2470 3877 2550; baseline -0.003 -21"><span class='ocrx_word' id='word_1_365' title='bbox 2279 2476 2415 2530; x_wconf 81' lang='grc' dir='ltr'>Ἀλλ’</span> <span class='ocrx_word' id='word_1_366' title='bbox 2446 2471 2546 2550; x_wconf 82' lang='grc' dir='ltr'>ἆρα</span> <span class='ocrx_word' id='word_1_367' title='bbox 2592 2480 2661 2549; x_wconf 81' lang='grc' dir='ltr'>μὴ</span> <span class='ocrx_word' id='word_1_368' title='bbox 2707 2470 2956 2545; x_wconf 68' lang='grc' dir='ltr'>ἐψεύδετο</span> <span class='ocrx_word' id='word_1_369' title='bbox 3003 2481 3171 2525; x_wconf 90' lang='grc' dir='ltr'>ταῦτα</span> <span class='ocrx_word' id='word_1_370' title='bbox 3219 2472 3415 2546; x_wconf 54' lang='lat' dir='ltr'><strong>Hymn;</strong></span> <span class='ocrx_word' id='word_1_371' title='bbox 3459 2478 3557 2527; x_wconf 82' lang='grc' dir='ltr'>Καὶ</span> <span class='ocrx_word' id='word_1_372' title='bbox 3599 2478 3702 2546; x_wconf 79' lang='grc' dir='ltr'>μὴν</span> <span class='ocrx_word' id='word_1_373' title='bbox 3731 2493 3877 2547; x_wconf 91' lang='grc' dir='ltr'>μαρ-</span> 
     </span>
    </p>
   </div>
   <div class='ocr_carea' id='block_1_51' title="bbox 510 2559 2124 2641">
    <p class='ocr_par' dir='ltr' id='par_1_51' title="bbox 510 2559 2124 2634">
     <span class='ocr_line' id='line_1_51' title="bbox 510 2559 2124 2634; baseline -0.003 -15"><span class='ocrx_word' id='word_1_374' title='bbox 510 2580 623 2621; x_wconf 74' lang='lat' dir='ltr'>rax</span> <span class='ocrx_word' id='word_1_375' title='bbox 635 2565 805 2620; x_wconf 73' lang='lat' dir='ltr'>5°.Tu</span> <span class='ocrx_word' id='word_1_376' title='bbox 826 2579 967 2620; x_wconf 88' lang='lat' dir='ltr'>vero</span> <span class='ocrx_word' id='word_1_377' title='bbox 988 2562 1302 2618; x_wconf 87' lang='lat' dir='ltr'>cantilenis</span> <span class='ocrx_word' id='word_1_378' title='bbox 1324 2560 1696 2634; x_wconf 87' lang='lat' dir='ltr'>quibusdam</span> <span class='ocrx_word' id='word_1_379' title='bbox 1719 2559 1799 2615; x_wconf 93' lang='lat' dir='ltr'>ad</span> <span class='ocrx_word' id='word_1_380' title='bbox 1818 2559 2124 2615; x_wconf 64' lang='lat' dir='ltr'>maestitia:</span> 
     </span>
    </p>
   </div>
   <div class='ocr_carea' id='block_1_52' title="bbox 2267 2559 3881 2641">
    <p class='ocr_par' dir='ltr' id='par_1_52' title="bbox 2275 2561 3881 2641">
     <span class='ocr_line' id='line_1_52' title="bbox 2275 2561 3881 2641; baseline -0.002 -23"><span class='ocrx_word' id='word_1_381' title='bbox 2275 2573 2423 2641; x_wconf 86' lang='grc' dir='ltr'>τυρεῖ</span> <span class='ocrx_word' id='word_1_382' title='bbox 2460 2565 2602 2617; x_wconf 71' lang='grc' dir='ltr'>αὐτῶ</span> <span class='ocrx_word' id='word_1_383' title='bbox 2650 2566 2679 2623; x_wconf 81' lang='grc' dir='ltr'>ἡ</span> <span class='ocrx_word' id='word_1_384' title='bbox 2729 2561 2963 2628; x_wconf 78' lang='grc' dir='ltr'>ἀλήθεια,</span> <span class='ocrx_word' id='word_1_385' title='bbox 2997 2564 3077 2615; x_wconf 88' lang='grc' dir='ltr'>ὃτι</span> <span class='ocrx_word' id='word_1_386' title='bbox 3114 2567 3242 2637; x_wconf 88' lang='grc' dir='ltr'>πρός</span> <span class='ocrx_word' id='word_1_387' title='bbox 3271 2570 3387 2625; x_wconf 84' lang='grc' dir='ltr'>ταῖς</span> <span class='ocrx_word' id='word_1_388' title='bbox 3414 2562 3621 2625; x_wconf 86' lang='grc' dir='ltr'>λοιπαῖς</span> <span class='ocrx_word' id='word_1_389' title='bbox 3665 2562 3881 2636; x_wconf 76' lang='grc' dir='ltr'>ἀρεταῖς</span> 
     </span>
    </p>
   </div>
   <div class='ocr_carea' id='block_1_53' title="bbox 509 2649 2123 2728">
    <p class='ocr_par' dir='ltr' id='par_1_53' title="bbox 509 2649 2123 2725">
     <span class='ocr_line' id='line_1_53' title="bbox 509 2649 2123 2725; baseline -0.004 -16"><span class='ocrx_word' id='word_1_390' title='bbox 509 2654 861 2725; x_wconf 84' lang='lat' dir='ltr'>compositis</span> <span class='ocrx_word' id='word_1_391' title='bbox 876 2654 955 2709; x_wconf 91' lang='lat' dir='ltr'>ad</span> <span class='ocrx_word' id='word_1_392' title='bbox 973 2650 1245 2707; x_wconf 87' lang='lat' dir='ltr'>ﬂendum</span> <span class='ocrx_word' id='word_1_393' title='bbox 1263 2649 1880 2722; x_wconf 85' lang='lat' dir='ltr'>abuteris,studesque</span> <span class='ocrx_word' id='word_1_394' title='bbox 1896 2649 2123 2705; x_wconf 78' lang='lat' dir='ltr'>animai</span> 
     </span>
    </p>
   </div>
   <div class='ocr_carea' id='block_1_54' title="bbox 2261 2649 3875 2728">
    <p class='ocr_par' dir='ltr' id='par_1_54' title="bbox 2277 2649 3875 2728">
     <span class='ocr_line' id='line_1_54' title="bbox 2277 2649 3875 2728; baseline -0.003 -21"><span class='ocrx_word' id='word_1_395' title='bbox 2277 2661 2366 2708; x_wconf 81' lang='grc' dir='ltr'>καὶ</span> <span class='ocrx_word' id='word_1_396' title='bbox 2416 2654 2658 2715; x_wconf 85' lang='grc' dir='ltr'>ἀληθινός</span> <span class='ocrx_word' id='word_1_397' title='bbox 2707 2649 2787 2711; x_wconf 75' lang='grc' dir='ltr'>ἧν·</span> <span class='ocrx_word' id='word_1_398' title='bbox 2821 2651 3123 2726; x_wconf 76' lang='grc' dir='ltr'>’Ἀνθρωπος</span> <span class='ocrx_word' id='word_1_399' title='bbox 3170 2655 3290 2728; x_wconf 78' lang='grc' dir='ltr'>γὰρ,</span> <span class='ocrx_word' id='word_1_400' title='bbox 3352 2657 3525 2726; x_wconf 70' lang='grc' dir='ltr'>φησὶν,</span> <span class='ocrx_word' id='word_1_401' title='bbox 3578 2654 3875 2725; x_wconf 80' lang='grc' dir='ltr'>ἄμεμπτος,</span> 
     </span>
    </p>
   </div>
   <div class='ocr_carea' id='block_1_55' title="bbox 508 2737 2122 2813">
    <p class='ocr_par' dir='ltr' id='par_1_55' title="bbox 508 2738 2122 2813">
     <span class='ocr_line' id='line_1_55' title="bbox 508 2738 2122 2813; baseline -0.003 -15"><span class='ocrx_word' id='word_1_402' title='bbox 508 2743 735 2813; x_wconf 83' lang='lat' dir='ltr'>tuam3</span> <span class='ocrx_word' id='word_1_403' title='bbox 751 2744 794 2811; x_wconf 82' lang='lat'><strong>1</strong></span> <span class='ocrx_word' id='word_1_404' title='bbox 806 2740 1068 2797; x_wconf 82' lang='lat' dir='ltr'>modulis</span> <span class='ocrx_word' id='word_1_405' title='bbox 1082 2738 1442 2809; x_wconf 87' lang='lat' dir='ltr'>lugubribus</span> <span class='ocrx_word' id='word_1_406' title='bbox 1454 2738 1800 2806; x_wconf 86' lang='lat' dir='ltr'>absumere;</span> <span class='ocrx_word' id='word_1_407' title='bbox 1815 2744 2122 2810; x_wconf 86' lang='lat' dir='ltr'>etquema&lt;</span> 
     </span>
    </p>
   </div>
   <div class='ocr_carea' id='block_1_56' title="bbox 2269 2737 3883 2813">
    <p class='ocr_par' dir='ltr' id='par_1_56' title="bbox 2280 2737 3883 2813">
     <span class='ocr_line' id='line_1_56' title="bbox 2280 2737 3883 2813; baseline -0.002 -17"><span class='ocrx_word' id='word_1_408' title='bbox 2280 2742 2508 2806; x_wconf 78' lang='grc' dir='ltr'>δίκαιος,</span> <span class='ocrx_word' id='word_1_409' title='bbox 2569 2741 2834 2809; x_wconf 79' lang='grc' dir='ltr'>θεοσεϐὴς,</span> <span class='ocrx_word' id='word_1_410' title='bbox 2887 2740 3126 2804; x_wconf 82' lang='grc' dir='ltr'>ἀληθινός</span> <span class='ocrx_word' id='word_1_411' title='bbox 3185 2745 3286 2813; x_wconf 83' lang='grc'>(9).</span> <span class='ocrx_word' id='word_1_412' title='bbox 3328 2745 3394 2794; x_wconf 85' lang='grc' dir='ltr'><strong>Σὺ</strong></span> <span class='ocrx_word' id='word_1_413' title='bbox 3439 2738 3499 2795; x_wconf 67' lang='grc' dir='ltr'>δε</span> <span class='ocrx_word' id='word_1_414' title='bbox 3554 2737 3717 2813; x_wconf 77' lang='grc' dir='ltr'>ᾠδαῖς</span> <span class='ocrx_word' id='word_1_415' title='bbox 3761 2760 3883 2793; x_wconf 88' lang='grc' dir='ltr'>τισι</span> 
     </span>
    </p>
   </div>
   <div class='ocr_carea' id='block_1_57' title="bbox 508 2826 2122 2908">
    <p class='ocr_par' dir='ltr' id='par_1_57' title="bbox 508 2826 2122 2902">
     <span class='ocr_line' id='line_1_57' title="bbox 508 2826 2122 2902; baseline -0.004 -15"><span class='ocrx_word' id='word_1_416' title='bbox 508 2832 763 2887; x_wconf 85' lang='lat' dir='ltr'>modum</span> <span class='ocrx_word' id='word_1_417' title='bbox 794 2830 1122 2902; x_wconf 87' lang='lat' dir='ltr'>peculiaria</span> <span class='ocrx_word' id='word_1_418' title='bbox 1152 2833 1293 2882; x_wconf 87' lang='lat' dir='ltr'>sunt</span> <span class='ocrx_word' id='word_1_419' title='bbox 1319 2827 1605 2896; x_wconf 77' lang='lat' dir='ltr'>tragoedis</span> <span class='ocrx_word' id='word_1_420' title='bbox 1628 2826 1789 2882; x_wconf 89' lang='lat' dir='ltr'>ﬁctio</span> <span class='ocrx_word' id='word_1_421' title='bbox 1813 2833 1870 2883; x_wconf 89' lang='lat' dir='ltr'>et</span> <span class='ocrx_word' id='word_1_422' title='bbox 1906 2842 2122 2899; x_wconf 69' lang='lat' dir='ltr'>appara</span> 
     </span>
    </p>
   </div>
   <div class='ocr_carea' id='block_1_58' title="bbox 2273 2826 3887 2908">
    <p class='ocr_par' dir='ltr' id='par_1_58' title="bbox 2278 2830 3887 2908">
     <span class='ocr_line' id='line_1_58' title="bbox 2278 2830 3887 2908; baseline -0.002 -22"><span class='ocrx_word' id='word_1_423' title='bbox 2278 2838 2407 2908; x_wconf 85' lang='grc' dir='ltr'>πρὸς</span> <span class='ocrx_word' id='word_1_424' title='bbox 2436 2837 2495 2886; x_wconf 89' lang='grc' dir='ltr'>τό</span> <span class='ocrx_word' id='word_1_425' title='bbox 2520 2837 2745 2905; x_wconf 66' lang='grc' dir='ltr'>κατηφὲς</span> <span class='ocrx_word' id='word_1_426' title='bbox 2772 2836 3144 2904; x_wconf 83' lang='grc' dir='ltr'>πεποιημέναις</span> <span class='ocrx_word' id='word_1_427' title='bbox 3168 2834 3539 2905; x_wconf 86' lang='grc' dir='ltr'>παραθρηνείς,</span> <span class='ocrx_word' id='word_1_428' title='bbox 3570 2835 3660 2882; x_wconf 85' lang='grc' dir='ltr'>καὶ</span> <span class='ocrx_word' id='word_1_429' title='bbox 3696 2830 3887 2903; x_wconf 84' lang='grc' dir='ltr'>μέλεσι</span> 
     </span>
    </p>
   </div>
   <div class='ocr_carea' id='block_1_59' title="bbox 508 2916 2122 2999">
    <p class='ocr_par' dir='ltr' id='par_1_59' title="bbox 508 2917 2122 2994">
     <span class='ocr_line' id='line_1_59' title="bbox 508 2917 2122 2994; baseline -0.003 -18"><span class='ocrx_word' id='word_1_430' title='bbox 508 2926 900 2994; x_wconf 89' lang='lat' dir='ltr'>tus,quocum</span> <span class='ocrx_word' id='word_1_431' title='bbox 921 2918 1152 2974; x_wconf 90' lang='lat' dir='ltr'>theatra</span> <span class='ocrx_word' id='word_1_432' title='bbox 1172 2922 1618 2984; x_wconf 88' lang='lat' dir='ltr'>conscendunt;</span> <span class='ocrx_word' id='word_1_433' title='bbox 1641 2917 1726 2973; x_wconf 89' lang='lat' dir='ltr'>ita</span> <span class='ocrx_word' id='word_1_434' title='bbox 1740 2918 2047 2972; x_wconf 83' lang='lat' dir='ltr'>existimas</span> <span class='ocrx_word' id='word_1_435' title='bbox 2068 2917 2122 2971; x_wconf 73' lang='lat' dir='ltr'>ha</span> 
     </span>
    </p>
   </div>
   <div class='ocr_carea' id='block_1_60' title="bbox 2270 2916 3884 2999">
    <p class='ocr_par' dir='ltr' id='par_1_60' title="bbox 2280 2916 3884 2999">
     <span class='ocr_line' id='line_1_60' title="bbox 2280 2916 3884 2999; baseline -0.002 -23"><span class='ocrx_word' id='word_1_436' title='bbox 2280 2930 2479 2999; x_wconf 74' lang='grc' dir='ltr'>γοεροῖς</span> <span class='ocrx_word' id='word_1_437' title='bbox 2546 2922 2779 2981; x_wconf 76' lang='grc' dir='ltr'>ἐκτηκειν</span> <span class='ocrx_word' id='word_1_438' title='bbox 2842 2929 3063 2973; x_wconf 76' lang='grc' dir='ltr'>σεαυτοῦ</span> <span class='ocrx_word' id='word_1_439' title='bbox 3112 2926 3201 2979; x_wconf 78' lang='grc' dir='ltr'>τὴν</span> <span class='ocrx_word' id='word_1_440' title='bbox 3266 2920 3453 2993; x_wconf 74' lang='grc' dir='ltr'>ψυχὴν</span> <span class='ocrx_word' id='word_1_441' title='bbox 3531 2916 3884 2981; x_wconf 68' lang='grc' dir='ltr'>έπιτηδεύειςε</span> 
     </span>
    </p>
   </div>
   <div class='ocr_carea' id='block_1_61' title="bbox 507 3005 2121 3086">
    <p class='ocr_par' dir='ltr' id='par_1_61' title="bbox 507 3005 2121 3077">
     <span class='ocr_line' id='line_1_61' title="bbox 507 3005 2121 3077; baseline -0.004 -11"><span class='ocrx_word' id='word_1_442' title='bbox 507 3008 705 3066; x_wconf 87' lang='lat' dir='ltr'>bitum</span> <span class='ocrx_word' id='word_1_443' title='bbox 726 3010 909 3064; x_wconf 90' lang='lat' dir='ltr'>etiam</span> <span class='ocrx_word' id='word_1_444' title='bbox 931 3007 1255 3063; x_wconf 86' lang='lat' dir='ltr'>convenire</span> <span class='ocrx_word' id='word_1_445' title='bbox 1275 3005 1527 3075; x_wconf 89' lang='lat' dir='ltr'>lugenti,</span> <span class='ocrx_word' id='word_1_446' title='bbox 1555 3011 1781 3061; x_wconf 85' lang='lat' dir='ltr'>vestem</span> <span class='ocrx_word' id='word_1_447' title='bbox 1821 3012 2035 3077; x_wconf 84' lang='lat' dir='ltr'>atram,</span> <span class='ocrx_word' id='word_1_448' title='bbox 2067 3020 2121 3060; x_wconf 80' lang='lat' dir='ltr'>cc</span> 
     </span>
    </p>
   </div>
   <div class='ocr_carea' id='block_1_62' title="bbox 2280 3005 3894 3086">
    <p class='ocr_par' dir='ltr' id='par_1_62' title="bbox 2286 3007 3894 3086">
     <span class='ocr_line' id='line_1_62' title="bbox 2286 3007 3894 3086; baseline -0.001 -22"><span class='ocrx_word' id='word_1_449' title='bbox 2286 3018 2375 3065; x_wconf 85' lang='grc' dir='ltr'>καὶ</span> <span class='ocrx_word' id='word_1_450' title='bbox 2421 3015 2595 3085; x_wconf 82' lang='grc' dir='ltr'>ὥσπερ</span> <span class='ocrx_word' id='word_1_451' title='bbox 2644 3019 2742 3064; x_wconf 85' lang='grc' dir='ltr'>τῶν</span> <span class='ocrx_word' id='word_1_452' title='bbox 2796 3007 3083 3086; x_wconf 71' lang='grc' dir='ltr'>τραγῳδῶν</span> <span class='ocrx_word' id='word_1_453' title='bbox 3122 3007 3261 3063; x_wconf 81' lang='grc' dir='ltr'>ἴδιόν</span> <span class='ocrx_word' id='word_1_454' title='bbox 3310 3009 3425 3063; x_wconf 81' lang='grc' dir='ltr'>ἐστι</span> <span class='ocrx_word' id='word_1_455' title='bbox 3476 3012 3534 3062; x_wconf 87' lang='grc' dir='ltr'>τὸ</span> <span class='ocrx_word' id='word_1_456' title='bbox 3564 3007 3894 3081; x_wconf 80' lang='grc' dir='ltr'>ἀνάπλασμα</span> 
     </span>
    </p>
   </div>
   <div class='ocr_carea' id='block_1_63' title="bbox 508 3095 2122 3176">
    <p class='ocr_par' dir='ltr' id='par_1_63' title="bbox 508 3095 2122 3172">
     <span class='ocr_line' id='line_1_63' title="bbox 508 3095 2122 3172; baseline -0.003 -16"><span class='ocrx_word' id='word_1_457' title='bbox 508 3114 676 3156; x_wconf 88' lang='lat' dir='ltr'>mam</span> <span class='ocrx_word' id='word_1_458' title='bbox 697 3098 1067 3172; x_wconf 86' lang='lat' dir='ltr'>squalidam,</span> <span class='ocrx_word' id='word_1_459' title='bbox 1091 3096 1370 3152; x_wconf 89' lang='lat' dir='ltr'>tenebras</span> <span class='ocrx_word' id='word_1_460' title='bbox 1399 3096 1462 3151; x_wconf 89' lang='lat' dir='ltr'>in</span> <span class='ocrx_word' id='word_1_461' title='bbox 1483 3095 1690 3165; x_wconf 91' lang='lat' dir='ltr'>domo,</span> <span class='ocrx_word' id='word_1_462' title='bbox 1715 3096 1948 3163; x_wconf 88' lang='lat' dir='ltr'>sordes,</span> <span class='ocrx_word' id='word_1_463' title='bbox 1972 3095 2122 3168; x_wconf 52' lang='lat' dir='ltr'>pulvi</span> 
     </span>
    </p>
   </div>
   <div class='ocr_carea' id='block_1_64' title="bbox 2370 3095 3984 3176">
    <p class='ocr_par' dir='ltr' id='par_1_64' title="bbox 2370 3097 3984 3173">
     <span class='ocr_line' id='line_1_64' title="bbox 2370 3097 3984 3173; baseline -0.005 -20"><span class='ocrx_word' id='word_1_464' title='bbox 2370 3145 2373 3153; x_wconf 48' lang='grc' dir='ltr'><em>ν</em></span> <span class='ocrx_word' id='word_1_465' title='bbox 2402 3104 2432 3160; x_wconf 82' lang='grc' dir='ltr'>ἡ</span> <span class='ocrx_word' id='word_1_466' title='bbox 2467 3105 2625 3159; x_wconf 74' lang='grc' dir='ltr'>σκευὴ</span> <span class='ocrx_word' id='word_1_467' title='bbox 2657 3102 2765 3173; x_wconf 87' lang='grc'>(10)</span> <span class='ocrx_word' id='word_1_468' title='bbox 2795 3100 2906 3173; x_wconf 82' lang='grc' dir='ltr'>μεθ’</span> <span class='ocrx_word' id='word_1_469' title='bbox 2934 3100 2996 3161; x_wconf 75' lang='grc' dir='ltr'>ἧς</span> <span class='ocrx_word' id='word_1_470' title='bbox 3039 3101 3104 3151; x_wconf 80' lang='grc' dir='ltr'>τὰ</span> <span class='ocrx_word' id='word_1_471' title='bbox 3145 3101 3334 3173; x_wconf 86' lang='grc' dir='ltr'>θέατρα</span> <span class='ocrx_word' id='word_1_472' title='bbox 3372 3097 3890 3171; x_wconf 78' lang='grc' dir='ltr'>καταλαμϐάνουσιν·</span> <span class='ocrx_word' id='word_1_473' title='bbox 3980 3139 3984 3143; x_wconf 85' lang='grc'>.</span> 
     </span>
    </p>
   </div>
   <div class='ocr_carea' id='block_1_65' title="bbox 507 3183 2121 3264">
    <p class='ocr_par' dir='ltr' id='par_1_65' title="bbox 507 3185 2121 3261">
     <span class='ocr_line' id='line_1_65' title="bbox 507 3185 2121 3261; baseline -0.003 -16"><span class='ocrx_word' id='word_1_474' title='bbox 507 3204 661 3257; x_wconf 87' lang='lat' dir='ltr'>rem,</span> <span class='ocrx_word' id='word_1_475' title='bbox 682 3188 944 3261; x_wconf 89' lang='lat' dir='ltr'>denique</span> <span class='ocrx_word' id='word_1_476' title='bbox 970 3185 1294 3257; x_wconf 89' lang='lat' dir='ltr'>lugubrem</span> <span class='ocrx_word' id='word_1_477' title='bbox 1316 3190 1583 3252; x_wconf 91' lang='lat' dir='ltr'>cantum,</span> <span class='ocrx_word' id='word_1_478' title='bbox 1611 3200 1735 3257; x_wconf 92' lang='lat' dir='ltr'>quo</span> <span class='ocrx_word' id='word_1_479' title='bbox 1757 3188 2030 3241; x_wconf 72' lang='lat' dir='ltr'>maeroris</span> <span class='ocrx_word' id='word_1_480' title='bbox 2048 3202 2121 3241; x_wconf 83' lang='lat' dir='ltr'>vu</span> 
     </span>
    </p>
   </div>
   <div class='ocr_carea' id='block_1_66' title="bbox 2277 3183 3891 3264">
    <p class='ocr_par' dir='ltr' id='par_1_66' title="bbox 2282 3183 3891 3264">
     <span class='ocr_line' id='line_1_66' title="bbox 2282 3183 3891 3264; baseline -0.005 -19"><span class='ocrx_word' id='word_1_481' title='bbox 2282 3194 2445 3255; x_wconf 74' lang='grc' dir='ltr'>οὓτως</span> <span class='ocrx_word' id='word_1_482' title='bbox 2493 3195 2589 3244; x_wconf 83' lang='grc' dir='ltr'>οἴει</span> <span class='ocrx_word' id='word_1_483' title='bbox 2630 3195 2913 3264; x_wconf 79' lang='grc' dir='ltr'>προσήκειν</span> <span class='ocrx_word' id='word_1_484' title='bbox 2943 3193 3029 3241; x_wconf 84' lang='grc' dir='ltr'>καὶ</span> <span class='ocrx_word' id='word_1_485' title='bbox 3074 3197 3148 3241; x_wconf 88' lang='grc' dir='ltr'>τῶ</span> <span class='ocrx_word' id='word_1_486' title='bbox 3194 3191 3465 3241; x_wconf 80' lang='grc' dir='ltr'>πενθοῦντι</span> <span class='ocrx_word' id='word_1_487' title='bbox 3510 3190 3702 3261; x_wconf 76' lang='grc' dir='ltr'>πρέπον</span> <span class='ocrx_word' id='word_1_488' title='bbox 3749 3183 3891 3238; x_wconf 84' lang='grc' dir='ltr'>εἶναι</span> 
     </span>
    </p>
   </div>
   <div class='ocr_carea' id='block_1_67' title="bbox 508 3275 2122 3356">
    <p class='ocr_par' dir='ltr' id='par_1_67' title="bbox 508 3275 2122 3352">
     <span class='ocr_line' id='line_1_67' title="bbox 508 3275 2122 3352; baseline -0.004 -16"><span class='ocrx_word' id='word_1_489' title='bbox 508 3295 625 3337; x_wconf 87' lang='lat' dir='ltr'>nus</span> <span class='ocrx_word' id='word_1_490' title='bbox 655 3294 895 3352; x_wconf 89' lang='lat' dir='ltr'>semper</span> <span class='ocrx_word' id='word_1_491' title='bbox 932 3293 1143 3333; x_wconf 90' lang='lat' dir='ltr'>recens</span> <span class='ocrx_word' id='word_1_492' title='bbox 1179 3275 1244 3331; x_wconf 92' lang='lat' dir='ltr'>in</span> <span class='ocrx_word' id='word_1_493' title='bbox 1280 3275 1485 3331; x_wconf 90' lang='lat' dir='ltr'>animo</span> <span class='ocrx_word' id='word_1_494' title='bbox 1519 3280 1810 3330; x_wconf 80' lang='lat' dir='ltr'>servetur.</span> <span class='ocrx_word' id='word_1_495' title='bbox 1840 3275 2014 3331; x_wconf 90' lang='lat' dir='ltr'>Sinas</span> <span class='ocrx_word' id='word_1_496' title='bbox 2042 3275 2122 3330; x_wconf 77' lang='lat' dir='ltr'>ha</span> 
     </span>
    </p>
   </div>
   <div class='ocr_carea' id='block_1_68' title="bbox 2277 3275 3891 3356">
    <p class='ocr_par' dir='ltr' id='par_1_68' title="bbox 2285 3279 3891 3356">
     <span class='ocr_line' id='line_1_68' title="bbox 2285 3279 3891 3356; baseline -0.003 -22"><span class='ocrx_word' id='word_1_497' title='bbox 2285 3291 2496 3356; x_wconf 78' lang='grc' dir='ltr'>σχῆμα,</span> <span class='ocrx_word' id='word_1_498' title='bbox 2554 3279 2711 3355; x_wconf 81' lang='grc' dir='ltr'>μέλαν</span> <span class='ocrx_word' id='word_1_499' title='bbox 2770 3282 2994 3353; x_wconf 82' lang='grc' dir='ltr'>ἱμάτιον,</span> <span class='ocrx_word' id='word_1_500' title='bbox 3053 3284 3139 3331; x_wconf 83' lang='grc' dir='ltr'>καὶ</span> <span class='ocrx_word' id='word_1_501' title='bbox 3194 3279 3479 3354; x_wconf 73' lang='grc' dir='ltr'>αὐχμηρὰν</span> <span class='ocrx_word' id='word_1_502' title='bbox 3535 3282 3719 3351; x_wconf 84' lang='grc' dir='ltr'>κόμην,</span> <span class='ocrx_word' id='word_1_503' title='bbox 3790 3281 3891 3329; x_wconf 86' lang='grc' dir='ltr'>καὶ</span> 
     </span>
    </p>
   </div>
   <div class='ocr_carea' id='block_1_69' title="bbox 508 3363 2122 3443">
    <p class='ocr_par' dir='ltr' id='par_1_69' title="bbox 508 3364 2122 3441">
     <span class='ocr_line' id='line_1_69' title="bbox 508 3364 2122 3441; baseline -0.005 -15"><span class='ocrx_word' id='word_1_504' title='bbox 508 3369 733 3426; x_wconf 82' lang='lat' dir='ltr'>faciant</span> <span class='ocrx_word' id='word_1_505' title='bbox 761 3369 865 3441; x_wconf 91' lang='lat' dir='ltr'>qui</span> <span class='ocrx_word' id='word_1_506' title='bbox 887 3382 1057 3439; x_wconf 89' lang='lat' dir='ltr'>spem</span> <span class='ocrx_word' id='word_1_507' title='bbox 1089 3381 1210 3421; x_wconf 93' lang='lat' dir='ltr'>non</span> <span class='ocrx_word' id='word_1_508' title='bbox 1238 3364 1467 3420; x_wconf 90' lang='lat' dir='ltr'>habent</span> <span class='ocrx_word' id='word_1_509' title='bbox 1487 3365 1556 3416; x_wconf 70' lang='grc' dir='ltr'>δι.</span> <span class='ocrx_word' id='word_1_510' title='bbox 1580 3366 1663 3420; x_wconf 88' lang='lat' dir='ltr'>Tu</span> <span class='ocrx_word' id='word_1_511' title='bbox 1684 3380 1822 3433; x_wconf 89' lang='lat' dir='ltr'>vero</span> <span class='ocrx_word' id='word_1_512' title='bbox 1854 3364 1928 3419; x_wconf 93' lang='lat' dir='ltr'>de</span> <span class='ocrx_word' id='word_1_513' title='bbox 1959 3364 2032 3419; x_wconf 92' lang='lat' dir='ltr'>iis</span> <span class='ocrx_word' id='word_1_514' title='bbox 2062 3380 2122 3436; x_wconf 77' lang='lat' dir='ltr'>qi</span> 
     </span>
    </p>
   </div>
   <div class='ocr_carea' id='block_1_70' title="bbox 2273 3363 3887 3443">
    <p class='ocr_par' dir='ltr' id='par_1_70' title="bbox 2284 3365 3887 3443">
     <span class='ocr_line' id='line_1_70' title="bbox 2284 3365 3887 3443; baseline -0.006 -16"><span class='ocrx_word' id='word_1_515' title='bbox 2284 3379 2468 3435; x_wconf 87' lang='grc' dir='ltr'>σκότος</span> <span class='ocrx_word' id='word_1_516' title='bbox 2518 3372 2568 3425; x_wconf 74' lang='grc' dir='ltr'>ἐν</span> <span class='ocrx_word' id='word_1_517' title='bbox 2620 3370 2780 3442; x_wconf 80' lang='grc' dir='ltr'>οἰκίᾳ,</span> <span class='ocrx_word' id='word_1_518' title='bbox 2838 3373 2929 3421; x_wconf 79' lang='grc' dir='ltr'>καὶ</span> <span class='ocrx_word' id='word_1_519' title='bbox 2988 3370 3171 3443; x_wconf 79' lang='grc' dir='ltr'>ῥύπον,</span> <span class='ocrx_word' id='word_1_520' title='bbox 3236 3373 3327 3420; x_wconf 84' lang='grc' dir='ltr'>καὶ</span> <span class='ocrx_word' id='word_1_521' title='bbox 3375 3374 3534 3437; x_wconf 90' lang='grc' dir='ltr'>κόνιν,</span> <span class='ocrx_word' id='word_1_522' title='bbox 3583 3372 3672 3419; x_wconf 84' lang='grc' dir='ltr'>καὶ</span> <span class='ocrx_word' id='word_1_523' title='bbox 3725 3365 3887 3439; x_wconf 79' lang='grc' dir='ltr'>μέλος</span> 
     </span>
    </p>
   </div>
   <div class='ocr_carea' id='block_1_71' title="bbox 506 3454 2120 3534">
    <p class='ocr_par' dir='ltr' id='par_1_71' title="bbox 506 3454 2120 3523">
     <span class='ocr_line' id='line_1_71' title="bbox 506 3454 2120 3523; baseline -0.004 -7"><span class='ocrx_word' id='word_1_524' title='bbox 506 3460 571 3516; x_wconf 88' lang='lat' dir='ltr'>in</span> <span class='ocrx_word' id='word_1_525' title='bbox 594 3459 825 3517; x_wconf 84' lang='lat' dir='ltr'>Christo</span> <span class='ocrx_word' id='word_1_526' title='bbox 846 3456 1310 3515; x_wconf 87' lang='lat' dir='ltr'>obdormierunt</span> <span class='ocrx_word' id='word_1_527' title='bbox 1325 3456 1393 3523; x_wconf 79' lang='grc'>⁵³,</span> <span class='ocrx_word' id='word_1_528' title='bbox 1418 3454 1667 3510; x_wconf 86' lang='lat' dir='ltr'>edoctus</span> <span class='ocrx_word' id='word_1_529' title='bbox 1689 3470 1753 3510; x_wconf 92' lang='lat' dir='ltr'>es</span> <span class='ocrx_word' id='word_1_530' title='bbox 1780 3472 1793 3509; x_wconf 90' lang='lat'><strong>:</strong></span> <span class='ocrx_word' id='word_1_531' title='bbox 1818 3455 2120 3511; x_wconf 68' lang='lat' dir='ltr'>Seminata</span> 
     </span>
    </p>
   </div>
   <div class='ocr_carea' id='block_1_72' title="bbox 2264 3454 3878 3534">
    <p class='ocr_par' dir='ltr' id='par_1_72' title="bbox 2283 3455 3878 3534">
     <span class='ocr_line' id='line_1_72' title="bbox 2283 3455 3878 3534; baseline -0.006 -18"><span class='ocrx_word' id='word_1_532' title='bbox 2283 3466 2523 3534; x_wconf 74' lang='grc' dir='ltr'>στυγνὸν,</span> <span class='ocrx_word' id='word_1_533' title='bbox 2555 3461 2636 3513; x_wconf 85' lang='grc' dir='ltr'>ἀεὶ</span> <span class='ocrx_word' id='word_1_534' title='bbox 2686 3461 2863 3534; x_wconf 85' lang='grc' dir='ltr'>νεαρόν</span> <span class='ocrx_word' id='word_1_535' title='bbox 2910 3466 3005 3519; x_wconf 78' lang='grc' dir='ltr'>τῆς</span> <span class='ocrx_word' id='word_1_536' title='bbox 3051 3457 3217 3520; x_wconf 65' lang='grc' dir='ltr'>λύπης</span> <span class='ocrx_word' id='word_1_537' title='bbox 3264 3461 3323 3511; x_wconf 90' lang='grc' dir='ltr'>τὸ</span> <span class='ocrx_word' id='word_1_538' title='bbox 3367 3465 3576 3530; x_wconf 89' lang='grc' dir='ltr'>τραῦμα</span> <span class='ocrx_word' id='word_1_539' title='bbox 3621 3465 3682 3529; x_wconf 77' lang='grc' dir='ltr'>τῇ</span> <span class='ocrx_word' id='word_1_540' title='bbox 3716 3455 3878 3528; x_wconf 73' lang='grc' dir='ltr'>ψυχῇ</span> 
     </span>
    </p>
   </div>
   <div class='ocr_carea' id='block_1_73' title="bbox 508 3546 2122 3621">
    <p class='ocr_par' dir='ltr' id='par_1_73' title="bbox 508 3546 2122 3619">
     <span class='ocr_line' id='line_1_73' title="bbox 508 3546 2122 3619; baseline -0.004 -13"><span class='ocrx_word' id='word_1_541' title='bbox 508 3551 572 3606; x_wconf 82' lang='lat' dir='ltr'>in</span> <span class='ocrx_word' id='word_1_542' title='bbox 595 3553 1001 3619; x_wconf 83' lang='lat' dir='ltr'>corruptione,</span> <span class='ocrx_word' id='word_1_543' title='bbox 1020 3552 1225 3618; x_wconf 79' lang='lat' dir='ltr'>surget</span> <span class='ocrx_word' id='word_1_544' title='bbox 1248 3548 1311 3602; x_wconf 90' lang='lat' dir='ltr'>in</span> <span class='ocrx_word' id='word_1_545' title='bbox 1332 3546 1786 3614; x_wconf 85' lang='lat' dir='ltr'>incorruptione</span> <span class='ocrx_word' id='word_1_546' title='bbox 1806 3564 1818 3601; x_wconf 89' lang='lat'>:</span> <span class='ocrx_word' id='word_1_547' title='bbox 1836 3546 2122 3602; x_wconf 76' lang='lat' dir='ltr'>seminata</span> 
     </span>
    </p>
   </div>
   <div class='ocr_carea' id='block_1_74' title="bbox 2274 3546 3888 3621">
    <p class='ocr_par' dir='ltr' id='par_1_74' title="bbox 2282 3547 3888 3621">
     <span class='ocr_line' id='line_1_74' title="bbox 2282 3547 3888 3621; baseline -0.005 -16"><span class='ocrx_word' id='word_1_548' title='bbox 2282 3548 2546 3612; x_wconf 77' lang='grc' dir='ltr'>διασῶζον</span> <span class='ocrx_word' id='word_1_549' title='bbox 2577 3550 2714 3621; x_wconf 84' lang='grc'>(11).</span> <span class='ocrx_word' id='word_1_550' title='bbox 2766 3547 3028 3601; x_wconf 77' lang='grc' dir='ltr'>Κατάλιπε</span> <span class='ocrx_word' id='word_1_551' title='bbox 3070 3555 3237 3599; x_wconf 83' lang='grc' dir='ltr'>ταῦτα</span> <span class='ocrx_word' id='word_1_552' title='bbox 3273 3554 3439 3599; x_wconf 87' lang='grc' dir='ltr'>ποιεῖν</span> <span class='ocrx_word' id='word_1_553' title='bbox 3485 3553 3593 3608; x_wconf 88' lang='grc' dir='ltr'>τοῖς</span> <span class='ocrx_word' id='word_1_554' title='bbox 3622 3550 3693 3619; x_wconf 81' lang='grc' dir='ltr'>μὴ</span> <span class='ocrx_word' id='word_1_555' title='bbox 3721 3548 3888 3617; x_wconf 80' lang='grc' dir='ltr'>ἔχου-</span> 
     </span>
    </p>
   </div>
   <div class='ocr_carea' id='block_1_75' title="bbox 508 3632 2122 3711">
    <p class='ocr_par' dir='ltr' id='par_1_75' title="bbox 508 3636 2122 3709">
     <span class='ocr_line' id='line_1_75' title="bbox 508 3636 2122 3709; baseline -0.004 -14"><span class='ocrx_word' id='word_1_556' title='bbox 508 3640 571 3696; x_wconf 83' lang='grc' dir='ltr'>ίη</span> <span class='ocrx_word' id='word_1_557' title='bbox 594 3640 965 3709; x_wconf 82' lang='lat' dir='ltr'>inﬁrmitate,</span> <span class='ocrx_word' id='word_1_558' title='bbox 987 3643 1188 3708; x_wconf 89' lang='lat' dir='ltr'>surget</span> <span class='ocrx_word' id='word_1_559' title='bbox 1228 3637 1293 3691; x_wconf 86' lang='lat' dir='ltr'>in</span> <span class='ocrx_word' id='word_1_560' title='bbox 1315 3636 1571 3691; x_wconf 86' lang='lat' dir='ltr'>virtute:</span> <span class='ocrx_word' id='word_1_561' title='bbox 1593 3638 1928 3692; x_wconf 86' lang='lat' dir='ltr'>seminatur</span> <span class='ocrx_word' id='word_1_562' title='bbox 1948 3650 2122 3705; x_wconf 72' lang='lat' dir='ltr'>carpi</span> 
     </span>
    </p>
   </div>
   <div class='ocr_carea' id='block_1_76' title="bbox 2268 3632 3882 3711">
    <p class='ocr_par' dir='ltr' id='par_1_76' title="bbox 2282 3632 3882 3711">
     <span class='ocr_line' id='line_1_76' title="bbox 2282 3632 3882 3711; baseline -0.005 -16"><span class='ocrx_word' id='word_1_563' title='bbox 2282 3661 2364 3695; x_wconf 87' lang='grc' dir='ltr'>σιν</span> <span class='ocrx_word' id='word_1_564' title='bbox 2412 3636 2623 3695; x_wconf 83' lang='grc' dir='ltr'>ἐλπίδα.</span> <span class='ocrx_word' id='word_1_565' title='bbox 2687 3641 2753 3691; x_wconf 79' lang='grc' dir='ltr'>Σὺ</span> <span class='ocrx_word' id='word_1_566' title='bbox 2803 3632 2862 3689; x_wconf 72' lang='grc' dir='ltr'>δε</span> <span class='ocrx_word' id='word_1_567' title='bbox 2911 3632 3208 3708; x_wconf 76' lang='grc' dir='ltr'>ἕκιδάχθης</span> <span class='ocrx_word' id='word_1_568' title='bbox 3255 3641 3373 3711; x_wconf 87' lang='grc' dir='ltr'>περὶ</span> <span class='ocrx_word' id='word_1_569' title='bbox 3423 3644 3521 3688; x_wconf 84' lang='grc' dir='ltr'>τῶν</span> <span class='ocrx_word' id='word_1_570' title='bbox 3571 3632 3620 3686; x_wconf 76' lang='grc' dir='ltr'>ἐν</span> <span class='ocrx_word' id='word_1_571' title='bbox 3660 3642 3882 3709; x_wconf 77' lang='grc' dir='ltr'>Χριστῶ</span> 
     </span>
    </p>
   </div>
   <div class='ocr_carea' id='block_1_77' title="bbox 509 3723 2123 3804">
    <p class='ocr_par' dir='ltr' id='par_1_77' title="bbox 509 3723 2123 3799">
     <span class='ocr_line' id='line_1_77' title="bbox 509 3723 2123 3799; baseline -0.004 -13"><span class='ocrx_word' id='word_1_572' title='bbox 509 3729 797 3797; x_wconf 84' lang='lat' dir='ltr'>animate,</span> <span class='ocrx_word' id='word_1_573' title='bbox 812 3733 1016 3799; x_wconf 85' lang='lat' dir='ltr'>surget</span> <span class='ocrx_word' id='word_1_574' title='bbox 1033 3739 1249 3795; x_wconf 83' lang='lat' dir='ltr'>corpus</span> <span class='ocrx_word' id='word_1_575' title='bbox 1268 3723 1781 3795; x_wconf 72' lang='lat' dir='ltr'>spiritale“.0uid</span> <span class='ocrx_word' id='word_1_576' title='bbox 1800 3725 1980 3794; x_wconf 89' lang='lat' dir='ltr'>igitur</span> <span class='ocrx_word' id='word_1_577' title='bbox 1998 3724 2123 3796; x_wconf 69' lang='lat' dir='ltr'>luge</span> 
     </span>
    </p>
   </div>
   <div class='ocr_carea' id='block_1_78' title="bbox 2268 3723 3882 3804">
    <p class='ocr_par' dir='ltr' id='par_1_78' title="bbox 2278 3723 3882 3804">
     <span class='ocr_line' id='line_1_78' title="bbox 2278 3723 3882 3804; baseline -0.005 -20"><span class='ocrx_word' id='word_1_578' title='bbox 2278 3733 2646 3804; x_wconf 76' lang='grc' dir='ltr'>κοιμηθέντων,</span> <span class='ocrx_word' id='word_1_579' title='bbox 2698 3730 2778 3779; x_wconf 87' lang='grc' dir='ltr'>ὄτι</span> <span class='ocrx_word' id='word_1_580' title='bbox 2836 3730 3105 3800; x_wconf 85' lang='grc' dir='ltr'>Σπείρεται</span> <span class='ocrx_word' id='word_1_581' title='bbox 3156 3724 3205 3776; x_wconf 71' lang='grc' dir='ltr'>ἐν</span> <span class='ocrx_word' id='word_1_582' title='bbox 3271 3727 3456 3800; x_wconf 77' lang='grc' dir='ltr'>φθορᾷ,</span> <span class='ocrx_word' id='word_1_583' title='bbox 3516 3724 3761 3798; x_wconf 77' lang='grc' dir='ltr'>ἐγείρεται</span> <span class='ocrx_word' id='word_1_584' title='bbox 3824 3723 3882 3776; x_wconf 72' lang='grc' dir='ltr'>ἐν</span> 
     </span>
    </p>
   </div>
   <div class='ocr_carea' id='block_1_79' title="bbox 507 3809 2121 3895">
    <p class='ocr_par' dir='ltr' id='par_1_79' title="bbox 507 3814 2121 3887">
     <span class='ocr_line' id='line_1_79' title="bbox 507 3814 2121 3887; baseline -0.004 -11"><span class='ocrx_word' id='word_1_585' title='bbox 507 3817 923 3885; x_wconf 89' lang='lat' dir='ltr'>hominem,ad</span> <span class='ocrx_word' id='word_1_586' title='bbox 937 3815 1300 3872; x_wconf 91' lang='lat' dir='ltr'>mutandum</span> <span class='ocrx_word' id='word_1_587' title='bbox 1313 3814 1589 3870; x_wconf 88' lang='lat' dir='ltr'>habitum</span> <span class='ocrx_word' id='word_1_588' title='bbox 1604 3814 2121 3887; x_wconf 80' lang='lat' dir='ltr'>adeuntem?Nequ</span> 
     </span>
    </p>
   </div>
   <div class='ocr_carea' id='block_1_80' title="bbox 2269 3809 3883 3895">
    <p class='ocr_par' dir='ltr' id='par_1_80' title="bbox 2279 3809 3883 3895">
     <span class='ocr_line' id='line_1_80' title="bbox 2279 3809 3883 3895; baseline -0.005 -22"><span class='ocrx_word' id='word_1_589' title='bbox 2279 3819 2566 3895; x_wconf 75' lang='grc' dir='ltr'>ἀφθαρσίᾳ·</span> <span class='ocrx_word' id='word_1_590' title='bbox 2626 3822 2888 3889; x_wconf 86' lang='grc' dir='ltr'>σπείρεται</span> <span class='ocrx_word' id='word_1_591' title='bbox 2942 3812 2990 3866; x_wconf 83' lang='grc' dir='ltr'>ἐν</span> <span class='ocrx_word' id='word_1_592' title='bbox 3043 3815 3319 3887; x_wconf 69' lang='grc' dir='ltr'>ἀσθενείᾳ,</span> <span class='ocrx_word' id='word_1_593' title='bbox 3378 3812 3619 3890; x_wconf 71' lang='grc' dir='ltr'>ἐγείρεται</span> <span class='ocrx_word' id='word_1_594' title='bbox 3674 3812 3722 3865; x_wconf 83' lang='grc' dir='ltr'>ἐν</span> <span class='ocrx_word' id='word_1_595' title='bbox 3782 3809 3883 3865; x_wconf 84' lang='grc' dir='ltr'>δυ-</span> 
     </span>
    </p>
   </div>
   <div class='ocr_carea' id='block_1_81' title="bbox 508 3902 2122 3984">
    <p class='ocr_par' dir='ltr' id='par_1_81' title="bbox 508 3903 2122 3981">
     <span class='ocr_line' id='line_1_81' title="bbox 508 3903 2122 3981; baseline -0.001 -16"><span class='ocrx_word' id='word_1_596' title='bbox 508 3921 567 3972; x_wconf 78' lang='lat' dir='ltr'>te</span> <span class='ocrx_word' id='word_1_597' title='bbox 595 3908 723 3981; x_wconf 88' lang='lat' dir='ltr'>ipse</span> <span class='ocrx_word' id='word_1_598' title='bbox 751 3907 983 3978; x_wconf 88' lang='lat' dir='ltr'>lugeas,</span> <span class='ocrx_word' id='word_1_599' title='bbox 1005 3903 1182 3979; x_wconf 86' lang='lat' dir='ltr'>quasi</span> <span class='ocrx_word' id='word_1_600' title='bbox 1220 3903 1301 3959; x_wconf 88' lang='lat' dir='ltr'>sis</span> <span class='ocrx_word' id='word_1_601' title='bbox 1321 3903 1385 3959; x_wconf 91' lang='lat' dir='ltr'>in</span> <span class='ocrx_word' id='word_1_602' title='bbox 1412 3903 1530 3959; x_wconf 90' lang='lat' dir='ltr'>hac</span> <span class='ocrx_word' id='word_1_603' title='bbox 1561 3903 1682 3959; x_wconf 87' lang='lat' dir='ltr'>vita</span> <span class='ocrx_word' id='word_1_604' title='bbox 1709 3910 1968 3976; x_wconf 84' lang='lat' dir='ltr'>patrono</span> <span class='ocrx_word' id='word_1_605' title='bbox 1994 3905 2122 3965; x_wconf 73' lang='lat' dir='ltr'>orb:</span> 
     </span>
    </p>
   </div>
   <div class='ocr_carea' id='block_1_82' title="bbox 2271 3902 3885 3984">
    <p class='ocr_par' dir='ltr' id='par_1_82' title="bbox 2279 3902 3885 3984">
     <span class='ocr_line' id='line_1_82' title="bbox 2279 3902 3885 3984; baseline -0.004 -23"><span class='ocrx_word' id='word_1_606' title='bbox 2279 3912 2427 3984; x_wconf 85' lang='grc' dir='ltr'>νάμει</span> <span class='ocrx_word' id='word_1_607' title='bbox 2494 3909 2627 3981; x_wconf 77' lang='grc'>(12)’</span> <span class='ocrx_word' id='word_1_608' title='bbox 2698 3909 2965 3980; x_wconf 84' lang='grc' dir='ltr'>σπείρεται</span> <span class='ocrx_word' id='word_1_609' title='bbox 3027 3911 3181 3977; x_wconf 83' lang='grc' dir='ltr'>σῶμα</span> <span class='ocrx_word' id='word_1_610' title='bbox 3251 3902 3486 3976; x_wconf 71' lang='grc' dir='ltr'>ψυχικόν</span> <span class='ocrx_word' id='word_1_611' title='bbox 3520 3948 3536 3975; x_wconf 91' lang='grc'>,</span> <span class='ocrx_word' id='word_1_612' title='bbox 3618 3903 3885 3978; x_wconf 68' lang='grc' dir='ltr'>ἐγείρεται</span> 
     </span>
    </p>
   </div>
   <div class='ocr_carea' id='block_1_83' title="bbox 508 4029 2122 4163">
    <p class='ocr_par' dir='ltr' id='par_1_83' title="bbox 508 4029 2070 4163">
     <span class='ocr_line' id='line_1_83' title="bbox 508 4029 2070 4163; baseline 0 -76"><span class='ocrx_word' id='word_1_613' title='bbox 508 4032 859 4163; x_wconf 45' lang='lat'>4223013.],</span> <span class='ocrx_word' id='word_1_614' title='bbox 889 4036 981 4089; x_wconf 81' lang='grc'>21.</span> <span class='ocrx_word' id='word_1_615' title='bbox 1093 4032 1138 4065; x_wconf 79' lang='grc'><strong>⁴⁹</strong></span> <span class='ocrx_word' id='word_1_616' title='bbox 1163 4029 1304 4086; x_wconf 88' lang='lat' dir='ltr'>Job.</span> <span class='ocrx_word' id='word_1_617' title='bbox 1337 4045 1475 4100; x_wconf 83' lang='lat' dir='ltr'>xxx,</span> <span class='ocrx_word' id='word_1_618' title='bbox 1502 4033 1591 4086; x_wconf 82' lang='lat'>25.</span> <span class='ocrx_word' id='word_1_619' title='bbox 1704 4031 1753 4066; x_wconf 78' lang='grc' dir='ltr'>⁵ο</span> <span class='ocrx_word' id='word_1_620' title='bbox 1777 4030 1910 4088; x_wconf 85' lang='lat' dir='ltr'>Job.</span> <span class='ocrx_word' id='word_1_621' title='bbox 1942 4050 1982 4100; x_wconf 88' lang='grc' dir='ltr'>ι,</span> <span class='ocrx_word' id='word_1_622' title='bbox 2020 4038 2070 4089; x_wconf 91' lang='grc'>1.</span> 
     </span>
    </p>
   </div>
   <div class='ocr_carea' id='block_1_84' title="bbox 2270 4029 3884 4163">
    <p class='ocr_par' dir='ltr' id='par_1_84' title="bbox 2270 4030 3884 4103">
     <span class='ocr_line' id='line_1_84' title="bbox 2270 4030 3884 4103; baseline -0.002 -12"><span class='ocrx_word' id='word_1_623' title='bbox 2270 4036 2511 4093; x_wconf 83' lang='lat' dir='ltr'>[Thess.</span> <span class='ocrx_word' id='word_1_624' title='bbox 2545 4048 2622 4103; x_wconf 80' lang='lat' dir='ltr'>IV,</span> <span class='ocrx_word' id='word_1_625' title='bbox 2649 4036 2736 4088; x_wconf 78' lang='lat' dir='ltr'>t2.</span> <span class='ocrx_word' id='word_1_626' title='bbox 2847 4031 2895 4066; x_wconf 73' lang='grc'>³³</span> <span class='ocrx_word' id='word_1_627' title='bbox 2927 4035 3116 4102; x_wconf 84' lang='lat' dir='ltr'>Apoc.</span> <span class='ocrx_word' id='word_1_628' title='bbox 3146 4045 3261 4102; x_wconf 70' lang='lat' dir='ltr'>xxv,</span> <span class='ocrx_word' id='word_1_629' title='bbox 3295 4033 3384 4086; x_wconf 87' lang='grc'>13.</span> <span class='ocrx_word' id='word_1_630' title='bbox 3495 4031 3544 4067; x_wconf 78' lang='grc'>⁸³</span> <span class='ocrx_word' id='word_1_631' title='bbox 3576 4030 3751 4088; x_wconf 87' lang='lat' dir='ltr'>lCor.</span> <span class='ocrx_word' id='word_1_632' title='bbox 3774 4047 3884 4098; x_wconf 81' lang='lat' dir='ltr'>xv,</span> 
     </span>
    </p>
   </div>
   <div class='ocr_carea' id='block_1_85' title="bbox 504 4223 3883 4305">
    <p class='ocr_par' dir='ltr' id='par_1_85' title="bbox 504 4223 3883 4305">
     <span class='ocr_line' id='line_1_85' title="bbox 504 4223 3883 4305; baseline -0.001 -19"><span class='ocrx_word' id='word_1_633' title='bbox 504 4233 574 4305; x_wconf 70' lang='lat' dir='ltr'>Et</span> <span class='ocrx_word' id='word_1_634' title='bbox 592 4244 668 4305; x_wconf 88' lang='lat' dir='ltr'>ne</span> <span class='ocrx_word' id='word_1_635' title='bbox 685 4228 1101 4305; x_wconf 86' lang='lat' dir='ltr'>ignoraremus</span> <span class='ocrx_word' id='word_1_636' title='bbox 1119 4223 1584 4305; x_wconf 19' lang='lat' dir='ltr'>quid‘signiﬁcet</span> <span class='ocrx_word' id='word_1_637' title='bbox 1605 4230 1815 4305; x_wconf 80' lang='grc' dir='ltr'>χόριον,</span> <span class='ocrx_word' id='word_1_638' title='bbox 1838 4227 1970 4298; x_wconf 84' lang='lat' dir='ltr'>ejus</span> <span class='ocrx_word' id='word_1_639' title='bbox 1989 4228 2158 4305; x_wconf 73' lang='lat' dir='ltr'>vocis</span> <span class='ocrx_word' id='word_1_640' title='bbox 2191 4233 2236 4286; x_wconf 93' lang='lat' dir='ltr'><strong>D</strong></span> <span class='ocrx_word' id='word_1_641' title='bbox 2264 4229 2589 4305; x_wconf 85' lang='lat' dir='ltr'>invenitur.</span> <span class='ocrx_word' id='word_1_642' title='bbox 2622 4227 2792 4305; x_wconf 65' lang='lat' dir='ltr'>[laud</span> <span class='ocrx_word' id='word_1_643' title='bbox 2819 4227 3000 4298; x_wconf 83' lang='lat' dir='ltr'>longe</span> <span class='ocrx_word' id='word_1_644' title='bbox 3029 4226 3270 4305; x_wconf 75' lang='lat' dir='ltr'>codices</span> <span class='ocrx_word' id='word_1_645' title='bbox 3310 4227 3735 4305; x_wconf 73' lang='lat' dir='ltr'>Combefisiani</span> <span class='ocrx_word' id='word_1_646' title='bbox 3774 4247 3883 4281; x_wconf 81' lang='grc' dir='ltr'>πα-</span> 
     </span>
    </p>
   </div>
   <div class='ocr_carea' id='block_1_86' title="bbox 508 4298 2122 4377">
    <p class='ocr_par' dir='ltr' id='par_1_86' title="bbox 508 4298 2122 4377">
     <span class='ocr_line' id='line_1_86' title="bbox 508 4298 2122 4377; baseline -0.001 -19"><span class='ocrx_word' id='word_1_647' title='bbox 508 4298 828 4377; x_wconf 75' lang='lat' dir='ltr'>declaratio</span> <span class='ocrx_word' id='word_1_648' title='bbox 858 4315 1048 4377; x_wconf 85' lang='lat' dir='ltr'>manu</span> <span class='ocrx_word' id='word_1_649' title='bbox 1082 4298 1416 4377; x_wconf 66' lang='lat' dir='ltr'>recentiore</span> <span class='ocrx_word' id='word_1_650' title='bbox 1449 4298 1647 4369; x_wconf 87' lang='lat' dir='ltr'>posita</span> <span class='ocrx_word' id='word_1_651' title='bbox 1671 4298 1759 4377; x_wconf 83' lang='lat' dir='ltr'>est</span> <span class='ocrx_word' id='word_1_652' title='bbox 1792 4301 1853 4354; x_wconf 91' lang='lat' dir='ltr'>in</span> <span class='ocrx_word' id='word_1_653' title='bbox 1884 4315 1994 4377; x_wconf 76' lang='lat' dir='ltr'>ora</span> <span class='ocrx_word' id='word_1_654' title='bbox 2018 4300 2122 4356; x_wconf 79' lang='lat' dir='ltr'>libi</span> 
     </span>
    </p>
   </div>
   <div class='ocr_carea' id='block_1_87' title="bbox 2265 4298 3879 4377">
    <p class='ocr_par' dir='ltr' id='par_1_87' title="bbox 2265 4299 3879 4377">
     <span class='ocr_line' id='line_1_87' title="bbox 2265 4299 3879 4377; baseline 0.001 -24"><span class='ocrx_word' id='word_1_655' title='bbox 2265 4304 2561 4377; x_wconf 13' lang='grc' dir='ltr'>ραθρᾼηνείν.</span> <span class='ocrx_word' id='word_1_656' title='bbox 2591 4300 2702 4357; x_wconf 78' lang='lat' dir='ltr'>Alii</span> <span class='ocrx_word' id='word_1_657' title='bbox 2752 4305 2870 4377; x_wconf 87' lang='lat' dir='ltr'>tres</span> <span class='ocrx_word' id='word_1_658' title='bbox 2911 4316 3077 4377; x_wconf 79' lang='lat' dir='ltr'>mss._</span> <span class='ocrx_word' id='word_1_659' title='bbox 3108 4301 3469 4377; x_wconf 85' lang='grc' dir='ltr'>καταθρηνείν.</span> <span class='ocrx_word' id='word_1_660' title='bbox 3502 4299 3615 4356; x_wconf 78' lang='lat' dir='ltr'>Alii</span> <span class='ocrx_word' id='word_1_661' title='bbox 3645 4300 3770 4357; x_wconf 93' lang='lat' dir='ltr'>duo</span> <span class='ocrx_word' id='word_1_662' title='bbox 3814 4307 3879 4358; x_wconf 82' lang='lat' dir='ltr'>et</span> 
     </span>
    </p>
   </div>
   <div class='ocr_carea' id='block_1_88' title="bbox 507 4367 2121 4455">
    <p class='ocr_par' dir='ltr' id='par_1_88' title="bbox 507 4367 2121 4455">
     <span class='ocr_line' id='line_1_88' title="bbox 507 4367 2121 4455; baseline 0.001 -33"><span class='ocrx_word' id='word_1_663' title='bbox 507 4373 640 4455; x_wconf 40' lang='lat' dir='ltr'>hoc.</span> <span class='ocrx_word' id='word_1_664' title='bbox 677 4370 885 4455; x_wconf 47' lang='lat' dir='ltr'>mode,</span> <span class='ocrx_word' id='word_1_665' title='bbox 921 4373 1003 4455; x_wconf 40' lang='grc' dir='ltr'>’τὸ</span> <span class='ocrx_word' id='word_1_666' title='bbox 1068 4367 1318 4441; x_wconf 78' lang='grc' dir='ltr'>κάλυμμα</span> <span class='ocrx_word' id='word_1_667' title='bbox 1366 4367 1896 4455; x_wconf 57' lang='grc' dir='ltr'>τὸ’συγγεννώμωον</span> <span class='ocrx_word' id='word_1_668' title='bbox 1948 4369 2002 4423; x_wconf 80' lang='grc' dir='ltr'>ἐκ</span> <span class='ocrx_word' id='word_1_669' title='bbox 2061 4381 2121 4430; x_wconf 84' lang='grc' dir='ltr'>τῆ</span> 
     </span>
    </p>
   </div>
   <div class='ocr_carea' id='block_1_89' title="bbox 1710 4367 3324 4455">
    <p class='ocr_par' dir='ltr' id='par_1_89' title="bbox 1710 4367 3324 4455">
     <span class='ocr_line' id='line_1_89' title="bbox 1710 4367 3324 4455; baseline 0.001 -32"><span class='ocrx_word' id='word_1_670' title='bbox 1710 4375 1896 4455; x_wconf 51' lang='lat' dir='ltr'>sigma</span> <span class='ocrx_word' id='word_1_671' title='bbox 1948 4369 2002 4423; x_wconf 81' lang='grc' dir='ltr'>ἐκ</span> <span class='ocrx_word' id='word_1_672' title='bbox 2061 4381 2157 4455; x_wconf 78' lang='grc' dir='ltr'>τῆς</span> <span class='ocrx_word' id='word_1_673' title='bbox 2264 4367 2925 4455; x_wconf 37' lang='lat' dir='ltr'>edi&#39;ti‘utiincontext‘u</span> <span class='ocrx_word' id='word_1_674' title='bbox 2962 4370 3081 4455; x_wconf 73' lang='lat' dir='ltr'>legi</span> <span class='ocrx_word' id='word_1_675' title='bbox 3112 4367 3324 4455; x_wconf 68' lang='lat' dir='ltr'>potest.</span> 
     </span>
    </p>
   </div>
   <div class='ocr_carea' id='block_1_90' title="bbox 505 4439 2119 4516">
    <p class='ocr_par' dir='ltr' id='par_1_90' title="bbox 505 4439 2119 4516">
     <span class='ocr_line' id='line_1_90' title="bbox 505 4439 2119 4516; baseline 0.003 -21"><span class='ocrx_word' id='word_1_676' title='bbox 505 4442 703 4516; x_wconf 80' lang='grc' dir='ltr'>κοιλίρς</span> <span class='ocrx_word' id='word_1_677' title='bbox 722 4451 812 4516; x_wconf 83' lang='grc' dir='ltr'>τοῦ</span> <span class='ocrx_word' id='word_1_678' title='bbox 834 4439 1483 4516; x_wconf 58' lang='grc' dir='ltr'>βρέφους,ι89ιι1ηϐηιιιηζ</span> <span class='ocrx_word' id='word_1_679' title='bbox 1501 4439 1841 4511; x_wconf 63' lang='grc' dir='ltr'>ρνόβθειὶιηι</span> <span class='ocrx_word' id='word_1_680' title='bbox 1858 4458 1933 4500; x_wconf 73' lang='lat' dir='ltr'>ex</span> <span class='ocrx_word' id='word_1_681' title='bbox 1951 4450 2119 4516; x_wconf 82' lang='lat' dir='ltr'>ventr</span> 
     </span>
    </p>
   </div>
   <div class='ocr_carea' id='block_1_91' title="bbox 2265 4439 3879 4516">
    <p class='ocr_par' dir='ltr' id='par_1_91' title="bbox 2337 4439 3879 4516">
     <span class='ocr_line' id='line_1_91' title="bbox 2337 4439 3879 4516; baseline -0.001 -15"><span class='ocrx_word' id='word_1_682' title='bbox 2337 4448 2447 4515; x_wconf 88' lang='grc'>(10)</span> <span class='ocrx_word' id='word_1_683' title='bbox 2479 4444 2585 4501; x_wconf 86' lang='lat' dir='ltr'>Ubi</span> <span class='ocrx_word' id='word_1_684' title='bbox 2606 4444 2666 4516; x_wconf 83' lang='lat' dir='ltr'>in</span> <span class='ocrx_word' id='word_1_685' title='bbox 2684 4443 2852 4516; x_wconf 79' lang='lat' dir='ltr'>editis</span> <span class='ocrx_word' id='word_1_686' title='bbox 2872 4439 3139 4516; x_wconf 69' lang='lat' dir='ltr'>legiturz’a</span> <span class='ocrx_word' id='word_1_687' title='bbox 3168 4447 3356 4516; x_wconf 74' lang='grc' dir='ltr'>σκηνή,</span> <span class='ocrx_word' id='word_1_688' title='bbox 3372 4441 3456 4498; x_wconf 91' lang='lat' dir='ltr'>ibi</span> <span class='ocrx_word' id='word_1_689' title='bbox 3476 4458 3548 4516; x_wconf 88' lang='lat' dir='ltr'>ex</span> <span class='ocrx_word' id='word_1_690' title='bbox 3571 4442 3879 4516; x_wconf 83' lang='lat' dir='ltr'>veteribus</span> 
     </span>
    </p>
   </div>
   <div class='ocr_carea' id='block_1_92' title="bbox 505 4511 3876 4588">
    <p class='ocr_par' dir='ltr' id='par_1_92' title="bbox 505 4511 3876 4588">
     <span class='ocr_line' id='line_1_92' title="bbox 505 4511 3876 4588; baseline 0 -19"><span class='ocrx_word' id='word_1_691' title='bbox 505 4511 784 4584; x_wconf 79' lang='lat' dir='ltr'>infantis.</span> <span class='ocrx_word' id='word_1_692' title='bbox 819 4511 1120 4588; x_wconf 48' lang='lat' dir='ltr'>sed&#39;hanc</span> <span class='ocrx_word' id='word_1_693' title='bbox 1150 4520 1358 4588; x_wconf 86' lang='lat' dir='ltr'>notam</span> <span class='ocrx_word' id='word_1_694' title='bbox 1406 4511 1484 4567; x_wconf 91' lang='lat' dir='ltr'>ad</span> <span class='ocrx_word' id='word_1_695' title='bbox 1532 4528 1662 4588; x_wconf 89' lang='lat' dir='ltr'>rem</span> <span class='ocrx_word' id='word_1_696' title='bbox 1700 4530 1825 4569; x_wconf 91' lang='lat' dir='ltr'>non</span> <span class='ocrx_word' id='word_1_697' title='bbox 1861 4515 2155 4587; x_wconf 89' lang='lat' dir='ltr'>pertinere</span> <span class='ocrx_word' id='word_1_698' title='bbox 2266 4511 2537 4588; x_wconf 87' lang='lat' dir='ltr'>quinque</span> <span class='ocrx_word' id='word_1_699' title='bbox 2575 4514 2741 4588; x_wconf 80' lang='lat' dir='ltr'>libris</span> <span class='ocrx_word' id='word_1_700' title='bbox 2760 4513 3068 4588; x_wconf 79' lang='lat' dir='ltr'>edendum</span> <span class='ocrx_word' id='word_1_701' title='bbox 3099 4514 3497 4588; x_wconf 67' lang='lat' dir='ltr'>curavimusi;</span> <span class='ocrx_word' id='word_1_702' title='bbox 3534 4520 3717 4573; x_wconf 77' lang='grc' dir='ltr'>σκευή.</span> <span class='ocrx_word' id='word_1_703' title='bbox 3750 4514 3876 4588; x_wconf 73' lang='lat' dir='ltr'>Ali-</span> 
     </span>
    </p>
   </div>
   <div class='ocr_carea' id='block_1_93' title="bbox 506 4583 2120 4660">
    <p class='ocr_par' dir='ltr' id='par_1_93' title="bbox 506 4583 2120 4660">
     <span class='ocr_line' id='line_1_93' title="bbox 506 4583 2120 4660; baseline 0.001 -19"><span class='ocrx_word' id='word_1_704' title='bbox 506 4592 761 4660; x_wconf 72' lang='lat' dir='ltr'>constat,</span> <span class='ocrx_word' id='word_1_705' title='bbox 793 4583 1175 4660; x_wconf 33' lang='lat' dir='ltr'>cum‘hicde‘</span> <span class='ocrx_word' id='word_1_706' title='bbox 1205 4586 1418 4660; x_wconf 67' lang='grc' dir='ltr'>χωρίῳ,</span> <span class='ocrx_word' id='word_1_707' title='bbox 1437 4599 1561 4639; x_wconf 91' lang='lat' dir='ltr'>non</span> <span class='ocrx_word' id='word_1_708' title='bbox 1598 4586 1673 4639; x_wconf 87' lang='lat' dir='ltr'>de</span> <span class='ocrx_word' id='word_1_709' title='bbox 1702 4583 1878 4660; x_wconf 70' lang='grc' dir='ltr'>χορίῴ</span> <span class='ocrx_word' id='word_1_710' title='bbox 1902 4594 2120 4660; x_wconf 84' lang='lat' dir='ltr'>agatur</span> 
     </span>
    </p>
   </div>
   <div class='ocr_carea' id='block_1_94' title="bbox 2265 4583 3879 4660">
    <p class='ocr_par' dir='ltr' id='par_1_94' title="bbox 2265 4583 3879 4660">
     <span class='ocr_line' id='line_1_94' title="bbox 2265 4583 3879 4660; baseline 0.001 -18"><span class='ocrx_word' id='word_1_711' title='bbox 2265 4583 2497 4659; x_wconf 72' lang='lat' dir='ltr'>quanto</span> <span class='ocrx_word' id='word_1_712' title='bbox 2526 4586 2684 4641; x_wconf 89' lang='lat' dir='ltr'>infra</span> <span class='ocrx_word' id='word_1_713' title='bbox 2704 4584 2846 4640; x_wconf 88' lang='lat' dir='ltr'>editi</span> <span class='ocrx_word' id='word_1_714' title='bbox 2875 4588 3094 4656; x_wconf 76' lang='grc' dir='ltr'>στυγνὸν</span> <span class='ocrx_word' id='word_1_715' title='bbox 3124 4590 3214 4637; x_wconf 84' lang='grc' dir='ltr'>καὶ</span> <span class='ocrx_word' id='word_1_716' title='bbox 3236 4583 3333 4639; x_wconf 82' lang='grc' dir='ltr'>ἀεί.</span> <span class='ocrx_word' id='word_1_717' title='bbox 3357 4586 3472 4660; x_wconf 78' lang='lat' dir='ltr'>sed</span> <span class='ocrx_word' id='word_1_718' title='bbox 3493 4602 3633 4660; x_wconf 89' lang='lat' dir='ltr'>cum</span> <span class='ocrx_word' id='word_1_719' title='bbox 3655 4586 3879 4660; x_wconf 79' lang='lat' dir='ltr'>vocula</span> 
     </span>
    </p>
   </div>
   <div class='ocr_carea' id='block_1_95' title="bbox 579 4653 2193 4730">
    <p class='ocr_par' dir='ltr' id='par_1_95' title="bbox 579 4653 2156 4730">
     <span class='ocr_line' id='line_1_95' title="bbox 579 4653 2156 4730; baseline -0.008 -17"><span class='ocrx_word' id='word_1_720' title='bbox 579 4660 651 4727; x_wconf 79' lang='lat'>(5)</span> <span class='ocrx_word' id='word_1_721' title='bbox 689 4654 892 4711; x_wconf 80' lang='lat' dir='ltr'>Codex</span> <span class='ocrx_word' id='word_1_722' title='bbox 923 4655 1196 4730; x_wconf 82' lang='lat' dir='ltr'>Gombef.</span> <span class='ocrx_word' id='word_1_723' title='bbox 1249 4653 1419 4707; x_wconf 79' lang='grc' dir='ltr'>όίὡϐ</span> <span class='ocrx_word' id='word_1_724' title='bbox 1460 4660 1553 4730; x_wconf 73' lang='grc' dir='ltr'>τὴν</span> <span class='ocrx_word' id='word_1_725' title='bbox 1602 4653 1896 4730; x_wconf 64' lang='grc' dir='ltr'>καρτερίαν,</span> <span class='ocrx_word' id='word_1_726' title='bbox 1931 4653 2156 4730; x_wconf 63' lang='grc' dir='ltr'>ἀερη..</span> 
     </span>
    </p>
   </div>
   <div class='ocr_carea' id='block_1_96' title="bbox 2263 4653 3877 4730">
    <p class='ocr_par' dir='ltr' id='par_1_96' title="bbox 2265 4653 3877 4730">
     <span class='ocr_line' id='line_1_96' title="bbox 2265 4653 3877 4730; baseline 0.003 -21"><span class='ocrx_word' id='word_1_727' title='bbox 2265 4653 2355 4730; x_wconf 55' lang='lat' dir='ltr'>{at</span> <span class='ocrx_word' id='word_1_728' title='bbox 2381 4660 2440 4713; x_wconf 92' lang='lat' dir='ltr'>in</span> <span class='ocrx_word' id='word_1_729' title='bbox 2467 4673 2611 4712; x_wconf 89' lang='lat' dir='ltr'>mss.</span> <span class='ocrx_word' id='word_1_730' title='bbox 2645 4672 2770 4712; x_wconf 88' lang='lat' dir='ltr'>non</span> <span class='ocrx_word' id='word_1_731' title='bbox 2808 4653 3162 4730; x_wconf 81' lang='lat' dir='ltr'>reperiatur,</span> <span class='ocrx_word' id='word_1_732' title='bbox 3186 4673 3324 4730; x_wconf 79' lang='lat' dir='ltr'>eam</span> <span class='ocrx_word' id='word_1_733' title='bbox 3359 4656 3715 4714; x_wconf 88' lang='lat' dir='ltr'>delevimus.</span> <span class='ocrx_word' id='word_1_734' title='bbox 3753 4658 3877 4714; x_wconf 80' lang='lat' dir='ltr'>lbi-</span> 
     </span>
    </p>
   </div>
   <div class='ocr_carea' id='block_1_97' title="bbox 505 4726 2119 4811">
    <p class='ocr_par' dir='ltr' id='par_1_97' title="bbox 505 4726 2119 4811">
     <span class='ocr_line' id='line_1_97' title="bbox 505 4726 2119 4811; baseline 0.001 -28"><span class='ocrx_word' id='word_1_735' title='bbox 505 4726 659 4811; x_wconf 65' lang='lat' dir='ltr'>vate.</span> <span class='ocrx_word' id='word_1_736' title='bbox 689 4730 820 4811; x_wconf 66' lang='lat' dir='ltr'>Mox</span> <span class='ocrx_word' id='word_1_737' title='bbox 848 4729 1010 4796; x_wconf 79' lang='lat' dir='ltr'>Regii</span> <span class='ocrx_word' id='word_1_738' title='bbox 1039 4727 1357 4811; x_wconf 35' lang='lat' dir='ltr'>primus-et</span> <span class='ocrx_word' id='word_1_739' title='bbox 1383 4729 1611 4811; x_wconf 80' lang='lat' dir='ltr'>tertius,</span> <span class='ocrx_word' id='word_1_740' title='bbox 1642 4726 1701 4783; x_wconf 86' lang='lat' dir='ltr'>et</span> <span class='ocrx_word' id='word_1_741' title='bbox 1729 4726 1829 4783; x_wconf 82' lang='lat' dir='ltr'>alii</span> <span class='ocrx_word' id='word_1_742' title='bbox 1856 4728 1979 4811; x_wconf 70' lang='lat' dir='ltr'>duo</span> <span class='ocrx_word' id='word_1_743' title='bbox 2010 4726 2119 4808; x_wconf 63' lang='lat' dir='ltr'>&#39;Gol</span> 
     </span>
    </p>
   </div>
   <div class='ocr_carea' id='block_1_98' title="bbox 2257 4726 3871 4811">
    <p class='ocr_par' dir='ltr' id='par_1_98' title="bbox 2262 4726 3871 4811">
     <span class='ocr_line' id='line_1_98' title="bbox 2262 4726 3871 4811; baseline -0.002 -26"><span class='ocrx_word' id='word_1_744' title='bbox 2262 4729 2418 4811; x_wconf 79' lang='lat' dir='ltr'>dem_</span> <span class='ocrx_word' id='word_1_745' title='bbox 2451 4734 2567 4784; x_wconf 84' lang='lat' dir='ltr'>tres</span> <span class='ocrx_word' id='word_1_746' title='bbox 2584 4742 2741 4811; x_wconf 27' lang='lat' dir='ltr'>‘mss.</span> <span class='ocrx_word' id='word_1_747' title='bbox 2786 4726 2893 4789; x_wconf 72' lang='grc' dir='ltr'>τῆξ</span> <span class='ocrx_word' id='word_1_748' title='bbox 2928 4726 3136 4800; x_wconf 73' lang='grc' dir='ltr'>ψυχῆς.</span> <span class='ocrx_word' id='word_1_749' title='bbox 3178 4727 3290 4784; x_wconf 77' lang='lat' dir='ltr'>Alii</span> <span class='ocrx_word' id='word_1_750' title='bbox 3333 4745 3481 4784; x_wconf 90' lang='lat' dir='ltr'>mss.</span> <span class='ocrx_word' id='word_1_751' title='bbox 3518 4736 3577 4786; x_wconf 91' lang='lat' dir='ltr'>et</span> <span class='ocrx_word' id='word_1_752' title='bbox 3614 4730 3758 4786; x_wconf 89' lang='lat' dir='ltr'>editi</span> <span class='ocrx_word' id='word_1_753' title='bbox 3801 4737 3871 4802; x_wconf 78' lang='grc' dir='ltr'>τῇ</span> 
     </span>
    </p>
   </div>
   <div class='ocr_carea' id='block_1_99' title="bbox 505 4796 2119 4872">
    <p class='ocr_par' dir='ltr' id='par_1_99' title="bbox 505 4796 2119 4869">
     <span class='ocr_line' id='line_1_99' title="bbox 505 4796 2119 4869; baseline -0.002 -14"><span class='ocrx_word' id='word_1_754' title='bbox 505 4798 743 4868; x_wconf 86' lang='lat' dir='ltr'>bertini,</span> <span class='ocrx_word' id='word_1_755' title='bbox 782 4801 961 4851; x_wconf 80' lang='grc' dir='ltr'>ἔπεσον</span> <span class='ocrx_word' id='word_1_756' title='bbox 988 4796 1147 4869; x_wconf 71' lang='grc' dir='ltr'>αὖτῲ.</span> <span class='ocrx_word' id='word_1_757' title='bbox 1179 4796 1328 4852; x_wconf 76' lang='lat' dir='ltr'>Editi</span> <span class='ocrx_word' id='word_1_758' title='bbox 1372 4802 1430 4853; x_wconf 88' lang='lat' dir='ltr'>et</span> <span class='ocrx_word' id='word_1_759' title='bbox 1472 4814 1630 4854; x_wconf 90' lang='lat' dir='ltr'>unus</span> <span class='ocrx_word' id='word_1_760' title='bbox 1676 4815 1826 4854; x_wconf 87' lang='lat' dir='ltr'>mss.</span> <span class='ocrx_word' id='word_1_761' title='bbox 1859 4802 2039 4852; x_wconf 85' lang='grc' dir='ltr'>ἔπεσον</span> <span class='ocrx_word' id='word_1_762' title='bbox 2066 4799 2119 4852; x_wconf 57' lang='grc' dir='ltr'>αἰ</span> 
     </span>
    </p>
   </div>
   <div class='ocr_carea' id='block_1_100' title="bbox 1039 4796 2653 4872">
    <p class='ocr_par' dir='ltr' id='par_1_100' title="bbox 1039 4796 2653 4872">
     <span class='ocr_line' id='line_1_100' title="bbox 1039 4796 2653 4872; baseline 0.002 -23"><span class='ocrx_word' id='word_1_763' title='bbox 1039 4796 1147 4869; x_wconf 71' lang='grc' dir='ltr'>ἷτῴ.</span> <span class='ocrx_word' id='word_1_764' title='bbox 1179 4796 1328 4852; x_wconf 84' lang='lat' dir='ltr'>Editi</span> <span class='ocrx_word' id='word_1_765' title='bbox 1372 4802 1430 4853; x_wconf 88' lang='lat' dir='ltr'>et</span> <span class='ocrx_word' id='word_1_766' title='bbox 1472 4814 1630 4854; x_wconf 90' lang='lat' dir='ltr'>unus</span> <span class='ocrx_word' id='word_1_767' title='bbox 1676 4815 1826 4854; x_wconf 89' lang='lat' dir='ltr'>mss.</span> <span class='ocrx_word' id='word_1_768' title='bbox 1859 4802 2039 4852; x_wconf 84' lang='grc' dir='ltr'>ἔπεσον</span> <span class='ocrx_word' id='word_1_769' title='bbox 2066 4799 2158 4852; x_wconf 72' lang='grc' dir='ltr'>αὖ·</span> <span class='ocrx_word' id='word_1_770' title='bbox 2262 4799 2443 4872; x_wconf 70' lang='grc' dir='ltr'>ψυχῇ,</span> <span class='ocrx_word' id='word_1_771' title='bbox 2476 4806 2653 4855; x_wconf 89' lang='lat' dir='ltr'>recte.</span> 
     </span>
    </p>
   </div>
   <div class='ocr_carea' id='block_1_101' title="bbox 504 4869 2118 4944">
    <p class='ocr_par' dir='ltr' id='par_1_101' title="bbox 504 4872 2105 4944">
     <span class='ocr_line' id='line_1_101' title="bbox 504 4872 2105 4944; baseline 0.014 -22"><span class='ocrx_word' id='word_1_772' title='bbox 504 4877 619 4925; x_wconf 86' lang='grc' dir='ltr'>τοῦ.</span> <span class='ocrx_word' id='word_1_773' title='bbox 646 4872 813 4944; x_wconf 84' lang='lat' dir='ltr'>Alius</span> <span class='ocrx_word' id='word_1_774' title='bbox 838 4872 1027 4926; x_wconf 81' lang='lat' dir='ltr'>codex</span> <span class='ocrx_word' id='word_1_775' title='bbox 1053 4872 1259 4923; x_wconf 83' lang='grc' dir='ltr'>ἔπεσαν.</span> <span class='ocrx_word' id='word_1_776' title='bbox 1476 4942 1485 4944; x_wconf 21' lang='grc' dir='ltr'><strong>Α</strong></span> <span class='ocrx_word' id='word_1_777' title='bbox 1516 4943 1519 4944; x_wconf 17' lang='grc' dir='ltr'><em>ν</em></span> <span class='ocrx_word' id='word_1_778' title='bbox 1710 4940 1747 4944; x_wconf 39' lang='grc' dir='ltr'>μ</span> <span class='ocrx_word' id='word_1_779' title='bbox 1782 4941 1789 4944; x_wconf 90' lang='lat'><strong>_</strong></span> <span class='ocrx_word' id='word_1_780' title='bbox 1819 4940 1832 4944; x_wconf 96' lang='lat'>_</span> <span class='ocrx_word' id='word_1_781' title='bbox 2002 4942 2011 4944; x_wconf 77' lang='lat'><strong><em>_</em></strong></span> <span class='ocrx_word' id='word_1_782' title='bbox 2070 4940 2105 4944; x_wconf 83' lang='lat'>__</span> 
     </span>
    </p>
   </div>
   <div class='ocr_carea' id='block_1_102' title="bbox 2266 4869 3880 4944">
    <p class='ocr_par' dir='ltr' id='par_1_102' title="bbox 2268 4869 3880 4944">
     <span class='ocr_line' id='line_1_102' title="bbox 2268 4869 3880 4944; baseline -0.006 -5"><span class='ocrx_word' id='word_1_783' title='bbox 2268 4869 2284 4944; x_wconf 58' lang='grc' dir='ltr'>ί</span> <span class='ocrx_word' id='word_1_784' title='bbox 2330 4869 2769 4944; x_wconf 57' lang='grc' dir='ltr'>(ΠλΔιασῶζο-δ.</span> <span class='ocrx_word' id='word_1_785' title='bbox 2804 4869 2983 4927; x_wconf 82' lang='lat' dir='ltr'>Multo</span> <span class='ocrx_word' id='word_1_786' title='bbox 3022 4870 3240 4927; x_wconf 89' lang='lat' dir='ltr'>melius</span> <span class='ocrx_word' id='word_1_787' title='bbox 3290 4870 3455 4944; x_wconf 80' lang='lat' dir='ltr'>apud</span> <span class='ocrx_word' id='word_1_788' title='bbox 3488 4873 3880 4944; x_wconf 16' lang='lat' dir='ltr'>,Symeonem</span> 
     </span>
    </p>
   </div>
   <div class='ocr_carea' id='block_1_103' title="bbox 579 4939 2193 5015">
    <p class='ocr_par' dir='ltr' id='par_1_103' title="bbox 579 4940 2151 5015">
     <span class='ocr_line' id='line_1_103' title="bbox 579 4940 2151 5015; baseline 0 -17"><span class='ocrx_word' id='word_1_789' title='bbox 579 4947 658 5013; x_wconf 77' lang='lat'>(6)</span> <span class='ocrx_word' id='word_1_790' title='bbox 698 4942 897 5000; x_wconf 82' lang='lat' dir='ltr'>Codex</span> <span class='ocrx_word' id='word_1_791' title='bbox 927 4946 1323 5015; x_wconf 12' lang='grc' dir='ltr'>μους-,χρόνον</span> <span class='ocrx_word' id='word_1_792' title='bbox 1361 4942 1661 5013; x_wconf 79' lang='grc' dir='ltr'>τεχθέντας.</span> <span class='ocrx_word' id='word_1_793' title='bbox 1707 4940 1937 4998; x_wconf 88' lang='lat' dir='ltr'>Ibidem</span> <span class='ocrx_word' id='word_1_794' title='bbox 1985 4940 2151 4999; x_wconf 87' lang='lat' dir='ltr'>Colb.</span> 
     </span>
    </p>
   </div>
   <div class='ocr_carea' id='block_1_104' title="bbox 2267 4939 3881 5015">
    <p class='ocr_par' dir='ltr' id='par_1_104' title="bbox 2267 4939 3881 5014">
     <span class='ocr_line' id='line_1_104' title="bbox 2267 4939 3881 5014; baseline 0.002 -16"><span class='ocrx_word' id='word_1_795' title='bbox 2267 4939 2677 5013; x_wconf 87' lang='lat' dir='ltr'>Logothetam,</span> <span class='ocrx_word' id='word_1_796' title='bbox 2694 4955 2876 4997; x_wconf 90' lang='lat' dir='ltr'>serm.</span> <span class='ocrx_word' id='word_1_797' title='bbox 2896 4947 2979 5009; x_wconf 77' lang='grc'>12,</span> <span class='ocrx_word' id='word_1_798' title='bbox 3000 4958 3138 5014; x_wconf 86' lang='lat' dir='ltr'>pag.</span> <span class='ocrx_word' id='word_1_799' title='bbox 3156 4945 3281 5007; x_wconf 74' lang='grc'><strong>544.</strong></span> <span class='ocrx_word' id='word_1_800' title='bbox 3299 4939 3644 5011; x_wconf 72' lang='grc' dir='ltr'>διασώζοντι,</span> <span class='ocrx_word' id='word_1_801' title='bbox 3662 4959 3881 5002; x_wconf 71' lang='lat' dir='ltr'>maero-</span> 
     </span>
    </p>
   </div>
   <div class='ocr_carea' id='block_1_105' title="bbox 503 5009 2117 5087">
    <p class='ocr_par' dir='ltr' id='par_1_105' title="bbox 503 5009 2073 5087">
     <span class='ocr_line' id='line_1_105' title="bbox 503 5009 2073 5087; baseline 0.004 -16"><span class='ocrx_word' id='word_1_802' title='bbox 503 5009 713 5071; x_wconf 70' lang='lat' dir='ltr'>tertiils</span> <span class='ocrx_word' id='word_1_803' title='bbox 740 5022 883 5087; x_wconf 77' lang='grc' dir='ltr'>κοινῇ</span> <span class='ocrx_word' id='word_1_804' title='bbox 919 5009 978 5066; x_wconf 71' lang='grc' dir='ltr'>δε</span> <span class='ocrx_word' id='word_1_805' title='bbox 1004 5009 1387 5087; x_wconf 60' lang='grc' dir='ltr'>ὑπεξεὶςθόντας.</span> <span class='ocrx_word' id='word_1_806' title='bbox 1417 5009 1457 5013; x_wconf 36' lang='lat' dir='ltr'><strong>ﬂ</strong></span> <span class='ocrx_word' id='word_1_807' title='bbox 1632 5083 1642 5087; x_wconf 91' lang='lat'><strong>_</strong></span> <span class='ocrx_word' id='word_1_808' title='bbox 1758 5085 1771 5087; x_wconf 31' lang='grc' dir='ltr'><strong>Α</strong></span> <span class='ocrx_word' id='word_1_809' title='bbox 1831 5082 1863 5087; x_wconf 85' lang='lat'>__</span> <span class='ocrx_word' id='word_1_810' title='bbox 2064 5083 2073 5087; x_wconf 26' lang='grc' dir='ltr'><strong>Α</strong></span> 
     </span>
    </p>
   </div>
   <div class='ocr_carea' id='block_1_106' title="bbox 2260 5009 3874 5087">
    <p class='ocr_par' dir='ltr' id='par_1_106' title="bbox 2262 5009 3874 5087">
     <span class='ocr_line' id='line_1_106' title="bbox 2262 5009 3874 5087; baseline 0.002 -17"><span class='ocrx_word' id='word_1_811' title='bbox 2262 5009 3032 5087; x_wconf 64' lang='grc' dir='ltr'>νίεῦιιιηιιεεειῃρεννεσεηζς</span> <span class='ocrx_word' id='word_1_812' title='bbox 3044 5009 3112 5069; x_wconf 74' lang='lat' dir='ltr'>in</span> <span class='ocrx_word' id='word_1_813' title='bbox 3120 5015 3321 5072; x_wconf 88' lang='lat' dir='ltr'>animo</span> <span class='ocrx_word' id='word_1_814' title='bbox 3338 5009 3874 5087; x_wconf 58' lang='grc' dir='ltr'>εειέυιιηιίᾹΜΑιιΑΝ.</span> 
     </span>
    </p>
   </div>
   <div class='ocr_carea' id='block_1_107' title="bbox 575 5082 2189 5160">
    <p class='ocr_par' dir='ltr' id='par_1_107' title="bbox 575 5082 2155 5160">
     <span class='ocr_line' id='line_1_107' title="bbox 575 5082 2155 5160; baseline 0 -21"><span class='ocrx_word' id='word_1_815' title='bbox 575 5088 656 5157; x_wconf 83' lang='grc'>(7)</span> <span class='ocrx_word' id='word_1_816' title='bbox 693 5082 911 5160; x_wconf 75' lang='lat' dir='ltr'>Regius</span> <span class='ocrx_word' id='word_1_817' title='bbox 938 5087 1142 5141; x_wconf 80' lang='lat' dir='ltr'>tertius</span> <span class='ocrx_word' id='word_1_818' title='bbox 1167 5083 1467 5160; x_wconf 63' lang='grc' dir='ltr'>ἐφθέγξατο.</span> <span class='ocrx_word' id='word_1_819' title='bbox 1504 5083 1713 5142; x_wconf 89' lang='lat' dir='ltr'>Statim</span> <span class='ocrx_word' id='word_1_820' title='bbox 1743 5082 1909 5140; x_wconf 89' lang='lat' dir='ltr'>Colb.</span> <span class='ocrx_word' id='word_1_821' title='bbox 1948 5083 2155 5140; x_wconf 87' lang='lat' dir='ltr'>tertius</span> 
     </span>
    </p>
   </div>
   <div class='ocr_carea' id='block_1_108' title="bbox 2268 5082 3882 5160">
    <p class='ocr_par' dir='ltr' id='par_1_108' title="bbox 2336 5082 3882 5160">
     <span class='ocr_line' id='line_1_108' title="bbox 2336 5082 3882 5160; baseline 0.001 -20"><span class='ocrx_word' id='word_1_822' title='bbox 2336 5090 2449 5160; x_wconf 71' lang='grc'>(12)</span> <span class='ocrx_word' id='word_1_823' title='bbox 2492 5086 2640 5160; x_wconf 53' lang='grc' dir='ltr'>Ιεξόξὶὶ</span> <span class='ocrx_word' id='word_1_824' title='bbox 2681 5082 2729 5136; x_wconf 79' lang='grc' dir='ltr'>ἐν</span> <span class='ocrx_word' id='word_1_825' title='bbox 2777 5083 3064 5160; x_wconf 75' lang='grc' dir='ltr'>ἀφθαρσίᾳ·</span> <span class='ocrx_word' id='word_1_826' title='bbox 3100 5091 3367 5159; x_wconf 82' lang='grc' dir='ltr'>σπείρεται</span> <span class='ocrx_word' id='word_1_827' title='bbox 3406 5085 3453 5137; x_wconf 80' lang='grc' dir='ltr'>ἐν</span> <span class='ocrx_word' id='word_1_828' title='bbox 3495 5085 3702 5160; x_wconf 75' lang='grc' dir='ltr'>ἀτιμίᾴ,</span> <span class='ocrx_word' id='word_1_829' title='bbox 3735 5086 3882 5160; x_wconf 65' lang='grc' dir='ltr'>ἔγει-</span> 
     </span>
    </p>
   </div>
   <div class='ocr_carea' id='block_1_109' title="bbox 507 5153 2121 5231">
    <p class='ocr_par' dir='ltr' id='par_1_109' title="bbox 507 5153 2121 5231">
     <span class='ocr_line' id='line_1_109' title="bbox 507 5153 2121 5231; baseline -0.001 -22"><span class='ocrx_word' id='word_1_830' title='bbox 507 5153 695 5231; x_wconf 67' lang='grc' dir='ltr'>ξζύρίος</span> <span class='ocrx_word' id='word_1_831' title='bbox 727 5153 983 5231; x_wconf 45' lang='lat' dir='ltr'>ageam,</span> <span class='ocrx_word' id='word_1_832' title='bbox 1018 5160 1133 5212; x_wconf 88' lang='lat' dir='ltr'>Nec</span> <span class='ocrx_word' id='word_1_833' title='bbox 1160 5153 1244 5213; x_wconf 82' lang='lat' dir='ltr'>ita</span> <span class='ocrx_word' id='word_1_834' title='bbox 1273 5153 1462 5213; x_wconf 86' lang='lat' dir='ltr'>multo</span> <span class='ocrx_word' id='word_1_835' title='bbox 1492 5161 1633 5229; x_wconf 90' lang='lat' dir='ltr'>post</span> <span class='ocrx_word' id='word_1_836' title='bbox 1676 5162 1811 5211; x_wconf 93' lang='lat' dir='ltr'>octo</span> <span class='ocrx_word' id='word_1_837' title='bbox 1854 5171 2004 5211; x_wconf 92' lang='lat' dir='ltr'>mss.</span> <span class='ocrx_word' id='word_1_838' title='bbox 2035 5174 2121 5229; x_wconf 77' lang='grc' dir='ltr'>περ</span> 
     </span>
    </p>
   </div>
   <div class='ocr_carea' id='block_1_110' title="bbox 2269 5153 3883 5231">
    <p class='ocr_par' dir='ltr' id='par_1_110' title="bbox 2269 5153 3883 5231">
     <span class='ocr_line' id='line_1_110' title="bbox 2269 5153 3883 5231; baseline 0.004 -23"><span class='ocrx_word' id='word_1_839' title='bbox 2269 5176 2406 5229; x_wconf 83' lang='grc' dir='ltr'>ρεται</span> <span class='ocrx_word' id='word_1_840' title='bbox 2426 5153 2474 5209; x_wconf 74' lang='grc' dir='ltr'>ἐν</span> <span class='ocrx_word' id='word_1_841' title='bbox 2497 5153 2650 5230; x_wconf 67' lang='grc' dir='ltr'>δόξῃ*</span> <span class='ocrx_word' id='word_1_842' title='bbox 2670 5153 2970 5231; x_wconf 70' lang='grc' dir='ltr'>σπειρετᾴι,</span> <span class='ocrx_word' id='word_1_843' title='bbox 2991 5153 3105 5231; x_wconf 69' lang='lat' dir='ltr'>etc.</span> <span class='ocrx_word' id='word_1_844' title='bbox 3127 5153 3481 5231; x_wconf 77' lang='lat' dir='ltr'>Seminatur</span> <span class='ocrx_word' id='word_1_845' title='bbox 3507 5161 3569 5215; x_wconf 88' lang='lat' dir='ltr'>in</span> <span class='ocrx_word' id='word_1_846' title='bbox 3584 5153 3883 5231; x_wconf 61' lang='grc' dir='ltr'>’1911061ιί-</span> 
     </span>
    </p>
   </div>
   <div class='ocr_carea' id='block_1_111' title="bbox 506 5228 2120 5304">
    <p class='ocr_par' dir='ltr' id='par_1_111' title="bbox 506 5228 2105 5304">
     <span class='ocr_line' id='line_1_111' title="bbox 506 5228 2105 5304; baseline 0.016 -25"><span class='ocrx_word' id='word_1_847' title='bbox 506 5228 710 5285; x_wconf 72' lang='grc' dir='ltr'>ἐαυτοῦ.</span> <span class='ocrx_word' id='word_1_848' title='bbox 743 5228 895 5285; x_wconf 82' lang='lat' dir='ltr'>Editi</span> <span class='ocrx_word' id='word_1_849' title='bbox 921 5228 1103 5282; x_wconf 69' lang='grc' dir='ltr'>αὗτοῦο</span> <span class='ocrx_word' id='word_1_850' title='bbox 1691 5296 1703 5304; x_wconf 86' lang='grc'>,</span> <span class='ocrx_word' id='word_1_851' title='bbox 2079 5228 2105 5304; x_wconf 11' lang='grc' dir='ltr'><em>,ν</em></span> 
     </span>
    </p>
   </div>
   <div class='ocr_carea' id='block_1_112' title="bbox 2265 5228 3879 5304">
    <p class='ocr_par' dir='ltr' id='par_1_112' title="bbox 2265 5228 3879 5304">
     <span class='ocr_line' id='line_1_112' title="bbox 2265 5228 3879 5304; baseline -0.001 -19"><span class='ocrx_word' id='word_1_852' title='bbox 2265 5228 2406 5304; x_wconf 70' lang='lat' dir='ltr'>tate,</span> <span class='ocrx_word' id='word_1_853' title='bbox 2430 5228 2635 5304; x_wconf 77' lang='lat' dir='ltr'>surget</span> <span class='ocrx_word' id='word_1_854' title='bbox 2654 5230 2720 5284; x_wconf 89' lang='lat' dir='ltr'>in</span> <span class='ocrx_word' id='word_1_855' title='bbox 2740 5228 2960 5304; x_wconf 68' lang='lat' dir='ltr'>gloria.</span> <span class='ocrx_word' id='word_1_856' title='bbox 2989 5228 3101 5304; x_wconf 72' lang='lat' dir='ltr'>Sed</span> <span class='ocrx_word' id='word_1_857' title='bbox 3125 5235 3313 5304; x_wconf 90' lang='lat' dir='ltr'>totum</span> <span class='ocrx_word' id='word_1_858' title='bbox 3336 5229 3504 5304; x_wconf 88' lang='lat' dir='ltr'>illud,</span> <span class='ocrx_word' id='word_1_859' title='bbox 3532 5236 3802 5304; x_wconf 76' lang='grc' dir='ltr'>σπείρεται</span> <span class='ocrx_word' id='word_1_860' title='bbox 3823 5230 3879 5283; x_wconf 73' lang='grc' dir='ltr'>ἐν</span> 
     </span>
    </p>
   </div>
   <div class='ocr_carea' id='block_1_113' title="bbox 576 5295 2190 5375">
    <p class='ocr_par' dir='ltr' id='par_1_113' title="bbox 576 5295 2156 5375">
     <span class='ocr_line' id='line_1_113' title="bbox 576 5295 2156 5375; baseline -0.003 -21"><span class='ocrx_word' id='word_1_861' title='bbox 576 5302 651 5372; x_wconf 89' lang='grc'>(8)</span> <span class='ocrx_word' id='word_1_862' title='bbox 694 5304 925 5375; x_wconf 69' lang='grc' dir='ltr'>Υοιθτθε</span> <span class='ocrx_word' id='word_1_863' title='bbox 980 5304 1243 5375; x_wconf 83' lang='lat' dir='ltr'>quatuor</span> <span class='ocrx_word' id='word_1_864' title='bbox 1290 5298 1425 5355; x_wconf 81' lang='lat' dir='ltr'>iibri</span> <span class='ocrx_word' id='word_1_865' title='bbox 1478 5296 1934 5375; x_wconf 45' lang='grc' dir='ltr'>παπὶηάνθρὼπῳ</span> <span class='ocrx_word' id='word_1_866' title='bbox 1988 5295 2156 5375; x_wconf 55' lang='lat' dir='ltr'>enea.</span> 
     </span>
    </p>
   </div>
   <div class='ocr_carea' id='block_1_114' title="bbox 2264 5295 3878 5375">
    <p class='ocr_par' dir='ltr' id='par_1_114' title="bbox 2264 5295 3878 5375">
     <span class='ocr_line' id='line_1_114' title="bbox 2264 5295 3878 5375; baseline 0.003 -23"><span class='ocrx_word' id='word_1_867' title='bbox 2264 5298 2467 5374; x_wconf 78' lang='grc' dir='ltr'>ἀτιμίᾳ,</span> <span class='ocrx_word' id='word_1_868' title='bbox 2484 5295 2802 5375; x_wconf 54' lang='grc' dir='ltr'>έγὶίρεταιξίν</span> <span class='ocrx_word' id='word_1_869' title='bbox 2821 5296 2947 5375; x_wconf 65' lang='grc' dir='ltr'>δόξῃ</span> <span class='ocrx_word' id='word_1_870' title='bbox 2960 5300 3213 5375; x_wconf 81' lang='lat' dir='ltr'>,deestet</span> <span class='ocrx_word' id='word_1_871' title='bbox 3234 5302 3295 5375; x_wconf 81' lang='lat' dir='ltr'>in</span> <span class='ocrx_word' id='word_1_872' title='bbox 3312 5295 3530 5357; x_wconf 87' lang='lat' dir='ltr'>nostris</span> <span class='ocrx_word' id='word_1_873' title='bbox 3546 5295 3681 5358; x_wconf 85' lang='lat' dir='ltr'>octo</span> <span class='ocrx_word' id='word_1_874' title='bbox 3697 5319 3847 5375; x_wconf 86' lang='lat' dir='ltr'>mss.</span> <span class='ocrx_word' id='word_1_875' title='bbox 3862 5346 3878 5371; x_wconf 92' lang='lat'>,</span> 
     </span>
    </p>
   </div>
   <div class='ocr_carea' id='block_1_115' title="bbox 505 5368 3879 5442">
    <p class='ocr_par' dir='ltr' id='par_1_115' title="bbox 505 5368 3879 5442">
     <span class='ocr_line' id='line_1_115' title="bbox 505 5368 3879 5442; baseline 0.003 -22"><span class='ocrx_word' id='word_1_876' title='bbox 505 5368 660 5442; x_wconf 71' lang='grc' dir='ltr'>μένῳ·</span> <span class='ocrx_word' id='word_1_877' title='bbox 694 5374 844 5427; x_wconf 85' lang='lat' dir='ltr'>Editi</span> <span class='ocrx_word' id='word_1_878' title='bbox 885 5377 943 5427; x_wconf 91' lang='lat' dir='ltr'>et</span> <span class='ocrx_word' id='word_1_879' title='bbox 973 5368 1072 5426; x_wconf 56' lang='lat' dir='ltr'>alii</span> <span class='ocrx_word' id='word_1_880' title='bbox 1108 5371 1232 5426; x_wconf 90' lang='lat' dir='ltr'>duo</span> <span class='ocrx_word' id='word_1_881' title='bbox 1278 5386 1439 5442; x_wconf 74' lang='lat' dir='ltr'>mss.</span> <span class='ocrx_word' id='word_1_882' title='bbox 1466 5368 1816 5440; x_wconf 81' lang='lat' dir='ltr'>simpliciter</span> <span class='ocrx_word' id='word_1_883' title='bbox 1861 5368 2018 5422; x_wconf 80' lang='grc' dir='ltr'>παντὶ</span> <span class='ocrx_word' id='word_1_884' title='bbox 2050 5369 2154 5422; x_wconf 83' lang='grc' dir='ltr'>θλι·</span> <span class='ocrx_word' id='word_1_885' title='bbox 2262 5378 2322 5429; x_wconf 89' lang='lat' dir='ltr'>et</span> <span class='ocrx_word' id='word_1_886' title='bbox 2349 5368 2701 5427; x_wconf 60' lang='lat' dir='ltr'>in&#39;editi&#39;one</span> <span class='ocrx_word' id='word_1_887' title='bbox 2741 5368 3087 5427; x_wconf 80' lang='lat' dir='ltr'>Basileensi.</span> <span class='ocrx_word' id='word_1_888' title='bbox 3115 5374 3332 5428; x_wconf 86' lang='lat' dir='ltr'>Basilio</span> <span class='ocrx_word' id='word_1_889' title='bbox 3360 5374 3765 5435; x_wconf 87' lang='lat' dir='ltr'>concionanti,</span> <span class='ocrx_word' id='word_1_890' title='bbox 3791 5368 3879 5431; x_wconf 78' lang='lat' dir='ltr'>an</span> 
     </span>
    </p>
   </div>
   <div class='ocr_carea' id='block_1_116' title="bbox 506 5440 2120 5514">
    <p class='ocr_par' dir='ltr' id='par_1_116' title="bbox 506 5440 1695 5514">
     <span class='ocr_line' id='line_1_116' title="bbox 506 5440 1695 5514; baseline 0.003 -23"><span class='ocrx_word' id='word_1_891' title='bbox 506 5440 723 5514; x_wconf 69' lang='grc' dir='ltr'>ϐομενῳ.</span> <span class='ocrx_word' id='word_1_892' title='bbox 759 5442 986 5498; x_wconf 82' lang='lat' dir='ltr'>ibidem</span> <span class='ocrx_word' id='word_1_893' title='bbox 1015 5443 1139 5498; x_wconf 89' lang='lat' dir='ltr'>duo</span> <span class='ocrx_word' id='word_1_894' title='bbox 1170 5459 1318 5514; x_wconf 71' lang='lat' dir='ltr'>mss.</span> <span class='ocrx_word' id='word_1_895' title='bbox 1345 5440 1496 5492; x_wconf 81' lang='grc' dir='ltr'>Ἀλλά</span> <span class='ocrx_word' id='word_1_896' title='bbox 1516 5446 1695 5514; x_wconf 70' lang='grc' dir='ltr'>γεμὴ.</span> 
     </span>
    </p>
   </div>
   <div class='ocr_carea' id='block_1_117' title="bbox 2263 5440 3877 5514">
    <p class='ocr_par' dir='ltr' id='par_1_117' title="bbox 2263 5442 3877 5514">
     <span class='ocr_line' id='line_1_117' title="bbox 2263 5442 3877 5514; baseline 0.002 -15"><span class='ocrx_word' id='word_1_897' title='bbox 2263 5442 2519 5499; x_wconf 88' lang='lat' dir='ltr'>librariis</span> <span class='ocrx_word' id='word_1_898' title='bbox 2564 5442 2967 5498; x_wconf 81' lang='lat' dir='ltr'>scribentibus</span> <span class='ocrx_word' id='word_1_899' title='bbox 3005 5443 3337 5514; x_wconf 79' lang='lat' dir='ltr'>exciderint</span> <span class='ocrx_word' id='word_1_900' title='bbox 3359 5445 3488 5500; x_wconf 68' lang='lat' dir='ltr'>haec</span> <span class='ocrx_word' id='word_1_901' title='bbox 3518 5444 3725 5510; x_wconf 87' lang='lat' dir='ltr'>verba,</span> <span class='ocrx_word' id='word_1_902' title='bbox 3751 5445 3877 5503; x_wconf 88' lang='lat' dir='ltr'>dici</span> 
     </span>
    </p>
   </div>
   <div class='ocr_carea' id='block_1_118' title="bbox 578 5511 3877 5590">
    <p class='ocr_par' dir='ltr' id='par_1_118' title="bbox 578 5511 3877 5590">
     <span class='ocr_line' id='line_1_118' title="bbox 578 5511 3877 5590; baseline 0 -18"><span class='ocrx_word' id='word_1_903' title='bbox 578 5518 658 5586; x_wconf 79' lang='lat' dir='ltr'>t9)</span> <span class='ocrx_word' id='word_1_904' title='bbox 675 5511 937 5590; x_wconf 36' lang='lat' dir='ltr'>Antiqui</span> <span class='ocrx_word' id='word_1_905' title='bbox 966 5521 1081 5590; x_wconf 76' lang='lat' dir='ltr'>tres</span> <span class='ocrx_word' id='word_1_906' title='bbox 1108 5514 1247 5590; x_wconf 80' lang='lat' dir='ltr'>libri</span> <span class='ocrx_word' id='word_1_907' title='bbox 1275 5511 1536 5590; x_wconf 58' lang='grc' dir='ltr'>ἀλῃθινός,</span> <span class='ocrx_word' id='word_1_908' title='bbox 1570 5511 1745 5590; x_wconf 44' lang='grc' dir='ltr'>δάιος,</span> <span class='ocrx_word' id='word_1_909' title='bbox 1766 5527 1977 5590; x_wconf 45' lang='lat' dir='ltr'>verum,</span> <span class='ocrx_word' id='word_1_910' title='bbox 2010 5527 2154 5569; x_wconf 84' lang='lat' dir='ltr'>san-</span> <span class='ocrx_word' id='word_1_911' title='bbox 2263 5521 2611 5590; x_wconf 79' lang='lat' dir='ltr'>certopossc</span> <span class='ocrx_word' id='word_1_912' title='bbox 2631 5529 2757 5590; x_wconf 80' lang='lat' dir='ltr'>non</span> <span class='ocrx_word' id='word_1_913' title='bbox 2772 5513 3092 5590; x_wconf 77' lang='lat' dir='ltr'>putgzmihi</span> <span class='ocrx_word' id='word_1_914' title='bbox 3113 5520 3317 5590; x_wconf 78' lang='lat' dir='ltr'>tamen</span> <span class='ocrx_word' id='word_1_915' title='bbox 3336 5515 3536 5571; x_wconf 85' lang='lat' dir='ltr'>nescio</span> <span class='ocrx_word' id='word_1_916' title='bbox 3552 5516 3877 5590; x_wconf 85' lang='lat' dir='ltr'>quomodo</span> 
     </span>
    </p>
   </div>
   <div class='ocr_carea' id='block_1_119' title="bbox 506 5583 3877 5660">
    <p class='ocr_par' dir='ltr' id='par_1_119' title="bbox 506 5583 3877 5660">
     <span class='ocr_line' id='line_1_119' title="bbox 506 5583 3877 5660; baseline 0 -17"><span class='ocrx_word' id='word_1_917' title='bbox 506 5583 657 5643; x_wconf 83' lang='lat' dir='ltr'>ctus.</span> <span class='ocrx_word' id='word_1_918' title='bbox 706 5587 823 5645; x_wconf 90' lang='lat' dir='ltr'>Sed</span> <span class='ocrx_word' id='word_1_919' title='bbox 850 5583 985 5641; x_wconf 60' lang='grc' dir='ltr'>’τοι</span> <span class='ocrx_word' id='word_1_920' title='bbox 1020 5585 1165 5645; x_wconf 85' lang='grc' dir='ltr'>ὅσιος</span> <span class='ocrx_word' id='word_1_921' title='bbox 1186 5585 1251 5641; x_wconf 88' lang='lat' dir='ltr'>in</span> <span class='ocrx_word' id='word_1_922' title='bbox 1278 5583 1410 5642; x_wconf 89' lang='lat' dir='ltr'>aliis</span> <span class='ocrx_word' id='word_1_923' title='bbox 1438 5599 1610 5657; x_wconf 88' lang='lat' dir='ltr'>mss.,</span> <span class='ocrx_word' id='word_1_924' title='bbox 1646 5592 1703 5641; x_wconf 91' lang='lat' dir='ltr'>et</span> <span class='ocrx_word' id='word_1_925' title='bbox 1729 5583 1793 5642; x_wconf 90' lang='lat' dir='ltr'>in</span> <span class='ocrx_word' id='word_1_926' title='bbox 1821 5584 1999 5642; x_wconf 85' lang='lat' dir='ltr'>editis</span> <span class='ocrx_word' id='word_1_927' title='bbox 2027 5599 2155 5643; x_wconf 87' lang='lat' dir='ltr'>non</span> <span class='ocrx_word' id='word_1_928' title='bbox 2263 5583 2642 5645; x_wconf 77' lang='lat' dir='ltr'>verisimilius</span> <span class='ocrx_word' id='word_1_929' title='bbox 2670 5585 2756 5654; x_wconf 84' lang='lat' dir='ltr'>ﬁt,</span> <span class='ocrx_word' id='word_1_930' title='bbox 2773 5583 2863 5643; x_wconf 51' lang='lat' dir='ltr'>‘ea</span> <span class='ocrx_word' id='word_1_931' title='bbox 2880 5585 3104 5644; x_wconf 86' lang='lat' dir='ltr'>Basilio</span> <span class='ocrx_word' id='word_1_932' title='bbox 3131 5588 3335 5660; x_wconf 86' lang='lat' dir='ltr'>potius</span> <span class='ocrx_word' id='word_1_933' title='bbox 3353 5602 3543 5659; x_wconf 86' lang='lat' dir='ltr'>quam</span> <span class='ocrx_word' id='word_1_934' title='bbox 3571 5583 3660 5646; x_wconf 71' lang='lat' dir='ltr'>iot</span> <span class='ocrx_word' id='word_1_935' title='bbox 3684 5587 3877 5645; x_wconf 82' lang='lat' dir='ltr'>simul</span> 
     </span>
    </p>
   </div>
  </div>
