4088 6194
518 235 624 290 235

1878 228 1936 284 8.
1975 226 2226 282 BASILH
2265 226 2497 287 MAGNI

3767 240 3884 294 236

514 356 799 420 vicerant,
851 353 1087 407 mutata
1122 350 1392 407 secunda
1446 351 1709 415 fortuna,
1749 348 2127 423 spectaculur

2240 388 2250 404 ι
2281 354 2421 418 τίων,
2453 361 2862 430 περιτραπείσης
2914 356 3090 418 αὐτοῖς
3159 364 3256 419 τῆς
3312 356 3607 431 εὐημερίας,
3665 357 3880 411 ἐλεεινόν

518 440 862 499 miserabile
892 439 1032 496 facti
1060 443 1203 496 sunt
1222 444 1279 495 et
1311 439 1537 496 fabula.
1561 442 1654 496 Ad
1684 441 1813 496 hac
1843 442 2051 510 gentes
2075 436 2164 491 in-

514 537 695 601 tegra
711 546 781 586 ac
802 529 1039 597 insula,
1052 530 1320 601 potentia
1334 545 1458 585 non
1476 529 1765 585 mediocri
1786 530 2162 598 comparata,

514 618 727 675 erectis
773 622 930 673 terra
978 616 1252 689 marique
1294 616 1499 672 multis
1546 616 1811 689 tropais,
1866 611 2164 683 congestis

513 723 588 764 ex
608 706 838 763 exuviis
863 704 1085 777 opibus
1115 704 1336 772 multis,
1361 710 1467 762 aut
1489 711 1818 778 assumpta
1847 707 1989 759 sunt
2018 707 2162 758 tem-

513 812 681 870 pore,
706 800 811 852 aut
839 795 901 851 in
932 794 1338 867 captivitatem
1369 795 1647 861 redacta,
1679 793 1961 850 servitute
1984 790 2160 846 liber-

508 891 693 943 tatem
722 890 1054 940 mutarunt.
1086 885 1151 938 Et
1170 883 1231 938 in
1253 899 1513 948 summa,
1532 882 1942 956 quodcunque
1973 877 2162 935 maxi-

510 991 751 1031 morum
777 978 835 1030 et
890 972 1359 1029 intolerabilium
1391 972 1692 1029 malorum
1720 971 1917 1043 possis
1944 968 2005 1024 in
2035 982 2159 1023 me-

507 1064 679 1121 dium
728 1062 1017 1136 proferre,
1047 1060 1269 1117 nullius
1306 1077 1432 1117 non
1487 1060 1766 1133 exempla
1793 1058 1974 1115 habet
2024 1061 2159 1113 acta

501 1154 631 1225 jam
662 1158 827 1209 atas.
862 1149 1395 1217 Quemadmodum
1424 1150 1605 1219 igitur
1635 1150 1803 1205 libra
1834 1145 2156 1203 momentis

505 1241 906 1299 discernimus
953 1240 1248 1312 pondera,
1281 1245 1339 1295 et
1388 1241 1521 1295 auri
1561 1239 1884 1295 discrimen
1912 1254 1985 1294 ex
2015 1235 2156 1292 coti-

502 1332 652 1388 cula
680 1330 918 1387 aﬁ‘rictu
944 1327 1336 1399 exploramus
1366 1350 1378 1384 :
1408 1328 1493 1385 ita
1519 1329 1568 1383 si
1599 1333 1854 1385 statutos
1896 1325 2075 1382 nobis
2116 1339 2153 1380 a

502 1420 752 1475 Domino
773 1418 928 1473 ﬁnes
959 1431 1030 1471 ac
1057 1415 1277 1471 modos
1310 1421 1655 1488 repetamus
1676 1414 1989 1482 memoria,
2019 1428 2153 1467 nus.

498 1524 687 1582 quam
717 1505 1047 1579 prudentia
1077 1520 1148 1560 ac
1196 1505 1628 1561 moderationis
1656 1505 1948 1560 terminos
1984 1516 2151 1557 exce-

497 1597 734 1653 demus.
769 1598 924 1665 Ergo
954 1594 1005 1649 si
1024 1593 1275 1666 quando
1303 1593 1407 1649 tibi
1437 1592 1664 1666 aliquid
1698 1592 2013 1662 contigerit
2040 1590 2147 1647 ad-

2280 441 2446 513 θέαμα
2496 449 2585 496 καὶ
2634 441 2872 518 διήγημα
2914 449 3134 517 γέγονεν.
3176 445 3332 504 ’Ἐθνή
3367 442 3426 498 δὲ
3465 446 3557 498 ὅλα
3599 451 3690 498 καὶ
3720 456 3879 506 νῆσοι

2275 527 2358 581 ἐπὶ
2401 536 2537 603 μέγα
2585 529 2855 606 δυνάμεως
2898 534 3263 608 προελθοῦσαι,
3296 534 3580 587 καὶπολλά
3620 538 3709 608 μὲν
3735 538 3880 588 κατὰ

2271 627 2391 689 γῆν,
2435 620 2602 673 πολλά
2658 618 2717 674 δὲ
2781 626 2918 675 κατά
2966 622 3233 675 θάλασσαν
3294 622 3559 696 ἐγείρασαι
3620 629 3873 697 τρόπαια,

2270 706 2429 758 πολὺν
2474 705 2533 761 δὲ
2587 709 2806 763 πλοῦτον
2856 710 2912 763 ἐκ
2964 710 3201 785 λαφύρων
3250 710 3645 786 ἀθροίσασαι,ή
3690 718 3876 788 χρόνῳ

2269 796 2711 856 καταναλώθησαν
2773 802 2904 869 (23),
2939 801 2969 859 ἦ
3021 800 3353 873 αἰχμάλωτοι
3402 806 3691 874 γινόμεναι,
3745 798 3877 854 δου-

2267 885 2404 938 λείαν
2451 897 2548 950 τῆς
2600 887 2885 963 ἐλευθερίας
2935 889 3241 953 ἠλλάξαντο.
3289 896 3389 943 Καὶ
3436 890 3582 956 ὅλως,
3633 892 3754 965 ὅπερ
3805 891 3873 944 ἄν

2270 976 2417 1047 εἴπῃς
2458 984 2559 1027 τῶν
2597 982 2856 1049 μεγίστων
2905 984 2994 1030 καὶ
3043 977 3312 1052 ἀφορήτων
3357 987 3550 1045 κακῶν,
3578 975 3683 1037 ἤδη
3729 997 3873 1052 προ-

2265 1060 2435 1114 λαϐὼν
2488 1067 2514 1116 ὁ
2564 1064 2685 1137 βίος
2728 1069 2840 1137 ἔχει
2888 1070 2951 1119 τὰ
2996 1064 3377 1139 ὑποδείγματα.
3424 1067 3623 1140 ’Ὠσπερ
3663 1064 3750 1119 οὖν
3798 1069 3875 1120 τὰ

2267 1150 2408 1227 βάρη
2435 1161 2552 1215 ταῖς
2581 1154 2665 1207 ἐπὶ
2708 1164 2801 1207 τοῦ
2845 1156 3007 1227 ζυγοῦ
3052 1158 3240 1231 ῥοπαῖς
3271 1154 3622 1232 διακρίνομεν,
3650 1162 3738 1210 καὶ
3766 1164 3869 1209 τοῦ

2264 1250 2474 1314 χρυσοῦ
2517 1247 2611 1301 τὴν
2642 1240 2895 1317 διαφορὰν
2942 1253 3005 1318 τῇ
3047 1244 3175 1315 λίθῳ
3200 1248 3311 1315 (24)
3342 1244 3739 1320 προστρίϐοντες
3765 1242 3870 1297 δο-

2263 1330 2571 1402 κιμάζομεν·
2622 1333 2756 1383 οὕτω
2807 1336 2936 1405 πρός
2972 1335 3037 1383 τά
3093 1331 3361 1385 ἐκτεθέντα
3411 1336 3536 1405 ἡμῖν
3582 1333 3724 1406 παρά
3764 1339 3867 1385 τοῦ

2265 1423 2460 1489 Κυρίου
2514 1423 2680 1492 μέτρα
2724 1425 2818 1478 τήν
2877 1427 3086 1494 μνήμην
3154 1420 3572 1497 ἐπαναφέροντες,
3621 1419 3865 1495 οὐδαμοῦ

2261 1506 2322 1557 ἄν
2373 1515 2473 1559 τῶν
2517 1510 2647 1583 ὅρων
2704 1518 2800 1570 τῆς
2846 1514 3185 1585 σωφροσύνης
3227 1509 3550 1584 ἐκπέσοιμεν.
3615 1509 3863 1564 Ἐπειδὰν

2259 1590 2347 1645 οὖν
2394 1601 2477 1647 σοί
2525 1616 2648 1649 ποτε
2694 1604 2968 1672 προσπέσῃ
3024 1608 3123 1651 τῶν
3168 1597 3466 1657 ἀϐουλήτων
3509 1620 3579 1667 τι,
3624 1599 3865 1673 μάλιστα

491 1686 671 1753 versi,
702 1684 965 1740 maxime
996 1699 1135 1738 cum
1174 1687 1440 1739 mentem
1477 1683 1607 1754 jam
1650 1683 1841 1756 probe
1892 1682 2124 1737 instruc

2257 1686 2347 1754 μὲν
2390 1692 2463 1755 τῷ
2506 1691 2991 1759 προευτρεπισμένῳ
3041 1690 3156 1759 (25)
3199 1697 3295 1748 τῆς
3339 1684 3577 1750 διανοίας
3622 1693 3713 1747 τήν
3753 1708 3861 1741 τα-

492 1780 616 1832 tam
647 1774 899 1838 habeas,
938 1788 1014 1828 ne
1042 1771 1337 1828 turberis:
1372 1772 1591 1828 deinde
1628 1787 1794 1839 vero,
1826 1768 2147 1843 prasentia

488 1864 678 1921 facias
701 1862 928 1919 leviora
957 1877 1066 1933 spe
1095 1860 1460 1917 futurorum.
1508 1863 1577 1917 Ut
1623 1861 1786 1916 enim
1828 1860 1888 1921 ii,
1920 1858 2145 1931 quibus

488 1953 648 2010 oculi
676 1951 899 2008 inﬁrmi
922 1954 1082 2014 sunt,
1115 1950 1366 2007 obtutus
1391 1966 1533 2006 suos
1558 1965 1595 2007 a
1619 1949 1801 2005 rebus
1826 1948 2008 2003 nimis
2033 1946 2142 2003 ful-

486 2041 644 2112 gidis
672 2038 1017 2106 deﬂectunt,
1050 2054 1276 2111 eosque
1313 2038 1537 2094 ﬂorum
1579 2043 1636 2094 et
1680 2036 2011 2094 herbarum
2050 2052 2140 2092 re-

485 2134 694 2191 creant
710 2132 1043 2201 conspectu
1076 2144 1090 2182 :
1122 2127 1207 2183 ita
1243 2143 1490 2199 quoque
1520 2142 1644 2183 non
1699 2126 1879 2182 debet
1931 2126 2137 2182 anima

484 2235 726 2292 semper
754 2218 870 2274 sibi
914 2232 1006 2273 res
1037 2217 1232 2273 tristes
1263 2232 1489 2288 ponere
1527 2216 1608 2272 ob
1642 2216 1874 2283 oculos,
1907 2232 2017 2271 nec
2042 2217 2137 2287 ju-

482 2308 637 2379 giter
689 2308 751 2364 in
805 2304 1207 2379 praesentibus
1239 2304 1533 2361 arumnis
1567 2304 1793 2377 ,deﬁgi,
1820 2306 1925 2360 sed
1968 2304 2135 2361 bona

479 2413 625 2453 vera
654 2394 974 2469 speculari.
1006 2397 1089 2450 lta
1119 2393 1390 2448 futurum
1419 2398 1531 2461 est,
1564 2398 1631 2449 ut
1654 2394 1945 2449 continuo
1990 2410 2134 2463 gau-

480 2485 583 2542 dio
614 2484 898 2547 afﬁciare,
928 2483 979 2539 si
1020 2498 1261 2555 semper
1287 2481 1408 2537 vita
1454 2487 1557 2538 tua
1586 2482 1877 2538 referatur
1900 2483 1977 2539 ad
2027 2485 2132 2539 De-

478 2591 605 2642 um,
639 2574 689 2630 si
708 2588 848 2645 spes
895 2570 1404 2628 remunerationis
1447 2586 1748 2626 arumnas
1776 2572 1908 2626 vita
1946 2570 2133 2627 leniat

477 2678 550 2720 ac
571 2662 871 2718 sublevet.
901 2659 1200 2732 Accepisti
1230 2658 1662 2715 contumeliam
1685 2660 1712 2714 ?
1752 2659 1857 2714 sed
1896 2659 1976 2715 ad
2006 2659 2130 2729 glo-

473 2751 629 2807 riam
657 2766 795 2822 qua
815 2749 922 2805 tibi
970 2764 1079 2820 per
1125 2747 1480 2819 patientiam
1510 2747 1573 2803 in
1622 2747 1784 2803 calls
1831 2754 2125 2815 servatur,

475 2838 730 2911 respice.
757 2837 974 2895 Fecisti
998 2836 1296 2896 damnum
1323 2837 1351 2892 ‘?
1380 2841 1453 2893 At
1485 2837 1726 2892 divitias
1751 2837 2042 2908 caelestes,
2075 2844 2131 2894 et

2255 1777 2425 1846 ραχήν
2463 1778 2534 1846 μή
2568 1776 2767 1842 παθεῖν,
2799 1778 2977 1827 ἔπειτα
3009 1773 3068 1829 δὲ
3105 1784 3167 1848 τῇ
3211 1772 3365 1829 ἐλπίδ
3372 1797 3388 1828 ι
3430 1786 3529 1829 τῶν
3569 1776 3861 1850 μελλόντων

2253 1866 2541 1937 κουφότερα
2580 1871 2742 1915 ποιεῖν
2788 1867 2854 1915 τά
2900 1869 3149 1939 παρόντα.
3201 1863 3401 1938 Ὠσπερ
3448 1868 3551 1940 γὰρ
3599 1868 3648 1918 οἱ
3697 1864 3860 1920 ἀσθε-

2251 1957 2353 2011 νεῖς
2400 1953 2466 2002 τά
2516 1955 2749 2023 ὄμματα,
2781 1961 2881 2005 τῶν
2930 1956 3060 2025 ἄγαν
3110 1952 3358 2028 λαμπρῶν
3408 1957 3503 2016 τάς
3549 1954 3694 2025 ὄψεις
3741 1954 3855 2007 ἀπ-

2250 2039 2479 2109 άγοντες,
2511 2038 2562 2091 ἐν
2609 2041 2789 2093 ἄνθεσι
2834 2047 2925 2094 καὶ
2963 2047 3117 2103 πόαις
3163 2045 3679 2119 προσαναπαύουσινσ
3711 2044 3855 2097 οὕτω

2245 2132 2356 2201 χρὴ
2398 2133 2487 2180 καὶ
2524 2133 2614 2187 τήν
2653 2128 2841 2202 ψυχήν
2875 2136 2947 2203 μή
2992 2140 3228 2203 συνεχῶς
3270 2131 3608 2185 καταϐλέπειν
3648 2138 3707 2185 τό
3747 2132 3853 2185 λυ-

2244 2220 2431 2290 πηρόν,
2492 2214 2632 2290 μηδὲ
2678 2226 2788 2280 τοῖς
2852 2228 3110 2295 παροῦσιν
3179 2219 3410 2295 ἀνιαροῖς
3473 2224 3846 2297 προσκεῖσθαι,

2242 2303 2371 2358 ἀλλά
2416 2309 2547 2379 πρὸς
2589 2311 2683 2365 τήν
2728 2309 2942 2382 θεωρίαν
2982 2318 3080 2361 τῶν
3128 2314 3284 2372 ὅντως
3326 2309 3533 2382 ἀγαθῶν
3579 2313 3848 2384 περιάγειν

2241 2395 2407 2457 αὐτῆς
2452 2399 2511 2447 τὸ
2560 2400 2721 2468 ὄμμα.
2773 2398 2925 2448 Οὕτω
2970 2400 3452 2471 κατορθωθήσεται,
3487 2419 3572 2452 σοι
3608 2404 3666 2452 τὸ
3712 2403 3847 2452 πάν-

2240 2504 2355 2537 τοτε
2399 2489 2630 2559 χαίρειν·
2684 2484 2768 2537 ἐὰν
2799 2488 2824 2537 ό
2863 2490 2952 2559 μεν
3002 2486 3121 2559 βίος
3170 2506 3254 2540 σοι
3301 2486 3380 2540 ἀεὶ
3413 2492 3528 2558 (26)
3548 2493 3677 2564 πρὸς
3707 2494 3845 2543 Θεὸν

2242 2571 2528 2647 ἀποϐλέπῃ,
2571 2576 2600 2632 ἡ
2663 2570 2721 2627 δε
2769 2573 2911 2636 ἐλπὶς
2957 2583 3052 2635 τῆς
3100 2572 3417 2638 ἀντιδόσεως
3462 2578 3685 2651 κουφίζῃ
3738 2587 3843 2631 τοῦ

2242 2660 2365 2734 βίου
2406 2665 2473 2715 τά
2499 2662 2729 2737 λυπηρά.
2760 2664 3123 2735 Ὶιτιμάσθηςς
3169 2664 3322 2717 Ἀλλὰ
3362 2669 3492 2738 πρός
3523 2671 3610 2724 τήν
3650 2662 3841 2738 δόξαν,

2239 2757 2328 2810 τήν
2360 2749 2454 2805 διὰ
2497 2761 2592 2814 τῆς
2634 2753 2896 2825 ὑπομονῆς
2940 2752 2991 2805 ἐν
3037 2761 3147 2814 τοῖς
3183 2754 3421 2827 οὐρανοῖς
3469 2753 3840 2828 ἀποκειμενής,

2240 2838 2549 2912 ἀπόϐλεψον.
2594 2840 2962 2913 Ἐζήμιὼθηςς
3004 2842 3139 2895 Ἀλλ’
3177 2847 3463 2895 ένατένισον
3510 2852 3582 2914 τῷ
3628 2842 3843 2917 πλούτῳ

476 2930 828 2986 thesaurum
860 2942 1045 3000 quem
1079 2931 1201 2983 tute
1235 2926 1340 2982 tibi
1386 2942 1492 2999 per
1527 2926 1696 2983 bona
1725 2942 1911 2999 opera
1958 2944 2127 3000 repo-

2240 2938 2309 3000 τῷ
2339 2929 2625 3003 ἐπουρανίῳ
2671 2936 2761 2983 καὶ
2799 2939 2871 3002 τῷ
2921 2932 3189 3005 θησαυρῷ,
3224 2932 3277 2983 ὃν
3310 2930 3501 2985 ἀπέθου
3520 2934 3653 3003 ·(27)
3684 2952 3848 2986 σεαυ-

476 3017 670 3085 suisti,
701 3016 945 3073 intentis
975 3014 1167 3071 oculis
1213 3021 1515 3071 contuere.
1560 3015 1795 3087 Ejectus
1844 3032 1881 3071 a
1932 3017 2130 3089 patria

474 3108 583 3163 es?
628 3108 705 3162 At
733 3104 992 3177 patriam
1015 3102 1209 3159 habes
1240 3101 1544 3159 calestem
1571 3104 1922 3159 Jerusalem.
1948 3104 2128 3161 Orba-

472 3202 571 3253 tus
600 3211 666 3251 es
693 3194 865 3250 ﬁlio?
908 3197 983 3248 At
1019 3192 1213 3248 habes
1255 3192 1527 3262 angelos,
1556 3193 1919 3264 quibuscum
1969 3195 2128 3250 circa

472 3285 577 3342 Dei
606 3283 891 3339 thronum
920 3281 1302 3353 tripudiabis,
1325 3286 1505 3353 atque
1528 3281 1731 3337 latitia
1760 3282 2127 3354 sempiterna

468 3374 687 3430 fruere.
720 3375 927 3443 Itaque
959 3370 1005 3423 si
1047 3368 1164 3424 hoc
1196 3368 1383 3424 modo
1405 3369 1808 3440 prasentibus
1839 3372 2125 3427 arumnis

468 3463 672 3520 futura
715 3460 882 3516 bona
926 3458 1312 3531 apposueris,
1340 3457 1499 3513 hanc
1542 3458 1730 3513 animi
1760 3459 2121 3517 hilaritatem

465 3549 1082 3624 tranquillitatemque
1112 3546 1192 3604 ad
1221 3563 1409 3619 quam
1453 3547 1720 3620 Apostoli
1750 3555 2122 3623 praceptum

465 3658 581 3699 nos
606 3640 904 3705 hortatur,
937 3634 1297 3692 conciliabis
1328 3636 1700 3709 tibimetipsi.
1734 3641 1938 3709 Neque
1977 3655 2121 3695 vero

464 3729 866 3788 immodicum
898 3726 1189 3796 gaudium
1232 3725 1451 3781 anima
1484 3733 1601 3782 tua
1628 3727 1869 3799 pariant
1899 3727 2018 3784 lati
2047 3744 2120 3785 ac

462 3818 644 3877 fausti
669 3832 872 3873 rerum
901 3814 1317 3870 humanarum
1350 3831 1668 3871 successus
1701 3834 1713 3871 :
1757 3832 1952 3888 neque
1983 3817 2117 3874 ulla

460 3926 557 3967 res
586 3908 784 3965 tristes
813 3910 870 3961 et
899 3904 1171 3961 adversa
1203 3919 1325 3976 pra
1351 3905 1592 3961 tristitia
1621 3910 1802 3978 atque
1847 3913 2115 3963 contrac-

459 4002 622 4057 tione
650 4012 788 4053 eam
812 3994 889 4050 de
916 3992 1055 4049 lato
1077 4009 1189 4048 suo
1216 4008 1288 4048 ac
1309 3993 1554 4048 sublimi
1582 4000 1741 4050 statu
1770 3995 2110 4052 deturbent.

458 4089 579 4145 Nisi
617 4085 780 4142 enim
830 4098 905 4139 ea
960 4097 1095 4154 qua
1154 4080 1233 4137 ad
1284 4081 1474 4138 vitam
1505 4088 1801 4155 spectant,
1832 4084 1914 4139 sic
1945 4085 2112 4156 prius

455 4175 637 4233 fueris
668 4173 938 4242 edoctus,
972 4183 1293 4240 nunquam
1342 4174 1589 4224 acturus
1621 4186 1684 4225 es
1706 4170 2010 4242 placidam
2038 4188 2109 4228 ac

450 4261 845 4335 tranquillam
901 4258 1106 4313 vitam.
1158 4256 1274 4313 Sed
1327 4256 1501 4312 facile
1548 4258 1610 4313 id
1658 4275 2004 4332 assequere,
2055 4261 2108 4317 si

448 4356 819 4426 praceptum
849 4363 972 4420 quo
1004 4346 1084 4402 ad
1111 4361 1351 4417 semper
1388 4346 1785 4417 gaudendum
1810 4349 2102 4421 invitaris,

445 4438 741 4498 familiare
781 4435 1016 4492 habeas
1054 4440 1237 4507 atque
1275 4435 1738 4492 contubernale.
1775 4437 1866 4494 Sic
1917 4440 2101 4511 enim,

442 4527 786 4588 amandatis
811 4525 1007 4581 carnis
1038 4523 1603 4596 molestiis,colliges
1629 4527 1854 4596 gaudia
1874 4529 2063 4585 animi
2087 4545 2099 4597 ;

440 4620 527 4676 sic
558 4631 764 4674 rerum
799 4612 1190 4686 prasentium
1235 4628 1420 4669 sensu
1450 4614 1726 4687 superior
1775 4616 1970 4673 factus
2022 4619 2101 4676 ad

437 4713 801 4765 aternorum
841 4704 1145 4759 bonorum
1190 4716 1364 4773 spem
1392 4709 1659 4759 mentem
1700 4708 1869 4761 tuam
1908 4705 2097 4782 inten_

429 4799 561 4867 des,
592 4808 859 4870 quorum
877 4790 974 4847 vel
994 4789 1125 4848 sola
1144 4791 1409 4862 cognitio
1431 4797 1628 4864 potest
1655 4793 1928 4851 animam
1951 4812 2096 4867 gau-

499 4962 614 5043 (23)
654 4953 899 5028 ΑΠίὶᾳαὶ
929 4952 1069 5043 ριΞο
1132 4951 1270 5009 libri
1317 4952 1784 5012 κατηναλώθησαν.
1836 4957 1986 5016 Editi
2037 4965 2093 5019 et

428 5025 530 5093 alii
556 5025 705 5088 mss.
730 5025 1067 5083 καταναλώθη
1078 5044 1194 5081 σαν,

493 5108 603 5175 (24)
645 5101 837 5175 Editio
892 5096 1075 5175 Paris,
1123 5100 1181 5152 et
1229 5110 1388 5151 unus
1427 5095 1620 5175 codex
1658 5100 1801 5170 Reg,
1834 5108 1907 5172 τῷ
1933 5102 2083 5175 φίλῳ,

418 5167 607 5232 Εάἰιὶό
638 5171 818 5228 Basil.
851 5174 909 5225 et
940 5174 1171 5241 septem
1198 5183 1348 5222 mss.
1372 5175 1434 5240 τῇ
1458 5167 1605 5241 λίθῳ.

490 5244 792 5319 (25)_Editi
844 5241 1244 5319 εὐτρεπισμένῳ.
1316 5242 1388 5295 At
1440 5256 1590 5297 mss.
1643 5249 2083 5317 προευτρεπισμέ-

411 5314 506 5390 νῳ,
535 5314 630 5371 νεὶ
652 5314 1166 5394 προήυτρεπισμένρρ.

482 5378 592 5453 (26)
630 5378 872 5454 Antiqui
922 5378 1025 5454 sex'
1077 5378 1213 5439 libri
1239 5378 1357 5454 βιοὲ
1412 5399 1497 5435 σοι
1542 5379 1639 5439 ἀει.
1668 5381 1835 5439 Alius
1884 5385 2075 5443 codex

409 5458 529 5543 βίος
581 5476 696 5543 σου.
732 5453 885 5510 Editi
933 5453 1051 5526 βίος
1085 5453 1183 5509 ἀεί.
1233 5453 1367 5510 Mox
1412 5455 1554 5528 Reg.
1617 5456 1923 5513 secundus
1974 5467 2070 5523 τῆς

404 5524 825 5588 ἀνταποδόσεως,

2236 3027 2307 3088 τῷ
2356 3015 2449 3071 διὰ
2494 3028 2593 3071 τῶν
2640 3017 2847 3091 ἀγαθῶν
2877 3022 3063 3092 ἔργων.
3102 3019 3365 3083 Ἐξέπεσες
3404 3030 3501 3083 τῆς
3536 3018 3840 3096 πατρίδος

2237 3106 2373 3159 Ἀλλ’
2443 3111 2585 3179 ἔχεις
2630 3105 2866 3181 πατρίδα
2939 3114 3028 3167 τήν
3099 3107 3401 3182 ἐπουράνιον
3469 3109 3838 3185 Ἰερουσαλήμ.

2232 3201 2415 3249 Τέκνον
2464 3196 2748 3265 ἀπέϐαλες
2796 3197 2929 3250 Ἀλλ’
2978 3196 3226 3269 ἀγγέλους
3274 3201 3438 3270 ἔχεις,
3477 3199 3589 3272 μεθ’
3637 3199 3702 3251 ὧν
3732 3220 3843 3272 χο-

2230 3288 2434 3359 ρεύσεις
2482 3290 2602 3360 περὶ
2656 3289 2743 3337 τόν
2792 3288 2971 3361 θρόνον
3015 3295 3108 3339 τοῦ
3158 3294 3311 3351 Θεοῦ,
3357 3293 3447 3339 καὶ
3494 3288 3834 3363 εὐφρανθήσῃ

2229 3378 2326 3432 τὴν
2368 3375 2571 3426 αἰώνιον
2612 3375 2950 3449 εὐφροσύνην.
3004 3377 3184 3436 Οὕτως
3228 3373 3505 3438 ἀντιτιθεὶς
3550 3384 3659 3438 τοῖς
3695 3396 3840 3452 παρ-

2229 3471 2376 3515 οῦσιν
2429 3462 2659 3537 ἀνιαροῖς
2724 3467 2789 3516 τά
2847 3460 3261 3538 προσδοκώμενα
3332 3464 3526 3537 ἀγαθὰ,
3586 3466 3835 3538 φυλάξεις

2231 3562 2430 3605 σεαυτὼ
2455 3557 2513 3605 τὸ
2544 3552 2739 3606 ἄλυπον
2758 3553 2868 3626 (28)
2899 3562 2995 3616 τῆς
3040 3553 3228 3626 ψυχῆς
3274 3559 3362 3607 καὶ
3411 3552 3699 3630 ἀτάραχον»
3749 3555 3833 3629 ἔφ’

2227 3640 2253 3693 ὃ
2307 3642 2639 3716 προκαλεῖται
2690 3645 2829 3717 ἡμᾶς
2884 3646 2914 3702 ἡ
2978 3646 3259 3717 νομοθεσία
3331 3652 3423 3697 τοῦ
3478 3644 3830 3719 Ἀποστόλου,

2226 3737 2371 3789 Μήτε
2409 3735 2474 3784 τὰ
2520 3728 2721 3805 φαιδρὰ
2761 3740 2859 3783 τῶν
2909 3730 3242 3807 ἀνθρωπίνων
3298 3735 3619 3807 πραγμάτων
3669 3753 3831 3809 περι-

2223 3826 2444 3895 χαρείας
2491 3820 2745 3895 ἀμέτρους
2792 3820 3066 3894 ἐμποιείτω
3122 3841 3215 3874 σου
3260 3830 3323 3895 τῇ
3369 3821 3548 3895 ψυχῇ,
3596 3827 3728 3896 μήτε
3758 3826 3835 3877 τὰ
3872 3824 3881 3833 ’

2220 3906 2431 3983 λυπήρά
2476 3914 2785 3982 κατηφείαις
2832 3916 2922 3963 καὶ
2968 3910 3250 3971 συστολαῖς
3300 3914 3360 3963 τό
3406 3918 3601 3985 γαῦρον
3657 3910 3834 3976 αὐτῆς

2219 4003 2308 4050 καὶ
2355 3997 2554 4069 ὑψηλὸν
2595 4002 2932 4055 ταπεινούτω.
2980 4005 3065 4058 Μὴ
3107 4003 3205 4074 γὰρ
3255 4000 3389 4051 οὕτω
3436 3996 3835 4074 προπεπαιδευ-

2217 4091 2367 4160 μένος
2421 4093 2539 4163 περὶ
2587 4097 2688 4141 τῶν
2740 4093 2877 4142 κατά
2915 4093 3000 4142 τόν
3047 4088 3185 4162 βίον,
3229 4086 3357 4142 οὐδέ
3406 4109 3531 4143 ποτε
3586 4088 3833 4163 ἀκύμονα

2221 4178 2357 4238 ζωὴν
2404 4182 2493 4229 καὶ
2537 4176 2809 4252 ἀτάραχον
2854 4179 2993 4252 ζήσῃ
3031 4179 3168 4250 (29).
3202 4185 3366 4232 Τοῦτο
3408 4175 3467 4231 δὲ
3498 4198 3583 4231 σοι
3615 4175 3828 4252 ῥᾳδίως

2214 4268 2694 4340 κατορθωθήσεται,
2745 4266 2829 4319 ἐὰν
2876 4271 3008 4341 ἔχῃς
3049 4273 3143 4327 τὴν
3183 4267 3387 4327 ἐντολήν
3428 4270 3685 4336 σύνοικον,
3717 4273 3824 4327 τήν

2213 4359 2433 4409 πάντοτε
2496 4362 2704 4431 χαίρειν
2772 4376 2857 4410 σοι
2930 4366 3308 4433 παραινοῦσαν·
3386 4356 3821 4431 ἀποπεμπόμενος

2211 4449 2301 4517 μεν
2344 4448 2408 4498 τὰ
2450 4445 2659 4519 ὀχληρά
2686 4456 2783 4509 τῆς
2814 4451 3027 4521 σαρκός,
3063 4450 3300 4520 συνάγων
3340 4443 3399 4501 δί
3435 4449 3530 4509 τὰς
3570 4456 3665 4510 τῆς
3699 4447 3817 4519 ψυ-

2208 4543 2321 4607 χῆς
2363 4534 2705 4609 εὐφροσύνας·
2754 4541 2844 4587 καὶ
2888 4544 2987 4589 τῶν
3036 4539 3126 4609 μὲν
3173 4542 3438 4612 παρόντων
3486 4540 3574 4596 τήν
3618 4539 3817 4596 αἴσθη-

2211 4641 2292 4675 σιν
2349 4623 2685 4696 ὑπερϐαίνων,
2734 4628 2865 4699 πρὸς
2931 4622 2991 4680 δε
3046 4630 3134 4685 τὴν
3200 4623 3392 4679 ἐλπίδα
3436 4634 3536 4679 τῶν
3588 4626 3812 4679 αἰωνίων

2206 4710 2484 4765 ἀποτείνων
2541 4718 2631 4772 τὴν
2692 4716 2909 4785 ἔννοιαν,
2957 4716 3026 4767 ὧν
3090 4720 3181 4768 καὶ
3244 4720 3373 4788 μόνη
3442 4718 3472 4774 ἠ
3543 4721 3815 4789 φαντασία

2203 4799 2407 4876 ἕξαρκεῖ
2456 4806 2550 4862 τὴν
2605 4802 2791 4877 ψυχήν
2852 4804 3172 4878 εὐφροσύνης
3236 4804 3534 4881 πληρῶσαι,
3583 4810 3673 4857 καὶ
3742 4809 3809 4860 τὸ

2270 4962 2384 5032 (27)
2420 4962 2807 5020 Colb.tertius
2825 4965 2879 5018 ὃν
2901 4963 3165 5019 ἑναπέθου.
3189 4964 3399 5023 Statim
3419 4964 3583 5023 idem
3602 4965 3808 5025 codex

2197 5049 2338 5090 cum
2372 5036 2490 5090 Rex
2521 5036 2791 5092 secundo
2821 5036 3087 5100 ἐξέπεσας.

2268 5106 2382 5173 (28)
2409 5106 2577 5182 ,Ειξὶῐὶ
2598 5110 2654 5159 τὸ
2685 5107 2890 5176 ἄλυτον,
2928 5108 3298 5179 negligentia
3340 5123 3691 5182 operarum.
3721 5112 3803 5168 At

2193 5191 2339 5231 mss.
2365 5180 2424 5229 τό
2454 5177 2671 5232 ἄλυπον.

2264 5249 2373 5329 (29)
2410 5251 2550 5320 Reg.
2600 5249 2915 5329 secundus
2936 5251 3136 5329 ζήσεις.
3172 5253 3235 5329 In
3261 5250 3382 5329 ﬁne
3409 5249 3804 5329 oratipnis_li-

2185 5320 2373 5393 brarii
2416 5336 2527 5376 suo
2571 5322 2800 5393 quique
2830 5322 3141 5393 arbitratu,
3171 5328 3236 5378 ut
3284 5322 3499 5387 solent,
3536 5320 3797 5393 doxolo-

2186 5390 2347 5472 giam
2367 5390 2779 5472 scripserunt:
2815 5392 2921 5449 sed
2941 5391 3004 5448 id
3029 5393 3321 5451 adnotare
3345 5410 3456 5452 nec
3484 5392 3649 5458 libet,
3672 5408 3794 5452 nec

2184 5462 2329 5521 utile
2360 5462 2556 5523 fuerit.
