4088 6194
578 292 686 349 239

1941 288 2001 345 S.
2056 290 2309 347 BASILII
2345 291 2583 348 MAGNI,

3836 303 3956 356 240

575 416 672 469 tus
688 413 820 469 dies
834 412 965 484 jam
987 412 1244 484 adesset,
1270 416 1641 487 vocaretque
1671 428 1894 487 preco,
1909 429 1981 470 ac
2000 413 2230 486 patroni

2349 413 2623 491 ἀνθρώπου
2671 422 2767 476 τὴν
2804 415 3108 492 τυραννίδα,
3155 440 3245 472 και
3294 416 3607 492 διηγεὶσθαι
3657 423 3955 496 μέλλουσαν

576 507 777 559 essent
807 503 1021 575 parati,
1039 502 1220 558 simul
1242 507 1307 559 ut
1336 502 1546 575 incipit
1564 502 1829 559 hominis
1854 503 2238 574 tyrannidem

576 590 879 663 detegere,
901 591 1082 647 simul
1104 595 1170 647 ut
1197 596 1371 664 parat
1388 597 1449 648 et
1478 592 1754 662 modum,
1779 608 1902 665 quo
1928 591 2094 648 bona
2109 592 2238 647 haec

576 680 745 741 initio
771 684 947 753 parta
965 680 1224 747 fuerant,
1245 686 1302 737 et
1322 682 1610 754 temporis
1631 681 2240 752 diuturnitatem,qua

578 771 920 829 dominium
951 770 1146 844 ipsius
1176 771 1615 839 stabiliebatur,
1646 771 1976 839 declarare,
2007 775 2241 843 postea-

579 878 698 935 que
749 862 861 919 viri
911 861 1265 919 violentiam
1295 867 1352 918 et
1382 862 1698 919 avaritiam
1731 860 1848 934 34
1880 861 2195 933 deplorare
2222 879 2235 929 ;

577 951 866 1026 prodiens
886 949 980 1008 ille
1002 951 1062 1007 in
1084 951 1541 1022 medium,dixit
1558 967 1684 1007 non
1710 951 1889 1007 licere
1908 950 2049 1006 huic
2073 949 2237 1006 litem

582 1058 781 1113 agere.
806 1045 1007 1115 Neque
1047 1041 1205 1097 enim
1247 1040 1339 1097 fas
1373 1040 1671 1113 essejuris
1694 1038 2034 1096 communis
2055 1040 2238 1111 parti-

580 1130 745 1204 cipes
766 1147 901 1187 esse
931 1146 1055 1200 eos,
1073 1131 1178 1202 qui
1201 1129 1634 1203 imperatorum
1660 1129 1807 1185 deos
1834 1143 1958 1184 non
1982 1127 2241 1184 colerent

581 1236 694 1277 nec
719 1220 934 1276 Christi
948 1219 1133 1275 ﬁdem
1152 1217 1809 1290 ejurarent.Videbatur
1821 1216 2061 1290 praesidi
2075 1217 2239 1287 justa

584 1314 642 1366 et
667 1326 845 1383 aequa
874 1308 1094 1379 dicere,
1120 1308 1505 1380 rationesque
1536 1307 1616 1363 ad
1642 1323 1769 1363 rem
1796 1305 2082 1361 facientes
2104 1321 2237 1377 pro-

581 1400 756 1457 ferre.
789 1399 998 1455 Statim
1035 1397 1214 1469 igitur
1256 1396 1392 1453 thus
1414 1396 1660 1453 affertur
1707 1400 1764 1451 et
1805 1395 2013 1462 focus;
2053 1393 2237 1467 idque

581 1489 964 1563 propositum
981 1492 1069 1542 est
1082 1484 1457 1556 litigantibus
1474 1504 1487 1553 ;
1506 1489 1797 1556 negantes
1810 1484 2057 1557 quidem
2075 1482 2234 1540 Chri-

584 1583 768 1647 stum,
792 1576 1027 1647 legibus
1047 1580 1105 1631 et
1124 1575 1329 1645 legum
1353 1574 1635 1647 praesidio
1653 1573 1958 1638 fruituros,
1983 1571 2240 1628 retinen-

584 1672 672 1725 tes
711 1682 854 1723 vero
890 1664 1097 1735 ﬁdem,
1122 1680 1322 1737 neque
1351 1663 1567 1735 forum,
1600 1679 1798 1737 neque
1826 1662 2009 1731 leges,
2040 1676 2237 1733 neque

2350 510 2437 564 τόν
2463 526 2518 559 τε
2545 512 2736 581 τρόπον
2774 517 2871 570 τῆς
2908 506 2961 570 ἐξ
2990 506 3163 582 ἀρχῆς
3211 514 3463 577 κτήσεως,
3496 517 3586 564 καὶ
3628 522 3719 565 τοῦ
3748 519 3957 588 χρόνον

2348 597 2406 646 τὸ
2437 604 2603 667 μῆκος
2650 604 2741 649 τοῦ
2782 596 3116 670 βεϐαιοῦντος
3163 603 3256 655 τὴν
3304 596 3630 669 δεσποτείαν,
3682 598 3791 654 εἶτα
3854 609 3957 662 τήν

2350 681 2474 756 βίαν
2527 693 2617 737 τοῦ
2643 682 2835 759 ἀνδρὸς
2880 692 2968 738 καὶ
3015 691 3108 745 τὴν
3154 686 3438 749 πλεονεξίαν
3484 686 3788 763 ὀδύρεσθαι·
3836 711 3956 744 πα-

2347 771 2559 845 ρελθὼν,
2595 774 2687 826 ούκ
2732 778 2819 848 ἔφη
2872 775 3222 848 εἰσαγώγιμον
3270 775 3399 828 εἶναι
3435 782 3529 836 τὴν
3580 775 3735 838 δίκην
3787 778 3958 854 (μηδὲ

2347 863 2446 935 γὰρ
2492 858 2620 914 εἶναι
2662 865 2866 936 θεμιτόν
2908 873 3007 917 τῶν
3055 873 3236 917 κοινῶν
3278 870 3515 937 μετέχειν
3562 872 3686 930 τοὺς
3726 874 3798 942 μὴ
3846 869 3957 921 λα-

2347 953 2620 1024 τρεύοντας
2649 960 2755 1015 τοῖς
2797 955 2926 1014 θεοῖς
2984 961 3085 1005 τῶν
3143 952 3422 1027 βασιλέων,
3472 960 3562 1007 καὶ
3608 961 3679 1029 μὴ
3732 956 3959 1031 ἐξομνυ-

2347 1043 2529 1110 μένους
2558 1041 2668 1112 (37)
2715 1046 2809 1100 τὴν
2858 1041 2928 1104 εἰς
2959 1046 3188 1116 Χριστόν
3235 1047 3458 1112 πίστιν).
3502 1041 3706 1098 Ἐδόκει
3758 1043 3962 1099 δίκαιοι

2346 1126 2508 1199 λέγειν
2555 1138 2627 1201 τῷ
2674 1131 2917 1205 ἄρχοντι,
2968 1136 3056 1183 καὶ
3100 1130 3356 1204 ἀναγκαῖα
3406 1138 3784 1206 προτείνεσθαι,
3842 1143 3960 1190 Καὶ

2348 1216 2497 1278 εὐθὺς
2516 1216 2815 1287 λιϐανωτὸς,
2847 1224 2936 1272 καὶ
2982 1219 3210 1294 ἐσχάρα,
3241 1226 3330 1273 καὶ
3369 1224 3623 1296 πρότασις
3652 1231 3758 1286 τοῖς
3788 1221 3962 1278 δικοι-

2348 1304 2601 1378 ζομένοις·
2649 1305 2977 1382 ἀρνουμένοις
3030 1313 3142 1381 (38)
3212 1313 3303 1382 μὲν
3348 1315 3435 1363 τόν
3510 1317 3760 1386 Χριστόν,
3817 1312 3963 1367 ἀπο-

2344 1393 2518 1447 λαύειν
2560 1405 2659 1448 τῶν
2690 1402 2856 1471 νόμων
2902 1404 2992 1450 καὶ
3039 1408 3133 1461 τῆς
3182 1397 3268 1451 ἀπ’
3319 1400 3486 1453 αὐτῶν
3535 1401 3790 1474 ὠφελείας·
3848 1402 3959 1455 ἀν-

2345 1490 2646 1557 τεχομένοις
2687 1483 2746 1538 δε
2785 1496 2877 1549 τῆς
2925 1493 3170 1556 πίστεως,
3204 1495 3334 1561 μήτε
3378 1487 3756 1564 δικαστηρίων,
3806 1499 3963 1566 μήτε

2345 1578 2536 1647 νόμων,
2584 1580 2717 1647 μήτε
2745 1585 2841 1639 τῆς
2880 1576 3067 1639 λοιπῆς
3116 1578 3377 1641 πολιτείας
3422 1586 3679 1653 μετέχειν,
3729 1584 3797 1643 ὡς
3830 1584 3962 1641 ἡτι-

2344 1667 2599 1735 μωμένοις
2623 1667 2757 1717 κατὰ
2786 1669 2871 1717 τόν
2894 1671 3048 1739 νόμον
3080 1676 3178 1719 τῶν
3206 1672 3319 1720 τότε
3343 1672 3687 1743 κρατούντων.

585 1756 818 1828 .Ieliqua
846 1755 1101 1812 civitatis
1125 1755 1266 1826 jura
1294 1752 1785 1827 participaturos,
1824 1751 2051 1825 quippe
2079 1749 2306 1823 quibus
2337 1751 2534 1808 edicto
2571 1753 3005 1826 imperatorum
3045 1760 3188 1812 tunc
3226 1758 3516 1830 temporis
3557 1759 3961 1830 regnantium

586 1845 841 1904 infamia
859 1848 1038 1902 esset.

658 1937 712 1991 2.
742 1932 894 2000 Quid
922 1932 1103 2003 igitur
1123 1927 1373 2004 postea?
1393 1931 1546 1986 Num
1575 1927 1923 1984 divitiarum
1954 1931 2132 2000 capta
2151 1931 2230 1983 est

2415 1932 2468 1985 2.
2500 1934 2563 1983 Τί
2593 1951 2679 1984 ουν
2710 1930 2784 1984 έτὶ
2814 1935 3054 2001 τούτοις;
3105 1941 3243 2009 Ἀρα
3271 1931 3552 1996 ἐδελεάσθη
3598 1946 3669 2009 τῷ
3699 1936 3916 2012 πλούτῳ
3942 1957 3962 2009 ;

585 2021 917 2081 illecebris?
936 2036 1086 2077 num
1107 2035 1214 2092 per
1231 2017 1568 2091 quamdam
1591 2033 1731 2072 cum
1751 2016 1996 2072 homine
2017 2014 2238 2086 injurio

588 2111 1035 2169 contentionem
1063 2106 1326 2178 neglexit
1348 2106 1664 2178 profutura
1685 2105 1712 2160 ‘?
1758 2121 1905 2160 num
1936 2103 2241 2160 exhorruit

586 2200 920 2275 periculum
966 2215 1003 2255 a
1038 2196 1347 2270 judicibus
1383 2194 1792 2267 impendens?
1830 2193 2064 2250 Minime
2094 2208 2237 2264 gen-

582 2292 769 2348 tium:
802 2294 882 2361 at,
922 2287 1153 2353 Valeat,
1194 2284 1409 2357 inquit,
1448 2284 1594 2351 vita,
1646 2287 1896 2355 pereant
1939 2282 2233 2356 pecuniae,

581 2381 783 2455 potius
803 2395 880 2436 ne
908 2392 1132 2449 corpus
1162 2373 1409 2447 quidem
1432 2371 1581 2428 mihi
1607 2373 1887 2444 supersit,
1917 2388 2104 2444 quam
2130 2370 2238 2426 im-

581 2471 684 2544 pia
695 2469 817 2526 ulla
826 2466 1086 2525 verbain
1100 2468 1283 2521 Deum
1303 2462 1407 2534 qui
1419 2476 1516 2517 me
1528 2461 2237 2533 condidit,proferam.Ac

579 2564 810 2635 quanto
830 2555 1028 2627 magis
1038 2553 1284 2610 videbat
1298 2551 1567 2623 judicem
1580 2550 1675 2607 his
1691 2549 2072 2606 sermonibus
2094 2564 2234 2605 exa-

579 2649 828 2723 sperari,
850 2651 907 2703 et
925 2659 1166 2701 summa
1185 2641 1508 2698 adversum
1537 2655 1602 2694 se
1621 2640 1712 2695 ira
1731 2638 2037 2707 succendi,
2067 2642 2235 2694 tanto

577 2738 888 2795 uberiores
908 2738 1030 2791 Deo
1057 2731 1284 2804 gratias
1315 2729 1553 2799 agebat,
1587 2727 1753 2801 quod
1776 2744 1913 2783 cum
1939 2727 2014 2783 de
2042 2725 2235 2782 cadu—

578 2828 663 2884 cis
689 2825 908 2898 opibus
932 2823 1213 2893 litigaret,
1249 2819 1383 2874 visa
1420 2822 1507 2873 est
1549 2816 1882 2873 caelestium
1928 2816 2232 2872 bonorum

578 2915 693 2973 sibi
713 2911 1163 2988 possessionem
1198 2912 1487 2974 astruere,
1512 2910 1570 2961 et
1598 2911 1754 2962 terra
1799 2904 2049 2978 quidem
2096 2919 2236 2977 spo-

574 3005 727 3074 liari,
760 3008 827 3059 ut
845 3000 1216 3074 adipiscatur
1243 2995 1618 3069 paradisum,
1651 2996 1914 3068 itemque
1934 2994 2092 3051 inuri
2116 2992 2235 3048 sibi

576 3093 917 3158 infamiam,
949 3094 1015 3145 ut
1043 3087 1245 3160 gloriae
1275 3085 1515 3142 coronis
1542 3084 1843 3141 habeatur
1870 3083 2077 3154 digna,
2112 3098 2236 3139 cor-

2345 2018 2375 2077 ἣ
2399 2027 2460 2091 τῇ
2494 2023 2614 2096 τρός
2645 2024 2730 2073 τόν
2770 2018 3056 2075 ἀδικοῦντα
3093 2023 3372 2098 φιλονεικίᾳ
3409 2030 3467 2078 τό
3514 2032 3770 2102 συμφέρον
3800 2049 3965 2104 παρ-

2345 2104 2525 2173 εῖδεν;
2584 2110 2614 2169 ἢ
2657 2114 2743 2162 τὸν
2792 2109 2847 2162 ἐκ
2894 2106 2993 2163 τῶν
3041 2108 3304 2165 δικαστῶν
3353 2112 3703 2189 ἐπηρτημένον
3750 2114 3964 2170 κίνδυ-

2341 2215 2424 2248 νον
2473 2193 2722 2270 ἐξεπλάγη
2768 2202 2912 2271 (39);
2964 2200 3248 2274 Ούμενοῦν·
3290 2200 3419 2272 ἀλλ’,
3470 2203 3704 2279 nepam,
3757 2212 3958 2279 φησὶν,

2343 2283 2525 2357 ὁβίος,
2559 2287 2791 2358 οἰχέσθω
2834 2293 3111 2362 χρήματα·
3161 2287 3300 2362 μηδὲ
3342 2295 3400 2343 τό
3451 2295 3603 2364 σῶμα
3648 2314 3738 2366 μοι
3786 2314 3963 2369 περι-

2341 2373 2592 2447 λειφθείη,
2639 2381 2761 2451 πρίν
2810 2396 2928 2429 τινα
2975 2383 3142 2450 φωνην
3193 2378 3396 2452 ἀφιέναι
3430 2384 3535 2451 (40)
3594 2380 3754 2442 ἀσεϐῆ
3801 2390 3961 2439 κατὰ

2340 2471 2433 2515 τοῦ
2454 2469 2731 2526 κτίσαντός
2756 2474 3009 2538 μεΘεοῡ.
3056 2472 3156 2521 Καὶ
3194 2470 3301 2541 ὅσῳ
3348 2468 3495 2522 πλέον
3527 2470 3661 2545 ἑώρα
3706 2475 3792 2524 τόν
3837 2475 3959 2550 οἷρ-

2341 2573 2508 2624 χοντα
2554 2561 2663 2616 τοῖς
2707 2552 2883 2626 λόγοις
2930 2560 3134 2623 τούτοις
3185 2555 3595 2632 ἀγριαινόμενον,
3653 2565 3742 2613 καὶ
3808 2568 3967 2637 πρὸς

2341 2647 2428 2700 τὴν
2470 2642 2706 2714 ἐσχάτην
2737 2645 2853 2695 κατ’
2900 2642 3065 2707 αὐτῆς
3105 2645 3265 2719 ὀργὴν
3308 2646 3655 2721 ἐκκαιόμενον,
3700 2655 3963 2726 τοσούτῳ

2338 2731 2623 2804 πλέονμι-ί)
2674 2733 2976 2808 εὐχαρίστει
3014 2731 3087 2807 τῷ
3137 2743 3270 2807 Θεῷ,
3319 2738 3421 2810 ὅτι,
3443 2743 3734 2812 χρημάτων
3766 2744 3963 2817 φθαρ-

2341 2829 2439 2872 τῶν
2465 2820 2893 2894 ἀμφισϐητοῦσα,
2944 2822 3097 2895 ἐφάνη
3148 2833 3247 2876 τῶν
3291 2826 3534 2900 οὐρανίων
3579 2826 3785 2899 ἀγαθῶν
3825 2833 3964 2904 (42)

2342 2908 2496 2983 ἑαυτῇ
2549 2908 2839 2983 βεϐαιοῦσα
2883 2917 2978 2971 τὴν
3023 2921 3232 2972 κτῆσινο
3273 2919 3362 2967 καὶ
3404 2925 3500 2987 γῆν
3544 2920 3637 2989 μὲν
3680 2917 3965 2992 ἀφαιρου-

2341 3001 2492 3071 μένη,
2525 2999 2606 3050 ἵνα
2652 2995 2976 3074 παράδεισον
3007 3007 3287 3069 κτήσηται,
3346 3001 3553 3077 ἀτιμίαν
3600 3002 3661 3058 δὲ
3707 3005 3965 3061 καταδι-

2342 3090 2625 3160 καζομένη,
2674 3086 2758 3140 ἱνα
2801 3097 2901 3141 τῶν
2952 3093 3210 3162 στεφάνων
3259 3092 3368 3159 (43)
3412 3102 3509 3155 τῆς
3557 3090 3719 3157 δόξης
3768 3116 3964 3151 κατοι-

577 3148 701 3260 ίῖιίξ
724 3148 986 3255 denique
1013 3148 1219 3248 flagris
1245 3174 1414 3241 caedi,
1441 3170 1496 3230 et
1517 3174 1832 3247 temporali
1851 3148 1970 3230 vita
1989 3172 2230 3246 privari,

2344 3176 2527 3248 ξιωθῇ’
2562 3185 2714 3250 σῶμα
2762 3173 2821 3230 δε
2876 3180 3305 3253 καταικιζομένη,
3355 3187 3445 3234 καὶ
3503 3183 3641 3244 ζωην
3689 3182 3965 3260 ἀφαιρου-

578 3279 645 3332 ut
664 3288 809 3329 mox
827 3286 965 3327 cum
991 3266 1277 3324 omnibus
1304 3264 1524 3321 sanctis
1543 3263 1604 3319 in
1630 3262 1884 3319 ccelestis
1902 3262 2072 3332 regni
2093 3277 2237 3332 gau-

580 3365 695 3422 diis
743 3360 1087 3426 constituta,
1125 3356 1340 3412 beatas
1387 3370 1528 3426 spes
1569 3357 2000 3424 consequatur.
2059 3354 2235 3408 Caete-

578 3469 718 3512 rum
738 3466 878 3507 cum
909 3462 1072 3520 saepe
1097 3444 1488 3512 interrogata,
1521 3457 1682 3513 saape
1711 3457 1922 3497 vocem
1951 3440 2233 3497 eamdem

582 3542 895 3607 emitteret,
925 3538 1141 3593 testata
1181 3548 1312 3589 esse
1352 3546 1416 3587 se
1466 3529 1679 3587 Christi
1725 3528 2027 3600 ancillam,
2063 3545 2233 3584 cum-

581 3648 702 3706 que
722 3628 1132 3686 exsccraretur
1160 3638 1265 3679 eos
1294 3620 1400 3694 qui
1426 3618 1542 3676 sibi
1563 3622 1735 3675 erant
1763 3618 2068 3689 ejurandaa
2094 3617 2235 3674 ﬁdei

582 3726 883 3786 auctores,
906 3722 1037 3774 tum
1067 3713 1316 3770 demum
1342 3710 1530 3783 judex
1559 3707 1889 3782 iniquitatis
1917 3707 2082 3764 illam
2109 3723 2235 3764 non

582 3811 803 3886 opibus
831 3806 1033 3864 solum
1062 3808 1119 3861 et
1162 3801 1648 3875 possessionibus
1676 3799 1896 3872 quibus
1923 3798 2141 3870 injuste
2180 3803 2238 3855 et

582 3906 797 3976 praeter
813 3899 977 3969 leges
997 3893 1256 3968 spoliata
1272 3891 1485 3961 fuerat,
1507 3891 1795 3962 privavit;
1824 3905 2030 3947 verum
2053 3889 2258 3945 etiam'

583 4007 721 4049 eam
756 3987 884 4059 igni
912 3983 1215 4049 traditam,
1265 3983 1478 4051 morte,
1520 3982 1585 4034 ut
1625 3978 1890 4044 rebatur,
1942 3978 2233 4034 multavit.

579 4081 784 4137 Julitta
809 4091 954 4133 vero
984 4073 1062 4130 ad
1104 4070 1274 4127 nulla
1310 4069 1445 4125 vita»
1474 4067 1922 4124 oblectamenta
1958 4083 2130 4138 aeque
2159 4067 2238 4123 fe-

578 4170 871 4227 stinanter
898 4160 1179 4230 cucurrit,
1222 4163 1403 4231 atque
1440 4155 1702 4213 accessit
1727 4154 1809 4210 ad
1848 4153 2014 4210 illam
2059 4155 2237 4211 ﬂam-

578 4274 767 4325 mam,
794 4254 964 4322 facie,
996 4250 1230 4316 habitu,
1259 4245 1459 4303 verbis
1501 4250 1558 4301 et
1597 4243 2005 4301 eﬁlorescente
2033 4244 2236 4302 hilari-

2342 3269 2466 3339 μένη
2534 3270 2628 3323 τὴν
2695 3270 3036 3340 πρόσκαιρον,
3104 3269 3187 3320 ἶνα
3246 3278 3345 3321 τῶν
3386 3276 3659 3346 μακαρίων
3716 3272 3964 3328 ἐλπίδων

2341 3352 2584 3419 λάϐηται,
2634 3358 2765 3428 μετά
2805 3357 3009 3407 πάντων
3058 3365 3158 3409 τῶν
3207 3358 3369 3430 ἁγίων
3413 3362 3522 3433 (44)
3581 3360 3631 3413 ἐν
3673 3370 3733 3435 τῇ
3791 3373 3967 3441 χοιρᾴ

2341 3452 2437 3505 τῆς
2476 3442 2752 3516 βασιλείας
2807 3446 3167 3521 εύρισκομένη.
3216 3447 3304 3509 Ὠς
3357 3445 3416 3501 δὲ
3454 3449 3702 3514 πολλάκις
3730 3450 3962 3527 ἐρωτω-

2342 3536 2488 3605 μένη,
2520 3531 2766 3595 πολλάκις
2791 3538 2885 3592 τὴν
2932 3534 3094 3593 αὐτὴν
3143 3538 3282 3609 ἠφίει
3326 3543 3529 3610 φωνὴν,
3575 3536 3767 3599 δούλην
3814 3541 3962 3595 ἐοιν-

2341 3625 2436 3681 τὴν
2483 3630 2574 3674 τοῦ
2618 3629 2853 3697 Χριστοῦ
2905 3621 3151 3694 λέγουσα,
3203 3630 3292 3678 καὶ
3334 3634 3599 3703 κατηρᾶτο
3645 3637 3757 3692 τοῖς
3808 3636 3962 3706 πρὸς

2342 3715 2436 3769 τὴν
2493 3710 2711 3786 ἄρνησιν
2758 3711 3217 3786 προκαλουμένοις
3263 3719 3378 3768 τότε
3426 3712 3493 3775 δὴ
3545 3718 3570 3769 ό
3618 3723 3805 3793 κριτὴς
3844 3731 3961 3785 τῆς

2344 3796 2559 3863 ἀδικίας
2589 3800 2648 3852 ού
2687 3804 2839 3873 μόνον
2886 3804 2952 3853 τὰ
2993 3808 3255 3877 κτήματα,
3298 3805 3365 3855 ὧν
3415 3800 3609 3868 ἀδίκως
3656 3813 3745 3860 καὶ
3794 3814 3963 3886 παρὰ

2342 3892 2465 3950 τοὺς
2512 3893 2703 3962 νόμους
2764 3888 3021 3965 ἀφῄρητο,
3095 3890 3465 3966 ἀπεστέρησεν,
3516 3893 3646 3948 ἀλλά
3696 3901 3787 3950 καὶ
3844 3905 3961 3959 τὴν

2344 3978 2479 4038 ζωὴν
2509 3978 2671 4036 αὐτὴν
2709 3980 3140 4053 προσεξημίωσεν
3170 3984 3239 4043 ὡς
3277 3981 3528 4056 ἐνοόμιζε,
3577 3990 3706 4059 πυρὶ
3760 4006 3962 4062 παρα-

2343 4063 2468 4128 δούς
2519 4067 2698 4126 αύτήν.
2752 4067 2809 4120 Ἠ
2861 4064 2921 4120 δὲ
2967 4073 3095 4143 πρὸς
3142 4067 3292 4124 οὐδὲν
3341 4073 3475 4125 ούτω
3520 4082 3622 4127 τῶν
3668 4078 3805 4128 κατά
3857 4082 3963 4132 τὸν

2342 4154 2456 4228 βίον
2521 4164 2745 4230 τερπνῶν
2830 4157 3151 4231 ἠπειγμένως
3232 4157 3474 4236 ἔδραμεν,
3554 4166 3625 4226 ὡς
3686 4163 3774 4217 ἰπὶ
3846 4174 3963 4228 τὴν

2340 4243 2503 4317 φλόγα
2549 4243 2698 4304 ἦλθεν
2766 4244 2985 4314 ἐκείνην,
3052 4256 3313 4323 προσώπῳ
3374 4257 3463 4306 καὶ
3530 4259 3791 4328 σχήματι,
3850 4265 3961 4313 καὶ

577 4353 696 4406 tate
721 4348 934 4415 ingens
961 4339 1149 4398 animi
1178 4336 1471 4408 gaudium
1501 4333 1953 4391 ostendens.Ac
1983 4334 2230 4402 quidem

2343 4335 2415 4395 οἷς
2471 4332 2762 4407 ἐφθέγγετο,
2806 4341 2898 4388 καὶ
2947 4345 3010 4410 τῇ
3071 4336 3365 4415 ἑπανθούση
3442 4338 3778 4417 φαιδρότητι,
3840 4355 3959 4413 τῆς

575 4437 851 4493 hortatur
885 4434 1151 4488 astantes
1179 4426 1482 4496 mulieres,
1522 4428 1589 4480 ut.
1614 4439 1691 4479 ne
1712 4425 1792 4479 ad
1812 4422 2092 4479 ferendos
2119 4439 2230 4496 pro

572 4524 795 4599 pietate
821 4521 1061 4578 labores
1092 4506 1599 4585 remollescerent,
1638 4530 1837 4586 neque
1870 4531 2050 4570 sexus
2079 4529 2229 4587 prte-

569 4612 886 4672 tenderent
908 4607 1335 4665 inﬁrmitatem.
1382 4607 1622 4671 Sumus,
1652 4602 1984 4676 inquiebat,
2016 4619 2090 4660 ex
2125 4620 2226 4661 ea-

641 4719 757 4792 (37)
795 4716 986 4774 Editio
1006 4713 1195 4792 Paris.
1215 4717 1305 4792 καὶ
1324 4717 1395 4785 μὴ
1422 4709 2020 4792 ἐξρμνυμέζουςκΕόνξιὶρ
2045 4710 2223 4792 Basil.

567 4798 626 4850 et
648 4780 885 4848 ‘no'vem
932 4803 1080 4843 mss.
1112 4788 1203 4836 καὶ
1232 4780 1621 4889 ἐξομνυὶμένουςξ
1670 4780 2097 4838 Combeﬁsiani
2128 4798 2222 4838 co-

571 4865 729 4889 3:---
766 4860 968 4889 ...ι-...ηὸτι
1001 4856 1101 4889 ηιςῖ
1153 4859 1238 4889 νηὶ
1276 4859 1342 4889 ..πὶ
1379 4852 1398 4889 ἓ
1432 4856 1772 4889 ηΑυΛςιηέω-ηιρ
1844 4868 1951 4889 non
1992 4852 2222 4889 ΡΑ»)ηόΙέ

566 4865 731 4920 dices
766 4860 970 4917 nescio
1000 4856 1105 4930 qui
1153 4859 1243 4930 καί
1271 4852 1342 4930 μὴ
1377 4852 1819 4930 ἐξαρνουμένουςκ
1844 4868 1951 4908 nec
1992 4852 2224 4930 Christi

558 4938 740 5007 ﬁdem
781 4922 1092 5007 nquzreﬁt.
1149 4922 1539 5007 Arbitramur‘
1568 4922 1930 5007 particulam
1983 4929 2054 5007 μή
2115 4931 2221 4983 aut

560 4994 1020 5081 exprimendam
1068 5013 1221 5081 esse,
1276 5001 1377 5081 aut
1424 4994 1589 5081 certe
1611 4994 2103 5052 subaudiendam
2151 5013 2219 5054 ex

557 5066 1066 5152 praecedentibus,
1101 5074 1227 5152 τοὺς
1251 5076 1321 5141 μὴ
1354 5066 1714 5152 λατρεύοντας.
1871 5140 1882 5152 1
2022 5138 2061 5152 ﬂ
2087 5135 2126 5152 ν

769 5146 962 5227 ξίἀὶῐὶο
986 5135 1176 5227 ,Ρεὶΐὶςμ
1206 5135 1591 5227 ἀρνουμένἠν..;
1623 5135 2215 5227 ἀντεζοᾲμένμηνζξςίἱίίρ

554 5209 733 5278 Βέδϋί
755 5218 1168 5292 ἀρνουμένης...
1212 5209 1590 5292 ἀπικομένης.
1623 5215 1708 5292 “At
1754 5209 1944 5292 nostri
1990 5223 2212 5292 novem

551 5307 696 5348 mss.
745 5282 1583 5364 ἀρ’νουμένοις....ἀντεχομένοις.
1620 5282 1815 5339 Secuti
1863 5295 2101 5348 sumus,
2147 5285 2213 5338 ut

547 5377 663 5434 par
687 5357 836 5428 erat,
868 5357 1056 5434 libros
1091 5357 1397 5434 antiquos.

619 5436 733 5504 (39)
765 5425 908 5502 Reg.
934 5431 1166 5504 primus
1201 5425 1476 5504 ἐνέπλᾴχη.

613 5491 730 5576 (40)
762 5491 1024 5576 Veteres
1045 5505 1309 5576 quatuor
1358 5491 1494 5576 libri
1526 5498 1696 5576 φωνὴν
1743 5491 1963 5576 ἀφεῖναι.
1983 5493 2207 5576 ’διεξίω

539 5564 774 5649 aliquot
800 5590 947 5631 mss.
999 5564 1107 5644 6σῷ
1150 5570 1320 5624 πλέον.
1374 5564 1542 5622 Alius
1586 5564 1793 5622 codex’
1826 5569 1885 5621 et
1924 5564 2067 5621 editi
2096 5564 2217 5638 ὃσῳ.

2333 4422 2522 4496 ψυχῆς
2585 4426 2643 4475 τὸ
2720 4428 3006 4500 περιχαρὲς
3088 4425 3412 4500 ἐμφαίνουσα
3450 4451 3465 4466 ο
3551 4430 3957 4508 παρακαλοῦσα

2332 4516 2425 4575 τὰς
2498 4517 2893 4588 παρεστηκυίας
2976 4523 3076 4568 τῶν
3149 4528 3407 4588 γυναικῶν
3435 4559 3450 4585 ,
3533 4526 3606 4596 μὴ
3682 4543 3951 4600 mm-

2331 4600 2642 4662 λακίζεσθαι
2679 4605 2810 4677 πρὸς
2856 4607 2977 4667 τοὺς
3034 4605 3161 4682 ὑπὲρ
3222 4616 3319 4672 τῆς
3376 4609 3650 4675 ἐὐσεϐείας
3711 4619 3945 4688 πόνους,

2330 4714 2499 4760 πλεῖον
2513 4750 2526 4763 .

2401 4780 2514 4860 (4-1)
2556 4778 2707 4835 Editi
2737 4783 2793 4860 et
2822 4778 2955 4860 du_o_
2984 4798 3131 4840 mss.
3180 4789 3413 4860 τοσούτῳ
3434 4786 3617 4846 πλείω.
3664 4790 3784 4849 Sed
3827 4795 3949 4856 alii

2327 4856 2591 4924 quatuor
2608 4854 2842 4924 τοσούτῳ
2862 4852 3030 4924 πλέον.

2711 4922 3013 5005 secugdus
3033 4923 3318 5005 ἦφοένητῶν
3339 4929 3558 4984 αἰωνίων
3580 4931 3815 5005 ἀγαθῶν.

2395 4995 2506 5059 (43)
2538 4993 2630 5074 Sic
2657 5010 2806 5074 mss.
2825 4993 3081 5074 plurimi.
3107 4998 3257 5055 Editi
3288 4998 3370 5053 ἵνα
3395 5009 3490 5061 κτή
3501 4993 3660 5061 cura}:
3687 5014 3783 5059 τοῦ
3806 5028 3945 5064 στι-

2324 5064 2482 5135 φοίνου
2509 5081 2522 5119 :
2553 5064 2615 5120 in
2661 5064 2907 5150 quibi—13‘
2929 5067 3184 5125 verbum
3223 5078 3490 5132 κτήσηται
3517 5075 3788 5150 παρέλκειν
3836 5084 3944 5141 vei

2321 5150 2481 5191 caaco
2506 5142 2780 5218 apparet.
2802 5137 3056 5218 pulpam
3078 5154 3208 5218 esse
3227 5157 3552 5218 operarum
3579 5137 3727 5203 inihi
3748 5137 3947 5212 facile

2318 5206 2690 5296 persuadeo;
2713 5208 2817 5280 qui
2840 5206 2985 5296 cum
2999 5211 3181 5296 paulo
3202 5206 3342 5296 ante
3365 5216 3695 5296 edidissent
3719 5218 3807 5273 ἵνα
3826 5206 3942 5279 te}:

2315 5280 2565 5352 ράδεισον
2596 5280 3172 5354 κτήσηταιΝΞςῘᾶΠωΓ
3189 5285 3444 5343 verbum
3464 5295 3731 5348 κτήσηται
3758 5297 3938 5354 osci-

2317 5353 2512 5405 tanter
2540 5365 2763 5422 rursus
2782 5351 3083 5422 posuisse.

2385 5423 2498 5500 (44)
2528 5421 2769 5509 Antiqui
2788 5421 2906 5476 tres
2921 5421 3058 5478 libri
3079 5431 3492 5509 cum_utraque
3512 5430 3773 5509 editione
3785 5442 3939 5509 μετὰ

2312 5493 2516 5544 πάντων
2541 5493 2847 5569 τῶνιάγίων,
2881 5508 3015 5549 cum
3044 5497 3320 5554 omnibus
3363 5493 3608 5561 sanctis.
3650 5504 3766 5563 Alii
3785 5493 3936 5569 'tres

2311 5579 2460 5620 mss.
2489 5565 2620 5636 μετὰ
2649 5560 2897 5635 ἁγσγῑλων,
2929 5580 3064 5622 cum
3101 5571 3355 5641 angelis.
