4088 6194
193 279 286 334 2H

1292 275 1587 334 HOMILIA
1618 277 1687 332 IN
1716 274 2100 333 MARTYREM
2134 273 2468 331 JULlTTAM

3475 275 3582 331 242

193 401 329 477 μηδι
382 407 490 462 τὴν
537 411 639 465 τῆς
690 406 893 476 φύσεως
931 401 1197 455 ἀσθένειαν
1249 401 1692 475 προφασίζεσθαι.
1725 399 1774 450 Ἐ

1882 396 2063 453 .dem
2105 412 2179 453 ex
2216 413 2341 470 qua
2380 396 2493 453 viri
2522 396 2661 469 ipsi,
2693 410 2918 453 massa.
2962 395 3054 452 Ad
3102 394 3205 452 Dei
3248 394 3580 468 imaginem

192 501 277 545 τοῦ
318 493 495 545 αὐτοῦ
531 496 856 567 φυράματος,
902 491 1148 564 λέγουσα,
1206 498 1320 553 τοῖς
1348 488 1602 563 ἀνδράσιν
1633 489 1807 562 ἐσμέν.

194 582 318 636 Κατ’
365 582 552 634 εἰκόνα
608 588 744 635 Θεοῦ
790 585 1090 654 γεγόναμεν,
1138 583 1207 641 ὡς
1243 585 1335 632 καὶ
1374 580 1536 634 οὗτοι.
1596 580 1810 653 Ἀρετῆς

192 669 431 725 δεκτικὸν
488 675 549 723 τό
602 670 731 730 θῆλυ
776 673 1041 743 ὁμοτίμως
1086 679 1159 741 τῷ
1188 669 1363 744 ἄῤῥενι
1404 672 1549 743 παρά
1577 676 1669 722 τοῦ
1699 670 1807 719 κτί-

190 781 373 822 σαντος
394 765 607 833 γέγονε.
643 764 745 814 Καὶ
793 765 847 813 τί
883 763 982 835 γὰρ
1032 762 1062 819 ἣ
1115 766 1382 832 συγγενεῖς
1426 766 1535 821 τοῖς
1578 754 1805 832 ἀνδράσι

189 847 277 902 διὰ
324 852 545 901 πάντων
595 848 747 921 ἱσμέν
779 867 794 913 ;
830 849 907 901 Οὑ
949 851 1049 922 γὰρ
1090 847 1222 921 σὰρξ
1268 853 1421 921 μόνον
1451 846 1644 919 ἔλήφθη
1674 849 1804 920 πρὸς

185 943 429 1010 γυναικός
478 943 834 1004 κατασκευὴν,
883 936 1013 990 ἀλλὰ
1040 942 1129 990 καὶ
1161 938 1348 990 ὀστοῦν
1376 936 1433 989 in
1462 944 1562 989 τῶν
1587 935 1796 988 ὀστέων.

186 1026 343 1081 Ὠοτε
408 1030 475 1080 τὸ
538 1027 776 1102 στερρόν,
836 1032 928 1079 καὶ
975 1030 1193 1093 εὔτονον,
1245 1032 1336 1079 καὶ
1395 1027 1797 1098 ὑπομονητικὸν,

186 1117 235 1180 ξ
258 1120 379 1170 ἴσου
419 1124 543 1178 τοῖς
605 1113 834 1191 ἀνδράσι
856 1120 947 1169 καὶ
976 1116 1096 1191 παρ’
1122 1119 1266 1189 ἡμῶν
1297 1114 1551 1187 ὀφείλεταί
1591 1111 1664 1185 τῷ
1705 1121 1798 1167 Δε-

186 1212 370 1277 πότη.
433 1214 629 1260 Ταῦτα
674 1207 915 1273 εἰποῦσα,
964 1209 1093 1280 πρὸς
1134 1210 1228 1264 τὴν
1276 1208 1443 1279 πυρὰν
1472 1204 1630 1264 ἥλατο
1660 1205 1795 1268 (45).

182 1303 209 1354 ἡ
240 1293 298 1349 δι
324 1304 688 1372 περισχοῦσα
713 1304 808 1358 τῆς
838 1296 998 1367 ἁγίας
1026 1298 1085 1348 τό
1130 1303 1300 1368 σῶμα,
1354 1296 1528 1369 ὥσπερ
1566 1312 1646 1355 τις
1697 1294 1794 1346 θα-

180 1386 333 1459 λαμος
406 1390 687 1458 φωτεινὸς,
749 1390 845 1445 τὴν
894 1386 987 1457 μὶν
1049 1384 1230 1456 ψυχὴν
1287 1384 1373 1437 έπὶ
1427 1388 1522 1443 τὴν
1558 1383 1794 1456 οὐράνιον

180 1483 377 1549 χώραν,
422 1480 523 1528 καὶ
564 1480 658 1533 τὴν
698 1478 997 1549 πρέπουσαν
1045 1474 1175 1547 αὑτῇ
1205 1473 1353 1537 λῆξιν
1408 1471 1690 1546 ἀνέπεμψε,
1734 1475 1793 1524 τὸ

183 1561 233 1617 δε
264 1571 447 1637 τίμιον
495 1573 658 1637 σῶμα
704 1562 947 1636 ἀκέραιον
993 1560 1287 1617 διεσώσατο
1328 1570 1441 1625 τοῖς
1484 1567 1790 1637 προσήκου-

181 1674 274 1706 σιν-
324 1656 462 1727 ὅπερ
523 1653 580 1706 ἓν
639 1662 712 1725 τῷ
765 1652 1023 1724 καλλίστῳ
1072 1657 1489 1727 προτεμνίσματι
1546 1662 1643 1715 τῆς
1693 1656 1789 1705 πό-

1920 488 2172 560 perinde
2200 494 2383 561 atque
2421 486 2504 543 illi
2528 486 2753 543 fuimus
2779 486 3057 543 conditis.
3106 486 3335 557 Mulier,
3384 503 3578 560 perae-

1917 592 2052 649 quae
2084 593 2156 633 ac
2185 578 2292 646 vir,
2324 593 2361 634 a
2391 577 2704 633 conditore
2732 576 2892 633 facta
2953 580 3044 633 est
3083 576 3315 634 virtutis
3358 594 3574 651 capax.

1916 668 2144 740 Ecquid
2172 669 2334 724 enim
2360 668 2388 723 ?
2418 684 2622 724 nonne
2643 684 2857 723 sumus
2879 667 3025 723 viris
3054 673 3328 737 cognatm
3354 668 3419 724 in
3448 684 3578 726 om-

1912 755 2093 812 nibus
2112 758 2140 813 ?
2170 761 2285 813 Nec
2315 758 2476 813 enim
2507 760 2822 829 assumpta
2843 760 2932 813 est
2959 772 3101 813 caro
3141 756 3272 813 sola
3302 757 3381 814 ad
3430 774 3575 816 con-

1912 844 2178 902 dendam
2204 846 2538 912 mulierem,
2564 846 2671 902 sed
2696 850 2751 902 et
2789 862 2857 901 os
2895 862 2967 902 ex
2995 846 3239 902 ossibus
3258 847 3328 902 ⁵⁸.
3376 848 3572 913 Quare

1909 935 2267 1001 constantia,
2316 935 2624 1003 fortitudo,
2675 950 2745 990 ac
2788 935 3134 1007 patientiaa
3183 934 3361 991 nobis
3386 936 3570 993 etiam

1906 1023 2159 1095 perinde
2183 1029 2366 1097 atque
2396 1040 2433 1080 a
2461 1024 2601 1080 viris
2627 1024 2882 1080 Domino
2911 1023 3185 1080 debetur.
3220 1023 3319 1079 His
3365 1024 3564 1090 dictis,

1905 1112 2197 1184 prosilivit
2236 1112 2299 1169 in
2337 1129 2578 1183 rogum,
2610 1113 2717 1185 qui
2739 1117 3031 1185 tanquam
3051 1112 3287 1182 fulgens
3314 1112 3565 1186 quidam

1905 1200 2215 1257 thalamus
2259 1202 2530 1258 mulieris
2568 1207 2793 1258 sanctae
2825 1217 3050 1274 corpus
3094 1202 3561 1275 circumplexus,

1902 1292 2333 1346 transmissain
2344 1291 2699 1361 religionem
2720 1290 3049 1361 caelestem,
3063 1295 3120 1347 et
3138 1290 3564 1350 inconvenien-

1902 1382 2023 1435 tem
2044 1379 2096 1434 ei
2115 1380 2384 1450 requiem
2406 1381 2633 1449 anima,
2665 1380 3087 1436 venerandum
3117 1395 3338 1452 corpus
3365 1396 3563 1438 neces-

1900 1468 2071 1524 sariis
2088 1484 2159 1525 ac
2179 1470 2538 1542 propinquis
2553 1470 2853 1539 integrum
2877 1469 2931 1525 ei
2953 1468 3256 1526 incolume
3268 1469 3557 1541 servavit:

1898 1557 2066 1628 quod
2095 1558 2155 1612 in
2186 1558 2597 1629 pulcherrimo
2630 1559 2808 1613 unius
2835 1557 3041 1630 templi
3065 1557 3229 1613 urbis
3264 1557 3562 1616 vestibulo

1898 1646 2285 1714 tumulatum,
2320 1652 2447 1702 tum
2477 1647 2593 1719 ipsi
2616 1646 2773 1716 loco,
2828 1652 2957 1703 tum
2995 1648 3088 1714 iis,
3132 1646 3238 1718 qui
3278 1645 3357 1702 ad
3398 1646 3562 1703 hunc

176 1744 292 1805 λιι-ις
367 1747 618 1816 κείμενον
685 1743 893 1815 ἁγιάζει
947 1746 1037 1815 μὲν
1087 1746 1174 1795 τὸν
1243 1748 1419 1807 τόπον,
1467 1742 1673 1815 ἁγιάζει
1730 1739 1774 1795 δ]

1895 1734 2099 1791 locum
2128 1736 2447 1805 accedunt,
2480 1738 2862 1815 sanctitatem
2889 1735 3139 1793 confert.
3158 1739 3335 1792 Terra
3354 1739 3561 1794 autem

176 1840 288 1895 τοὺς
337 1834 418 1895 εἰς
470 1832 637 1885 αὑτὸν
681 1837 971 1895 συνιόντας.
1024 1839 1091 1892 Γῆ
1150 1829 1210 1886 δὲ
1260 1834 1290 1891 ἡ
1343 1831 1789 1904 κατευλογηθεῑσα

176 1930 230 1992 τῇ
284 1918 564 1995 έπιδημίᾳ
606 1931 704 1984 τῆς
750 1927 1032 1997 μακαρίρς,
1088 1921 1143 1974 ἐκ
1195 1930 1296 1974 τῶν
1321 1922 1520 1975 οἰκείων
1556 1921 1786 1994 λαγόνων

171 2008 360 2074 ὕδατος
420 2015 590 2084 φύσιν
646 2014 1007 2085 χαριεστάτην
1063 2010 1267 2071 ἀνῆκεν·
1331 2013 1464 2064 ὥστε
1520 2016 1609 2070 τὴν
1656 2014 1788 2087 μὰρ-

172 2120 297 2174 rapa
337 2100 463 2153 ἀντὶ
502 2104 710 2174 μητρός
756 2105 1027 2173 γενομένην
1073 2102 1179 2153 οἶόν
1230 2120 1329 2153 τινι
1371 2100 1595 2173 γάλακτι
1632 2110 1786 2172 κοινῷ

173 2191 518 2247 τιθηνεῖσθαι
550 2193 673 2252 τοὺς
715 2189 767 2242 έν
818 2198 881 2263 τῇ
939 2189 1105 2242 πόλει.
1164 2197 1328 2243 Τοῦτο
1370 2195 1461 2243 καὶ
1510 2192 1785 2262 ὑγαίνουσι

172 2278 558 2354 ξυλακτήριον,
590 2284 684 2330 καὶ
712 2287 949 2353 τρυφῶσι
980 2283 1255 2354 σωφρόνως
1283 2276 1481 2342 ἡδονῆς
1527 2286 1780 2355 χορηγία,

170 2372 252 2419 καὶ
300 2368 658 2442 ἀρῥωστοῦσι
690 2371 1022 2443 παραμυθία·
1082 2373 1170 2427 τὴν
1219 2378 1311 2421 τοῦ
1339 2369 1643 2423 Ἐλισσαίου
1678 2373 1784 2441 χά-

165 2476 243 2529 ριν
298 2458 377 2519 εἰς
428 2457 864 2530 ’ῐεριχουντίους,
915 2460 1109 2516 ταύτην
1149 2459 1221 2520 εἰς
1272 2461 1410 2532 ἡμᾶς
1431 2464 1781 2533 παρασχομέ-

164 2566 250 2608 nc
292 2556 398 2608 τῆς
454 2549 751 2620 μάρτυρος,
810 2550 868 2598 τὸ
923 2545 1151 2621 ἁλμυρόν
1206 2555 1299 2609 τῆς
1355 2557 1532 2611 κοινῆς
1582 2552 1782 2621 φύσεως

161 2643 258 2686 τῶν
302 2640 436 2709 περὶ
481 2640 574 2687 τόν
626 2640 782 2688 τόπον
823 2632 1030 2688 ὑδάτων
1083 2637 1155 2699 εἰς
1178 2635 1417 2708 γλυκεῖαν
1465 2642 1555 2691 καὶ
1581 2638 1780 2698 ἁπαλὴν

157 2728 245 2775 καὶ
271 2734 529 2797 προσηνῆ
564 2731 726 2777 πᾶσιν
755 2727 1007 2784 αἰσθησιν
1050 2722 1143 2777 διὰ
1193 2734 1289 2788 τῆς
1333 2726 1567 2799 εὐλογίας
1614 2747 1777 2801 μετα-

155 2811 459 2875 ϐαλούσης.
484 2816 556 2866 Οἱ
580 2810 789 2889 ἄνδρες,
817 2819 886 2886 μὴ
940 2811 1301 2877 καταδέξησθε
1327 2824 1582 2888 γυναικῶν
1636 2816 1777 2872 έλάτ-

149 2921 277 2965 τους
330 2903 571 2976 ὀφθῆναί
626 2908 754 2977 πρὸς
812 2909 906 2963 τὴν
954 2903 1233 2959 εὐσέϐειαν.
1278 2907 1342 2956 Αἱ
1396 2913 1653 2976 γυναῖκες,
1703 2912 1774 2980 μὴ

152 2989 521 3064 ἀποληφθῆτε
576 3000 670 3045 τοῦ
725 2990 1132 3067 ὑποδείγματος·
1196 2992 1307 3045 ἀλλ’
1363 2993 1768 3069 ἀπροφασίστως

1897 1825 2090 1881 beata-3
2112 1826 2295 1897 hujus
2329 1825 2595 1881 adventu
2616 1826 2731 1898 35
2755 1841 3049 1898 prospera
3070 1824 3304 1895 effecta,
3328 1841 3557 1899 aquam

1896 1914 2307 1983 gratissimam
2361 1931 2392 1970 e
2436 1914 2573 1970 sinu
2603 1930 2714 1969 suo
2760 1913 2955 1971 emisit
2986 1929 2999 1980 ;
3031 1914 3187 1972 adeo
3216 1918 3281 1971 ut
3325 1920 3561 1987 martyr

1893 2002 2021 2058 vice
2051 2003 2261 2059 matris
2288 2003 2455 2059 velut
2475 2002 2788 2059 communi
2814 2002 3017 2075 aliquo
3038 2004 3193 2060 lacte
3243 2005 3401 2060 cives
3446 2021 3558 2063 nu-

1894 2091 2050 2147 triat.
2086 2094 2221 2147 Haec
2252 2108 2415 2165 aqua
2440 2097 2499 2148 et
2529 2092 2696 2147 sanis
2728 2091 2933 2160 tutela,
2961 2097 3020 2149 et
3048 2093 3245 2149 sobrie
3265 2093 3554 2151 delician-

1894 2180 2054 2236 tibus
2102 2180 2431 2253 voluptatis
2472 2181 2730 2252 largitio,
2773 2186 2831 2237 et
2880 2182 3056 2252 aegris
3101 2182 3384 2239 solatium
3441 2187 3552 2241 est.

1894 2269 2068 2335 Quod
2094 2269 2460 2326 collocatum
2484 2276 2573 2326 est
2596 2270 2677 2327 ab
2724 2270 2936 2327 Eliseeo
2964 2271 3027 2328 in
3075 2272 3553 2330 Hierichuntinos

1889 2357 2257 2415 beneﬁcium
2279 2360 2348 2427 ⁸⁷,
2378 2359 2492 2416 hoc
2520 2359 2684 2416 idem
2728 2365 2960 2432 martyr
2987 2360 3051 2416 in
3091 2376 3208 2417 nos
3248 2361 3504 2418 contulit
3534 2380 3548 2432 ;

1891 2463 2031 2504 cum
2062 2448 2432 2519 salsuginem
2462 2464 2600 2521 quae
2620 2448 2680 2504 in
2712 2450 3023 2505 communi
3053 2465 3356 2523 aquarum
3406 2450 3548 2507 huic

1887 2535 2023 2593 loco
2055 2537 2463 2609 adjacentium
2494 2542 2715 2595 natura
2743 2539 3088 2611 percipitur.
3147 2539 3208 2594 in
3259 2554 3546 2611 saporem

1887 2625 2128 2682 dulcem
2159 2642 2596 2700 ammnumque
2624 2632 2682 2684 et
2704 2626 2990 2683 omnibus
3011 2643 3259 2684 suavem
3302 2627 3547 2685 benedi-

1886 2714 2080 2769 ctione
2112 2716 2559 2773 transmutavit.
2592 2716 2737 2783 Viri,
2768 2715 2952 2772 nolite
2979 2715 3166 2772 videri
3205 2718 3428 2789 pietate
3456 2716 3545 2774 in-

1882 2801 2131 2859 feriores
2166 2804 2543 2860 mulieribus.
2593 2804 2889 2877 Mulieres,
2922 2820 3001 2860 ne
3040 2805 3413 2862 desciveritis
3460 2805 3539 2862 ab

1879 2891 1997 2948 hoc
2025 2892 2304 2965 exemplo
2330 2914 2344 2948 :
2370 2893 2479 2949 sed
2499 2895 2649 2949 citra
2670 2893 2855 2950 ullam
2877 2896 3329 2951 excusationem
3352 2894 3540 2967 pieta-

1878 2983 2001 3036 tem
2030 2980 2485 3052 amplectimini,
2519 2998 2660 3037 cum
2689 2982 2888 3054 reipsa
2908 2988 3173 3054 expertis
3199 2983 3429 3039 fueritis
3448 3000 3537 3040 se-

148 3089 250 3140 τῆς
301 3080 582 3141 εὐσεϐείας
638 3080 921 3154 ἀντέχεσθε
968 3085 1117 3151 (46)·,
1154 3085 1289 3155 ξογῳ
1334 3068 1514 3157 πεῖραν
1570 3084 1767 3138 λασοῦ-

1882 3084 1990 3123 xus
2029 3068 2443 3125 inﬁrmitatem
2495 3069 2668 3125 vobis
2718 3070 3156 3142 impedimento
3211 3087 3336 3127 non
3378 3088 3532 3143 esse,

152 3188 268 3235 σαι,
311 3172 405 3221 ὅτι
448 3173 582 3244 πρὸς
629 3166 780 3222 οὑδὶν
823 3172 944 3244 ὑμῖν
1008 3179 1107 3224 τῶν
1150 3169 1359 3243 ἀγαθῶν
1410 3177 1468 3225 τὸ
1499 3172 1769 3249 ἐλάττωμα

149 3266 250 3319 τὶς
270 3261 489 3329 φύσεως
520 3256 813 3331 ἐμποδίζει.
845 3265 851 3270 ’

226 3351 283 3402 3.
340 3346 528 3399 Πολλὰ
580 3353 698 3421 περὶ
745 3358 842 3409 τῆς
886 3350 1148 3423 μάρτυρος
1197 3346 1353 3403 εἰπεῖν
1382 3353 1705 3424 ὡρμημένον,
1737 3355 1764 3404 ὀ

148 3438 287 3505 χθὶς
336 3439 473 3507 ἡμῖν
521 3439 750 3497 κινηθεὶς
801 3438 970 3509 λόγος,
1023 3437 1207 3500 ἀτελὴς
1253 3440 1625 3513 καταλειφθεὶς,
1668 3447 1762 3501 τήν

151 3523 231 3575 iri
290 3525 474 3577 πλεῖον
550 3524 600 3577 ἕν
672 3529 878 3587 τούτοις
949 3524 1225 3603 διατριϐὴν
1301 3529 1395 3581 οὑκ
1475 3528 1757 3605 ἐπιτρέπει.

150 3619 446 3687 ,δυσχερὴς
504 3609 565 3666 δε
609 3633 691 3676 τις
746 3613 845 3687 έγὼ
884 3620 1031 3688 φύσει
1072 3622 1203 3691 πρὸς
1232 3625 1333 3670 πᾶν
1371 3621 1430 3671 τό
1471 3616 1758 3676 ἀτέλεστον,

144 3699 403 3775 ’.ιτερπὲς
473 3705 565 3775 μὶν
638 3707 740 3778 γὰρ
808 3706 993 3777 θέαμα,
1065 3711 1155 3759 καὶ
1208 3707 1355 3759 εἰκὼν
1409 3707 1462 3771 ἐξ
1513 3711 1759 3781 ἡμισείας

150 3795 246 3847 τὶν
303 3796 543 3863 μίμησιν
590 3795 811 3863 ἓχουσκ,
845 3795 1122 3866 ἄχρηστος
1155 3791 1214 3849 δὲ
1244 3793 1552 3870 ὁδοιπορίας
1580 3803 1755 3866 πόνος,

150 3884 221 3949 ξιὲ
304 3884 441 3952 πρὸς
512 3884 571 3931 τό
644 3887 971 3955 προκείμενον
1016 3888 1193 3957 πέρας,
1261 3882 1400 3958 μηδὲ
1456 3890 1589 3960 πρὸς
1639 3892 1760 3951 τοὺς

150 3974 484 4042 ὡρισμένους
538 3972 805 4043 σταθμοὺς
879 3969 1236 4035 ἀποσωθέντος
1288 3982 1380 4027 τοῦ
1447 3972 1753 4051 ὁδοιπόρου.

150 4064 249 4110 Καὶ
310 4061 484 4131 Θήρας
534 4064 594 4110 τὸ
651 4063 794 4133 ποιρά
848 4066 1035 4135 μικρὸν
1090 4066 1205 4115 ἴσον
1237 4062 1350 4117 ἐστὶ
1384 4073 1476 4118 τοῦ
1506 4062 1752 4138 μηδενόςυ

142 4152 233 4198 καὶ
280 4150 337 4198 οἱ
378 4152 659 4221 τρέχοντες
702 4147 748 4199 ἐν
786 4156 895 4209 τοῖς
948 4147 1210 4218 σταδίοις,
1242 4152 1336 4206 ’ένὶ
1366 4153 1615 4215 πολλάκις
1645 4154 1753 4229 βή-

144 4255 271 4306 ματι
332 4242 481 4308 μόνῳ
554 4236 937 4305 ἱλαττωθέντες,
987 4249 1086 4291 τῶν
1169 4239 1425 4317 βραϐείων
1496 4242 1749 4306 ἐξέπεσον.
1787 4289 1834 4346 D

146 4331 181 4346 ο
223 4331 235 4343 ι
306 4328 323 4339 ⁸
391 4333 429 4346 κο
516 4330 593 4346 Αμο
745 4325 757 4346 ἓ
811 4331 821 4346 ν
897 4342 906 4346 -
970 4330 1021 4346 At
1205 4338 1225 4346 α
1375 4339 1394 4346 .-
1430 4331 1473 4346 I.
1644 4333 1678 4346 .\

146 4331 243 4377 Καὶ
298 4328 456 4397 ἡμεῖς
509 4330 683 4377 τοίνυν
737 4325 1131 4399 ἐπίμνασθέντες
1160 4338 1261 4381 τῶν
1304 4339 1395 4383 τοῦ
1430 4331 1752 4387 Ἀποστόλου

142 4416 392 4487 ῥημάτων
445 4416 601 4487 χθὶς,
655 4419 745 4467 καὶ
819 4415 868 4468 ἐν
925 4415 1186 4491 βραχέσιν
1243 4418 1533 4483 ἐλπίζοντες
1587 4443 1753 4499 παρα-

144 4497 475 4574 δραμείσθαι
554 4504 725 4555 αὐτῶν
789 4511 884 4564 τὴν
959 4504 1193 4561 διάνοιαν
1266 4509 1402 4580 (47),
1476 4497 1750 4586 εὑρέθημεν

142 4589 516 4643 πολλαπλάσια
587 4600 690 4644 τῶν
746 4598 1021 4666 εἰρημένων
1094 4596 1493 4671 παραλιπόντες·
1566 4597 1747 4676 διόπερ

144 4674 432 4748 iamautem
481 4680 754 4752 ἡγούμεθα
808 4683 928 4754 ὑμῖν
984 4684 1092 4751 (48)
1148 4694 1246 4736 τῶν
1274 4684 1626 4759 ἐλλειφθέντων
1654 4674 1747 4749 τὴν

143 4766 355 4822 Erum.
390 4768 630 4840 ἐλέγετο
676 4773 851 4821 τοίνυν
888 4776 1028 4845 παρὰ
1074 4781 1165 4824 τοῦ
1216 4775 1556 4829 Ἀποστόλου·
1606 4782 1749 4831 Πάν-

143 4872 253 4908 τοτε
306 4861 554 4930 χαίρετε,
609 4853 960 4920 ἀδιαλείπτως
1043 4865 1426 4936 προσεύχεσθε,
1486 4864 1535 4918 ἓν
1591 4873 1749 4921 παντὶ

145 4944 529 5017 εᾶχαριστεῐτε.
592 4950 720 5020 Περὶ
926 4944 1014 5001 οὑν
1087 4959 1215 5002 τοῦ“
1253 4954 1473 5006 πάντοτε
1541 4960 1749 5030 χαίρειν

142 5043 373 5119 χρῆται,-
410 5035 456 5087 εἰ
498 5041 593 5119 καὶ
645 5041 718 5109 μὴ
768 5045 833 5119 τῇ
868 5038 1112 5119 ὑποθέσει
1140 5038 1455 5119 ἀρκούντως,
1488 5042 1596 5119 ἀλλ’
1626 5047 1749 5119 ἡμῖν

140 5123 193 5171 γε
223 5112 419 5166 ἱκανῶς
474 5110 680 5181 εἴρηται
723 5117 787 5167 τῆ
830 5114 1138 5184 προτεραίᾳθ
1174 5109 1235 5164 ἐἰ
1290 5109 1351 5166 δι
1407 5120 1493 5166 καὶ
1521 5112 1607 5168 δεῖ
1634 5109 1745 5189 (49)

204 5249 251 5283 ⁵⁸
270 5250 489 5306 Genes.
523 5264 586 5315 ιι,
617 5254 671 5307 5.
753 5251 795 5285 ⁵⁷
823 5251 897 5307 ιγ
922 5253 1064 5324 Reg.
1088 5268 1149 5320 ιι,
1173 5258 1263 5311 2t.

186 5376 295 5449 (ιε)
320 5372 484 5449 ἷξόὶιὶ
507 5372 971 5449 ἣλὶατογθίειόε
988 5376 1751 5449 δὶὶᾳυοῐιὶὺιιὶἣλατο,ιοθοιο.

205 5447 313 5525 (ἦρι
340 5447 484 5525 F383.
512 5445 823 5525 secundus
853 5455 948 5509 τῆς
988 5445 1253 5525 σωτηρίας
1286 5445 1586 5525 ἀντέχεσθε.

206 5518 321 5577 (47)
352 5518 585 5573 Rursus
615 5516 814 5574 codex
848 5516 1155 5576 secundus
1181 5522 1340 5575 αὑτοῦ
1370 5516 1465 5582 τῖν
1495 5521 1753 5582 διάνοιαν.

208 5588 311 5657 (48)
340 5587 497 5645 Εάίῑί
516 5596 573 5646 et
598 5588 765 5645 duos
794 5605 945 5645 mss.
978 5592 1246 5664 ἡγούμεθα
1288 5596 1443 5667 ἡμῖν.
1489 5595 1602 5653 Alii
1653 5613 1759 5654 sex

1874 3156 2024 3229 quin
2051 3156 2288 3213 bonum
2314 3157 2632 3231 quodlibet
2660 3163 2900 3231 patrare
2929 3158 3197 3231 possitis.

1925 3335 1978 3390 3.
2000 3333 2179 3391 Multa
2188 3334 2437 3408 quidem
2449 3335 2524 3393 de
2537 3339 2803 3409 martyre
2815 3336 3013 3394 dicere
3024 3352 3403 3412 paraveram:
3420 3339 3532 3397 sed

1871 3439 2071 3481 sermo
2091 3425 2218 3481 heri
2240 3426 2416 3482 nobis
2435 3428 2755 3500 incmptus,
2778 3434 2834 3485 et
2852 3428 3241 3501 imperfectus
3261 3430 3526 3504 relictus,

1868 3511 2040 3569 haud
2056 3514 2345 3586 permittit
2365 3514 2427 3570 in
2447 3516 2540 3571 his
2560 3515 2787 3572 diutius
2807 3517 3145 3574 immorari.
3166 3521 3287 3589 Ego
3305 3519 3530 3577 scilicet

1868 3602 1952 3658 sic
1983 3619 2119 3659 sum
2148 3608 2366 3659 natura
2389 3609 2780 3677 comparatus
2810 3612 2875 3662 ut
2895 3606 3527 3680 quidquidimperfec-

1867 3694 1996 3747 tum
2018 3696 2108 3747 est
2126 3691 2380 3748 moleste
2402 3692 2612 3749 feram.
2632 3694 2858 3750 Etenim
2876 3695 3528 3770 injucundumspecta-

1866 3780 2071 3837 culum
2094 3786 2258 3838 estet
2277 3783 2505 3853 imago,
2526 3799 2665 3856 quae
2685 3784 2941 3841 dimidia
2961 3800 3034 3840 ex
3053 3791 3223 3857 parte
3243 3787 3525 3861 exprimi-

1832 3864 1843 3877 ’
1865 3873 1982 3938 tur,
2005 3875 2063 3926 et
2080 3870 2308 3927 itineris
2327 3871 2501 3929 labor
2515 3873 2742 3929 inutilis
2767 3872 3006 3930 futurus
3027 3878 3139 3945 est,
3162 3875 3211 3930 si
3230 3875 3422 3932 viator
3441 3876 3522 3934 ad

1862 3960 2244 4033 propositum
2264 3960 2451 4017 finem
2479 3966 2535 4018 et
2554 3961 2633 4017 ad
2659 3963 3014 4019 constitutas
3062 3964 3349 4020 stationes
3393 3981 3521 4023 non

1860 4050 2222 4121 pervenerit.
2258 4051 2481 4106 Parum
2511 4066 2585 4107 ex
2609 4056 2834 4108 venatu
2864 4068 3100 4125 capere,
3130 4053 3294 4110 idem
3329 4058 3420 4111 est
3446 4070 3518 4113 ac

1862 4137 2011 4194 nihil
2056 4155 2273 4212 capere
2314 4158 2327 4209 ;
2371 4143 2430 4196 et
2472 4140 2576 4213 qui
2622 4140 2684 4211 in
2728 4141 2939 4198 stadiis
2968 4147 3236 4215 currunt,
3277 4143 3519 4201 etiamsi

1862 4229 2082 4300 saepius
2105 4245 2227 4285 uno
2247 4230 2547 4286 duntaxat
2566 4246 2779 4300 gressu
2798 4232 3163 4304 posteriores
3185 4234 3519 4292 exstiterint

1860 4318 2492 4375 amittuntvictoriam.
2543 4322 2748 4391 Itaque
2796 4335 2911 4375 nos
2956 4336 3203 4394 quoque
3242 4322 3348 4396 qui
3387 4323 3518 4381 heri

1858 4406 2125 4477 Apostoli
2143 4407 2330 4462 verba
2351 4406 2715 4479 protulimus
2733 4409 2794 4463 in
2809 4408 3102 4475 medium,
3123 4411 3349 4485 quique
3368 4428 3517 4486 pau-

1858 4494 1944 4549 cis
1972 4511 2222 4551 sensum
2253 4500 2309 4552 et
2360 4496 2820 4568 intelligentiam
2876 4499 3233 4557 eorumdem
3271 4503 3517 4575 perstri-

1858 4587 2060 4640 cturos
2085 4600 2198 4640 nos
2219 4584 2639 4658 sperabamus,
2662 4586 2888 4644 inventi
2904 4604 3117 4645 sumus
3140 4590 3319 4661 longe
3339 4592 3517 4664 plura

1857 4690 2044 4747 quam
2065 4673 2351 4741 diximus,
2378 4674 2651 4732 omisisse
2676 4692 2689 4742 ;
2711 4682 3084 4751 quapropter
3100 4682 3516 4738 necessarium

1857 4763 2159 4832 ducimus,
2191 4768 2257 4820 ut
2284 4763 2458 4820 vobis
2478 4764 2901 4838 dependamus
2922 4767 3148 4836 relicta,
3171 4774 3228 4826 et
3246 4770 3515 4827 exsolva-

1857 4868 2011 4908 mus.
2066 4855 2200 4909 Haac
2246 4853 2429 4923 igitur
2470 4860 2642 4912 erant
2686 4856 2951 4928 Apostoli
3003 4857 3191 4913 verba
3223 4875 3237 4913 :
3266 4858 3516 4928 Semper

1856 4941 2135 5013 gaudete.
2157 4942 2287 5000 sine
2305 4945 2746 5002 intermissione
2763 4953 2953 5013 orate,
2975 4947 3040 5002 in
3069 4947 3341 5002 omnibus
3376 4962 3517 5016 gra-

1857 5032 1975 5086 tias
1989 5032 2226 5102 agite”.
2245 5034 2314 5088 Et
2333 5034 2584 5106 quidem
2606 5033 2681 5091 de
2696 5034 2717 5106 j
2732 5035 2830 5105 ugi
2850 5050 2922 5092 ac
2942 5034 3229 5091 continuo
3266 5034 3514 5105 gaudio,

1857 5118 1964 5175 etsi
1985 5135 2109 5176 non
2130 5122 2274 5178 satis
2296 5122 2527 5179 dictum
2538 5128 2749 5196 estpro
2762 5123 3104 5193 argumenti
3123 5121 3415 5194 dignitate
3429 5139 3443 5191 ;
3458 5133 3521 5188 at

1342 5257 1389 5293 ³⁸
1431 5256 1452 5312 Ι
1484 5258 1688 5316 Thess.
1720 5276 1781 5329 v,
1809 5265 1992 5321 16-18.

1861 5387 2003 5468 ὑμίν.
2063 5385 2387 5513 Aliquanto
2443 5390 2580 5474 post
2614 5386 2758 5472 evditi
2787 5392 2933 5474 -Περὶ
2982 5390 3073 5464 μὶν
3116 5398 3232 5448 τοῦ.
3289 5393 3525 5453 Veteres

1864 5473 2138 5513 aumaue
2190 5458 2303 5513 lbrl
2334 5462 2457 5513 Περὶ
2486 5479 2573 5513 μιν
2604 5479 2691 5513 ουν
2716 5479 2834 5513 του.

1864 5458 2138 5534 quinque
2167 5458 2303 5514 libri
2334 5458 2459 5534 Περὶ
2484 5462 2573 5532 μὲν
2604 5458 2834 5534 aiax-op.

1939 5527 2059 5600 (495
2091 5532 2323 5587 Veteres
2361 5527 2625 5605 quatuor
2649 5530 2791 5589 libri
2822 5530 2867 5585 εἰ
2896 5527 2957 5587 δι
2985 5537 3076 5588 καὶ
3104 5539 3238 5610 χρή.
