4088 6194
552 255 657 314 243

1920 253 1978 310 S.
2019 250 2273 308 BASlLll
2312 250 2537 309 MAGNI

3813 260 3941 316 244

554 396 629 438 ea
657 382 861 438 tamen
881 394 1020 453 qua)
1056 378 1153 436 die
1173 379 1459 437 hesterna
1478 378 1765 444 diximus,
1789 376 2065 435 sufﬁcere
2085 392 2207 432 cre-

2327 374 2676 442 ἆδιαλείπτως
2705 381 3119 455 προσεύχεσθαι,
3148 382 3239 430 καὶ
3267 374 3487 431 δυνατόν
3517 376 3629 431 ἐστι
3674 384 3733 433 τό
3790 402 3943 459 παρ-

553 470 618 526 di
640 474 915 543 possunt.
940 472 1148 526 Utrum
1170 474 1374 526 autem
1407 474 1466 526 et
1492 473 1770 542 oporteat
1803 468 2214 525 indesinenter

554 575 729 617 orare
754 564 813 617 et
846 564 1045 615 utrum
1065 558 1180 615 hoc
1226 559 1591 616 mandatum
1614 558 1830 615 conﬁci
1852 557 2061 629 possit,
2084 560 2212 611 tum

554 666 666 708 vos
699 665 1024 723 exposcere
1050 650 1248 721 parati
1268 650 1432 719 estis,
1462 654 1633 706 tuum
1656 664 1768 719 ego
1789 664 1899 722 pro
1919 647 2073 703 virili
2100 646 2211 701 hu-

551 739 653 811 jus
683 737 991 794 sententite
1012 738 1410 809 patrocinium
1447 737 1779 809 suscipiam
1802 743 1982 809 atque
2002 732 2210 790 defen-

558 827 811 884 sionem.
841 826 1105 883 Precatio
1131 831 1221 883 est
1247 826 1393 883 boni
1413 826 1638 899 petitio,
1672 842 1709 882 a
1735 825 1849 898 piis
1892 828 2011 880 Deo
2049 822 2214 879 exhi-

556 917 703 974 bita.
738 916 1094 973 Petitionem
1124 922 1331 973 autem
1355 932 1481 973 non
1510 916 1760 972 omnino
1789 916 1851 970 in
1878 913 2082 970 verbis
2107 913 2213 969 cir-

557 1005 1040 1063 cumscribimus.
1074 1009 1277 1080 Neque
1302 1005 1464 1062 enim
1483 1008 1673 1061 Deum
1694 1004 2061 1061 arbitramur
2079 1018 2213 1059 mo-

558 1094 824 1152 nitorum
838 1111 982 1152 voce
996 1095 1370 1168 prolatorum
1388 1094 1658 1164 indigere
1670 1110 1691 1151 .’
1703 1094 1824 1150 imo
1846 1110 1985 1149 eum
2006 1108 2212 1163 nosse,

557 1200 635 1241 ne
656 1184 999 1257 petentibus
1011 1184 1260 1257 quidem
1282 1184 1626 1256 nobis,quas
1647 1183 2053 1239 conducibilia
2072 1184 2210 1239 sint.

562 1274 719 1341 Quid
744 1274 926 1344 igitur
955 1278 1045 1330 est
1063 1274 1229 1346 quod
1259 1273 1518 1329 dicimus
1546 1274 1573 1330 ‘2
1603 1273 1895 1329 Nimirum
1925 1272 2216 1344 precatio-

558 1374 704 1415 nem
757 1358 821 1413 in
872 1357 1122 1430 syllabis
1150 1358 1430 1413 constitui
1473 1373 1599 1414 non
1623 1361 1897 1430 oportere
1921 1375 1933 1413 :
1957 1357 2066 1413 sed
2095 1357 2215 1412 vim

559 1463 816 1521 precum
840 1448 903 1503 in
932 1447 1247 1521 proposito
1277 1446 1463 1505 animi
1492 1452 1550 1504 et
1575 1448 1639 1503 in
1667 1447 1739 1503 iis
1764 1446 1999 1504 virtutis
2019 1448 2213 1520 operi-

558 1537 676 1593 bus
696 1552 832 1609 quas
853 1536 935 1593 ad
954 1552 1200 1593 omnem
1222 1537 1403 1593 vitam
1420 1553 1550 1594 sese
1562 1536 1908 1603 extendant,
1924 1536 2218 1594 collocan-

2326 468 2579 540 άγγελμα,
2632 471 2680 521 οῖ
2728 488 2782 522 τε
2839 468 3177 528 ἀπαιτοῦντες
3233 469 3380 540 ὑμεῖς
3432 468 3651 541 ἕτοιμοι,
3710 468 3811 541 ἐγώ
3869 490 3943 523 τε

2323 559 2457 608 κατὰ
2514 554 2736 631 δύναμιν
2792 563 2886 617 τὴν
2943 561 3258 629 συνηγορίαν
3313 564 3405 608 τού
3457 556 3612 627 λόγου
3646 560 3759 627 (50)
3792 559 3944 617 πλη·

2290 651 2496 718 σρώσω.
2559 652 2841 720 Προσευχή
2907 646 3048 698 ἔστιν
3108 648 3319 705 αἴτησις
3371 643 3572 717 ἀγαθοῦ
3629 652 3772 722 παρὰ
3823 657 3945 703 τῶν

2321 733 2541 787 εύσεϐὡν
2596 736 2667 797 εἰς
2724 739 2852 789 Θεὸν
2909 739 3173 808 γινομένη.
3227 739 3326 792 Τὴν
3386 730 3444 786 δε
3493 739 3703 794 αἴτησιν
3749 738 3846 790 ούκ
3880 738 3943 791 ἐν

2318 821 2551 894 ῥήμασιν
2608 822 2894 895 ὀριζόμεθα
2943 824 3169 882 πάντως.
3221 817 3363 875 Ούδε
3404 825 3505 895 γὰρ
3537 825 3809 897 ἡγούμεθα
3835 830 3945 879 τὸν

2322 914 2450 963 Θεὸν
2502 921 2598 973 τῆς
2655 908 2747 965 διὰ
2793 920 2892 964 τῶν
2943 911 3107 983 λόγων
3164 912 3503 984 ὑπομνήσεως
3534 908 3762 980 δεῖσθαι,
3813 913 3939 967 ἀλλ’

2322 995 2535 1069 εἰδέναι,
2577 1004 2664 1053 καὶ
2732 1005 2803 1073 μὴ
2863 1000 3142 1053 αἰτούντων
3205 1002 3370 1072 ἡμῶν,
3429 1001 3495 1051 τὰ
3549 1006 3821 1075 χρήσιμα.
3857 1007 3943 1055 Τί

2322 1095 2410 1140 οῦν
2441 1088 2584 1142 ἔστιν
2609 1091 2636 1141 ὃ
2667 1108 2827 1162 φαμεν
2862 1106 2875 1157 ;
2905 1096 3026 1142 Ὅτι
3053 1093 3161 1164 χρὴ
3212 1092 3283 1161 μὴ
3340 1086 3389 1139 ἓν
3445 1088 3726 1153 συλλαϐαῖς
3781 1093 3947 1164 ἡμᾶς

2321 1181 2411 1235 τὴν
2469 1182 2776 1253 προσευχὴν
2858 1176 3189 1250 ἀποπληροῦν
3249 1178 3379 1247 (51),
3436 1176 3564 1230 ἀλλὰ
3618 1185 3950 1254 προαιρέσει

2323 1264 2512 1338 μᾶλλον
2563 1265 2769 1337 ψυχῆς,
2829 1269 2920 1318 καὶ
2961 1265 3184 1339 πράξεσι
3229 1267 3346 1327 ταῖς
3388 1285 3487 1318 κατ
3558 1265 3737 1340 ἀρετὴν
3766 1274 3951 1322 παντὶ

2324 1362 2396 1426 τῷ
2441 1352 2545 1427 βίῳ
2607 1358 3218 1429 συμπαρεκτεινομέναις,
3258 1360 3353 1413 τὴν
3412 1351 3637 1429 δύναμιν
3688 1356 3952 1430 πληροῦ-

2328 1445 2453 1497 σθαι
2508 1452 2604 1505 τῆς
2650 1453 2979 1517 προσευχῆς.
3038 1447 3154 1497 Εῖτε
3199 1446 3300 1519 γὰρ
3341 1443 3555 1512 ἐσθίετε,
3603 1450 3783 1517 φησὶν,
3827 1450 3954 1500 εἴτε

2324 1536 2512 1599 πίνετε,
2583 1535 2683 1584 εἴτε
2759 1552 2812 1586 τι
2884 1540 3095 1601 ποιεῖτε,
3173 1534 3344 1586 πάντα
3408 1533 3479 1595 εἰς
3551 1519 3710 1597 δόξαν
3790 1542 3951 1588 Θεοῦ

560 1625 708 1681 dam
730 1641 880 1682 esse.
902 1626 1043 1683 Sive
1066 1628 1246 1697 enim,
1267 1626 1483 1700 inquit,
1509 1628 1914 1694 manducatis,
1936 1630 2054 1684 sive
2075 1628 2214 1684 bibi-

2326 1627 2537 1677 ποιεῖτε.
2586 1621 2937 1694 Καθεζόμενος
2984 1621 3069 1675 ἐπὶ
3120 1623 3408 1694 τραπέζης,
3439 1626 3764 1696 προσεύχου-
3799 1643 3953 1698 προ-

562 1715 658 1787 tis,
687 1716 810 1773 sive
837 1715 985 1788 quid
1000 1715 1228 1786 facitis,
1250 1718 1453 1773 omnia
1471 1717 1808 1787 inglorium
1829 1718 1942 1773 Dei
1950 1718 2216 1787 facite".

560 1804 941 1861 Accumbens
968 1804 1048 1861 ad
1083 1820 1385 1873 mensam,
1431 1794 1541 1862 ora
1567 1823 1581 1872 ;
1605 1821 1925 1861 assumens
1970 1821 2216 1878 panem,

559 1892 720 1950 habe
748 1893 971 1962 gratias
1007 1892 1274 1963 largitori
1306 1913 1319 1963 ;
1353 1893 1497 1950 vino
1522 1894 1795 1967 corporis
1845 1895 2217 1951 debilitatem

566 1983 683 2055 36
712 1981 1134 2053 corroborans,
1167 1983 1299 2054 ejus
1317 1983 1422 2056 qui
1442 1983 1559 2040 hoc
1580 1983 1688 2040 tibi
1707 2000 1933 2040 munus
1960 1985 2039 2040 ad
2059 1985 2221 2041 exhi-

558 2069 887 2128 larandum
913 2087 1019 2129 cor
1060 2075 1118 2128 et
1147 2072 1227 2129 ad
1276 2072 1568 2129 levandas
1600 2074 1979 2131 inﬁrmitates
2031 2074 2215 2146 dedit,

560 2159 935 2216 memineris.
954 2159 1238 2217 Praeteriit
1255 2160 1374 2216 cibi
1394 2161 1675 2217 sumendi
1697 2163 2067 2219 necessitas?
2089 2166 2217 2218 Non

559 2252 877 2322 prastereat
894 2252 1100 2305 tamen
1119 2248 1414 2306 memoria
1431 2249 1688 2306 beneﬁci
1702 2250 2022 2321 largitoris.
2045 2251 2218 2307 Tuni-

561 2354 700 2394 cam
729 2337 779 2393 si
820 2336 1112 2405 indueris,
1153 2337 1352 2394 datori
1395 2338 1621 2408 gratias
1659 2354 1791 2410 age.
1842 2339 2027 2395 Pallio
2074 2356 2215 2395 cum

561 2425 845 2494 amiciris,
896 2426 1180 2482 intentius
1221 2427 1412 2483 Deum
1451 2426 1650 2497 dilige,
1700 2427 1807 2501 qui
1855 2433 1980 2484 tum
2031 2428 2215 2485 hiemi

560 2519 690 2572 tum
738 2516 928 2573 aestati
972 2516 1310 2572 accomoda
1346 2521 1695 2585 tegumenta
1738 2517 1919 2574 nobis
1963 2518 2216 2587 largitus

556 2609 671 2674 est,
696 2604 920 2678 quibus
952 2605 1072 2661 vita
1092 2610 1299 2662 nostra
1317 2605 1499 2661 simul
1518 2611 1807 2674 servatur,
1830 2611 1887 2663 et
1906 2608 2214 2680 turpitudo

559 2694 916 2764 contegitur.
948 2693 1259 2766 Completa
1278 2693 1406 2750 dies
1426 2699 1517 2750 est
1544 2695 1557 2751 ι
1587 2696 1814 2751 Gratias
1843 2697 2141 2769 rependas
2161 2697 2215 2753 ei

555 2781 682 2853 qui,
705 2781 765 2837 in
786 2797 1040 2854 operum
1063 2781 1421 2838 diurnorum
1441 2782 2066 2849 ministerium,solem
2086 2785 2214 2858 qui-

554 2867 699 2925 dem
727 2869 905 2925 nobis
927 2868 1272 2942 impertivit,
1312 2870 1517 2940 ignem
1544 2887 1689 2927 vero
1728 2871 1930 2929 tribuit
1977 2872 2057 2929 ad
2104 2890 2212 2931 no-

554 2960 711 3015 ctem
740 2956 1188 3021 illustrandam,
1221 2962 1276 3015 et
1300 2964 1367 3015 ut
1391 2958 1637 3032 reliquis
1666 2960 1803 3017 vita;
1840 2963 2211 3019 necessitati-

550 3046 669 3104 bus
710 3047 1023 3104 inserviat.
1055 3050 1180 3105 Nox
1231 3047 1383 3105 alias
1409 3064 1626 3106 causas
1649 3050 1918 3124 praebeat
1962 3053 2200 3109 orandi.

553 3137 812 3203 Quando
834 3136 1176 3210 suspexeris
1205 3137 1269 3193 in
1299 3137 1535 3202 ccelum,
1568 3143 1626 3195 et
1675 3140 1739 3195 in
1777 3140 2044 3197 siderum
2076 3142 2205 3214 pul-

548 3225 952 3281 chritudinem
1006 3226 1267 3282 intentos
1296 3226 1506 3283 oculos
1535 3227 1842 3295 habueris,
1878 3229 2204 3302 deprecare

546 3313 873 3370 Dominum
892 3313 1241 3385 visibilium,
1263 3316 1574 3389 Deumque
1594 3316 2014 3374 universorum
2036 3319 2204 3391 opifi-

546 3418 680 3459 cem
717 3402 1040 3475 Optimum,
1084 3403 1192 3476 qui
1246 3404 1453 3460 omnia
1508 3405 1571 3460 in
1631 3406 1928 3478 sapientia
1976 3408 2114 3464 fecit
2133 3410 2202 3476 6°,

545 3491 758 3551 adora.
792 3493 1044 3549 Omnem
1073 3493 1477 3550 animantium
1507 3498 1794 3552 naturam
1814 3512 1954 3552 cum
1986 3498 2207 3554 videris

546 3581 952 3655 consopitam,
984 3598 1195 3637 rursus
1220 3583 1413 3639 adora
1432 3599 1593 3656 eum,
1612 3585 1719 3657 qui
1745 3601 1858 3642 nos
1878 3586 1972 3642 vel
1990 3587 2207 3644 invitos

547 3670 628 3727 ab
657 3670 918 3727 assiduis
941 3669 1168 3727 laboris
1196 3670 1432 3729 relaxat
1471 3688 1577 3745 per
1606 3689 1914 3745 somnum,
1964 3676 2209 3733 virium-

546 3775 667 3833 que
686 3760 960 3830 vigorem
987 3777 1097 3834 per
1120 3777 1370 3834 parvam
1386 3763 1661 3835 requiem
1682 3764 2069 3835 redintegrat.

618 3927 673 3981 4.
715 3924 862 3980 Tota
888 3922 1068 3994 igitur
1093 3938 1217 3980 nox
1235 3938 1360 3981 non
1392 3924 1466 3981 sit
1490 3924 1654 3987 velut
1684 3926 2007 3999 peculiaris
2032 3928 2213 4001 ;quae.

550 4013 697 4072 dam
721 4028 792 4068 ac
821 4012 1131 4085 praecipua
1156 4013 1353 4069 somni
1384 4028 1554 4069 sors:
1582 4029 1781 4087 neque
1819 4016 2048 4088 patiare
2086 4034 2209 4074 me-

553 4103 884 4163 diam-vitae
911 4109 1145 4177 partem
1174 4102 1449 4159 inutilem
1470 4103 1578 4160 tibi
1607 4120 1738 4160 esse
1763 4121 1871 4177 per
1897 4107 2098 4163 somni
2122 4124 2213 4164 so-

555 4209 770 4267 porem
803 4210 817 4249 :
852 4191 964 4248 sed
982 4191 1282 4248 dividatur
1311 4190 1418 4247 tibi
1446 4193 1639 4248 noctis
1681 4197 1917 4267 tempus
1947 4194 2009 4250 in
2054 4212 2211 4252 som-

2328 1713 2638 1785 σφερόμενος
2691 1713 2776 1762 τόν
2863 1712 3039 1785 ἄρτον,
3121 1719 3194 1781 τῷ
3264 1707 3522 1763 δεδωκότι
3594 1716 3688 1770 τὴν
3762 1714 3952 1785 χάριν

2326 1796 2652 1873 ἀποπληρου·
2712 1801 2823 1871 οῖνφ
2872 1802 2930 1852 τὸ
2989 1798 3203 1861 ἀσθενὲς
3267 1806 3359 1852 τοῦ
3414 1806 3655 1872 σώματος
3722 1802 3951 1873 ὑπερεί-

2329 1883 2453 1955 δων,
2487 1892 2721 1960 μέμνησο
2752 1895 2843 1940 τοῦ
2868 1892 3229 1963 παρεχομένου
3263 1907 3347 1942 σοι
3375 1892 3434 1942 τὸ
3484 1885 3651 1961 δῶρον
3707 1889 3780 1951 εἰς
3825 1893 3950 1942 σύ-

2328 1979 2586 2050 φροσύνην
2633 1973 2882 2051 καρδὶας,
2938 1982 3028 2030 καὶ
3066 1979 3402 2052 παραμυθίαν
3475 1976 3945 2052 ἀρρωστημάτων.

2328 2064 2645 2138 Παρῆλθενη
2680 2071 2839 2139 χρεία
2878 2075 2976 2118 τῶν
3026 2064 3318 2140 βρωμάτων
3354 2085 3366 2130 ;
3396 2073 3455 2118 Ἡ
3512 2070 3686 2139 μέντοι
3740 2073 3944 2140 μνήμη

2326 2162 2417 2206 τοῦ
2466 2154 2731 2227 εὐεργέτου
2789 2160 2859 2227 μὴ
2920 2157 3286 2228 παρερχέσθω.
3347 2159 3444 2208 Τόν
3503 2164 3711 2228 χιτῶνα
3747 2153 3951 2211 Mue-

2325 2260 2493 2314 μενος,
2539 2243 2845 2317 εὐχαρίστει
2892 2253 2963 2315 τῷ
3018 2240 3297 2296 δεδωκότι·
3355 2248 3414 2296 τὸ
3457 2246 3660 2317 ἱμάτιον
3684 2244 3951 2319 περιϐαλ-

2324 2329 2551 2403 λόμενος,
2603 2331 2832 2393 αὔξησόν
2884 2337 2978 2391 τὴν
3027 2332 3100 2395 εἰς
3151 2336 3280 2385 Θεὸν
3332 2328 3557 2406 ἀγάπην,
3591 2338 3644 2395 ὅς
3680 2339 3772 2385 καὶ
3801 2353 3952 2406 χει-

2322 2428 2457 2491 μῶνι
2514 2425 2601 2472 καὶ
2651 2422 2783 2495 θέρει
2830 2417 3105 2479 ἐπιτήδεια
3158 2424 3281 2493 ἡμῖν
3341 2424 3689 2495 σκεπάσματα
3737 2422 3951 2498 ἐχαρί-

2326 2527 2475 2575 σατο,
2540 2513 2633 2567 τήν
2698 2528 2752 2561 τε
2821 2510 2952 2570 ζωὴν
3021 2512 3167 2582 ἡμῶν
3240 2519 3615 2585 συντηροῦντα,
3698 2516 3792 2564 καὶ
3878 2516 3950 2565 τὸ

2325 2599 2575 2671 ἄσχημον
2633 2600 2744 2669 (52)
2781 2598 3195 2673 περιστελλοντα.
3244 2599 3550 2675 Ἐπληρὼθη
3605 2603 3634 2658 η
3704 2599 3889 2675 ἡμέρα
3932 2622 3948 2665 ;

2323 2687 2648 2761 Εὐχαρίστει
2695 2696 2767 2758 τῷ
2821 2692 2909 2740 τόν
2960 2687 3104 2745 ἣλιον
3173 2690 3263 2760 μεν
3322 2693 3395 2752 εὶς
3464 2691 3753 2762 ὑπηρεσίαν
3826 2699 3950 2742 τῶν

2323 2777 2578 2849 ἡμερινῶν
2610 2777 2770 2850 ἔργων
2801 2780 3143 2850 χαρισαμένῳ
3197 2778 3343 2849 ἡμῖν,
3386 2785 3489 2851 πῦρ
3530 2773 3588 2830 δὲ
3643 2797 3952 2851 παρασχο-

2322 2883 2456 2938 μενῳ
2530 2872 2620 2916 τοῦ
2694 2865 2934 2936 φωτίζειν
3008 2870 3103 2923 τὴν
3174 2868 3355 2931 νύκτα,
3407 2872 3497 2919 καὶ
3542 2874 3659 2928 ταῖς
3711 2865 3948 2929 λοιπαῖς

2320 2958 2531 3028 χρείαις
2578 2961 2695 3016 ταῖς
2751 2957 2885 3007 κατά
2938 2958 3025 3006 τὸν
3079 2953 3196 3027 βίον
3236 2956 3525 3029 ὑπηρετεῖν.
3553 2955 3610 3010 Ἠ
3640 2954 3732 3018 νύξ
3762 2954 3947 3018 ἄλλοις

2319 3043 2589 3103 ὑποθέσεις
2658 3050 2968 3116 προσευχῆς
3022 3046 3133 3103 (53)
3200 3042 3526 3117 προξενείτω.
3577 3050 3736 3095 Ὀταν
3789 3040 3940 3096 ἀνα-

2314 3129 2508 3204 ϐλέψῃς
2550 3130 2622 3193 εἰς
2663 3134 2751 3183 τὸν
2808 3130 3044 3206 οὐρανόν,
3095 3136 3185 3183 καὶ
3236 3135 3366 3206 πρὸς
3430 3134 3496 3184 τὰ
3552 3140 3652 3185 τῶν
3708 3132 3940 3206 οἴστρων

2315 3219 2615 3293 ἐνατενίσης
2651 3219 2839 3284 κάλλη,
2881 3239 3186 3293 προσεύχου
3217 3240 3289 3292 τῳ
3342 3223 3574 3294 Δεσπότη
3633 3229 3732 3292 τῷν
3792 3222 3945 3295 ὀρω-

2313 3311 2496 3381 μένων,
2557 3313 2645 3361 καὶ
2700 3313 2980 3382 προσκύνει
3049 3313 3136 3361 τόν
3205 3307 3586 3383 ἀριστοτέχνην
3638 3317 3737 3361 τῶν
3794 3309 3940 3362 ὅλων

2316 3401 2465 3463 Θεὸν,
2506 3397 2561 3460 ὃς
2617 3397 2668 3450 ἐν
2730 3404 2888 3471 σοφίᾳ
2932 3400 2995 3451 τὰ
3044 3402 3211 3450 πάντα
3272 3396 3531 3457 ἐποίησεν.
3586 3405 3747 3452 Ὅταν
3793 3396 3942 3472 ἴδῃς

2314 3494 2487 3540 πᾶσαν
2518 3492 2671 3562 φύσιν
2717 3488 2861 3549 ζώων
2923 3487 3063 3559 ύπνῳ
3119 3492 3496 3561 κατεχομένην,
3537 3488 3689 3541 πάλιν
3748 3508 3941 3563 προσ-

2315 3581 2457 3632 κύνει
2506 3583 2593 3630 τόν
2645 3582 2736 3630 καὶ
2787 3576 3047 3637 ἀκουσίως
3093 3578 3232 3649 ημᾶς
3287 3574 3379 3630 διὰ
3438 3585 3530 3630 τού
3595 3577 3757 3630 ύπνου
3830 3588 3942 3642 τῆς

2320 3670 2597 3737 συνεχείας
2643 3673 2741 3717 τῶν
2788 3669 2954 3717 πόνων
2993 3663 3202 3731 λύοντα,
3263 3669 3353 3716 καὶ
3429 3663 3483 3715 ἐκ
3547 3669 3735 3738 μικρᾶς
3795 3662 3942 3719 ἁνα-

2317 3756 2560 3818 παύσεως
2610 3754 2762 3807 πάλιν
2809 3756 2941 3827 πρὸς
2986 3758 3080 3812 τὴν
3131 3751 3303 3827 ἀκμὴν
3342 3762 3439 3814 τῆς
3467 3750 3734 3826 δυνάμεως
3764 3752 3942 3807 ἐπαν-

2320 3848 2533 3917 άγοντα.

2389 3935 2444 3988 4.
2474 3932 2533 3983 Ἠ
2564 3926 2651 3984 οὖν
2680 3930 2771 3993 νὺξ
2798 3935 2868 4003 μὴ
2903 3933 3033 3983 ἔστω
3064 3930 3243 4004 ὥσπορ
3268 3950 3347 3992 τις
3368 3926 3508 3992 ἴδιος
3545 3936 3633 3983 καὶ
3663 3929 3944 4003 ἐξαίρετος

2320 4019 2512 4095 κλῆρος
2555 4029 2647 4072 τοῦ
2705 4021 2866 4072 ύπνου
2918 4027 3083 4072 πᾶσα·
3141 4016 3281 4092 μηδὲ
3341 4017 3603 4093 καταδέξῃ
3678 4016 3773 4071 διὰ
3832 4030 3945 4084 τῆς

2323 4111 2457 4161 κατά
2503 4112 2589 4161 τόν
2645 4110 2804 4161 ὕπνον
2858 4108 3211 4169 ἀναισθησίας
3274 4112 3334 4161 τό
3398 4110 3564 4181 ἣμισυ
3618 4116 3714 4169 τῆς
3786 4108 3947 4170 ζωῆς

2327 4197 2597 4273 ἁχρειοῦν·
2656 4198 2783 4250 ἀλλὰ
2831 4199 3124 4273 μεριζέσθω
3166 4217 3251 4250 σοι
3306 4207 3402 4261 τῆς
3455 4200 3641 4259 νυκτός
3678 4198 3703 4248 ὁ
3734 4200 3948 4271 χρόνος

557 4298 728 4338 mum
750 4280 1234 4354 et'precationem
1258 4296 1273 4337 :
1292 4280 1414 4336 imo
1436 4296 1685 4337 somnus
1706 4282 1832 4355 ipse
1871 4283 2212 4343 exercitatio

2328 4291 2399 4351 εἷς
2423 4307 2477 4340 τε
2507 4288 2661 4340 ύπνον
2709 4293 2798 4339 καὶ
2840 4307 3168 4361 προσευχηνο
3230 4286 3355 4339 ἀλλὰ
3410 4292 3499 4339 καὶ
3553 4288 3601 4338 οἱ
3644 4285 3799 4339 ύπνοι
3830 4288 3945 4339 αύ-

563 4370 639 4427 sit
674 4370 940 4442 pietatis.
975 4373 1143 4443 Saepe
1172 4370 1332 4426 enim
1348 4386 1645 4444 expressae
1666 4372 1724 4427 in
1749 4389 1964 4429 somno
1985 4375 2214 4447 species

563 4459 772 4517 nescio
796 4460 1108 4530 quomodo
1129 4460 1376 4531 vestigia
1403 4460 1687 4534 quaedam
1708 4477 1779 4518 ac
1799 4463 2064 4536 reliquiae
2090 4480 2218 4520 esse

571 4546 765 4605 solent
780 4547 1135 4604 diurnarum
1149 4565 1452 4605 curarum.
1487 4550 1698 4616 Qualia
1725 4552 1887 4608 enim
1899 4554 2223 4610 exstiterint

569 4636 708 4693 vitai
732 4641 954 4693 nostrai
984 4638 1205 4705 studia,
1247 4638 1393 4694 talia
1423 4654 1670 4696 necesse
1718 4646 1807 4697 est
1858 4642 2037 4699 etiam
2090 4659 2223 4700 esse

571 4725 896 4784 insomnia.
930 4726 1023 4783 Sic
1066 4727 1268 4784 orabis
1295 4728 1435 4784 Sine
1477 4730 1609 4786 ulla
1656 4730 2115 4804 intermissione,
2173 4733 2226 4789 si

575 4816 764 4875 modo
788 4831 912 4873 non
939 4815 1003 4872 in
1036 4816 1232 4873 verbis
1258 4817 1667 4890 precationem
1720 4820 2070 4890 concludas,
2119 4823 2225 4879 sed

577 4906 795 4980 teipse
818 4907 939 4963 Deo
960 4905 1093 4979 conj
1105 4905 1344 4963 unxeris
1370 4921 1480 4979 per
1529 4910 1719 4965 totam
1763 4909 2008 4967 vivendi
2042 4912 2226 4969 ratio-

653 5052 702 5090 ⁸ο
731 5051 754 5106 Ι
785 5053 915 5111 Cor.
947 5067 1006 5119 x,
1038 5054 1127 5108 31.
1202 5051 1251 5087 ⁸ο
1280 5049 1435 5108 Psal.
1467 5064 1584 5119 cm,
1614 5053 1703 5107 24.

652 5196 766 5267 (50)
793 5195 945 5253 Editi
964 5200 1022 5252 et
1043 5200 1165 5253 tres
1195 5211 1338 5268 mss.
1391 5197 1709 5268 συνηγορίαν
1754 5201 1845 5248 τοῦ
1891 5194 2066 5268 λόγου.
2118 5197 2228 5254 Alii

581 5266 852 5341 quinque
883 5272 1212 5341 συνηγορίαν-
1225 5266 1316 5320 τού
1345 5271 1525 5341 νόμον.
1553 5266 1777 5341 statim
1813 5268 1935 5323 duo
1960 5266 2135 5330 mss”
2179 5270 2228 5325 si

579 5337 707 5411 lion
753 5337 987 5411 'plures.
1016 5337 1145 5411 [τῶν
1192 5337 1420 5410 ἀγαθῶνῖ
1482 5337 1711 5394 Ibidem
1743 5337 1888 5409 Reg.
1922 5341 2229 5397 secundus

579 5410 725 5467 παρὰ
752 5409 849 5461 τῶν
882 5410 933 5463 εύ
941 5409 1244 5467 σεϐούντων,

675 5483 767 5556 tjt)
791 5482 1040 5556 _Veteres
1087 5487 1351 5554 quatuor
1400 5480 1535 5537 libri
1565 5481 1871 5556 προσευχὴν
1896 5479 2055 5541 ἐκπλη
2083 5491 2224 5556 ροῡν.

578 5553 643 5608 1n
662 5549 905 5607 duObllS
930 5568 1077 5610 mss.
1098 5549 1210 5626 pro
1233 5571 1540 5628 προσευχην
1568 5549 1992 5623 Ιὸεἱιιιίεέὐχὴν,

2328 4382 2408 4430 τοὶ
2464 4375 2795 4450 μελετὴματα
2840 4380 3075 4429 ἔστωσαν
3141 4385 3236 4438 τῆς
3302 4374 3583 4436 εὐσεϐείας.
3657 4378 3949 4446 Πεφύκασι

2327 4468 2428 4540 γάρ
2476 4485 2587 4526 πως
2634 4468 2689 4517 αὶ
2734 4465 2852 4516 καθ’
2905 4465 3060 4517 ὓπνον
3120 4469 3421 4536 φαντασίαι,
3493 4469 3561 4527 ὡς
3630 4466 3695 4515 τὰ
3744 4463 3942 4530 πολλὰ,

2332 4552 2668 4627 ἁπηχήματα
2752 4550 2880 4606 εἶναι
2973 4561 3072 4605 τῶν
3161 4554 3515 4626 μεθημερινῶν
3600 4548 3948 4627 φροντίδων,

2330 4644 2516 4696 Ὀποῐα
2570 4646 2670 4717 γὰρ
2728 4641 2787 4694 ἄν
2936 4644 3001 4694 τὰ
3030 4662 3162 4694 κατκ
3191 4646 3278 4694 τὸν
3310 4640 3426 4715 βίον
3473 4644 3617 4714 ἡμῶν
3648 4640 3947 4699 ἐπιτησεύ-

2333 4752 2493 4807 ματα,
2539 4732 2758 4784 τοιαῦτα
2809 4730 3005 4802 ἀνάγκη
3055 4731 3185 4783 εἶναι
3236 4736 3327 4783 καὶ
3379 4733 3446 4783 τὰ
3488 4730 3718 4785 ἐνύπνια.
3750 4728 3948 4793 Οὒτως

2338 4818 2715 4882 Ἀδιαλείπτως
2784 4820 3041 4895 προσεύξῃ
3056 4840 3068 4853 ο

2334 4917 2429 4971 την
2458 4915 2779 4986 προσενχὴν,
2808 4909 2937 4963 ἀλλά
2967 4907 3040 4964 δι’
3070 4908 3194 4971 ὅλης
3219 4911 3327 4982 (54)
3356 4917 3448 4963 τοῦ
3479 4908 3602 4984 βίον
3655 4905 3752 4969 τῆς
3807 4904 3949 4962 δια-

3146 4820 3240 4872 ούκ
3314 4818 3365 4872 ἐν
3441 4820 3647 4894 ῥήμασι
3718 4818 3947 4895 πληρῶν

2409 5200 2515 5277 ςξξλ
2541 5198 2682 5277 Beg.
2709 5195 2951 5277 primus
2969 5195 3220 5277 ἄσχημον
3241 5198 3407 5277 ἡμῶν,

2408 5269 2523 5339 (53)
2554 5265 2691 5339 Reg.
2713 5265 3328 5339 ἐβουῐὶάιις-ύποθέσεις
3354 5265 3540 5337 εὐχῆς.
3566 5265 3741 5339 ,Μοχν
3774 5279 3945 5339 mss.

2336 5335 2613 5411 nonnulli
2634 5335 3002 5411 ﬂgitio—«ripam.
3030 5335 3442 5411 Ibidemunus
3473 5335 3665 5391 codex
3692 5338 3751 5389 et
3796 5336 3954 5394 editi

2340 5410 2602 5482 ἀτενίσῃς.
2640 5408 2754 5464 Alii
2782 5407 3052 5480 quinque
3070 5424 3230 5482 _n_iss.
3258 5407 3528 5482 έναῖονςση
3542 5427 3581 5482 ς.

2411 5474 2627 5550 (54)’1Ῑὶ1
2654 5474 2886 5540 veteres
2917 5494 3019 5535 scx
3069 5477 3225 5535 libri.
3260 5478 3410 5537 Editi
3440 5474 3515 5530 δι’
3544 5476 3662 5529 ὅλον
