4088 6194
286 266 411 320 245
1392 253 1684 311 HOMILIA
1718 252 1790 307 IN
1831 248 2208 307 MARTYREM
2243 252 2599 310 JULITTAM.
3572 253 3678 309 246

287 396 490 461 γωγῆς
554 385 796 455 συνάψας
847 384 1063 436 σεαυτόν
1117 387 1187 453 τῷ
1243 388 1376 451 Θεῷ,
1437 381 1507 442 ὡς
1562 386 1759 451 συνεχῆ
1828 382 1901 429 κα

2064 392 2203 443 tem;
2236 379 2390 436 adeo
2418 384 2485 436 ut
2508 380 2674 452 jugis
2713 380 3081 452 assiduaque
3112 378 3378 453 precatio
3415 378 3539 437 vita
3574 382 3678 438 tua

292 472 662 530 ἀδιάλειπτον
717 471 847 526 εἶναι
893 476 1197 547 προσευχήν
1243 474 1337 527 τὴν
1395 470 1534 530 ζωήν
1588 488 1703 523 σου.
1765 466 1906 520 Ἀλλά

2062 465 2122 522 it.
2157 466 2273 523 Sed
2319 474 2374 525 et
2416 472 2487 525 In
2515 470 2809 534 omnibus,
2836 470 2936 536 ait,
2967 472 3199 539 gratias
3246 471 3427 541 agite.
3458 472 3553 539 At,
3585 470 3676 526 in-

291 569 391 618 καὶ
450 567 542 617 Ἐν
591 567 773 628 παντὶ,
841 566 1019 634 φησὶν,
1077 561 1456 634 εὐχαριστεῖτε.
1514 562 1615 612 Καὶ
1652 566 1762 619 πῶς
1817 553 1905 610 δυ-

2062 557 2262 629 juiunt,
2303 560 2615 632 quomodo
2659 559 2788 616 ﬁeri
2837 559 2899 615 id
2941 564 3160 632 potest.
3203 564 3270 616 ut
3305 560 3513 617 anima
3540 576 3676 634 quas

288 658 479 719 νατόν,
537 657 670 726 φασὶ
698 654 834 722 (55),
875 658 1028 703 τοῦτο
1073 651 1327 721 γενέσθαι,
1377 648 1564 721 ψυχὴν
1620 643 1902 699 κατὼδυνοπ

2064 648 2313 703 arumnis
2333 664 2403 704 ac
2424 648 2870 705 calamitatibus
2893 648 3290 717 excruciatur,
3308 665 3380 705 ac
3395 650 3678 707 dolorum

292 750 637 817 συμφοραῖς,
686 746 776 793 καὶ
828 742 982 793 οἰονεὶ
1036 742 1490 811 περικεντουμένην
1544 745 1608 810 τῇ
1672 737 1906 794 αἰσθήσει

2063 752 2207 792 ensu
2237 738 2397 794 velut
2421 740 2870 812 compungitur,
2900 739 2963 794 in
3002 739 3263 808 gemitus
3287 745 3345 796 et
3370 739 3677 814 lacrym'as

289 842 400 885 τῶν
443 830 728 902 ἀλγεινῶν,
767 833 840 901 μή
890 831 1020 900 πρὸς
1069 829 1286 902 θρήνους
1322 825 1645 900 ἐκφέρεσθαι,
1688 830 1775 877 καὶ
1818 821 1903 877 δάε

2069 842 2147 881 on
2192 832 2511 900 erumpat:
2546 829 2620 883 de
2666 829 2849 884 rebus
2897 845 3036 900 quae
3076 827 3276 900 reipsa
3304 828 3675 886 detestanda

276 914 463 995 ~xpua,
524 918 641 971 ἀλλ’
698 918 1034 991 εὐχαριστεῖν
1081 918 1149 979 ὡς
1195 916 1273 968 ἐπ’
1321 914 1539 988 ἀγαθοῖς
1594 922 1702 977 τοῖς
1752 912 1890 966 ἀπευι

2062 920 2182 987 unt,
2204 916 2455 988 perinde
2477 922 2659 989 atque
2676 916 2750 972 de
2767 917 2944 973 bonis
2971 921 3223 989 peragat
3242 917 3505 989 gratias?
3524 919 3676 976 Mala

289 1011 513 1072 mioz;
559 1007 678 1080 (56)
724 1010 861 1059 κατά
908 1005 1187 1072 ἀλήθειαν;
1227 1004 1287 1059 Ἀ
1333 1008 1431 1079 γὰρ
1480 1003 1541 1056 ἀν
1593 1003 1903 1077 ἐπαράσαιτί

2060 1005 2183 1061 nim
2214 1022 2350 1077 quae
2394 1006 2675 1062 inimicus
2703 1007 2850 1063 mihi
2898 1012 3176 1080 precatus
3215 1006 3410 1071 fuerit,
3443 1006 3492 1062 si
3520 1007 3674 1063 acci-

288 1121 384 1174 μοι
417 1101 448 1152 ὁ
483 1099 710 1173 ἕχθρός,
741 1104 913 1148 ταῦτα
950 1097 1147 1160 παθὼν,
1178 1102 1288 1156 πῶς
1335 1093 1416 1146 ἐπ’
1464 1092 1642 1155 αὐτοῖς
1692 1093 1902 1166 εὐχαρι-

2064 1098 2188 1160 aut,
2220 1095 2535 1166 quomodo
2572 1112 2679 1166 pro
2712 1095 2804 1150 bis
2832 1101 3042 1168 potero
3072 1100 3271 1165 grates
3295 1095 3628 1168 rependere
3647 1094 3673 1148 ?

286 1196 440 1243 στεῖν
506 1184 860 1259 δυνήσομαις
917 1185 1274 1258 Ἀνήρπασται
1337 1186 1394 1235 τό
1449 1179 1665 1235 παιδίον
1721 1183 1900 1253 οῖωρονε

2056 1187 2119 1238 ist
2159 1182 2318 1238 ﬁlius
2366 1184 2729 1240 immaturus
2778 1190 3048 1256 eruptus,
3081 1188 3139 1238 et
3178 1183 3418 1239 dolores
3457 1183 3670 1256 primis

282 1285 379 1332 καί
443 1274 662 1340 ὠδῖνες,
713 1284 816 1327 τῶν
870 1280 1088 1350 πρώτων
1141 1272 1524 1346 χαλεπώτεραι,
1584 1268 1896 1344 ὀδυνωμένητ

2063 1272 2318 1345 uerperii
2348 1272 2661 1328 doloribus
2686 1272 3027 1328 acerbiores
3058 1276 3316 1328 matrem
3344 1272 3420 1329 de
3448 1271 3670 1328 charis-

284 1367 378 1421 ἰπὶ
423 1376 508 1438 τῷ
559 1370 819 1439 ἀγαπητῷ
856 1368 952 1423 τήν
980 1366 1180 1438 μητέρα
1214 1367 1704 1437 κατατιτρώσκουσι
1737 1381 1749 1394 ·
1776 1370 1898 1426 πῶς,

2052 1361 2175 1417 imo
2200 1360 2326 1417 ﬁlio
2350 1361 2655 1418 dolentem
2686 1361 3088 1417 discruciant:
3112 1361 3444 1433 quomodo,
3463 1361 3666 1417 missis

282 1457 678 1511 καταλιποῦσα
725 1458 847 1517 τοὺς
898 1456 1117 1527 θρήνους
1163 1453 1299 1522 (57),
1341 1451 1685 1525 εὐχαριστίας
1741 1452 1896 1522 φωνὰς

2054 1450 2364 1522 iulatibus,
2378 1467 2559 1507 voces
2579 1451 2913 1520 gratiarum
2930 1451 3149 1506 actioni
3165 1450 3442 1523 proprias
3455 1466 3668 1523 expro-

281 1545 576 1619 ἀναλάϐη;
633 1553 788 1612 Πῶς;
846 1543 964 1597 Ἐὰν
1019 1542 1313 1615 λογίσηται,
1358 1542 1439 1594 ὃτι
1492 1549 1565 1611 τῷ
1621 1537 1779 1593 παιδὶ
1834 1548 1895 1611 τᾷ

2051 1542 2180 1597 aet?
2211 1541 2324 1606 Qui
2356 1540 2485 1595 ﬁeri
2513 1539 2576 1595 id
2618 1539 2852 1611 possit?
2881 1540 2937 1597 Si
2964 1539 3317 1609 cogitaverit
3344 1542 3533 1595 Deum
3563 1554 3665 1610 ge-

283 1636 344 1698 ἕξ
392 1636 575 1698 αὐτῆς
620 1635 917 1706 γεννηθέντι
958 1631 1262 1705 οἰκειότερος
1312 1634 1484 1703 πατὴρ
1539 1630 1565 1681 ὁ
1618 1632 1767 1695 Θεὸς,
1816 1641 1897 1680 και

2059 1630 2140 1685 ito
2171 1646 2244 1685 ex
2264 1630 2398 1700 ipsa
2417 1629 2541 1684 ﬁlio
2563 1644 2692 1684 esse
2720 1628 3168 1699 germaniorem
3192 1634 3451 1702 patrem,
3478 1628 3668 1685 verio-

282 1730 688 1797 φρονιμώτερος
750 1722 1077 1795 προστάτης,
1132 1723 1218 1772 καὶ
1271 1718 1539 1792 οἰκονόμος
1602 1725 1695 1770 τοῦ
1761 1716 1896 1791 βίου.

2049 1733 2295 1790 emque;
2331 1717 2740 1789 eumdemque
2769 1716 2930 1772 illius
2967 1733 3100 1772 esse
3131 1722 3408 1789 tutorem,
3443 1721 3502 1773 et
3525 1718 3663 1775 vitm

278 1818 351 1867 τί
423 1810 523 1866 οὖν
595 1812 689 1864 οὐκ
742 1810 1080 1886 ἐπιτρέπομεν
1143 1810 1208 1861 τὰ
1272 1808 1431 1860 αὐτοῦ
1496 1812 1741 1880 κτήματα
1791 1809 1892 1879 (58]

2057 1809 2496 1881 ispensatorem
2527 1806 3000 1879 prudentiorem.
3035 1810 3179 1863 Cum
3203 1822 3347 1878 ergo
3373 1823 3497 1864 non
3526 1807 3666 1864 sini-

277 1906 423 1975 πρός
474 1905 539 1954 τό
607 1897 796 1953 δοκοῦν
850 1896 1178 1952 διατίθεσθαι
1232 1905 1303 1968 τῷ
1359 1902 1590 1970 φρονίμῳ
1645 1900 1891 1969 Δεστινότῃ1

2049 1914 2146 1953 111$
2176 1897 2534 1970 prudentem
2559 1896 2883 1951 Dominum
2908 1895 3074 1953 bona
3100 1912 3212 1953 sua
3239 1897 3318 1952 ad
3347 1897 3663 1954 arbitrium

280 1990 396 2042 ἀλλ’
447 1993 522 2052 ὡς
571 1989 775 2042 οἰκείων
825 1991 1152 2062 στερούμενοι
1205 1985 1608 2059 ἀγανακτοῦμεν,
1659 1990 1749 2038 καὶ
1793 1993 1894 2047 τοῖς

2051 2004 2192 2043 uum
2209 1987 2583 2059 dispensare,
2600 1986 2707 2041 sed
2722 1986 3112 2057 indignamur
3126 1991 3421 2058 tanquam
3443 1988 3665 2043 nostris

280 2078 734 2138 ἀποθνῆσκουσιν
782 2080 851 2140 ὡς
907 2073 1210 2135 ἀδικηθεῖσι
1254 2078 1678 2148 συμπάσχομεν;
1731 2078 1798 2127 Σὺ
1842 2071 1894 2128 δὲ

2051 2075 2272 2148 poliati,
2305 2091 2375 2131 ac
2403 2081 2675 2130 mortuos
2701 2074 2868 2130 velut
2893 2073 3114 2145 injuria
3140 2073 3387 2130 affectos
3412 2076 3665 2132 commi-

286 2168 461 2221 ἐκεῖνο
520 2168 765 2239 λογίζου,
824 2168 905 2218 ὃτι
954 2166 1049 2217 οὐκ
1108 2164 1326 2217 ἀπέθανε
1382 2168 1441 2216 τὸ
1495 2160 1729 2229 παιδίον,
1793 2162 1899 2215 ἀλλ’

2046 2167 2318 2221 uramur?
2334 2164 2484 2219 Illud
2507 2164 2688 2220 velim
2712 2168 2910 2220 tecum
2927 2169 3329 2237 reputes,non
3350 2171 3660 2222 mortuum

284 2254 539 2315 ἀπεδόθη
588 2277 601 2288 ·
663 2252 787 2308 οὐδε
853 2253 1250 2312 ἀπετελεύτησεν
1305 2253 1418 2323 (59)
1484 2255 1509 2304 ὀ
1565 2251 1727 2325 φίλος,
1790 2251 1898 2305 ἀλλ’

2046 2271 2139 2310 sse
2177 2268 2457 2326 puerum,
2485 2253 2592 2308 sed
2620 2252 2960 2310 redditum:
2995 2270 3193 2327 neque
3240 2253 3506 2310 amicum
3536 2254 3659 2310 fato

281 2343 642 2416 ἀπεδήμησε,
691 2349 781 2396 καὶ
829 2348 1013 2416 μικρόν
1065 2363 1116 2394 τι
1170 2341 1443 2416 προείληφε
1488 2349 1581 2404 τῆς
1640 2338 1788 2409 ὁδοῦ,
1840 2340 1895 2399 ἣν

2048 2348 2303 2411 metum,
2337 2342 2447 2398 sed
2497 2358 2745 2414 peregre
2774 2343 3111 2415 profectum
3141 2343 3369 2415 iterque
3407 2343 3575 2416 quod
3604 2348 3662 2401 et

277 2439 375 2486 καὶ
433 2437 590 2506 ἡμᾶς
640 2432 937 2504 ἀναγκαίως
988 2429 1167 2490 δεήσει
1222 2433 1553 2504 πορεύεσθαι.
1594 2430 1766 2484 Ἐστω
1816 2450 1891 2483 σοι

2053 2432 2185 2489 obis
2205 2431 2545 2487 necessario
2566 2431 3012 2487 conﬁciendum
3028 2432 3157 2499 erit,
3171 2432 3482 2504 aliquanto
3499 2437 3662 2488 ante-

278 2522 474 2581 ἱντολή
526 2530 622 2575 τοῦ
668 2529 802 2574 Θεοῦ
843 2523 1097 2584 σύνοικος,
1130 2521 1237 2573 οἷόν
1276 2540 1328 2572 τι
1369 2528 1481 2591 ῳῶς
1512 2525 1600 2572 καὶ
1628 2516 1892 2591 διαύγειαν

2042 2535 2354 2593 ιοιευρδεςο.
2375 2521 2432 2577 Si
2454 2520 2555 2576 tibi
2578 2536 2688 2593 pro
2708 2519 3125 2576 contubernali
3146 2520 3249 2576 Dei
3275 2520 3656 2592 mandatum,

278 2617 428 2683 πρὸς
493 2616 593 2669 τὴν
668 2620 767 2663 τῶν
840 2612 1155 2684 πραγμάτων
1225 2605 1490 2681 διάκρισιν
1563 2612 1892 2684 παρεχομένη

2045 2626 2203 2666 Jcem
2224 2609 2561 2682 quamdam
2587 2614 2644 2665 et
2667 2608 3053 2682 splendorem
3081 2608 3492 2665 indesinenter
3514 2608 3659 2666 aﬂ'e-

282 2698 704 2760 ἀδιαλιίπτως·
758 2701 895 2766 ἣτις,
951 2698 1208 2773 πὸῥρπθεν
1260 2702 1354 2756 τήν
1407 2707 1502 2760 τῆς
1557 2697 1744 2769 ψυχῆς
1803 2717 1896 2750 σου

2042 2715 2145 2755 ens
2191 2698 2268 2754 ad
2318 2715 2410 2754 res
2458 2699 2567 2770 37
2619 2698 3086 2754 discernendas:
3114 2697 3280 2771 quod
3325 2700 3377 2752 si
3418 2697 3656 2755 eminus

281 2790 624 2843 ἐπιστασίαν
680 2794 1174 2860 προκατασχοῦσα,
1227 2791 1316 2839 καὶ
1370 2789 1462 2850 τὰς
1520 2784 1726 2848 ἀληθεῖς
1778 2791 1895 2860 περὶ

2044 2791 2339 2844 raecurrat
2385 2787 2571 2842 animi
2616 2787 2702 2843 tui
2741 2787 3062 2857 judicium,
3092 2787 3377 2860 verisque
3405 2787 3481 2843 de
3510 2803 3658 2860 qua-

277 2878 524 2931 ἱκάστου
585 2874 745 2940 δόξας
802 2877 1302 2950 προευτρεπίζουσα,
1363 2876 1448 2928 ὑπ’
1497 2872 1705 2938 οὐδενός
1757 2874 1891 2928 ἐάσει

2043 2891 2246 2948 unque
2265 2891 2331 2931 re
2357 2875 2744 2947 opinionibus
2768 2875 3150 2949 praemuniat,
3179 2875 3429 2931 minime
3450 2876 3577 2931 sine
3601 2880 3657 2932 te

278 2987 342 3021 σε
399 2976 508 3019 τῶν
552 2971 981 3040 προσπιπτόντων
1031 2964 1371 3024 ἀλλοιωθῆναι
1404 2986 1417 2999 ο
1461 2963 1589 3017 ἀλλά
1636 2973 1708 3035 τῷ
1759 2983 1892 3037 προ-

2045 2964 2142 3020 llis
2163 2980 2437 3037 unquam
2460 2963 2704 3019 casibus
2720 2964 3109 3019 immutatum
3129 2964 3221 3029 iri;
3241 2964 3346 3020 sed
3360 2964 3575 3021 efﬁciet
3597 2968 3658 3021 ut

276 3059 681 3130 ευτρεπισμίνῳ
720 3063 813 3117 τῆς
858 3052 1093 3117 διανοίας
1123 3056 1237 3127 (60)
1264 3057 1437 3130 ὧσπερ
1480 3057 1596 3106 τινὰ
1644 3054 1890 3107 σκόπελον

2039 3060 2203 3110 mente
2217 3059 2555 3126 praeparata
2575 3059 2632 3108 et
2656 3053 2967 3121 instructa,
2983 3068 3232 3107 securus
3251 3068 3323 3108 ac
3342 3054 3653 3124 immotus,

277 3145 570 3205 θαλάσσης
624 3148 862 3215 γείτονα,
923 3143 1166 3216 ἀσφαλῶς
1229 3147 1316 3196 καὶ
1372 3143 1629 3206 ἀσείστως
1684 3152 1781 3196 τῶν
1838 3163 1891 3196 τε

2047 3144 2181 3200 uasi
2206 3142 2496 3215 scopulus
2527 3141 2781 3214 quidam
2809 3141 2961 3197 mari
2990 3141 3424 3208 conterminus,
3449 3147 3654 3199 vento-

274 3233 482 3311 βιαίων
542 3235 878 3305 πνευμάτων,
928 3232 1017 3285 καί
1064 3242 1162 3285 τῶν
1219 3236 1465 3306 κυμάτων
1521 3235 1613 3295 τὰς
1670 3230 1888 3308 ἐπιδρο-

2033 3250 2133 3289 um
2162 3232 2608 3288 vehementiam
2638 3247 2710 3287 ac
2748 3231 3039 3287 ﬂuctuum
3069 3231 3331 3303 impetus
3360 3231 3647 3303 perferas.

272 3322 389 3391 μὰς
422 3322 533 3390 (61)
578 3323 862 3393 ὑπομένειν.
913 3323 1006 3374 Διά
1051 3326 1103 3373 τί
1152 3324 1252 3396 γὰρ
1311 3322 1440 3393 οῦχὶ
1493 3323 1656 3379 θνητά
1693 3332 1886 3396 φρονεῖν

2037 3338 2294 3384 luorsum
2311 3322 2472 3378 enim
2489 3337 2611 3377 non
2634 3322 2804 3394 prius
2820 3321 3136 3377 assuevisti
3152 3320 3226 3376 de
3242 3321 3481 3378 mortali
3496 3337 3651 3378 mor-

274 3414 407 3483 περὶ
456 3415 553 3460 τοῦ
615 3411 802 3467 θνητοῦ
866 3411 1239 3482 προειθίσθης,
1313 3409 1421 3463 ἀλλ’
1486 3407 1885 3485 ἀπροσδόκητον

2036 3411 2113 3467 ile
2146 3411 2445 3485 quiddam
2492 3413 2732 3473 sentire,
2773 3410 2879 3465 sed
2909 3415 3166 3466 mortem
3196 3410 3300 3465 ﬁlii
3334 3411 3650 3484 suscepisti

276 3504 378 3549 τοῦ
418 3493 613 3560 παιδὸς
659 3501 747 3550 τόν
795 3500 1011 3551 θάνατον
1058 3496 1394 3573 προσεδέξω;
1439 3499 1563 3552 Ὅτε
1616 3520 1701 3552 σοι
1747 3509 1886 3574 πρῶ-

2037 3504 2209 3557 raeter
2255 3500 2812 3573 exspectationem?
2843 3502 3018 3555 Ortus
3046 3499 3153 3555 ﬁlii
3202 3516 3342 3555 cum
3372 3501 3478 3556 tibi
3521 3501 3648 3573 pri-

276 3605 373 3638 τον
432 3586 659 3657 ἠγγέλθη
711 3594 803 3638 τοῦ
850 3589 966 3639 υἱοῦ
1010 3589 1040 3645 ἠ
1093 3590 1351 3659 γέννησις,
1403 3592 1447 3641 εἴ
1488 3593 1565 3650 τίς
1614 3608 1671 3641 σε
1709 3593 1881 3663 ήρετο,

2031 3606 2164 3645 num
2192 3590 2505 3645 nuntiatus
2535 3594 2642 3659 est,
2679 3588 2727 3644 si
2747 3588 2885 3661 quis
2916 3593 2971 3643 te
2999 3588 3429 3658 interrogasset
3463 3588 3645 3660 quale

276 3679 525 3727 ποταπὸν
569 3675 685 3728 ἔστι
726 3678 784 3728 τὸ
832 3677 1055 3748 τεχθέν;
1087 3682 1140 3729 τί
1169 3696 1294 3729 ποτε
1335 3677 1396 3728 ἂν
1428 3675 1683 3751 ἀπεκρίνω
1706 3694 1720 3745 ;
1747 3678 1884 3751 Ἀρα

2029 3684 2148 3735 sset
2162 3679 2326 3751 quod
2349 3684 2559 3735 natum
2583 3677 3003 3750 est,quidnam
3024 3681 3167 3732 tunc
3181 3677 3643 3749 respondisses?

276 3762 409 3814 ἱλλο
454 3781 510 3814 τι
564 3762 626 3815 ἀν
684 3762 838 3829 εἶπες,
898 3766 928 3823 ή
998 3766 1079 3817 ὃτι
1130 3766 1400 3840 ἄνθρωπός
1465 3768 1580 3819 ἐστι
1642 3770 1700 3819 τό
1760 3786 1880 3839 γεν-

2023 3768 2244 3825 Jiudne
2289 3768 2569 3831 dixisses,
2596 3767 2712 3822 nisi
2734 3761 2901 3839 quod
2925 3766 3113 3822 homo
3144 3766 3197 3822 si
3232 3766 3401 3839 quod
3429 3771 3637 3823 natum

274 3852 431 3908 νηθέν
458 3868 474 3918 ;
506 3852 568 3904 Εἰ
616 3849 675 3904 δε
723 3853 1007 3927 ὥνθρωπος,
1039 3859 1129 3907 καὶ
1180 3856 1364 3916 θνητός
1404 3850 1665 3912 δηλονότι,
1697 3859 1762 3908 Τί
1791 3853 1879 3909 οὖν

2027 3857 2124 3913 st?
2156 3855 2330 3922 Quod
2356 3856 2404 3911 si
2424 3856 2633 3922 homo,
2655 3855 2861 3928 utique
2886 3859 2942 3912 et
2962 3855 3253 3911 mortalis.
3281 3854 3435 3920 Quid
3459 3855 3641 3926 igitur

272 3936 601 4013 παράδοξον,
649 3941 693 3994 εἰ
739 3940 983 3995 ἀπέθανεν
1031 3945 1056 3995 ὁ
1103 3945 1322 4010 θνητός;
1383 3944 1506 4016 Οὐχ
1553 3946 1676 4017 ὁρᾷς
1732 3943 1876 4003 ἣλιον

2023 3946 2124 4002 uiri
2154 3945 2203 4000 si
2233 3950 2506 4001 mortuus
2535 3950 2626 4000 est
2652 3943 2926 4007 mortalis
2944 3945 2972 4001 ?
3002 3947 3217 4000 Annon
3245 3943 3417 4000 vides
3446 3944 3637 4001 solem

270 4028 618 4081 ἀνατέλλοντα
668 4036 757 4082 καὶ
810 4027 1096 4104 δυόμενον,
1151 4033 1257 4105 οὐχ
1308 4034 1434 4106 ὁρᾷς
1498 4038 1593 4093 τήν
1660 4033 1875 4092 σελήνην

2019 4036 2276 4091 trientem
2329 4040 2385 4089 et
2435 4034 2860 4090 occidentem?
2891 4049 3015 4090 non
3060 4033 3227 4089 vides
3268 4038 3633 4089 crescentem

268 4116 561 4182 αὔξουσαν,
610 4115 719 4170 εἶτα
765 4120 1082 4191 φθίνονσαν;
1142 4120 1201 4173 οὐ
1256 4126 1352 4180 τήν
1405 4130 1503 4194 γῆν
1562 4121 1868 4189 θάλλουσαν,

2014 4140 2214 4190 unam,
2246 4128 2303 4180 et
2349 4123 2798 4180 decrescentem
2824 4124 2852 4178 ?
2888 4138 3015 4179 non
3053 4128 3277 4178 terram
3318 4121 3628 4195 virentem,

266 4204 383 4259 εἶτα
426 4206 806 4280 ξηραινομένην
845 4212 994 4280 (6‘2);
1039 4214 1103 4263 Τί
1143 4218 1244 4262 τῶν
1290 4214 1409 4286 περὶ
1464 4213 1603 4283 ἡμᾶς
1645 4212 1867 4278 ἔστηκε;

2016 4212 2198 4269 .einde
2230 4216 2607 4268 arescentem
2623 4212 2652 4268 ?
2682 4211 2834 4277 Quid
2855 4227 3065 4267 eorum
3086 4227 3223 4283 quas
3241 4226 3354 4266 nos
3375 4210 3630 4267 circum-

261 4299 318 4346 τί
348 4294 598 4352 ἀκίνητον
646 4299 758 4368 ἔχει
799 4301 893 4355 τήν
938 4301 1092 4370 φύσιν
1139 4304 1231 4352 καὶ
1277 4297 1674 4372 ἀμετάπτωτονς
1711 4299 1867 4353 Ἀνά-

2018 4307 2141 4358 tant
2166 4301 2381 4358 stabile
2410 4306 2499 4358 est
2543 4306 2599 4357 et
2626 4301 2871 4356 ﬁrmum
2891 4304 2919 4355 ?
2945 4300 3267 4371 cujusnam
3296 4299 3382 4356 rei
3409 4305 3632 4358 natura

262 4382 457 4454 Mar
510 4383 583 4445 εἰς
645 4388 733 4436 τὸν
788 4385 1042 4459 οὐρανὸν,
1093 4392 1183 4440 καὶ
1240 4385 1322 4441 ἴδε
1385 4393 1479 4447 τὴν
1541 4397 1659 4461 γῆν.
1725 4386 1866 4443 Οῦδε

2018 4397 2233 4448 nmota
2260 4397 2351 4447 est
2378 4395 2434 4446 et
2457 4389 2894 4446 immutabilis?
2923 4389 3170 4462 Suspice
3205 4389 3269 4445 in
3298 4388 3540 4461 coelum,
3572 4395 3632 4448 et

260 4478 435 4524 ταῦτα
496 4466 807 4533 διαιωνίζει.
854 4472 915 4526 Ὀ
963 4476 1065 4548 γὰρ
1118 4476 1335 4551 οὐρανός
1383 4483 1471 4530 καὶ
1523 4478 1554 4536 ἠ
1602 4484 1671 4548 γῆ
1725 4496 1864 4552 παρ-

2014 4480 2057 4536 ά
2086 4484 2310 4536 terram
2337 4478 2568 4552 respice
2599 4495 2613 4534 :
2642 4494 2719 4535 ne
2746 4478 2876 4535 haec
2901 4478 3150 4552 quidem
3173 4483 3467 4536 aeternum
3496 4496 3628 4553 per-

262 4558 553 4629 ελεὺσεται,
614 4567 773 4633 φησίν
805 4582 819 4596 ·
869 4564 919 4615 οἱ
974 4561 1185 4639 ἀστέρες
1242 4564 1299 4617 ἐκ
1347 4573 1441 4618 τοῦ
1493 4566 1714 4640 οὐρανοῦ
1768 4585 1864 4619 πε·-

2012 4583 2267 4625 aansura
2310 4572 2469 4624 sunt.
2513 4570 2685 4636 Nam,
2741 4566 2939 4640 inquit
2957 4570 3027 4636 δι,
3078 4568 3309 4626 Cretum
3356 4573 3414 4627 et
3461 4574 3626 4627 terra

334 4702 379 4736 ιι
423 4701 630 4758 naith.
662 4718 813 4773 xxiv,
843 4707 935 4775 35,
965 4709 1053 4762 29.

477 4825 628 4912 {Idi-li
648 4823 889 4910 δυνατὸν,
905 4835 1052 4902 φασί.
1072 4830 1485 4912 Illud,9aqi,in
1504 4849 1649 4889 mss.
1671 4833 1860 4912 deest.

1292 4832 1485 4912 ιαᾳίρη
1504 4849 1649 4889 mss.
1671 4833 1860 4912 deest.
1971 4835 2240 4912 quinque
2268 4834 2406 4891 libri
2431 4840 2689 4912 μικρόν-τι
2708 4836 2906 4912 προείλ.

328 4898 731 4983 ςξβλνεμοτεε
778 4898 1049 4983 quinque
1093 4901 1245 4983 libri.
1268 4898 1704 4983 ictaemexrotg.
1733 4910 1863 4983 Mox

1996 4898 2164 4983 ’-ξ
2196 4910 2338 4976 Reg.
2362 4898 3261 4983 primusalla'wpozurpsnmpém
3288 4912 3351 4979 τῇ
3386 4900 3610 4980 διανοίᾳ.

260 4967 403 5049 editi
459 4967 522 5019 ἂν
564 4966 882 5054 ξπαράσαῖτο.
918 4966 1082 5028 Unus
1136 4975 1327 5030 codex
1364 4966 1725 5051 incipiam-att.
1752 4978 1863 5034 Alii

1572 4966 1725 5035 ἠε-αι,
1752 4978 1863 5034 Alii
1972 4966 2083 5054 Alii
2113 4966 2400 5054 εξξιξᾷξέ.
2422 4984 2492 5054 ,ει
2520 4978 2661 5054 editi
2684 4966 3186 5054 προέυτρεπισμένῳ.

257 5043 533 5122 quinque
558 5043 902 5121 ἐπαράσαιτο.
1440 5060 1443 5063 ‘
1473 5043 1482 5051 ’

2200 5049 2389 5122 Editio
2420 5050 2604 5105 Paris.
2629 5043 2895 5122 κυμάτωνί
2924 5068 3017 5122 τας
3035 5043 3373 5122 ’προσ-ϐολάς.
3426 5047 3614 5122 Editio

330 5115 447 5192 si.)
489 5112 631 5192 ρος·
657 5112 898 5192 primus
926 5117 1014 5166 τὸν
1038 5117 1239 5192 9.97M?-
1301 5188 1312 5192 _

2000 5112 2151 5192 lasill
2180 5125 2239 5176 et
2266 5121 2534 5192 quinque
2565 5112 2709 5192 mss:
2741 5112 3165 5192 τὰς-ἐπιδρομάς
3221 5120 3383 5192 Unus
3423 5119 3614 5192 codex

328 5184 447 5249 (58)
489 5182 881 5265 unus‘codex
908 5192 964 5265 et
991 5182 1134 5242 editi
1157 5189 1223 5239 τὰ
1252 5188 1410 5265 αὐτοῦ
1455 5191 1741 5265 κτίσματα,
1770 5206 1863 5248 res

2001 5191 2138 5248 Iolb.
2150 5182 2682 5265 _1rpo€olvf;..EOdem
2696 5190 2914 5265 recidit
2938 5182 3170 5265 sensus.
3189 5188 3409 5265 Necita
3426 5189 3615 5247 multo

257 5264 297 5336 εξ
314 5267 382 5336 se
402 5252 701 5308 conditas.
728 5254 836 5336 Alii
864 5257 1131 5336 quinque
1151 5275 1297 5336 mss.
1319 5263 1384 5336 τᾲ
1410 5252 1860 5336 αὐτοῦ’κτήματα.

1997 5270 2111 5336 )ost
2130 5252 2253 5336 ddo
2276 5252 2422 5316 mss.
2447 5267 2504 5316 et
2522 5261 2663 5316 editi
2684 5263 2713 5318 ἡ
2746 5265 2960 5336 γένεσις.
2984 5259 3095 5336 Alii
3124 5262 3329 5336 mss.
3352 5265 3611 5336 γέννησις.

257 5320 487 5420 {bidem
537 5340 694 5379 unus
736 5331 845 5420 aut
883 5320 1319 5420 ξιιρέδωεηοῦκ
1360 5320 1714 5417 ἐπιτρέπομενῖ
1758 5336 1864 5391 Su-

2198 5335 2429 5420 vel‘ei‘es‘
2457 5336 2717 5420 quatuor
2743 5320 2879 5387 libri
2925 5320 3253 5420 θάλλουσαν,
3270 5320 3381 5384 εἶτά
3428 5320 3615 5420 ξηραιν-

254 5393 443 5487 δίεξέε
469 5410 630 5487 ιξηιξβ
659 5396 855 5478 φάει
884 5398 1044 5487 εέίέηῑσ
1076 5407 1308 5487 saevire:
1336 5393 1726 5487 emitti}..-
1769 5473 1781 5487 ,

1998 5393 2207 5487 [ομενήν.
2236 5403 2348 5487 Alii
2392 5393 2846 5487 (ξιιρλθξέλλουσαν
2885 5407 2976 5487 καὶ
3022 5402 3175 5455 πάλιν
3222 5393 3612 5487 ξηραινομένηνε

324 5426 443 5449 uua
472 5426 630 5477 ηειυέ
659 5426 855 5478 υιξυελ
884 5426 1044 5479 ιτυιιξ.
1076 5426 1308 5487 φρονιμῳ
1336 5426 1631 5475 προστατῃ.

324 5467 441 5550 (59)
478 5471 730 5592 Antiqui
755 5483 863 5523 sex
891 5468 1180 5551 libr-1.066“:
1209 5474 1553 5532 ετελεύτησεν.
1580 5473 1726 5530 Editi
1760 5473 1865 5528 ἀπ-

324 5554 606 5592 ravarava.
666 5538 880 5592 bidem
907 5539 1050 5592 editi
1093 5547 1275 5592 μικρὸν
1303 5544 1600 5592 προείληφε.
1629 5548 1868 5592 Veteres

2006 5426 2029 5457 ο
2074 5426 2207 5462 ενην.
2236 5426 2348 5458 Alli
2392 5426 2514 5458 uuu
2562 5426 2846 5455 υαΛΛουο-αν
2885 5426 2976 5454 και
3022 5426 3175 5455 παΛιν
3224 5426 3613 5479 ςηραινομενην.

2006 5426 2088 5531 iiii
2116 5475 2240 5531 duo
2270 5479 2328 5529 et
2356 5473 2497 5529 editi
2528 5472 2835 5541 θάλλουσαν,
2870 5470 2980 5526 εἶτα
3016 5479 3413 5549 μαραινομένην.
3450 5476 3620 5533 Haud

2006 5545 2252 5592 liggimili
2282 5560 2480 5592 sensu-
2515 5547 2640 5592 Mm:
2674 5561 2816 5592 mss-
2849 5548 2972 5592 tres:
3018 5544 3300 5592 euasisti...
3342 5552 3471 5592 ποόε
3509 5551 3614 5592 τόν-

258 5538 606 5595 ετελεύτησιν.
636 5538 880 5595 Ibidem
907 5539 1050 5597 editi
1091 5547 1275 5619 μικρὸν
1303 5544 1601 5618 προείληφε.
1629 5548 1868 5603 Veteres

2000 5545 2257 5604 lissimili
2282 5560 2481 5601 sensu.
2514 5547 2643 5603 Mox
2672 5538 2829 5602 mss;
2849 5548 2972 5603 tres
3016 5538 3300 5621 ἀνάϐλεψον
3342 5552 3472 5622 πρός
3509 5551 3614 5601 τόν.
