4088 6194
441 249 545 304 247

1812 246 1869 302 S.
1911 245 2161 301 BASILII
2198 246 2439 303 MAGNI.

3696 255 3820 309 248

446 371 1011 444 transibunt,stellae
1029 370 1246 429 cadent
1263 372 1336 427 de
1355 372 1522 440 caelo,
1544 372 1636 428 sol
1654 370 2095 437 obscurabitur,

2226 378 2429 424 τοῦνται
2454 392 2468 405 ·
2511 373 2538 425 ό
2581 372 2725 434 ἣλιος
2765 374 3172 430 σκοτισθήσεται
3196 393 3209 407 ο
3250 374 3279 432 ὴ
3319 373 3504 433 σελήνη
3549 375 3608 427 ού
3641 372 3821 430 δώσει

449 463 601 519 luna
629 478 750 519 non
780 462 949 518 dabit
995 462 1196 517 lumen
1224 476 1418 517 suum.
1449 460 1602 526 Quid
1628 460 1810 530 igitur
1852 459 2097 530 mirum,

450 551 499 608 si
521 567 634 607 nos
656 566 922 624 quoque,
938 565 1075 605 cum
1098 565 1242 621 pars
1262 549 1454 606 simus
1482 549 1941 607 mundi.eorum
1961 564 2099 620 qua:

448 640 665 696 mundi
682 638 1179 712 sunt.participes
1203 639 1429 695 simus?
1450 639 1546 695 His
1567 637 2100 706 consideratis,ubi

448 734 509 787 te
528 729 708 786 etiam
739 727 1045 784 adorietur
1081 728 1500 784 communium
1536 744 1739 784 rerum
1770 743 1911 801 pars
1940 744 2101 799 quaa-

449 819 654 891 piam;
681 817 769 873 fer
806 816 1019 872 tacitus
1048 832 1120 873 ac
1166 817 1514 887 connivens,
1545 833 1670 873 non
1718 818 1845 873 sine
1882 816 2103 874 aﬂ‘ectu

450 907 597 969 ullo,
637 909 742 963 aut
779 921 963 961 sensu
1003 906 1157 978 (quae
1204 912 1294 962 est
1344 907 1505 963 enim
1553 906 1897 964 indolentiaa
1943 923 2100 963 mer-

453 1010 552 1052 ces
567 995 617 1061 ?)
639 1012 652 1051 :
678 993 786 1050 sed
813 1010 952 1050 cum
992 1009 1221 1064 magno
1251 994 1479 1061 labore,
1513 1011 1652 1052 cum
1692 994 1896 1052 multis
1938 994 2103 1053 dolo-

449 1085 642 1142 ribus.
683 1087 901 1140 Verum
945 1089 1148 1140 tamen
1185 1084 1384 1156 perfer
1427 1086 1591 1142 velut
1628 1089 1907 1142 strenuus
1944 1086 2105 1158 quis-

452 1174 619 1247 piam
640 1173 884 1242 athleta,
912 1173 1018 1245 qui
1037 1172 1224 1229 robur
1254 1189 1327 1229 ac
1347 1173 1757 1231 fortitudinem
1787 1190 1913 1231 non
1942 1174 2004 1230 in
2032 1190 2105 1230 eo

452 1263 651 1319 solum
699 1261 982 1331 ostendit,
1012 1261 1180 1334 quod
1224 1262 1519 1334 percutiat
1558 1263 1963 1332 adversarios,
1997 1264 2106 1321 sed
2158 1264 2167 1271 ’

451 1352 621 1426 quod
645 1351 904 1407 inﬂictas
932 1352 1114 1408 etiam
1141 1350 1259 1407 sibi
1288 1351 1367 1407 ab
1392 1351 1543 1424 ipsis
1573 1352 1787 1425 plagas
1817 1358 2103 1410 constan-

451 1446 542 1499 ter
588 1441 844 1499 toleret:
894 1441 1036 1496 item
1093 1445 1387 1513 tanquam
1447 1442 1667 1515 aliquis
1712 1442 2104 1514 gubernator,

452 1531 562 1603 qui
595 1530 842 1601 sapiens
874 1529 1058 1597 sit,-et
1084 1545 1210 1602 pra;
1252 1545 1480 1600 magna
1519 1530 1854 1601 navigandi
1895 1532 2107 1604 peritia

450 1618 825 1691 impavidus,
869 1618 1095 1691 quique
1132 1619 1408 1676 animum
1453 1626 1684 1677 rectum
1731 1621 2109 1678 immersabi-

2206 462 2266 512 τό
2307 464 2491 532 φέγγος
2536 461 2718 522 αὐτῆς.
2774 466 2837 514 Τί
2886 458 2973 513 οὖν
3022 463 3341 534 θαυμαστὸν,
3395 463 3439 516 εἰ
3484 469 3574 516 καὶ
3630 466 3814 537 ἡμεῖς,

2206 552 2361 623 μέρος
2413 554 2548 613 ὄντες
2613 558 2704 604 τοῦ
2769 554 2992 622 κόσμου,
3058 549 3379 624 ἀπολαύομεν
3445 560 3543 605 τῶν
3594 551 3650 604 ἐκ
3710 561 3818 606 τοῦ

2206 640 2446 711 κόσμου;
2494 642 2633 713 Πρὸς
2681 647 2850 692 ταῦτα
2904 637 3231 707 ἀποϐλέπων,
3288 642 3409 692 ὅταν
3464 646 3555 693 καὶ
3610 640 3693 695 ἐπὶ
3748 644 3819 694 σε

2207 726 2326 799 ἔλθη
2372 735 2472 780 τῶν
2512 736 2692 780 κοινῶν
2731 731 2789 780 τό
2839 732 3022 802 μέρος,
3071 731 3237 800 ἔνεγκε
3279 732 3481 801 μύσας,
3531 730 3625 782 ούκ
3673 729 3818 783 ἀπα-

2211 816 2344 883 θῶς,
2412 813 2537 870 ούδε
2603 816 2932 878 ἀναισθήτως
2994 820 3100 885 (τίς
3159 819 3257 891 γὰρ
3324 819 3515 890 μισθὸς
3579 817 3817 891 ἀναλγη-

2212 908 2331 967 σίας
2354 906 2417 976 ς),
2471 904 2579 958 ἀλλ’
2646 904 2900 968 ἐπιπόνως
2946 909 3036 979 μὲν
3097 910 3187 959 καὶ
3246 910 3339 958 σὺν
3393 904 3654 978 ἀλγηδόσι
3708 908 3821 981 μνὲ

2208 996 2375 1065 ρίαις.
2451 993 2591 1053 Πλὴν
2657 996 2913 1066 ύπένεγκε,
2982 996 3155 1069 ὥσπερ
3222 1015 3303 1057 τις
3371 1003 3599 1066 γενναῖος
3664 995 3821 1068 ἀγω-

2208 1087 2392 1146 νιστὴς
2434 1085 2574 1154 (63),
2625 1088 2719 1142 τὴν
2769 1084 2930 1156 ἰσχὺν
2978 1088 3068 1136 καὶ
3114 1089 3209 1143 τὴν
3253 1081 3495 1157 ἀνδρείαν
3547 1085 3607 1138 ού
3654 1091 3821 1158 μόνον

2212 1170 2260 1224 ἐν
2306 1180 2399 1226 τοῦ
2447 1177 2658 1227 τύπτειν
2705 1176 2826 1236 τοὺς
2879 1172 3188 1238 ἀντιπάλους
3213 1218 3226 1242 ,
3278 1174 3406 1228 ἀλλά
3456 1180 3546 1229 καὶ
3606 1175 3662 1228 ἐκ
3714 1183 3822 1229 τοῦ

2213 1266 2378 1335 φέρειν
2431 1262 2658 1337 στεῤῥῶς
2706 1265 2800 1326 τὰς
2854 1263 2979 1338 παρ’
3028 1263 3197 1317 αὐτῶν
3252 1264 3458 1337 πληγὰς
3513 1261 3823 1318 ἐπιδεικνύ-

2212 1369 2396 1423 μενος·
2442 1356 2533 1404 καὶ
2579 1354 2752 1427 ὥσπερ
2807 1372 2888 1415 τις
2935 1351 3250 1428 κυϐερνήτης
3281 1356 3439 1426 σοφὸς
3477 1359 3566 1407 καὶ
3611 1353 3823 1429 ἀτάρα-

2211 1460 2314 1512 χος
2361 1441 2461 1493 ὑπὸ
2503 1448 2599 1503 τῆς
2647 1442 2771 1513 ἄγον
2817 1446 2937 1515 περὶ
2974 1444 3060 1495 τόν
3108 1441 3269 1495 πλοῦν
3315 1441 3603 1518 ἇμπειρίας,
3653 1443 3823 1517 ὀρθὴν

2212 1533 2303 1582 καὶ
2364 1527 2708 1597 ἀϐάπτιστον,
2762 1535 2854 1584 καὶ
2920 1534 3114 1594 παντὸς
3167 1540 3426 1605 χειμῶνος
3490 1532 3823 1607 ὑψηλοτέραν

2213 1621 2306 1676 τὴν
2352 1617 2538 1690 ψυχὴν
2580 1616 2877 1681 διασὼζων.
2922 1616 3123 1682 Παιδὸς
3165 1619 3458 1692 ἀγαπητοῦ,
3506 1622 3537 1680 ἦ
3571 1624 3824 1694 φυναικός

450 1706 715 1777 lemque,
759 1711 817 1763 et
858 1723 1223 1781 quacunque
1269 1713 1626 1782 tempestate
1670 1709 1944 1767 altiorem
1983 1726 2104 1766 ser-

2226 1709 2544 1781 ιαταθυμίας
2575 1710 2711 1780 (64),
2772 1709 2801 1768 ἣ
2864 1709 3018 1762 ἄλλου
3076 1713 3214 1771 τινός
3261 1718 3359 1762 τῶν
3415 1710 3669 1782 φιλτάτων
3724 1716 3824 1763 καὶ

453 1800 574 1853 vet.
612 1794 745 1851 Filii
788 1795 1150 1866 charissimi,
1191 1800 1294 1853 aut
1340 1798 1541 1854 uxoris
1587 1798 1972 1867 gratismmm,
2003 1804 2109 1857 aut

455 1884 700 1945 alterius
737 1884 1083 1957 cujuspiam
1128 1901 1340 1941 eorum
1386 1887 1493 1959 qui
1543 1892 1684 1943 sunt
1739 1887 2108 1959 amicissimi,

455 1980 515 2033 et
560 1974 727 2030 omni
776 1972 1198 2031 benevolentia
1247 1979 1430 2048 atque
1474 1976 1922 2033 necessitudine
1972 1993 2111 2034 con-

451 2063 664 2137 juncti,
686 2062 964 2135 privatio,
995 2062 1479 2136 haudquaquam
1509 2064 1709 2122 futura
1737 2070 1825 2121 est
1852 2066 2112 2121 molesta

457 2157 516 2210 et
558 2152 756 2223 gravis
811 2151 1043 2209 homini
1096 2153 1375 2226 provido,
1429 2158 1488 2210 et
1539 2159 1766 2211 rectam
1812 2155 2112 2212 rationem

456 2242 593 2300 vitae
624 2242 844 2298 ducem
885 2242 1158 2309 habenti,
1191 2258 1316 2298 non
1345 2247 1547 2300 autem
1577 2260 1650 2300 ex
1679 2246 2115 2302 consuetudine

457 2330 732 2405 quadam
778 2330 1101 2387 incedenti.
1160 2333 1314 2387 Nam
1361 2332 1819 2389 acerbissimum
1877 2338 1965 2390 est
2020 2334 2117 2391 vel

456 2421 604 2494 ipsis
658 2419 854 2475 brutis
909 2419 1320 2477 animantibus
1366 2437 1403 2477 a
1443 2421 1879 2478 consuetudine
1918 2422 2115 2479 avelli.

460 2508 759 2582 Equidem
783 2524 895 2579 ego
921 2507 1049 2581 ipse
1072 2508 1200 2564 vidi
1229 2509 1562 2580 aliquando
1593 2509 1814 2566 bovem
1865 2511 1927 2566 in
1959 2526 2116 2583 prae-

462 2597 593 2670 sepi
636 2597 1142 2668 illacrymantem,
1188 2603 1399 2671 pastus
1438 2614 1510 2655 ac
1550 2598 1683 2670 jugi
1726 2599 1888 2655 socio
1928 2604 2121 2656 morte

468 2686 586 2743 sibi
626 2690 942 2758 praerepto.
998 2686 1155 2752 Quin
1211 2688 1394 2743 etiam
1448 2687 1654 2744 videre
1718 2692 1809 2744 est
1858 2687 2121 2761 reliquas

466 2773 702 2831 belluas
750 2774 1172 2831 consuetudini
1213 2775 1392 2831 valde
1440 2776 1776 2832 admodum
1826 2776 2124 2833 adhaeres-

471 2878 625 2920 cere.
647 2865 730 2918 Tu
772 2877 917 2918 vero
961 2877 1087 2918 non
1123 2862 1207 2920 ita
1237 2862 1519 2929 didicisti,
1550 2880 1746 2937 neque
1768 2865 1851 2921 ita
1877 2865 2124 2921 edoctus

2215 1801 2351 1849 κατὰ
2414 1803 2589 1850 πᾶσαν
2647 1801 2844 1850 εὔνοιαν
2914 1802 3251 1872 συνημμένων
3315 1804 3598 1873 στέρησις,
3665 1796 3824 1852 οὐδὲν

2218 1882 2386 1938 δεινὸν
2434 1895 2507 1957 τῷ
2554 1891 2971 1962 προεσκεμμένῳ,
3016 1892 3106 1941 καὶ
3156 1892 3244 1940 τὸν
3302 1888 3452 1961 ὀρθὸν
3498 1888 3645 1960 λόγον
3688 1890 3825 1959 ἡγε-

2218 1979 2349 2047 μόνα
2384 1984 2480 2037 τῆς
2529 1976 2668 2037 ζωῆς
2712 1980 2909 2047 ἔχοντι,
2944 1975 3072 2029 ἀλλά
3099 1981 3169 2049 μὴ
3218 1980 3355 2029 κατά
3396 1979 3671 2036 συνήθειάν
3702 1997 3829 2030 τινα

2219 2069 2564 2138 πορευομένῳ.
2630 2064 2819 2127 Ἐθους
2883 2068 2983 2140 γὰρ
3047 2069 3325 2140 χωρισμὸς
3384 2071 3473 2119 καὶ
3530 2074 3637 2129 τοῖς
3704 2065 3829 2118 ἀλό-

2219 2173 2334 2225 γοις
2384 2152 2497 2206 ἐστὶ
2543 2150 2969 2227 δυσφορώτατος.
3021 2160 3122 2208 Καί
3172 2174 3296 2208 ποτε
3343 2152 3482 2208 εἶδον
3536 2155 3632 2228 ἐγὼ
3691 2154 3827 2229 βοῦν

2222 2242 2306 2294 ἐπὶ
2354 2245 2547 2314 φάτνης
2596 2239 2914 2316 δακρύοντα,
2939 2252 3031 2296 τοῦ
3082 2249 3336 2317 συννόμου
3382 2245 3522 2317 αὐτῷ
3565 2250 3655 2299 καὶ
3701 2247 3828 2318 όμο-

2225 2331 2386 2403 ζύγου
2456 2330 2876 2394 τελευτήσαντος.
2946 2338 3047 2386 Καὶ
3114 2336 3181 2385 τὰ
3243 2333 3401 2387 λοιπά
3467 2342 3566 2386 τῶν
3623 2333 3827 2406 ἀλόγων

2228 2418 2471 2494 σφοδρῶς
2515 2430 2614 2483 τῆς
2661 2425 2935 2485 συνηθείας
2984 2425 3122 2475 ἔστιν
3181 2420 3308 2476 ἰδεῖν
3356 2422 3691 2496 ἀντεχόμενα.
3755 2429 3827 2477 Σὺ

2228 2506 2287 2563 δε
2330 2510 2435 2581 οὐχ
2483 2511 2645 2573 οὕτως
2694 2513 2897 2583 ἔμαθες,
2932 2508 3055 2564 ούδε
3099 2508 3420 2584 ἐδιδάχθης.
3465 2512 3597 2565 Ἀλλ’
3648 2512 3830 2586 ἀρχὴν

2228 2601 2318 2672 μὶν
2372 2598 2543 2671 φιλίας
2597 2599 2874 2672 λαμϐάνειν
2922 2599 2976 2652 ἐκ
3030 2607 3232 2675 μακρᾶς
3291 2600 3497 2675 ὁμιλίας
3551 2607 3640 2654 καὶ
3685 2622 3833 2675 χρο-

2228 2691 2339 2739 νίου
2397 2689 2543 2749 ἔθους
2594 2685 2746 2741 οὐδὲν
2805 2687 3014 2751 ἀπεικός
3049 2710 3061 2722 ·
3115 2686 3400 2763 ὀδύρεσθαι
3451 2686 3511 2743 δε
3564 2694 3650 2742 τόν
3706 2711 3836 2763 χω-

2231 2780 2420 2850 ρισμόν
2452 2773 2546 2829 διὰ
2588 2782 2681 2836 τὴν
2712 2776 2795 2831 ἐπὶ
2825 2777 3066 2831 πλεῖστον
3096 2781 3220 2851 ἡμῖν
3249 2784 3524 2852 γενομένην
3551 2776 3838 2852 διατριϐὴν

2233 2864 2493 2928 παντελῶς
2521 2865 2727 2939 ἄλογον.

471 2968 562 3010 es.
588 2955 864 3008 Attamen
900 2950 1257 3008 indecorum
1285 2968 1408 3009 non
1456 2952 1631 3009 fuerit
1667 2969 1741 3009 ex
1774 2953 1957 3024 longo
1995 2967 2326 3023 congressu
2354 2954 2638 3011 diuturna
2668 2955 3101 3012 consuetudine
3143 2956 3382 3012 initium
3422 2955 3697 3013 amicitia:
3726 2956 3848 3013 du-

474 3056 641 3109 cere;
664 3040 772 3096 sed
808 3039 1012 3096 dolere
1042 3041 1117 3096 de
1146 3041 1547 3112 disjunctione
1577 3042 1656 3099 ob
1686 3043 1983 3099 diutinam
2012 3046 2284 3101 nostram
2315 3044 2861 3113 conversationem,
2892 3045 3131 3118 penitus
3160 3045 3499 3101 absurdum
3529 3051 3641 3103 est.

547 3134 601 3186 5.
641 3129 913 3202 Exempli
934 3130 1212 3200 gratiam,
1233 3131 1445 3201 obtigit
1468 3130 1574 3187 tibi
1596 3147 1746 3187 uxor
1773 3132 1908 3188 vitae
1938 3132 2123 3199 socia,
2166 3132 2207 3188 C

476 3236 613 3294 qua:
633 3220 741 3277 tibi
759 3236 1006 3276 omnem
1026 3221 1163 3277 vitae
1185 3221 1560 3294 voluptatem
1585 3223 1846 3287 exhibet,
1868 3239 2127 3295 quaeque

477 3309 689 3367 artifex
718 3314 809 3366 est
833 3309 1070 3381 laetitiae,
1096 3315 1153 3366 et
1189 3310 1559 3367 conciliatrix
1589 3311 1960 3381 deliciarum,
1990 3328 2126 3385 quae

478 3399 659 3456 simul
680 3400 841 3456 bona
865 3404 1046 3472 auget
1063 3404 1121 3456 et
1144 3415 1316 3472 opes,
1338 3404 1397 3456 et
1414 3400 1766 3457 afﬂictatum
1786 3406 1840 3457 te
1860 3402 2129 3460 maxima

478 3488 893 3546 molestiarum
914 3494 1086 3562 parte
1106 3489 1292 3558 levat;
1316 3490 1446 3546 haec
1467 3489 1666 3546 subito
1694 3496 1868 3563 rapta
1887 3491 2124 3548 interiit.

458 3581 600 3636 .Hac
626 3579 744 3635 ista
766 3578 1089 3636 afﬂictione
1113 3595 1189 3636 ne
1213 3580 1620 3653 exaspereris;
1652 3597 1798 3637 cave
1826 3581 1995 3639 dicas
2026 3598 2128 3639 eo-

475 3684 614 3726 rum
640 3685 775 3742 quaa
803 3669 959 3726 ﬁunt
987 3669 1177 3727 fatum
1209 3669 1524 3742 quoddam
1555 3686 1689 3726 esse
1721 3670 1839 3742 38
1868 3676 2127 3729 temera-

475 3759 656 3830 rium,
673 3759 850 3832 quasi
868 3764 1065 3816 rector
1081 3759 1283 3816 nullus
1302 3760 1464 3816 hunc
1485 3759 1784 3816 mundum
1806 3760 2124 3831 gubernet;

479 3864 680 3922 neque
735 3848 977 3905 malum
1033 3848 1366 3922 quemdam
1424 3847 1706 3921 opiﬁcem
1763 3850 2123 3913 constituas,

476 3938 826 4010 excogitans
853 3938 956 3995 tibi
980 3939 1113 4011 ipse
1142 3953 1267 4010 prae
1296 3937 1624 3993 immodico
1655 3953 1912 3994 maerore
1938 3939 2129 4011 impia

477 4026 796 4098 dogmata:
821 4031 1051 4094 contra,
1064 4042 1265 4098 neque
1284 4028 1572 4082 terminos
1587 4025 1847 4080 excedas
1868 4026 2125 4097 pietatis,

476 4117 711 4173 Etenim
741 4132 883 4172 cum
906 4116 1030 4171 duo
1073 4114 1327 4171 omnino
1353 4114 1416 4170 in
1447 4130 1628 4170 carne
1656 4129 1779 4169 una
1806 4114 2034 4171 fueritis
2053 4118 2123 4185 ⁶²,

475 4205 645 4263 alteri
692 4205 1054 4262 divisionem
1084 4220 1155 4261 ac
1184 4202 1625 4275 conjunctionis
1663 4204 2125 4276 diremptionem

473 4294 726 4350 moleste
756 4293 969 4349 ferenti
996 4292 1205 4349 danda
1234 4297 1324 4349 est
1346 4292 1523 4348 venia
1542 4291 1768 4360 multa;
1790 4292 1897 4349 sed
1922 4297 2125 4351 tamen

471 4398 597 4439 non
625 4382 918 4456 profuerit
940 4381 1050 4439 tibi
1088 4398 1222 4439 eam
1248 4381 1328 4439 ob
1357 4397 1607 4438 causam
1630 4386 1733 4438 aut
1763 4383 2122 4455 excogitare,

2405 3135 2547 3201 Οἶον,
2579 3139 2709 3205 γυνὴ
2754 3134 3118 3208 συνεκληρώθη
3167 3154 3252 3187 σοι
3279 3138 3417 3187 κατά
3444 3140 3538 3194 την
3567 3140 3846 3188 κοινωνίαν

2235 3228 2327 3273 τοῦ
2360 3220 2507 3294 βίου,
2536 3228 2709 3274 πᾶσαν
2758 3219 2954 3282 ἡδονήν
2995 3243 3080 3276 σοι
3129 3227 3263 3276 κατὰ
3309 3227 3395 3276 τὸν
3444 3222 3562 3297 βίον
3603 3243 3845 3297 παρεχο-

2235 3313 2383 3382 μένη,
2436 3311 2686 3384 εὐθυμίας
2741 3308 3087 3385 δημιουργὸς,
3138 3310 3409 3385 θυμηδιῶν
3458 3312 3722 3388 πρόξενος,
3772 3315 3848 3365 τὰ

2235 3403 2456 3472 χρηστά
2508 3400 2840 3463 συναύξουσα
2888 3402 3021 3473 (65),
3078 3400 3125 3453 ἐν
3173 3410 3289 3464 ταῖς
3339 3401 3528 3463 λύπαις
3572 3406 3631 3454 τὸ
3687 3400 3844 3455 πλεῖ-

2238 3507 2358 3541 στον
2398 3493 2553 3563 μέρος
2592 3498 2692 3541 τῶν
2738 3488 2958 3563 ἀνιαρῶν
3003 3489 3353 3565 ἀφαιρουμένη
3409 3492 3539 3549 αῦτη
3596 3489 3843 3563 ἐξαίφνης

2238 3575 2634 3652 ἀναρπασθεῖσα
2711 3582 2944 3651 οἴχεται.
3015 3584 3100 3637 Μὴ
3181 3578 3432 3653 ἀγριάνῃς
3509 3588 3583 3650 τῷ
3641 3580 3839 3632 πάθειο

2237 3664 2375 3739 μηδέ
2414 3667 2705 3740 αὐτόματόν
2753 3687 2870 3719 τινα
2917 3670 3066 3740 εἴπῃς
3107 3664 3237 3720 εἶναι
3285 3672 3574 3739 συντυχίαν
3622 3675 3722 3719 τῶν
3759 3688 3847 3739 γι-

2235 3759 2475 3828 νομένων,
2526 3759 2594 3817 ὡς
2636 3751 2862 3828 μηδενὸς
2906 3758 3206 3830 προστάτου
3252 3760 3340 3810 τὸν
3397 3761 3594 3830 κόσμον
3647 3756 3847 3810 οἰκονο-

2236 3840 2453 3916 μοῦντος
2488 3864 2501 3877 ·
2551 3842 2690 3917 μηδὲ
2736 3850 2894 3897 κακόν
2924 3847 3038 3916 (66)
3084 3865 3202 3897 τινα
3245 3841 3570 3919 δημιουργόν
3618 3847 3844 3918 ύπόθης,

2236 3931 2292 3984 έκ
2340 3941 2435 3994 τῆς
2489 3936 2625 3985 κατὰ
2678 3938 2772 3991 τὴν
2824 3932 2991 3991 λύπην
3046 3932 3295 4008 ἀμετρίας
3345 3937 3549 4009 πονηρά
3600 3930 3850 4007 δόγματα

2235 4022 2598 4093 ὑποτιθέμενος
2649 4030 2886 4092 σεαυτῷ·
2935 4021 3062 4075 ἀλλά
3108 4020 3247 4096 μηδὲ
3294 4022 3520 4096 ἐκπέσῇς
3564 4030 3664 4075 τῶν
3709 4025 3845 4097 ὅρων

2235 4118 2329 4169 τῆν
2388 4109 2666 4171 εὐσεϐείας.
2725 4108 2936 4170 Ἐπειδὴ
2996 4114 3094 4187 γὰρ
3164 4112 3293 4172 ὅλως
3349 4111 3580 4184 ἐγένεσθε
3636 4114 3685 4164 οἱ
3742 4108 3846 4165 δύο

2236 4199 2308 4261 εἰς
2351 4201 2525 4273 σάρκα
2569 4205 2713 4273 μίαν,
2744 4200 2904 4259 πολλὴ
2949 4207 3233 4274 συγγνώμη
3283 4209 3355 4271 τῷ
3393 4207 3487 4259 τὴν
3519 4197 3843 4273 διχοτομίαν

2233 4293 2323 4341 καὶ
2373 4293 2467 4347 τὴν
2527 4298 2624 4352 τῆς
2683 4295 2962 4363 συναφείας
3023 4286 3282 4363 διαίρεσιν
3337 4292 3467 4362 μετά
3523 4287 3843 4362 ἀλγημάτων

2237 4374 2504 4451 δεχομένῳ
2529 4398 2541 4411 ο
2576 4378 2635 4431 ού
2683 4384 2785 4451 μὴν
2832 4382 3018 4430 τούτου
3047 4398 3104 4450 γε
3134 4379 3293 4432 ἕνεκεν
3341 4379 3369 4437 ἦ
3424 4375 3748 4431 διανοεῖσθαί
3785 4400 3841 4432 τε

473 4475 578 4528 aut
594 4470 763 4543 loqui
786 4472 1125 4544 quidquam
1150 4471 1448 4546 ineptum.
1476 4474 1630 4527 Nam
1662 4476 1859 4527 tecum
1883 4478 2114 4545 reputes

2234 4476 2343 4535 τῶν,
2382 4468 2441 4519 ού
2489 4472 2856 4541 προσηκόντων
2884 4469 3015 4539 (67),
3049 4469 3078 4527 ἡ
3131 4469 3447 4539 φθέγγεσθαί
3494 4487 3577 4520 σοι
3621 4466 3838 4521 λυσιτε-

470 4559 675 4628 velim,
706 4560 876 4633 quod
921 4563 1100 4632 Deus,
1132 4562 1237 4634 qui
1272 4560 1558 4618 formavit
1580 4576 1694 4617 nos
1732 4565 1787 4616 et
1817 4562 2121 4630 animavit,

469 4649 689 4707 animas
719 4649 960 4706 cuilibet
984 4650 1258 4707 tribuerit
1280 4650 1596 4723 propriam
1625 4650 1958 4723 quamdam
1989 4651 2121 4708 vitae

467 4755 727 4809 moram,
761 4745 819 4798 et
860 4738 991 4798 aliis
1034 4739 1187 4797 alios
1231 4740 1426 4797 exitus
1465 4739 1752 4797 terminos
1783 4740 2117 4812 praeﬁxerit.

540 4901 590 4938 ⁶²
630 4902 840 4970 Genes,
867 4918 929 4959 ιι.
960 4904 1067 4973 24;
1098 4902 1300 4961 Matth.
1331 4915 1445 4970 xxx,
1481 4904 1532 4956 5.

682 5062 928 5137 Antiqui
973 5063 1098 5121 duo
1134 5063 1274 5137 libri
1323 5064 1380 5119 et
1412 5059 1557 5118 editi
1597 5066 1825 5133 γενναῖος
1865 5057 2114 5122 ἀθλητής.

458 5135 1557 5216 Αιξέββξμηεέ-γενναῖοςέγφνιςτής-..η
1750 5203 1773 5216 .
1831 5161 1873 5216 ·.

526 5207 636 5279 (64)
679 5200 931 5263 Veteres
970 5209 1092 5264 duo
1132 5200 1268 5265 lib'ri
1318 5211 1375 5263 et
1419 5202 1562 5261 editi
1607 5203 1955 5274 καταθυμίου.
2005 5200 2117 5258 Alii

456 5277 727 5352 quinque
756 5281 1106 5352 καταθυμίας.

530 5345 646 5419 (65)
680 5353 819 5427 Beg.
853 5345 1088 5427 primus
1116 5350 1399 5427 πρόξενοςξ
1440 5356 1541 5401 τῶν
1588 5345 1878 5427 χρημάτων
1925 5346 2113 5395 συναύ-

456 5415 642 5508 ζουσα,
674 5420 722 5472 ἐν
766 5415 905 5484 Eat}.
952 5426 1067 5478 Nec
1111 5415 1194 5479 ita
1241 5422 1430 5477 multo
1473 5415 1922 5493 post‘quinque
1960 5430 2106 5471 mss.

453 5512 725 5566 αγρεανῃς.
1267 5562 1322 5566 -.Δ
1386 5562 1396 5566 _
1539 5560 1557 5566 Α
1858 5559 1896 5566 __
1920 5555 2001 5566 HI.

495 5517 725 5566 γριανϊλςο
1946 5556 1956 5566 ,
1991 5555 2001 5566 ,

525 5566 638 5638 (66)
680 5567 915 5621 Veteres
960 5566 1221 5637 quatuor
1265 5562 1401 5618 libri
1447 5560 1587 5635 μηδὲ
1624 5566 1814 5614 κακῶν.
1858 5556 2005 5612 Edlti
2051 5559 2111 5614 et

2232 4556 2333 4617 λές.
2383 4556 2652 4614 Ἐννόησον
2699 4560 2819 4631 γὰρ,
2871 4559 2951 4608 ὅτι
2998 4559 3024 4608 ό
3067 4556 3273 4617 πλάσας
3322 4559 3463 4629 ἡμᾶς
3513 4560 3601 4608 καὶ
3644 4555 3839 4629 ψυχῶ-

2235 4666 2331 4708 σας
2374 4650 2503 4705 Θεὸς
2549 4642 2687 4697 ἰδίαν
2737 4642 2925 4697 ἔδωκεν
2974 4645 3166 4719 ἑκάστη
3225 4645 3378 4718 ψυχῇ
3425 4650 3518 4704 τὴν
3565 4653 3657 4697 τοῦ
3708 4643 3836 4717 βίου

2233 4731 2520 4807 διαγωγὴν,
2567 4738 2658 4787 καὶ
2709 4732 2882 4798 ἄλλοις
2947 4733 3132 4796 ἄλλους
3192 4736 3343 4807 ὄρους
3395 4734 3547 4797 ἔπηξε
3603 4741 3699 4795 τῆς
3758 4732 3836 4797 ἐξ·

2226 5070 2399 5182 ἓιεεὶ.
2415 5054 2695 5111 nonnulli
2723 5055 2917 5109 κακόν)
2935 5054 3039 5111 Hic
3083 5053 3442 5112 Manichaeos
3485 5053 3836 5127 perstringit

2271 5141 2360 5182 ast
2386 5142 2498 5181 lus.

2271 5141 2498 5185 asuius.

2296 5199 2410 5324 (67)
2448 5196 2611 5267 Regii
2663 5196 2897 5270 primus
2945 5203 3000 5252 et
3048 5196 3253 5252 tertius
3314 5199 3372 5251 et
3423 5194 3579 5251 alius
3636 5194 3829 5253 codex

2296 5289 2305 5321 ι
2329 5269 2391 5324 b.
2414 5272 2600 5320 τούτου
2623 5270 2781 5321 ἕνεκεν
2813 5265 3140 5321 διανοεῖσθαί
3164 5287 3216 5320 τι
3246 5276 3345 5320 τῶν
3370 5268 3428 5319 οὐ
3455 5270 3825 5324 προσηκόντων

2225 5265 2600 5339 βοιὺζτούτόυ
2623 5265 2781 5321 ἔνέκεν
2813 5265 3140 5321 διανοεῖσθαί
3164 5287 3216 5320 τι
3246 5276 3345 5320 τῶν
3370 5268 3428 5319 οὐ
3455 5270 3825 5339 προσηκόντων

2223 5338 2536 5413 ἀναγκαῖον,
2586 5355 2707 5395 non
2761 5342 3035 5395 convenit
3064 5340 3416 5413 Aq‘uidquam
3476 5339 3823 5413 indecorum

2221 5409 2584 5482 excogitare,
2617 5427 2826 5481 neque,
2860 5416 2966 5465 etc.
3016 5409 3124 5464 Alii
3160 5409 3304 5466 mss.
3351 5415 3410 5465 et
3461 5409 3604 5464 editi
3654 5413 3719 5482 ut
3759 5409 3823 5466 in

2221 5479 2520 5538 contextu.
2551 5479 2891 5554 Aliquando
2929 5488 3066 5554 post
3093 5488 3214 5536 trcs
3245 5497 3389 5536 mss.
3422 5486 3516 5538 τὴν
3544 5487 3635 5532 τοῦ
3670 5479 3814 5553 βίον.

2220 5554 2441 5611 Vocula
2470 5560 2564 5614 τήν
2595 5552 2808 5608 aberat
2838 5569 2874 5608 a
2903 5552 3183 5624 vulgatis.
