4088 6194
165 321 276 378 249

1264 317 1561 374 HOMILIA
1598 314 1667 369 IN
1708 313 2092 373 MARTYREM
2128 318 2486 376 JULITTAM.

3450 325 3557 377 250

166 440 330 499 ὁδου.
371 448 482 497 Τὸν
512 446 610 516 μὲν
803 441 889 494 ἐπὶ
915 441 1084 495 πλεῖον
1129 447 1445 516 παραμεῖναι
1483 447 1545 511 τῇ
1586 455 1790 512 παρου-

1914 439 2136 496 Etenim
2158 447 2324 498 certo
2344 442 2616 516 quodam
2650 444 2904 500 consilio
2925 445 3112 502 voluit
3130 445 3312 503 alium
3337 445 3562 502 diutius

168 539 261 604 σία
288 543 398 595 τῆς
459 536 666 605 σαρκὸς
706 532 1031 605 ᾠκονόμησε·
1070 534 1155 582 τὸν
1200 527 1260 583 δε
1309 532 1491 583 θᾶττον
1538 525 1797 584 ἀπολυθῆ-

167 643 250 674 ναι
278 631 389 675 τῶν
456 619 679 694 δεσμῶν
724 628 819 673 τοῦ
870 626 1113 692 σώματος
1162 616 1458 685 διετάξατο,
1506 618 1644 669 κατά
1678 618 1798 675 τοὺς

168 710 448 786 ἀρρήτους
502 712 603 773 τής
672 712 863 781 σοφίας
912 709 1096 762 ἑαυτοῦ
1160 714 1250 761 καὶ
1310 717 1405 771 τῆς
1463 704 1804 786 δικαιοσύνης

167 800 389 873 λογους.
432 799 648 874 Ὠσπερ
692 796 786 851 οὖν
828 801 879 851 οἱ
922 807 1037 861 ταῖς
1078 800 1304 872 εἱρκταῖς
1352 797 1708 871 ἐμπιπτοντες,
1757 778 1806 844 οἱ

163 894 255 963 μὲν
313 891 410 943 ἐπὶ
476 889 696 942 πλείονα
732 894 927 964 χρόνον
988 896 1051 961 τῇ
1117 894 1343 941 κακώσει
1393 896 1491 939 τῶν
1535 882 1805 957 δεσμωτη-

168 987 289 1053 ρίων
319 978 789 1043 ἐναποκλείονται,
820 980 872 1030 oi
920 974 980 1030 δὲ
1022 982 1317 1053 ταχυτέραν
1367 978 1673 1050 εὑρίσκουσι
1710 981 1806 1033 τῆς

168 1071 549 1129 κακοπαθείας
595 1066 925 1139 ἀπαλλαγή-ν’
962 1066 1095 1120 οὕτω
1143 1072 1231 1119 καὶ
1268 1068 1325 1119 αἱ
1366 1065 1563 1137 ψυχαὶ,
1614 1064 1670 1114 αἱ
1707 1064 1805 1134 »μὲν

171 1158 250 1211 ἐπὶ
302 1158 455 1210 πολὺ
507 1160 983 1232 προσκατίχονται
1027 1164 1089 1229 τῇ
1146 1159 1253 1229 ζωῇ
1303 1158 1490 1227 ταύτῃ,
1524 1155 1579 1204 αἱ
1629 1149 1688 1206 δὲ
1727 1149 1803 1202 ἐπ’

171 1247 389 1300 ἔλαττον
416 1287 437 1312 ,
512 1249 656 1297 κατὰ
705 1249 805 1303 τήν
872 1243 1146 1316 ἀναλογίαν
1197 1253 1292 1306 τῆς
1343 1242 1493 1306 ἀξίας
1558 1241 1802 1297 ἑκάστου,

174 1345 346 1408 σοφῶς
407 1339 511 1387 καὶ
585 1332 812 1407 βαθέως,
871 1339 962 1386 καὶ
1018 1335 1087 1395 ὡς
1139 1333 1233 1386 οὐκ
1283 1331 1344 1385 ἂν
1398 1330 1622 1405 ἐφίκοιτο
1686 1336 1804 1390 νοῦς

170 1426 507 1499 ἀνθρώπων,
570 1427 638 1477 τὰ
701 1428 823 1497 περὶ
889 1426 1105 1476 ἕκαστον
1168 1425 1313 1495 ἡμῶν
1372 1429 1464 1475 τοῦ
1528 1424 1801 1497 κτίσαντος

173 1518 318 1588 ἡμᾶς
382 1513 855 1589 προϐλεπομίνου.
891 1513 1000 1564 οὐκ
1046 1511 1249 1574 ἀκούεις
1294 1510 1531 1583 λέγοντος
1565 1517 1658 1563 τοῦ
1696 1516 1801 1562 Δα-

175 1601 289 1669 ϐιδ,
358 1603 629 1674 Ἐξάγαγε
687 1601 740 1654 ἔκ
788 1600 1025 1673 φυλακῆς
1088 1605 1184 1659 τὴν
1243 1600 1428 1672 ψυχήν
1493 1618 1593 1672 μου
1647 1600 1796 1669 (68);

175 1694 286 1746 Οὐκ
335 1696 597 1753 ἤκουσας
648 1695 767 1764 περὶ
823 1697 916 1743 τοῦ
965 1690 1135 1762 ἁγίου,
1185 1690 1266 1742 ὅτι
1310 1688 1534 1747 ἀπελύθη
1577 1689 1735 1742 αὐτοῦ
1765 1690 1795 1746 ἠ

1904 526 1963 581 in
1988 545 2165 585 carne
2187 547 2574 601 permanere;
2610 534 2814 590 statuit
2851 550 2994 590 vero
3032 534 3217 590 alium
3249 534 3415 591 ocius
3434 534 3566 591 vin"

1910 617 2057 673 culis
2096 620 2367 693 corporis
2407 619 2657 693 exsolvi,
2684 623 2857 695 juxta
2886 624 3220 680 ineffabiles
3250 624 3560 698 sapientiae

1914 712 2094 780 atque
2109 709 2354 781 justitiae
2377 728 2497 768 suae
2523 717 2809 771 rationes.
2832 713 3361 778 Quemadmodum
3384 714 3563 784 igitur

1913 812 1987 852 ex
2008 797 2079 852 iis
2098 800 2201 870 qui
2223 800 2281 854 in
2304 817 2604 857 carcerem
2628 801 3046 874 conjiciuntur,
3072 802 3166 858 alii
3208 803 3431 859 diutius
3461 802 3561 858 de-

1915 887 2178 944 tinentur
2200 892 2263 945 in
2292 891 2671 947 vinculorum
2710 892 3092 958 cruciatibus,
3132 891 3230 948 alii
3260 892 3339 948 ab
3369 909 3440 948 ea
3467 908 3563 949 ca-

1911 977 2180 1033 lamitate
2217 978 2550 1035 liberantur
2586 980 2758 1036 citius
2782 999 2795 1036 :
2819 982 2902 1036 sic
2923 986 2979 1037 et
3016 981 3253 1047 animae,
3278 980 3407 1037 aliae
3429 981 3558 1053 qui-

1914 1066 2052 1122 dem
2083 1067 2327 1137 diutius,
2351 1068 2482 1125 aliaa
2504 1086 2645 1125 vero
2670 1070 2866 1125 minus
2904 1070 2965 1126 in
3001 1071 3117 1126 hac
3147 1070 3267 1126 vita
3293 1070 3562 1126 detinen-

1914 1160 2028 1219 tur,
2053 1173 2161 1228 pro
2182 1158 2477 1230 cujusque
2500 1159 2706 1214 merito
2729 1176 2797 1214 ac
2818 1159 3127 1229 dignitate,
3161 1160 3300 1224 Deo,
3324 1159 3427 1231 qui
3446 1173 3559 1214 nos

1914 1244 2199 1313 condidit,
2220 1245 2400 1302 rebus
2422 1248 2711 1319 cujusque
2739 1252 3016 1303 nostrum
3048 1246 3444 1318 prospiciente
3465 1262 3561 1302 sa-

1911 1333 2161 1404 pienter,
2177 1340 2234 1390 et
2255 1334 2392 1404 alte,
2416 1335 2641 1408 sicque,
2658 1340 2721 1390 ut
2742 1351 2913 1391 mens
2933 1335 3249 1391 hominum
3270 1335 3579 1405 attingere

1910 1435 2035 1477 non
2056 1422 2265 1494 possit.
2290 1426 2415 1479 Non
2436 1424 2610 1481 audis
2625 1424 2910 1481 Davidem
2933 1424 3229 1480 dicentem
3256 1440 3269 1478 :
3297 1425 3470 1480 Educ
3489 1424 3563 1480 de

1912 1513 2184 1569 custodia
2208 1514 2475 1570 animam
2489 1514 2731 1571 meam‘53
2746 1514 2773 1570 ‘?
2795 1517 2921 1571 Non
2936 1513 3211 1570 audivisti
3232 1512 3307 1570 de
3328 1517 3558 1571 sancto.

1912 1600 2181 1656 animam
2218 1601 2413 1674 ipsius
2452 1602 2790 1660 exsolutam
2831 1602 3012 1659 fuisse
3044 1608 3101 1659 et
3128 1594 3441 1658 dimissam
3464 1603 3511 1637 “
3532 1602 3561 1658 ?

1910 1690 2061 1753 Quid
2078 1705 2220 1746 vero
2244 1691 2651 1763 Simeon,cum
2667 1692 2985 1748 Dominum
3008 1697 3280 1748 nostrum
3303 1691 3361 1747 in
3385 1690 3561 1747 ulnas

175 1783 379 1855 ψυχῆς
435 1786 507 1835 Τί
560 1777 622 1834 δε
668 1784 893 1853 Συμεὼν,
939 1782 1021 1832 ὅτε
1066 1778 1422 1851 ἕνεγιαλίσατο
1467 1783 1554 1831 τὸν
1613 1779 1800 1853 Κύριον

1914 1780 2177 1852 recepit?
2206 1796 2395 1853 quam
2415 1797 2627 1837 vocem
2650 1782 2896 1838 emisit?
2933 1797 3136 1838 nonne
3174 1781 3354 1843 hanc,
3380 1781 3564 1836 Nunc

176 1874 369 1944 igitur;
443 1875 607 1923 ποίαν
668 1874 839 1942 φωνήν
906 1868 1131 1942 arpi-av;
1196 1869 1318 1940 Οὐχ
1363 1870 1443 1921 ὅτι
1500 1876 1609 1922 Νῦν
1672 1867 1801 1920 ἀπο-

176 1960 318 2021 λύεις
381 1963 481 2012 τὸν
553 1955 745 2013 δοῦλόν
802 1976 918 2026 σου,
980 1962 1250 2026 Δέσποτα;
1300 1964 1383 2010 Τῶ
1445 1959 1544 2032 γὰρ
1602 1956 1801 2030 ἐπειγο-

180 2055 315 2122 μένῳ
372 2053 520 2121 πρὸς
575 2053 669 2105 τὴν
719 2049 825 2099 ἄνω
870 2043 1138 2119 διαγωγήν
1193 2046 1449 2121 ϐαρυτέρα
1496 2049 1673 2108 πάσης
1709 2065 1802 2098 κο·-

179 2139 389 2200 λάσεως
422 2142 520 2190 καὶ
576 2134 945 2212 δεσμωτηρίου
993 2140 1181 2199 παντὸς
1235 2139 1264 2195 ἡ
1312 2139 1443 2209 μετά
1486 2144 1580 2189 τοῦ
1621 2139 1804 2209 σῶμα·

187 2236 273 2291 τός
323 2228 451 2281 ἔστι
498 2224 785 2302 διατριϐή.
840 2232 925 2286 Μὴ
976 2231 1149 2280 τοίνυν
1189 2236 1252 2299 τῇ
1304 2227 1489 2280 ἑαυτοῦ
1521 2226 1805 2280 ἀπολαύσει

188 2318 437 2383 ἐπιζήτει
484 2320 590 2379 τὰς
637 2320 756 2390 περὶ
798 2324 899 2369 τῶν
943 2315 1133 2388 ψυχῶν
1183 2313 1444 2379 διατάξεις
1488 2315 1801 2370 ἀκολουθεῖν·

378 2408 610 2478 λογίζου
660 2410 781 2479 περὶ
811 2414 912 2457 τῶν
941 2407 1295 2478 συναφθέντων
1345 2408 1478 2458 κατὰ
1524 2410 1610 2458 τὸν
1665 2405 1801 2480 βίον,

188 2500 302 2550 εἶτα
380 2499 600 2568 θανά-τῳ
664 2491 1010 2567 διισταμένων
1038 2538 1053 2560 ,
1119 2497 1200 2548 ὅτι
1262 2495 1617 2569 παραπλήσιοι
1677 2496 1806 2549 εἰσιν

185 2585 510 2661 ὁδοιπόροις
571 2589 699 2658 μίαν
754 2581 876 2637 ὁδὸν
942 2588 1342 2658 πορευομένοις,
1401 2590 1489 2637 καὶ
1549 2581 1641 2637 διὰ
1714 2590 1808 2644 τὴν

184 2686 403 2747 συνεχῆ
468 2675 589 2748 μετ’
634 2672 860 2731 ἀλλήλων
924 2669 1198 2747 διατριϐὴν
1258 2670 1518 2726 ίνωθεῖσιν
1574 2675 1674 2726 ὑπό
1713 2682 1809 2737 τῆς

183 2769 509 2826 συνηθείας.
570 2764 636 2817 Οἱ
705 2759 913 2816 ἐπειδὰν
966 2767 1053 2820 τὴν
1117 2767 1291 2820 κοινὴν
1347 2759 1468 2816 ὁδόν
1526 2759 1808 2826 διεξελθόν-

178 2875 267 2918 τες
309 2857 439 2925 (69)
484 2850 848 2921 καταλάϐωσι,
887 2849 1065 2904 λοιπὸν
1122 2851 1444 2924 σχιζομένην
1489 2852 1671 2920 αὐτὴν,
1713 2860 1810 2913 τῆς

180 2952 387 3018 χρείας
440 2940 555 3002 ἤδη
600 2941 903 3013 ἀναγκαίως
951 2940 1269 3014 μεριζούσης
1326 2939 1584 3015 ίκάτερον,
1634 2941 1694 2993 οὐ
1740 2949 1803 3014 τῇ

184 3037 459 3104 σννηθειᾳ
522 3031 1002 3105 προσκαθεζόμενοι
1074 3028 1325 3102 ἀμελοῦσι
1387 3039 1487 3082 τῶν
1536 3035 1803 3104 προκειμέ-

1910 1870 2162 1925 dimittis
2189 1885 2424 1927 servum
2472 1876 2661 1939 tuum,
2693 1872 2944 1928 Domine
2963 1872 3011 1907 ⁸⁵
3033 1871 3061 1926 ?
3100 1873 3249 1926 Nam
3281 1871 3343 1925 in
3383 1885 3561 1925 carne

1909 1957 2240 2028 immorari,
2274 1975 2515 2029 gravrus
2536 1959 2830 2033 quiddam
2864 1965 2953 2016 est
2980 1976 3168 2033 quam
3195 1959 3561 2032 supplicium

1911 2064 2116 2117 omne,
2150 2054 2206 2105 et
2229 2049 2430 2121 quivis
2459 2065 2680 2116 carcer,
2715 2050 2767 2105 ei
2820 2049 2925 2122 qui
2971 2049 3052 2104 ad
3105 2064 3381 2122 supernae
3426 2048 3562 2104 vitae

1913 2136 2135 2207 gaudia
2162 2137 2425 2193 festinat.
2454 2138 2856 2204 Quamobrem
2886 2154 2961 2194 ne
2988 2138 3307 2210 exquirito,
3339 2142 3403 2193 ut
3427 2137 3562 2194 latas

1912 2226 1988 2282 de
2016 2226 2338 2282 animabus
2359 2226 2520 2298 leges
2546 2233 2648 2283 tuo
2671 2245 2734 2283 se
2758 2228 2892 2283 usui
2914 2227 3380 2283 accommodent
3400 2230 3457 2282 et
3474 2226 3563 2282 in-

1914 2315 2212 2384 serviant;
2247 2316 2353 2371 sed
2381 2316 2485 2389 qui
2527 2317 2587 2372 in
2637 2317 2753 2373 hac
2798 2317 2916 2373 vita
2965 2316 3270 2387 conjuncti
3300 2320 3458 2383 sunt,
3491 2330 3563 2371 ac

1913 2404 2132 2460 deinde
2158 2409 2348 2461 morte
2372 2421 2406 2461 a
2428 2422 2490 2462 se
2511 2406 2765 2462 invicem
2785 2405 3167 2473 divelluntur,
3191 2420 3295 2460 eos
3319 2402 3563 2463 viatori-

1912 2492 2028 2549 bus
2052 2494 2149 2551 via
2169 2511 2292 2550 una
2311 2499 2367 2550 et
2386 2492 2600 2550 eadem
2620 2494 3061 2559 incedentibus,
3085 2498 3142 2549 et
3161 2497 3405 2565 propter
3423 2507 3564 2548 con-

1912 2583 2147 2640 tinuam
2167 2583 2321 2639 inter
2341 2600 2403 2639 se
2424 2582 2977 2639 confabulationem
3010 2580 3447 2638 necessitudine
3473 2583 3563 2636 at-

1910 2687 2028 2744 que
2055 2671 2490 2727 consuetudine
2521 2671 2816 2727 devinctis
2845 2670 3139 2727 assimiles
3169 2683 3304 2724 esse
3342 2668 3561 2738 cogita.

1913 2759 1977 2816 Hi
2016 2764 2152 2832 post
2197 2776 2508 2817 emensum
2529 2760 2636 2817 iter
2656 2775 3000 2831 commune,
3022 2759 3126 2814 ubi
3156 2763 3380 2814 sectam
3400 2756 3561 2813 viam

1911 2849 2261 2920 repererint,
2285 2850 2646 2906 necessitate
2665 2851 2794 2921 jam
2825 2853 3071 2920 cogente
3101 2847 3249 2904 alter
3266 2847 3345 2903 ab
3377 2846 3565 2903 altero

1913 2938 2191 3010 separati,
2214 2954 2338 2993 non
2355 2938 2615 3011 amplius
2638 2938 2698 2994 in
2720 2937 3151 2994 consuetudine
3173 2951 3567 3009 perseveran-

1912 3030 1998 3081 tes
2030 3025 2342 3097 negligunt
2359 3027 2526 3100 quod
2547 3027 2654 3082 sibi
2681 3030 3153 3099 proposuerant;
3187 3025 3293 3080 sed
3313 3038 3564 3079 causam

182 3145 310 3191 am,
376 3121 515 3174 ἀλλὰ
566 3130 661 3183 τῆς
715 3119 768 3183 ἐξ
820 3118 993 3195 ἀρχῆς
1050 3121 1343 3181 κινησάσης
1389 3119 1579 3180 αὐτοὺς
1634 3120 1803 3182 αἰτίας

1914 3132 2047 3187 quae
2070 3115 2314 3171 seinitio
2337 3116 2713 3189 compulit,in
2727 3115 3083 3171 memoriam
3097 3110 3562 3178 revocantes,ad

188 3213 629 3285 ὑπομνησθέντες
657 3252 670 3275 ,
732 3213 862 3285 πρὸς
935 3212 992 3260 τὸ
1057 3207 1242 3260 οἰκεῖον
1306 3208 1522 3271 ἕκαστος
1592 3208 1807 3286 ἀποτρέ-

190 3321 375 3374 χουσι
424 3305 612 3373 πέρας,
666 3297 756 3360 Ὠς
791 3294 880 3351 οὖν
917 3296 1126 3359 ἐκείνοις
1163 3296 1315 3358 ἄλλος
1362 3299 1452 3370 μὶν
1491 3295 1520 3356 ἦ
1555 3300 1580 3350 ὁ
1612 3303 1807 3361 σκοπὸς

193 3399 297 3452 τῆς
347 3386 508 3454 ὁδοῦ,
553 3386 739 3445 συνέϐη
793 3383 853 3440 δὲ
891 3386 1067 3449 αὐτοῖς
1123 3389 1154 3446 ἡ
1202 3389 1339 3439 κατὰ
1385 3392 1473 3445 τὴν
1503 3384 1806 3463 ὁδοιπορίαν

196 3480 257 3531 ἐκ
302 3488 407 3540 τῆς
456 3479 735 3538 συνηθείας
776 3477 1054 3538 οἰκείωσις·
1104 3480 1237 3529 οὕτω
1285 3480 1375 3528 καὶ
1416 3484 1524 3539 τοῖς
1569 3476 1617 3529 ἐν
1654 3481 1805 3551 γάμῳ

200 3579 231 3627 ἦ
281 3567 423 3639 ἄλλῃ
479 3570 580 3619 τινὶ
625 3570 862 3637 κοινωνίᾳ
909 3564 1030 3637 βίου
1080 3569 1423 3638 συνημμένοις
1470 3563 1607 3618 ἴδιον
1652 3572 1804 3641 προέ-

198 3676 349 3710 κειτο
380 3658 490 3726 (70)
524 3652 764 3712 δηλονότι
788 3662 882 3716 τῆς
910 3655 1050 3717 ζωῆς
1076 3658 1135 3706 τὸ
1164 3658 1341 3724 πέρας
1377 3657 1725 3727 συναφθέντας
1747 3653 1807 3710 δε

203 3745 458 3806 ἀλλήλοις
509 3742 798 3815 ἀναγκαίως
848 3739 1458 3817 τὸ;προδιατεταγμένον
1513 3753 1609 3807 τῆς
1668 3745 1807 3807 ζωῆς

200 3836 351 3897 τέλος
374 3833 602 3906 ἐχώρισε
625 3838 714 3885 καὶ
741 3828 1002 3888 διέλυσεν.

270 4015 327 4069 6.
365 4011 698 4083 εὐγνώμονος
745 4005 832 4061 οὖν
880 4005 1113 4072 διανοίας
1160 4009 1252 4061 οὐκ
1306 4008 1390 4062 ἐπὶ
1432 4018 1505 4080 τῷ
1542 4020 1804 4084 χωρισμῷ

198 4100 491 4174 eum”;
522 4102 683 4171 ἔχειν,
720 4096 824 4150 ἀλλ’
862 4096 942 4150 ἐπὶ
984 4106 1047 4170 τῇ
1099 4096 1152 4161 ἐξ
1199 4097 1374 4173 ἀρχῆς
1425 4103 1675 4171 συναφείᾳ
1701 4101 1803 4171 χά-

194 4211 277 4263 ριν
330 4193 477 4260 ἔχειν
527 4196 599 4239 τῶ
647 4187 1104 4262 συγκληρῶσαντι.
1145 4192 1211 4239 Σὺ
1257 4184 1316 4240 δὲ
1363 4192 1453 4239 καὶ
1500 4189 1584 4239 ὅτε
1620 4198 1802 4261 περιῆν

195 4300 285 4333 σοι
315 4284 378 4331 το
406 4282 643 4349 γύναιον,
675 4277 706 4335 ἦ
756 4278 782 4328 ὁ
827 4276 988 4349 φίλος,
1022 4276 1053 4334 ἢ
1101 4280 1159 4328 τὸ
1206 4273 1441 4342 παιδίον,
1491 4275 1521 4334 ἢ
1566 4278 1593 4328 ὅ
1621 4297 1673 4329 τι
1716 4274 1802 4329 οὖν

194 4371 265 4421 ὧν
307 4365 484 4441 ὀδύρῃ
542 4374 652 4432 νῦν,
713 4365 839 4438 οὐχὶ
884 4368 1045 4440 χάριν
1095 4361 1237 4438 εἶχες
1286 4373 1387 4417 τῶν
1438 4370 1703 4439 παρόντων
1732 4375 1804 4438 τῷ

1915 3220 2089 3260 suam
2110 3204 2367 3279 quisque
2387 3211 2610 3261 metam
2633 3200 3562 3269 contendunt.Quemadmodum

1911 3293 2093 3363 igitur
2129 3294 2222 3350 his
2261 3293 2412 3350 alius
2449 3299 2576 3350 erat
2603 3296 2714 3349 viae
2736 3309 2977 3365 scopus,
3000 3291 3329 3347 intercessit
3359 3293 3562 3345 autem

1913 3399 1985 3440 ex
2013 3383 2449 3439 consuetudine
2471 3383 2625 3439 inter
2645 3383 2833 3454 ipsos,
2856 3396 2995 3436 cum
3024 3379 3132 3435 iter
3152 3379 3435 3445 facerent,
3457 3394 3559 3434 ne-

1912 3472 2215 3528 cessitudo
2236 3473 2520 3544 quaedam
2544 3488 2614 3527 ac
2631 3470 3003 3527 familiaritas
3024 3487 3042 3525 τ
3060 3469 3144 3523 sic
3164 3469 3344 3524 etiam
3364 3468 3435 3523 iis
3455 3467 3562 3540 qui

1912 3561 2139 3633 nuptiis
2167 3565 2270 3617 aut
2290 3561 2408 3616 alia
2446 3560 2735 3632 quapiam
2777 3558 2915 3614 vitae
2947 3558 3228 3612 societate
3253 3555 3562 3626 conjuncti

1913 3654 2072 3715 sunt,
2115 3649 2225 3705 fuit
2258 3649 2468 3721 procul
2497 3648 2684 3704 dubio
2722 3646 3087 3719 praestitutus
3125 3644 3406 3716 proprius
3434 3643 3562 3717 qui-

1913 3738 2057 3795 dam
2090 3738 2223 3793 vitae
2254 3738 2582 3805 terminus;
2619 3736 2724 3792 sed
2749 3742 2952 3791 tamen
2984 3734 3148 3807 ipsos
3168 3733 3319 3788 inter
3338 3748 3399 3786 se
3421 3747 3561 3788 con-

1907 3829 2150 3900 junctos
2172 3827 2582 3899 praedetinitus
2600 3825 2730 3882 vitae
2752 3825 2886 3880 ﬁnis
2906 3822 3246 3880 necessario
3262 3819 3562 3894 separavit

1911 3933 1983 3974 ac
2015 3916 2275 3984 sejunxit
2288 3957 2300 3970 .

1982 4013 2036 4064 6.
2077 4007 2286 4079 Itaque
2308 4005 2458 4075 grati
2486 4003 2673 4060 animi
2699 4002 2875 4059 fuerit
2913 4016 3039 4058 non
3080 4015 3239 4070 mgre
3277 3999 3426 4055 ferre
3456 4013 3556 4054 se-

1909 4096 2286 4170 parationem
2322 4113 2334 4152 :
2369 4095 2475 4150 sed
2505 4094 2557 4149 ei
2595 4092 2700 4166 qui
2742 4092 2993 4163 hujusce
3042 4088 3322 4146 consortii
3354 4093 3563 4144 auctor

1909 4186 2121 4252 fuerat,
2139 4184 2393 4255 gratiam
2415 4183 2494 4238 ob
2517 4181 2777 4254 primam
2801 4178 3289 4251 conjunctionem
3311 4176 3559 4234 habere.

1907 4278 1990 4332 Tu
2016 4279 2246 4340 contra,
2272 4288 2345 4327 ne
2368 4287 2553 4327 uxore
2574 4270 2819 4342 quidem
2842 4267 3183 4340 superstite,
3215 4271 3319 4321 aut
3339 4265 3557 4332 amico,

1910 4369 2014 4420 aut
2051 4363 2192 4431 ﬁlio,
2220 4366 2322 4417 aut
2354 4360 2471 4416 alio
2492 4360 2707 4432 quovis
2745 4358 2819 4413 de
2861 4372 2984 4429 quo
3026 4371 3188 4411 nunc
3221 4355 3337 4427 39
3367 4353 3559 4423 doles,

197 4455 470 4512 δεδωκότι
499 4497 514 4522 ,
586 4453 692 4506 ἀλλ’
756 4453 1003 4517 ἱνεκάλεις
1063 4457 1190 4528 ὑπὲρ
1252 4464 1353 4506 τῶν
1427 4454 1800 4528 ίλλειφθέντων.

1914 4458 2108 4524 grates
2130 4451 2283 4507 ullas
2315 4447 2693 4522 rependebas
2712 4446 3012 4502 bonorum
3036 4445 3421 4517 praesentium
3446 4444 3561 4500 lar-

196 4550 258 4602 Εἰ
289 4553 383 4621 μὲν
440 4551 657 4617 γυναικὶ
713 4549 842 4618 μόνῃ
896 4548 1159 4615 συνῴκεις,
1215 4543 1295 4596 ὃτι
1333 4548 1404 4617 μὴ
1434 4540 1619 4606 παῖδες
1671 4542 1804 4603 ἦσαν

198 4642 343 4699 οἴους
393 4636 632 4690 ἀϐούλου·
694 4635 738 4688 εί
789 4631 849 4687 δε
901 4637 993 4686 καὶ
1044 4629 1234 4695 παίδες
1288 4641 1553 4706 παρῆσαν,
1607 4635 1686 4686 ὅτι
1736 4639 1806 4706 μὴ

198 4726 625 4801 angularia“,
683 4722 714 4782 ἡ
768 4723 860 4775 καί
904 4724 987 4774 ὅτι
1035 4731 1135 4774 τῶν
1184 4721 1391 4796 ἐχθρῶν
1438 4741 1580 4785 τινας
1628 4723 1808 4795 εὐημεο

194 4825 419 4888 ρσῦντας
471 4816 661 4890 ἑώρας.
706 4812 845 4886 Ὅρα
896 4816 1067 4864 τοίνυν
1110 4816 1182 4884 μή
1232 4830 1356 4863 ποτε
1406 4810 1556 4863 αὐτοὶ
1605 4811 1808 4874 ἑαυτοῖς

198 4905 490 4980 ἀναγκαίας
546 4904 652 4956 τῶν
719 4900 975 4975 φιλτάτων
1018 4902 1112 4962 τὰς
1161 4905 1430 4974 στερήσεις
1485 4903 1808 4953 κατασκευάο

264 5034 315 5069 ⁸³
342 5028 504 5089 Psal.
537 5044 686 5101 συ,
715 5030 770 5083 8.
872 5027 921 5062 ⁸⁸
950 5023 1102 5081 Tob.
1130 5040 1210 5091 ιιι,
1245 5028 1296 5096 6,
1334 5028 1417 5081 15.

260 5178 375 5247 (68)
399 5172 561 5231 Edili
578 5171 908 5247 μου,
933 5176 1032 5247 τῷν
1054 5166 1274 5245 ἀνιαρῶν
1296 5187 1360 5240 φη
1371 5186 1470 5221 σιν,
1494 5166 1605 5247 sed
1628 5166 1798 5247 illud,

192 5237 288 5301 τάξ,
313 5237 546 5319 ἀνιαρῶν
566 5237 748 5327 fuat-1,
764 5237 825 5297 in
847 5240 1067 5327 nostris
1080 5237 1464 5327 novem’mss.
1479 5237 1647 5319 deest
1662 5257 1674 5293 :
1692 5253 1802 5327 nec

189 5309 449 5399 dubium
469 5309 622 5399 quin
650 5309 1449 5399 abessef‘leb-ea‘t‘1l‘i‘eminem
1471 5309 1630 5397 enim
1654 5314 1799 5381 puto

190 5393 271 5448 ita
298 5379 606 5451 caecutire,
638 5385 790 5459 quin
817 5382 1022 5459 videat
1051 5380 1219 5459 illud,
1242 5389 1341 5432 τῶν
1367 5379 1587 5459 ἀνιαρῶν
1619 5379 1796 5459 φησιν,

188 5451 678 5520 declarationem
696 5471 831 5512 esse
865 5453 1025 5509 vocis
1067 5451 1296 5525 φυλακῆς
1321 5470 1340 5525 ;Δ
1386 5451 1570 5525 εἰοίιι
1602 5451 1796 5525 solum

190 5549 439 5590 monere
466 5529 720 5587 voluerit
741 5525 1052 5591 librarius,
1074 5522 1229 5578 'voce
1262 5522 1492 5594 φυλακῆς
1522 5523 1638 5579 hoc
1664 5522 1799 5577 loco

190 5618 591 5680 quascunque
603 5617 700 5659 res
713 5598 1007 5656 adversas
1018 5594 1361 5666 signiﬁcari.
1372 5597 1468 5651 Hae
1482 5598 1685 5661 autem
1699 5609 1800 5650 vo-

1913 4542 2087 4613 gitori
2120 4558 2133 4597 :
2163 4541 2285 4595 imo
2314 4539 2388 4594 de
2414 4535 2767 4592 absentibus
2793 4533 3292 4607 conquerebaris.
3334 4535 3399 4589 Et
3424 4532 3560 4607 qui-

1911 4632 2050 4688 dem
2074 4630 2121 4684 si
2142 4626 2465 4683 habitabas
2494 4641 2632 4681 cum
2664 4623 2795 4679 sola
2823 4639 3027 4690 uxore,
3047 4622 3375 4695 querebare
3395 4621 3563 4693 quod

1911 4718 2262 4791 ﬁlii,quales
2280 4716 2709 4781 desiderasses,
2726 4711 2829 4768 tibi
2846 4728 2965 4768 non
2985 4717 3221 4776 essent;
3245 4711 3335 4765 sin
3358 4714 3561 4764 autem

1912 4808 2187 4868 habebas
2209 4804 2386 4877 ﬁlios,
2412 4803 2662 4860 dolebas
2681 4802 2848 4875 quod
2877 4816 3000 4857 non
3022 4800 3299 4857 afﬂueres
3318 4796 3559 4862 divitiis,

1913 4903 2019 4956 aut
2036 4896 2215 4954 etiam
2237 4893 2404 4967 quod
2424 4892 2700 4949 inimicos
2719 4889 3022 4963 quosdam
3034 4886 3303 4944 secunda
3323 4883 3561 4942 fortuna

1496 5026 1543 5061 ⁵⁵
1570 5027 1714 5081 Luc.
1744 5041 1806 5095 ιι,
1835 5027 1925 5081 29.

1909 5181 2030 5233 ces,
2062 5167 2128 5220 ut
2156 5161 2306 5219 alias
2338 5174 2521 5233 saepe,
2545 5174 2617 5214 ex
2647 5172 2754 5214 ora
2790 5154 2925 5212 libri
2964 5152 3023 5207 in
3050 5153 3397 5208 contextum
3422 5147 3560 5207 irre-

1909 5240 2309 5372 psfﬁrQllnllnus
2367 5301 2558 5372 codex
2605 5297 2769 5356 Colb.
2826 5293 3199 5358 ὑπεξελθόντες.
3250 5295 3380 5350 Mox
3437 5292 3560 5357 duo

1910 5369 2057 5436 mss.
2090 5374 2425 5430 καταλάϐωσι
2456 5369 2514 5424 δὲ
2542 5372 2738 5425 λοιπόν.

1981 5435 2088 5519 (70)
2126 5449 2282 5519 Reg.‘
2304 5442 2607 5500 secundus
2671 5456 2991 5516 προσεκειτο.
3023 5435 3231 5494 Statim
3260 5451 3418 5494 unus
3445 5453 3561 5509 ms,

1910 5521 2051 5582 ζωῆς
2074 5516 2239 5594 πέρας
2265 5516 2509 5592 ἐχώρισε.
