4088 6194
533 273 633 328 251

1915 272 1971 329 8.
2017 268 2268 327 BASILII
2305 268 2527 325 HAGNI

3821 265 3925 318 252

535 399 769 453 utentes
792 396 1043 454 videres.
1060 400 1216 455 Cave
1237 397 1419 466 igitur
1438 413 1514 454 ne
1533 397 1681 456 forte
1701 396 2194 454 charissimorum

2318 400 2490 467 ζωμεν,
2548 398 2815 467 παρόντων
2867 395 2957 466 μεν
3015 391 3108 444 οὐκ
3173 390 3582 462 αἰσθανόμενοι,
3636 386 3928 461 παρελθόν-

532 484 937 558 privationem
975 486 1150 543 nobis
1196 485 1344 558 ipsis
1391 486 1724 543 reddamus
1765 485 2191 552 necessariam,

538 588 676 630 cum
698 590 819 630 non
841 573 1174 631 efﬁciamur
1193 574 1436 631 illorum
1455 575 1795 648 prtesentia,
1812 574 1917 631 sed
1938 574 2194 630 amissos

536 661 1280 729 desideremus.Quoniam
1293 664 1453 719 enim
1468 680 1577 736 pro
1598 664 1999 737 prementibus
2016 661 2193 719 bonis

539 767 576 807 a
598 753 713 807 Deo
734 751 964 807 collatis
984 757 1181 821 grates
1201 768 1322 808 non
1348 752 1780 824 persolvimus;
1812 753 1948 808 ideo
1968 750 2193 825 privati

536 857 652 897 nos
677 840 749 896 iis
779 838 1027 897 necesse
1057 847 1166 910 est,
1195 847 1260 898 ut
1288 842 1542 899 affectus
1582 847 1787 899 noster
1810 856 2191 898 commovea-

537 933 652 986 tur.
682 929 1210 995 Quemadmodum
1242 931 1404 988 enim
1446 948 1568 988 non
1599 932 1805 988 vident
1840 930 1996 987 oculi
2026 929 2192 1002 quod

536 1018 674 1092 plus
695 1035 872 1092 aequo
892 1021 1211 1077 admotum
1231 1021 1450 1090 est,sed
1463 1021 1815 1091 congruenti
1835 1019 2039 1092 aliquo
2058 1034 2192 1091 spa-

536 1106 618 1164 tio
664 1106 957 1177 indigent,
989 1111 1074 1166 ita
1120 1115 1179 1165 et
1223 1110 1471 1181 ingratae
1503 1110 1722 1166 animae
1752 1124 1859 1182 per
1885 1108 2190 1164 bonorum

538 1196 1047 1253 abalienationem
1072 1198 1356 1254 videntur
1401 1199 1476 1254 de
1522 1199 1747 1255 amisso
1795 1214 1865 1255 ac
1894 1196 2191 1269 praeterito

538 1284 834 1341 beneﬁcio
855 1285 1033 1342 aﬂici.
1050 1289 1199 1342 Nam
1223 1303 1359 1342 cum
1383 1286 1720 1343 fruerentur
1740 1286 1938 1352 bonis,
1963 1284 2192 1341 nullam

540 1377 669 1428 tum
700 1374 957 1441 gratiam
987 1367 1300 1431 habebant
1338 1375 1631 1446 largitori,
1666 1375 1774 1431 sed
1813 1374 1915 1430 ubi
1955 1378 2091 1429 sunt
2122 1372 2194 1427 iis

540 1459 834 1532 spoliatae,
850 1461 1112 1534 idipsum
1132 1463 1298 1536 quod
1319 1464 1583 1534 evanuit,
1602 1463 1855 1520 laudant
1874 1462 2199 1518 aestimant-

541 1563 681 1620 que.
701 1551 877 1605 Porro
898 1565 1078 1607 nemo
1099 1558 1375 1608 nostrum
1394 1552 1685 1609 immunis
1705 1556 1792 1608 est
1811 1568 1847 1608 a
1868 1550 2199 1621 gratiarum

545 1638 780 1694 actione
801 1639 881 1694 ob
894 1638 1079 1695 ullam
1102 1643 1237 1697 vitae
1258 1642 1439 1713 hujus
1456 1658 1795 1698 arumnam
1807 1657 1877 1697 ac
1897 1639 2201 1696 calamita-

2301 502 2399 536 των
2461 481 2520 536 δὲ
2585 487 2968 558 περιεχόμενοι.
3040 477 3251 538 Ἐπειδή
3327 481 3441 551 γὰρ
3526 478 3929 551 παρακειμένων

2299 579 2398 624 τῶν
2454 570 2510 623 ἔκ
2548 580 2682 625 Θεοῦ
2736 570 2941 642 ἀγαθῶν
2998 569 3091 621 οὐκ
3141 568 3609 642 εὐχαριστοῦμεν,
3669 562 3933 635 ἀναγκαία

2300 664 2425 733 ἡμῖν
2472 663 2499 720 ἡ
2552 660 2826 734 ἀφαίρεσις
2869 656 2961 712 διὰ
2998 663 3092 717 τὴν
3138 659 3395 716 αἴσθησιν
3449 660 3689 727 γίνεται.
3731 651 3930 726 Ὠσπερ

2298 752 2401 823 γὰρ
2465 753 2515 802 οἱ
2582 749 2837 823 ὀφθαλμοὶ
2896 752 2977 811 τό,
3011 749 3143 819 άγαν
3198 749 3594 822 προσκείμενον
3663 743 3780 814 (71)
3832 740 3934 812 οὐχ

2301 841 2513 914 ὁρῶσιν,
2571 838 2698 891 ἀλλά
2752 835 2959 892 δέονται
3008 840 3306 911 συμμέτρου
3364 837 3519 894 τινὸς
3563 831 3930 890 ἀποστάσεως-

2301 928 2437 982 οὕτω
2491 934 2581 981 καὶ
2624 930 2678 981 αἱ
2729 926 3018 1001 ἀχάριστοι
3047 925 3227 998 ψυχαὶ
3275 923 3526 976 ἐοίκασιν
3579 921 3633 973 έν
3684 928 3750 992 τῇ
3796 916 3934 970 ἀλλο-

2298 1024 2512 1091 τριώσει
2565 1019 2674 1087 (72)
2729 1026 2828 1070 τῶν
2871 1019 3079 1090 ἀγαθῶν
3128 1023 3225 1077 τῆς
3274 1012 3670 1087 παρελθούσης
3714 1011 3936 1081 χάριτος

2300 1106 2731 1165 ἓπαισθάνεσθαι.
2785 1106 2908 1161 Ὀτε
2971 1108 3071 1181 γὰρ
3128 1103 3387 1157 ἀπέλαυον
3463 1108 3571 1153 τῶν
3642 1099 3939 1172 χρηστοτέ·

2298 1216 2421 1270 ρων,
2454 1194 2705 1270 οὐδεμίαν
2752 1198 2914 1269 χάριν
2960 1204 3032 1266 τῷ
3077 1191 3336 1247 δεδωκότι
3382 1196 3774 1264 γινώσκοντες,
3808 1187 3938 1258 μετά

2297 1292 2394 1345 τὴν
2444 1291 2688 1360 στέρησιν
2742 1289 2802 1338 τὸ
2865 1284 3115 1360 παρελθὸν
3168 1282 3596 1356 μακαρίζουσιν.
3652 1275 3793 1331 Ἀλλ’
3856 1272 3938 1325 οὐ-

2304 1373 2416 1438 δεὶς
2459 1379 2604 1448 ἡμῶν
2652 1373 2978 1427 ἀποκλείεται
3016 1382 3109 1425 τοῦ
3157 1373 3513 1445 εὐχαριστεῖν
3561 1370 3655 1419 ὐπ’
3684 1360 3935 1435 οὐδεμιᾶς

2303 1467 2663 1541 περιστάσεως
2697 1463 2842 1537 βίου,
2876 1462 2962 1516 ἐὰν
3002 1463 3337 1535 εὐγνωμόνως
3367 1460 3496 1531 (73)
3549 1456 3779 1515 ἕκαστον
3821 1452 3936 1504 ἑπι-

2306 1554 2614 1627 λογίζεσθαι
2663 1554 2808 1628 θέλῃ.
2848 1552 3047 1615 Πολλὰς
3092 1556 3194 1625 γὰρ
3251 1548 3657 1623 ἀναθεωρήσεις
3705 1548 3796 1596 καὶ
3843 1540 3934 1593 οὐκ

2311 1643 2549 1718 ἀτερπεῖς
2612 1646 2637 1697 ὀ
2704 1644 2927 1696 ἑκάστου
2994 1644 3140 1715 ἡμῶν
3207 1638 3326 1713 βίος
3394 1641 3685 1699 κέκτηται,
3756 1631 3931 1703 ἐάνπερ

543 1731 687 1795 tem,
704 1727 752 1782 si
763 1727 886 1784 vult
900 1729 988 1784 sin
999 1729 1139 1798 gula
1161 1731 1556 1804 animomquo
1577 1728 2199 1805 perpendere.Etenim

2318 1734 2415 1808 ἰρα
2465 1727 2872 1804 καταδεξὼμεθα
2921 1734 3051 1804 πρὸς
3101 1733 3159 1783 τὸ
3217 1726 3563 1788 ύποϐεϐηκός
3600 1720 3930 1780 ἀποϐλέπειν,

542 1816 667 1873 vita
694 1816 1171 1892 uniuscujusque
1192 1825 1465 1877 nostrum
1487 1821 1670 1877 habet
1694 1836 1817 1876 non
1847 1834 2047 1892 pauca
2065 1834 2201 1891 quae

543 1920 872 1978 possumus
889 1923 1484 1982 recensere,quaaque
1503 1910 1837 1980 injucunda
1849 1925 1970 1964 non
1984 1905 2203 1972 sunt,si

545 1995 733 2051 modo
753 1996 1048 2069 respicere
1074 1998 1151 2054 ad
1168 1999 1452 2056 inferiora
1473 1999 1748 2063 velimus,
1774 1998 1976 2071 sicque
1998 2014 2071 2052 ex
2090 1997 2204 2052 ista

547 2099 685 2140 cum
706 2099 767 2139 re
789 2085 1066 2142 deteriori
1078 2088 1768 2161 comparatione,quanti
1785 2087 1955 2158 pretii
1974 2086 2088 2142 hoc
2102 2100 2205 2140 no-

548 2177 739 2229 strum
760 2173 991 2231 bonum
1005 2176 1077 2232 sit
1096 2176 1877 2248 expendamus.Servuses?
1899 2175 2085 2230 Adest
2104 2172 2205 2229 ali-

548 2261 688 2333 quis
702 2267 755 2316 te
768 2261 1082 2333 dejectior;
1105 2264 1329 2334 gratias
1342 2264 1623 2336 repende,
1639 2265 1806 2337 quod
1820 2262 1920 2318 uni
1937 2267 2202 2333 prmstes,

549 2349 713 2421 quod
734 2366 855 2406 non
879 2351 959 2406 sis
971 2352 1247 2409 addictus
1268 2353 1546 2426 pistrino,
1561 2353 1727 2426 quod
1745 2353 1957 2425 plagas
1979 2367 2099 2406 non
2114 2366 2209 2406 ac-

550 2437 763 2508 cipias.
796 2445 878 2496 Ac
908 2456 984 2496 ne
1012 2441 1152 2498 huic
1193 2441 1441 2514 quidem
1471 2442 1800 2512 gratiarum
1831 2439 2208 2510 agendarum

552 2524 847 2584 defuturas
903 2536 1044 2586 sunt
1099 2547 1327 2588 causae.
1392 2534 1594 2604 Neque
1649 2530 1811 2586 enim
1860 2534 2091 2586 tenetur
2145 2530 2208 2584 in

556 2617 980 2689 compedibus,
1011 2635 1208 2692 neque
1233 2620 1454 2691 ligatus
1491 2623 1554 2676 in
1595 2619 1759 2690 ligno
1797 2624 1904 2675 est.
1942 2618 2093 2674 Satis
2117 2622 2211 2673 est

552 2719 753 2762 causae
784 2707 980 2764 vincto
1001 2708 1080 2764 ad
1101 2710 1326 2779 gratias
1348 2709 1746 2765 exsolvendas
1781 2709 1920 2781 ipsa
1955 2708 2097 2763 vita.
2122 2706 2208 2763 Vi-

560 2792 664 2848 det
692 2795 904 2869 solem,
932 2797 1147 2869 spiritu
1190 2814 1391 2854 aerem
1439 2798 1626 2862 ducit,
1657 2798 1871 2853 horum
1902 2797 2094 2867 gratia
2122 2812 2213 2851 re-

552 2867 765 2954 pendit
784 2867 1025 2954 gratias.
1050 2885 1325 2943 Plecteris
1346 2886 1691 2943 immerito?
1730 2886 1937 2941 Gaude
1980 2901 2087 2958 spe
2124 2885 2214 2940 Iu-

553 2971 848 3027 turorum.
881 2973 1018 3028 Jure
1047 2974 1487 3030 condemnatus
1522 2990 1585 3029 es
1605 2975 1633 3032 ?
1677 2974 1769 3031 Sic
1798 2973 1981 3030 etiam
2014 2977 2212 3043 grates

2310 1825 2399 1874 καὶ
2455 1821 2619 1882 οὕτως
2674 1819 2728 1873 ἐκ
2783 1828 2879 1882 τῆς
2934 1823 3067 1893 πρὸς
3115 1822 3175 1871 τὸ
3236 1824 3423 1892 χεῖρον
3488 1813 3830 1887 συγκρίσεως
3876 1810 3931 1859 τὸ

2311 1914 2554 1986 ὑπάρχον
2620 1913 2745 1983 ἡμῖν
2807 1909 3038 1982 ἀγαθὸν,
3105 1913 3274 1961 πόσου
3342 1911 3491 1968 τινὸς
3558 1904 3710 1966 ἄξιόν
3776 1899 3931 1961 ἐστιν,

2311 2002 2598 2075 ἐκμετρεῖν.
2658 2001 2878 2061 Οἰκέτης
2929 1996 3012 2067 εἷς
3039 1998 3222 2070 Ἔχεις
3271 2001 3359 2050 τὸν
3419 2001 3657 2050 σεαυτοῦ
3705 1992 3933 2044 ταπεινό-

2311 2111 2474 2165 τερον·
2505 2091 2834 2165 εὐχαρίστει,
2886 2090 2966 2142 ὃτι
3015 2089 3124 2150 ἐνὸς
3170 2088 3475 2162 ύπερέχεις,
3512 2087 3599 2137 ὅτι
3647 2087 3720 2155 μὴ
3775 2076 3824 2130 ἐν
3864 2084 3932 2147 τῷ

2311 2179 2507 2253 μυλῶνι
2567 2174 3020 2243 καταδεδίκασαί,
3073 2178 3152 2229 ὅτι
3209 2180 3281 2248 μὴ
3343 2174 3564 2245 πληγὰς
3622 2167 3921 2242 λαμϐάνεις.

2314 2269 2424 2322 Οὐκ
2491 2267 2840 2339 ἐπιλείψουσιν
2906 2263 3030 2319 οὐδὲ
3085 2274 3265 2318 τοῦτον
3320 2266 3378 2316 αἱ
3435 2270 3532 2315 τοῦ
3599 2259 3930 2331 εὐχαριστεῖν

2316 2356 2572 2431 ἀφορμαί.
2630 2357 2706 2409 Οὐ
2755 2358 2856 2429 γὰρ
2902 2358 3017 2428 ἔχει
3064 2351 3252 2419 πέδας,
3298 2352 3361 2405 οὐ
3409 2348 3636 2405 δέδεται
3668 2346 3716 2398 ἐν
3765 2342 3918 2431 ξύλω.

2310 2446 2371 2499 Ὀ
2401 2430 2679 2519 δεσμώτης
2726 2446 2839 2517 ἔχει
2886 2449 2945 2498 τό
2996 2445 3093 2518 ζῇν
3141 2442 3410 2517 ἀρκοῦσαν
3441 2440 3692 2515 ἀφορμὴν
3738 2434 3810 2494 εἰς
3846 2430 3928 2483 εὖ-

2315 2540 2624 2609 χαριστίαν·
2655 2535 2799 2595 ἣλιον
2848 2537 2964 2610 ὁρᾷ,
3012 2533 3223 2587 ἀναπνεῖ
3263 2536 3352 2585 τὸν
3406 2529 3562 2605 ἀέρα,
3606 2527 3691 2580 ἐπὶ
3732 2525 3925 2580 τούτοις

2317 2607 2644 2698 εὔκαριστεῖ-
2679 2607 2902 2686 Ἀδίκωξ
2951 2623 3189 2696 κολάζεις
3246 2629 3320 2694 Τῇ
3373 2629 3484 2673 τῶν
3535 2616 3823 2691 μελλόντων
3861 2607 3929 2660 έλ-

2316 2709 2441 2765 πίδι
2468 2715 2645 2785 χαῖρε.
2696 2717 2882 2774 Δικίως
2926 2708 3355 2775 κατεδικάσθης;
3419 2711 3529 2760 Καὶ
3574 2704 3742 2764 οὐτως
3771 2699 3930 2770 εὐχα-

2318 2807 2505 2876 ρίστει,
2560 2798 2781 2855 ενταῦθα
2835 2805 2925 2859 τὴν
2980 2797 3135 2857 δίκην
3187 2806 3287 2851 τῶν
3342 2795 3753 2868 τετολμημένων
3817 2786 3933 2839 ἀπο-

2317 2895 2507 2960 τιννὺς,
2559 2890 2690 2943 ἀλλὰ
2741 2896 2812 2965 μὴ
2865 2890 2942 2943 ἐπ’
2987 2889 3247 2963 ἀκεραίοις
3298 2894 3425 2948 τοῖς
3472 2883 3825 2958 ἁμαρτήμασι
3871 2882 3927 2946 τῇ

2320 2980 2503 3053 αἰωνίᾳ
2548 2979 2760 3033 κολάσει
2797 2980 3109 3053 ταμιευθείς.
3146 2978 3291 3030 Κατά
3336 2971 3413 3033 δὴ
3464 2977 3556 3027 τὸν
3596 2971 3755 3024 αὐτὸν
3791 2965 3930 3036 λόγον

560 3071 695 3127 age,
721 3059 890 3130 quod
910 3060 1007 3116 hic
1026 3061 1264 3118 dederis
1283 3062 1578 3119 scelerum
1609 3078 1847 3135 pmnas,
1869 3078 1993 3118 non
2013 3066 2210 3117 autem

2326 3069 2410 3123 ἐπὶ
2466 3073 2658 3131 παντὸς
2704 3068 2826 3142 βίου
2881 3074 2972 3121 καὶ
3016 3070 3219 3121 πάντων
3267 3061 3717 3135 ἐπιτηδευμάτων
3777 3055 3931 3118 ἔξεστι

559 3144 640 3201 sis
660 3146 740 3202 ob
760 3147 1060 3221 impunita
1079 3156 1329 3223 peccata
1351 3152 1651 3224 supplicio
1671 3157 1897 3208 aeterno
1920 3156 2217 3206 servatus.

564 3236 730 3291 Hunc
754 3237 825 3291 ad
851 3238 1104 3295 modum
1128 3245 1328 3312 potest
1344 3241 1448 3313 qui
1470 3247 1674 3312 gratus
1695 3254 1804 3309 est,
1825 3241 1885 3296 in
1904 3239 2070 3295 omni
2096 3238 2223 3295 vita

563 3327 621 3378 et
640 3323 702 3379 in
723 3327 891 3382 omni
910 3328 1184 3385 instituto
1217 3345 1327 3401 pro
1350 3330 1746 3400 praesentibus
1786 3329 1963 3386 bonis
1984 3326 2223 3400 amplas

565 3410 970 3471 benefacienti
1001 3418 1222 3486 gratias
1251 3433 1559 3490 peragere.
1588 3421 1755 3474 Nunc
1798 3423 2024 3484 autem,
2055 3414 2224 3488 quod

566 3504 830 3559 morosis
868 3505 1218 3563 hominibus
1238 3508 1474 3569 accidit.
1497 3508 1555 3563 id
1578 3510 1871 3578 contingit
1900 3506 2221 3580 plerisque,

564 3588 843 3648 videlicet
872 3599 937 3649 ut
975 3597 1296 3666 prasentia
1328 3596 1662 3662 fastidiunt,
1685 3597 1767 3652 ita
1787 3595 2059 3652 absentia
2078 3608 2224 3648 con-

565 3679 908 3752 cupiscunt.
942 3686 1145 3758 Neque
1183 3685 1343 3741 enim
1391 3700 1497 3741 eos
1535 3685 1639 3757 qui
1669 3685 1879 3758 seipsis
1916 3683 2226 3741 inferiores

560 3773 703 3823 sunt
737 3778 1187 3843 enumerantes,
1214 3773 1481 3844 largitori
1527 3773 1800 3830 beneﬁco
1832 3789 1942 3846 pro
1984 3772 2054 3829 iis
2090 3789 2225 3845 quae

563 3854 791 3914 habent
839 3861 1062 3930 gratias
1108 3862 1461 3935 persolvunt
1492 3880 1505 3918 :
1537 3863 1660 3918 imo
1708 3863 1838 3934 ejus
1876 3862 2042 3934 quod
2073 3877 2221 3933 prae-

564 3947 819 4003 stantius
840 3954 930 4004 est
948 3950 1422 4022 comparatione,
1440 3956 1736 4023 quantum
1757 3956 2116 4023 superentur
2135 3965 2223 4004 re-

567 4040 869 4106 putantes,
892 4037 974 4093 ita
1002 4044 1259 4094 maerent
1286 4045 1343 4094 et
1391 4045 1845 4110 conqueruntur
1881 4038 2056 4094 bonis
2085 4037 2221 4094 alie-

565 4124 659 4179 nis
681 4125 916 4197 privati,
940 4142 1011 4183 ac
1039 4128 1087 4182 si
1120 4128 1246 4183 suis
1281 4127 1703 4201 spoliarentur.
1730 4130 1946 4185 Servus
1975 4126 2082 4199 qui
2109 4132 2219 4192 est,

563 4212 924 4284 permoleste
954 4215 1064 4272 fert
1089 4216 1348 4272 liberum
1392 4233 1457 4273 se
1503 4232 1628 4273 non
1658 4232 1789 4272 esse
1821 4232 1833 4271 :
1867 4231 2024 4286 aegre
2053 4220 2142 4272 est
2169 4213 2223 4271 ei

563 4301 669 4374 qui
693 4301 754 4357 in
775 4302 1047 4361 libertate
1069 4304 1187 4378 40
1209 4305 1503 4362 educatus
1525 4304 1657 4373 fuit,
1679 4305 1845 4378 quod
1866 4306 2099 4375 generis
2119 4320 2224 4361 no-

2327 3168 2401 3231 τῷ
2431 3159 2712 3231 εὐγνώμονι
2758 3157 2987 3231 μεγάλας
3033 3165 3132 3208 τῶν
3175 3158 3456 3229 παρόντων
3498 3145 3817 3204 ἀποδιδόναι
3865 3147 3929 3209 τῷ

2331 3248 2566 3321 εὖεργέτῃ
2616 3250 2710 3308 τὰς
2752 3249 2980 3321 χάριτας
3028 3248 3168 3317 (74).
3201 3252 3309 3299 Νῦν
3354 3239 3422 3295 δέ
3471 3245 3532 3295 τὸ
3581 3248 3685 3293 τῶν
3725 3233 3929 3306 δυσαρε-

2333 3343 2623 3412 στουμένων
2703 3339 3020 3390 πεπόνθασιν
3093 3338 3142 3388 οἱ
3205 3333 3414 3388 πολλοί·
3486 3335 3547 3384 τό
3623 3332 3715 3403 μεν
3775 3324 3924 3395 παρόν

2332 3428 2694 3502 ἀτιμάζοντες,
2737 3435 2839 3480 τῶν
2890 3429 2945 3479 κε
2992 3424 3226 3478 ἀπόντων
3274 3422 3679 3496 ἐπιθυμοῦντες.
3712 3414 3786 3468 Οὐ
3833 3413 3924 3482 γὰρ

2332 3522 2454 3580 τούς
2496 3513 2905 3591 ὑποδεεστέρους
2951 3511 3120 3567 αὐτῶν
3170 3512 3648 3586 ἀπαριθμούμενοι,
3682 3509 3768 3562 τὴν
3808 3502 3922 3569 ὑπὲρ

2335 3604 2402 3659 ὧν
2432 3610 2621 3679 ἔχουσι
2667 3589 2827 3680 χάριν
2876 3603 3238 3676 ἀποπληροῦσι
3279 3609 3353 3672 τῷ
3397 3601 3672 3673 εὐεργέτῃ·
3701 3589 3827 3680 ἀλλά
3864 3591 3919 3655 τῇ

2333 3700 2462 3771 πρὸς
2499 3700 2557 3748 τό
2600 3696 2855 3769 ὑπερέχον
2896 3697 3189 3766 συγκρίσει,
3222 3692 3341 3742 ὅσον
3391 3686 3765 3741 ἀπολείπονται
3794 3677 3921 3745 λογι-

2336 3786 2561 3859 ζόμενοι,
2615 3786 2683 3846 ὡς
2742 3783 2943 3836 οἰκείων
2996 3783 3325 3854 στερούμενοι
3369 3786 3474 3830 τῶν
3530 3776 3721 3847 ἑτέροις
3771 3780 3920 3859 προσ·

2333 3880 2509 3939 όντων,
2563 3873 2726 3934 οὓτως
2782 3870 3023 3923 ἀνιῶνται
3073 3872 3159 3921 καὶ
3212 3870 3664 3939 καταμέμφονται.
3709 3859 3766 3909 Ὀ
3811 3850 3920 3905 δον-

2331 3962 2438 4029 λος,
2487 3964 2566 4015 ὅτι
2614 3967 2684 4035 μὴ
2737 3960 2994 4034 ἐλεύθερός
3042 3957 3173 4024 ἐστι,
3235 3953 3607 4028 δυσχεραίνει·
3637 3952 3663 4002 ὁ
3711 3945 3759 3998 ἓν
3800 3940 3920 3994 ἕλευ·

2334 4054 2474 4127 θερίᾳ
2518 4057 2751 4125 τραφεὶς,
2803 4053 2883 4102 ὅτι
2929 4054 3000 4122 μὴ
3047 4043 3389 4121 εὐπατρίδης,
3450 4038 3591 4117 μηδὲ
3649 4046 3744 4091 τῶν
3783 4046 3921 4135 περι·-

2333 4140 2559 4194 ϐλέπτων
2590 4140 2670 4193 ἐπ’
2723 4140 2969 4212 εὐγενείᾳ,
3030 4133 3161 4211 μηδ’
3210 4138 3292 4207 ότι
3343 4134 3478 4186 ἑπτα
3524 4132 3769 4185 πάππους
3818 4132 3919 4191 ἔχει

2332 4229 2567 4306 ἀριθμεῖν
2608 4230 2679 4292 εἰς
2725 4233 2783 4283 τό
2830 4230 2955 4293 ἄνω,
2991 4230 3339 4300 ἱπποτρόφους
3367 4222 3664 4296 λαμπροὺς,
3708 4215 3735 4272 ἦ
3775 4225 3919 4306 μονος

2330 4323 2531 4393 μάχοις
2588 4323 2673 4372 τόν
2738 4318 2956 4371 πλοῦτον
3021 4314 3449 4379 εξαναλώσαντας
3510 4310 3654 4373 (75).
3691 4303 3918 4393 'O-xczm

561 4387 792 4447 bilitate
824 4408 949 4448 non
979 4394 1363 4465 insigniatur,
1385 4393 1553 4468 quod
1572 4410 1699 4451 non
1719 4399 2105 4451 recenseatur
2128 4395 2210 4450 in-

2330 4387 2473 4482 ;iitttts
2535 4412 2810 4482 περιφανὴς
2874 4404 3178 4479 σχετλιάζει
3209 4444 3222 4468 ,
3291 4404 3371 4455 ὅτι
3428 4406 3499 4474 μὴ
3574 4396 3662 4449 ἐπὶ
3725 4388 3915 4482 πλούτει

563 4480 654 4533 ter
679 4493 781 4534 eos
802 4481 903 4552 qui
933 4482 1227 4538 natalium
1253 4483 1575 4555 splendore
1599 4483 1909 4556 conspicui
1931 4488 2087 4549 sunt,
2111 4499 2222 4539 nec

562 4581 885 4625 numerare
907 4570 1097 4642 possit
1116 4576 1275 4627 retro
1295 4587 1442 4628 avos
1467 4578 1724 4645 septem,
1744 4572 1851 4645 qui
1871 4572 2073 4627 eximii
2100 4571 2222 4628 fue-

562 4655 682 4713 rint
707 4671 1007 4730 equorum
1037 4658 1383 4727 nutritores,
1418 4666 1521 4716 aut
1541 4677 1690 4733 opes
1722 4677 1865 4716 suas
1889 4660 1949 4716 in
1981 4659 2224 4730 gladia-

564 4750 726 4804 tores
754 4747 1209 4821 insumpserint.
1258 4749 1598 4814 Queritatur
1642 4749 1750 4822 qui
1778 4764 1997 4819 genere
2020 4748 2219 4805 clarus

563 4841 674 4903 est,
695 4836 863 4910 quod
887 4853 1009 4894 non
1031 4836 1301 4917 abundet
1318 4836 1539 4893 divitiis
1563 4855 1577 4904 ;
1606 4837 1777 4893 dives
1807 4836 2131 4893 afﬂictatur
2148 4853 2222 4894 ac

564 4926 747 4997 dolet,
766 4927 933 5000 quod
958 4926 1339 4983 dominatum
1360 4925 1423 4981 in
1452 4926 1681 4999 oppida
1702 4931 1760 4983 et
1776 4926 1839 4981 in
1869 4931 2075 4997 gentes
2096 4942 2220 4982 non

637 5034 751 5104 (71)
791 5036 955 5090 Unus
1008 5033 1197 5089 codex
1231 5035 1385 5107 ,Beg.
1426 5037 1490 5107 et
1536 5033 1679 5107 editi
1715 5037 1773 5086 τὸ
1802 5035 1945 5107 dyon:
1986 5032 2220 5107 λαμπρόν

564 5110 954 5178 προσκείμενον,
984 5120 1108 5178 rem
1136 5105 1314 5178 valde
1340 5104 1719 5178 sptendidam
1745 5106 1883 5174 plus
1912 5104 2078 5178 avqu
2108 5104 2221 5161 ad-

566 5175 811 5257 ﬂictam.
845 5179 969 5232 Vox
992 5175 1232 5257 λαμπρόν
1278 5177 1336 5232 in
1382 5175 1538 5257 aliis.
1552 5183 1788 5257 septem
1837 5175 1985 5257 mss.
2010 5175 2217 5256 deest;

565 5248 929 5371 gectmirum
958 5248 1008 5303 si
1031 5246 1203 5316 desit,
1222 5264 1360 5304 cum
1382 5263 1502 5303 non
1524 5247 1606 5303 ita
1627 5246 1965 5303 necessaria
1985 5262 2118 5301 esse
2140 5246 2224 5302 vi-

610 5331 682 5371 ea
712 5334 799 5371 ur.

610 5331 799 5373 eatur.

642 5390 750 5463 (72)
790 5391 933 5463 Reg.
972 5388 1205 5461 primus
1241 5395 1298 5463 et
1337 5388 1542 5446 tertius
1590 5388 1638 5441 ἐν
1679 5396 1742 5462 τῇ
1791 5388 2219 5463 ἀπαλλοτριώσει,

570 5456 992 5547 eaeaeae
1016 5460 1333 5547 ξεηιθηιίεξο
1718 5456 1758 5547 ’,

641 5530 755 5603 (73)
785 5530 972 5587 Editio
1018 5532 1202 5587 Paris.
1246 5536 1311 5587 et
1356 5547 1515 5588 unus
1551 5548 1696 5589 mss.
1738 5530 1820 5584 ἐάν
1848 5551 1931 5595 τις
1960 5532 2224 5605 εὐγνωμό-

2330 4505 2488 4572 κομᾷ·
2547 4501 2572 4550 ό
2636 4497 2886 4558 πλούσιος
2948 4495 3187 4547 λυπεῖται
3250 4496 3341 4544 καὶ
3408 4487 3675 4562 ὀδύρεται,
3734 4480 3810 4530 ὅτι
3849 4488 3912 4577 1ιλιπθ

2329 4588 2521 4640 πόλεων
2574 4590 2665 4639 καὶ
2704 4584 2857 4638 ἐθνῶν
2914 4582 3055 4636 ἐστιν
3105 4581 3288 4657 ἅρχων
3335 4582 3473 4650 (76)’
3523 4579 3549 4628 ὁ
3610 4579 3909 4661 στρατηγοςδ

2329 4681 2409 4732 ὅτι
2463 4681 2533 4751 μὴ
2588 4673 2875 4749 βασιλεύει·
2917 4675 2944 4725 ό
3002 4655 3272 4746 βασιλεὺς,
3327 4671 3407 4722 ὅτι
3449 4672 3521 4740 μὴ
3573 4665 3749 4719 πάσης
3793 4655 3910 4757 ego?

2328 4776 2425 4828 τῆς
2485 4765 2569 4838 ὑφ’
2622 4764 2754 4837 ἡλίῳ
2802 4769 3006 4837 κρασεῖ,
3067 4760 3177 4814 ἀλλ’
3226 4763 3369 4812 ἔστιν
3422 4759 3539 4813 ἔθνη
3607 4756 3717 4838 τοῖς
3762 4756 3906 4838 αῨτου

2331 4861 2619 4931 σκήπτροις
2672 4859 2741 4928 μὴ
2792 4855 3179 4931 ὐποκύτςτοντα.
3231 4850 3319 4931 Ἐκ
3343 4850 3547 4901 πάντων
3610 4837 3667 4926 δέ
3730 4833 3907 4931 703:?”

2332 4916 2613 5000 συνάγεται
2658 4916 2717 4978 τὸ
2759 4924 2843 4977 ἐπὶ
2891 4920 3080 4998 μηδενὶ
3128 4924 3214 4973 τὸν
3268 4919 3536 4993 εὐεργέτην
3587 4916 3903 4982 εὐχαριστη-

2329 5056 2447 5097 νως.
2486 5033 2674 5090 Editio
2706 5031 2885 5089 Basil.
2916 5036 2972 5087 et
3001 5034 3231 5103 septem
3263 5042 3410 5103 mss.
3438 5022 3520 5103 ἒάν
3542 5015 3873 5103 εὐγνωμῇεξξς

2404 5093 2522 5175 (74)
2562 5103 2800 5176 Antiqui
2844 5103 2968 5158 duo
3008 5093 3144 5157 libri
3190 5107 3263 5170 τῷ
3294 5097 3530 5172 εὐεργέτῃ
3563 5093 3654 5150 τὰς
3700 5093 3904 5152 τύχοιμ’

2333 5197 2505 5232 στιας.
3583 5230 3613 5232 α
3689 5229 3698 5232 -
3874 5217 3881 5225 υ

2398 5198 2515 5319 εξ
2549 5250 2807 5319 Utraque
2828 5244 3009 5299 editio
3022 5249 3089 5319 et
3105 5256 3264 5319 unus
3285 5237 3476 5319 codex
3497 5230 3660 5319 ρίου)ζ

2333 5303 2445 5393 goat;
2488 5303 2729 5392 λαμπρόξ
2752 5317 2782 5375 ἡ
2829 5317 3153 5389 μονομάχοις
3201 5315 3288 5364 τὸν
3335 5309 3452 5383 βίον
3490 5303 3901 5367 ἐξαναλώσανταςο

2331 5387 2440 5447 Alii
2471 5387 2607 5447 octo
2636 5387 2789 5444 mss.
2830 5387 2896 5441 ut
2933 5387 2993 5441 in
3025 5388 3328 5440 contextu.
3736 5452 3739 5453 ν
3776 5431 3875 5453 ,Μ

2406 5432 3493 5532 ἄρχει,
3521 5443 3628 5502 Alii
3646 5452 3745 5495 sex
3773 5432 3907 5484 ἐθνῶν

2334 5533 2475 5587 ἐστιν
2507 5535 2710 5606 ἅρχων.
