4088 6194
249 303 360 357 253
1348 298 1640 355 HOMILIA
1683 299 1749 352 IN
1793 296 1863 351 ΜΛ

2003 296 2170 352 {REM
2206 297 2537 354 JULlTTAM
3513 301 3617 354 254

252 427 404 479 σθαι.
463 424 602 478 Ἀλλ’
651 426 821 496 ἡμεῖς,
863 423 1067 496 ἀφέντες
1107 426 1171 476 τὰ
1196 423 1278 477 ἐπὶ
1303 431 1413 484 τοίς
1439 423 1633 476 ἀποῦσι
1668 422 1854 488 λυπας,

2002 419 2181 488 labet;
2219 422 2510 478 exercitus
2535 421 2681 486 dux,
2704 421 2873 494 quod
2900 437 3154 492 regnum
3176 438 3300 479 non
3320 427 3578 496 occupat
3602 442 3616 492 ;

243 510 612 586 διδαχθώμεν
669 519 764 572 τὴν
821 512 906 565 ἐπὶ
936 521 1044 575 τοῖς
1076 522 1331 588 παροῦσιν
1359 513 1702 587 εὐχαριστίαν
1733 511 1857 563 ἀπο-

2006 526 2069 564 ex
2100 516 2320 580 autem,
2355 511 2520 583 quod
2554 511 2734 566 simul
2756 511 2934 566 totius
2965 512 3070 583 qui
3102 513 3216 568 sub
3244 512 3366 568 sole
3405 518 3494 568 est
3520 528 3620 567 or-

245 599 491 658 διδόναι,
545 603 782 675 Εὶπωμεν
830 601 877 653 ἐν
927 606 1016 674 μὶν
1071 611 1184 665 ταῖς
1236 602 1692 677 σκυθρωποτέραίς
1720 621 1856 674 περι-

2004 600 2057 653 is
2085 615 2206 654 non
2230 601 2513 672 potiatur,
2550 601 3001 672 sedjsupersint
3048 607 3253 672 gentes
3307 618 3440 674 quae
3495 602 3618 656 suis

243 695 482 746 στάσεσι
538 701 640 744 τῶν
688 694 1011 765 πραγμάτων
1067 700 1137 762 τῷ
1187 701 1326 764 σοφῷ
1378 691 1557 763 ἰατρῷ·
1620 689 1701 742 Ἐν
1753 690 1856 741 θλί-

2007 690 2212 760 3eptris
2234 705 2356 745 non
2380 691 2500 746 sint
2518 690 2824 761 subjectae.
2853 693 2933 745 Ex
2955 691 3178 762 quibus
3196 692 3482 749 omnibus
3504 691 3621 748 col-

239 781 331 851 ψει
391 788 571 854 μικρᾷ
623 783 652 838 ἠ
712 777 933 833 παιδεία
986 800 1077 832 σου
1132 782 1276 852 ἡμῖν.
1310 783 1570 852 Εἵπωμεν.
1637 778 1853 849 Ἀγαθόν

2008 777 2162 846 gitur
2189 779 2409 847 gratias
2441 796 2552 852 pro
2585 780 2750 835 nulla
2787 796 2849 835 re
2911 780 3340 836 beneﬁciorum
3390 781 3621 838 auctori

239 890 353 941 μοι,
421 874 509 922 ὅτι
565 869 913 931 ἕταπείνωσάς
970 887 1058 942 με.
1118 873 1374 941 Εἶπωμεν,
1433 870 1514 920 ὃτι
1567 867 1676 920 Οὐκ
1733 868 1853 929 ἄξια

2007 865 2233 937 apendi.
2277 871 2398 922 Nos
2433 874 2636 923 autem
2663 884 2985 923 maerorem
3017 884 3087 923 ex
3120 869 3192 923 iis
3213 886 3349 941 quae
3400 870 3621 926 desunt

239 963 304 1010 τὰ
381 962 684 1032 παθήματα
755 966 847 1010 τοῦ
888 967 976 1010 νῦν
1045 966 1227 1033 καιροῦ
1301 962 1432 1032 πρὸς
1494 962 1583 1016 τὴν
1638 956 1853 1029 μέλλου-

2005 962 2368 1024 mergentem
2399 959 2825 1026 amandantes,
2857 957 3166 1012 discamus
3196 959 3276 1013 ob
3304 961 3619 1029 praesentia

241 1067 339 1101 σαν
434 1045 602 1111 δόξαν
687 1047 1113 1119 ἀποκαλυφθῆναι
1198 1048 1266 1110 εἰς
1349 1050 1508 1120 ἡμᾶς.
1597 1051 1850 1120 Εἵπωμεν,

2004 1044 2185 1099 ratias
2229 1045 2558 1101 exsolvere.
2593 1048 2873 1101 Dicamus
2895 1047 3150 1118 sapienti
3173 1047 3406 1103 medico
3431 1047 3491 1102 in
3519 1048 3617 1103 tri-

239 1140 318 1190 ότι
391 1137 589 1209 Ὀλίγα
657 1138 724 1188 ὧν
792 1139 1085 1209 ἡμάρτομεν
1159 1137 1621 1209 μεμαστιγώμεθα.
1683 1143 1853 1209 Παρα-

2003 1131 2244 1187 tioribus
2275 1149 2476 1188 rerum
2509 1135 2851 1190 infortuniis
2877 1152 2890 1189 :
2917 1138 2990 1190 In
3018 1135 3408 1192 tribulatione
3424 1151 3617 1206 parva

232 1227 550 1298 καλέσωμεν
603 1231 689 1278 τόν
741 1229 951 1300 Κύριον,
999 1228 1076 1277 ὅτι
1116 1222 1412 1278 Παίδευσον
1459 1227 1616 1298 ἡμᾶς,
1678 1227 1846 1297 Κύριε,

2005 1222 2282 1289 isciplinu
2307 1228 2413 1278 tua
2431 1224 2598 1278 nobis
2617 1226 2684 1277 δε.
2710 1225 3023 1280 Dicamus:
3044 1226 3277 1279 Bonum
3301 1225 3453 1280 mihi
3473 1226 3617 1295 quia

231 1315 368 1373 πλὴν
460 1315 511 1367 ἐν
589 1319 778 1388 κρίσει,
853 1319 943 1366 καὶ
1013 1319 1082 1386 μὴ
1159 1313 1205 1366 ἐν
1272 1316 1437 1386 θυμῷ.
1494 1313 1845 1386 Ἐλεγχόμενοι

2005 1311 2297 1366 umiliasti
2316 1327 2408 1367 me
2428 1314 2497 1366 ⁸⁷.
2525 1312 2804 1367 Dicamus
2818 1328 2838 1367 .'
2850 1314 2982 1368 Non
2996 1320 3136 1368 sunt
3158 1315 3469 1383 condignae
3484 1329 3617 1382 ραδ-

227 1407 355 1476 τὰρ,
443 1407 551 1456 ὑπὸ
629 1409 822 1478 Κυρίου
899 1400 1274 1476 παιδευόμεθα,
1351 1405 1434 1455 ἶνα
1499 1407 1568 1475 μὴ
1643 1407 1734 1454 σὺν
1783 1412 1841 1473 τᾷ

2002 1400 2148 1455 iones
2163 1401 2344 1469 hujus
2362 1404 2644 1470 temporis
2661 1402 3026 1470 adfuturam
3042 1404 3299 1472 gloriam
3316 1419 3449 1474 qua:
3460 1418 3616 1459 reve-

229 1500 425 1564 κόσμῳ
483 1495 904 1566 κατακριθῶμεν.
966 1492 1046 1545 Ἐν
1122 1489 1180 1544 δὲ
1239 1499 1301 1564 τῇ
1377 1487 1695 1564 φαιδροτέρᾳ
1761 1499 1843 1542 τοι]

2003 1487 2192 1543 lbitur
2211 1491 2273 1544 in
2296 1490 2464 1546 nobis
2484 1492 2552 1544 ⁸³.
2578 1491 2885 1546 Dicamus:
2903 1493 3112 1548 Pauca
3125 1507 3252 1561 prae
3264 1493 3336 1547 iis
3349 1508 3617 1563 quaepec-

231 1581 361 1652 βίου
409 1578 661 1653 διαγωγῇ
713 1581 907 1638 ἐκείνην
957 1581 1178 1653 λέγωμεν
1216 1588 1308 1632 τοῦ
1339 1577 1508 1632 Δαϐὶδ
1535 1585 1629 1638 τὴν
1661 1585 1845 1651 φωνήν·

2003 1577 2226 1632 avimus
2247 1583 2582 1648 accepimus
2604 1580 2854 1636 verbera
2876 1583 2944 1635 ⁸9.
2966 1580 3362 1636 Obsecremus
3412 1580 3617 1636 Domi-

228 1675 293 1722 Τί
359 1666 737 1722 ἀνταποδώσω
789 1679 862 1740 τῷ
931 1674 1102 1742 Κυρίῳ
1167 1674 1282 1743 περὶ
1353 1671 1557 1722 πάντων
1614 1670 1681 1719 ὧν
1739 1667 1842 1719 ἀντ-

2005 1682 2108 1720 um
2134 1682 2147 1720 :
2177 1667 2421 1737 Castiga
2434 1671 2850 1739 nos,§Domine,
2869 1675 3280 1725 verumtamen
3294 1670 3353 1723 in
3359 1669 3619 1738 judicio-

232 1751 489 1806 απέδωκὶ
545 1754 798 1826 μοι;Ἐκ
849 1758 942 1806 usa
985 1759 1054 1826 μὴ
1102 1757 1246 1814 ὄντος
1297 1753 1369 1814 είς
1421 1757 1480 1805 τὸ
1539 1750 1668 1806 εἶναι
1724 1772 1846 1825 παρ.

2003 1762 2014 1810 τ
2036 1771 2156 1810 non
2182 1757 2244 1811 in
2263 1758 2479 1825 furore
2498 1759 2567 1812 7°.
2593 1759 2744 1814 Cum
2766 1760 2922 1814 enim
2946 1759 3398 1826 redarguimur,
3439 1775 3476 1815 a
3506 1761 3617 1815 Do-

232 1849 435 1914 ἠγαγεο
490 1842 640 1913 λόγῳ,
678 1841 916 1915 ἐτίμησε·
970 1846 1157 1913 τέχνας
1223 1843 1346 1914 ἡμῖν
1420 1845 1701 1916 συνεργοὺς
1759 1849 1846 1902 τῆς

2002 1845 2122 1900 tino
2153 1847 2532 1916 corripimur,
2560 1853 2625 1902 ut
2655 1863 2773 1902 non
2801 1863 2932 1902 cum
2970 1848 3080 1903 hoc
3104 1848 3330 1903 mundo
3367 1848 3616 1905 damne-

236 1933 383 1992 ζωῆς
415 1930 739 2003 ἐχαρίσατο·
767 1934 957 2004 τροφὰς
987 1929 1041 1982 ἔκ
1087 1939 1184 1992 τῆς
1236 1939 1338 2001 γῆς
1389 1929 1592 1989 ἀνίησι·
1655 1928 1850 2002 βοσκη-

2002 1933 2288 1988 mr'”.At
2324 1950 2464 1988 vero
2510 1935 2570 1989 in
2609 1935 2833 1990 laetiore
2877 1935 3011 1990 vitae
3055 1940 3216 1990 statu
3271 1935 3616 1991 emittamus

233 2023 424 2092 μάτων
470 2022 603 2092 ἡμῖν
647 2022 934 2094 ὑπηρεσίαν
983 2015 1180 2072 δέδωκε
1210 2020 1344 2089 (77).
1377 2019 1448 2073 Δι’
1476 2021 1615 2091 ἡμᾶς
1645 2017 1847 2092 ὄμϐροι·

2005 2020 2125 2076 lam
2148 2022 2390 2078 Davidis
2412 2039 2624 2078 vocem
2651 2040 2664 2076 :
2688 2023 2843 2090 Quid
2863 2023 3194 2079 retribuam
3217 2025 3466 2080 Domino
3503 2041 3615 2093 pro

236 2106 314 2162 δι’
365 2111 518 2181 ἡμᾶς
573 2109 740 2170 ἣλιος·
792 2111 821 2166 ἠ
878 2108 1068 2181 ὀρεινὴ,
1113 2110 1143 2166 η
1177 2105 1494 2180 πεδιάσιμος
1518 2109 1663 2180 ἡμῶν
1694 2108 1850 2160 ἕνεκεν

2000 2110 2230 2165 mnibus
2247 2127 2379 2181 quae
2399 2113 2675 2166 retribuit
2697 2112 2850 2167 mihi
2863 2114 2911 2147 ⁷³
2929 2112 2957 2166 ?
2975 2115 3053 2168 Eo
3073 2118 3316 2167 auctore
3337 2128 3409 2168 ex
3430 2111 3614 2168 nihilo

236 2196 700 2270 διακεκόσμηται,
748 2196 1018 2269 ἀποφυγὰς
1073 2199 1196 2269 ἡμῖν
1244 2201 1372 2270 πρὸς
1395 2200 1489 2258 τάς
1515 2196 1568 2248 ἐκ
1598 2205 1695 2247 τῶν
1722 2196 1850 2268 ὀρῶν

2003 2197 2071 2253 rti
2099 2215 2334 2266 sumus,
2367 2200 2604 2256 ornavit
2625 2217 2733 2256 nos
2755 2201 3007 2270 ratione,
3039 2201 3289 2270 largitus
3315 2201 3494 2258 nobis
3526 2206 3617 2256 est

236 2288 553 2361 ἀκρότητας
605 2286 1002 2358 εὖτρεπίζουσα·
1053 2285 1124 2337 Δι’
1176 2288 1312 2358 ἡμᾶς
1365 2290 1593 2357 ποταμοὶ
1649 2286 1848 2358 ῥέουσι·

2003 2291 2115 2342 rtes
2146 2287 2276 2342 vitae
2323 2289 2560 2344 tuendte
2604 2289 3016 2360 inservientes,
3060 2290 3346 2346 alimenta
3389 2308 3420 2346 e
3458 2295 3617 2346 terra

235 2374 309 2430 δι’
351 2378 506 2446 ἡμᾶς
557 2374 812 2447 βρύουσιν
857 2377 911 2426 αἱ
950 2379 1135 2444 πηγαί·
1165 2376 1195 2431 ἠ
1229 2373 1470 2426 θάλασσα
1500 2376 1624 2446 ἡμῖν
1655 2372 1849 2425 ἀνεῖται

1996 2375 2177 2442 ducit,
2210 2378 2450 2433 servitio
2480 2383 2686 2434 nostro
2711 2380 2989 2449 jumenta
3020 2379 3253 2435 addixit
3273 2384 3329 2435 et
3373 2395 3610 2452 pecora.

233 2470 366 2537 πρὸς
437 2467 563 2534 (78)
632 2462 900 2537 ἐμπορίαν·
968 2465 1018 2515 οἱ
1087 2462 1141 2514 ἐκ
1192 2463 1450 2535 μετάλλων
1499 2462 1732 2528 πλοῦτοι,
1795 2463 1847 2515 αἰ

2001 2468 2205 2536 ropter
2235 2465 2610 2535 nosimbres,
2639 2471 2886 2538 propter
2911 2483 3024 2522 nos
3053 2468 3142 2522 sol
3166 2487 3179 2535 ;
3204 2467 3500 2523 adornata
3523 2472 3614 2522 est

233 2555 582 2624 πανταχόθεν
655 2551 985 2618 ἀπολαύσεις,
1039 2555 1216 2614 πάσης
1261 2561 1355 2614 τῆς
1399 2556 1617 2612 κτίσεως
1675 2549 1847 2624 δωρο-

1999 2553 2143 2608 ostri
2172 2569 2356 2608 causa
2385 2555 2550 2624 regio
2578 2561 2863 2611 montosa
2883 2561 3268 2626 aequataque,
3291 2555 3514 2624 effugia
3529 2559 3613 2610 at-

233 2647 516 2716 yopo-Jn;
568 2644 680 2711 (79)
727 2644 872 2714 ἡμῖν,
921 2637 1014 2692 διὰ
1057 2646 1152 2699 την
1191 2641 1443 2693 πλουσίαν
1481 2645 1572 2692 καὶ
1627 2642 1847 2712 ἄφθονον

2001 2656 2073 2696 ue
2094 2657 2365 2697 recessus
2383 2659 2608 2715 parans
2632 2643 2809 2698 nobis
2833 2643 2912 2700 ad
2929 2645 3304 2699 summitates
3317 2643 3611 2698 montium

236 2733 312 2793 εἰς
345 2734 494 2802 ἡμᾶς
525 2732 687 2802 χάριν
717 2737 806 2781 τοῦ
847 2728 1132 2801 εὐεργέτου.

2000 2729 2254 2786 itandas.
2282 2732 2532 2804 Propter
2560 2748 2673 2788 nos
2699 2731 2894 2788 ﬁuunt
2913 2731 3168 2788 ﬂumina
3196 2739 3475 2805 ;propter
3503 2747 3614 2787 nos

235 2819 448 2875 fontes
480 2818 818 2873 scaturiunt
849 2835 864 2882 ;
892 2833 1057 2873 mare
1087 2821 1253 2889 patet
1274 2816 1453 2872 nobis
1482 2816 1561 2872 ad
1594 2823 1994 2874 mercaturam
2023 2821 2423 2876 exercendam
2459 2822 2866 2888 ;etfodiuntur
2921 2838 2987 2876 ex
3039 2821 3354 2878 metallicis
3395 2821 3620 2877 fodinis

237 2924 402 2980 opes
429 2907 776 2975 ;undelibet
796 2906 1123 2962 commoda
1143 2905 1398 2962 afﬂuunt
1419 2911 1474 2961 et
1494 2905 1748 2974 deliciae,
1782 2905 2126 2964 conferente
2147 2910 2323 2965 nobis
2355 2927 2612 2967 munera
2633 2917 2908 2968 creatura
2932 2912 3102 2968 omni
3141 2911 3221 2967 ob
3258 2911 3621 2983 locupletem

241 2997 634 3067 uberemque
662 2995 916 3052 beneﬁci
942 2994 1042 3050 Dei
1069 2995 1132 3051 in
1164 3010 1278 3050 nos
1312 2995 1591 3064 gratiam.

319 3091 383 3141 '7.
433 3091 536 3138 Καὶ
587 3089 638 3136 τί
686 3081 765 3137 δεῖ
813 3088 880 3137 τά
924 3087 1088 3159 μικρά
1129 3084 1290 3155 λέγειν
1325 3101 1338 3150 ;
1372 3085 1446 3136 Δι’
1473 3086 1610 3156 ἡμᾶς
1644 3088 1773 3144 Θεὸς
1803 3083 1850 3135 ἄν
1883 3109 1924 3166 c

2034 3090 2087 3141 7.
2115 3085 2226 3140 Sed
2254 3086 2404 3157 quid
2443 3102 2600 3158 opus
2626 3093 2716 3144 est
2753 3105 2939 3160 parva
2982 3103 3296 3144 recensere
3330 3089 3358 3143 ?
3382 3091 3622 3159 Propter

247 3175 572 3247 ἀνθρώποις·
631 3170 722 3226 διὰ
771 3179 865 3231 τὴν
917 3175 1335 3246 καταφθαρεῐσαν
1388 3175 1559 3246 σάρκα
1587 3172 1645 3225 Ὀ
1688 3177 1854 3244 Λόγος

2008 3177 2076 3227 Os
2105 3180 2380 3231 versatus
2403 3178 2558 3230 Deus
2589 3183 2679 3232 est
2707 3178 2861 3233 inter
2881 3178 3156 3233 homines
3191 3193 3203 3230 :
3235 3181 3479 3248 propter
3498 3192 3622 3231 car-

250 3263 395 3335 σόιρξ
456 3265 672 3333 ἐγένετο,
743 3269 832 3314 καὶ
899 3261 1185 3334 ἐσκηνωσεν
1244 3261 1292 3314 ἐν
1349 3264 1496 3334 ἡμῖν.
1560 3265 1700 3314 Μενά
1753 3270 1852 3313 τῶν

2007 3278 2103 3317 em
2123 3269 2471 3336 corruptam
2507 3265 2754 3321 Verbum
2775 3281 2915 3322 caro
2929 3268 3165 3335 factum
3183 3271 3287 3331 est,
3311 3271 3364 3322 et
3387 3265 3621 3322 habita-

248 3353 573 3424 ἀχαρίστων
627 3353 650 3402 ό
707 3351 993 3424 εὐεργέτης·
1042 3371 1172 3425 προς
1223 3354 1342 3412 τούς
1417 3352 1739 3422 καθημένους
1805 3348 1852 3401 ἐν

2007 3354 2048 3406 it
2075 3353 2137 3407 in
2168 3353 2428 3409 nobis".
2459 3357 2868 3411 Commoratur
2915 3372 3052 3410 cum
3104 3355 3354 3425 ingratis
3396 3354 3621 3410 beneﬁ-

253 3447 442 3493 σκότει
500 3442 525 3490 ό
582 3439 723 3500 ἣλιος
783 3447 876 3500 τῆς
923 3436 1286 3500 δικαιοσύνης·
1336 3437 1419 3491 ἐπὶ
1450 3442 1537 3490 τόν
1570 3443 1796 3512 σταυρόν
1827 3440 1853 3490 ό

2006 3457 2071 3494 us
2103 3459 2117 3507 ;
2150 3441 2618 3499 venitliberator
2648 3445 2726 3500 ad
2756 3444 3029 3515 captivos
3059 3463 3071 3512 ;
3108 3443 3298 3500 illuxit
3338 3443 3427 3498 sol
3451 3442 3620 3512 justi«

251 3529 493 3589 ἀπαθής·
540 3527 624 3579 ἐπὶ
678 3531 764 3580 τὸν
825 3529 1037 3580 θάνατον
1092 3531 1119 3585 ἠ
1176 3532 1298 3590 ζωή·
1347 3526 1430 3579 ἐπὶ
1487 3531 1573 3578 τόν
1634 3524 1770 3597 ᾅδην
1796 3530 1854 3578 τό

2009 3530 2486 3586 te7‘sedentibus
2525 3533 2584 3586 in
2617 3532 2875 3588 tenebris
2898 3535 2968 3599 ⁷⁵,
3014 3533 3074 3588 in
3107 3547 3346 3587 crucem
3396 3531 3622 3587 tollitur

252 3626 387 3690 76x;-
474 3619 505 3673 ἡ
583 3615 870 3676 ἀνάστασις
951 3612 1042 3668 διὰ
1121 3619 1239 3677 τοὺς
1323 3620 1594 3676 πεσόντας·
1654 3623 1856 3687 πνεῦμα

2012 3617 2290 3673 uiomnis
2319 3635 2573 3690 prorsus
2603 3619 2829 3676 doloris
2869 3636 3082 3691 expers
3122 3624 3230 3684 est,
3271 3619 3396 3674 vita
3445 3620 3618 3672 morti

252 3707 547 3770 υἱοθεσίας,
579 3707 926 3778 χαρισμάτων
971 3699 1004 3756 δ
1009 3709 1217 3776 ιανομαὶ
1243 3706 1379 3772 (80),
1409 3705 1668 3774 στεφάνων
1701 3702 1856 3774 ἐπαγ-

2005 3706 2286 3762 ddicitur.
2312 3709 2436 3763 Lux
2465 3709 2778 3764 descendit
2816 3709 2895 3765 ad
2932 3709 3196 3774 inferos;
3229 3713 3476 3778 propter
3517 3722 3619 3761 eos

252 3794 449 3863 γελίαι·
500 3796 564 3844 τὰ
604 3792 750 3863 ἄλλα,
802 3795 903 3844 ὃσα
958 3788 1079 3844 οὐδε
1139 3792 1593 3866 ἐξαριθμήσασθαι
1650 3788 1852 3865 ᾳρδιον,

2003 3794 2069 3865 ςυὶ
2098 3795 2318 3850 mortui
2348 3801 2539 3865 erant,
2568 3797 2943 3864 resurrectio,
2971 3796 3315 3868 adoptionis
3355 3794 3617 3872 spiritus,

256 3883 330 3952 ἐφ’
384 3879 461 3942 οἷς
518 3889 648 3932 πᾶσι
695 3884 965 3954 πρέπουσά
1021 3879 1160 3932 ἔστιν
1209 3883 1238 3938 η
1275 3885 1411 3952 φωνὴ
1446 3888 1536 3932 τοῦ
1565 3885 1854 3954 προφήτου·

2009 3899 2265 3938 onorum
2288 3883 2634 3949 divisiones,
2661 3887 3046 3957 repromissae
3075 3901 3316 3941 coronae
3340 3901 3352 3938 :
3387 3884 3508 3939 alia
3535 3884 3619 3939 in-

254 3979 324 4024 Τι
383 3967 755 4042 ἀντηοδώμεν
830 3980 899 4041 τῷ
950 3976 1122 4044 Κυρίῳ
1170 3974 1288 4042 περὶ
1325 3971 1529 4022 πάντων
1559 3966 1625 4020 ὧν
1657 3967 1856 4020 ἀνταπ-

2006 3987 2146 4042 uper
2175 3987 2310 4042 quae
2341 3987 2418 4027 ne
2451 3988 2767 4028 numerare
2797 3973 3046 4045 quidem
3068 3973 3241 4029 facile
3290 3972 3461 4027 fuerit
3492 3970 3620 4042 qui-

255 4056 452 4112 ἑδωκεν
507 4062 630 4130 ἡμῖν
663 4077 676 4121 ;
712 4062 810 4111 Καὶ
863 4062 964 4132 γὰρ
1026 4055 1090 4110 αὖ
1145 4063 1236 4110 καὶ
1293 4066 1447 4110 τοῦτο
1504 4057 1597 4108 οὐκ
1655 4060 1858 4128 εἴρηται

2007 4076 2083 4114 ius
2115 4059 2401 4115 omnibus
2426 4061 2704 4130 congruit
2722 4061 2822 4117 illa
2845 4078 2961 4117 vox
2987 4061 3316 4134 prophetae.
3351 4060 3504 4127 Quid
3535 4075 3621 4114 re-

257 4145 570 4218 δεδωκέναι,
648 4147 753 4200 ἀλλ’
817 4145 1217 4201 ἀντιδεδωκίναι
1263 4149 1288 4198 ό
1352 4142 1735 4219 μεγαλόδωρος,
1791 4149 1860 4206 ὡς

2004 4149 2301 4204 ribuemus
2331 4152 2580 4206 Domino
2607 4167 2721 4221 pro
2749 4152 3023 4207 omnibus
3046 4165 3178 4221 qua:
3207 4148 3488 4205 retribuit
3516 4160 3618 4200 no-

255 4242 391 4308 οὐχὶ
439 4240 720 4310 κατάρχων
767 4239 1010 4309 χάριτος,
1041 4236 1148 4288 ἀλλ’
1192 4235 1527 4308 ἀμεικόμενος
1557 4239 1677 4295 τοὺς
1698 4236 1860 4307 ὑπάρ-

2010 4237 2384 4308 t's76?Atque
2428 4239 2610 4294 etiam
2653 4240 3020 4309 magniﬁcus
3077 4238 3172 4293 ille
3222 4253 3344 4292 non
3406 4234 3621 4290 dicitur

257 4328 454 4389 ξαντας
517 4328 649 4396 (81)·
706 4329 762 4377 τό
789 4330 889 4400 γὰρ
920 4334 1018 4378 τῶν
1054 4325 1414 4399 λαμϐανόντων
1444 4324 1759 4396 εὐχάριστον
1791 4324 1860 4384 εἰς

2009 4326 2270 4391 rubuisse,
2291 4326 2396 4381 sed
2417 4329 2783 4396 retribuisse,
2803 4335 3092 4399 tanquam
3109 4327 3331 4399 siprior
3343 4341 3464 4381 non
3485 4340 3623 4380 con-

256 4417 562 4487 εὐεργεσίαν
611 4415 1028 4486 καταλογίζεται.
1075 4414 1192 4478 ’⁷ος,
1253 4419 1344 4466 καὶ
1387 4419 1644 4486 χρήματα
1675 4410 1860 4475 διδοὺς

2009 4420 2150 4469 erret
2173 4415 2450 4484 gratiam,
2483 4417 2586 4471 sed
2617 4417 2687 4472 iis
2717 4419 2821 4489 qui
2844 4419 3014 4489 prius
3041 4415 3458 4480 contulissent,
3491 4413 3623 4468 red-

265 4506 402 4556 αὲτεί
453 4507 594 4576 παρά
638 4512 731 4556 σοῦ
788 4509 880 4561 τὴν
928 4503 1273 4576 ἐλεημοσύνην
1311 4499 1405 4556 διὰ
1428 4511 1521 4563 τῆς
1552 4505 1734 4574 χειρός
1760 4512 1860 4554 τῶν

2017 4508 2140 4557 eret
2169 4519 2181 4557 :
2205 4503 2495 4558 nimirum
2518 4506 2847 4572 gratiarum
2871 4512 3191 4574 actionem,
3213 4521 3349 4577 quae
3371 4503 3450 4560 ab
3475 4501 3626 4558 acci-

257 4600 514 4651 ποτήτων·
565 4593 658 4644 κᾶν
715 4592 858 4664 λάϐῃ,
890 4595 956 4644 τά
995 4592 1198 4657 ἑαυτοῦ,
1233 4591 1472 4665 ἀκεραίαν
1505 4611 1591 4644 σοι
1634 4591 1746 4662 (82)
1768 4596 1862 4649 τὴν

2007 4591 2272 4647 ιίθηιὼυε
2303 4593 2669 4663 rependitur,
2687 4595 2818 4651 loco
2837 4595 3020 4652 habet
3035 4595 3329 4651 beneﬁcii.
3353 4593 3621 4660 Quicum

257 4688 448 4755 χάριν,
497 4685 569 4743 ὡς
607 4685 733 4756 ὑπερ
788 4682 1004 4748 οἰκείων,
1092 4680 1404 4754 ἀποπληροῖ.
1469 4686 1531 4734 Τί
1600 4677 1688 4733 οὖν
1737 4679 1861 4732 ἀντ-

2009 4679 2202 4734 ederit
2229 4694 2396 4752 opes,
2431 4686 2635 4738 tamen
2665 4682 3120 4756 eleemosynam
3148 4689 3254 4739 ate
3274 4699 3381 4756 per
3402 4695 3623 4754 panpe-

259 4769 544 4844 ποδῶμεν
605 4780 678 4842 τῷ
736 4776 908 4844 Κυρίῳ
964 4776 1081 4845 περὶ
1133 4772 1334 4823 πάντων
1393 4771 1451 4822 ὗν
1503 4766 1860 4823 ὼταπέδωκεν

2007 4781 2109 4822 um
2143 4781 2362 4822 manus
2384 4770 2647 4840 reposcit
2677 4787 2690 4825 :
2723 4770 2830 4843 qui
2863 4770 3100 4827 tametsi
3149 4785 3331 4826 suum
3383 4765 3619 4838 accipit:

332 4944 383 4979 “
418 4942 533 4998 lsa.
564 4957 728 5010 xxvn,
760 4945 848 4997 16.
933 4943 975 4977 ⁸⁷
1009 4941 1161 4996 Psal.
1191 4956 1382 5008 cxvui,
1416 4946 1506 4997 τί.
1584 4942 1631 4975 ⁸⁸
1664 4941 1838 4996 Rom.
1871 4955 1946 4996 vn

2031 4936 2142 5010 t8._
2191 4934 2376 5010 °9_J_ob
2405 4953 2505 5006 xv,
2541 4943 2622 4994 tl.
2703 4939 2748 4972 ⁷ο
2803 4941 3017 5010 Jerem.
3076 4954 3134 5004 x,
3197 4939 3286 4991 24.
3362 4936 3407 4968 τι
3442 4934 3620 4988 tCor.

257 5031 340 5084 xx,
373 5017 467 5070 32.
548 5015 596 5048 73
627 5006 781 5068 Psal.
815 5027 940 5080 cxv,
976 5013 1060 5068 12.
1135 5012 1186 5046 ⁷³
1209 5006 1381 5068 Joan.
1412 5031 1447 5076 ι,
1486 5014 1569 5066 ib.
1651 5013 1698 5046 7‘
1725 5010 1871 5067 Mala

1651 5013 1698 5046 τι
1725 5010 1973 5067 Malach.
2007 5020 2085 5072 iv,
2118 5007 2172 5060 2.
2253 5006 2299 5040 ⁷⁵
2335 5012 2444 5063 lsa.
2480 5025 2560 5076 ix,
2588 5013 2643 5066 2.
2718 5011 2768 5045 7°
2800 5009 2952 5065 Psal.
2987 5024 3120 5070 cxv,
3158 5011 3239 5062 12.

330 5161 455 5222 (77)
476 5157 717 5228 Veteres
746 5152 1482 5228 quatuorlibri‘bmpmtav
1508 5149 1689 5208 ἔδωκε.

2049 5157 2162 5224 (80)
2183 5151 2432 5228 Antiqui
2454 5149 2577 5228 duo
2599 5149 2731 5204 libri
2754 5155 2809 5206 et
2831 5149 2974 5204 ‘editi
2997 5147 3262 5222 διανομαί.
3308 5146 3418 5202 Alii
3455 5147 3623 5220 quin-

327 5219 447 5297 (78)
483 5219 915 5298 Ιιᾶνωςδίεει.
947 5225 1134 5280 Editio
1166 5219 1352 5280 Paris.
1399 5223 1593 5298 ἀνεῖται
1622 5228 1688 5276 τὰ
1716 5228 1863 5298 πρός.

947 5225 1134 5280 Editio
1166 5219 1352 5280 Paris.
1399 5223 1593 5298 ἀνεῖται
1622 5228 1688 5276 τὰ
1716 5228 1863 5298 πρός.
1979 5219 2098 5298 que
2120 5219 2549 5298 mss._d‘iauoun',

481 5297 637 5376 Editi
666 5303 722 5352 et
769 5302 1110 5376 tres.‘_mss.
1170 5301 1420 5376 tria-emi
1449 5290 1866 5376 δορυφορούσης,

2013 5290 2016 5297 ’
2051 5300 2157 5376 (8t_)
2187 5295 2294 5350 Ubi
2317 5300 2372 5348 et
2402 5290 2660 5376 in'e‘ditis
2684 5297 2739 5376 et
2764 5292 2822 5346 in
2848 5306 2994 5344 mss.
3033 5296 3377 5376 constanter
3415 5290 3627 5376 legit-ur

257 5360 739 5441 muniet-cutura
761 5383 868 5441 nos
884 5368 1360 5441 stipantqmate.
1385 5360 1544 5432 Regii
1559 5360 1717 5441 prim
1729 5385 1794 5421 us
1817 5372 1871 5420 et

2014 5360 2330 5441 πάρξαντας,
2398 5363 2478 5417 ibi
2521 5362 2846 5441 legendum
2899 5377 3029 5441 esse
3073 5360 3407 5441 uiroépiavrug
3449 5360 3628 5441 putat

256 5440 474 5496 tertius
506 5457 643 5494 cum
666 5439 914 5494 duobus
931 5433 1278 5514 Colbertinis
1308 5442 1522 5514 κτίσεως
1546 5433 1871 5512 δωροφορού-
1979 5433 2376 5514 Combetisius
2401 5452 2412 5488 :
2435 5433 2603 5514 quisi
2625 5450 2820 5514 suain.
2853 5433 3495 5514 conjecturamxeteri's
3528 5433 3629 5489 ali-

261 5531 388 5576 πε,
417 5513 584 5566 omni
610 5516 898 5567 creatura
917 5509 1087 5565 donis
1113 5525 1184 5566 ac
1197 5510 1537 5565 muneribus
1552 5503 1871 5566 no'sc'uinu-
1977 5511 2150 5584 cujus
2173 5505 2308 5584 libri
2341 5503 2680 5584 testimonio
2711 5503 3115 5584 stabilivisset,
3141 5522 3252 5561 nos
3300 5506 3468 5562 nullo
3520 5521 3626 5563 ne-

259 5585 453 5650 lante,
485 5588 663 5639 recte.
1976 5577 2138 5650 go'tio
2169 5577 2524 5636 adduxisset
2550 5577 2611 5631 in
2643 5579 3002 5635 sententiam
3045 5594 3244 5637 suam.
