4088 6194
481 321 585 374 255

1857 315 1916 372 S.
1957 310 2205 368 BASlLIl
2244 310 2466 365 MAGNI

3726 311 3833 362 256

474 441 578 497 tibi
611 445 813 497 tamen
842 441 1020 496 veluti
1046 444 1148 496 tua
1191 439 1360 496 danti
1399 438 1656 509 gratiam
1703 438 1998 506 integram
2035 451 2123 491 re-

2240 438 2360 506 ὴμῖν
2404 449 2416 498 ;
2462 431 2538 487 Ού
2595 435 2699 507 γὰρ
2755 431 2969 506 ἀφίεμαι
3019 440 3116 494 τῆς
3170 439 3342 504 φωνῆς
3391 437 3482 482 τοῦ
3532 437 3830 505 Προφήτου,

474 529 602 585 fert.
639 529 794 596 Quid
812 528 992 596 igitur
1019 529 1414 584 retribuemus
1445 528 1696 582 Domino
1711 543 1826 596 pro
1853 525 2124 582 omnibus

473 634 605 688 qua:
633 618 908 674 retribuit
929 618 1095 673 nobis
1127 618 1153 671 ?
1176 621 1302 672 Non
1325 616 1484 672 enim
1511 615 1724 672 desero
1745 631 1959 670 vocem
1986 617 2124 668 Pro-

475 707 896 780 pheta.probe
926 706 1358 776 addubitantis,
1405 721 1475 761 ac
1505 704 1777 777 inopiam
1810 719 1988 759 suam
2019 701 2124 758 cir-

475 795 946 868 cumspicientis,
971 795 1080 867 41
1116 795 1295 850 talem
1327 795 1600 851 videlicet
1629 795 1682 850 ei
1707 799 1771 849 ut
1799 792 1948 848 nihil
1979 808 2127 863 sup-

475 890 697 956 peteret
719 885 972 954 dignuin
993 884 1160 956 quod
1184 884 1624 940 retribue‘retur.
1653 883 1942 938 Dominus
1963 880 2125 936 enim

475 982 612 1046 post
639 972 933 1028 beneficia
963 972 1118 1029 adeo
1146 989 1371 1042 magna
1402 972 1864 1045 splendidaque,
1901 985 2010 1024 nec
2042 975 2125 1025 ta-

474 1077 615 1116 men
652 1061 818 1116 omni
841 1077 1057 1131 genere
1089 1061 1458 1134 prastantia,
1490 1060 1666 1116 nobis
1698 1061 1759 1115 in
1817 1064 2125 1132 posterum

471 1149 661 1205 multo
683 1151 918 1220 majora
933 1150 1267 1222 pollicetur,
1281 1150 1550 1222 paradisi
1571 1148 1839 1216 delicias,
1853 1147 2125 1203 dandam

468 1238 532 1294 in
553 1254 739 1308 regno
771 1239 1048 1309 gloriam,
1081 1239 1344 1295 honores
1371 1237 1731 1307 angelorum
1792 1236 2126 1292 honoribus

471 1325 639 1381 haud
667 1327 955 1397 impares,
985 1326 1245 1398 denique
1270 1327 1371 1381 Dei
1398 1326 1806 1396 cognitionem
1835 1343 1847 1380 :
1871 1324 1934 1380 id
1958 1323 2128 1396 quod

469 1414 564 1482 iis,
594 1415 696 1487 qui
723 1415 892 1484 digni
921 1415 1110 1470 habiti
1143 1420 1303 1477 sunt,
1328 1431 1637 1470 summum
1662 1422 1890 1470 bonum
1911 1419 2039 1478 est;
2064 1413 2124 1469 id

473 1505 640 1576 quod
687 1504 882 1560 omnis
937 1511 1155 1560 natura
1203 1504 1432 1560 ratione
1485 1504 1737 1576 pradita
1778 1503 1999 1576 expetit
2029 1503 2126 1571 ;id

473 1592 642 1664 quod
663 1593 894 1648 utinam
924 1598 981 1648 et
1009 1609 1142 1660 nos,
1183 1593 1289 1649 ubi
1319 1609 1356 1650 a
1383 1593 1581 1649 carnis
1628 1592 1943 1648 affectibus
1990 1608 2129 1647 nos-

475 1681 763 1752 metipsos
785 1699 854 1738 ex
865 1682 1247 1753 purgaverim
1259 1699 1348 1747 us,
1364 1683 1794 1754 adipiscamur.
1809 1680 2125 1747 Quomodo

473 1770 672 1840 igitur,
708 1772 1192 1845 inquietaliquis,
1224 1772 1815 1828 commiserationem
1845 1772 2126 1827 socialem
2160 1791 2198 1844 Β

476 1864 654 1931 atque
681 1861 1034 1916 charitatem
1067 1861 1255 1933 (quod
1287 1861 1590 1918 bonorum
1639 1861 1903 1931 primum
1933 1864 2023 1916 est
2072 1865 2129 1916 et

477 1948 1005 2018 perlectissimum,
1028 1965 1164 2005 cum
1187 1949 1496 2022 plenitudo
1525 1949 1672 2019 legis
1693 1949 1929 2004 dilectio
1961 1949 2034 2004 sit
2056 1951 2128 2018 Π)

2234 521 2402 585 καλῶς
2459 521 2794 597 ἀποροῦντος,
2849 527 2940 575 καὶ
3011 528 3451 594 περισκοποῦντος
3499 521 3684 574 ἑαυτοῦ
3740 526 3834 580 τὴν

2234 618 2428 671 πενίαν,
2489 615 2571 665 ὅτι
2628 608 2778 665 οὐδὲν
2840 614 2953 683 ἔχει
3003 615 3136 685 πρὸς
3192 607 3459 662 ἀντίδοσιν
3518 609 3680 674 ἀξιον.
3738 609 3835 673 ’ος

2234 698 2310 774 ἔφ’
2367 701 2500 753 οὕτω
2547 701 2799 773 μεγάλαις
2866 706 2957 753 καὶ⁹
3011 699 3274 772 λαμπραῖς
3341 698 3678 772 εὐεργεσίαις,
3740 699 3835 750 ού-

2233 799 2414 862 μενοῦν
2464 789 2718 862 ἐχούσαις
2766 787 3074 863 ὑπερϐολὴν,
3122 787 3543 840 πολλαπλασίονα
3572 791 3695 860 ἡμῖν
3718 788 3838 858 (83)

2233 881 2299 930 τὰ
2345 879 2417 940 εἰς
2472 880 2685 951 ὕστερον
2760 877 3144 949 ἐπαγγᾶλλεταιο
3220 872 3546 950 παραδείσου
3611 880 3833 949 τρυφὴν,

2233 972 2323 1020 καὶ
2371 963 2528 1029 δόξαν
2577 966 2625 1018 ἐν
2675 966 2943 1039 βασιλείᾳ,
3003 971 3092 1018 καὶ
3161 965 3465 1036 ἰσαγγέλονς
3517 969 3694 1037 τιμὰς,
3745 968 3838 1016 καὶ

2235 1063 2370 1110 Θεοῦ
2425 1060 2763 1114 κατανόησιν
2832 1058 2952 1129 ὅπερ
2998 1062 3108 1115 τοῖς
3157 1052 3426 1116 ἀξιωθεῖσι
3478 1063 3576 1106 τῶν
3627 1053 3838 1124 ἀγαθῶν

2235 1143 2348 1198 ἐστι
2384 1148 2442 1196 τό
2484 1143 2794 1220 ἀκρότατονο
2851 1144 2910 1196 οὗ
2962 1150 3110 1197 πᾶσα
3159 1142 3354 1214 ἐφίεται
3409 1142 3592 1214 λογικὴ
3650 1145 3832 1214 φύσις·

2235 1234 2295 1288 οὗ
2343 1239 2431 1286 καὶ
2473 1237 2623 1307 ἡμεῖς
2665 1233 3022 1306 ἄπιτύχοιμεν,
3079 1231 3134 1285 ἐκ
3180 1241 3278 1284 τῶν
3308 1234 3485 1285 παθῶν
3516 1240 3611 1292 τῆς
3642 1234 3840 1305 σαρκός

2236 1323 2449 1386 ἑαυτούς
2499 1321 2892 1398 ἐκκαθάραντες.
2945 1329 3062 1383 Πῶς
3121 1317 3230 1388 οὖν,
3291 1326 3441 1392 φησὶ,
3496 1325 3553 1372 τὸ
3596 1339 3839 1372 κοινωνι-

2234 1415 2323 1464 κόν
2370 1416 2458 1464 καὶ
2512 1411 2846 1484 φιλόστοργον
2909 1411 2953 1480 (ὃ
3011 1414 3211 1484 πρῶτόν
3287 1408 3399 1462 ἑστι
3475 1417 3574 1462 τῶν
3632 1407 3840 1481 ἀγαθῶν

2234 1505 2324 1552 καὶ
2387 1499 2720 1566 τελειότατον,
2795 1496 2933 1552 διότι
3002 1499 3259 1573 πλήρωμα
3314 1503 3473 1570 νόμου
3512 1500 3542 1555 ἠ
3600 1496 3830 1568 ἀγάπη)⁶

2234 1593 2365 1664 πρὸς
2435 1594 2555 1652 τοὺς
2626 1589 2849 1646 πλησίον
2919 1586 3284 1661 ἐπιδειξόμεθα
3333 1605 3347 1654 ;
3397 1584 3660 1654 Ἐπειδὰν,
3706 1591 3842 1662 πρός

2236 1697 2380 1740 τινας
2435 1681 2534 1731 ύπό
2599 1678 2836 1751 μεγάλων
2907 1687 3183 1750 συμφορῶν
3243 1681 3626 1749 κατεχομένους
3682 1675 3842 1729 εἰσελ-

2240 1771 2430 1834 θόντες,
2481 1772 2552 1840 μὴ
2610 1768 2970 1840 συγκλαίωμεν
3002 1767 3197 1832 αὐτοῖς,
3230 1763 3370 1839 μηδε
3409 1763 3841 1840 συνδακρύωμεν,

2240 1855 2347 1908 ἀλλ’
2396 1857 2792 1930 εύχαριστῶμεν
2851 1855 2934 1909 ἐπὶ
2989 1863 3099 1917 τοῖς
3149 1861 3461 1928 γενομένοις.
3521 1855 3724 1908 Οἰκείον
3745 1857 3838 1926 μεν

2237 1949 2338 2018 γὰρ
2415 1947 2581 2007 πάθος
2656 1945 2765 2017 μετ’
2835 1945 3180 2019 εὐχαριστίας
3219 1946 3511 2015 ὑπενεγκεῖν
3568 1946 3837 2015 ὑπομονῆς

2241 2039 2353 2105 ἔχει
2414 2040 2503 2087 καὶ
2558 2039 2833 2108 καρτερίας
2883 2031 3150 2096 ἀπόδειξιν
3175 2036 3309 2103 (84)·
3344 2033 3419 2086 ἐπ’
3467 2033 3760 2107 ἀλλοτρίαις
3783 2029 3845 2086 δὲ

2243 2132 2537 2198 συμφοραῖς
2589 2124 2926 2196 εὐχαριστεῖν
2973 2132 3044 2194 τῷ
3113 2131 3226 2194 Θεῷ
3292 2121 3658 2197 ἐπιχαίροντός
3728 2120 3845 2174 ἐστι

2241 2214 2350 2272 τοῖς
2413 2220 2596 2274 κακοῖς
2676 2217 2766 2264 καὶ
2825 2213 3202 2286 παροξύνοντος
3279 2216 3400 2274 τούς
3467 2211 3842 2282 λυπουμένους·

2241 2306 2332 2352 καὶ
2396 2310 2563 2352 ταῦτα
2607 2309 2698 2352 τοῦ
2756 2300 3073 2355 Ἀποστόλου
3113 2299 3474 2374 ἐπιτρέποντος
3495 2303 3617 2372 ἡμῖν
3647 2298 3844 2350 κλαίειν

478 2052 760 2107 proxnmo
787 2043 996 2093 nostro
1027 2055 1236 2094 sumus
1267 2039 1566 2094 ostensuri
1598 2039 1626 2093 (Ξ
1654 2038 1950 2105 Quoniam
1973 2039 2023 2093 si
2053 2037 2132 2093 ad

479 2124 712 2196 aliquos
733 2127 972 2194 magnis
1004 2126 1452 2183 calamitatibus
1482 2143 1552 2182 ac
1581 2127 1867 2182 arumnis
1885 2142 2132 2198 oppres-

480 2230 578 2269 sos
593 2214 980 2280 accedamus,
995 2231 1387 2287 nequaquam
1400 2232 1538 2271 cum
1553 2216 1700 2287 ipsis
1717 2215 2018 2284 ﬂebimus,
2031 2221 2134 2272 aut

478 2303 1074 2374 collacrymabimus;
1107 2303 1224 2359 imo
1246 2304 1321 2360 de
1352 2305 1444 2372 iis,
1465 2320 1603 2376 qua
1625 2304 1975 2367 acciderint;
1997 2319 2136 2372 age—-

477 2409 612 2446 mus
645 2394 891 2460 gratias.
923 2399 1001 2448 Ac
1031 2393 1279 2464 quidem
1313 2409 1490 2448 suam
1521 2393 1711 2466 ipsius
1745 2393 2132 2449 aﬂlictionem

477 2497 616 2536 cum
645 2480 972 2552 gratiarum
1013 2481 1246 2538 actione
1271 2481 1554 2555 perferre,
1584 2482 1888 2554 patientia
1930 2487 2024 2537 est
2053 2488 2136 2538 at-

475 2585 595 2642 que
622 2570 978 2625 constantia
1015 2577 1443 2641 argumentum
1477 2589 1489 2637 ;
1524 2570 1629 2626 sed
1657 2586 1766 2641 pro
1788 2569 2138 2626 calamitati-

475 2655 591 2712 bus
645 2657 856 2715 alienis
907 2662 1026 2715 Deo
1069 2660 1324 2728 gratiam
1370 2659 1616 2723 habere,
1654 2658 1999 2714 insultantis
2047 2661 2140 2714 est

477 2746 654 2801 malis
680 2746 886 2802 alienis
912 2754 969 2804 et
995 2747 1280 2804 irritantis
1307 2747 1583 2812 afﬂictos,
1612 2749 1940 2820 prasertim
1997 2764 2136 2804 cum

476 2833 556 2889 ab
581 2836 865 2906 Apostolo
886 2837 1210 2907 jubeamur
1239 2853 1379 2892 cum
1410 2836 1693 2892 ﬂentibus
1717 2837 1857 2893 ﬂere
1883 2839 1949 2893 τε.
1981 2838 2134 2904 Quid

475 2923 655 2993 igitur
674 2924 754 2979 ad
773 2925 901 2980 hac
923 2927 1194 2982 dicemus
1215 2927 1242 2981 ‘I
1266 2930 1441 2982 Estne
1461 2943 1677 2982 rursus
1699 2943 1945 2982 necesse
1966 2927 2137 2983 vobis
2243 2924 2322 2977 ἐπ’
2401 2924 2504 2997 ἐμὶ,

477 3013 537 3067 in
566 3015 922 3071 memoriam
951 3016 1233 3072 reducere
1261 3017 1718 3082 Dominiverba,
1741 3016 2127 3088 quibusjussi

2244 3013 2445 3066 Ούκοῦν
2515 3009 2742 3074 δικαίοις
2800 3015 2890 3085 μὲν
2950 3017 3240 3086 συσκιρτᾴν
3297 3017 3388 3064 καὶ
3430 3011 3848 3084 συναγείλλεσθαι

478 3118 690 3158 sumus
711 3103 771 3161 in
794 3104 1098 3176 aliquibus
1133 3105 1421 3174 gaudere,
1446 3105 1507 3161 in
1531 3105 1834 3177 aliquibus
1881 3105 2127 3175 lugere?

2243 3105 2269 3155 ὁ
2346 3105 2480 3164 θεῖος
2547 3102 2698 3174 λόγος
2769 3104 2885 3171 (86)
2945 3103 3069 3174 ἡμῖν
3137 3101 3416 3176 ἐπιτρέπει,
3487 3109 3598 3162 τοῖς
3664 3097 3722 3152 δέ
3788 3099 3847 3151 ἐκ

479 3191 768 3259 Gaudete,
787 3193 999 3265 inquit,
1015 3198 1068 3250 et
1088 3195 1388 3250 exsultate
1399 3196 1680 3265 quoniam
1700 3210 1914 3250 merces
1936 3201 2127 3251 vestra

2241 3196 2515 3263 μετανοίας
2573 3190 2770 3262 ἀφιεῖσι
2819 3187 3048 3263 δάκρυον
3108 3192 3416 3262 συμπενθεῖν
3471 3195 3560 3242 καὶ
3612 3184 3845 3240 συνοδύ-

478 3284 715 3349 copiosa
739 3284 903 3338 estin
927 3284 1092 3339 caelis
1113 3285 1183 3338 79.
1210 3286 1275 3338 Et
1299 3283 1512 3338 iterum
1541 3301 1552 3337 :
1576 3283 1753 3338 Filia
1772 3285 2130 3347 Jerusalem,

476 3371 664 3426 nolite
675 3373 822 3440 ﬂere
838 3387 1019 3440 super
1034 3387 1142 3440 me,
1166 3373 1270 3428 sed
1288 3374 1424 3441 ﬂete
1442 3388 1624 3442 super
1636 3373 1793 3440 ﬁlios
1817 3379 2040 3428 vestros
2061 3374 2127 3427 ⁸ο.

2245 3374 2388 3439 σθαι,
2423 3374 2503 3423 ὅτι
2533 3367 2656 3423 οὐδὲ
2685 3374 2838 3423 ἴσασι
2867 3379 2977 3430 πῶς
3003 3369 3338 3423 ἀπόλλυνται.

478 3460 681 3530 Itaque
712 3461 984 3532 pracipit
1012 3460 1185 3516 nobis
1217 3476 1419 3516 sermo
1449 3460 1718 3524 divinus,
1746 3467 1809 3515 ut
1839 3477 1978 3516 cum
2014 3461 2192 3532 justis
2213 3461 2461 3534 quidem
2495 3459 2870 3516 exsultemus
2890 3475 2960 3515 ac
2988 3459 3262 3515 latemur
3291 3478 3305 3527 ;
3335 3458 3659 3529 lugeamus
3703 3472 3847 3514 vero

474 3549 530 3600 et
570 3545 964 3604 lamentemur
1001 3565 1142 3604 cum
1181 3549 1252 3603 iis
1297 3549 1402 3620 qui
1431 3565 1504 3603 ex
1549 3549 1904 3621 panitentia
1957 3549 2278 3606 effundunt
2326 3549 2634 3622 lacrymas
2666 3567 2680 3604 :
2716 3554 2819 3604 aut
2847 3549 3028 3604 etiam
3079 3563 3182 3604 eos
3225 3549 3330 3620 qui
3369 3547 3559 3603 multo
3611 3545 3843 3602 doloris

2242 2393 2374 2462 μετὰ
2429 2389 2726 2443 κλαιόντων.
2787 2394 2851 2442 Τί
2907 2386 2998 2441 οὖν
3052 2389 3260 2464 ἐροῦμεν
3318 2394 3448 2463 πρὸς
3503 2397 3726 2458 ταῦτα;
3773 2387 3844 2440 Ἦ

2241 2478 2396 2530 πάλιν
2461 2477 2757 2548 ἀναγκαίως
2820 2486 2919 2529 τῶν
2990 2486 3082 2530 τοῦ
3161 2483 3348 2552 Κυρίον
3399 2478 3564 2548 λόγων
3613 2479 3847 2549 ὑπομνή-

2247 2588 2400 2641 σομεν
2449 2571 2584 2640 ὑμᾶς
2635 2571 2768 2638 (85),
2818 2574 2880 2622 πὶ
2949 2566 3085 2620 ὶτίσι
3137 2574 3345 2643 χαίρειν
3383 2569 3843 2642 προσοτάχθηρεν,

2991 2662 3228 2731 Χαίρετε,
3309 2662 3459 2729 φησὶ,
3529 2661 3618 2709 καὶ
3677 2654 3846 2726 ἀγαλ-

2243 2746 2446 2812 λιᾶσθε,
2514 2748 2593 2798 ὅτι
2646 2748 2670 2797 ό
2723 2748 2916 2818 μισθὸς
2967 2750 3109 2818 ὑμῶν
3157 2745 3316 2807 πολὺς
3385 2744 3433 2796 ἕν
3507 2752 3617 2806 τοῖς
3692 2744 3849 2817 ούρα-

2241 2843 2367 2897 νοῖς·
2423 2839 2512 2886 καὶ
2567 2834 2740 2886 πάλινο
2801 2839 3093 2907 Θυγατέρες
3143 2833 3502 2907 Ἰερουσαλὴμ,
3543 2837 3614 2906 μὴ
3643 2832 3849 2884 κλαίετε

2591 2923 2718 2975 ἀλλά
2793 2924 3054 2975 κλαύσατε
3137 2922 3221 2976 ἐπὶ
3297 2926 3364 2975 τὰ
3444 2927 3597 2976 τέκνα
3677 2923 3843 2994 ὑμῶν.

2243 2664 2334 2710 καὶ
2381 2656 2463 2710 ἕπὶ
2518 2677 2630 2709 τισι
2673 2659 2870 2709 πενθεῖν
2922 2675 2935 2720 ;

2242 3283 2446 3355 ρεσθαι,
2493 3283 2522 3340 ἡ
2583 3285 2705 3341 τοὺς
2759 3278 3060 3351 ἀναλγήτως
3136 3275 3496 3352 διακειμένους
3571 3277 3847 3331 ἀποκλαιε-

475 3650 660 3691 sensu
682 3641 1027 3706 tanguntur,
1069 3637 1476 3709 deploremus,
1508 3637 1676 3710 quod
1704 3638 1894 3710 perire
1929 3654 1993 3693 se
2015 3654 2092 3694 ne
2115 3638 2452 3709 intelligant
2481 3638 2750 3710 quidem.

533 3727 583 3778 8.
603 3726 894 3780 Caeterum
908 3725 1251 3797 implevisse
1269 3725 1626 3782 mandatum
1641 3726 2126 3798 haudquaquam

473 3812 782 3883 putandus
808 3820 898 3868 est
941 3815 1047 3886 qui
1067 3814 1386 3871 hominum
1431 3820 1689 3870 mortem
1730 3814 2025 3887 deplorat,
2073 3820 2130 3870 et

473 3916 611 3956 cum
631 3901 976 3972 lugentibus
997 3903 1120 3959 edit
1139 3904 1488 3961 clamorem.
1514 3909 1715 3977 Neque
1737 3905 1895 3960 enim
1918 3904 2128 3960 lauda-

471 3990 661 4045 verim
684 3991 1010 4059 medicum,
1036 3993 1300 4064 quicum
1323 4009 1503 4065 opem
1523 3993 1956 4063 aegrotantibus
1975 3992 2127 4049 ferre

471 4079 736 4148 deberet,
759 4081 986 4136 morbis
1009 4081 1138 4153 ipse
1161 4083 1488 4154 repleretur
1513 4101 1524 4149 ;
1550 4098 1745 4155 neque
1771 4083 2126 4138 nauclerum

471 4168 575 4240 qui
608 4185 748 4225 cum
777 4169 1025 4225 deberet
1053 4169 1485 4239 navigantibus
1515 4186 1801 4242 praesse,
1835 4170 2126 4224 adversus

469 4262 683 4313 ventos
711 4273 1005 4329 pugnare,
1026 4257 1246 4313 ﬂuctus
1267 4258 1542 4327 vitaretac
1568 4258 1904 4314 timidiores
1946 4257 2124 4313 solari

2308 3731 2363 3783 8.
2396 3728 2540 3798 Οὐχὶ
2599 3723 2659 3779 δε
2715 3725 2797 3779 ἐπὶ
2833 3728 3033 3797 θανάτῳ
3065 3723 3344 3800 ἀνθρώπων
3375 3724 3838 3778 κατακλαύσανταν

2236 3821 2326 3867 καὶ
2383 3815 2498 3885 (87)
2555 3813 2978 3872 συνεκϐοίισαντα
3033 3820 3144 3874 τοῖς
3225 3815 3495 3880 πενθοῦσι,
3558 3812 3839 3888 πληρωτὴν

2236 3910 2489 3978 προσήκει
2565 3907 2794 3975 νομίζειν
2859 3899 2987 3954 εἶναι
3050 3909 3144 3963 τῆς
3222 3900 3446 3962 ἐντολῆς.
3531 3903 3663 3953 Οὔτε
3731 3905 3839 3975 γὰρ

2239 3993 2412 4066 ἰατρὸν
2472 3990 2681 4058 ἕπαινῶ,
2724 3995 2811 4042 τὸν
2870 3989 2984 4042 ἀντί
3027 3998 3118 4042 τοῦ
3147 3989 3358 4063 βοηθεῖν
3389 3997 3499 4050 τοῖς
3527 3993 3838 4062 κάμνουσιν,

2237 4081 2392 4132 αὐτόν
2441 4089 2540 4132 τῶν
2607 4081 2916 4150 νοσημάτων
2983 4078 3456 4151 ἀναπιμπλάμενον·
3508 4083 3622 4130 οὔτε
3660 4077 3846 4150 κυϐερ-

2235 4174 2418 4230 νήτην,
2469 4167 2582 4220 ἀντὶ
2629 4176 2721 4220 τοῦ
2769 4176 2974 4242 κρατεῖν
3033 4177 3132 4219 τῶν
3204 4167 3540 4240 ἐμπλεόντων,
3595 4172 3682 4218 καὶ
3730 4175 3846 4228 τοῖς

2236 4261 2496 4330 πνεύμασι
2535 4258 2829 4330 μάχεσθαι,
2875 4261 2964 4308 καὶ
3014 4253 3312 4328 διαφεύγειν
3369 4260 3435 4308 τά
3489 4260 3715 4328 κύματα,
3748 4262 3846 4309 καὶ

471 4352 789 4402 nausearet
818 4346 968 4418 ipse,
994 4353 1050 4403 et
1081 4364 1202 4403 una
1228 4364 1367 4404 cum
1397 4347 1467 4402 iis
1491 4347 1596 4420 qui
1625 4347 1710 4402 rei
1732 4347 1988 4402 nautica
2020 4347 2124 4402 im-

2240 4348 2660 4419 παραμυθεῖσθαι
2699 4350 2819 4406 τοὺς
2863 4342 3201 4420 δειλοτέρους,
3252 4355 3540 4397 ναυτιῶντα
3582 4350 3671 4397 καὶ
3721 4364 3847 4396 συν-

471 4433 644 4504 periti
679 4441 836 4505 sunt,
865 4436 1070 4492 animo
1102 4437 1460 4493 concideret.
1497 4437 1804 4508 Ejusmodi
1841 4442 1928 4492 est
1965 4437 2127 4508 quis-

468 4521 606 4594 quis
636 4522 760 4578 adit
787 4523 1079 4591 lugentes,
1103 4541 1214 4580 nec
1255 4531 1456 4581 tamen
1514 4526 1747 4582 ratione
1797 4541 1908 4580 sua
1957 4541 2124 4593 usus,

468 4609 809 4682 quidquam
838 4612 925 4667 eis
953 4613 1218 4685 impertit
1241 4614 1631 4670 emolumenti
1655 4633 1669 4682 ;
1700 4614 1804 4669 sed
1829 4614 2028 4687 potius
2055 4629 2127 4669 ex
2165 4660 2172 4668 .

470 4699 680 4756 alienis
707 4700 1021 4756 atiectibus
1042 4703 1306 4758 dedecus
1329 4705 1644 4760 contrahit.
1670 4705 1784 4759 Par
1807 4705 1986 4772 igitur
2006 4703 2128 4759 fue-

467 4789 542 4846 rit
569 4789 644 4844 de
674 4789 884 4846 alienis
926 4790 1376 4847 calamitatibus
1421 4809 1490 4848 ac
1522 4793 1807 4848 arumnis
1829 4793 2123 4848 afﬂictari.

469 4881 618 4936 Nam
639 4877 753 4934 hoc
783 4884 960 4952 pacto
989 4879 1348 4936 alllictorum
1373 4881 1804 4937 conciliaturas
1825 4880 1928 4936 tibi
1955 4896 2018 4936 es
2042 4881 2124 4936 fa-

537 5004 583 5039 ’⁸⁷
608 5005 776 5060 Rom.
800 5019 928 5071 XIII,
964 5007 1049 5062 t0.
1122 5005 1171 5038 τε
1201 5007 1370 5061 Rom.
1400 5020 1502 5072 xu,
1540 5008 1621 5059 t5.

540 5128 654 5204 (82)
682 5127 929 5204 quices
961 5127 1455 5204 aliquot_uzé3ur6v
1485 5147 1595 5204 σοι.

538 5201 647 5270 (83)
681 5199 869 5256 Editio
899 5199 1085 5270 Paris.
1130 5199 1548 5253 πολλαπλασίονα
1609 5218 1685 5252 σε.
1750 5200 1911 5270 Unus
1968 5214 2116 5252 mss.

470 5268 895 5329 πολλαπλασίονα
925 5268 1003 5326 δέ.
1033 5271 1197 5326 Alius
1237 5271 1657 5324 πολλαπλασίονα
1686 5290 1756 5325 τε.
1808 5269 1918 5325 Alii
1976 5285 2122 5342 qua_-

469 5344 604 5414 tuor
633 5341 798 5397 nulla
822 5359 883 5397 re
923 5343 1234 5413 interjecta
1282 5342 1698 5395 πολλαπλασίονα
1744 5343 1889 5414 ἡμῖν,
1952 5339 2119 5396 Haud

466 5410 654 5488 longe
673 5419 790 5488 tres
819 5430 962 5468 mss.
995 5410 1213 5488 1'91}de

543 5485 663 5558 (84)
698 5485 842 5558 βόε.
878 5481 1182 5558 secundus
1208 5491 1482 5558 καρτερίας
1514 5481 1794 5558 Mang

541 5556 656 5623 (85)
697 5556 930 5628 Veteres
976 5557 1227 5628 quidam
1277 5556 1418 5611 libri
1459 5562 1515 5612 et
1556 5556 1698 5611 editi
1754 5557 2118 5628 ὑπομνήσομεν

467 5629 700 5693 έαυτούς.
735 5625 846 5681 Alii
877 5625 1013 5680 tres’
1047 5643 1192 5683 mss.
1225 5629 1590 5704 ὑπομνήσομεν
1649 5628 1801 5698 ὑμᾶς.
1837 5625 1950 5681 Pro
1985 5627 2118 5678 ύπο-

1699 5005 1747 5038 ⁷³
1775 5003 1974 5061 Matth.
1998 5019 2058 5072 ν,
2093 5006 2179 5058 l2.

2238 4435 2459 4487 αλύοντα
2490 4443 2599 4495 τοῖς
2653 4433 3135 4508 ἀπειροοαλάττοις.
3185 4441 3432 4496 Τοιοῦτος
3481 4436 3582 4508 γάρ
3633 4433 3772 4485 ἐστιν
3815 4436 3844 4486 ό

2235 4529 2366 4599 πρὸς
2422 4528 2540 4586 τούς
2589 4525 2900 4584 πενθοῦντας
2945 4526 3140 4589 εἰσιὼν,
3194 4528 3284 4575 καί
3331 4524 3401 4596 μῆ
3459 4531 3554 4584 τῆς
3619 4522 3673 4574 ἐκ
3742 4531 3842 4575 τοῦ

2235 4614 2426 4666 οἰκείου
2478 4613 2636 4684 λόγοῦ
2693 4611 2936 4682 ὠφελείας
2986 4609 3327 4684 μεταδιδοὺς,
3364 4611 3492 4663 ἀλλὰ
3519 4621 3615 4673 τῆς
3657 4609 3712 4662 ἐκ
3737 4620 3843 4662 τῶν

2236 4702 2513 4777 ἀλλοτρίων
2561 4703 2740 4754 παθῶν
2799 4699 3187 4773 ἀσχημοσύνης
3225 4699 3649 4773 μεταλαμϐάνων.
3683 4699 3840 4751 Ἐπι-

2237 4791 2540 4862 στυγνάξειν
2609 4793 2698 4862 μεν
2761 4786 2849 4842 οὖν
2923 4798 3040 4851 ταῖς
3093 4798 3388 4864 συμφοραῖς
3441 4797 3540 4841 τῶν
3596 4789 3843 4840 πενθούν-

2233 4900 2332 4932 των
2365 4881 2497 4950 (88),
2546 4877 2846 4933 ἀκόλουθον.
2901 4879 3052 4931 Οὕτω
3096 4881 3194 4952 γὰρ
3229 4879 3406 4931 ἑαυτὸν
3447 4877 3688 4949 οἰκειώση
3726 4884 3844 4938 τοίς

2256 5003 2303 5037 ⁸ο
2347 5005 2481 5058 Luc.
2527 5016 2679 5069 χχιιι,
2707 5001 2798 5058 28.

2231 5131 2329 5198 μνὴ
2341 5145 2493 5198 σομεν
2525 5124 2586 5198 in
2612 5123 3100 5198 aliquibusmss.
3118 5122 3334 5193 legitur
3362 5125 3760 5198 ὑπομνήσωμεν.

2302 5193 2416 5267 (86)
2449 5196 2691 5267 Antiqui
2714 5193 2847 5251 'tres
2896 5193 3032 5250 libri
3076 5197 3215 5267 θεῖος
3242 5199 3418 5267 νόμος,
3453 5193 3552 5267 lex
3594 5193 3839 5267 diving.

2302 5213 2416 5267 (δοι
2449 5213 2581 5251 Anu
2631 5213 2691 5250 ιιι
2731 5213 2847 5251 [res
2897 5213 3032 5250 llDl‘l
3083 5213 3215 5255 υειος
3242 5213 3418 5267 νομός,
3453 5213 3552 5250 tea:
3605 5213 3839 5249 awma.

2231 5338 2288 5393 ό.
2307 5271 2416 5339 (87)
2439 5213 2722 5322 Vocu(iam
2757 5271 2846 5318 καί
2868 5281 2941 5321 ex
2961 5265 3226 5338 antiquis
3257 5265 3448 5320 tribus
3473 5264 3640 5320 libris
3662 5263 3842 5319 addi-

2275 5355 2453 5393 imus.

2275 5355 2453 5395 lmllS.

2306 5412 2419 5477 (88)
2467 5413 2607 5478 Reg.
2650 5408 2858 5464 tertius
2904 5412 2961 5462 et
3005 5407 3105 5462 alii
3164 5406 3286 5462 duo
3335 5423 3478 5462 mss.
3511 5405 3842 5461 Colbertini

2234 5489 2527 5554 συμφοραῖς
2580 5489 2697 5554 Δτῷν
2777 5480 3162 5554 πεπονθότων.-
3185 5481 3311 5554 ᾃξςιχ
3352 5483 3633 5554 quatuor
3686 5494 3838 5532 mss.

2231 5548 2498 5627 οἰκείωσις).
2533 5550 2642 5606 Alii
2668 5557 2783 5607 tres
2811 5549 3084 5603 οἰκειώσει.
3123 5548 3276 5604 Editi
3315 5548 3618 5610 οἰκειώσεις.
