4088 6194
439 250 547 302 259

1761 244 1820 301 S.
1860 239 2117 299 BASILII
2154 242 2390 298 MAGNI.

3693 251 3800 304 260

437 371 591 427 Talis
619 374 747 426 erat
769 369 873 442 qui
899 368 1175 424 dicebat:
1229 369 1492 439 Defectio
1545 370 1736 425 animi
1765 372 1956 425 tenuit
1997 384 2069 422 nu

2204 371 2290 418 τόν
2338 363 2556 439 ἀδελφόν
2606 366 2939 441 ἀπωδύρατο.
2973 374 3216 429 Τοιοῦτος
3256 365 3368 442 ᾖνό
3407 371 3565 442 λέγων
3592 393 3603 404 ’
3636 371 3797 426 Ἀθυ-

433 477 546 528 pro
577 459 985 528 peccatoribus
1015 458 1571 528 derelinquentibus
1622 458 1800 527 legem
1833 457 2086 512 tuam“.

440 553 597 619 Luge
610 548 835 621 peccati
849 547 1271 603 causa.Anime
1284 546 1640 616 agritudino
1653 552 1740 602 est
1753 549 2088 618 peccatum;

437 654 602 694 mors
625 639 943 692 estanima
964 634 1325 690 immortalis
1351 651 1366 699 ;
1390 643 1704 705 peccatum
1722 635 1888 690 luctu
1907 639 2091 705 atque

433 727 770 800 irrequietis
798 725 1075 780 lamentis
1105 725 1358 794 dignum
1385 730 1496 780 est.
1531 725 1618 780 Ob
1648 725 1764 780 hoc
1792 723 1984 779 ﬂuant
2010 722 2088 779 la-

435 832 659 888 cryma
701 829 930 879 omnes,
963 829 1073 868 nec
1105 819 1346 869 cessent
1383 814 1522 869 duci
1563 829 1635 868 ex
1684 817 1922 885 pectore
1967 811 2091 866 imo

435 902 943 976 suspiria.Paulus
965 902 1228 958 deﬂebat
1256 902 1535 958 inimicos
1565 903 1758 958 crucis
1789 901 2087 956 Christi”.

432 993 718 1050 Jeremias
756 989 1019 1046 deﬂebat
1047 991 1151 1063 qui
1180 1007 1251 1046 ex
1278 991 1504 1063 populo
1544 991 1858 1062 peribant;
1907 989 2090 1045 idem-

433 1099 550 1155 que
588 1098 728 1137 cum
757 1079 868 1135 sibi
901 1079 1204 1136 naturales
1232 1080 1519 1152 lacryma
1545 1095 1668 1135 non
1697 1079 1841 1135 satis
1869 1083 2089 1149 essent,

429 1172 838 1244 lacrymarum
862 1171 1088 1224 fontem
1121 1169 1463 1242 inquirebat
1485 1177 1542 1225 et
1566 1178 1900 1225 extremam
1923 1183 2092 1223 man-

432 1262 688 1316 sionem.
713 1261 789 1314 Et
803 1257 1029 1326 sedebo,
1049 1258 1260 1330 inquit,
1286 1264 1338 1313 et
1352 1258 1604 1327 plorabo
1618 1258 1909 1328 populum
1935 1255 2091 1311 hunc

430 1350 635 1406 diebus
671 1349 899 1413 multis,
933 1362 1025 1402 eos
1067 1348 1172 1417 qui
1210 1353 1466 1415 pereunt
1490 1348 1559 1404 3‘.
1589 1347 1895 1418 Scriptura
1940 1345 2092 1400 inter

429 1436 832 1494 beatitudines
877 1435 1183 1506 lacrymas
1233 1440 1291 1490 et
1318 1434 1550 1491 luctum
1581 1434 1880 1506 ejusmodi
1909 1449 2090 1506 repo-

429 1527 600 1595 nit",
645 1540 768 1580 non
817 1524 1291 1596 propensionem
1337 1523 1416 1579 ad
1470 1523 1768 1580 tristitiam
1818 1537 2086 1579 omnem.

427 1631 551 1672 non
581 1613 1014 1686 proclivitatem
1061 1612 1141 1668 ad
1169 1612 1398 1684 ﬂetum,
1429 1613 1530 1685 qui
1562 1629 1742 1668 omne
1773 1611 2090 1668 occasione

2201 455 2298 527 μία
2352 460 2581 528 κατέσχε
2637 477 2700 528 με
2766 457 2866 509 ἀπό
2933 457 3245 530 ἁμαρτωλῶν
3312 467 3412 510 τῶν
3471 458 3794 534 ἑγκαταλιμ-

2200 549 2459 596 πανόντων
2526 550 2612 597 τόν
2686 550 2836 618 νόμον
2907 565 3021 600 σου.
3089 545 3244 619 ’Υπὲρ
3304 547 3564 621 ἁμαρτίας
3629 550 3792 606 κλαῖε.

2204 633 2342 690 Αὕτη
2395 631 2661 708 ἀρρωστία
2705 634 2891 706 ψυχῆς
2916 656 2928 667 ·
2962 635 3094 692 αὕτη
3137 637 3356 697 θάνατός
3381 635 3493 688 ἐστι
3536 647 3632 698 τῆς
3669 637 3796 691 ἀθα-

2199 724 2394 773 νάτουο
2444 724 2574 780 αῦτη
2625 725 2838 785 πένθους
2887 722 3009 786 ἀξία
3061 729 3152 776 καὶ
3205 720 3447 797 ὀδυρμῶν
3506 725 3791 798 ἁσιγὴτων.

2201 816 2301 862 Επὶ
2358 815 2520 884 ταύτῃ
2589 818 2690 864 πᾶν
2769 809 2998 886 δάκρυον
3069 815 3196 888 ῥέοι,
3253 819 3343 866 καὶ
3401 819 3472 887 μὴ
3535 812 3796 869 διαλείποι

2203 906 2488 974 στεναγμός
2538 901 2592 953 ἐκ
2647 901 2845 974 βάθους
2915 900 3142 979 καρδίας
3189 908 3302 974 (95)
3351 903 3792 980 ἀναπεμπόμενος,

2198 989 2396 1042 Ἐκλαιε
2428 991 2630 1052 Παῦλος
2660 997 2779 1054 τοὺς
2825 992 3047 1067 ἐχθρούς
3095 1001 3186 1045 τοῦ
3243 1003 3470 1068 σταυροῦ
3518 1004 3608 1048 τοῦ
3658 1005 3796 1070 Χρι-

2203 1087 2349 1132 στοῦ.
2404 1080 2650 1153 Ἱερεμίας
2705 1081 2899 1133 ἔκλαιεν
2957 1081 3043 1135 ἐπὶ
3097 1091 3208 1144 τοῖς
3278 1081 3645 1156 ἀπολλυμένοις
3701 1095 3794 1138 τοῦ

2197 1167 2324 1220 λαοῦ
2349 1188 2361 1201 ο
2391 1167 2444 1230 ὃς
2473 1189 2531 1240 γε
2559 1171 2691 1241 (96),
2726 1167 2902 1228 ἐπειδὴ
2935 1170 3028 1222 οὐκ
3076 1175 3224 1244 ἤρκει
3266 1175 3323 1223 τὸ
3373 1170 3428 1222 ἐκ
3471 1176 3668 1244 φύσεως
3700 1169 3796 1225 δά·-

2199 1277 2372 1332 κρυον,
2403 1264 2578 1328 πηγὴν
2618 1257 2854 1319 ἐπεζήτει
2885 1256 3126 1332 δακρύων
3157 1266 3248 1312 καὶ
3280 1262 3512 1333 σταθμόν
3542 1265 3793 1334 ἔσχατον,

2202 1353 2301 1422 Καὶ
2374 1349 2698 1419 καθήσομαι,
2758 1368 2907 1420 φησι,
2979 1354 3068 1400 καὶ
3141 1348 3439 1422 κλαύσομαι
3515 1353 3601 1402 τόν
3672 1350 3796 1403 λαὸν

2198 1449 2377 1492 τοῦτον
2461 1443 2655 1513 ἡμέρας
2747 1440 2957 1508 πολλὰς,
3033 1446 3156 1502 τοὺς
3243 1442 3640 1515 ἀπολλυμένους.
3723 1448 3795 1496 Τό

2198 1537 2429 1582 τοιοῦτον
2489 1526 2715 1602 δάκρυον
2763 1535 2853 1581 καὶ
2922 1534 2981 1582 τό
3035 1539 3268 1583 τοιοῦτον
3325 1533 3507 1592 πένθος
3560 1534 3586 1583 ό
3642 1531 3798 1604 λόγος

2199 1619 2515 1692 μακαρίζει·
2565 1619 2625 1670 ού
2673 1623 2730 1670 τό
2779 1623 2908 1694 πρός
2953 1627 3125 1672 πᾶσαν
3172 1620 3340 1678 λύπην
3389 1621 3671 1693 εὐάγωγον,
3701 1628 3795 1674 καὶ

429 1706 676 1762 cieatur.
707 1707 833 1758 Non
874 1703 956 1758 ita
1005 1702 1240 1757 dudum
1291 1703 1409 1758 vidi
1457 1702 1764 1775 quosdam
1815 1701 2069 1773 volupta-

2197 1706 2255 1760 ἐκ
2307 1709 2484 1767 πάσης
2539 1707 2842 1780 προφάσεως
2911 1709 3256 1784 εὐκατάφορον
3311 1712 3443 1782 πρὸς
3498 1715 3618 1770 τοὺς
3673 1712 3798 1786 θρη-

428 1795 568 1862 rios,
591 1793 695 1864 qui
725 1791 1054 1846 immodico
1085 1791 1412 1863 voluptatis
1453 1808 1661 1847 amore
1691 1790 1952 1862 pellecti,
1981 1805 2090 1862 per

427 1882 688 1955 speciem
706 1879 1076 1953 expellenda
1095 1879 1208 1952 43
1238 1880 1485 1936 tristitia
1517 1880 1596 1935 ad
1623 1880 1939 1952 crapulam
1958 1895 2087 1933 sese

427 1974 932 2039 converterent,et
953 1968 1031 2024 ad
1054 1969 1403 2025 ebrietatem
1429 1988 1442 2035 ;
1475 1984 1775 2041 suamque
1801 1982 2088 2022 conaren-

425 2066 522 2117 tur
567 2075 855 2116 excusare
908 2057 1436 2128 intemperantiam
1482 2057 1680 2112 verbis
1723 2055 2082 2123 Salomonis,

425 2150 532 2222 qui
553 2149 668 2205 ait:
703 2149 858 2203 Date
888 2149 1086 2202 vinum
1124 2149 1196 2201 iis
1229 2148 1332 2218 qui
1363 2149 1424 2202 in
1457 2147 1706 2201 tristitia
1735 2151 1872 2200 sunt
1897 2145 1963 2198 ⁸⁸.
1985 2147 2084 2200 Est

425 2243 627 2295 autem
639 2238 768 2293 hac
789 2235 1084 2291 sententia
1111 2236 1170 2290 in
1194 2234 1651 2302 Proverbio,nec
1674 2239 1877 2290 tamen
1899 2233 2085 2288 ebrie-

424 2332 607 2382 tatem
634 2326 860 2380 licitam
908 2325 1125 2389 redd...,
1161 2323 1267 2379 sed
1314 2323 1594 2378 humanae
1623 2323 1758 2377 vita
1802 2322 2078 2378 consulit.

427 2415 655 2471 Etenim
703 2419 769 2469 ut
813 2412 1191 2468 reconditum
1244 2412 1427 2481 hujus
1482 2411 1784 2466 sententia
1833 2426 2077 2466 sensum

425 2507 723 2573 omittam,
760 2518 882 2574 quo
907 2501 1113 2556 vinum
1143 2501 1346 2556 latitia
1375 2500 1687 2556 rationalis
1719 2499 1937 2555 dicitur
1961 2515 1974 2563 ;
2003 2514 2078 2554 ne

423 2594 640 2651 obvius
677 2592 925 2665 quidem
975 2607 1191 2647 sensus
1230 2607 1448 2663 parum
1480 2590 1661 2646 habet
1687 2589 2077 2659 providentia

425 2699 496 2739 ac
516 2698 695 2752 cura,
719 2696 795 2736 ne
816 2679 1092 2735 videlicet
1113 2679 1150 2734 ii
1167 2680 1270 2751 qui
1293 2694 1450 2748 agre
1477 2678 1952 2734 consolationem
1975 2688 2078 2734 ad-

423 2773 684 2840 mittunt,
717 2776 775 2824 et
804 2769 972 2838 gravi
1001 2769 1167 2823 luctu
1198 2768 1556 2838 obruuntur,
1581 2767 1745 2823 cibos
1767 2766 2077 2837 negligant

422 2865 482 2917 et
507 2859 814 2924 alimenta,
844 2856 1082 2928 ploratu
1127 2856 1570 2911 vehementiore
1608 2855 1919 2928 absorpti:
1969 2855 2077 2911 sed

421 2949 642 3022 partim
685 2963 846 3019 pane
895 2962 997 3002 cor
1024 2945 1287 3001 luctuosi
1327 2945 1589 3000 hominis
1620 2946 1910 3012 ﬁrmetur,
1943 2961 2076 3016 par-

2196 1817 2332 1858 νους.
2367 1795 2507 1855 Ἤδη
2561 1793 2619 1850 δε
2666 1817 2811 1858 τινας
2852 1795 2993 1850 εἶδον
3041 1806 3140 1850 τῶν
3190 1795 3481 1871 φιληδόνων
3513 1796 3601 1852 δι’
3629 1801 3793 1874 ὑπερ-

2197 1886 2350 1945 ϐολὴν
2405 1883 2733 1947 ἡδυπαθείας
2803 1885 2888 1939 ἐπι
2942 1890 3200 1959 προφάσει
3264 1897 3361 1949 τῆς
3419 1887 3588 1950 λύπης
3661 1893 3794 1963 πρὸς

2195 1975 2488 2050 κραιπάλην
2540 1983 2628 2028 καὶ
2679 1978 2840 2049 μέθην
2897 1975 3315 2050 ἐκτρεπομένους,
3366 1983 3456 2029 καὶ
3513 1982 3572 2030 τό
3620 1977 3791 2052 ἀκρα-

2193 2069 2274 2126 τες
2324 2065 2492 2117 αὐτῶν
2551 2065 2606 2118 ἐκ
2661 2074 2759 2117 τῶν
2819 2073 2910 2117 τοῦ
2968 2065 3290 2138 Σολομῶντος
3337 2065 3500 2138 λόγων
3551 2087 3796 2141 παραμυ-

2197 2157 2399 2207 θείσθαι
2455 2159 2820 2227 πειρωμένους,
2879 2154 3148 2225 λέγοντος·
3210 2160 3332 2207 Δότε
3388 2152 3521 2208 οἶνον
3576 2163 3687 2218 τοῖς
3741 2156 3793 2208 ἐν

2191 2243 2399 2304 λύπαις.
2451 2243 2602 2296 Ἔστι
2651 2240 2708 2295 δι
2780 2244 2806 2294 ὁ
2874 2247 3225 2316 παροιμιακὸς
3279 2243 3431 2316 λόγος
3469 2245 3596 2316 ούχὶ
3626 2248 3793 2318 μεθης

2191 2329 2371 2385 ἄδειαν
2441 2336 2816 2404 παρεχόμενος,
2868 2331 2996 2382 ἀλλὰ
3064 2336 3299 2403 συνέχων
3365 2338 3458 2390 τὴν
3533 2332 3794 2407 ἀνθρωπί-

2189 2441 2278 2478 νην
2334 2421 2494 2482 ζωὴν.
2551 2420 2660 2473 Ἱνα
2713 2423 2812 2493 γὰρ
2879 2420 2936 2472 τό
2985 2418 3368 2493 αἰνιγματῶδες
3410 2422 3570 2474 αὐτοῦ
3622 2443 3793 2496 παρα-

2187 2511 2344 2564 λείπω
2388 2512 2520 2578 (97),
2575 2506 2707 2561 οἶνον
2759 2509 2991 2580 λέγοντος
3034 2514 3127 2567 την
3179 2509 3394 2581 λογικήν
3448 2511 3788 2586 εὐφροσύνην,

2188 2596 2311 2652 οὐδὲ
2354 2601 2378 2650 ό
2426 2603 2708 2672 πρόχειρος
2754 2607 2870 2659 νοῦς
2918 2600 3110 2671 μικρὰν
3159 2599 3272 2670 ἔχει
3319 2604 3412 2658 τὴν
3471 2598 3789 2672 ἐπιμέλειαν,

2189 2691 2270 2740 ἵνα
2311 2692 2382 2760 μη
2432 2696 2504 2756 τῷ
2559 2683 2772 2759 σφοδρῷ
2822 2693 2913 2738 τοῦ
2970 2689 3186 2748 πένθους
3246 2690 3635 2755 καταποθέντες,
3687 2698 3791 2741 τῶν

2185 2786 2381 2851 τροφῶν
2443 2773 2697 2848 ἀμελῶσιν
2755 2777 2803 2826 οἱ
2865 2771 3333 2850 δυσπαρηγόρητοι
3384 2782 3472 2829 καὶ
3521 2775 3792 2849 βαρυπεν-

2189 2868 2326 2926 θείς·
2357 2863 2481 2916 ἀλλ’
2531 2866 2672 2936 ἄρτῳ
2723 2867 2811 2936 μὲν
2854 2865 3174 2937 στηρίζηται
3217 2867 3246 2923 ἡ
3299 2862 3497 2939 καρδία
3524 2874 3616 2917 τοῦ
3648 2866 3792 2938 φιλο-

2184 2954 2369 3019 λύπου,
2402 2957 2521 3024 οἴνῳ
2571 2950 2628 3005 δὲ
2675 2956 2734 3004 τὸ
2780 2958 3156 3025 συμπεπτωκός
3187 2963 3281 3014 τῆς
3323 2951 3588 3027 δυνάμεως
3633 2956 3792 3028 ὑπερ-

421 3039 528 3095 tim
575 3038 715 3093 vino
763 3035 1045 3107 collapsa
1093 3035 1246 3091 vires
1297 3034 1739 3090 suffulciuntur.
1783 3037 2069 3091 Caterum

2185 3041 2392 3102 είδηται
2435 3044 2568 3112 (98).
2603 3046 2668 3093 υί
2719 3037 2778 3094 δε
2825 3041 3043 3113 φίλοινοι
3095 3047 3185 3094 καί
3238 3043 3548 3115 οἰνόφλυγες,
3583 3043 3641 3095 ού
3689 3049 3787 3102 τὴν

419 3127 614 3183 vinosi
635 3125 913 3181 homines
935 3140 1004 3180 ac
1027 3123 1175 3179 ebrii
1197 3139 1520 3179 marorem
1540 3123 1707 3180 haud
1733 3123 2076 3179 demulcen-

418 3216 639 3281 tes,sed
660 3219 962 3269 mutantes
982 3212 1146 3268 mala
1167 3212 1443 3278 malis,ac
1464 3227 1718 3284 pravam
1737 3212 2073 3284 quamdam

417 3305 757 3378 pactionem
785 3302 1096 3369 facientes,
1121 3303 1392 3374 corporis
1420 3301 1666 3358 morbos
1691 3302 1921 3357 morbis
1945 3302 2073 3358 ani-

416 3395 502 3450 mi
522 3397 777 3462 mutant,
795 3407 1020 3463 eosque
1041 3392 1144 3461 qui
1166 3391 1383 3446 trutina
1405 3396 1714 3447 momenta
1731 3395 2072 3463 exaquant,

415 3483 739 3550 imitantes,
753 3486 985 3537 tantum
1007 3480 1332 3536 detrahunt
1356 3479 1628 3546 tristitia,
1649 3485 1946 3552 quantum
1965 3479 2072 3536 ad-

413 3571 569 3628 dunt
597 3568 911 3642 voluptati.
949 3568 1235 3624 Existimo
1267 3568 1514 3642 quidem
1553 3568 1892 3640 juvandam
1935 3585 2072 3626 esse

413 3661 554 3718 vino
574 3665 885 3716 naturam:
915 3657 1021 3713 sed
1047 3657 1294 3713 minime
1315 3657 1786 3730 permittendum
1808 3663 1898 3714 est
1923 3660 2072 3716 meri

411 3755 644 3807 tantam
674 3749 911 3820 capiam
930 3746 1188 3813 infundi,
1212 3752 1277 3803 ut
1307 3746 1524 3802 rationi
1541 3747 1858 3817 caliginem
1878 3748 2070 3804 offun-

413 3838 539 3896 dat.
573 3843 773 3910 Neque
801 3837 964 3893 enim
989 3848 992 3851 '
1018 3835 1202 3892 simul
1231 3853 1370 3892 cum
1401 3837 1540 3892 vino
1583 3836 1784 3892 efﬂuet
1812 3837 2065 3910 tristitia,

412 3929 518 3984 sed
549 3926 849 3983 ebrietatis
881 3925 1110 3981 malum
1141 3925 1346 3980 animo
1385 3923 1655 3982 accedet.
1687 3925 1862 3990 Quod
1894 3926 1945 3981 si
1971 3941 2067 3982 ra-

411 4018 494 4076 tio
517 4016 788 4074 medicus
813 4018 902 4070 est
930 4013 1202 4081 tristitia,
1233 4013 1412 4068 fuerit
1440 4013 1620 4084 plane
1650 4013 1908 4070 ebrietas
1935 4031 2068 4071 ma-

409 4105 606 4162 lorum
645 4104 1001 4169 maximum,
1030 4118 1170 4157 cum
1212 4100 1507 4157 medelam
1539 4101 1829 4173 impediat
1855 4102 2062 4161 animi.

412 4194 528 4252 Sed
551 4196 680 4266 jam
711 4191 948 4263 singula
968 4207 1105 4263 qua
1129 4191 1291 4247 dicta
1313 4195 1473 4257 sunt,
1498 4190 1704 4247 animo
1729 4197 1958 4264 repete;
1981 4193 2064 4250 ita

409 4284 743 4355 comperies
757 4287 814 4336 et
827 4280 1039 4336 contici
1059 4295 1234 4352 posse
1257 4283 1312 4335 et
1338 4277 1476 4334 utile
1498 4295 1632 4334 esse
1662 4281 2060 4352 apostolicum

406 4373 789 4465 mandatum.
831 4368 1148 4465 Intelliges,
1181 4367 1493 4440 quomodo
1542 4368 1742 4465 possis
1795 4370 2061 4440 gaudere
2093 4411 2136 4465 Β

409 4474 672 4531 semper,
705 4457 754 4513 si
783 4457 1077 4513 rationem
1109 4462 1334 4512 rectam
1382 4457 1698 4528 sequaris;
1749 4460 2061 4531 quomodo

405 4547 814 4604 indesinenter
841 4561 1036 4609 orare,
1064 4545 1376 4616 quomodo
1398 4545 1623 4616 gratias
1647 4562 1826 4617 agere
1856 4549 1916 4603 in
1937 4565 2064 4604 om.

406 4636 606 4708 nibus,
623 4633 936 4708 quomodo
957 4634 1220 4705 denique
1246 4633 1446 4689 valeas
1466 4633 1722 4691 afﬂictos
1737 4637 2060 4705 consolari,

478 4761 526 4798 ⁸²
556 4760 709 4818 Psal.
740 4775 933 4831 cxvui,
967 4759 1056 4814 53.
1133 4758 1181 4792 ⁸³
1203 4756 1454 4830 Philipp.
1488 4773 1570 4828 ιιι,
1607 4763 1692 4814 18.

474 4887 586 4959 (95)
618 4887 782 4942 Unus
829 4900 942 4959 ms.
977 4886 1035 4938 et
1064 4881 1225 4959 ‘editi
1281 4881 1338 4959 ἐκ
1397 4879 1596 4959 βάθους
1641 4881 1887 4959 καρδίας,
1929 4886 2001 4942 ab

407 4952 524 5016 imo
548 4952 804 5028 pectore.
837 4955 945 5010 Alii
974 4953 1243 5028 quinque
1274 4952 1327 5004 ἐκ
1347 4952 1516 5028 μέσης
1533 4952 1868 5028 καρδίας,ρω
1887 4973 2000 5014 me-

406 5031 504 5086 dio
534 5025 731 5086 corde.
767 5030 908 5084 Utra
951 5025 1252 5097 scriptitra
1281 5025 1425 5080 vera
1473 5025 1564 5093 sit,
1593 5025 1835 5084 nescio:
1895 5028 2001 5084 sed

406 5109 728 5227 :itgatmque
785 5097 969 5170 recipi
1017 5111 1220 5170 posse,
1276 5112 1477 5159 nemo,
1547 5098 1787 5169 opinor,
1846 5099 2002 5154 difﬁ-

431 5187 462 5227 e
511 5188 522 5225 ι
559 5188 644 5227 ur.

405 5173 644 5228 tebitur.

477 5247 592 5311 (96)
626 5244 862 5296 Veteres
907 5238 1029 5295 duo
1075 5238 1211 5311 libri
1241 5243 1296 5294 et
1344 5238 1486 5295 editi
1531 5235 1675 5311 λαού,
1711 5239 1763 5302 ὅς
1793 5259 1867 5311 γε.
1895 5239 2002 5296 Alii

405 5308 525 5370 tres
552 5308 677 5364 λαοῦ
708 5313 746 5361 ὧ
775 5331 852 5382 γε.
881 5311 1085 5382 statim
1109 5309 1231 5366 duo
1261 5328 1408 5366 mss.
1436 5315 1610 5380 πηγήν
1642 5308 1834 5382 ἐζήτει.

479 5385 590 5453 (97)
625 5381 1086 5455 Εά-ἱῑιπαραλίπω.
1115 5387 1188 5436 At
1205 5398 1356 5455 mss.
1389 5397 1492 5436 sex
1519 5381 1839 5455 παραλείπω.
1873 5385 2002 5438 Mox

408 5469 569 5527 unus
595 5453 790 5509 Codex
817 5453 1072 5527 Celbert,
1098 5459 1153 5507 et
1174 5453 1316 5527 editi
1334 5453 1636 5527 rf;_v_von7r§v
1660 5453 1998 5527 εὐφροσύνην.

404 5524 518 5582 Alii
541 5539 641 5580 sex
669 5539 817 5579 mss.
851 5529 944 5581 τὴν
965 5522 1180 5597 λογικὴν
1212 5524 1354 5601 εύφρ.
1390 5523 1556 5580 Idem
1578 5530 1672 5582 est
1701 5522 1937 5585 sensus.

1769 4761 1818 4796 ⁸⁸
1844 4760 2064 4818 Jerem.
2096 4778 2172 4833 ix,
2210 4767 2259 4818 t.

2182 3132 2348 3190 λύπην
2397 3131 2867 3205 καταπραΰνουτες,
2910 3131 3040 3183 ἀλλὰ
3095 3133 3234 3183 κακὰ
3284 3141 3454 3183 κακῶν
3505 3129 3785 3205 διαμειϐό-

2182 3241 2343 3294 μενοι,
2393 3225 2482 3272 καὶ
2529 3223 2744 3292 πονηροί
2796 3239 2926 3281 τινες
2973 3225 3229 3292 γινόμενοι
3288 3220 3654 3287 συναλλάκται,
3700 3241 3786 3274 νο-

2185 3316 2415 3383 σήματα,
2447 3308 2638 3379 ψυχῶν
2687 3304 3023 3380 διαμείϐουσι
3069 3311 3378 3381 νοσημάτων
3403 3327 3416 3339 ’
3459 3308 3506 3361 οἳ
3536 3314 3656 3371 τοὺς
3697 3310 3785 3364 ἐπὶ

2180 3409 2275 3460 τῆς
2339 3400 2595 3472 τρυτάνης
2648 3400 2738 3458 τὰς
2793 3397 2958 3470 ῥοπὰς
3011 3395 3383 3460 ἐπανισοῦντας
3446 3402 3781 3472 μιμούμενοι,

2180 3494 2427 3539 τοσοῦτον
2489 3487 2772 3559 ὑφαιροῦσι
2820 3486 2933 3555 (99)
2981 3494 3075 3548 τῆς
3125 3485 3314 3553 λύπης,
3371 3488 3492 3539 ὅσον
3558 3487 3786 3550 αὔξουσι

2179 3579 2236 3628 τὸ
2282 3571 2574 3647 φιλήδονον.
2602 3573 2749 3626 Ἀλλ’
2796 3571 2944 3646 οἶμαι
2995 3583 3194 3648 χρῆναι
3243 3573 3488 3647 βοήθειαν
3531 3583 3592 3648 τῇ
3627 3578 3782 3647 φύσει

2177 3669 2426 3738 παρέχειν
2464 3667 2551 3715 τόν
2599 3661 2730 3714 οἶνον
2756 3683 2768 3696 ·
2819 3668 2910 3714 καὶ
2957 3668 3026 3735 μὴ
3075 3671 3321 3715 τοσοῦτον
3365 3663 3652 3737 ἐπιτρέπειν
3695 3663 3784 3736 ἑγ-

2177 3755 2428 3826 χείσθται
2469 3756 2555 3804 τόν
2603 3754 2848 3826 ἄκρατον,
2882 3753 3016 3804 ὥστε
3065 3757 3324 3804 σκότωσιν
3367 3760 3474 3814 τοῖς
3503 3751 3783 3825 λογισμοῖς

2178 3841 2426 3914 ἐμποιεῖν.
2460 3840 2592 3893 Οὖτε
2639 3843 2739 3913 γὰρ
2773 3845 3178 3912 συνεκρυὴσεται
3219 3849 3281 3913 τῇ
3332 3844 3452 3913 οἴνῳ
3503 3845 3561 3893 τό
3603 3841 3784 3900 λυπη-

2176 3935 2265 4006 ρόν
2295 3952 2305 3964 ·
2341 3935 2429 3982 καὶ
2481 3933 2538 3981 τὸ
2570 3937 2665 3990 τῆς
2708 3930 2868 4001 μέθης
2915 3933 3074 3981 κακόν
3121 3926 3183 4001 τῇ
3422 3935 3784 4002 προσγενήσε-

2177 4039 2284 4073 ται.
2335 4018 2394 4071 Εἰ
2439 4014 2498 4070 δὲ
2547 4017 2716 4080 λύπης
2757 4017 2930 4092 ἰατρός
2979 4016 3119 4070 ἐστιν
3163 4020 3188 4069 ό
3230 4017 3502 4091 λογισμός,
3551 4022 3785 4090 ἔσχατον

2179 4107 2240 4160 ἂν
2289 4111 2365 4165 εἴη
2422 4115 2522 4158 τῶν
2579 4115 2752 4158 κακῶν
2807 4108 2837 4164 ἡ
2893 4108 3049 4178 μέθη,
3087 4114 3149 4179 τῇ
3206 4106 3405 4180 ἰατρείᾳ
3451 4116 3544 4168 τῆς
3591 4107 3784 4178 ψυχῆς

2181 4192 2564 4269 ἐμποδιζουσα.
2608 4193 2754 4248 Ἀλλ’
2795 4193 3012 4247 ἀνάλαϐε
3058 4205 3130 4266 τῷ
3172 4194 3310 4267 λόγῳ
3357 4205 3454 4248 τῶν
3503 4193 3784 4269 εἰρημένων

2179 4287 2416 4351 ἕκαστον,
2459 4290 2547 4336 καὶ
2597 4285 2834 4357 εὑρήσεις
2877 4289 2934 4336 τό
2986 4303 3040 4336 τε
3089 4280 3318 4336 δυκατὸν
3365 4293 3458 4346 τῆς
3505 4282 3788 4336 ἀποστολι-

2178 4382 2273 4436 κῆς
2329 4375 2635 4446 νομοθεσίας
2687 4377 2777 4424 καὶ
2823 4376 2881 4424 τὸ
2939 4372 3189 4446 ὠφελιμον
3216 4393 3228 4406 ·
3271 4381 3380 4435 πῶς
3424 4377 3512 4446 μεν
3560 4374 3786 4426 πάντοτε

2175 4467 2389 4536 χαρὴση
2445 4471 2517 4533 τῷ
2570 4461 2704 4535 ὀρθῷ
2756 4460 2889 4532 λόγῳ
2929 4461 3210 4534 ἑπόμενοςο
3251 4471 3360 4523 πῶς
3409 4459 3467 4514 δὲ
3514 4462 3780 4536 προσεύξῃ

2177 4548 2542 4616 ἀδιαλείπτως,
2576 4557 2684 4612 πῶς
2717 4545 2776 4602 δε
2825 4548 2873 4600 ἐν
2915 4555 3070 4602 παντὶ
3102 4550 3513 4625 εύχαριστησεις
3537 4572 3548 4583 ο
3583 4555 3686 4602 τίνι
3717 4547 3784 4603 δὲ

2171 4645 2348 4712 τρόπῳ
2407 4637 2785 4714 παρακαλέσας
2845 4642 2966 4700 τοὺς
3025 4637 3376 4711 λυποτμένους
3421 4640 3523 4710 (1),
3590 4640 3675 4691 ἱνα
3722 4637 3784 4691 ἐκ

2337 4762 2383 4798 ⁸⁵
2416 4761 2625 4819 Matth.
2661 4778 2723 4832 v,
2757 4765 2808 4818 5.

2183 4884 2850 4960 (98);Veteres_r_aliquot
2898 4883 3038 4942 libri
3086 4890 3144 4943 et
3192 4883 3779 4960 Θάίιὶηστηρίζεται....

2110 4955 2457 5081 ύςὲερείδεται.
2501 4957 2614 5014 Alii
2661 4955 2926 5030 quatuor
2967 4973 3114 5013 mss.
3168 4955 3574 5030 στηρίξηταὶ....
3625 4959 3784 5032 ὑπερ-

2111 5048 2155 5081 ει
2199 5049 2340 5081 ηται.

2111 5048 2340 5086 ειοηται.

2183 5105 2288 5170 (99)
2320 5102 2463 5170 Reg.
2496 5100 2729 5173 primus
2755 5107 3007 5173 τοσοῦτον
3040 5097 3378 5173 ἀφαιροῦσιν.

2181 5173 2260 5242 (1)
2293 5169 2458 5243 Unus
2498 5169 2662 5228 'mss.
2710 5176 2766 5228 et
2820 5170 2959 5227 editi
3005 5169 3552 5243 παρακαλέσειςτούς
3607 5169 3780 5224 θλιϐο-

2110 5241 2312 5314 μένους.
2346 5242 2460 5315 Alii
2514 5249 2746 5315 septem
2805 5241 3184 5315 παρακαλέσεις
3233 5246 3353 5304 τοὺς
3401 5241 3775 5315 λυπουμένους.

2116 5312 2242 5369 Una
2271 5314 2523 5386 quidem
2553 5312 2728 5370 lectio
2768 5312 2954 5386 altera
3009 5312 3221 5386 melior
3275 5329 3400 5368 non
3449 5312 3581 5382 est;
3627 5314 3780 5386 quia

2112 5383 2314 5441 tamen
2368 5385 2508 5443 libri
2554 5391 2784 5444 veteres
2841 5385 3069 5441 ultimae
3127 5383 3354 5458 favent,
3393 5400 3530 5444 eam
3584 5383 3780 5442 secuti

2111 5473 2345 5516 sumus.

2886 4762 2934 4798 ⁸ο
2967 4761 3140 4818 Prov.
3176 4777 3334 4829 χχχι,
3366 4765 3417 4818 6.
