4088 6194
558 262 664 316 263
1915 255 1971 308 S.
2031 249 2280 306 BASILII

2341 253 2529 306 MAGN
2541 256 2558 306 l
3807 258 3918 310 26$

559 382 806 439 homine
862 376 1525 450 deprehendebantur?
1580 379 1768 432 Mores
1824 375 2206 440 amarulenti,

2332 378 2562 447 εὔκρατοι
2591 377 2944 436 καταστάσεις
2969 377 3068 443 (9i,
3112 378 3417 450 σπερμάτων
3462 374 3720 448 ἀφθονίαι,
3775 377 3920 450 βοῶν

560 473 769 529 odium
801 469 1139 536 hominum,
1186 467 1423 521 animus
1453 467 1508 521 in
1559 465 1764 521 dando
1794 465 2208 538 parcissimus.

562 565 726 618 Hanc
751 559 848 614 ille
877 557 1150 613 beneﬁco
1173 555 1440 622 largitori
1470 555 1663 610 vicem
1687 553 2211 626 rependebatﬁon

560 651 723 705 venit
751 649 812 703 in
850 651 1108 701 mentem
1141 643 1482 698 communis
1514 649 1742 699 natura:
1770 660 1783 707 ;
1829 659 1951 698 non
1981 641 2214 714 putavit

564 737 937 811 superﬂuum
961 734 1261 788 bonorum
1285 733 1343 787 in
1366 749 1587 800 egenos
1613 732 2214 800 distribuendum,ra-

561 829 784 884 tionem
833 823 1064 879 nullam
1095 821 1308 877 habuit
1337 822 1516 892 hujus
1558 824 1835 893 praecepti
1863 838 1874 874 :
1909 822 1998 876 Ne
2026 821 2214 875 absti-

562 932 705 972 neas
729 914 1076 982 beuefacere
1095 911 1370 981 egeno“;
1396 913 1565 965 item:
1603 911 2013 979 Eleemosynav
2051 915 2107 964 et
2141 909 2212 978 ﬁ-

562 1007 662 1062 des
680 1020 757 1060 ne
786 1004 1063 1058 deserant
1092 1009 1146 1056 te
1173 1003 1253 1070 92,°
1284 1005 1381 1056 et:
1419 1001 1664 1070 Frange
1692 1001 1983 1055 esurienti
1994 1013 2212 1068 panem

562 1094 818 1150 tuum”.
854 1091 1117 1157 Denique
1146 1089 1582 1161 prophetarum
1612 1087 1886 1143 omnium
1909 1088 2213 1143 omnium-

561 1198 679 1255 que
710 1180 1029 1236 doctorum
1050 1194 1171 1233 non
1205 1177 1564 1232 audiebatur
1595 1177 1846 1237 clamor,
1872 1176 1978 1231 sed
1999 1176 2216 1231 horrea

559 1269 1005 1327 reconditorum
1026 1267 1463 1322 frumentorum
1489 1264 1868 1320 multitudine
1893 1269 2216 1332 angustata

560 1357 1205 1429 dirumpebantur,nec
1229 1359 1428 1408 tamen
1447 1369 1550 1407 cor
1567 1367 1819 1407 avarum
1841 1351 2211 1424 explebatur.

563 1451 711 1503 Nam
739 1461 898 1500 nova
939 1443 1238 1498 veteribus
1271 1441 1688 1513 superaddens
1731 1457 1990 1513 semper,
2022 1447 2077 1496 et
2105 1456 2213 1496 an—

561 1537 697 1591 nuis
721 1533 1151 1589 additamentis
1173 1531 1413 1602 copiam
1437 1531 1771 1601 adaugens,
1790 1531 1850 1585 in
1877 1531 2034 1586 hanc
2052 1530 2216 1585 inex-

561 1623 894 1680 tricabilem
922 1620 1152 1677 consilii
1186 1621 1454 1693 inopiam
1499 1620 1727 1690 incidit,
1764 1625 1825 1675 ut
1852 1636 1976 1692 prae
2016 1618 2215 1674 avari-

561 1715 644 1770 tia
665 1719 864 1768 vetera
895 1711 1150 1766 subduci
1173 1725 1296 1766 non
1325 1707 1562 1778 sineret,
1594 1727 1705 1765 nec
1731 1715 1935 1779 posset
1956 1725 2116 1765 nova
2135 1709 2215 1764 ob
2243 1735 2288 1787 Β

563 1803 801 1875 copiam
851 1801 1196 1856 recondere.
1259 1802 1636 1872 Quapropter
1684 1798 2021 1855 inefﬁcacia
2077 1803 2218 1853 sunt

563 1891 814 1948 consilia
857 1889 1011 1944 illius
1061 1894 1116 1944 et
1166 1906 1323 1944 cura:
1368 1888 1678 1960 ancipites.
1740 1888 1895 1954 Quid
1937 1888 2218 1956 faciam?

565 1981 708 2047 Quis
739 1995 860 2035 non
902 1979 1256 2034 misereatur
1300 1978 1564 2033 hominis
1611 1978 1689 2032 ita
1733 1976 2008 2032 obsessi?
2051 1978 2218 2032 Miser

563 2075 652 2126 est
681 2069 760 2125 ob
792 2068 1179 2132 fertilitatem,
1214 2066 1577 2122 miserabilis
1609 2066 1688 2121 ob
1719 2069 1894 2137 parta
1923 2065 2108 2128 bona,
2135 2064 2216 2120 ob

563 2162 910 2230 exspectata
956 2155 1376 2211 miserabilior.
1414 2158 1538 2210 Non
1580 2157 1741 2210 enim
1774 2154 1946 2208 affert
1971 2154 2023 2208 ei
2063 2158 2218 2209 terra

563 2253 896 2320 proventus
922 2260 993 2300 ac
1038 2243 1288 2307 reditus,
1333 2244 1446 2314 ipsi
1488 2243 1640 2314 parit
1673 2243 1970 2313 suspiria:
2022 2243 2216 2298 eidem

562 2353 687 2393 non
719 2336 949 2407 aggerit
975 2333 1214 2404 copiam
1245 2332 1857 2396 fructuum,conciliat
1883 2347 2216 2397 curas,mo-

562 2426 889 2496 lestiasque
918 2428 975 2477 ct
1004 2437 1245 2492 gravem
1279 2421 1664 2477 anxietatem.
1691 2423 2072 2476 Lamentatur
2093 2436 2222 2491 per-

563 2514 704 2569 inde
736 2518 800 2567 ut
842 2527 1165 2584 pauperes.
1216 2515 1303 2564 An
1348 2525 1470 2563 non
1505 2509 1681 2564 talem
1723 2524 1933 2564 vocem
1981 2508 2217 2573 emittit,

563 2603 807 2676 qualem
836 2603 907 2667 is,
929 2600 1026 2655 cui
1058 2603 1304 2670 propter
1325 2598 1591 2668 inopiam
1621 2605 1892 2665 angustae
1914 2614 2008 2652 res
2035 2597 2220 2652 sunt?

567 2693 721 2760 Quid
743 2692 1021 2761 faciam?
1058 2688 1356 2743 Alimenta
1388 2685 1595 2742 unde?
1625 2687 1785 2741 unde
1817 2686 2172 2742 indumenta
2192 2686 2219 2740 ?

567 2785 700 2836 Haec
731 2780 912 2835 etiam
939 2778 1108 2833 dives
1132 2776 1418 2847 loquitur.
1453 2775 1856 2831 Discruciatur
1880 2777 2220 2846 animo,cu-

564 2870 646 2926 ris
677 2884 920 2925 exesus.
960 2871 1106 2922 Nam
1131 2865 1297 2937 quod
1325 2864 1476 2919 alios
1509 2864 1693 2920 afficit
1739 2863 1960 2932 laetitia,
1994 2865 2054 2918 id
2086 2881 2220 2920 ava-

565 2974 702 3013 rum
731 2955 990 3011 coniicit.
1025 2956 1228 3024 Neque
1259 2952 1418 3007 enim
1448 2951 1701 3017 letatur,
1729 2969 1869 3007 cum
1901 2952 2064 3007 cellae
2095 2968 2220 3008 om-

566 3062 673 3103 nes
704 3045 866 3101 intus
890 3043 1231 3115 replentur:
1265 3040 1372 3096 sed
1403 3041 1888 3096 circumﬂuentes
1908 3041 2226 3110 divitiaa,et

567 3151 702 3210 quae
730 3133 790 3188 in
838 3129 1268 3205 promptuariis
1300 3130 1589 3186 contineri
1630 3145 1753 3185 non
1801 3135 2054 3202 queunt,
2100 3131 2224 3186 ani-

566 3240 738 3280 mum
769 3223 898 3292 ejus
929 3227 1380 3292 compungunt;
1406 3235 1479 3274 ne
1501 3218 1650 3274 forte
1673 3218 1752 3274 ad
1774 3225 2006 3275 exteros
2027 3235 2221 3291 usque

568 3313 798 3374 effusa,
815 3308 1139 3366 levamenti
1162 3307 1418 3377 alicujus
1438 3306 1588 3362 ﬁant
1611 3307 1850 3363 occasio
1877 3307 2218 3376 egentibus.

2251 2929 2291 2980 C

2326 470 2612 537 συνεργίαι,
2643 468 2706 516 τα
2733 464 2880 528 ἄλλα,
2914 466 2988 526 οἷς
3026 470 3250 536 γεωργία
3294 471 3512 537 πέφυκεν
3562 467 3916 523 εὖθηνεῖσθαι⁸

2322 556 2387 605 τὰ
2414 550 2472 606 δὲ
2502 558 2641 628 παρὰ
2672 563 2762 607 τοῦ
2796 553 3064 629 ἀνθρώπου
3097 558 3215 621 οἵας
3267 559 3335 608 Τὸ
3379 560 3563 629 πικρόν
3593 565 3684 608 τοῦ
3732 559 3916 623 ἤθους,

2322 644 2351 699 ἠ
2382 645 2770 718 μισανθρωπία,
2804 647 2860 696 τὸ
2901 641 3316 716 ὃνσμετάὸοτον.
3359 651 3536 696 Ταῦτα
3561 653 3634 714 τῷ
3675 646 3915 719 εὐεργέτῃ

2324 729 2781 787 ἀντεπεδείκνυτο.
2849 731 3239 804 Οὗκ,ἐμνήσθη
3305 742 3398 793 τῆς
3459 743 3635 795 κοινῆς
3693 737 3916 805 φύσεως·

2323 820 2427 890 οὔχ,
2456 823 2694 891 ἡγήσατο
2721 830 2922 894 χρῆναι
2965 824 3021 872 τὸ
3061 828 3354 892 περιττεῦον
3385 829 3494 882 τοῖς
3523 818 3719 874 ἐνδεέσι
3749 842 3922 873 κατα-

2322 914 2554 982 μερίσαι·
2608 909 2701 961 οῦκ
2746 913 2874 981 ἔσχε
2925 912 3041 962 τινὰ
3086 909 3232 980 λόγον
3281 919 3375 972 τῆς
3413 908 3622 972 ἐντολῆς
3654 912 3787 981 (10)·
3829 916 3917 970 Μὴ

2324 999 2539 1071 ἀπόσχῃ
2616 996 2668 1051 εὖ
2731 1007 2891 1051 ποιεῖν
2963 995 3133 1058 ἐνδεήο
3202 1004 3310 1070 καὶ,
3388 999 3760 1072 Ἐλεημοσύναι
3829 1005 3922 1052 καὶ

2322 1093 2524 1149 πίστεις
2569 1093 2638 1160 μὴ
2691 1087 3062 1140 ἐκλειπέτωσαν
3125 1107 3213 1140 σε·
3268 1093 3389 1155 καὶ,
3449 1091 3740 1163 Διάορυπτε
3800 1109 3920 1142 πει-

2322 1186 2473 1228 νῶντι
2527 1180 2611 1228 τόν
2679 1179 2833 1250 ἄρτον
2905 1197 3031 1231 σου.
3090 1183 3191 1230 Καὶ
3252 1180 3439 1239 πάντες
3487 1187 3768 1252 προφῆται,
3830 1184 3924 1229 καὶ

2322 1267 2508 1325 πάντες
2541 1261 2860 1317 διδάσκαλοι
2909 1264 3208 1338 ἐμϐοῶντες,
3266 1266 3359 1318 οῦκ
3404 1267 3754 1324 εἰσηκούοντοο
3811 1265 3922 1318 ἀλλ’

2324 1355 2378 1404 αἱ
2420 1357 2509 1426 μὲν
2550 1354 2812 1412 ἀποθήκαι
2857 1351 3226 1429 διερρήγνυντο
3278 1364 3351 1426 τῷ
3393 1356 3577 1414 πλήθει
3633 1365 3730 1407 τῶν
3784 1355 3923 1408 ἀπο-

2322 1447 2561 1514 κειμένων
2619 1447 3143 1518 στενοχωρούμεναι,
3222 1447 3252 1502 η
3310 1441 3369 1496 δε
3422 1441 3673 1516 φειδωλὸς
3722 1442 3928 1519 καρδία

2323 1531 2416 1582 οῦκ
2461 1531 2840 1604 ἐνεπίμπλατο.
2917 1532 3022 1585 Ἀεὶ
3077 1535 3179 1607 γὰρ
3238 1535 3304 1584 τὰ
3362 1537 3450 1585 νέα
3513 1541 3625 1595 τοῖς
3679 1534 3928 1595 παλαιοῖς

2324 1623 2659 1693 προστιθεὶς,
2719 1627 2808 1672 καὶ
2856 1629 2970 1682 ταῖς
3013 1621 3126 1673 κατ’
3168 1625 3278 1683 ἔτος
3324 1624 3656 1696 προσθήκαις
3699 1628 3793 1681 τὴν
3843 1626 3928 1674 εῦ-

2323 1715 2510 1783 πορίαν
2561 1710 2890 1783 προσαῦξων,
2947 1710 3018 1770 εἰς
3073 1715 3167 1768 τήν
3238 1707 3511 1774 ἀδιέξοδον
3560 1715 3754 1770 ταύτην
3807 1717 3924 1780 (11)

2325 1797 2630 1870 ἀμηχανίαν
2679 1797 2946 1869 ἐνέπεσεν,
3011 1800 3307 1872 ὑποχωρεῖν
3373 1803 3462 1872 μεν
3516 1807 3626 1860 τοῖς
3683 1800 3931 1862 παλαιοῖς

2327 1884 2421 1940 διὰ
2458 1892 2551 1945 τήν
2582 1887 2870 1950 πλεονεξίαν
2909 1893 2980 1960 μή
3017 1898 3331 1963 συγχωρῶν,
3379 1886 3739 1962 ὑποδέχεσθαι
3771 1887 3830 1942 δὲ
3859 1894 3932 1942 τὰ

2324 1982 2412 2030 νέα
2443 1974 2536 2029 διὰ
2581 1981 2639 2029 τὸ
2687 1977 2883 2039 πλῆθος
2929 1982 3000 2050 μή
3053 1977 3298 2052 ἐξαρκῶν,
3355 1982 3449 2031 Διὰ
3495 1988 3648 2031 τοῦτο
3699 1978 3934 2037 ἀνήνυτα

2325 2070 2413 2139 μὲν
2446 2067 2585 2136 αὐτῷ
2614 2068 2681 2117 τὰ
2711 2064 3062 2139 βουλεύματα,
3096 2069 3284 2141 ἄποροι
3333 2063 3392 2120 δὲ
3436 2071 3490 2120 αἱ
3527 2065 3814 2142 φροντίδες.
3862 2074 3933 2121 Τί

2324 2159 2568 2220 aetnam;
2601 2160 2693 2214 Τίς
2721 2154 2814 2205 οῦκ
2861 2155 2920 2205 ἄν
2965 2153 3186 2212 ἐλεήσειε
3232 2160 3318 2207 τὸν
3370 2156 3505 2208 οὓτω
3548 2157 3929 2232 πολιορκούμε-

2324 2261 2454 2309 νον;
2516 2243 2742 2304 Δείλαιος
2783 2253 2879 2306 τῆς
2931 2245 3190 2317 εῦφορίας,
3248 2245 3456 2308 ἐλεεινὸς
3510 2256 3610 2298 τῶν
3657 2251 3929 2321 παρόντων

2328 2330 2555 2404 ἀγαθῶν,
2608 2331 2931 2406 ἐλεεινότερος
2978 2342 3077 2385 τῶν
3129 2331 3576 2409 προσδοκωμένων
3607 2378 3620 2390 .
3676 2341 3760 2394 Μὴ
3819 2339 3928 2410 γὰρ

2327 2419 2758 2496 προσόδουςῌῖ)
2813 2423 2952 2492 αὐτῷ
3003 2427 3139 2497 φέρει
3187 2427 3216 2482 η
3271 2434 3364 2495 γῆ,
3419 2430 3745 2497 στεναγμοὺς
3781 2417 3932 2496 αὐτῷ

2330 2514 2459 2582 φύεν
2489 2515 2560 2583 μή
2593 2514 2692 2584 γὰρ
2747 2520 2957 2585 καρπῶν
3003 2513 3143 2582 αὐτῷ
3193 2512 3431 2588 εὐφορίαν
3487 2516 3718 2585 συνάγει,
3765 2533 3931 2588 φρον-

2329 2596 2481 2660 τίδας
2533 2605 2622 2651 καὶ
2668 2599 2834 2661 λύπας
2881 2607 2970 2652 καὶ
3016 2599 3319 2673 ἀμηχανίαν
3367 2599 3559 2660 δεινήν.
3593 2602 3786 2676 Ὀμοια
3815 2609 3934 2663 τοῖς

2329 2693 2622 2761 πενομένοις
2654 2685 2918 2762 ὀδύρεται.
2952 2689 3016 2741 Ἢ
3050 2690 3177 2762 οὐχὶ
3205 2694 3402 2748 ταύτην
3443 2691 3632 2763 ἀφήσει
3674 2698 3767 2750 τήν
3815 2713 3933 2763 φω-

2329 2782 2419 2834 νην
2477 2783 2566 2828 καὶ
2610 2779 2634 2828 ό
2685 2775 2779 2829 διὰ
2827 2783 3095 2849 πτωχείαν
3147 2785 3802 2854 στενοχωροῦμενος(13);
3867 2785 3940 2832 Τί

2330 2871 2586 2932 ποιήσω;
2657 2870 2816 2920 Πόθεν
2874 2874 3106 2942 τροφαί;
3166 2872 3318 2921 πόθεν
3371 2867 3683 2942 ἐνδύματα;
3754 2877 3944 2922 Ταῦτα

2332 2961 2421 3007 καὶ
2465 2957 2490 3007 ὁ
2543 2955 2792 3016 πλούσιος
2845 2959 3142 3028 φθέγγεται.
3207 2955 3495 3011 Ὀὂυνᾶται
3549 2964 3644 3016 τὴν
3707 2955 3943 3032 καρδίαν

2333 3046 2431 3096 ὑπὸ
2460 3053 2554 3105 τῆς
2601 3050 2854 3118 μερίμνης
2901 3041 3276 3118 διεσθιόμενος.
3323 3046 3387 3098 Ὃ
3435 3050 3535 3119 γὰρ
3581 3051 3703 3108 τοὺς
3748 3046 3948 3109 ἄλλους

2333 3133 2608 3208 εὐφραίνει,
2651 3142 2804 3186 τοῦτο
2846 3140 2994 3192 τήκει
3041 3138 3127 3186 τόν
3173 3135 3496 3193 πλεονέκτην.
3525 3135 3603 3188 Οὐ
3647 3138 3746 3210 γὰρ
3795 3139 3944 3207 χαί-

2329 3239 2409 3293 ρει
2464 3223 2668 3273 πάντων
2726 3221 2865 3292 αὐτῇ)
2915 3221 3352 3297 πεπλοηρωμένων
3407 3233 3506 3276 τῶν
3551 3219 3694 3276 ἔνδον
3723 3267 3736 3291 ,
3803 3222 3944 3277 ἀλλὰ

2329 3312 2510 3362 νύσσει
2553 3314 2645 3367 τὴν
2701 3309 3028 3381 ψυχὴν(ί4)
3078 3311 3236 3363 αὐτοῦ
3289 3312 3566 3387 περιρρέων
3605 3314 3632 3363 ό
3687 3312 3939 3380 πλοῦτος,

568 3407 658 3453 καὶ
710 3409 808 3452 τῶν
856 3402 1101 3470 ταμιείων
1132 3398 1530 3470 ῦπερχεόμενος,
1573 3401 1642 3468 μή
1672 3415 1793 3463 που,
1825 3401 1916 3447 καὶ
1957 3399 2088 3470 πρὸς
2131 3399 2254 3456 τοὺς
2303 3398 2481 3460 ἔξωθεν
2525 3398 2862 3473 παρακύψας,
2907 3397 3107 3470 ἀγαθοῦ
3149 3420 3289 3462 τινος
3335 3400 3541 3475 ἀφορμή
3591 3409 3702 3463 τοῖς
3732 3398 3937 3454 ἒνὸεέσι

567 3509 802 3562 γενηται.

640 3583 693 3634 2.
737 3581 914 3633 Porro
961 3575 1170 3630 vitium
1197 3590 1320 3646 quo
1351 3573 1556 3630 anima
1588 3573 1746 3628 illius
1778 3573 2035 3642 laborat,
2077 3574 2221 3630 vitio

572 3667 688 3742 45
711 3666 1063 3722 helluonum
1095 3663 1241 3718 mihi
1273 3663 1508 3718 videtur
1537 3663 1821 3730 assimile,
1851 3665 1954 3736 qui
1985 3664 2221 3720 malunt

572 3773 695 3830 prae
718 3754 983 3824 ingluvie
1021 3752 1321 3824 disrumpi
1368 3767 1554 3823 quam
1585 3752 1901 3820 egentibus
1935 3752 2222 3824 reliquias

570 3843 882 3918 impertiri.
915 3848 1210 3911 Agnosce,
1243 3856 1278 3895 ο
1309 3840 1514 3907 homo,
1548 3839 1916 3909 largitorem.
1951 3843 2223 3898 Memine-

570 3937 653 3992 ris
682 3933 767 3990 tui
797 3931 1012 4004 ipsius,
1033 3931 1169 4003 quis
1193 3929 1292 3998 sis,
1317 3945 1582 4001 quorum
1611 3929 1718 3985 tibi
1739 3930 1963 3986 credita
1983 3930 2223 4001 dispen-

572 4025 724 4081 satio
755 4023 850 4088 sit,
883 4038 919 4076 a
948 4035 1070 4092 quo
1111 4017 1437 4089 acceperis,
1483 4034 1588 4072 cur
1617 4018 1799 4073 fueris
1830 4018 2031 4074 multis
2061 4024 2223 4074 ante-

571 4113 825 4186 positus.
872 4109 1128 4166 Minister
1167 4105 1416 4161 effectus
1456 4121 1519 4160 es
1566 4107 1666 4161 Dei
1693 4107 1924 4177 Optimi,
1967 4106 2220 4162 admini-

571 4207 790 4257 strator
819 4210 1272 4260 conservorum,
1302 4209 1378 4248 ne
1401 4193 1712 4249 existimes
1744 4194 1929 4249 ventri
1951 4200 2051 4250 tuo
2074 4211 2222 4265 prae-

570 4296 786 4363 parata
813 4303 946 4343 esse
977 4284 1210 4342 omnia:
1263 4282 1368 4338 sed
1417 4282 1490 4338 de
1534 4283 1606 4338 iis
1650 4299 1786 4354 quae
1829 4283 1890 4338 in
1938 4285 2222 4341 manibus

571 4379 762 4434 habes
785 4383 1077 4449 tanquam
1097 4374 1172 4429 de
1204 4371 1414 4429 alienis
1447 4377 1659 4428 statue.
1688 4375 2018 4445 Parumper
2043 4379 2096 4432 te
2119 4376 2222 4433 ob-

644 4488 689 4520 “
732 4488 904 4540 Prov.
931 4499 1016 4546 ιιι,
1046 4481 1138 4538 27.
1177 4482 1225 4515 θ’
1255 4479 1404 4537 ibid.
1431 4483 1484 4536 3.
1518 4480 1565 4514 ⁸³
1591 4483 1703 4535 Isa.
1725 4496 1880 4548 Lvm,
1914 4485 1966 4536 7.

645 4593 720 4662 (9)
755 4593 896 4662 Reg.
927 4588 1162 4662 primus
1191 4585 1349 4662 ᾁέρων
1371 4589 1619 4658 εῦκαρποι
1639 4589 2012 4662 καταστᾼοίσεις,
2037 4589 2218 4646 male,

572 4653 699 4722 Md!
731 4653 896 4715 00113.
927 4653 1132 4713 tertius
1182 4653 1319 4729 βοῶν
1363 4653 1609 4731 γεωργίαι
1639 4665 1727 4710 καὶ
1774 4659 1956 4724 τᾶλλα,
2007 4663 2142 4731 agri
2183 4677 2221 4717 α
2251 4653 2295 4706 D

575 4735 754 4791 bobus
786 4732 953 4787 culti.

643 4809 752 4875 (10)
789 4806 927 4872 Reg.
959 4799 1191 4875 primus
1222 4797 1429 4875 ἐντολῆς
1458 4798 1732 4875 λεγούσης.
1784 4800 1991 4857 Statim
2030 4802 2222 4858 codex

573 4867 839 4936 Co‘mbef.
874 4867 931 4928 ἐι
955 4867 1119 4927 Colb.
1145 4871 1349 4925 tertius
1379 4867 1598 4921 εὐποιεῖν
1625 4867 1804 4924 ἐνδεεῖ.

645 4945 1031 5021 (th)_Codices
1062 4941 1489 5021 tlombelisiani
1509 4946 1573 5021 et
1599 4942 2002 5021 Reg-primus
2033 4947 2104 5005 εὶς
2128 4950 2220 5003 τήν

574 5011 936 5081 ἀδιεξόδευτον
979 5017 1193 5071 ταύτην.
1250 5015 1380 5068 Mox
1423 5011 1590 5067 Colb.
1633 5011 1841 5069 tertius
1878 5013 2117 5078 παλαιοῖς
2156 5025 2218 5090 τῇ

572 5089 855 5152 πλεονεξία.

649 5147 918 5231 (12)’1Πδ,
951 5162 1021 5231 μὴ
1061 5159 1161 5230 γὰρ
1200 5151 1570 5231 προσόδους...
1603 5157 1672 5231 μὴ
1707 5157 1805 5228 γὰρ
1836 5165 2070 5231 καρ-πῶν,
2104 5156 2222 5227 legi

571 5227 791 5289 debere
838 5227 979 5286 cum
1025 5227 1167 5284 ηοω
1196 5227 1676 5295 interrogationis
1724 5227 2217 5296 putat'Ducaeus:

571 5320 758 5375 quam
799 5308 1006 5358 notam
1032 5298 1421 5375 rejiciendam
1448 5313 1578 5352 esse
1625 5296 2018 5375 Combeﬁsius
2068 5299 2225 5354 afﬁr-

572 5369 717 5430 mat.
755 5377 1000 5429 Constat
1033 5369 1346 5442 ejusmodi
1388 5375 1599 5442 notam
1635 5369 1694 5423 in
1738 5369 2043 5440 aliquibus
2074 5387 2218 5425 mss.

571 5446 844 5516 reperiri.
872 5445 935 5498 in
965 5439 1095 5516 aliis
1141 5443 1372 5498 deesse.
1415 5440 1556 5496 Vide
1581 5440 1710 5511 jam
1754 5439 1943 5510 quam
1980 5447 2222 5498 senten-

573 5513 720 5572 tiam
742 5516 913 5586 sequi
933 5513 1129 5568 malis.

2399 3583 2451 3632 2.
2487 3583 2588 3631 Καί
2609 3599 2698 3652 μοι
2724 3575 2950 3631 δοκεῖτὸ
2976 3581 3141 3641 πάθος
3171 3580 3331 3632 αὐτοῦ
3378 3589 3474 3641 τῆς
3501 3581 3691 3653 ψυχῆς
3726 3590 3798 3652 τῷ
3829 3589 3938 3632 τῶν

2328 3671 2739 3744 γαστριμάργων
2793 3674 3152 3743 προσεοικέναι
3187 3690 3200 3702 ·
3268 3669 3316 3721 οἱ
3379 3667 3732 3745 διαρραγῆναι
3787 3670 3937 3743 μᾶλ-

2328 3754 2412 3808 λον
2462 3759 2560 3810 ὑπὸ
2622 3757 2940 3831 λαιμαργίας
3008 3761 3276 3831 αἱροῦνται
3308 3801 3321 3826 ,
3387 3760 3417 3818 ἢ
3499 3769 3598 3812 τῶν
3675 3758 3938 3830 λειψάνων

2330 3842 2648 3918 μεταδοῦναι
2677 3855 2786 3906 τοῖς
2827 3843 3042 3901 ἐνδεέσι.
3091 3851 3264 3913 Σύνες,
3315 3850 3571 3923 ἄνθρωπε,
3627 3856 3717 3900 τοῦ
3764 3845 3941 3900 δεδω-

2331 3938 2500 3996 κότος.
2534 3937 2814 3992 Μηήσθητι
2838 3945 3078 4002 σεαυτοῦ,
3102 3942 3184 3997 τίς
3214 3935 3275 4004 εἷ,
3327 3943 3378 3989 τί
3427 3938 3731 4010 οἰκονομεῖς,
3785 3940 3941 4010 παρὰ

2293 4029 2465 4093 ᾗτίνος
2505 4023 2695 4090 ἂαϐες,
2753 4021 2847 4077 διὰ
2892 4031 2944 4077 τί
2995 4035 3095 4078 τῶν
3143 4026 3339 4079 πολλῶν
3391 4030 3722 4102 προεκρίθης.
3771 4025 3944 4098 Ἀγα-

2332 4115 2422 4164 θοῦ
2454 4121 2586 4166 Θεοῦ
2635 4118 2853 4185 γέγονας
2904 4117 3189 4190 ὓπηρέτης,
3239 4116 3508 4189 οἰκονόμος
3557 4125 3658 4168 τῶν
3705 4112 3942 4188 ὁμοδού-

2328 4200 2445 4253 λων·
2501 4207 2572 4274 μή
2630 4206 2801 4255 πάντα
2848 4208 2957 4256 οῖου
3015 4212 3077 4277 τῇ
3137 4209 3332 4280 γαστρὶ
3382 4207 3490 4276 (15)
3549 4214 3609 4278 τῇ
3669 4214 3734 4278 σῇ
3789 4225 3940 4279 παρ-

2329 4294 2682 4346 εσκευάσθαι.
2741 4292 2830 4355 Ὠς
2889 4299 2999 4367 ρετὶ
3065 4292 3342 4368 ἀλλοτρίων
3411 4292 3660 4367 βουλεύου
3721 4303 3820 4346 τῶν
3881 4293 3938 4346 ἓν

2327 4385 2508 4456 χερσίν
2541 4385 2726 4456 μικρὸν
2779 4382 3036 4457 εὐφραίνει
3087 4403 3142 4436 σε
3192 4388 3405 4458 χρόνον,
3456 4383 3566 4437 εἶτα
3612 4379 3940 4458 διαρρυέντα

2399 4593 2513 4668 (13)
2535 4591 2702 4668 ῼΑΟΗ).
2727 4590 3046 4668 tertius-dia
3064 4599 3332 4666 πτωχείαν
3350 4597 3827 4668 καταπονούμενοςξ
3850 4595 3932 4652 τί.

2402 4663 2510 4731 (44η)
2543 4664 2703 4718 Unus
2724 4680 2850 4738 ms.
2871 4663 3001 4717 ἀλλά
3029 4663 3306 4725 λυπεῖ’τὴν
3330 4667 3536 4738 ψυχήν,
3586 4663 3689 4722 sed
3716 4669 3938 4724 moles-

2332 4737 2478 4791 tiam
2510 4741 2717 4789 creant
2745 4737 2984 4792 animae.

2403 4809 2513 4882 (15)
2545 4805 2787 4882 Antiqui
2815 4807 2941 4882 duo,
2970 4807 3105 4882 libri
3130 4815 3190 4880 τῇ
3228 4816 3292 4881 σῇ
3315 4811 3665 4882 γαστρίεΜΟΙ
3687 4808 3939 4882 codices

2331 4874 2968 4954 Combeﬁsi‘aﬁietalii
2997 4874 3278 4954 sdcppatyu:
3313 4874 3739 4954 Εᾴἱῐὶεὐφρανεῑ,
3768 4881 3939 4937 obte-

2331 4947 2604 5026 ςιαριιηετ
2639 4948 2904 5026 Subinde
2936 4947 3332 5026 Regl'primus
3362 4947 3936 5026 ὁξιαρῥυενταοῖχεται.

2332 5018 2684 5092 Ambrosius
2703 5026 2766 5074 ut
2790 5022 2908 5076 alia
2933 5018 3229 5092 permulta
3247 5039 3320 5076 ex
3343 5018 3689 5079 aliis'Basilii
3712 5018 3945 5078 oratio-

2330 5089 2538 5164 nibus,
2551 5090 2632 5164 ita
2651 5106 2724 5146 ex
2742 5092 2853 5148 hac
2869 5089 3112 5164 quoque
3128 5109 3249 5164 non
3268 5108 3466 5164 pauca
3486 5101 3794 5149 mutuatus
3817 5100 3944 5150 est.

2335 5160 2602 5232 Exempli
2632 5178 2840 5236 causa,
2874 5160 3065 5219 totum
3090 5163 3238 5219 illud
3265 5160 3432 5236 quod
3463 5181 3604 5220 mox
3636 5165 3942 5236 sequitur,

2331 5237 2760 5308 μιμήσομαι-τὸν
2789 5234 3002 5308 Ἰωσήφ,
3049 5241 3196 5294 etc..
3243 5234 3328 5290 ita
3375 5237 3666 5308 expressit
3693 5234 3796 5290 lib.
3846 5237 3946 5292 De

2330 5303 2610 5377 A’abuthe
2621 5305 2944 5362 Jezraeltta
2958 5303 3160 5377 capit,
3176 5312 3334 5362 n.33:
3355 5303 3945 5364 [mitaborsanclum

2331 5373 2548 5442 Joseph
2571 5377 2970 5433 humanitatis
2982 5373 3435 5446 pfcedzcatione.
3463 5378 3752 5435 Ctamabo
3790 5391 3946 5436 voce

2329 5459 2595 5516 magna:
2632 5448 2850 5519 Venite,
2875 5463 3191 5519 pauperes,
3221 5450 3375 5506 edite
3409 5465 3662 5519 panes...
