4088 6194
145 268 260 323 265

1054 258 1343 317 HOMILIA
1379 260 1448 316 IN
1488 257 1696 314 ILLUD
1737 253 1959 326 ιυωε,
2000 252 2465 325 DESTRUAM,
2505 257 2656 314 ETC.

3426 255 3535 311 266

145 389 471 461 οἰχήσεται,
504 386 592 438 τόν
631 379 693 437 δέ
723 381 800 435 ἐπ’
832 381 1015 445 αὐτοῖς
1058 382 1207 456 λόγον
1249 381 1589 457 ἀπαιτηθήση
1641 382 1773 456 μετά
1808 387 1828 439 1

1922 385 2123 451 actant,
2155 382 2373 439 deinde
2404 381 2712 439 efﬂuentia
2740 383 3116 452 evanescent,
3146 384 3203 437 et
3231 379 3391 437 deiis
3413 380 3543 438 dili-

149 474 455 551 ἀκριϐείας.
513 478 580 526 Σὺ
640 469 701 525 δε
756 473 930 525 πάντα
986 473 1116 545 ὁμοῦ
1174 474 1358 547 θύραις
1410 477 1501 525 καὶ
1552 470 1776 545 μοχλοῖς

150 562 543 625 ἑναποκλείσας
591 564 752 634 ἔχεις
805 566 897 614 καὶ
959 558 1272 623 καταδήσας
1339 568 1641 636 σφραγῖσιν,
1693 558 1779 612 ἒπ-

153 660 450 728 αγρυπνεῖς
474 657 595 713 ταῖς
619 654 915 723 μερίμναις,
976 655 1068 702 καὶ
1115 648 1333 724 βουλεύῃ
1380 651 1518 703 κατά
1565 651 1776 718 σαυτὸν,

155 748 354 817 ippon
401 739 686 814 συμϐούλῳ
751 748 957 811 σεαυτῷ
1013 744 1353 814 κεχρημένος.
1418 746 1482 793 Τί
1523 744 1779 807 ποιήσω;

153 834 410 904 Ἑτοιμον
470 826 536 888 ἦν
590 828 766 897 εἰπεῖν,
827 831 910 882 ὅτι
963 829 1243 902 Ἐμπλησω
1304 832 1400 891 τὰς
1448 828 1635 902 ψυχὰς
1684 836 1783 880 τῶν

156 928 484 984 πεινώντων,
564 917 749 982 ἀνοίξω
796 921 894 980 τὰς
951 916 1241 986 ἀποθήκας,
1292 923 1384 971 καὶ
1430 919 1631 980 πάντας
1681 936 1786 971 κα-

155 1011 298 1064 λέσω
349 1014 483 1069 τοὺς
537 1004 744 1068 ἐνδεεῖς.
804 1012 1128 1080 Μιμήσομαι
1172 1010 1258 1060 τὸν
1315 1006 1508 1081 Ἰωσὴφ
1564 1007 1788 1080 τῷξτῆς

160 1100 571 1173 φιλανθρωπίας
625 1099 949 1170 κηρύγματι·
1030 1096 1314 1170 φθέγξομαι
1394 1101 1563 1170 φωνην
1633 1114 1790 1170 μεγα-

158 1189 436 1260 λόψυχον
488 1185 651 1239 Ὀσοι
709 1185 1014 1259 ὑστερεῖσθε
1061 1187 1247 1259 ἄρτων,
1298 1185 1466 1239 ἔλθετε
1508 1188 1640 1260 πρὸς
1687 1189 1785 1258 μέο

160 1287 261 1339 τῆς
290 1278 451 1348 παρά
483 1282 621 1329 Θεοῦ
647 1270 937 1348 δεδομένης
965 1276 1191 1348 χάριτος
1219 1278 1277 1327 τὸ
1309 1274 1500 1350 ἀρκοῦν
1548 1275 1788 1339 ἕκαστος,

160 1370 271 1422 οἷον
313 1366 379 1419 ὸι
408 1373 601 1419 κοινῶν
632 1374 832 1437 πηγῶν,
869 1365 1292 1439 συμμεθέξοντες.
1344 1365 1480 1418 Ἀλλ’
1528 1364 1588 1418 οὗ
1626 1371 1794 1418 τοιοῦ-

161 1479 255 1521 τος
298 1461 375 1511 6⁵5
410 1478 425 1491 ο
470 1458 667 1525 πόθεν;
717 1455 812 1519 ’ος
839 1475 897 1529 γε
937 1454 1244 1530 βασκαίνεις
1295 1459 1385 1530 μὲν
1433 1463 1544 1518 τοῖς
1591 1453 1794 1528 ἀνθρώ-

1886 476 2094 543 genter
2113 472 2223 528 abs
2253 476 2307 529 te
2320 471 2617 543 exigenda
2628 470 2780 528 ratio
2794 474 2902 527 est.
2921 473 3004 527 Tu
3018 486 3162 539 vero
3175 476 3393 527 cuncta
3409 487 3543 544 por-

1884 561 1961 617 tis
1984 560 2167 618 simul
2194 565 2252 618 et
2277 561 2587 635 repagulis
2617 560 2859 618 occlusa
2888 564 3087 627 tenes;
3113 564 3169 616 et
3188 576 3545 633 quanquam

1889 649 2096 721 sigillis
2127 649 2516 717 obstruxeris,
2558 649 2853 720 advigilas
2907 649 3142 720 anxius,
3186 655 3366 722 atque
3410 665 3551 707 con-

1890 738 2092 795 silium
2122 744 2332 797 contra
2362 739 2742 813 temetipsum
2791 737 2926 807 inis,
2958 737 3238 794 demente
3269 738 3551 796 consilia-

1890 828 1981 885 rio
2006 828 2198 903 teipso
2237 845 2387 885 usus
2421 828 2577 897 Quid
2601 829 2831 900 faciam
2855 830 2881 881 .9
2928 830 3279 901 Promptum
3311 832 3437 884 erat
3463 827 3553 884 di-

1894 933 2028 975 cere
2052 935 2065 975 :
2091 918 2491 974 Esurientium
2518 915 2776 989 explebo
2807 918 3066 984 animas,
3118 916 3391 989 aperiam
3418 916 3555 973 hor-

1895 1023 2020 1078 rea,
2040 1023 2376 1081 omnesque
2394 1022 2617 1077 egenos
2630 1022 2964 1063 accersam.
2982 1005 3269 1063 Imitabor
3279 1007 3555 1079 Ioseph“

1896 1096 1960 1153 in
1983 1096 2378 1170 praedicanda
2408 1096 2902 1169 declarandaque
2934 1095 3343 1165 humanitate;
3385 1096 3559 1153 emit-

1898 1192 2026 1245 tam
2057 1186 2447 1259 magniﬁcam
2475 1202 2726 1253 vocem;
2789 1188 3095 1259 Quotquot
3138 1185 3419 1257 indigetis
3457 1201 3561 1259 pa-

1899 1276 2101 1345 nibus,
2125 1275 2320 1332 venite
2347 1276 2424 1333 ad
2447 1292 2566 1346 me,
2596 1275 2819 1345 singuli
2845 1291 2918 1330 ex
2938 1275 3365 1331 communibus
3386 1274 3563 1348 quasi

1902 1364 2172 1422 fontibus
2202 1364 2386 1421 futuri
2416 1364 2739 1438 participes
2785 1363 2985 1421 collati
3027 1380 3063 1421 a
3110 1367 3227 1419 Deo
3256 1363 3560 1421 beneficii.

1905 1452 2021 1510 Sed
2049 1456 2114 1509 tu
2139 1453 2274 1511 talis
2292 1468 2418 1510 non
2450 1470 2541 1521 es;
2593 1453 2757 1509 unde
2782 1453 2810 1508 ‘P
2869 1453 2979 1519 Qui
3011 1451 3237 1509 scilicet
3262 1452 3565 1509 bonorum

160 1568 290 1611 ποις
319 1554 428 1608 τῆς
452 1544 812 1613 ἀπολαύσεως,
836 1548 1064 1619 πονηρὸν
1109 1541 1170 1598 δε
1217 1543 1589 1618 βουλευτήριον
1634 1541 1683 1596 ἓν
1730 1550 1792 1616 τῇ

1922 1558 2088 1598 1sum
2118 1541 2392 1599 invideas
2408 1541 2779 1611 hominibus,
2794 1541 3198 1614 improboque
3212 1545 3409 1598 tecum
3423 1542 3568 1598 inito

162 1638 331 1710 ψυχῇ
421 1640 817 1711 συγκροτήσας,
897 1635 1208 1710 φροντίζεις,
1289 1634 1394 1707 οὐχ
1460 1634 1600 1695 ὅπως
1673 1629 1799 1686 δια-

170 1723 285 1797 de};
345 1727 474 1797 (16)
536 1723 741 1796 ἑκάστῳ
802 1726 872 1776 τά
920 1726 1052 1798 πρὸς
1098 1727 1192 1781 τὴν
1230 1728 1437 1796 χρείαν,
1471 1720 1581 1774 ἀλλ’
1637 1722 1796 1790 ὅπως,

168 1818 357 1869 πάντα
383 1809 797 1885 ὑποδεξάμενος,
844 1814 1044 1875 πάντας
1072 1820 1168 1872 τῆς
1206 1809 1291 1864 ἀπ’
1342 1811 1512 1864 αὐτῶν
1561 1810 1802 1884 ὡγελείας

171 1904 596 1976 ἀποστερήσῃς.
647 1906 992 1974 Παρέστησαν
1040 1902 1089 1953 οἱ
1135 1904 1231 1959 την
1283 1900 1469 1973 ψυχὴν
1515 1898 1801 1953 ἀπαιτοῦν-

174 2014 281 2061 τες,
340 1991 593 2052 κάκεῖνος
646 1996 762 2063 περὶ
813 1988 1107 2063 βρωμάτων
1172 1996 1233 2061 τῇ
1291 1988 1445 2062 ψυχῇ
1509 1984 1793 2061 διελέγετο.

174 2086 366 2155 Ταύτῃ
416 2088 485 2152 τῇ
546 2084 695 2131 νυκτὶ
747 2078 863 2146 (l7)
912 2075 1354 2151 παρελαμϐάνετο,
1429 2082 1520 2131 καὶ
1575 2078 1647 2140 εἰς
1713 2080 1800 2136 ἔτη

178 2171 356 2224 πολλά
386 2173 486 2226 τήν
520 2166 807 2219 ἀπόλαυσιν
847 2164 1179 2239 ἔφαντάζετο.
1233 2168 1580 2240 Συνεχωρηθη
1634 2167 1808 2220 πάντα

184 2260 620 2334 βουλεύσασθαι,
652 2262 742 2310 καὶ
789 2258 1008 2331 φανερὰν
1061 2256 1244 2309 ἑαυτοῦ
1294 2257 1409 2328 (18)
1452 2264 1674 2316 ποιῆσαι
1710 2260 1806 2315 τὴν

184 2355 427 2422 γνώμην,
499 2348 585 2400 ἱνα
632 2344 778 2409 ἀξίαν
842 2355 942 2408 τῆς
1005 2349 1357 2422 προαιρέσεως
1423 2342 1641 2409 δέξηται
1713 2348 1806 2405 τὴν

194 2438 495 2511 ἀπόφασιν.

260 2529 319 2584 3.
368 2525 437 2578 Ὀ
469 2529 545 2599 μὴ
578 2526 751 2599 πάθης
783 2526 871 2577 σύ.
905 2525 1001 2577 Διά
1027 2530 1184 2577 τοῦτο
1218 2527 1321 2599 γάρ
1367 2527 1679 2598 γέγραπται,
1726 2522 1810 2576 ἵνα

193 2620 443 2688 φύγωμεν
474 2619 574 2673 τὴν
604 2614 878 2687 ὁμοίωσιν.
918 2619 1168 2687 Μίμησαι
1217 2618 1311 2673 τὴν
1353 2621 1475 2686 γῆν.
1525 2615 1764 2688 ἄνθρωπε
1792 2632 1805 2646 ο

1906 1630 2157 1689 consilio
2188 1630 2476 1688 sollicitus
2503 1631 2604 1700 sis,
2629 1646 2753 1687 non
2780 1630 3093 1704 quomodo
3113 1630 3421 1704 impertias
3438 1630 3572 1687 uni-

1908 1720 2125 1794 cuique
2150 1721 2518 1789 necessaria,
2551 1720 2659 1777 sed
2684 1719 2998 1793 quomodo
3025 1719 3307 1776 omnibus
3330 1735 3572 1776 assum-

1907 1810 2048 1883 ptis,
2078 1825 2291 1867 omnes
2316 1809 2515 1866 fructu
2563 1825 2774 1866 eorum
2825 1812 3007 1881 atque
3050 1807 3299 1865 utilitate
3348 1808 3571 1882 privos.

1911 1899 2206 1957 Astabant
2235 1898 2341 1972 qui
2370 1898 2641 1955 animam
2669 1898 2799 1970 ejus
2828 1899 3248 1971 repeterent”,
3280 1902 3337 1954 et
3358 1897 3454 1955 ille
3485 1915 3578 1955 se-

1911 2004 2053 2045 cum
2083 1987 2420 2044 disserebat
2447 1987 2523 2044 de
2581 1986 2907 2044 alimentis.
2968 1990 3087 2044 Hac
3140 1987 3277 2060 ipsa
3332 1990 3575 2045 nocte"

1912 2077 2344 2151 abripiebatur,
2378 2081 2435 2134 et
2464 2077 2545 2134 ad
2562 2076 2785 2134 multos
2805 2092 3001 2134 annos
3017 2093 3219 2134 rerum
3244 2079 3581 2151 possessio-

1912 2184 2055 2225 nem
2087 2167 2293 2224 animo
2326 2166 2439 2222 sibi
2460 2166 2750 2239 ﬁngebat.
2800 2166 2987 2223 Licuit
3040 2167 3125 2224 illi
3171 2166 3247 2224 de
3291 2166 3580 2224 omnibus

1914 2256 2271 2328 deliberare,
2305 2271 2377 2312 ac
2415 2260 2683 2313 mentem
2710 2272 2882 2312 suam
2913 2262 3117 2330 aperte
3148 2256 3479 2329 declarare,
3515 2262 3581 2315 ut

1916 2342 2276 2400 sententiam
2302 2343 2618 2417 proposito
2650 2360 2760 2401 suo
2792 2343 3044 2417 dignam
3075 2345 3396 2419 acciperet.

1989 2526 2044 2580 3.
2073 2523 2228 2582 Cave
2274 2538 2352 2582 ne
2377 2523 2486 2581 tibi
2514 2522 2676 2581 idem
2697 2539 2816 2581 usu
2841 2523 3061 2582 veniat.
3090 2524 3234 2583 Ideo
3260 2524 3417 2582 enim
3445 2525 3576 2582 haec

1919 2610 2147 2684 scripta
2175 2616 2339 2684 sunt,
2355 2619 2422 2669 ut
2451 2611 2710 2669 similem
2726 2612 2947 2684 agendi
2972 2612 3267 2670 rationem
3286 2614 3571 2670 vitemus.

190 2710 610 2778 καρποςδόρησον
676 2705 747 2766 ὡς
806 2701 994 2771 ἐκείνη,
1063 2707 1135 2777 μὴ
1203 2707 1397 2777 χείρων
1472 2709 1636 2776 φανῇς
1712 2710 1811 2765 τῆς

1922 2701 2160 2759 Imitare
2189 2706 2438 2774 terram,
2468 2717 2506 2760 o
2531 2703 2748 2770 homo;
2772 2704 3034 2760 fructum
3062 2704 3262 2777 profer
3281 2706 3441 2761 velut
3460 2704 3582 2775 illa,

192 2793 421 2866 ἀψυχου
474 2792 670 2850 Ἐκείνη
726 2795 816 2865 μὲν
867 2788 956 2844 οὖν
1002 2795 1126 2853 τοὺς
1171 2795 1407 2867 καρποὺς
1448 2790 1543 2843 οὐκ
1583 2790 1656 2853 εἰς
1685 2790 1809 2844 ἑαυ-

192 2892 287 2945 τῆς
323 2881 645 2947 ἀπόλαυσιν,
673 2879 777 2932 ἀλλ’
805 2879 877 2941 εἰς
906 2885 1001 2939 τήν
1051 2883 1149 2939 σήν
1191 2881 1482 2956 ὑπηρεσίαν
1530 2878 1767 2953 ἐξέθρεψε
1793 2900 1806 2913 ·

194 2976 259 3022 σὺ
287 2967 352 3022 ἴε
383 2968 439 3021 ὃν
495 2967 558 3020 ἂν
603 2964 836 3042 ἐπιδείξῃ
891 2977 986 3031 τῆς
1043 2968 1278 3031 εὐποιίας
1330 2970 1550 3042 καρπὸν,
1612 2976 1813 3039 σεαυτῷ

196 3067 385 3111 τοῦτον
418 3058 689 3128 συνάγεις,
719 3053 859 3110 διότι
896 3065 997 3109 τῶν
1036 3059 1243 3130 ἀγαθῶν
1296 3059 1454 3131 ἔργων
1499 3058 1553 3109 αἱ
1594 3058 1814 3130 χάριτες

196 3148 280 3203 ἐπὶ
309 3154 443 3210 τοὺς
476 3144 732 3209 διδόντας
778 3146 1250 3223 ἕπαναστρέφουσιν
1281 3147 1415 3219 (19).
1460 3143 1700 3209 Ἐδωκας
1742 3155 1815 3219 τῷ

197 3247 464 3305 πεινῶντι,
499 3240 593 3288 καὶ
634 3239 724 3288 σὸν
770 3240 969 3307 γίνεται
1018 3239 1077 3288 τὸ
1133 3232 1283 3289 δοθὲν
1328 3238 1460 3309 μετά
1506 3237 1815 3310 προσθήκης

206 3326 511 3381 ἑπουελθόν.
548 3323 751 3399 Ὠσπερ
789 3327 892 3399 γὰρ
933 3326 959 3377 ό
1009 3332 1173 3392 σῖτος,
1222 3324 1294 3386 εἰς
1339 3328 1434 3383 τὴν
1476 3332 1573 3395 γῆν
1620 3328 1812 3391 πεσὼν,

202 3412 387 3489 κέρδος
441 3421 520 3485 τῷ
567 3417 832 3487 προεμένῳ
881 3416 995 3485 (20)
1044 3418 1281 3486 γίνεται·
1355 3415 1519 3476 οὕτως
1565 3413 1591 3465 ό
1638 3414 1814 3488 ἄρτος,

208 3504 275 3566 εἰς
329 3507 420 3557 τόν
476 3511 738 3556 πεινῶντα
787 3500 1149 3570 καταϐληθεὴ,
1217 3501 1487 3575 πολύχουν
1534 3506 1629 3562 τὴν
1683 3502 1818 3576 ὠφέ-

205 3593 341 3646 λειαν
371 3594 447 3655 εἰς
477 3592 702 3665 ὕστερον
734 3586 1079 3646 ἀναδίδωσιν.
1120 3590 1296 3645 Ἔστω
1349 3588 1437 3644 οὖν
1490 3610 1575 3645 σοι
1622 3595 1681 3644 τὸ
1732 3595 1821 3645 πέ-

211 3703 302 3755 ρας
371 3691 474 3744 τῆς
538 3685 804 3755 γεωργίας
868 3678 1010 3755 ἀρχὴ
1066 3688 1162 3743 τῆς
1214 3679 1523 3755 ἐπουρανίου
1579 3687 1817 3756 σπορᾶς·

214 3778 459 3845 Σπείρατε
514 3774 644 3845 γὰρ,
697 3774 875 3844 φησὶν,
935 3769 1138 3833 ἑαυτοῖς
1202 3769 1275 3831 εἰς
1333 3766 1702 3829 δικαιοσύνην.
1757 3774 1822 3824 Τί

1916 2806 1994 2848 ne
2020 2807 2086 2848 re
2114 2792 2454 2849 inanimata
2476 2792 2720 2849 videare
2741 2792 3018 2850 deterior.
3055 2794 3192 2851 Haec
3223 2799 3426 2852 autem
3455 2794 3583 2851 fru-

1919 2885 2051 2938 ctus
2063 2880 2368 2952 enutrivit,
2391 2897 2515 2939 non
2529 2881 2613 2937 eis
2629 2881 2906 2951 fruitura,
2921 2883 3026 2939 sed
3040 2883 3147 2940 tibi
3166 2883 3584 2941 inservituros.

1920 2971 2014 3028 Tu
2041 2986 2186 3029 vero
2205 2987 2641 3045 quemcunque
2670 2972 3087 3030 beneﬁcentiae
3104 2974 3367 3031 fructum
3384 2979 3585 3032 osten-

1922 3057 2138 3126 disses,
2170 3057 2521 3130 collegisses
2549 3059 2715 3115 hunc
2764 3059 2870 3116 tibi
2915 3060 3050 3133 ipsi,
3094 3077 3234 3116 cum
3279 3061 3585 3118 bonorum

1922 3161 2177 3220 operum
2202 3146 2397 3217 gratia
2423 3147 2870 3221 praemiumque
2892 3148 2952 3204 in
2981 3148 3293 3220 largitores
3315 3154 3587 3207 reverta-

1923 3240 2040 3293 tur.
2068 3235 2291 3293 Dedisti
2320 3236 2627 3303 esurienti,
2661 3242 2718 3293 et
2743 3242 2917 3293 tuum
2946 3237 3014 3294 ﬁt
3036 3238 3205 3312 quod
3236 3238 3450 3296 datum
3476 3244 3586 3309 est,

1924 3340 1996 3383 ac
2018 3340 2158 3382 cum
2189 3324 2607 3383 additamenta
2635 3326 2714 3383 ad
2735 3330 2792 3383 te
2819 3327 3154 3385 revertitur.
3175 3329 3587 3395 Quemadmo-

1924 3413 2075 3471 dum
2100 3414 2262 3472 enim
2290 3414 2682 3485 frumentum,
2706 3416 2873 3489 quod
2894 3416 2957 3473 in
2982 3421 3203 3474 terram
3230 3419 3407 3487 cadit,
3426 3417 3590 3475 inlu-

1925 3519 2097 3561 crum
2117 3502 2274 3560 cedit
2295 3503 2659 3577 projicienti,
2686 3504 2768 3562 ita
2789 3506 2968 3578 panis
2991 3507 3276 3563 esurienti
3294 3508 3587 3578 objectus,

1924 3591 1990 3649 in
2009 3596 2320 3666 posterum
2365 3593 2625 3650 multum
2654 3593 2762 3651 tibi
2814 3595 3023 3651 afferet
3061 3595 3478 3667 emolumenti.
3508 3597 3590 3652 Sit

1927 3696 2073 3753 ergo
2100 3681 2205 3737 tibi
2234 3681 2613 3752 agriculturae
2642 3682 2781 3739 ﬁnis
2809 3683 3049 3740 initium
3075 3683 3332 3741 caelestis
3358 3700 3591 3741 semen-

1929 3770 2031 3827 tis:
2054 3771 2360 3828 Seminate
2374 3771 2558 3841 enim,
2572 3771 2957 3845 inquit,vobis
2968 3774 3113 3844 ipsis
3132 3775 3504 3844 injustitiam
3518 3774 3587 3831 9".

216 3858 299 3914 οὖν
324 3858 638 3935 ἀδημονεῖς,
671 3864 726 3912 τί
754 3864 961 3923 κόπτεις
991 3863 1226 3925 σεαυτὸν,
1266 3858 1416 3932 πηλῷ
1462 3864 1553 3913 καὶ
1590 3859 1822 3921 πλίνθοις

1932 3859 2086 3926 Quid
2117 3859 2299 3931 igitur
2323 3860 2543 3917 anxius
2564 3876 2629 3918 es
2651 3862 2680 3917 ?
2708 3861 2859 3934 quid
2897 3861 3078 3919 caedis
3108 3867 3163 3920 te
3198 3863 3350 3936 ipse,
3380 3862 3507 3920 luto
3536 3848 3595 3919 et

213 3956 295 4003 τόν
374 3950 608 4003 πλοῦτον
687 3947 1059 4002 ἀναποκλεῖσαι
1147 3947 1482 4022 φιλονεικῶν;

214 4044 369 4113 ὄνομα
414 4039 580 4092 καλὸν
639 4038 767 4111 ὑπερ
829 4037 1050 4090 πλοῦτον
1101 4037 1281 4093 πολὺν.
1323 4038 1384 4092 Εἰ
1437 4034 1497 4091 δε
1537 4038 1824 4111 θαυμάζεις

212 4134 274 4182 τὰ
302 4135 575 4204 χρήματα
606 4123 702 4179 diu
725 4130 819 4186 τὴν
867 4126 952 4180 ἀπ’
997 4126 1164 4179 αὐτῶν
1207 4131 1386 4200 τιμὴν,
1441 4130 1625 4179 σκόπει
1675 4130 1824 4199 πόσῳ

406 4215 580 4280 δόξαν
653 4214 1097 4288 λυσιτελέστερον,
1174 4220 1372 4290 μυρίων
1447 4211 1654 4269 παίδων
1728 4234 1827 4269 πα-

208 4312 332 4380 τέρα
360 4309 486 4379 (21)
518 4306 1027 4379 προσαγορεύεσθαι,
1060 4305 1089 4364 ἦ
1123 4309 1344 4379 μυρίους
1379 4307 1521 4378 ἔχειν
1561 4314 1827 4379 στατῆρας

207 4395 256 4448 ἰν
306 4395 613 4470 Salaria».
679 4395 758 4446 Τά
802 4397 890 4465 μέν
940 4412 1001 4465 γε
1055 4397 1314 4466 χρήματα
1363 4392 1694 4465 καταλείψεις
1746 4392 1828 4447 ἒν-

209 4489 401 4555 ταῡθα,
437 4489 535 4537 καὶ
568 4486 644 4557 μὴ
679 4480 1027 4555 βουλόμενος.
1085 4485 1180 4540 τήν
1220 4478 1280 4534 δὲ
1327 4480 1410 4535 ἐπὶ
1457 4490 1567 4545 τοῖς
1613 4482 1833 4555 ἀγαθοῖς

208 4580 388 4649 ἔργοις
446 4573 759 4648 φιλοτιμίαν
816 4570 1158 4645 ἀποκομίσεις
1212 4573 1343 4645 πρὸς
1397 4574 1485 4623 τὸν
1544 4576 1827 4641 Δεσπότην,

211 4667 336 4719 ὅταν
392 4661 580 4737 δῆμος
609 4662 745 4728 ὅλος,
787 4659 871 4714 ἐπὶ
920 4668 1014 4713 τοῦ
1053 4667 1228 4713 κοινοῦ
1270 4667 1452 4734 κριτοῦ
1498 4663 1835 4735 περιστάντες

216 4773 295 4813 σε,
350 4757 557 4828 τροφέα
604 4754 697 4802 καὶ
762 4748 1029 4823 εὐεργέτην
1084 4751 1174 4800 καὶ
1224 4749 1397 4800 πάντα
1450 4750 1517 4801 τά
1575 4757 1672 4812 τῆς
1728 4749 1838 4823 φιλ-

218 4847 532 4919 ανθρωπίας
588 4837 924 4892 ἀποκαλῶσιν
986 4836 1233 4910 ὀνόματα.
1284 4836 1408 4909 Οὐχ
1449 4838 1575 4911 ὁρᾷς
1619 4841 1743 4900 τοὺς
1789 4837 1837 4890 ἓν

218 4941 327 4995 τοῖς
365 4932 491 5004 (22)
531 4929 797 5001 θεάτροις,
855 4932 1332 4999 παγκρατιασταῖς,
1373 4929 1463 4977 καὶ
1500 4930 1703 4999 μίμοις,
1749 4932 1840 4980 καὶ

289 5024 341 5058 u
380 5024 534 5079 Gen.
571 5031 749 5088 xum,
786 5018 871 5080 lt,
906 5029 1077 5087 seqq.
1154 5014 1202 5050 π
1236 5015 1372 5069 Luc.
1402 5029 1504 5083 xu,
1536 5018 1627 5074 20.

1566 3956 1821 4024 Κρεῖσσον

210 4226 309 4292 :96
318 4241 341 4281 ς

234 5197 373 5239 mss.
394 5177 650 5251 'a‘mdrfir.

302 5260 409 5319 (Π)
441 5242 694 5308 Veteres
724 5245 852 5302 duo
880 5242 1039 5319 libri,
1072 5243 1201 5319 αᾷτῇ
1235 5251 1296 5319 τῇ
1328 5248 1497 5319 νυκτί.

304 5312 417 5395 (t8)
450 5326 623 5382 Unus
655 5335 780 5376 ms.
811 5312 1032 5390 90:2sz
1060 5312 1220 5368 αὐτοῦ
1250 5312 1379 5372 Mox
1401 5314 1554 5373 alius
1575 5335 1711 5388 ms.,
1731 5312 1852 5392 δέξῃ

250 5413 424 5539 πῖίθ)
454 5464 628 5525 Colb.
666 5460 914 5537 primus
946 5452 1195 5520 διδόντας
1226 5456 1718 5535 ἐπαναστρέφονται.

679 5588 945 5643 Ρλτκοι..
978 5582 1077 5639 Gn.
1108 5583 1282 5638 XXXI.

1707 5018 1756 5052 οε
1794 5015 1873 5052 {hi

297 5024 341 5058 ’δ
380 5024 534 5079 Gen.
571 5031 749 5088 xum,
786 5018 871 5080 lt,
906 5029 1077 5087 seqq.
1154 5015 1202 5050 π
1236 5015 1372 5069 Luc.
1402 5029 1504 5083 xu,
1536 5018 1627 5074 20.
1707 5018 1756 5052 ⁸⁸
1792 5015 1941 5077 ibid.

297 5111 626 5183 (tG)_Un_ux
648 5103 848 5163 codex
874 5105 1016 5174 Reg.
1042 5107 1100 5159 et
1127 5100 1288 5170 editi,
1312 5099 1572 5176 μεταδῷς.
1602 5104 1712 5161 Alii
1734 5108 1852 5162 tres

1928 3947 2221 4006 lateribus
2251 3948 2497 4006 divitias
2528 3949 2891 4007 concludere
2921 3951 3292 4009 contendens
3311 3953 3341 4008 ?
3379 3953 3593 4009 Melius

1931 4043 2243 4095 estnomen
2274 4038 2489 4096 bonum
2517 4055 2697 4112 quam
2728 4040 2959 4098 divitia
3000 4042 3286 4099 multae“.
3329 4040 3501 4107 Quod
3544 4040 3596 4096 si

1931 4142 2081 4200 opes
2112 4127 2348 4184 miraris
2377 4127 2457 4185 ob
2505 4128 2963 4201 provenientem
3016 4146 3090 4187 ex
3139 4131 3224 4187 eis
3273 4130 3596 4219 honorem,

1933 4216 2251 4274 considera
2292 4221 2525 4290 quanto
2569 4219 2644 4276 sit
2689 4219 2770 4275 ad
2814 4219 3073 4291 gloriam
3120 4216 3595 4288 conducibilius,

1933 4305 2398 4363 innumerorum
2460 4306 2723 4364 ﬁliorum
2764 4312 3000 4379 patrem
3042 4307 3359 4381 appellari.
3410 4324 3599 4383 quam

1934 4396 2292 4452 innumeros
2321 4395 2380 4451 in
2395 4396 2707 4469 marsupio
2728 4402 2977 4454 statores
2998 4397 3244 4455 habere.
3265 4401 3332 4455 Et
3353 4398 3601 4473 quidem

1936 4484 2256 4541 relicturus
2296 4484 2396 4541 hic
2445 4501 2510 4541 es
2565 4486 2857 4558 pecunias
2906 4486 3001 4544 vel
3049 4487 3319 4544 invitus:
3371 4493 3598 4557 contra,

1938 4575 2179 4646 partam
2217 4571 2298 4629 ob
2352 4571 2519 4629 bona
2573 4587 2762 4647 opera
2805 4574 3060 4646 gloriam
3092 4575 3209 4649 46
3258 4576 3605 4650 exportabis

1943 4661 2025 4718 ad
2110 4661 2459 4731 Dominum,
2527 4678 2668 4721 cum
2753 4664 2983 4723 scilicet
3066 4666 3470 4725 circumstans
3549 4670 3605 4723 te

1945 4766 2154 4808 coram
2183 4751 2497 4809 communi
2539 4751 2744 4825 judice
2786 4754 3052 4829 populus
3105 4756 3306 4812 omnis
3351 4754 3607 4812 nutrito-

1946 4855 2077 4896 rem
2121 4846 2179 4897 et
2227 4839 2573 4900 beneﬁcum
2625 4841 2976 4915 largitorem
3023 4848 3080 4901 te
3139 4843 3487 4918 appellabit,
3538 4860 3609 4900 ac

1947 4927 2202 4987 nomina
2264 4930 2474 4988 omnia
2538 4932 2983 4990 humanitatem
3047 4932 3611 5006 benignitatemque

2019 5017 2064 5055 ’7
2100 5019 2240 5078 Ose.
2272 5036 2332 5092 x,
2364 5023 2449 5077 l2.
2528 5022 2576 5057 9⁸
2607 5024 2778 5079 Prov.
2813 5038 2949 5091 χχιι,
2987 5026 3035 5079 t.

2034 5109 2153 5189 (2Ο)⁸
2171 5108 2642 5189 ϐοᾶςδᾳυὶᾀειω
2674 5110 2939 5167 Combef.
2955 5115 3029 5189 _et
3044 5113 3187 5189 βόε.
3218 5110 3615 5189 secundusrrp

1961 5183 2244 5261 προεμένῷ.
2277 5179 2390 5249 Alli
2410 5179 2691 5261 Quinque
2722 5197 2870 5236 mss.
2913 5186 2970 5261 et
2989 5181 3129 5237 editi
3148 5179 3458 5261 προϊεμένῳ.
3502 5179 3617 5240 Nec

1963 5250 2047 5306 ita
2076 5250 2267 5306 multo
2295 5250 2620 5322 post—unus
2668 5267 2782 5306 ms.
2818 5256 3069 5324 σπείρετε,
3101 5250 3223 5326 γάρ.

2039 5323 2148 5385 (2t)
2174 5320 2342 5378 Colb.
2373 5322 2605 5385 primus
2635 5326 2833 5385 πατέρα
2862 5341 2939 5377 σε.

2039 5323 2148 5390 (21)
2174 5323 2342 5378 Colb.
2373 5323 2605 5393 primus
2635 5326 2833 5395 πατέρα
2862 5323 2946 5377 σε.
3111 5323 3116 5324 ⁷
3172 5323 3180 5326 ⁷

1976 5392 2840 5517 ενὲῗῗὲἶέἒιῖῗ³¹ί⁴¹¹¹⁰ί¹ί¹³τί
2891 5397 3011 5456 τοὺς
3054 5393 3105 5448 έν
3144 5392 3273 5459 τοῖςο
3326 5397 3476 5456 Editi
3514 5406 3623 5462 τοῖς

1971 5481 2022 5514 εν
2043 5478 2172 5528 τοις,
2202 5478 2380 5519 male.

3345 5598 3378 5653 9
