4088 6194
535 260 637 317 “267

1921 254 1979 311 S.
2022 253 2272 316 BASILII
2306 257 2522 317 MAGNI

3786 264 3895 319 268

524 380 928 454 signiﬁcantia
953 380 1057 439 libi
1085 379 1321 439 tribuet.
1351 382 1569 439 Annon
1613 377 1783 437 vides
1813 393 1943 450 eos,
1974 377 2081 451 qui
2120 377 2182 434 in

2296 380 2647 454 θηρεομάχοις
2674 387 2813 436 τισὶν
2844 381 3152 459 ἀνθρώποις,
3180 384 3270 447 οὓς
3306 383 3402 437 κάν
3451 381 3766 459 βδελύξαιτό
3811 405 3897 448 τις

448 536 457 541 ι
522 471 780 540 theatra,
802 471 863 529 in
889 469 1356 546 pancratiastas,
1382 470 1444 527 in
1477 469 1720 540 mimos,
1751 468 1934 541 inque
1971 467 2181 524 decer—

523 564 721 618 tantes
752 577 891 618 cum
922 559 1061 617 feris
1088 559 1389 623 homines,
1421 574 1684 632 quorum
1726 557 1824 615 vel
1869 561 2181 630 aspectum

522 649 721 722 quivis
748 648 1165 720 detestabitur,
1209 664 1319 722 pro
1357 648 1525 705 brevi
1565 647 1817 717 honore,
1862 651 2043 719 atque
2073 660 2183 723 pro

522 738 773 812 strepitu
801 737 1009 812 populi
1043 741 1099 795 et
1117 736 1335 811 plausu
1370 736 1610 795 divitias
1647 734 2073 811 profundunt?
2098 736 2181 791 Tu

519 842 666 885 vero
695 843 914 900 parcus
955 842 1019 883 es
1045 826 1111 883 in
1150 826 1495 900 sumptibus
1541 824 1853 892 faciendis,
1910 823 2073 881 unde
2118 838 2182 880 es

522 915 776 986 gloriam
833 918 1067 973 tantam
1106 916 1593 973 consecuturus?
1644 911 2079 987 Comprobabit
2126 915 2183 971 te

519 1005 699 1074 Deus,
734 1003 1173 1062 collaudabunt
1201 1004 1420 1076 angeli,
1436 1007 1739 1079 quotquot
1757 1002 1838 1061 ab
1858 1002 2003 1060 orbe
2034 1016 2181 1060 con-

518 1092 644 1151 dito
668 1093 948 1151 homines
975 1093 1163 1163 fuere,
1188 1091 1438 1151 beatum
1469 1097 1524 1150 te
1547 1090 2005 1167 prmdicabunt;
2047 1089 2181 1161 glo-

514 1183 668 1241 riam
689 1188 1307 1253 mternam,coronam
1322 1181 1586 1254 justitiaa,
1611 1197 1867 1254 regnum
1888 1179 2182 1239 caelorum

516 1288 627 1346 pro
654 1271 903 1345 praemio
932 1287 1136 1329 rerum
1168 1270 1649 1345 corruptibilium
1678 1275 1836 1328 recte
1864 1269 2182 1343 dispensa-

518 1368 716 1419 tarum
745 1365 1101 1437 recepturus
1132 1377 1215 1418 es.
1278 1361 1545 1428 Quorum
1570 1359 1723 1417 nihil
1748 1360 1852 1419 tibi
1880 1375 2039 1417 curae
2070 1361 2180 1426 est,

520 1467 592 1510 ea
622 1467 760 1525 quas
790 1451 854 1508 in
885 1467 994 1525 spe
1022 1450 1290 1524 reposita
1318 1456 1459 1511 sunt
1486 1450 1653 1509 bona
1681 1450 1762 1507 ob
1790 1448 2178 1524 prmsentium

2290 468 2585 545 προσιδεῖν,
2646 474 2771 547 ὑπερ
2812 480 2908 536 τῆς
2950 472 2999 526 ἂν
3038 473 3194 547 ὀλίγῳ
3237 483 3416 549 τιμῆς,
3466 479 3556 528 καὶ
3602 484 3703 528 τῶν
3750 477 3899 549 ποιρά

2292 567 2383 613 τοῦ
2410 557 2585 633 δήμου
2612 561 2842 636 θορύϐων
2894 568 2984 616 καὶ
3025 567 3219 637 κρότων
3263 568 3350 617 τὸν
3395 563 3617 617 πλοῦτον
3666 569 3895 639 προεμὶο

2290 668 2446 719 νους;
2477 654 2577 704 Καὶ
2608 655 2674 704 σὺ
2704 650 2818 724 (ἳ3)
2847 656 3209 727 μικροπρεπὴς
3238 650 3286 707 εἴ
3322 659 3440 728 περὶ
3485 656 3581 716 τὰς
3629 649 3891 721 δαπάνας,

2290 738 2611 802 τηλικαύτης
2638 741 2829 814 με’λλων
2868 741 3215 802 ἰπιϐήσεσθαι
3246 740 3446 811 δόξης;
3497 746 3629 805 Θεὸς
3672 746 3820 797 ἔσται
3867 744 3896 795 ὁ

2292 826 2722 905 ἀποδεχόμενος*
2763 831 2976 905 ἄγγελοι
3002 834 3347 908 εὐφημοῦντες
3371 854 3384 869 ·
3430 835 3479 887 οἱ
3519 833 3619 887 ἀπὸ
3672 838 3897 897 κτίσεως

2291 919 2558 993 ἄνθρωποι
2634 923 3049 998 μακαρίζοντες⁸
3134 920 3267 987 δόξα
3341 922 3568 992 αἱώνὶος,
3643 927 3899 996 στέφανος

2292 1003 2659 1078 δικαιοσύνης,
2696 1010 2943 1085 βασιλεία
2989 1022 3091 1065 τῶν
3136 1013 3384 1089 οὐρανῶν,
3431 1008 3563 1067 ἆθλα
3606 1033 3691 1067 σοι
3742 1016 3899 1067 ἔσται

2292 1106 2389 1160 τῆς
2414 1107 2515 1152 τῶν
2539 1102 2779 1177 φθαρτῶν
2807 1103 3002 1156 τούτων
3033 1102 3330 1176 οἰκονομίας
3353 1124 3367 1138 ι
3409 1101 3476 1157 ὧν
3519 1099 3729 1166 οὐδενὸς
3773 1104 3899 1175 (24)

2292 1188 2602 1262 φροντίζεις.
2651 1198 2715 1263 τῇ
2774 1197 2894 1265 περὶ
2935 1194 3002 1245 τὰ
3050 1190 3283 1267 παρόντα
3340 1188 3548 1266 σπουδῇ
3597 1201 3697 1246 τῶν
3743 1191 3899 1245 ἐλπι-

2296 1279 2519 1350 ζομένων
2575 1280 2857 1353 ὑπερορῶν.
2928 1287 3084 1357 Δεῦρο
3139 1278 3206 1341 δὴ
3263 1278 3350 1335 οὖν
3400 1281 3650 1345 ποικίλως
3702 1279 3900 1335 διάθου

2291 1369 2379 1419 τὸν
2425 1366 2666 1436 πλοῦτον,
2701 1369 2970 1443 φιλότιμος
3010 1376 3100 1425 καί
3145 1370 3383 1445 λαμπρὸς
3428 1374 3545 1445 περὶ
3592 1373 3688 1433 τὰς
3724 1367 3902 1423 δαπά-

2291 1474 2383 1517 νας
2406 1464 2506 1508 τῶν
2539 1453 2790 1531 δεομένων
2829 1463 3113 1533 γενόμενος.
3160 1462 3406 1532 Λεγίσθω
3451 1464 3541 1513 καὶ
3586 1463 3706 1534 περὶ
3755 1467 3855 1512 σοῦ
3880 1479 3896 1494 ο

521 1540 790 1598 studium
842 1540 1272 1598 contemnenti.
1321 1545 1446 1611 Age
1483 1539 1684 1612 igitur,
1737 1540 1973 1599 divitias
2016 1536 2183 1596 varie

2296 1548 2650 1619 Ἐσκόρπισεν,
2727 1544 2891 1602 ἔδωκε
2959 1556 3071 1611 τοῖς
3151 1553 3406 1609 πένησιν·
3481 1551 3513 1608 ἠ
3579 1545 3897 1607 δικαιοσύνη

519 1630 829 1703 dispensa,
861 1628 1128 1687 liberalis
1153 1634 1285 1687 esto
1307 1633 1363 1686 et
1378 1628 1733 1703 splendidus
1757 1628 1819 1686 in
1837 1628 2183 1702 sumptibus

517 1718 582 1776 in
611 1734 837 1790 egenos
864 1717 1313 1793 impendendis.
1357 1719 1599 1778 Dicatur
1628 1719 1812 1776 etiam
1840 1718 1917 1779 de
1947 1723 2039 1776 te:
2071 1718 2182 1777 Di-

519 1810 759 1880 spersit,
785 1809 949 1867 dedit
969 1808 1343 1880 pauperibus
1370 1821 1396 1883 ,'
1419 1809 1671 1881 justilia
1709 1810 1840 1880 eius
1877 1814 2078 1867 manet
2117 1811 2181 1866 in

520 1899 893 1959 sarculum”.
943 1898 1074 1957 Noli
1117 1914 1351 1971 magno
1394 1898 1677 1967 vendere,
1722 1897 2184 1957 necessitatibus

521 1990 659 2063 plus
678 1988 842 2062 justo
867 1988 1155 2047 intentus.
1191 1992 1343 2049 Cave
1374 1993 1689 2063 exspectes
1719 2003 1979 2047 annona
2027 1987 2181 2047 cari-

520 2082 706 2137 tatem
732 2078 813 2136 ad
839 2078 1059 2136 horrea
1088 2077 1438 2153 aperienda.
1486 2079 1643 2136 Nam
1691 2078 1798 2151 qui
1834 2083 2013 2149 auget
2046 2092 2185 2148 pre-

520 2168 670 2225 tium
716 2182 995 2234 annonae,
1031 2166 1198 2239 plebi
1233 2172 1318 2227 est
1350 2167 1805 2227 exsecrabilis‘.
1849 2169 1931 2227 Ne
1958 2165 2187 2227 famem

521 2257 657 2315 auri
686 2272 895 2329 causa,
926 2272 1002 2314 ne
1039 2256 1310 2314 inediam
1353 2272 1745 2317 communem
1770 2255 1851 2314 ob
1881 2261 2186 2330 privatam

523 2363 712 2422 apum
739 2351 982 2405 tuarum
1013 2346 1253 2421 copiam
1279 2346 1620 2420 opperiare.
1669 2345 1798 2405 Noli
1827 2346 1957 2405 ﬁeri
1983 2360 2186 2418 caupo

522 2438 943 2495 humanarum
971 2436 1419 2506 calamitatum;
1472 2451 1550 2493 ne
1598 2435 1753 2493 iram
1781 2436 1883 2491 Dei
1912 2434 2186 2492 occasio-

520 2543 665 2587 nem
695 2526 904 2585 feceris
933 2526 1297 2598 aggerendie
1336 2524 1631 2599 pecunias.
1687 2525 1843 2587 Cave
1871 2524 2185 2583 exulceres

520 2617 775 2674 vulnera
806 2616 1010 2688 ﬂagris
1041 2631 1363 2674 caesorum.
1395 2618 1479 2673 Tu
1504 2631 1646 2672 vero
1679 2615 1966 2687 conjectis
1993 2615 2063 2672 in
2087 2630 2191 2672 au-

2292 1632 2452 1686 αὐτοῦ
2491 1640 2629 1708 μένει
2657 1636 2774 1708 (25)
2813 1638 2885 1700 εἰς
2921 1641 3009 1691 τὸν
3049 1638 3230 1693 αἰῶνα.
3298 1643 3385 1696 Μὴ
3450 1636 3745 1713 βαρύτιμος
3802 1640 3899 1692 ἔσο

2292 1730 2411 1786 ταῖς
2464 1729 2675 1798 χρείαις
2726 1725 3092 1801 ἐπιτιθέμενος.
3168 1731 3255 1786 Μή
3333 1726 3547 1801 ἀνάμενε
3606 1724 3894 1794 σιτοδείαν,

2295 1813 2378 1866 ἵνα
2406 1810 2615 1887 ἀνοίξῃς
2645 1812 2977 1888 σιτοδοχεία.
3022 1816 3080 1869 Ὀ
3108 1819 3210 1891 γὰρ
3255 1816 3568 1891 τιμιουλκῶν
3610 1824 3753 1870 σῖτον
3782 1817 3896 1889 (26)

2294 1898 2753 1977 δημοκατοὶρατος.
2808 1910 2893 1965 Μὴ
2921 1905 3071 1979 λιμὸν
3125 1903 3351 1979 ὶκδέχου
3400 1902 3494 1959 διὰ
3543 1909 3770 1980 χρυσὸν,
3819 1909 3897 1979 μὴ

2293 1997 2471 2052 κοινὴν
2500 1990 2699 2048 ἔνδειαν
2731 1991 2802 2048 δι’
2831 1993 3075 2070 εὐπορίαν
3109 1992 3276 2051 ἰδίαν.
3331 1999 3418 2056 Μὴ
3466 1999 3616 2069 γίνου
3663 1994 3903 2058 κάπηλος

2298 2091 2575 2158 συμφορῶν
2649 2083 3017 2161 ἀνθρωπίνων·
3082 2090 3153 2158 μὴ
3227 2090 3321 2144 τὴν
3386 2083 3545 2160 ὀργὴν
3606 2093 3699 2139 τοῦ
3760 2092 3899 2139 θεοῦ

2295 2174 2477 2244 καιρὸν
2513 2177 2747 2248 ποιήσῃς
2791 2179 3098 2250 περιουσίας
3153 2175 3468 2249 χρημάτων.
3514 2179 3599 2234 Μὴ
3651 2172 3905 2249 ίπιξάνῃς

2295 2278 2574 2334 τραυματα
2620 2268 2987 2337 κεκακωμένων
3043 2271 3160 2326 ταῖς
3214 2263 3457 2338 μάστιξι.
3525 2267 3592 2317 Σὺ
3651 2260 3712 2317 δι
3765 2267 3907 2337 πρὸς

2296 2351 2386 2421 μεν
2416 2352 2504 2402 τὸν
2532 2355 2739 2426 χρυσὸν
2771 2350 3093 2421 ἀποϐλίπεις,
3127 2355 3214 2405 τὸν
3251 2348 3309 2405 δὲ
3354 2348 3572 2425 ἀδελφὸν
3620 2350 3679 2405 οὐ
3725 2371 3907 2426 προσ-

2298 2438 2536 2502 ϐλέπεις.
2609 2445 2698 2494 καὶ
2760 2450 2851 2494 τοῦ
2916 2444 3006 2515 μὲν
3061 2446 3385 2516 νομίσματος
3433 2440 3794 2514 ἐπιγινώσκεις
3841 2444 3909 2495 τὸ

2297 2530 2578 2602 χάραγμα,
2623 2535 2715 2585 καὶ
2759 2538 2853 2584 τοῦ
2907 2528 3136 2605 δοκίμου
3181 2527 3470 2605 διακρίνεις
3519 2534 3579 2584 τὸ
3625 2528 3904 2599 κίϐδηλον,

2296 2619 2388 2670 τὸν
2415 2613 2474 2670 δε
2504 2614 2720 2692 ἀδελφὸν
2749 2622 2893 2694 παρὰ
2920 2625 3014 2679 τὴν
3036 2625 3224 2695 χρείαν
3252 2619 3511 2683 παντελῶς
3551 2618 3765 2693 ἀγνοεῖς.

522 2722 664 2764 rum
689 2705 902 2776 oculis,
928 2721 1053 2763 non
1078 2705 1331 2779 respicis
1361 2704 1441 2763 ad
1464 2704 1711 2763 fratrem
1736 2720 1751 2772 ;
1777 2708 1837 2762 et
1863 2702 2255 2765 numismatis
2285 2705 2534 2779 quidem
2560 2712 2772 2766 notam
2802 2710 3102 2783 agnoscis,
3148 2713 3208 2767 et
3242 2725 3280 2767 a
3328 2709 3563 2769 sincero
3611 2709 3914 2769 adulteri-

521 2810 670 2853 num
703 2794 1019 2864 discernis,
1057 2794 1307 2853 fratrem
1334 2809 1479 2851 vero
1511 2798 1782 2868 tempore
1813 2793 2193 2853 necessitatis
2216 2806 2468 2866 prorsus
2491 2793 2763 2867 ignoras.

595 2887 651 2943 4.
683 2889 766 2942 Ac
794 2883 1045 2959 quidem
1064 2883 1290 2941 nitidus
1309 2882 1444 2941 auri
1470 2882 1636 2943 color
1651 2882 1829 2941 valde
1853 2881 2184 2943 admodum

2369 2886 2423 2940 4.
2467 2889 2569 2940 Καὶ
2596 2888 2626 2945 ἠ
2654 2890 2744 2960 μὶν
2775 2887 2997 2961 εὔχροιοί
3028 2905 3087 2941 σε
3115 2893 3209 2941 τοῦ
3228 2893 3440 2964 χρυσοῦ
3461 2883 3713 2962 ὑπερήδει
3735 2908 3749 2921 ο
3777 2888 3921 2952 ὅσος

529 2977 586 3031 te
616 2972 916 3042 oblectat;
951 2972 1059 3031 sed
1088 2977 1238 3049 quot
1265 2976 1324 3037 et
1342 2972 1558 3047 quanti
1578 2987 1908 3043 egenorum
1930 2972 2192 3045 gemitus

531 3069 587 3123 te
615 3066 1086 3137 prosequantur,
1105 3077 1230 3120 non
1255 3066 1523 3136 reputas.
1556 3060 1875 3129 Quomodo
1905 3060 2011 3120 tibi
2034 3077 2190 3135 pau-

529 3152 691 3227 peris
720 3151 1094 3210 calamitates
1130 3166 1360 3225 ponam
1381 3150 1462 3208 ob
1482 3150 1693 3209 oculos
1712 3151 1742 3208 ‘I
1786 3150 1887 3209 Ille
1914 3166 1979 3208 re
2007 3148 2189 3208 fami-

531 3242 666 3300 liari
684 3240 1150 3316 circumspecta,
1176 3239 1339 3297 videt
1374 3256 1594 3298 aurum
1635 3239 1749 3299 sibi
1796 3255 1908 3297 nec
1952 3239 2189 3310 adesse,

500 3346 646 3411 ~nec
674 3346 951 3405 unquam
992 3329 1364 3399 affuturum;
1421 3328 1589 3387 videt
1638 3328 2073 3401 supellectilem
2119 3344 2191 3386 ac

531 3421 811 3480 vestitum
860 3420 1028 3487 tales,
1057 3419 1269 3495 quales
1298 3424 1455 3477 certe
1477 3419 1672 3478 solent
1690 3434 1822 3478 esse
1849 3435 2192 3492 pauperum

533 3511 865 3580 facultates,
889 3513 1097 3570 omnia
1117 3510 1330 3583 paucis
1350 3510 1544 3569 obolis
1568 3509 1948 3568 aestimanda.
1965 3509 2194 3584 Ecquid

532 3600 759 3673 igitur?
788 3603 938 3657 Tum
967 3599 1219 3656 demum
1248 3598 1543 3657 convertit
1590 3598 1801 3656 oculos
1841 3599 1906 3656 in
1944 3598 2191 3668 liberos,

533 3694 601 3749 ut
628 3690 690 3748 in
717 3690 918 3748 forum
948 3689 1162 3747 ductos
1191 3688 1436 3747 venales
1460 3704 1791 3763 exponens,
1815 3688 1956 3747 inde
1983 3691 2196 3747 mortis

532 3780 939 3855 impendentis
985 3779 1259 3838 solamen
1302 3779 1550 3853 aliquod
1596 3778 1883 3838 inveniat.
1935 3780 2038 3837 Hie
2085 3796 2192 3837 ur-

533 3870 729 3942 gentis
759 3870 938 3928 famis
964 3885 1241 3944 pugnam
1270 3869 1618 3929 consideres
1646 3869 1847 3940 velim,
1878 3873 1937 3927 et
1956 3870 2193 3943 paterni

532 3959 780 4019 amoris.
803 3961 1019 4016 Fames
1035 3959 1285 4032 quidem
1302 3958 1706 4017 miserrimam
1718 3963 1975 4017 mortem
1994 3960 2190 4019 mina-

531 4056 647 4116 tur,
672 4054 892 4108 natura
910 4065 1054 4109 vero
1080 4049 1349 4121 retrahit,
1382 4048 1719 4121 suadetque
1765 4053 1832 4106 ut
1885 4065 2011 4107 una
2051 4066 2190 4107 cum

527 4139 732 4198 liberis
763 4140 1081 4197 moriatur:
1125 4142 1184 4197 et
1223 4152 1384 4211 saepe
1413 4137 1735 4211 impulsus,
1784 4142 1844 4195 et
1884 4154 2045 4212 saepe
2090 4154 2189 4198 re-

2299 2968 2360 3026 δέ
2391 2992 2476 3027 σοι
2506 2973 2777 3030 ἀκολουθεί
2800 2984 2892 3030 τοῦ
2919 2974 3128 3040 ὅνδεοῦς
3155 2978 3181 3030 ὁ
3215 2980 3523 3052 στεναγμὸς,
3575 2977 3635 3030 οὐ
3676 2976 3902 3053 λογίζῃ.

2298 3068 2417 3125 Πῶς
2448 3082 2531 3119 σοι
2570 3064 2781 3137 ὑπ’ὄψιν
2811 3066 2926 3139 (27)
2976 3064 3159 3140 ἀγάγω
3207 3068 3275 3121 τὰ
3320 3069 3462 3126 πάθη
3501 3072 3594 3121 τοῦ
3642 3071 3863 3130 πένητος
3896 3084 3916 3137 ;

2295 3151 2532 3221 Ἐκεῖνος,
2565 3154 3013 3230 περισκεψάμενος
3062 3159 3132 3210 τὰ
3174 3153 3339 3224 ἔνδον,
3391 3159 3507 3234 ὁρᾷ,
3563 3158 3644 3211 ὅτι
3693 3161 3923 3232 χρυσὸς

2296 3246 2386 3316 μὶν
2413 3244 2554 3317 αὐτῷ
2578 3247 2695 3298 οὔτε
2724 3243 2886 3316 ἐστὶν,
2920 3249 3038 3299 οὔτε
3064 3251 3343 3319 γενήσεται
3367 3252 3577 3301 πώποτε
3599 3263 3614 3281 ·
3648 3250 3807 3306 σκεύη
3845 3244 3885 3301 δ
3886 3249 3922 3301 ὶ

2296 3336 2386 3386 καὶ
2413 3330 2539 3393 ίσθὴ
2552 3354 2591 3401 ς,
2624 3342 2862 3403 τοιαῦτα,
2897 3337 2984 3390 οἶα
3008 3337 3121 3409 (28)
3152 3335 3211 3388 ἄν
3240 3340 3456 3410 γίνηται
3500 3345 3729 3411 πτωχῶν
3776 3342 3921 3397 κτή-

2297 3441 2457 3495 ματα,
2514 3422 2698 3496 ὀλίγων
2749 3427 2817 3477 τὰ
2860 3427 3033 3478 πάντα
3083 3424 3273 3479 ὀϐολῶν
3313 3427 3456 3490 ἄξια.
3501 3432 3565 3480 Τί
3608 3426 3731 3497 οὗνς
3781 3425 3918 3481 Ἐπὶ

2297 3515 2422 3574 τοὺς
2462 3509 2662 3575 παῖδας
2710 3513 2888 3568 λοιπὸν
2940 3517 3059 3588 ἄγει
3114 3519 3203 3568 τὸν
3253 3514 3535 3589 ὀφθαλμὸν,
3596 3517 3747 3583 ὥστε,
3810 3515 3919 3569 αὖ·

2296 3605 2421 3664 τοὺς
2473 3603 2583 3675 (29)
2636 3602 2845 3677 ἀγαγὼν
2886 3604 2957 3667 εἰς
3007 3607 3065 3657 τὸ
3120 3610 3429 3681 πρατήριον,
3490 3602 3712 3658 ἕντεῦθεν
3761 3606 3917 3680 εὖρὲ-

2301 3692 2427 3746 σθαι
2469 3700 2561 3746 τοῦ
2611 3694 2833 3747 θανάτου
2877 3695 3235 3770 παραμυθίαν.
3276 3699 3483 3753 Νόησον
3522 3693 3743 3749 ἐνταῦθα
3789 3694 3914 3770 (30)

2297 3783 2482 3855 μάχην
2547 3780 2780 3855 ἀνάγκης
2832 3782 3007 3857 λιμοῦ,
3074 3788 3165 3838 καὶ
3246 3780 3533 3848 διαθέσεως
3613 3793 3912 3861 πατρικῆς.

2295 3870 2353 3924 Ἤ
2402 3874 2491 3946 μεν
2536 3875 2623 3925 τὸν
2678 3874 2941 3927 οἴκτιστον
3000 3874 3218 3927 θάνατον
3269 3871 3485 3943 ἀπειλεῖ,
3544 3875 3574 3933 ἠ
3631 3869 3691 3928 δε
3742 3876 3917 3947 φύσις

2298 3957 2544 4030 ἀνθέλκει,
2620 3964 2991 4017 συναποθανεῖν
3035 3969 3147 4026 τοῖς
3206 3966 3404 4026 τέκνοις
3445 3964 3737 4017 πείθουσα·
3809 3969 3918 4018 καὶ

2296 4049 2545 4114 πολλάκις
2594 4053 2853 4126 ὁρμήσας,
2922 4055 3013 4106 καὶ
3072 4051 3322 4116 πολλάκις
3378 4050 3672 4120 ἀνακοπεὶς,
3731 4051 3921 4106 τελευ-

2294 4146 2439 4193 ταῖον
2468 4138 2754 4216 ἐκρατήθη,
2787 4142 2886 4195 ὑπὸ
2916 4150 3013 4203 τῆς
3060 4139 3349 4215 ἀναγκαίας
3395 4146 3485 4197 καὶ
3534 4140 3917 4218 ἀπαραιτήτου

527 4234 749 4302 tentus,
778 4230 1025 4289 tandem
1052 4228 1412 4300 succumbit,
1460 4228 1815 4287 necessitate
1856 4233 2040 4303 atque
2067 4229 2184 4287 im-

2296 4234 2481 4303 χρείας
2509 4228 2822 4293 ἐκϐιασθείς.
2852 4236 2954 4285 Καὶ
2983 4232 3070 4285 οἷα
3100 4230 3404 4305 βουλεύεται
3434 4232 3461 4285 ὁ
3500 4236 3711 4308 πατήρς
3767 4235 3921 4286 Τίνα

527 4319 814 4394 placabili
866 4324 1129 4391 egestate
1185 4322 1452 4377 coactus.
1503 4318 1619 4375 Sed
1671 4334 1810 4391 quae
1861 4317 1923 4375 in
1980 4319 2188 4377 animo

528 4408 781 4465 consilia
808 4414 1006 4466 versat
1032 4413 1207 4483 pater
1233 4410 1262 4466 ‘I
1301 4409 1491 4475 Quem
1518 4407 1783 4481 primum
1812 4407 2139 4465 divendam
2156 4408 2187 4464 ‘2

526 4499 863 4565 Quemnam
892 4498 1179 4557 frumenti
1209 4497 1805 4556 venditorlubentius
1817 4498 2185 4572 conspiciat?

521 4587 825 4646 Accedam
841 4587 920 4645 ad
937 4588 1280 4647 maximum
1308 4588 1498 4647 natu?
1533 4591 1604 4646 At
1635 4587 1825 4646 (etatis
1845 4588 1985 4661 jura
2008 4605 2182 4648 reve-

594 4714 643 4749 99
675 4711 831 4770 Psal.
864 4728 977 4783 cxi,
1006 4716 1060 4769 9.
1142 4714 1155 4749 ι
1188 4715 1359 4770 Prov.
1384 4728 1464 4785 x1,
1499 4717 1589 4771 26.

592 4839 709 4921 (ἓὲ)
746 4837 998 4921 βοςᾷίοιῖε
1026 4837 1544 4921 ᾀιιολῖροέεειέιοιέες
1568 4841 1635 4921 ξι)
1667 4833 1746 4921 δίς

588 4905 703 4982 (24)
732 4910 974 4984 Antiqui
1003 4910 1129 4984 duo
1156 4905 1289 4965 libri
1320 4905 1387 4984 ᾦν
1418 4905 1627 4971 οὐδενὸς
1652 4913 1867 4966 τούτων.

588 4984 701 5055 (25)
738 4981 907 5039 Εὐίίῖ
935 4982 1092 5055 μενεῖ,
1146 4982 1422 5039 manebit.
1475 4986 1546 5037 At
1591 4997 1740 5038 mss.
1791 4981 1966 5040 multi
2009 4988 2169 5057 μένει,

519 5061 743 5111 manet.

584 5124 899 5201 (26)‘lllud,
933 5124 1393 5201 Proverbiorum
1415 5128 1615 5201 x1,_26,
1655 5126 1696 5201 ὁΔ
1724 5127 1829 5201 γὰρ.
1854 5125 2169 5200 τιμιουλκῶν

515 5194 656 5273 σῖτον
677 5194 1136 5273 δημοκαῖάρατος,
1165 5196 1328 5253 varie
1360 5196 1531 5273 apud
1562 5194 1773 5273 varios
1794 5194 2168 5273 'Ainterpretes

507 5265 764 5342 legitur}
792 5265 981 5341 quam
1005 5265 1479 5342 discrepantiam
1526 5268 1576 5324 si
1617 5267 1925 5342 quispiam
1965 5265 2167 5328 videre

512 5340 695 5410 cupit,
727 5339 889 5413 legat
922 5341 1202 5413 liexapla.

577 5414 695 5479 (27)
727 5412 870 5484 Reg.
902 5411 1140 5484 primit—13
1170 5411 1245 5466 ἐπ’
1274 5411 1413 5482 ὄψιν.

2291 4327 2494 4393 πρῶτον
2520 4320 2633 4393 (31)
2689 4320 3043 4394 ἀπεμπολήσω
3065 4333 3090 4393 ;
3137 4326 3266 4376 Τίνα
3322 4317 3382 4375 δε
3447 4316 3617 4385 ἡδέως
3672 4319 3699 4374 ὁ
3755 4340 3920 4375 σιτο-

2289 4408 2466 4472 πώλης
2513 4407 2735 4481 biberat;
2796 4409 2915 4464 Ἐπὶ
2972 4412 3060 4464 τὸν
3099 4408 3457 4486 πρεσϐύτατον
3507 4410 3675 4481 Ξλθω;
3740 4407 3919 4467 Ἀλλὰ

2290 4495 2642 4573 δυσωποῦμαι
2672 4498 2832 4552 αὑτοῦ
2861 4501 2927 4553 τὰ
2954 4499 3226 4575 πρεσϐεῖα.
3278 4499 3433 4555 Ἀλλὰ
3477 4502 3564 4554 τὸν
3601 4504 3855 4554 νεώτατον
3891 4520 3912 4573 ;

2291 4588 2423 4645 Ἀλλ’
2472 4587 2589 4643 ἐλεῶ
2641 4588 2802 4643 αὐτοῦ
2857 4592 2953 4649 τὴν
3005 4587 3216 4649 ἠλικίαν
3292 4587 3715 4652 ἀναισθητοῦσαν
3790 4596 3913 4665 τῶν

2357 4843 2470 4909 (29)
2500 4839 2744 4913 Antiqui
2772 4839 2897 4899 duo
2925 4838 3063 4900 libri
3087 4841 3222 4895 ὥστε
3258 4842 3495 4905 τούτους.
3548 4842 3680 4900 Mox
3708 4836 3863 4898 Colb
3880 4884 3901 4898 .

2281 4914 2507 4989 tertius
2523 4911 2748 4989 ἐντεῦθεν
2778 4913 3053 4989 εὕρασθαι.

2353 4987 2468 5055 (30)
2491 4987 2593 5056 Ita,
2626 4988 2813 5043 νόησον
2835 4983 3087 5056 ἓνταῠθα,
3113 4988 3249 5053 etc.,
3275 4984 3339 5042 in
3378 4983 3553 5043 editis
3599 4983 3916 5056 leguntur

2279 5071 2418 5112 cum
2434 5055 2662 5130 virgula
2683 5061 3049 5130 postvocem
3070 5055 3329 5130 ἀνάγκηςξ
3351 5072 3488 5130 quae
3504 5055 3915 5130 virgulainon

2276 5128 2573 5201 reperitur
2598 5125 2796 5201 neque
2820 5128 2884 5184 in
2907 5128 3070 5201 Colb.
3101 5125 3399 5201 secundo;
3424 5125 3638 5201 neque
3654 5128 3717 5185 in
3742 5129 3911 5200 Reg.

2277 5198 2470 5270 tertio,
2504 5198 2817 5271 neque—in
2849 5199 3066 5269 Coisl.;
3139 5214 3252 5257 nec
3298 5199 3450 5257 mihi
3492 5198 3749 5259 dubium
3802 5198 3920 5259 est

2274 5271 2423 5345 quin
2454 5269 2669 5345 melius
2693 5269 2867 5327 absit.

2342 5346 2458 5417 (3_f)
2489 5341 2653 5398 Colb.
2698 5340 3002 5417 secundus
3044 5345 3159 5417 τίνα
3200 5350 3406 5417 πρῶτον
3445 5344 3661 5417 τουτων.
3713 5340 3912 5417 goll).

2272 5414 2475 5469 tertius
2505 5417 2620 5465 τίνα
2664 5416 2876 5467 τούτων.
2934 5415 3051 5470 Nec
3102 5413 3188 5471 ita
3240 5412 3442 5471 multo
3501 5413 3660 5471 infra
3714 5412 3909 5472 Colb.

574 5485 688 5551 (28)
716 5481 877 5535 Colb.
903 5481 1141 5552 primus
1172 5481 1390 5535 τοιαὺτα
1424 5484 1598 5537 ὁποῖα.
1648 5482 1877 5539 Ibidem
1909 5483 2049 5540 editi
2100 5483 2161 5537 ἂν

2298 5485 2478 5541 ertius
2499 5488 2585 5536 τὸν
2610 5487 2740 5539 νέον.

503 5554 721 5621 γένοιτο.
753 5554 985 5608 Veteres
1018 5555 1291 5626 quinque
1320 5554 1456 5609 libri
1485 5552 1546 5604 ἂν
1570 5558 1802 5624 γένηται.
