4088 6194
628 346 737 402 275

2005 337 2064 393 S.
2105 332 2351 390 BASILII
2390 333 2612 392 MAGNI

3893 336 4010 393 276

629 470 755 527 dies
810 466 1113 540 sequens”.
1160 462 1372 529 Qualia
1418 464 1722 535 praecepta
1775 460 2133 529 contemnis,
2181 457 2288 531 qui

2406 479 2490 513 ται
2517 480 2530 494 -
2591 462 2616 513 6
2644 463 2977 535 γυμνητεύων
3006 465 3265 534 πήγνυται
3290 481 3303 494 ο
3349 461 3375 513 ὁ
3407 460 3779 534 ἀπαιτούμενος
3824 462 4013 533 (ἔγχε-

621 559 754 631 jam
785 560 965 614 antea
977 553 1080 610 tibi
1094 550 1344 608 avaritia
1366 566 1543 606 aures
1558 550 1931 608 obturaveris
1948 551 1974 607 ἱ)
1991 551 2290 616 Quantam

628 647 949 722 oportebat
974 642 1199 700 habere
1240 645 1294 697 te
1340 640 1636 697 beneﬁcio
1684 640 1954 712 largitori
2006 638 2285 711 gratiam,

630 752 821 812 quam
845 734 1098 791 hilarem
1125 735 1180 787 te
1209 744 1362 798 esse,
1393 742 1585 803 quam
1622 729 1828 786 laetum
1871 728 1952 786 ob
2000 744 2138 785 eum
2186 727 2292 801 qui

630 826 742 884 tibi
765 824 1029 882 defertur
1052 822 1373 889 honorem,
1402 819 1679 876 videlicet
1705 819 1873 893 quod
1902 835 2027 876 non
2064 823 2292 892 pertur-

630 915 741 972 bes
771 914 929 971 t'ores
954 912 1204 977 alienas,
1226 909 1333 967 sed
1348 909 1595 967 aliituas
1628 912 1966 982 occupent?
1991 912 2158 966 Nunc
2188 924 2291 965 ve-

628 1019 699 1061 ro
725 1018 1007 1061 morosus
1036 1016 1122 1073 es,
1148 1000 1370 1073 vixque
1395 997 1476 1056 ad
1529 1002 1585 1056 te
1625 1014 1907 1055 accessus
1935 1001 2135 1072 patet:
2186 997 2292 1072 qui

630 1095 896 1153 declines
924 1108 1241 1163 occursus,
1274 1106 1349 1147 ne
1381 1090 1531 1147 forte
1570 1089 1664 1147 vel
1710 1090 2023 1147 modicum
2064 1089 2210 1164 quid
2259 1106 2291 1147 θ

631 1184 920 1243 manibus
945 1181 1245 1239 dimittere
1290 1180 1550 1250 cogaris.
1603 1182 1797 1237 Unam
1840 1180 1995 1236 nosti
2037 1196 2288 1236 vocem:

633 1278 764 1332 Non
794 1273 1013 1341 habeo,
1046 1287 1156 1327 nec
1181 1270 1345 1327 dabo
1373 1289 1385 1337 ;
1419 1285 1561 1327 nam
1593 1285 1828 1344 pauper
1858 1286 2013 1326 sum.
2067 1273 2294 1327 Revera

630 1378 870 1438 pauper
897 1378 980 1429 es,
1013 1364 1071 1417 et
1098 1362 1296 1416 omnis
1325 1359 1473 1415 boni
1503 1359 1717 1431 inops:
1764 1375 1999 1433 pauper
2026 1360 2293 1416 dilectio-

632 1454 747 1521 nis,-
782 1466 1014 1524 pauper
1036 1448 1458 1515 humanitatis,
1501 1462 1737 1523 pauper
1783 1447 1925 1505 ﬁdei
1967 1449 2029 1505 in
2082 1450 2292 1516 Deum,

631 1556 867 1616 pauper
894 1539 1024 1613 spei
1072 1542 1328 1595 aeternae.
1389 1536 1714 1611 Participes
1766 1537 2049 1594 frumenti
2106 1539 2294 1596 facias

631 1632 884 1689 fratres:
958 1629 1127 1703 quod
1189 1643 1325 1685 cras
1400 1631 1725 1702 putrescet,
1780 1628 1841 1685 id
1890 1629 2071 1685 hodie
2126 1629 2293 1686 trade

632 1721 850 1792 egenti.
875 1719 1151 1777 Avaritiae
1179 1717 1516 1792 pessimum
1546 1734 1739 1790 genus
1777 1722 1886 1789 est,
1934 1734 2009 1775 ne
2036 1735 2110 1775 ea
2159 1720 2293 1794 qui-

2400 567 2489 604 ται
2522 573 2534 586 ·
2592 556 2683 605 καὶ
2732 556 2797 604 σὺ
2828 556 2921 610 τὴν
2980 551 3324 625 ἐλεημοσύνην
3379 550 3451 612 εἰς
3502 555 3595 610 τήν
3644 553 3824 625 αὔριον
3886 550 4016 604 ἁνα-

2402 640 2611 716 ϐάλλῃ;
2691 641 2879 696 Ἀκουε
2943 641 3301 716 Σολομῶντος·
3377 645 3462 701 Μὴ
3524 642 3709 714 εἴπῃς·
3755 639 4016 695 Ἐπανελς

2404 734 2504 785 θὼν
2698 730 2936 800 ἐπάνηκε,
2996 737 3086 784 καὶ
3143 734 3320 805 αὔριον
3380 727 3539 784 δώσω
3570 730 3686 801 (55)
3716 751 3728 765 ’
3790 731 3852 782 οῦ
3899 733 4013 804 γὰρ

2403 817 2555 883 οἶδας
2609 825 2662 874 τί
2714 822 2912 885 τέξεται
2963 823 2993 881 ἠ
3050 820 3288 878 ἐπιοῦσα.
3365 822 3499 873 Οἱων
3552 818 4016 895 παραγγελμάτων

2402 912 2676 986 ὑπερορᾷς,
2711 920 2773 984 τῇ
2803 910 3120 986 φιλαργυρίᾳ
3155 913 3222 964 τὰ
3267 910 3376 963 ὦτα
3415 908 3793 984 προαποϐύσας
3841 912 3966 980 (56)
3998 909 4011 964 ἰ

2406 1006 2582 1059 ῐιόσην
2631 997 2739 1056 ἔδει
2783 1019 2840 1054 σε
2889 1003 3052 1075 χάριν
3108 1003 3249 1073 ἔχειν
3300 1008 3372 1071 τῷ
3424 999 3684 1074 εὐεργέτῃ,
3738 1002 3830 1051 καὶ
3880 1017 4018 1071 φαι-

2406 1089 2531 1166 δρὸν
2562 1090 2709 1160 εἶναι,
2744 1097 2833 1144 καὶ
2880 1090 3273 1165 λαμπρύνεσθαι
3319 1097 3381 1163 τῇ
3431 1098 3581 1162 τιμῇ,
3636 1090 3715 1141 ὅτι
3771 1088 3867 1141 οῦκ
3917 1088 4023 1140 αὖε

2405 1186 2492 1244 τός
2524 1178 2759 1254 διοχλείς
2792 1183 2950 1255 θύρας
2981 1181 3181 1255 ἐτέρων,
3239 1178 3368 1232 ἀλλὰ
3412 1182 3506 1239 τὰς
3557 1181 3653 1241 σὰς
3709 1177 3857 1230 ἄλλοι
3905 1197 4023 1229 κοι-

2404 1270 2837 1345 ταλαμϐάνουσιε
2880 1278 2986 1323 Νῦν
3018 1264 3077 1323 δὲ
3105 1274 3343 1343 κατηφὴς
3389 1265 3435 1321 εἷ
3479 1273 3568 1320 καὶ
3609 1264 4023 1333 δυσέντευκτος,

2406 1361 2643 1415 ἐκκλίνων
2702 1364 2794 1423 τὰς
2847 1359 3181 1430 ἀπαντήσεις,
3256 1364 3326 1432 μή
3378 1361 3478 1412 πού
3543 1376 3596 1411 τι
3657 1361 3747 1410 καὶ
3821 1360 4033 1430 μικρὸν

2407 1450 2743 1524 ἀναγκασθῇς
2799 1459 2898 1503 τῶν
2946 1458 3140 1523 χειρῶν
3198 1447 3445 1503 ἐκϐαλεῖν.
3506 1452 3643 1502 Μίαν
3698 1442 3852 1508 οἶδας
3913 1466 4038 1515 4pm-

2404 1546 2495 1600 νήν
2522 1562 2534 1575 ο
2579 1541 2689 1593 Οὐκ
2720 1543 2829 1612 ἔχω
2855 1561 2867 1573 ·
2909 1536 3034 1593 οὐδὲ
3075 1535 3233 1593 δώσω
3269 1557 3282 1573 ·
3314 1542 3470 1600 πίνης
3515 1538 3618 1610 γάρ
3665 1536 3789 1610 εἰμι.
3847 1540 4039 1597 Πένης

2406 1628 2455 1685 εἶ
2505 1631 2722 1702 τῷ(57)
2773 1634 2899 1695 ὄντι,
2942 1634 3031 1681 καὶ
3088 1624 3265 1690 ἐνδεὴς
3321 1630 3516 1689 παντὸς
3574 1625 3806 1698 ἀγαθοῦ*
3853 1630 4037 1686 πένης

2406 1720 2810 1797 φιλανθρωπίας,
2861 1724 3019 1782 πένης
3064 1723 3289 1780 πίστεως
3339 1717 3407 1779 εἰς
3456 1719 3605 1781 Θεὸν,
3655 1719 3811 1778 πίνης
3861 1713 4033 1767 ἐλπί-

630 1811 773 1868 dem
802 1825 939 1884 quae
968 1812 1461 1883 corrumpuntur,
1494 1807 1701 1879 egenis
1725 1824 1997 1879 erogare.

2407 1807 2500 1873 δος
2530 1810 2761 1864 αἰωνίου.
2825 1810 3188 1884 Συμμεριστὰς
3237 1811 3461 1867 ποίησον
3520 1806 3634 1878 (58)
3687 1814 3785 1858 τῶν
3847 1808 4029 1859 σίτων

628 1904 754 1964 τοὺς
784 1897 1036 1976 ἀδελφούς
1061 1920 1074 1934 ·
1114 1902 1174 1952 τὸ
1196 1903 1376 1975 αὔριον
1409 1904 1699 1973 σηπόμενον
1733 1904 1957 1975 σήμερον
1985 1895 2214 1974 μετάδος
2242 1909 2314 1974 τῷ
2341 1897 2586 1977 δεομένῳ.
2635 1898 2935 1965 ΙΙλεονεξίας
2984 1893 3124 1963 εἶδος
3162 1900 3220 1951 τό
3258 1896 3654 1971 χαλεπώτατον,
3703 1890 3844 1971 μηδὲ
3892 1903 4018 1948 τῶν

630 1993 969 2065 φθειρομένων
1013 1985 1360 2063 μεταδιδόναι
1406 1995 1517 2052 τοῖς
1573 1986 1822 2045 ἐνδεέσιν.

699 2086 753 2136 7.
787 2079 914 2150 Cui,
945 2078 1160 2151 inquit,
1192 2078 1480 2150 injuriam
1509 2077 1686 2147 facio,
1718 2078 1869 2135 dum
1900 2078 2131 2136 retineo
2157 2095 2296 2138 mea

627 2171 811 2243 atque
836 2184 1131 2226 conservo
1153 2168 1181 2225 ?
1212 2169 1397 2235 Quae,
1430 2167 1528 2223 die
1554 2167 1722 2236 mihi,
1752 2172 1856 2225 tua
1887 2168 2079 2224 sunt?
2131 2169 2295 2226 unde

625 2262 879 2332 accepta
906 2258 969 2314 in
994 2256 1181 2314 vitam
1220 2256 1520 2313 intulisti?
1568 2256 1737 2313 Velut
1785 2257 1834 2313 si
1874 2258 2034 2330 quis,
2066 2257 2202 2315 loco
2231 2259 2295 2316 in

626 2347 859 2405 theatro
889 2346 971 2403 ad
1008 2345 1414 2419 spectandum
1462 2349 1779 2419 occupato,
1831 2345 2049 2403 deinde
2090 2347 2292 2417 ingre-

623 2436 857 2494 dientes
883 2438 1106 2504 arceat,
1136 2434 1200 2491 id
1227 2435 1320 2492 sui
1348 2434 1543 2508 ipsius
1560 2435 1878 2509 proprium
1905 2441 2102 2501 ratus;
2126 2437 2294 2511 quod

606 2527 704 2584 ‘ad
729 2526 1010 2584 omnium
1054 2539 1445 2581 communem
1485 2540 1665 2581 usum
1699 2525 2091 2598 proponitur:
2143 2527 2291 2584 tales

620 2615 926 2689 ejusmodi
955 2630 1205 2690 quoque
1260 2614 1472 2673 divites
1515 2618 1673 2671 sunt.
1722 2617 1873 2672 Nam
1940 2617 2291 2674 communia

617 2709 1145 2782 praeoccupantes,
1164 2720 1237 2762 ea
1253 2704 1334 2761 ob
1358 2704 1955 2778 praeoccupationem
1981 2705 2099 2761 sibi
2120 2720 2293 2763 assu-

617 2800 812 2854 munt.
848 2793 1020 2862 Quod
1041 2794 1092 2850 si
1121 2809 1245 2850 sum
1261 2796 1521 2867 quisque
1537 2793 1885 2851 necessitati
1898 2794 2289 2852 sublevandas

617 2884 683 2942 id
710 2882 899 2942 modo
928 2883 1099 2958 quod
1131 2884 1276 2940 satis
1293 2886 1658 2956 estcaperet,
1683 2884 1796 2957 5o
1821 2885 2017 2956 egenti
2034 2900 2174 2942 vero
2194 2901 2287 2943 re-

615 2973 917 3047 linqueret
940 2972 1107 3045 quod
1131 2970 1510 3044 superﬂuum
1532 2975 1641 3043 est,
1685 2987 1867 3030 nemo
1889 2978 2049 3030 esset
2094 2973 2286 3043 dives,

616 3078 855 3139 pauper
882 3079 1084 3120 nemo.
1109 3066 1321 3120 Nonne
1346 3062 1549 3120 nudus
1579 3078 1862 3137 egressus
1894 3080 1957 3120 es
1982 3081 2055 3121 ex
2077 3065 2289 3122 utero?

614 3168 820 3211 nonne
849 3153 1053 3210 nudus
1079 3153 1303 3209 iterum
1337 3152 1401 3209 in
1430 3156 1654 3209 terram
1708 3154 2019 3210 reverteris
2041 3154 2069 3210 ?
2123 3153 2288 3211 Unde

2406 3162 2588 3226 πόθεν;
2630 3158 2688 3213 Εἰ
2716 3162 2806 3233 μὶν
2834 3156 2933 3210 ἀπὸ
2973 3158 3303 3230 ταυτομάτου
3360 3154 3540 3227 λέγεις,
3601 3153 3750 3214 ἄθεος
3796 3148 3860 3218 εἴ,
3937 3158 4025 3225 μὴ

617 3246 822 3301 autem
847 3242 956 3300 tibi
983 3243 1313 3316 praesentia
1339 3240 1507 3299 bona
1532 3242 1561 3301 ?
1602 3243 1659 3300 Si
1681 3258 1718 3299 a
1747 3242 1870 3299 fato
1901 3243 2145 3312 dixeris,
2178 3244 2286 3300 im-

2406 3249 2660 3325 γνωρίζων
2691 3250 3090 3315 τὸν-κτίσαντα,
3136 3242 3276 3320 μηδὲ
3321 3247 3482 3319 χάριν
3526 3244 3663 3315 ἔχων
3709 3246 3781 3312 τῷ
3832 3236 4032 3294 δεδω-

615 3335 758 3410 pius
784 3350 868 3405 es,
900 3332 1007 3407 qui
1031 3349 1156 3390 non
1181 3347 1485 3404 agnoscas
1518 3332 1925 3399 Conditorem,
1945 3349 2139 3406 neque
2157 3350 2285 3406 gra-

2406 3343 2546 3392 ιότιο
2609 3338 2651 3392 εἰ
2699 3334 2758 3392 δὲ
2815 3336 3083 3412 ὁμολογεῖς
3136 3338 3263 3389 εἶναι
3309 3337 3452 3410 παρὰ
3505 3338 3660 3397 Θεοῦ,
3735 3329 3844 3384 εἰπε
3921 3335 4030 3384 τὸν

614 3408 768 3484 tiam
805 3423 1037 3482 habeas
1062 3422 1372 3494 largitori:
1405 3423 1500 3479 sin
1528 3422 1829 3479 conﬁteris
1877 3438 2011 3480 esse
2062 3439 2098 3481 a
2141 3427 2284 3495 Deo,

2406 3432 2541 3502 λόγον
2562 3430 2686 3501 ἡμῖν
2719 3423 2788 3481 δι’
2844 3408 2895 3479 όν
2944 3408 3138 3488 ἔλαϐες.
3191 3429 3275 3484 Μὴ
3327 3408 3516 3485 ἄδικος
3554 3424 3580 3475 ὁ
3631 3422 3776 3486 Θεὸς,
3838 3420 3864 3471 ὁ
3928 3419 4032 3473 ἁν-

2475 2088 2529 2138 7.
2558 2086 2704 2149 Τίνα,
2738 2083 2912 2153 φησὶν,
2944 2075 3112 2132 ἀδικῶ
3153 2082 3386 2150 συνέχων
3436 2078 3503 2131 τὰ
3556 2074 3780 2150 ἓμαυτοῦ
3838 2078 3966 2143 (59ῖ
4011 2093 4027 2142 ;

2407 2168 2557 2240 Ποῖα,
2588 2172 2695 2226 εἰπέ
2740 2189 2849 2244 μοι,
2895 2176 3134 2236 σαυτοῦς
3176 2170 3328 2222 πόθεν
3385 2166 3555 2219 λαϐὼν
3609 2166 3681 2227 εἰς
3736 2168 3825 2218 τὸν
3886 2163 4031 2237 βίον

2405 2262 2745 2333 εἰσήνεγκας;
2785 2260 2984 2333 Ὠσπερ
3016 2257 3076 2311 ἂν
3130 2260 3173 2311 εἰ
3222 2278 3324 2325 τις,
3391 2255 3440 2309 ἓν
3491 2257 3685 2331 θεάτρῳ
3741 2255 3859 2308 θίαν
3904 2273 4032 2306 κασ-

2402 2350 2657 2419 ταλαϐὼν,
2713 2348 2824 2405 εἶτα
2862 2349 3077 2425 ἐξείργοι
3121 2351 3243 2411 τοὺς
3296 2342 3634 2412 ἕπεισιόντας,
3692 2342 3834 2398 ἴδιον
3888 2344 4035 2397 ἰαυ-

2401 2449 2492 2496 τοῦ
2522 2446 2707 2515 κρίνων
2743 2442 2803 2493 τὸ
2833 2447 3015 2502 κοινῶς
3039 2445 3174 2492 πᾶσι
3215 2440 3351 2490 κατὰ
3397 2441 3490 2495 τήν
3543 2442 3743 2511 χρῆσιν
3790 2440 4032 2508 προκεί-

2400 2550 2548 2605 μενον
2574 2551 2585 2565 -
2627 2533 2856 2584 τοιοῦτοί
2887 2530 2989 2583 εἰσι
3016 2529 3186 2581 κοιὶοὶ
3227 2527 3498 2581 πλούσιοι.
3561 2527 3639 2578 Τὰ
3692 2526 3794 2597 γὰρ
3856 2528 4034 2579 κοινὰ

2399 2624 2881 2697 προκατασχόντες,
2939 2615 3060 2671 ἴδια
3112 2625 3385 2671 ποιοῦνται
3418 2616 3534 2687 (60)
3590 2611 3684 2668 διὰ
3734 2618 3830 2672 τὴν
3878 2618 4038 2689 ττρὸ-

2397 2710 2578 2784 ληψιν.
2655 2711 2795 2763 Ἐπεὶ
2878 2709 2921 2763 εἰ
2980 2712 3048 2762 ιτὸ
3105 2709 3237 2783 πρὸς
3286 2706 3622 2780 παραμυθίαν
3671 2711 3765 2766 τῆς
3816 2702 4033 2756 ἑαυτοῦ

2397 2807 2584 2875 χρείας
2640 2802 2858 2864 ἕκαστος
2914 2798 3275 2872 κομιζόμενος,
3335 2798 3393 2850 τὸ
3449 2796 3688 2871 περιττὸν
3740 2793 3884 2866 ἠφίει
3945 2802 4034 2866 τῷ

2400 2888 2644 2964 δεομένῳ,
2678 2886 2852 2952 οὐδεὶς
2902 2893 2991 2962 μεν
3022 2886 3081 2940 ἆν
3141 2885 3202 2947 ἧν
3258 2885 3528 2952 πλούσιος,
3573 2879 3747 2945 οὐδεὶς
3803 2877 3865 2935 δὲ
3928 2881 4031 2935 ἒν-

2399 2977 2537 3045 δεής.
2572 2981 2716 3053 Οῦχὶ
2736 2980 2933 3053 γυμνὸς
2965 2976 3196 3042 ἐξέπεσες
3243 2986 3340 3039 τῆς
3377 2978 3650 3049 γαστρὸς;
3697 2971 3756 3025 οῦ
3799 2977 4034 3045 γυμνὸς

2395 3069 2548 3124 πάλιν
2581 3070 2652 3133 εἰς
2674 3073 2771 3128 τὴν
2809 3075 2905 3141 γῆν
2965 3066 3350 3143 ὑποστρέψας
3399 3067 3478 3119 Τὰ
3525 3059 3584 3118 δι
3633 3065 3869 3137 παρόντα
3924 3081 4032 3117 σοι

618 3516 717 3575 die
754 3513 933 3572 nobis
961 3514 1264 3571 rationem
1295 3528 1404 3569 cur
1433 3511 1765 3586 acceperis.
1822 3515 1973 3569 Num
2025 3513 2286 3586 injustus

620 3609 799 3672 Deus,
831 3604 938 3679 qui
965 3602 1147 3662 nobis
1168 3603 1545 3677 inaequaliter
1572 3603 1709 3661 vitm
1732 3603 2080 3661 necessaria
2097 3604 2289 3660 distri-

618 3694 753 3752 buit
774 3694 803 3752 ?
828 3696 963 3761 Cur,
999 3691 1185 3749 divite
1216 3694 1294 3762 te,
1324 3691 1420 3748 ille
1450 3707 1687 3766 pauper
1716 3693 1851 3749 est?
1898 3697 1985 3748 An
2014 3708 2140 3749 non
2168 3693 2287 3750 uti-

620 3800 763 3858 que,
790 3785 857 3839 ut
881 3785 939 3839 et
959 3784 1024 3838 tu
1049 3781 1441 3852 benignitatis
1471 3798 1542 3838 ac
1587 3781 1783 3838 fidelis
1812 3781 2285 3854 dispensationis

623 3871 970 3931 mercedem
992 3870 1287 3942 accipias,
1320 3874 1376 3926 et
1406 3869 1502 3927 illc
1531 3871 1773 3940 magnis
1803 3871 2104 3943 patientia:
2134 3887 2285 3943 prae-

625 3962 763 4021 miis
782 3960 1042 4018 donetur
1056 3960 1084 4015 ?
1108 3962 1190 4016 Tu
1207 3974 1347 4014 vero
1367 3958 1831 4032 inexplebilibus
1852 3959 2116 4016 avaritiae
2140 3960 2286 4015 sini-

625 4052 746 4112 bus
770 4049 979 4108 omnia
1009 4047 1384 4120 complexus,
1428 4052 1609 4121 atque
1635 4047 1729 4105 his
1755 4052 1880 4105 tam
1911 4048 2134 4105 multos
2163 4049 2287 4122 pri-

556 4138 563 4143 ’
621 4158 804 4213 vans,
837 4138 1068 4197 nemini
1090 4136 1281 4194 ullam
1309 4137 1595 4209 injuriam
1626 4136 1820 4194 facere
1851 4144 1905 4195 te
1931 4137 2288 4196 existimas?

633 4232 778 4300 Quis
807 4244 1025 4287 avarus
1056 4228 1192 4284 est?
1221 4226 1360 4293 Quis
1388 4226 1570 4283 rebus
1590 4243 1727 4300 quae
1766 4229 1912 4285 satis
1951 4231 2109 4296 sunt,
2138 4243 2286 4285 con-

630 4324 833 4379 tentus
859 4334 986 4376 non
1024 4321 1134 4375 est.
1168 4316 1311 4385 Quis
1341 4316 1676 4390 spoliator?
1721 4317 1833 4384 Qui
1875 4316 2169 4390 cujusque
2193 4333 2290 4374 res

637 4407 851 4469 aufert.
896 4412 1026 4467 Non
1056 4421 1278 4466 avarus
1311 4421 1374 4464 es
1394 4412 1460 4465 tu
1486 4408 1515 4465 ?
1565 4422 1690 4465 non
1744 4407 2035 4482 spoliator
2064 4423 2128 4464 es
2175 4408 2289 4465 tu?

709 4569 733 4606 ⁸
761 4570 934 4626 Prov.
963 4582 1145 4637 xxvu,
1187 4570 1240 4625 ί.

738 4712 826 4786 54)
857 4710 1023 4769 Colb.
1052 4711 1261 4769 tertius
1292 4708 1541 4765 ἀπελθών.

711 4714 828 4858 (55)
862 4783 1027 4858 Colb.
1058 4783 1264 4858 tertius
1293 4786 1471 4858 αὔριον
1504 4779 1538 4835 δ

2398 3520 2669 3592 ίσωςὴμῖν
2701 3513 2919 3591 διαιρῶν
2949 3519 3015 3569 τὰ
3051 3523 3144 3568 τοῦ
3176 3513 3299 3589 βίου
3328 3532 3341 3581 ;
3395 3515 3492 3567 Διὰ
3518 3516 3569 3565 τί
3603 3514 3667 3564 σὺ
3694 3512 3782 3584 μὲν
3830 3508 4030 3563 πλου-

2394 3616 2520 3673 τεῖς,
2580 3605 2767 3669 ἐκεῖνος
2824 3602 2882 3660 δὲ
2938 3609 3181 3672 πένεται;
3250 3603 3307 3657 Ἠ
3355 3605 3581 3669 πάντως,
3643 3602 3726 3653 ἱνα
3782 3600 3871 3650 καὶ
3950 3604 4031 3653 σὺ

2396 3702 2767 3772 χρηστότητος
2817 3700 2906 3748 καὶ
2959 3703 3155 3758 πιστῆς
3230 3694 3526 3767 οἰκονομίας
3602 3688 3792 3764 μισθὸν
3873 3689 4032 3744 fure.

2397 3784 2519 3861 δέξῃ
2578 3787 2710 3857 (61),
2762 3784 2995 3847 κάκεῖνος
3049 3781 3159 3848 τοῖς
3214 3783 3458 3858 μεγάλοις
3510 3781 3689 3841 ἄθλοις
3734 3785 3833 3839 τῆς
3876 3779 4032 3832 ὑπο-

2394 3884 2556 3949 μονῆς
2607 3877 2850 3949 τιμηθῇς
2912 3878 2977 3927 Σὺ
3033 3871 3113 3944 δὲ,
3168 3876 3339 3927 πάντα
3393 3880 3502 3935 τοῖς
3549 3869 3883 3942 ἀπληρώτοις
3915 3878 4033 3931 τῆς

2394 3966 2686 4029 πλεονεξίας
2736 3964 2946 4028 κόλποις
3001 3963 3309 4039 περιλαϐὼν,
3370 3958 3560 4016 οὐδένα
3630 3961 3725 4013 οἴει
3795 3953 4029 4012 ἀδικεῖν

2395 4058 2678 4119 τοσούτους
2730 4054 3066 4130 ἁποστερῶν;
3116 4059 3207 4115 Τίς
3260 4051 3399 4106 ἐστιν
3462 4053 3488 4104 ὀ
3538 4050 3892 4115 πλεονέκτηςς
3962 4049 4031 4102 Ὀ

2395 4150 2466 4219 μὴ
2530 4144 2751 4219 ἐμμένων
2804 4152 2866 4218 τῇ
2929 4145 3227 4219 αὐταρκείᾳ.
3273 4147 3366 4206 Τίς
3396 4138 3455 4195 δέ
3485 4140 3622 4195 ἐστιν
3650 4140 3676 4191 ὁ
3705 4137 4035 4213 ἀποστερη-

2395 4240 2527 4302 τὴς;
2574 4233 2634 4287 Ὀ
2688 4232 3061 4308 ἀφαιρούμενος
3112 4235 3176 4286 τὰ
3225 4233 3468 4290 ἑκάστου.
3524 4234 3589 4284 Σὺ
3645 4225 3703 4283 δί
3760 4226 3823 4279 οῦ
3857 4227 4035 4282 πλεο-

2396 4328 2615 4391 νέκτης
2647 4327 2711 4376 σύ
2744 4318 2802 4376 δὲ
2841 4322 2935 4376 οῦκ
2982 4321 3343 4397 ἁποστερητής
3376 4337 3388 4387 ;
3444 4320 3479 4374 ἂ
3522 4322 3653 4393 πρὸς
3699 4317 4033 4390 οἰκονομίαν

2400 4410 2576 4482 ἐδέξω,
2645 4420 2813 4470 ταῦτα
2855 4409 2975 4470 ἴδια
3032 4420 3252 4468 σεαυτοῦ
3308 4413 3657 4488 ποιοῦμενοςς
3703 4413 3769 4462 Ἥ
3826 4407 3854 4459 ὁ
3926 4413 4034 4485 μὲν

2608 4722 2736 4802 trba.
2764 4714 2935 4802 ἀδικῶ
2966 4721 3199 4802 συνέχων
3234 4719 3302 4771 τὰ
3338 4715 3595 4790 inaurari;
3625 4716 3844 4802 γραεξ,
3902 4719 4038 4777 Ec-

737 4779 828 4855 55)
862 4783 1027 4862 Colb.
1058 4783 1264 4862 ter_tius
1293 4786 1471 4862 αὔριον
1504 4779 1680 4862 δῴσω.
1703 4788 2099 4862 -Δυνατοῦσου-
2128 4788 2290 4853 ὄντος,

2406 4779 2502 4847 σιιί
2528 4779 2820 4860 injuriam
2845 4792 3011 4861 facio
3028 4779 3170 4846 άιὶῖη
3193 4779 3478 4862 quminea
3498 4779 3639 4862 sunt
3656 4779 3876 4862 clausa
3916 4808 4037 4848 cu.-

646 4854 944 4924 ὠποίὴσον,
979 4857 1243 4925 bene/“ac,
1274 4854 1416 4911 dum
1462 4860 1649 4925 potes.
1699 4854 1811 4911 Sed
1845 4855 2011 4922 illud,
2068 4854 2294 4910 δυνατοῦ

649 4950 743 4983 σου
774 4934 935 4997 ὄντος,
970 4924 1266 4992 semine-ou,
1294 4926 1445 4981 inter
1465 4924 1851 4982 librariorum
1880 4927 2299 4986 additamenta

643 5000 941 5059 recenseri
970 4999 1189 5056 debere
1218 4997 1603 5055 arbitramur.

718 5074 829 5146 (56)
860 5071 1023 5146 C0_1b.
1052 5071 1284 5146 primus
1314 5066 1883 5146 dirajrpomroxkiaag.
1937 5070 2121 5128 Paulo
2161 5076 2298 5145 post

642 5138 820 5202 idem.
837 5143 1028 5200 codex
1052 5138 1215 5204 αὐτὸς
1246 5138 1281 5195 δ
1286 5138 1552 5214 ιενοχλεῖς.
1567 5194 1570 5199 ,

715 5219 833 5287 (57)
863 5214 1016 5271 Editi
1042 5219 1320 5287 aﬂuere).
1493 5228 1644 5269 mss.
1707 5215 1866 5275 πένης
1914 5209 1963 5266 εἷ
2013 5222 2104 5287 τῷ.
2164 5217 2295 5272 Mox

642 5283 785 5344 editi
812 5283 1039 5347 πίστεως
1062 5295 1157 5348 τῆς
1187 5283 1277 5346 εἰςέ
1312 5283 1468 5341 Libri
1501 5288 1726 5341 veteres
1752 5290 1979 5347 πίστεως
2008 5283 2097 5347 εἰς.

715 5359 822 5429 (58)
849 5357 1095 5430 Antiqui
1121 5358 1245 5413 duo
1290 5355 1426 5413 libri
1477 5360 1837 5430 συμμεριστὰς
1878 5362 2119 5430 ποίησαι.
2168 5360 2292 5415 Sta-

780 5425 947 5486 Colb.
977 5425 1217 5503 p—rimus
1240 5433 1462 5503 σήμερον
1493 5425 1779 5503 παράσχου
1802 5438 1877 5503 τῷ
1892 5425 2141 5503 δεομένῳ,
2166 5446 2290 5486 non

637 5484 879 5555 diverso
904 5484 1117 5555 sensu.
1143 5484 1347 5573 haud
1375 5484 1578 5555 'multo'
1628 5484 1764 5572 post
1808 5484 1949 5556 editi
1990 5484 2141 5573 ’μηδέ
2188 5484 2286 5554 +5;

678 5573 975 5655 βειρομένων
1005 5567 1331 5655 τοίςὶξνδεέσι
1355 5567 1731 5648 καταμερίᾶαι.
1764 5567 2007 5637 ναίει-ξδ’
2025 5577 2289 5646 quatuor

632 5592 975 5704 ῗυειρομενων
1005 5592 1113 5653 τοις
1135 5592 1331 5623 ενοεεσι
1355 5592 1731 5648 καταμερισαι.
1772 5592 1996 5637 ΥΟιθΓΒδ
2025 5592 2058 5646 q

655 5642 769 5713 ibri
796 5647 879 5717 ita
906 5645 973 5701 ut
1000 5642 1326 5702 edidimus.
2053 5654 2058 5661 υ

2397 4859 2635 4919 stadio"?
2665 4863 2758 4918 Sic
2788 4859 2971 4918 etiam
2992 4862 3147 4918 infra
3175 4859 3386 4918 liomil.
3426 4862 3491 4916 in
3537 4859 3748 4916 divites
3791 4876 3855 4932 p.
3899 4866 3984 4921 53
4016 4884 4031 4919 :

2399 4934 2806 5008 Σκορπιζομενος
2837 4936 2862 4986 ὁ
2892 4932 3178 4995 πλοῦτος...
3211 4937 3405 5004 πέφυκε
3433 4935 3742 5008 παραμένειν
3769 4951 3782 4963 ο
3850 4951 4035 4989 συνε-

2395 5001 2619 5078 χόμενος
2659 5001 2717 5059 δὲ
2747 5004 3165 5079 ἀλλοτριοῦσοαι,
3201 5001 3719 5079 Dispersee'sdent
3748 5016 4037 5071 perma-

2397 5076 2559 5146 nere,
2593 5078 2813 5134 clausae
2844 5076 2981 5134 vero
3008 5076 3288 5146 alienari.
3315 5077 3536 5132 MARAN.

2471 5144 2581 5219 (60)
2606 5149 2754 5205 Edili
2789 5164 2907 5205 uno
2929 5147 3114 5219 verbo
3135 5144 3534 5202 ἰδιοποιοῦνται.
3560 5149 3631 5219 At
3649 5149 4040 5219 mss._mu1ti

2399 5216 2641 5275 duabus
2670 5219 2921 5276 vocibus
2950 5217 3069 5272 ἴδια
3094 5228 3384 5273 ποιοῦνται.
3436 5221 3550 5275 Nec
3577 5218 3657 5273 ita
3684 5216 3890 5273 multo
3930 5220 4037 5277 in-

2392 5291 2492 5355 Ira
2520 5291 2682 5349 Colb.
2716 5292 2922 5347 tertius
2940 5291 3208 5357 πλούσιος,
3232 5287 3410 5351 οὐδεὶς
3439 5287 3497 5344 δὲ
3518 5293 3691 5352 πένης,
3726 5284 3923 5351 οὐδεὶς
3950 5291 4039 5344 ἐν-

2403 5359 2545 5426 δεής.
2575 5362 2843 5419 Subinde
2871 5362 3033 5418 idem
3065 5362 3481 5433 codexjugvo;
3503 5360 3764 5433 ἐξέπεισας.

2471 5412 2561 5508 (ei
2570 5412 3497 5508 {63113.73aeneia—sagae:
3523 5412 3684 5488 nius
3703 5412 3822 5486 ὡς.
3849 5427 4037 5508 ass,

2399 5505 2564 5562 Haud
2606 5504 2785 5575 longe
2838 5505 2981 5562 editi
3032 5504 3460 5589 περιλαμϐάνων(
3495 5509 3567 5565 At
3609 5518 3754 5561 mss.
3825 5504 4044 5567 multi

2399 5574 2703 5629 περιλαϐών.

2394 5596 2488 5651 περ
2497 5596 2609 5630 uae
2616 5598 2681 5628 ων
2690 5619 2703 5637 ,
