4088 6194
240 250 349 305 281

244 369 467 446 δυνήσῃ
531 371 778 426 εἰσελθεῖν
835 373 906 434 εἰς
955 377 1051 433 τὴν
1102 373 1374 447 βασιλείαν
1425 381 1519 428 τοῦ
1569 380 1721 428 Θεοῦ.
1771 372 1872 425 Καὶ
1901 376 1948 430 Α

243 460 291 514 εἰ
366 464 466 535 μὲν
541 462 721 537 ἰατρὸς
790 460 1128 534 ἐπηγγέλλετο
1193 463 1537 538 κολοϐώματα
1586 462 1747 537 μελῶν
1815 459 1871 512 ἐκ

242 554 463 623 φύσεως
492 551 523 610 ἲς
560 551 613 614 ἐξ
647 548 947 625 ἀρρωστίας
987 556 1252 627 προσόντα
1307 574 1391 607 σοι
1447 550 1866 628 διορθώσασθαι,

239 640 345 692 οὐκ
395 640 463 691 ὢν
517 639 775 713 ηὐθυμεις
826 638 1027 692 ἀκούων
1062 639 1279 709 ;ἒπειδὴ
1336 639 1396 696 δὲ
1448 644 1474 695 ὁ
1538 642 1648 707 (74)
1707 643 1871 713 μέγας

240 739 349 783 τῶν
387 730 593 802 ψυχῶν
648 730 1068 805 ἰατρόςκτέλειόν
1114 752 1171 786 σε
1219 741 1445 792 ποιῆσαι
1475 730 1718 805 βούλεται
1759 736 1871 791 τοῖς

239 821 633 895 καιριωτάτοις
688 818 1001 888 ἐλλείποντα,
1043 820 1102 874 οὐ
1160 818 1298 895 δέχῃ
1357 825 1450 881 τὴν
1497 823 1683 895 χὰριν,
1743 816 1871 870 ἀλλὰ

237 910 457 971 mhi;
511 914 606 962 καὶ
651 911 1094 983 σχνθρωποίζεις;
1130 910 1360 974 Ἐκείνης
1402 914 1491 984 μὲν
1544 911 1646 986 γὰρ
1709 905 1870 969 δῆλος

242 996 294 1051 εἰ
341 1007 450 1061 τῆς
495 997 709 1060 ἐντολῆς
754 1001 962 1073 μακρὰν
1001 1000 1277 1073 ὑπάρχων,
1310 1004 1400 1052 καὶ
1424 995 1636 1070 ψευδῶς
1666 1006 1868 1069 σεαυτῷ

242 1093 750 1163 προσμαρτυρήσας
775 1088 961 1155 αὐτὴν,
1024 1089 1105 1140 ὄτι
1166 1089 1454 1160 ἠγάπησας
1502 1091 1590 1140 τὸν
1645 1086 1867 1146 πλησίον

244 1196 341 1229 σου
395 1180 473 1239 ὡς
532 1181 752 1230 σεαυτὸν
797 1176 939 1248 (75).
993 1172 1131 1231 Ἰδοὺ
1163 1179 1264 1253 φὰρ
1295 1180 1354 1230 τὸ
1382 1179 1527 1252 παρά
1545 1183 1637 1230 τοῦ
1670 1181 1866 1251 Καρίου

238 1268 596 1342 προσταχθὲν
660 1265 867 1338 ωγχει
943 1286 1001 1320 σε
1081 1266 1389 1340 παμπληθὲς
1454 1272 1550 1328 τῆς
1618 1264 1868 1326 ἀληθινῆς

243 1355 471 1427 ἀγάπης
548 1353 968 1429 ἀπολειπόμενον.
1042 1356 1102 1411 Εἰ
1162 1358 1264 1432 γὰρ
1335 1358 1456 1431 ὅπερ
1512 1352 1867 1409 διεϐεϐαιώσω

242 1445 445 1507 ἀληθὶς
487 1442 573 1513 ἦν,
629 1446 711 1498 ὅτι
758 1443 1017 1518 ἐφυλαξας
1045 1443 1100 1497 ἐκ
1142 1449 1384 1508 νεότητος
1411 1450 1505 1504 τὴν
1536 1443 1741 1502 ἐντολὴν
1770 1451 1869 1505 τῆς

244 1532 493 1605 ἆγάπης,
548 1538 640 1586 καὶ
692 1541 941 1586 τοσοῦτον
991 1529 1266 1596 ἀπέδωκας
1331 1533 1534 1606 ἑκάστῳ
1604 1534 1725 1586 ὅσον
1777 1536 1868 1584 καὶ

247 1631 485 1694 σεαυτῷ,
518 1624 676 1675 ποθεν
709 1642 793 1675 σοι
826 1625 857 1682 ἡ
890 1631 991 1675 τῶν
1022 1625 1317 1698 χρημάτων
1350 1623 1481 1681 αὕτη
1538 1625 1818 1696 περιουσία
1843 1635 1866 1691 ;

1599 244 1893 306 HOMILIA
1931 245 2002 303 IN
2042 248 2310 306 DlVlTES

3530 254 3642 310 282

1983 369 2091 443 qui
2119 373 2287 445 quod
2313 373 2617 448 reliquum
2639 376 2728 432 est
2746 389 2871 431 non
2899 375 3011 448 52
3042 375 3319 447 adjicias,
3342 393 3465 452 quo
3511 383 3639 440 solo

1980 460 2183 532 possis
2204 461 2266 517 in
2283 462 2383 518 Dei
2398 464 2922 535 regnumingredi.
2939 468 3019 521 Ac
3034 465 3276 538 quidem
3296 467 3345 524 si
3365 471 3642 528 medicus

1980 564 2052 605 ea
2072 550 2348 608 membra
2368 567 2505 625 quae
2526 568 2562 610 a
2583 557 2800 609 natura
2817 552 2911 609 vel
2932 569 2969 610 a
2986 554 3277 628 quapiam
3290 556 3643 617 inﬁrmitate

1979 638 2194 697 mutila
2209 639 2421 711 habes,
2440 642 2855 698 restituturum
2873 656 2936 697 se
2952 643 3347 714 promitteret,
3370 648 3640 719 profecto

1979 725 2042 783 id
2073 743 2211 784 cum
2242 745 2498 785 maerore
2524 745 2649 786 non
2681 729 2926 786 audires
2959 747 2972 786 :
3008 731 3155 803 quia
3200 749 3345 790 vero
3375 752 3641 808 magnus

1978 814 2322 871 animorum
2354 816 2626 874 medicus
2650 822 2703 874 te
2741 818 3047 891 precipuis
3067 819 3250 876 rebus
3288 822 3640 882 destitutum

1978 905 2104 962 vult
2132 906 2465 979 perfectum
2486 907 2759 979 reddere,
2782 908 3147 965 beneﬁcium
3180 912 3485 983 ejusmodi
3515 930 3639 973 non

1978 995 2217 1068 accipit,
2240 995 2348 1052 sed
2368 997 2538 1067 luges
2559 1013 2631 1054 ac
2651 1003 2904 1055 moestus
2930 998 3204 1059 efﬁceris.
3253 1004 3403 1058 Nam
3436 1008 3640 1076 aperte

1976 1088 2157 1157 atque
2182 1085 2487 1142 evidenter
2506 1087 2721 1159 procul
2739 1088 2929 1144 babes
2950 1090 3028 1145 ab
3064 1089 3165 1146 illo
3206 1096 3530 1166 praecepto,
3567 1110 3640 1152 ac

1972 1173 2128 1231 falso
2159 1174 2304 1230 illud
2332 1189 2369 1230 a
2397 1178 2454 1230 te
2475 1174 2680 1248 perﬁci
2709 1177 2963 1245 testaris,
3002 1178 3280 1236 videlicet
3331 1182 3500 1253 quod
3551 1183 3639 1239 di—

1975 1263 2172 1320 lexisti
2217 1263 2566 1336 proximum
2622 1269 2792 1322 tuum
2846 1266 2999 1323 sicut
3050 1266 3311 1339 teipsum
3341 1271 3416 1328 2°.
3491 1274 3639 1329 Ecce

1977 1353 2140 1410 enim
2164 1354 2282 1410 hoc
2313 1353 2549 1410 Domini
2570 1359 2875 1427 praecepto
2906 1355 3282 1413 convinceris
3302 1374 3489 1431 quam
3509 1360 3641 1416 lon-

1976 1442 2222 1513 gissime
2238 1442 2501 1499 abessea
2522 1459 2663 1500 vera
2688 1444 3001 1501 charitate.
3035 1448 3181 1501 Nam
3198 1445 3247 1502 si
3262 1449 3489 1504 verum
3511 1454 3640 1507 erat

1975 1531 2145 1606 quod
2172 1530 2514 1601 afﬁrmasti,
2537 1548 2813 1590 servasse
2837 1537 2891 1589 te
2913 1549 2949 1590 a
2964 1533 3280 1605 juventute
3302 1535 3638 1594 dilectionis

1975 1626 2371 1694 praeceptum,
2406 1638 2479 1679 ac
2510 1625 2745 1680 tantum
2767 1621 3048 1679 tribuisse
3078 1623 3406 1697 unicuique
3449 1641 3641 1698 quan-

244 1717 622 1771 Δαπανητικὸν
690 1715 793 1788 γὰρ
845 1711 1071 1765 πλούτου
1121 1714 1151 1771 ἡ
1219 1713 1465 1786 θεραπεία
1508 1720 1609 1764 τῶν
1679 1707 1863 1784 δεομέ-

1976 1713 2105 1767 tum
2131 1714 2187 1766 et
2210 1710 2320 1767 tibi
2348 1711 2489 1785 ipsi,
2520 1711 2704 1780 unde,
2737 1728 2969 1785 quaeso,
2992 1712 3121 1768 haec
3161 1712 3267 1769 tibi
3287 1713 3636 1771 divitiarum

241 1823 372 1854 νωνα
435 1801 592 1873 ὀλίγα
644 1803 735 1873 μὲν
782 1801 1010 1854 ἑκάστου
1061 1804 1193 1877 πρὸς
1248 1806 1344 1860 τὴν
1375 1799 1661 1873 ἀναγκαίαν
1691 1798 1866 1874 ἐπιρέ-

244 1892 396 1944 12m
448 1886 761 1962 δεχομένου,
817 1893 1025 1942 πάντων
1079 1886 1137 1943 δὲ
1199 1892 1330 1963 ὁμοῦ
1381 1889 1865 1963 καταμεριζομένων

248 1984 320 2032 τὰ
369 1983 519 2045 ὄντα,
575 1982 665 2030 καὶ
704 1982 822 2051 περὶ
874 1978 1064 2041 αὐτοὺς
1115 1979 1226 2050 (76)
1279 1975 1647 2032 δαπανώντων.
1703 1975 1865 2030 Ὥστε

252 2070 279 2122 ὁ
336 2069 577 2140 ἀγαπῶν
610 2071 699 2120 τὸν
754 2067 977 2126 πλησίον
1008 2070 1078 2131 ὡς
1101 2065 1284 2121 ἑαυτὸν
1315 2064 1466 2122 οὐδὲν
1496 2070 1864 2142 περισσότερον
1922 2132 1927 2137 ι

252 2164 513 2216 κέκτηται
569 2164 662 2209 τοῦ
699 2156 942 2214 πλησίον
1004 2155 1131 2210 ἀλλὰ
1176 2162 1279 2230 μὴν
1328 2162 1479 2231 φαίνῃ
1537 2159 1673 2229 ἔχων
1730 2160 1865 2214 κτή-

256 2267 406 2319 ματα
467 2245 653 2301 πολλά.
713 2247 873 2299 Πόθεν
931 2252 1098 2298 ταῦτα
1157 2248 1274 2318 (77)
1301 2264 1314 2316 ;
1344 2248 1395 2306 ἣ-
1439 2243 1618 2314 δῆλον,
1660 2247 1741 2298 ὅτι
1769 2249 1863 2303 τὴν

258 2337 459 2389 οἰκείαν
521 2333 811 2387 ἀπόλαυσιν
870 2339 1249 2410 προτιμοτέραν
1328 2344 1424 2397 τῆς
1492 2344 1591 2388 τῶν
1665 2332 1863 2387 πολλῶν

258 2425 607 2499 παραμυθίας
676 2425 1001 2496 ποιούμενός.
1071 2422 1232 2477 Ὀσον
1291 2421 1378 2477 οὖν
1433 2423 1731 2484 πλεονάζεις
1790 2429 1863 2493 τῷ

254 2513 485 2583 πλούτῷ,
516 2511 766 2564 τοσοῦτον
796 2508 1040 2573 ἐλλείπεις
1057 2519 1119 2585 τῇ
1156 2510 1357 2585 ἀγάπῃ.
1392 2512 1532 2566 Ἐπεὶ
1587 2510 1750 2564 πάλαι
1801 2508 1861 2562 ἆν

256 2600 576 2673 ἱμελέτησας
621 2601 733 2672 (78)
779 2609 880 2653 τῶν
937 2602 1230 2675 χρημάτων
1273 2605 1368 2660 τὴν
1429 2599 1787 2674 ἀλλοτρίωσιν,
1819 2600 1862 2653 εἰ

254 2692 559 2761 {gyan-rixa;
612 2709 707 2743 σου
758 2692 846 2742 τὸν
899 2688 1121 2748 πλησίον
1174 2691 1313 2761 (79).
1371 2694 1504 2744 Νυνὶ
1543 2685 1602 2743 δὲ
1628 2694 1860 2763 προσπέο

255 2784 389 2851 γνκέ
431 2798 521 2832 σοι
560 2782 629 2831 τὰ
675 2783 938 2853 χρήματα
982 2777 1131 2832 πλέον
1167 2780 1197 2838 ἡ
1248 2782 1315 2832 τὰ
1361 2778 1489 2853 μέλη
1540 2786 1633 2832 τοῦ
1675 2784 1859 2852 σώμα-

250 2887 361 2933 τος,
422 2873 520 2920 καὶ
566 2867 720 2921 λυπεῖ
768 2887 826 2920 σε
874 2867 1042 2921 αὐτῶν
1081 2869 1107 2920 ὁ
1157 2871 1439 2943 χωρισμὸς
1489 2869 1560 2930 ὡς
1612 2865 1857 2943 ἀκρωτη-

250 2961 486 3033 ρωσμός
538 2966 640 3009 τῶν
703 2960 942 3032 καιρίων.
988 2957 1049 3011 Εἰ
1098 2960 1201 3031 γὰρ
1261 2956 1520 3030 ἀμφίεσας
1564 2960 1780 3031 γυμνὸν,
1816 2958 1860 3011 εἰ

252 3044 461 3110 ἔδωκας
499 3055 738 3099 πεινῶντι
784 3050 871 3099 τὸν
901 3048 1058 3121 ἄρτον
1109 3065 1226 3112 σου,
1273 3046 1317 3100 εἰ
1347 3046 1387 3098 ὦ
1419 3048 1553 3122 θύρα
1577 3065 1673 3099 σου
1698 3045 1859 3119 ἁνέῷ-
1890 3080 1931 3137 C

252 3155 345 3188 κτο
389 3136 522 3207 (80)
573 3141 730 3188 παντί
784 3134 929 3207 ξένῳ,
986 3135 1029 3188 εἰ
1077 3133 1249 3208 ἐγένου
1302 3140 1476 3209 πατὴρ
1536 3134 1788 3209 ὀρφανῶν,
1818 3136 1863 3190 εἰ

253 3232 408 3278 παντὶ
454 3228 792 3297 συνέπασχις
840 3219 1106 3295 ἁδυνάτῷ,
1156 3224 1283 3298 ὑπὲρ
1322 3228 1481 3277 ποίων
1521 3222 1581 3276 ἆν
1631 3232 1720 3276 νῦν
1751 3223 1860 3277 ἐλυ-

256 3316 428 3376 πήθης
468 3315 764 3388 χρημάτων
798 3328 813 3380 ;
842 3320 951 3366 Ποῦ
992 3309 1045 3366 δ’
1090 3311 1151 3365 ἂν
1199 3318 1291 3366 καὶ
1329 3309 1694 3389 ἐδυσχέρανας
1725 3311 1861 3367 ἀπο-

254 3406 518 3476 τιθέμενος
566 3405 637 3455 τὰ
690 3401 983 3476 λειπόμενα,
1038 3403 1204 3456 πάλαι
1259 3401 1549 3476 μελετήσας
1578 3403 1715 3456 αὐτὰ
1746 3399 1864 3458 δια-

253 3496 418 3566 νέμειν
462 3499 576 3555 τοῖς
619 3488 843 3545 ἐνδεέσιν
877 3490 1061 3560 ςΕἶτα,
1109 3489 1158 3543 ἐν
1216 3493 1306 3564 μὲν
1354 3494 1644 3568 πανηγύρει
1687 3489 1864 3556 οὐδεὶς

252 3581 496 3635 λυπεῖται
536 3585 840 3655 προϊέμενος
876 3583 944 3633 τὰ
991 3582 1308 3655 ὑπάρχοντα
1331 3581 1418 3651 (81
1429 3584 1455 3652 )
1484 3586 1575 3634 καὶ
1605 3579 1861 3634 ἀντιδιτώ-

250 3691 399 3743 μενος
448 3673 518 3723 τὰ
560 3666 821 3723 ἐνδέοντα·
884 3668 995 3722 ἀλλ’
1038 3670 1243 3743 ὅσῳπερ
1288 3668 1349 3722 ἂν
1393 3669 1661 3734 ἐλάττονος
1704 3680 1863 3744 τιμῆς

251 3762 315 3811 τὰ
358 3758 703 3832 πολυτίμητα
747 3763 990 3833 πρίηται,
1045 3761 1283 3830 τοσούτῳ
1352 3763 1554 3834 χαίρει,
1615 3762 1685 3820 ὡς
1734 3759 1863 3832 λαμ-

248 3857 379 3922 προῦ
453 3849 600 3919 αὐτῷ
670 3855 763 3900 τοῦ
830 3846 1262 3921 συναλλάγματος
1329 3852 1625 3920 γενομένου·
1679 3846 1742 3900 ϐυ
1801 3844 1859 3901 δὲ

242 3938 404 4012 λυπῇ,
477 3942 737 4011 χρυσίον,
808 3942 898 3989 καὶ
966 3935 1233 4011 ἀργύριον,
1308 3942 1399 3989 καὶ
1479 3941 1727 4010 κτήματα
1779 3933 1859 3989 δι-

241 4023 371 4090 δούς
428 4026 582 4098 (82)·
622 4030 887 4093 τουτέστι,
940 4024 1119 4086 λίθους
1171 4030 1262 4079 καὶ
1309 4032 1444 4098 χοῦν
1474 4029 1852 4101 παρεχόμενος,

240 4119 523 4190 Mattio-3;
548 4119 646 4175 τὴν
684 4119 949 4192 μακαρίαν
981 4114 1140 4176 ζωήν,

306 4282 361 4318 ³⁵
392 4277 607 4337 Matth.
637 4293 749 4345 11x,
786 4280 871 4342 19,
901 4279 992 4333 20.

236 4422 371 4479 deri
391 4420 697 4499 duriora;
729 4418 789 4474 in
816 4417 1041 4499 quibus
1059 4417 1207 4499 quid
1229 4416 1282 4473 ei
1310 4420 1623 4499 tantopere
1653 4417 1857 4499 displi-

237 4510 374 4551 cere

235 4582 362 4622 non
376 4558 458 4620 d'e
478 4560 770 4628 consiliis,
786 4558 981 4632 sedgde
995 4560 1308 4632 praeceptis
1319 4565 1561 4632 agatur;
1582 4560 1850 4632 profecto

236 4636 345 4711 qui
408 4633 655 4711 aliqua_
676 4630 957 4711 servavit,
999 4629 1265 4711 debetjet
1316 4631 1551 4705 reliqua
1584 4629 1849 4700 servare,

236 4700 285 4765 si
313 4700 598 4776 regna—ni
620 4702 722 4776 Dei
750 4700 1043 4776 consequi
1069 4701 1232 4776 _velit_.

250 4770 429 4867 “("143
464 4775 715 4847 Antiqui
745 4773 869 4829 duo
898 4770 1034 4828 libri
1062 4771 1170 4826 ἐπεὶ
1196 4770 1255 4826 δὲ
1285 4774 1332 4829 ὀ.
1366 4774 1509 4843 Reg.
1536 4772 1770 4847 primus
1810 4774 1855 4827 εἰ

238 4870 296 4904 οε
326 4871 378 4903 ο.

322 4925 420 4987 73)
452 4916 611 4974 Editi
639 4919 708 4978 ὡς
733 4918 973 4987 σεαυτον.
1007 4918 1077 4970 At
1100 4930 1250 4987 mss.
1281 4915 1562 4971 nonnulli
1613 4918 1682 4977 ὡς
1740 4916 1853 4969 ἐαυ-

232 4985 338 5048 τορλ.
372 4985 557 5064 Han
583 4988 768 5064 longe
789 4985 1191 5064 C_olb._tertius
1210 4989 1356 5064 παρὰ
1380 4994 1470 5039 τοῦ
1504 4991 1699 5060 Κυρίου
1729 5007 1854 5064 προ-

232 5066 403 5129 τεθέν,
436 5061 513 5116 id
540 5060 706 5131 quod
735 5074 772 5115 a
797 5058 1054 5114 Domino
1076 5058 1448 5131 propositam
1477 5058 1585 5115 est.

300 5137 416 5205 (76)
440 5128 642 5189 Εάῖιὶο
664 5136 924 5205 utraque
945 5133 1058 5205 περὶ
1080 5128 1293 5191 ἑαυτούς
1313 5146 1326 5183 :
1436 5128 1602 5205 quod
1623 5128 1706 5205 ita
1725 5145 1853 5185 ver.

230 5200 643 5276 tit'interpres,
667 5208 725 5258 et
747 5201 989 5272 reliqua
1006 5201 1067 5255 in
1081 5215 1282 5276 omnes
1298 5200 1850 5276 alios_divld_untm°,

232 5272 499 5351 quoruni
534 5276 810 5351 quisque
845 5285 1022 5351 suam
1039 5272 1377 5351 portionem
1399 5272 1685 5338 absumit,
1710 5288 1850 5351 cum

228 5341 429 5422 potius
485 5341 725 5422 vertere
771 5341 1106 5422 debuisset,
1125 5347 1180 5398 et
1201 5356 1401 5422 omnes
1421 5357 1686 5422 quaesita
1708 5349 1851 5422 sunt

228 5412 464 5492 parile?
481 5418 808 5492 ᾀίυίάιιχιζ,
833 5419 887 5492 el
910 5413 973 5468 in
994 5428 1116 5469 sese
1152 5412 1505 5492 ᾳρδιίγηιιῄε.
1557 5412 1694 5477 Sed,
1734 5414 1849 5492 nisi

234 5483 401 5549 valde
424 5490 632 5554 fallor,
652 5484 813 5543 nihil
833 5484 1048 5540 horum
1071 5483 1258 5540 voluit
1280 5484 1533 5541 Basilius
1560 5502 1573 5551 ;
1601 5500 1713 5540 nec
1743 5485 1849 5540 du-

232 5562 347 5622 bito
365 5563 520 5639 quin
548 5562 618 5619 in
640 5555 914 5629 vulgatis
933 5554 1057 5613 vitii
1075 5554 1303 5629 aliquid
1323 5554 1484 5613 insit.
1507 5558 1652 5613 Puto
1668 5555 1850 5628 igitur

1976 1799 2150 1872 copia
2164 1800 2191 1855 ?
2203 1800 2355 1856 Nam
2371 1815 2704 1871 egenorum
2721 1816 2864 1856 cura
2878 1816 3025 1873 opes
3044 1800 3331 1869 absumit,
3354 1818 3494 1859 cum
3525 1820 3638 1877 pro

1975 1903 2091 1943 sua
2109 1887 2371 1961 quisque
2401 1889 2760 1946 necessitate
2778 1890 3037 1962 accipiat
3062 1905 3283 1962 pauca,
3312 1893 3637 1965 cunctique

1974 1991 2118 2032 suas
2151 1976 2332 2034 simul
2359 1977 2678 2035 facultates
2707 1978 3067 2051 partiantur,
3102 1982 3159 2035 et
3196 1979 3258 2035 in
3303 1995 3637 2050 egenorum

1973 2081 2120 2121 usus
2147 2064 2528 2139 impendant.
2557 2070 2751 2133 Quare
2781 2066 2886 2141 qui
2915 2067 3109 2137 diligit
3147 2069 3496 2140 proximum
3549 2070 3639 2127 uti

1972 2154 2263 2227 seipsum,
2294 2155 2445 2212 nihil
2471 2156 2738 2230 amplius
2764 2172 2953 2230 quam
2983 2156 3296 2229 proximus
3340 2158 3636 2229 possidet.

1971 2243 2150 2317 Atqui
2169 2246 2641 2303 constathabere
2661 2250 2715 2302 te
2733 2261 2884 2319 opes
2899 2245 3144 2302 multas.
3169 2245 3482 2304 Undenam
3500 2248 3595 2304 hae
3608 2248 3636 2304 ?

1971 2331 2088 2387 nisi
2109 2347 2233 2405 quo
2260 2334 2471 2406 procul
2502 2334 2690 2391 dubio
2719 2335 3000 2391 levameu
3025 2334 3357 2392 multorum
3383 2340 3443 2393 et
3472 2351 3638 2393 com-

1971 2420 2158 2477 moda
2175 2421 2288 2478 tuis
2300 2421 2489 2495 ipsius
2503 2422 2842 2479 commodis
2854 2422 3269 2495 postposuisti.
3287 2427 3493 2497 Itaque
3509 2440 3633 2497 quo

1971 2509 2167 2580 magis
2180 2510 2463 2568 abundas
2481 2511 2723 2580 divitiis,
2741 2527 2815 2568 eo
2827 2512 3024 2582 magis
3040 2511 3334 2569 charitate
3351 2512 3634 2570 destitue-

1969 2597 2078 2654 ris.
2111 2599 2343 2656 Etenim
2361 2600 2710 2672 jandudum
2730 2600 3053 2673 pecuniam
3070 2616 3212 2675 cum
3229 2600 3460 2659 caeteris
3474 2617 3638 2658 com-

1970 2687 2281 2744 municare
2302 2688 2656 2759 cogitasses,
2674 2688 2722 2744 si
2744 2687 3275 2762 proximumtuum
3296 2688 3632 2747 dilexisses.

1970 2780 2140 2834 Nunc
2169 2780 2377 2834 autem
2398 2794 2548 2851 opes
2572 2778 2679 2835 tibi
2708 2778 2929 2835 arctius
2950 2793 3139 2850 quam
3186 2779 3452 2851 ipsamet
3501 2795 3635 2836 cor-

1968 2865 2136 2939 poris
2186 2866 2466 2925 membra
2512 2867 3287 2941 adhzerescunt;dolesque
3332 2868 3481 2931 dum
3511 2885 3547 2926 a
3576 2873 3634 2927 to

1971 2960 2350 3027 separantur,
2366 2956 2617 3028 perinde
2640 2972 2711 3013 ac
2735 2956 2785 3012 si
2802 2956 3125 3029 praecipuae
3138 2957 3411 3030 corporis
3431 2973 3506 3033 pa
3516 2963 3636 3016 rtes

1969 3046 2450 3115 amputarentur.
2481 3046 2633 3100 Nam
2656 3044 2706 3100 si
2725 3044 3027 3100 induisscs
3052 3044 3308 3112 nudum,
3350 3045 3400 3101 si
3428 3044 3636 3103 dedis-

1972 3146 2070 3189 ses
2121 3131 2405 3189 esurienti
2445 3147 2669 3204 panem
2726 3136 2920 3202 tuum,
2966 3133 3016 3188 si
3067 3132 3226 3189 fores
3265 3137 3380 3190 tuae
3408 3140 3634 3208 apertaa

1969 3219 2224 3277 fuissent
2248 3221 2473 3294 hospiti
2501 3221 2694 3291 omni,
2730 3221 2782 3278 si
2829 3221 3252 3295 orphanorum
3298 3224 3633 3282 exstitisses

1970 3314 2161 3382 pater,
2190 3309 2238 3366 si
2261 3310 2583 3368 miseratus
2610 3310 2830 3367 fuisses
2869 3310 3182 3367 inﬁrmum
3224 3328 3470 3370 omnem
3515 3315 3632 3384 ;de

1970 3399 2215 3473 quibus,
2265 3416 2499 3472 qumso,
2552 3399 2777 3473 opibus
2808 3416 2971 3456 nunc
3004 3399 3241 3457 doleres
3262 3400 3289 3455 ‘l
3314 3403 3632 3468 Quomodo

1970 3504 2133 3546 nunc
2161 3505 2318 3560 (egre
2346 3489 2531 3546 ferres
2558 3489 2840 3546 residuas
2865 3506 3016 3563 opes
3049 3489 3376 3563 deponere,
3412 3492 3464 3548 si
3501 3493 3631 3564 jam

1969 3577 2203 3651 pridem
2228 3594 2331 3634 eas
2358 3578 2421 3634 in
2442 3594 2669 3649 egenos
2693 3578 3150 3635 distribuendos
3176 3595 3456 3636 curasses
3495 3582 3522 3637 ?
3543 3581 3633 3638 Ad

1968 3666 2082 3729 hae,
2106 3666 2166 3721 in
2187 3666 2471 3722 nundinis
2492 3667 2740 3739 quidem
2763 3683 2943 3723 nemo
2965 3666 3128 3723 dolet
3145 3667 3312 3740 quod
3334 3669 3627 3741 pecunias

1970 3771 2113 3812 suas
2136 3754 2486 3828 profundat,
2511 3759 2569 3811 et
2593 3755 2858 3811 vicissim
2880 3761 3196 3828 comparet
3223 3756 3448 3827 quibus
3474 3773 3632 3832 opus

1967 3844 2153 3902 habet
2184 3863 2197 3914 ;
2222 3848 2446 3913 contra,
2471 3861 2592 3918 quo
2605 3845 2799 3901 viliori
2821 3845 3015 3918 pretio
3036 3861 3131 3902 res
3158 3846 3630 3920 pretiosissimas

1968 3934 2195 4001 emerit,
2219 3934 2332 3991 hoc
2363 3934 2559 4006 magis
2580 3934 2822 4004 gaudet,
2851 3939 2915 3992 ut
2936 3934 3041 4008 qui
3092 3934 3332 4005 egregie
3360 3936 3628 4007 negotia-

1968 4026 2064 4078 tus
2088 4021 2161 4079 sit
2194 4039 2207 4079 :
2241 4027 2307 4079 tu
2335 4038 2481 4080 vero
2511 4023 2702 4090 doles,
2734 4023 2900 4096 quod
2940 4039 3158 4080 aurum
3205 4028 3264 4080 et
3306 4030 3625 4095 argentum

1967 4116 2026 4169 et
2048 4127 2197 4185 opes
2217 4111 2490 4186 partiris;
2511 4112 2629 4170 hoc
2660 4117 2774 4179 est,
2796 4112 3062 4186 lapidem
3085 4128 3157 4170 ac
3179 4112 3488 4187 pulverem
3511 4117 3627 4173 tra-

1968 4200 2084 4270 dis,
2116 4206 2182 4259 ut
2202 4200 2446 4260 beatam
2475 4202 2664 4260 vitam
2688 4202 2996 4276 acquiras.

1970 4415 2146 4500 Goisl.
2177 4415 2504 4500 legendum
2535 4431 2668 4500 esse
2688 4421 2806 4492 περὶ
2838 4415 3050 4484 αὐτούς,
3082 4415 3199 4500 hoc
3226 4418 3340 4500 est,
3363 4421 3482 4500 πξρὶ
3516 4414 3629 4470 διο·-

499 4490 711 4562 tuerit,
755 4486 1108 4562 noh‘video'.
1162 4490 1310 4562 Cum
1350 4486 1515 4544 enim
1560 4488 1676 4546 hoc
1707 4486 1855 4562 loco
1885 4488 1931 4542 D
1966 4492 2170 4562 μένους,
2194 4486 2261 4544 ἰή
2278 4486 3003 4562 εθθηιρεεΕινθιιὸοωοθε
3024 4486 3456 4562 quicharitatis
3478 4505 3630 4560 prae-

1967 4558 2211 4633 ceptum
2232 4558 2494 4629 servant,
2520 4558 2838 4633 facultates
2852 4574 2995 4614 suas
3017 4558 3378 4633 partiuntur,
3401 4558 3627 4633 easque

1966 4630 2025 4687 in
2040 4629 2389 4701 egenorum
2415 4646 2565 4685 usus
2595 4629 2946 4701 absumunt.

2040 4698 2153 4788 (77)
2173 4701 2340 4788 Colb,
2642 4703 2796 4756 πόθεν
2822 4698 2910 4754 οὖν
2936 4709 3122 4788 ταῦτα.

2034 4775 2147 4843 (78)
2177 4773 2344 4825 Πάλαι
2364 4771 2424 4824 ἂν
2451 4771 2784 4845 ἐμελέτησας,
2801 4793 2851 4828 κ.
2876 4793 2923 4828 τ.
2947 4773 2996 4829 λ.
3027 4775 3217 4839 Verte,
3252 4772 3623 4845 Jamqludum

1962 4846 2329 4901 exercitatus
2385 4843 2537 4900 esses
2589 4844 2651 4899 in
2705 4845 3048 4900 alienandis
3092 4843 3521 4912 facultatibus,
3571 4844 3626 4898 si

1956 4916 2300 4985 proximum
2348 4915 2674 4972 dilexisses.
2702 4915 2795 4971 Sic
2825 4915 3004 4970 etiam
3035 4914 3218 4985 paulo
3250 4918 3405 4984 post,
3436 4917 3493 4985 t3.
3534 4917 3622 4980 12,

1959 4983 2122 5038 πάλαι
2152 4985 2480 5059 (μελετήσας,
2529 4987 2902 5056 jampridem
2952 4988 3012 5040 in
3038 4983 3166 5039 illis
3202 4983 3386 5053 egeno
3417 4983 3621 5039 distri-

1962 5058 2213 5115 buendis
2235 5060 2629 5114 exercitatus.
2662 5060 2881 5113 MARAN.

2032 5130 2152 5198 (79)
2200 5128 2352 5184 Editi
2401 5132 2488 5180 τὸν
2544 5126 2767 5198 πλησίον
2826 5130 2893 5198 ᾡς
2926 5129 3159 5178 σεαυτόν.
3194 5122 3311 5182 Sed
3349 5122 3520 5192 illud,
3552 5128 3623 5188 ὡς

1961 5197 2196 5259 σεαυτόν.
2227 5199 2288 5254 in
2321 5198 2585 5259 antiquis
2615 5197 2785 5253 libris
2818 5197 3006 5252 deest.

2029 5272 2143 5343 (80)
2171 5270 2572 5343 Codices_duo
2603 5287 2698 5320 σον
2721 5270 2968 5339 ἠνέῳκτο.

2029 5340 2145 5412 (81)
2171 5343 2315 5413 Reg.
2344 5340 2577 5413 primus
2602 5344 2901 5413 προϊέμενος
2931 5340 2999 5390 τὰ
3035 5343 3291 5413 παρόντα,

2029 5390 2823 5484 ἱέἑὶἒᾷῖιῇτέἱάὲὗὶούξ.Ἅι
2863 5390 3012 5466 ιὶιςε.
3073 5390 3345 5484 plerique
3405 5426 3621 5468 omnes

1955 5478 2201 5559 κτήματα
2223 5478 2381 5535 didm)
2393 5502 2434 5543 ς.
