4088 6194
311 280 422 333 285

1638 274 1930 339 HOMILIA
1967 274 2038 339 ΙΝ
2079 282 2382 345 DIVITES.

3592 294 3697 349 286

312 401 569 475 λυμμένα.
626 400 803 456 Ἰπποι
869 404 1219 477 παμπληθεῖς,
1260 408 1352 459 καὶ
1411 405 1556 459 οὗτοι
1601 404 1929 478 γενεαλογού-

2060 409 2192 482 Ξιιυί
2227 426 2413 484 quam
2441 410 2706 485 plurimi;
2731 413 2911 486 atque
2941 410 3181 469 illorum
3209 427 3426 484 genus,
3459 416 3517 471 ut
3546 414 3613 472 ﬁt
3635 417 3698 474 in

313 510 460 563 μενοι
506 489 611 544 ἀπὸ
666 492 920 564 εὐγενείας
982 498 1242 568 πατέρων,
1302 503 1476 569 ὥσπερ
1536 497 1585 547 οἱ
1640 496 1925 568 ἄνθρωποι.

316 582 385 632 Oi
421 582 513 652 μὲν
559 588 863 654 τρυφῶντας
917 581 1107 645 αὐτοὺς
1170 586 1310 636 κατά
1353 588 1449 643 τὴν
1504 583 1652 637 πόλιν
1711 587 1927 656 περιφί-

313 688 521 744 ρουσιν-
578 668 724 722 ἄλλοι
772 672 1204 746 συνθηρεύουσιν,
1237 673 1381 727 ἄλλοι
1436 675 1569 748 πρὸς
1621 668 1928 746 ὁδοιπορίαν

316 757 684 831 ἐξησκημένοι.
708 759 923 814 Χαλινοὶ
950 766 1040 815 καὶ
1078 762 1193 834 (90)
1224 762 1384 826 ξῶναι
1424 767 1516 815 καὶ
1563 758 1928 837 περιδέῥραια,

317 851 495 903 πάντα
535 846 762 924 ἀργυρᾶ,
812 853 984 903 πάντα
1026 856 1413 926 χρυσόπαστα.
1454 853 1694 912 Τάπητες
1738 850 1932 925 α’λουρ-

318 942 430 1012 7οὶ,
464 946 781 1011 κοσμοῦντες
834 943 957 1002 τοὺς
1008 941 1200 1003 ἵππους
1235 943 1409 1017 ὥσπερ
1456 946 1731 1015 νυμφίους⁹
1775 941 1934 1013 ἡμιό-

318 1027 656 1098 νωνπλῆθος,
689 1030 824 1080 κατά
853 1032 1023 1105 χρόαν
1072 1026 1108 1082 δ
1114 1035 1422 1104 ιῃρημένωνο
1459 1030 1671 1103 ἡνίοχοι
1717 1031 1931 1097 τούτων,

320 1114 557 1176 αλλήλων
608 1113 891 1190 διάδοχοι,
934 1120 983 1171 οἱ
1025 1124 1422 1194 προτρέχοντες,
1471 1122 1520 1174 οἱ
1566 1122 1933 1194 παρεπόμενοι.

320 1212 435 1260 Τῶν
508 1205 672 1259 ἄλλων
730 1207 941 1261 οἰκετῶν
1013 1207 1235 1282 ἀριθμὸς
1305 1211 1517 1285 ἄπειρος
1581 1211 1713 1284 πρὸς
1763 1215 1937 1262 πᾶσαν

319 1296 508 1356 αὐτοῖς
604 1295 941 1351 πολυτέλειαν
1028 1295 1274 1372 ἐξαρκῶν·
1356 1297 1646 1373 ἐπίτροποι,
1727 1302 1935 1371 ταμίαι,

316 1389 570 1460 γεωργοὶ,
635 1382 983 1450 παντοδαπῆς
1026 1389 1262 1462 ἔμπειροι
1302 1392 1514 1461 τέχνης,
1547 1397 1643 1449 τῆς
1684 1405 1739 1441 τε
1786 1386 1940 1459 ἀναγ-

316 1480 481 1536 καίας
542 1479 632 1528 καὶ
685 1484 780 1540 τῆς
830 1478 966 1550 πρὸς
1012 1474 1301 1529 ἀπόλαυσιν
1346 1482 1438 1530 καὶ
1480 1481 1679 1550 τρυφὴν
1728 1478 1941 1550 εὑρημέ-

317 1585 434 1629 νηςι
512 1567 774 1639 μάγειροι,
836 1570 1119 1632 σιτοποιοὶ,
1179 1566 1431 1639 οἰνοχόοι,
1493 1568 1760 1640 θηρευταὶ,
1815 1564 1942 1619 πλά-

322 1674 475 1722 σται,
518 1656 812 1728 ζωγράφοι,
845 1651 1045 1718 ἡδονῆς
1073 1661 1323 1718 παντοίας
1362 1653 1703 1731 δημιουργοί.
1739 1655 1943 1729 Ἀγέλαι

2040 496 2411 571 hominibus,
2443 518 2479 559 a
2509 503 2813 573 majorum
2849 501 3175 574 splendore
3207 503 3696 561 commendatur.

2040 587 2149 643 Alii
2173 587 2357 647 hosce
2385 591 2756 665 voluptarios
2807 591 3272 649 circumvehunt
3303 608 3411 666 per
3448 592 3696 651 urbem:

2041 676 2139 734 alii
2186 680 2514 749 venationi,
2550 679 2648 738 alii
2680 680 2876 738 itineri
2915 679 3296 738 conﬁciendo
3349 681 3699 740 inserviunt.

2042 770 2234 841 Freni,
2276 771 2540 843 cingula,
2574 772 2841 842 collaria,
2874 772 3082 828 omnia
3128 776 3438 844 argentea,
3474 773 3704 831 intexta

2042 873 2190 917 auro
2215 862 2443 919 omnia.
2467 864 2771 935 Purpurea
2800 864 3007 929 strata,
3031 876 3219 934 equos
3259 861 3421 919 velut
3444 876 3704 934 sponsos

2042 951 2343 1017 ornantia,
2370 949 2675 1008 mulorum
2697 950 2895 1008 colore
2916 950 3331 1007 distinctorum
3358 949 3701 1019 multitudo,

2043 1056 2304 1114 quorum
2326 1041 2453 1098 auri
2464 1056 2553 1112 gas
2578 1040 2692 1096 sibi
2716 1040 2973 1097 invicem
2995 1039 3410 1111 succedentes,
3432 1042 3704 1113 praeeunt

2046 1129 2167 1198 alii,
2192 1129 2293 1186 alii
2322 1134 2674 1204 sequuntur.
2693 1129 3082 1202 Reliquorum
3099 1128 3470 1187 famulorum
3490 1140 3702 1186 nume-

2045 1230 2147 1276 rus
2172 1219 2462 1288 inﬁnitus,
2488 1220 2592 1294 qui
2612 1219 2725 1276 sibi
2747 1220 2824 1276 ad
2847 1218 3356 1289 magniﬁcentiam
3379 1217 3577 1275 omnis
3608 1231 3705 1286 ge-

2046 1309 2207 1366 neris
2236 1308 2663 1366 ostentandam
2687 1306 2982 1375 sufﬁciat;
3013 1311 3459 1380 procuratores,
3481 1304 3702 1380 promi.

2048 1398 2347 1470 agricolae,
2392 1397 2648 1454 ministri
2691 1397 3113 1470 cujuscunque
3163 1395 3305 1452 artis
3347 1395 3543 1470 periti,
3578 1399 3707 1452 tum

2049 1489 2180 1560 ejus
2200 1504 2337 1561 quae
2366 1487 2709 1545 necessaria
2734 1489 2839 1555 est,
2865 1489 2993 1544 tum
3019 1486 3150 1558 ejus
3169 1498 3305 1562 quas
3325 1485 3406 1543 ad
3429 1485 3708 1558 volupta-

2050 1582 2171 1635 tem
2225 1574 2597 1650 deliciasque
2644 1576 2888 1633 inventa
2937 1579 3047 1639 est,
3081 1575 3226 1643 coci,
3257 1576 3529 1648 pistores,
3580 1573 3709 1647 pin-

2052 1684 2265 1738 cernze,
2292 1670 2624 1740 venatores,
2652 1666 2908 1739 ﬁctores,
2935 1667 3216 1740 pictores,
3244 1666 3583 1737 omnigenus
3607 1682 3713 1723 vo-

322 1744 597 1817 καμὴλων,
637 1753 737 1800 τῶν
778 1748 869 1817 μὲν
922 1743 1253 1820 ἀχθοφόρων,
1290 1755 1390 1799 τῶν
1438 1742 1497 1799 δε
1542 1743 1805 1819 νομάδων,
1851 1747 1941 1798 ἶπ-

2060 1756 2295 1831 luptatis
2343 1757 2618 1830 opiﬁces.
2677 1755 3059 1813 Camelorum
3098 1771 3330 1828 greges,
3361 1757 3583 1829 partim
3629 1759 3710 1816 ad

324 1856 438 1888 πων
478 1832 680 1907 ἀγέλαι,
730 1833 1005 1907 βουκόλια,
1049 1840 1286 1909 ποίμνια,
1323 1834 1603 1910 συφόρϐια,
1656 1838 1705 1888 οἰ
1746 1839 1941 1889 τούτων

322 1932 520 1998 νομεῖς,
561 1931 630 1996 γῆ
688 1926 717 1983 ἡ
776 1930 913 1976 πᾶσι
960 1926 1165 1988 τούτοις
1209 1928 1341 2001 πρὸς
1383 1930 1577 1998 τροφὴν
1626 1923 1938 2000 ἐξαρκοῡσα,

324 2021 420 2071 καὶ
470 2018 549 2067 ἔτι
601 2022 720 2077 ταῖς
754 2010 1047 2088 προσόδοις
1090 2015 1205 2087 (91)
1257 2018 1347 2067 τὸν
1404 2014 1627 2068 πλοῦτον
1685 2012 1938 2078 αὔξουσα-

326 2104 524 2178 λουτρά
564 2103 616 2157 ἐν
663 2104 827 2158 πόλει·
891 2103 1085 2180 λουτρά
1139 2103 1253 2158 κατ’
1301 2103 1510 2178 ἀγρούςο
1562 2103 1697 2158 οἶκοι
1746 2122 1943 2157 παντο-

329 2191 525 2257 δαποῖς
593 2194 893 2270 μαρμάροις
947 2193 1406 2268 περιλαμπόμενοι,
1476 2195 1502 2246 ό
1560 2196 1650 2267 μὲν
1717 2194 1941 2266 Φρυγίου

327 2283 503 2351 λίθου,
553 2283 707 2346 ἄλλος
757 2289 1069 2344 Λακωνικῆς
1114 2284 1143 2343 ἣ
1201 2282 1535 2346 Θεσσαλικῆς
1581 2282 1795 2345 πλακός·
1854 2286 1945 2334 καὶ

328 2376 528 2427 τούτων
573 2375 623 2425 οἱ
674 2377 766 2447 μὲν
810 2371 859 2426 ἓν
922 2381 1146 2446 χειμῶνι
1204 2372 1501 2439 θάλποντες,
1544 2374 1592 2425 οἱ
1640 2368 1698 2425 δε
1749 2369 1947 2442 ἀναψύ-

328 2482 520 2536 χοντες
558 2461 607 2516 ἓν
650 2471 724 2535 τῷ
766 2464 921 2536 θέρει.
964 2456 1193 2535 Ἕδαφος
1229 2468 1347 2524 ταῖς
1390 2461 1589 2535 ψηφῖσι
1630 2457 1945 2534 διηνθισμέε

328 2572 435 2618 νον,
483 2555 695 2626 χρυσός
755 2550 1048 2624 ὑπαλείφων
1107 2555 1195 2604 τὸν
1249 2555 1452 2625 ὄροφον.
1503 2549 1665 2603 Ὅσον
1732 2546 1791 2603 δὲ
1845 2556 1944 2602 τῶν

331 2647 535 2712 τοίχων
578 2637 851 2714 διαφεύγει
893 2644 988 2703 τὴν
1026 2639 1222 2709 πλάκα,
1263 2647 1374 2704 τοῖς
1410 2647 1507 2703 τῆς
1551 2647 1814 2715 γραφικῆς
1862 2640 1948 2691 ἄν-

337 2733 455 2789 θεσι
482 2730 890 2792 καλλωπίζεται.

409 2916 465 2969 3.
493 2907 736 2965 Ἐπειδὰν
769 2906 829 2965 δὴ
855 2910 928 2972 εἰς
965 2906 1128 2986 μυρία
1155 2906 1520 2983 διασπώμενος
1548 2927 1574 2962 ο
1612 2907 1838 2970 πλοῦτος
1874 2908 1948 2959 ἔτι

336 3003 640 3077 περιττεύῃ,
680 3003 816 3054 κατὰ
869 3008 971 3072 γῆς
1026 3000 1255 3067 ὠθεῖται,
1296 3004 1387 3051 καὶ
1434 2996 1482 3051 ἄν
1512 2996 1831 3073 ἀπορρήτοις
1859 3016 1950 3069 φυ-

336 3092 602 3146 λάττεται.
648 3086 880 3148 Ἀδηλον
927 3092 1026 3163 γὰρ
1069 3093 1128 3142 τὸ
1177 3087 1376 3162 μελλον,
1419 3092 1597 3161 μήπου
1640 3088 1777 3149 τινες
1814 3081 1949 3139 ἀδό-

337 3200 495 3239 κητοι
535 3181 679 3252 ἡμᾶς
713 3176 1053 3232 καταλάϐωσι
1105 3183 1308 3252 χρεῖαι.
1360 3173 1590 3236 ’Ἄδηλον
1630 3178 1721 3250 μὲν
1762 3172 1870 3244 οὖν,
1908 3179 1951 3228 εἰ

342 3271 485 3334 ἣξεις
512 3274 647 3343 πρὸς
684 3273 779 3328 τὴν
807 3273 997 3342 χρείαν
1047 3276 1140 3321 τοῦ
1188 3270 1652 3341 κατορωρυγμένου
1692 3284 1947 3341 χρυσιου·

337 3360 436 3414 οὐκ
492 3355 696 3420 ἄδηλος
741 3354 802 3411 δι
845 3359 877 3416 ἡ
921 3358 1089 3431 ζημία
1134 3364 1231 3418 τῆς
1269 3354 1643 3431 ἀπανθρωπίας
1688 3362 1787 3407 τῶν
1837 3357 1955 3427 τρό-

338 3469 472 3503 πων.
502 3448 629 3504 Ὀτε
673 3450 776 3521 γὰρ
826 3446 922 3499 οὐκ
967 3443 1244 3508 ἠδυνήθης
1279 3451 1395 3507 ταῖς
1442 3448 1657 3518 μυρίαις
1704 3442 1954 3504 ἓπινοίαις

341 3536 714 3599 ἕκδαπανῆσαι
762 3539 850 3589 τὸν
897 3535 1141 3605 πλοῦτον,
1189 3540 1306 3588 τότε
1364 3534 1520 3587 αὐτὸν
1578 3533 1651 3597 εἰς
1705 3536 1799 3591 τὴν
1852 3540 1952 3605 γῆν

340 3627 650 3703 ἀπεκρύψω.
697 3630 875 3681 Μανία
927 3621 1093 3693 δεινὴ,
1128 3625 1220 3687 ἔως
1275 3627 1364 3698 μὲν
1412 3623 1461 3676 ἐν
1503 3622 1773 3697 μετάλλοις
1820 3618 1882 3680 ἧν
1929 3622 1955 3673 ὁ

341 3716 573 3792 χρυσός,
606 3716 877 3789 ἀνερευνῷ
908 3715 1023 3787 (92)
1072 3719 1167 3773 τὴν
1204 3721 1324 3787 γῆν·
1377 3714 1460 3766 ὅτε
1500 3708 1559 3766 δὲ
1605 3714 1823 3787 φανερὸς
1853 3710 1958 3783 ἐγέ-

341 3826 475 3874 νετο,
528 3806 685 3860 πάλιν
733 3804 781 3857 ἓν
827 3812 890 3877 τῇ
940 3812 1007 3877 γῇ
1058 3803 1213 3856 αὐτὸν
1257 3801 1542 3876 ἀφανίζειν.
1592 3799 1740 3868 Εἶτα,
1788 3798 1955 3874 οἶμαι,

345 3896 627 3969 συμϐαίνει
687 3914 772 3948 σοι
835 3896 1222 3968 κατορύσσοντι
1289 3895 1377 3945 τὸν
1443 3890 1663 3944 πλοῦτον
1732 3906 1960 3962 συγκατ-

343 3990 595 4060 ορύσσειν
624 3988 718 4036 καί
761 3988 855 4042 τὴν
879 3978 1124 4058 καρδίαν·
1152 3981 1316 4034 Ὄπον
1344 3983 1445 4056 γὰρ
1477 3980 1503 4032 ό
1547 3980 1813 4053 Θησαυρός
1836 3996 1956 4045 σου,

343 4079 525 4150 φησιν,
581 4072 687 4126 ἰκεί
749 4076 840 4126 καὶ
890 4073 921 4131 ἠ
978 4067 1194 4145 καρδία,
1247 4071 1343 4123 Διά
1387 4077 1543 4122 τοῦτο
1589 4067 1845 4121 λυποῦσιν
1907 4068 1962 4120 αἱ

345 4164 571 4217 ἓντολαί·
625 4161 846 4215 ἀϐίωτον
884 4162 984 4235 γὰρ
1046 4159 1249 4221 ἑαυτοῖς
1294 4161 1381 4211 τόν
1423 4156 1540 4231 βίον
1586 4159 1835 4223 τιθενται,
1885 4160 1957 4229 μὴ

343 4262 463 4319 ταῖς
520 4255 638 4325 (93)
696 4251 977 4324 ἀνωφελέσι
1034 4246 1294 4312 δαπάναις
1352 4247 1806 4322 ἐνασχολούμενοι.
1860 4249 1961 4299 Καί

343 4364 439 4418 μοι
489 4339 641 4397 δοκεῖ
683 4345 742 4394 τὸ
789 4341 958 4401 πάθος
1003 4346 1093 4393 τοῦ
1132 4341 1429 4404 νεανίσκου,
1472 4340 1502 4396 ἦ
1544 4344 1645 4389 τῶν
1676 4334 1961 4409 παραπλη-

2051 1862 2236 1906 onera
2248 1845 2452 1903 ferend
2464 1863 2518 1917 a,
2532 1846 2754 1919 partim
2772 1843 2850 1902 ad
2866 1860 3093 1919 pascua
3105 1845 3710 1919 destinati,equorum

2050 1941 2324 1995 armenta
2345 1942 2400 1993 et
2420 1935 2632 2004 boum,
2652 1950 2866 2008 greges
2908 1936 3116 1993 ovium
3161 1940 3219 1992 et
3240 1950 3590 2008 porcorum,
3612 1935 3712 1996 ho-

2052 2044 2186 2085 rum
2208 2030 2520 2101 pastores;
2545 2025 2673 2096 agri
2705 2025 2809 2098 qui
2839 2040 2963 2082 non
2994 2025 3180 2082 modo
3209 2023 3281 2080 iis
3301 2024 3587 2081 omnibus
3608 2042 3712 2100 pa-

2053 2116 2291 2174 scendis
2313 2115 2635 2183 sufﬁciant,
2669 2113 2776 2171 sed
2814 2114 2916 2188 qui
2947 2113 3125 2171 etiam
3161 2130 3270 2187 per
3297 2110 3522 2171 reditus
3550 2131 3623 2173 ex
3650 2132 3714 2172 se

2052 2204 2477 2284 provenientes
2517 2202 2758 2261 divitias
2812 2202 2926 2277 54
2962 2202 3337 2274 adaugeant;
3378 2202 3601 2273 balnea
3650 2200 3714 2263 in

2051 2296 2225 2363 urbe,
2246 2293 2468 2352 balnea
2498 2293 2620 2350 ruri
2645 2312 2658 2363 ;
2686 2292 2867 2359 uades,
2887 2309 3023 2367 quas
3055 2291 3280 2363 fulgent
3306 2290 3713 2351 marmoribus

2054 2385 2252 2443 omnis
2280 2383 2553 2455 generis;
2589 2383 2749 2439 aliud
2788 2386 2876 2440 est
2905 2399 2979 2439 ex
3007 2383 3269 2454 Phrygio
3297 2381 3518 2456 lapide,
3548 2382 3716 2439 aliud

2055 2490 2129 2532 ex
2150 2473 2458 2531 Laconicis
2491 2475 2595 2529 aut
2618 2471 2976 2529 Thessalicis
3000 2470 3254 2544 crustis:
3289 2475 3471 2545 atque
3501 2482 3573 2529 ex
3621 2471 3715 2528 his

2056 2563 2290 2622 aedibus
2316 2563 2447 2620 alia;
2474 2561 2536 2619 in
2563 2561 2760 2618 hieme
2790 2554 3172 2630 calefaciunt,
3202 2559 3332 2615 alias
3359 2559 3719 2630 refrigerant

2057 2657 2280 2712 aestate.
2324 2652 2740 2711 Pavimentum
2782 2650 3025 2708 calculis
3052 2649 3379 2719 variatum,
3406 2649 3720 2708 lacunaria

2058 2756 2209 2800 auro
2233 2742 2474 2800 sublita.
2508 2739 2815 2814 Quidquid
2839 2742 3041 2796 autem
3080 2736 3381 2812 parietum
3425 2738 3719 2796 incrusta-

2059 2832 2186 2890 tum
2210 2845 2335 2888 non
2362 2832 2474 2900 est,
2502 2829 2563 2887 id
2589 2831 2838 2905 picturae
2859 2828 3114 2886 ﬂoribus
3145 2831 3495 2885 exornatur.

2132 2928 2186 2981 3.
2228 2925 2377 2980 Cum
2410 2925 2611 2978 autem
2639 2921 2701 2977 in
2724 2921 3038 2977 sexcentos
3068 2933 3214 2975 usus
3245 2917 3549 2975 distractae
3580 2916 3725 2975 divi-

2063 3014 2157 3071 tias
2182 3010 2529 3070 redundant
2550 3008 2770 3076 adhuc,
2795 3012 2923 3065 tum
2948 3009 3010 3064 in
3038 3010 3198 3065 terra
3220 3007 3644 3077 detruduntur,
3668 3011 3728 3064 et

2062 3103 2125 3161 in
2170 3100 2390 3160 abditis
2434 3098 2581 3155 locis
2630 3100 3045 3155 asservantur.
3078 3100 3382 3153 incertum
3438 3100 3528 3153 est
3565 3096 3726 3154 enim

2062 3191 2229 3268 quod
2249 3190 2520 3247 futurum
2542 3192 2652 3255 est,
2676 3202 2751 3245 ne
2772 3185 2924 3243 forte
2945 3185 3006 3242 in
3030 3184 3331 3260 quasdam
3351 3185 3703 3259 inexspecta

2065 3288 2158 3341 tas
2188 3279 2573 3338 necessitates
2599 3272 2963 3334 incidamus.
2998 3278 3126 3332 Imo
3149 3275 3464 3342 incertum,
3501 3291 3580 3332 an
3622 3274 3727 3331 de-

2065 3372 2225 3430 fosso
2246 3385 2396 3428 auro
2420 3369 2502 3424 sis
2525 3382 2681 3440 opus
2707 3365 3028 3423 habiturus
3056 3383 3069 3422 2
3104 3364 3212 3422 sed
3241 3365 3468 3423 incerta
3497 3379 3618 3421 non
3641 3367 3730 3421 est

2057 3464 2532 3530 inhumanorum
2550 3473 2792 3515 morum
2818 3470 3023 3528 pmna.
3040 3457 3367 3529 Postquam
3387 3455 3548 3512 enim
3563 3454 3732 3511 innu'

2062 3551 2244 3610 meris
2270 3548 2533 3608 artiﬁciis
2562 3562 2778 3604 aurum
2808 3546 3128 3602 absumere
3148 3561 3271 3601 non
3294 3544 3564 3618 potuisti,
3586 3548 3729 3600 tunc

2063 3640 2211 3698 illud
2234 3637 2348 3694 sub
2373 3641 2528 3693 terra
2547 3633 2883 3692 occultasti.
2908 3632 3148 3689 Insania
3168 3632 3406 3703 ingens,
3423 3631 3571 3687 dum
3592 3631 3731 3705 qui-

2065 3730 2205 3787 dem
2236 3742 2454 3784 aurum
2486 3724 2543 3781 in
2568 3722 2826 3781 metallis
2847 3724 2994 3790 erat,
3023 3725 3241 3778 terram
3266 3721 3523 3777 scrutari
3550 3737 3563 3777 :
3589 3736 3730 3778 cum

2067 3821 2268 3877 autem
2293 3817 2423 3887 jam
2461 3813 2523 3871 in
2548 3809 2873 3887 propatulo
2919 3813 3031 3880 est,
3062 3824 3271 3866 rursus
3301 3807 3449 3866 illud
3481 3809 3543 3866 in
3571 3812 3732 3867 terra

2065 3903 2466 3965 abscondere.
2484 3901 2727 3969 Deinde,
2752 3899 2988 3974 opinor,
3007 3898 3302 3969 contingit
3324 3894 3427 3954 tibi
3454 3892 3733 3972 quisquis

2066 4001 2215 4070 opes
2245 3992 2508 4060 defodis,
2541 3996 2609 4048 ut
2637 3992 2694 4048 et
2732 4005 2835 4046 cor
2856 3992 3028 4045 tuum
3055 4003 3179 4044 una
3209 3985 3508 4044 defodias.
3550 3980 3726 4059 Nam,

2065 4084 2281 4160 inquit,
2312 4082 2416 4139 ubi
2445 4078 2764 4140 thesaurus
2793 4084 2951 4145 tuus,
2975 4076 3063 4133 ibi
3084 4080 3140 4134 et
3161 4092 3265 4133 cor
3288 4077 3357 4133 ”.
3382 4073 3471 4133 Oh
3496 4074 3557 4132 id
3584 4091 3732 4148 prae-

2069 4178 2245 4247 cepta
2263 4188 2368 4230 eos
2389 4170 2662 4228 afficiunt
2684 4166 2917 4224 tristitia
2940 4184 2955 4234 ;
2977 4167 3160 4222 vitam
3183 4165 3333 4221 enim
3364 4164 3595 4221 ducunt
3618 4164 3733 4222 sibi

2068 4262 2535 4332 intolerandam,
2566 4259 2683 4315 nisi
2703 4255 3022 4314 inutilibus
3051 4254 3394 4328 sumptibus
3438 4268 3734 4326 occupen-

2071 4356 2187 4408 tur.
2236 4344 2430 4423 Atque
2479 4345 2649 4420 quod
2693 4345 2832 4401 huic
2865 4342 3233 4400 adolescenti
3265 4346 3372 4399 aut
3402 4341 3653 4416 reliquis
3683 4342 3734 4399 ei

349 4439 478 4486 σίων
527 4432 692 4503 αὐτῷ,
736 4433 1025 4505 παρόμοιον
1068 4425 1217 4496 εἶναι,
1266 4429 1441 4502 ὥσπερ
1494 4424 1554 4478 ἂν
1602 4428 1648 4479 εἴ
1694 4444 1777 4486 τις
1821 4419 1947 4477 ὁδοί

2068 4405 2787 4504 consimilibus‘contigit,
2816 4430 2879 4488 id
2927 4430 3078 4488 mihi
3130 4426 3365 4488 videtur
3395 4405 3737 4501 esse-ejus-

345 4528 511 4595 πόρος
574 4520 825 4594 ἐπιθυμία
888 4518 1083 4582 πόλεώς
1135 4536 1274 4578 τινος
1327 4518 1585 4578 συντόνως
1620 4518 1716 4573 τὴν
1769 4517 1964 4589 μέχρις

348 4611 517 4674 αὐτῆς
559 4605 683 4663 ὁδὸν
714 4604 993 4675 διανύσας,
1018 4604 1129 4660 εἶτα
1154 4606 1313 4659 αὐτοῦ
1346 4624 1446 4659 που
1484 4609 1602 4679 περὶ
1632 4606 1697 4657 τά
1728 4605 1827 4678 πρὸ
1862 4609 1961 4655 τῶν

348 4710 547 4775 τειχῶν
574 4698 883 4753 καταλύσειε
922 4693 1240 4770 πανδοκεῖα,
1291 4699 1421 4767 ὄκνῳ
1468 4699 1662 4769 μικρᾶς
1706 4695 1961 4754 κινήσεως

348 4796 438 4845 τόν
460 4809 518 4844 τε
546 4788 957 4863 προῦπάρξαντα
1001 4791 1153 4839 πόνον
1182 4784 1429 4857 ἀχρειῶν,
1461 4788 1551 4835 καὶ
1598 4791 1694 4844 τῆς
1726 4784 1963 4856 ἱστορίας

347 4889 450 4932 τῶν
504 4878 554 4932 ἓν
725 4877 872 4930 πόλει
915 4874 1081 4927 καλῶν
1126 4873 1304 4927 ἑαυτὸν
1356 4871 1658 4927 ἀποκλείων.
1717 4873 1959 4924 Τοιοῦτοί

352 4972 484 5023 εἰσιν
524 4970 575 5021 οἱ
621 4970 687 5020 τὰ
732 4969 820 5040 μὲν
869 4964 999 5017 ἄλλα
1032 4970 1194 5016 ποιεῖν
1246 4957 1684 5034 καταδεχόμενοι,
1733 4958 1963 5012 ἀντιϐαί-

348 5080 524 5122 νοντες
597 5054 658 5111 δὲ
727 5059 859 5129 πρὸς
928 5058 1021 5113 τὴν
1100 5061 1198 5107 τῶν
1273 5053 1621 5125 ὑπαρχόντων
1688 5048 1956 5105 ἀπόθεσιν.

423 5204 473 5238 ²²
512 5196 712 5258 Matth.
747 5214 822 5269 Vl,
853 5190 947 5255 2i.

425 5354 542 5425 (90)
581 5351 709 5425 Coi.
731 5350 964 5425 prirnus
1001 5342 1303 5425 zalwold's
1332 5349 1442 5400 καί.

423 5412 538 5495 (91)
578 5412 751 5484 (ᾆοΙὺῘ
784 5412 1113 5495 ίθῌὶμςῖαὶ
1151 5417 1380 5495 ἐπὶ-ταῖς
1406 5412 1714 5491 προσόδοις.

423 5484 533 5564 t92i
577 5495 729 5553 Editi
759 5491 1000 5549 etColb.
1022 5489 1335 5564 secundus
1358 5484 1646 5564 q’zvzbgwé-s,
1680 5484 1862 5564 male.
1890 5489 1961 5541 Αἰ

355 5557 530 5629 Colb.
540 5569 754 5626 tertius
773 5570 834 5620 et
853 5566 994 5632 Reg.
1015 5562 1224 5618 itidem
1244 5557 1452 5632 tertius
1473 5557 1758 5632 ἀθερίευνᾷν,
1781 5557 1954 5614 bene.

355 5614 756 5709 {13351622
775 5614 1702 5725 ἓόῖᾆῖνξῖὧξοῖθὲᾞιίιξιιοῑ111)νί
1721 5614 1769 5682 ἐν
1796 5636 1857 5702 τῇ
1889 5637 1954 5701 γῆ

2069 4527 2259 4595 modi,
2292 4530 2588 4599 tanquam
2618 4523 2669 4579 si
2697 4521 2973 4578 videlicet
2998 4519 3307 4595 quispiam
3325 4520 3540 4591 viator,
3564 4516 3735 4576 urbis

2070 4616 2329 4688 alicujus
2352 4612 2631 4671 videndae
2652 4610 2952 4669 desiderio
2974 4609 3215 4682 ductus,
3232 4614 3473 4667 strenue
3493 4608 3574 4665 ad
3597 4624 3734 4665 eam

2070 4702 2653 4780 usquejcontendat;
2679 4698 2898 4757 deinde
2926 4698 3046 4756 illic
3070 4714 3179 4772 pro
3208 4697 3513 4754 moenibus
3539 4696 3603 4752 in
3626 4696 3733 4752 ho-

2070 4796 2266 4870 spitiis
2298 4795 2732 4858 commoratus,
2756 4793 2938 4863 atque
2970 4787 3048 4844 ab
3080 4788 3301 4859 exiguo
3324 4790 3492 4843 motu
3521 4794 3629 4860 per
3651 4801 3739 4842 se-

2067 4885 2318 4959 gnitiem
2334 4882 2733 4951 deterritus,et
2746 4881 3121 4952 insumptum
3138 4877 3302 4950 prius
3317 4873 3591 4932 laborem
3604 4874 3737 4931 inu-

2067 4976 2235 5036 tilem
2258 4973 2492 5041 reddat,
2510 4978 2565 5030 et
2586 4989 2621 5028 a
2640 4969 2919 5027 videndis
2938 4967 3104 5024 urbis
3124 4964 3496 5023 ornamentis
3518 4981 3581 5020 se
3601 4963 3733 5037 ipse

2067 5061 2556 5123 excludat.'l‘ales
2584 5065 2724 5117 sunt
2744 5059 2850 5134 qui
2875 5055 3261 5131 alialquidem
3284 5053 3575 5110 mandata
3589 5067 3732 5110 con-

2067 5335 2297 5393 lbidem
2338 5330 2502 5391 Colb.
2547 5327 2852 5386 secundus
2896 5325 3184 5399 ἁφανίζεις.
3236 5325 3506 5383 Subinde
3552 5324 3721 5382 Colb.

2066 5409 2274 5466 tertius
2304 5404 2451 5478 οἶμαι
2482 5400 2800 5478 συμϐαίνειν.

2138 5484 2252 5548 (93)
2294 5468 2442 5533 Erilli
2492 5468 2720 5526 τίῦενται
2756 5474 2845 5523 καὶ
2871 5475 3004 5536 ταῖς,
3048 5468 3225 5527 male.
3276 5468 3432 5527 Libri
3485 5471 3721 5524 veteres

2066 5552 2218 5610 utin
2242 5552 2555 5611 contextu,
