4088 6194
374 288 478 345 287

1758 282 1817 340 S.
1860 282 2108 341 BASlLll
2148 282 2365 341 MAGNI

3634 288 3743 345 288

375 412 554 471 ﬁcere
582 409 812 479 volunt,
846 406 953 465 sed
974 421 1122 480 opes
1155 420 1369 472 exuere
1407 409 1711 463 recusant.
1759 406 1892 464 Vidi
1924 422 2037 479 ego

2152 404 2287 462 Οἶδα
2328 407 2549 472 πολλοὺς
2602 410 2968 477 νηστεύοντας,
3026 413 3502 485 προσευχομένους,
3555 413 3744 466 στενά-

377 517 500 559 non
523 517 752 575 paucos
763 500 841 572 jej
854 501 1126 564 unantes,
1142 495 1901 567 orantes,ingemiscentes,
1918 496 2040 570 pie-

377 596 563 649 tatem
592 605 858 651 omnem,
891 603 1027 660 quae
1060 586 1189 642 sine
1219 585 1501 658 impensa
1531 586 1793 643 exerceri
1816 590 2034 660 potest,

377 679 738 745 excolentes,
756 680 817 734 at
832 692 907 733 ne
928 691 1118 731 unum
1137 673 1383 747 quidem
1399 673 1648 731 obolum
1670 675 1877 746 egenis
1898 674 2041 732 offe-

377 774 594 828 rentes.
631 770 773 835 Quae
818 766 910 822 his
939 764 1163 822 utilitas
1194 768 1282 820 est
1311 763 1558 837 reliquie
1600 764 1832 821 virtutis
1853 764 1882 820 ‘I
1911 767 2040 822 Non

380 859 542 915 enim
568 856 969 930 exeipitipsos
991 869 1250 925 regnum
1284 854 1570 910 caelorum
1594 870 1607 911 :
1630 855 1808 922 Nam,
1825 854 2036 927 inquit,

374 948 629 1020 facilius
673 951 758 1002 est
790 945 1083 1001 camelum
1111 958 1223 1014 per
1247 944 1528 1012 foramen
1566 959 1710 1000 acus
1754 945 2038 1013 transire,

379 1051 560 1108 quam
587 1035 831 1091 divitem
859 1035 1096 1090 intrare
1122 1035 1185 1088 in
1215 1047 1468 1104 regnum
1501 1034 1787 1090 calorum
1810 1033 1880 1088 π.
1922 1031 2040 1088 Uti-

376 1139 496 1197 que
519 1123 603 1179 sic
633 1122 957 1196 perspicua
986 1120 1280 1178 sententia
1305 1125 1434 1190 est;
1466 1137 1649 1178 verax
1699 1121 1805 1194 qui
1853 1135 2040 1177 enun-

374 1212 502 1283 tiat,
525 1216 583 1269 et
613 1217 815 1269 tamen
845 1212 952 1284 qui
990 1224 1223 1265 morem
1277 1214 1509 1280 gerant,
1536 1210 1737 1283 pauci.
1794 1213 1863 1267 Et
1889 1224 2042 1283 quo-

376 1302 584 1372 modo,
603 1301 820 1375 inquit,
843 1300 1113 1356 vivemus
1133 1299 1351 1355 relictis
1374 1298 1699 1356 omnibus?
1720 1298 1916 1373 qualis
1939 1316 2042 1358 au-

376 1396 497 1450 tem
526 1391 729 1447 futura
757 1394 846 1446 est
874 1387 1090 1445 mundi
1121 1388 1351 1461 species
1384 1404 1454 1444 ac
1486 1392 1698 1461 status,
1729 1388 2040 1446 vendenti-

376 1481 494 1539 bus
525 1479 835 1548 omnibus,
864 1482 920 1534 et
958 1477 1204 1534 nemine
1242 1494 1353 1534 sua
1387 1494 1515 1535 non
1541 1477 1992 1551 derelinquente
2014 1479 2043 1535 ?

378 1571 528 1625 Cave
569 1566 883 1624 scisciteris
915 1583 987 1623 ex
1016 1582 1114 1622 me
1139 1583 1349 1623 eorum
1377 1584 1514 1641 qua:
1544 1573 1850 1641 praecepta
1879 1569 2038 1635 sunt,

376 1656 853 1728 intelligentiam.
873 1656 1041 1713 Novit
1065 1656 1370 1726 legislator
1392 1656 1653 1726 efficere,
1674 1660 1741 1714 ut
1768 1656 1829 1713 id
1859 1656 2041 1713 etiam

2147 498 2350 566 ζοντας,
2404 505 2577 552 πᾶσαν
2632 503 2721 557 τὴν
2765 495 3031 552 ἀδάπανον
3099 498 3363 552 εὐλάϐειαν
3412 497 3744 575 ἐνδεικνυμέ-

2143 576 2263 650 νουλς
2291 589 2430 656 (94),
2473 586 2650 641 ὀϐολόν
2699 583 2757 640 δε
2787 588 2874 639 ἕνα
2920 593 2991 660 μὴ
3034 591 3368 663 προῑεμίνους
3423 598 3535 653 τοῖς
3566 589 3746 644 θλιϐο-

2145 677 2339 748 μένοις.
2394 679 2458 728 Τί
2514 674 2687 748 ὄφελος
2738 678 2941 739 τούτοις
2986 684 3083 739 τῆς
3136 676 3323 740 λοιπῆς
3377 677 3612 752 ἀρετῆς;
3667 679 3745 732 Οὐ

2145 766 2243 838 γὰρ
2286 760 2655 839 παραδέχεται
2711 764 2901 827 αὐτούς
2972 768 3001 824 ἡ
3055 763 3304 839 βασιλεία
3346 776 3445 819 τῶν
3494 768 3743 843 οὐρανῶν

2148 849 2289 906 διότι
2356 853 2740 929 Εὐκοπώτερον,
2802 859 2951 927 φησὶ,
3010 855 3241 928 κάμηλον
3299 853 3392 909 διὰ
3457 857 3750 932 τρυμαλιᾶς

2144 939 2367 1017 ῥαφίδος
2411 940 2630 997 διελθεῖν
2677 949 2813 1011 (95),
2861 945 2891 1003 ἢ
2932 943 3181 997 πλούσιον
3225 945 3298 1007 εἰς
3333 950 3427 1005 τὴν
3472 945 3747 1020 βασιλείαν

2146 1039 2245 1086 τῶν
2293 1031 2542 1107 οὐρανῶν.
2590 1031 2720 1086 Ἀλλ’
2766 1034 2795 1091 ἡ
2847 1035 2937 1106 μὲν
2987 1031 3250 1107 ἀπόφασις
3292 1035 3457 1099 οὕτως
3504 1034 3744 1110 ἐναργής,

2146 1125 2234 1175 καὶ
2279 1124 2305 1174 ό
2358 1122 2511 1175 εἰπὼν
2542 1118 2800 1194 ἀψευδής
2847 1124 2896 1175 οὶ
2927 1118 2987 1175 δὲ
3033 1125 3325 1197 πειθόμενοι
3371 1126 3600 1180 σπάνιοι.
3645 1130 3749 1179 Καὶ

2146 1221 2257 1274 πῶς
2305 1210 2613 1285 βιωσόμεθα
2648 1213 2820 1265 πάντα
2878 1209 3341 1287 ἀποκτησάμενοι;
3391 1233 3545 1286 φησιο
3592 1219 3645 1267 τί
3689 1211 3750 1268 δὲ

2148 1305 2206 1355 τὸ
2258 1309 2451 1374 σχῆμα
2506 1308 2597 1353 τοῦ
2652 1299 2774 1374 βίου
2824 1303 2993 1369 ἔσται,
3045 1303 3248 1354 πάντων
3300 1300 3605 1356 πωλούντων
3657 1308 3749 1356 καὶ

2147 1394 2350 1445 πάντων
2382 1389 2793 1464 ἀποκτωμένωνε
2825 1395 2911 1449 Μὴ
2956 1389 3122 1464 ἔρωτα
3166 1411 3230 1465 με
3278 1388 3514 1445 διάνοιαν
3559 1389 3753 1448 δεσπο-

2147 1488 2304 1534 τικῶν
2351 1481 2793 1554 προσταγμάτων.
2841 1474 2998 1532 Οἶδεν
3062 1480 3087 1531 ὁ
3142 1481 3497 1553 νομοθετήσας
3548 1486 3636 1534 καὶ
3685 1486 3746 1536 τὸ

2151 1565 2407 1622 ἀδύνατον
2450 1569 2566 1639 (96)
2614 1572 2947 1642 συναρμόσαι
2989 1576 3061 1640 τῷ
3108 1572 3268 1641 νόμῳ.
3318 1576 3414 1622 Σοῦ
3463 1566 3522 1623 δε
3574 1572 3749 1648 ὥσπερ

2151 1656 2232 1713 ἐπὶ
2266 1659 2525 1733 τρυτάνης
2550 1654 2897 1731 δοκιμάζεται
2924 1659 2965 1717 μή
2999 1654 3220 1731 καρδία,
3256 1659 3470 1734 πότερον
3497 1664 3627 1734 πρὸς
3653 1666 3752 1720 τὴν

378 1746 547 1820 quod
575 1745 703 1801 fieri
724 1761 850 1801 non
870 1749 1090 1818 potest,
1114 1744 1306 1816 possit
1331 1750 1535 1801 tamen
1566 1761 1706 1801 eum
1728 1744 1859 1816 lege
1880 1760 2043 1801 com-

2152 1747 2289 1808 ζωὴν
2335 1751 2431 1806 τὴν
2475 1744 2721 1805 ἀληθινὴν
2767 1747 2795 1805 ἢ
2838 1750 2968 1820 πρὸς
3017 1750 3111 1805 τὴν
3158 1755 3429 1822 παροῦσαν
3462 1746 3753 1802 ἀπόλαυσιν

380 1835 527 1909 poni
556 1840 736 1908 atque
768 1835 983 1908 aptari.
1029 1835 1142 1890 Cor
1182 1838 1383 1890 autem
1415 1839 1588 1892 tuum
1640 1834 1806 1890 velut
1827 1833 1890 1890 in
1922 1838 2043 1891 tru-

380 1924 507 1980 tina
554 1922 925 1997 exploratur,
976 1927 1177 1978 utrum
1223 1923 1302 1979 ad
1356 1922 1542 1979 vitam
1585 1939 1811 1992 veram,
1843 1938 1921 1979 an
1965 1923 2045 1980 ad

379 2018 710 2086 prtesentes
748 2012 996 2068 delicias
1041 2011 1321 2068 declinet.
1376 2015 1523 2068 Nam
1564 2017 1776 2085 putare
1820 2011 2048 2068 debent

382 2101 486 2175 qui
516 2101 843 2174 prudenter
880 2100 1178 2172 judicant,
1205 2116 1383 2156 usum
1422 2100 1773 2157 divitiarum
1802 2100 1884 2158 ad
1926 2099 2047 2156 dis-

380 2191 800 2265 pensationem
829 2190 941 2263 55
966 2206 1325 2247 concessum
1347 2206 1496 2261 esse,
1520 2206 1644 2247 non
1665 2190 1745 2247 ad
1770 2190 2047 2264 volupta-

381 2285 541 2348 tem;
575 2284 631 2336 et
673 2279 725 2335 si
762 2279 856 2335 his
894 2284 1214 2349 exuantur,
1260 2295 1372 2352 par
1411 2283 1501 2335 est
1538 2295 1642 2335 eos
1669 2278 1859 2336 ltetari
1887 2279 2048 2336 velut

381 2369 592 2427 alienis
613 2369 902 2443 privatos,
918 2385 1041 2426 non
1064 2385 1223 2439 aegre
1253 2368 1405 2425 ferre
1429 2370 1607 2442 quasi
1639 2385 1752 2426 sua
1771 2369 2046 2426 amitten-

380 2464 489 2517 tes.
515 2459 671 2527 Quid
690 2459 872 2531 igitur
898 2459 1183 2516 atﬂietare
1209 2458 1237 2514 ‘I
1258 2458 1408 2531 quid
1439 2458 1646 2515 animo
1676 2458 2047 2516 diserueiare

383 2565 523 2605 cum
571 2547 782 2605 audis:
846 2548 1044 2605 Vende
1094 2563 1227 2620 qua:
1271 2547 1499 2604 habes?
1530 2548 1758 2604 Etenim
1791 2547 1840 2604 si
1868 2551 1925 2604 te
1957 2562 2044 2604 se-

382 2641 711 2711 querentur
736 2636 799 2692 in
834 2636 1105 2693 futurum
1138 2635 1532 2704 szeculum,nc
1563 2635 1646 2692 sic
1672 2634 1921 2709 quidem
1948 2651 2043 2692 es-

381 2730 512 2782 sent
541 2724 873 2782 studiosius
902 2724 1297 2797 exquirenda,
1329 2728 1529 2796 utpote
1559 2740 1698 2797 quas
1724 2740 1762 2780 a
1785 2723 2045 2797 praemiis

379 2814 498 2870 illic
525 2814 804 2887 repositis
834 2813 1235 2869 obscurentur
1262 2829 1275 2868 :
1325 2812 1416 2868 sin
1448 2817 1648 2891 autem
1679 2827 1925 2869 necesse
1956 2816 2046 2869 est

381 2919 454 2960 ea
494 2903 593 2960 hic
647 2918 915 2966 manere,
949 2918 1076 2969 cur,
1104 2901 1197 2957 his
1242 2900 1587 2969 divenditis,
1615 2901 1854 2958 lucrum
1900 2900 2041 2958 inde

2147 1835 2479 1912 καταρρέπει.
2513 1835 2860 1908 Οἰκονομικην
2885 1838 2988 1911 γὰρ
3019 1842 3110 1888 τοῦ
3149 1835 3372 1889 πλούτου
3403 1841 3497 1896 τὴν
3526 1848 3749 1912 χρῆσιν,

2150 1924 2257 1978 ἀλλ’
2316 1925 2412 1980 οὐκ
2455 1924 2807 1984 ἀπολαυτικήν
2873 1928 2995 1986 τοὺς
3067 1929 3343 1998 σωφρόνως
3388 1925 3756 1999 λογιζομένους

2148 2015 2376 2088 νομίζειν
2436 2022 2690 2090 προσῆκε·
2768 2018 2859 2066 καὶ
2929 2012 3349 2087 ἀποτιθεμένους,
3409 2020 3618 2090 χαίρειν
3684 2020 3756 2080 ὡς

2150 2102 2428 2179 ἀλλοτρίων
2471 2104 2887 2177 χωριζομένους,
2932 2101 3038 2155 ἀλλ’
3086 2102 3212 2175 οὐχὶ
3259 2100 3629 2179 δυσχεραίνειν
3682 2108 3753 2168 ὡς

2146 2201 2248 2246 τῶν
2297 2193 2495 2245 οἰκείων
2549 2192 2911 2255 ἐκπίπτοντας.
2962 2197 3025 2245 Τί
3055 2188 3141 2244 οὖν
3181 2191 3359 2265 λυπῇς
3415 2212 3468 2245 τι
3504 2213 3758 2247 καταπεν-

2153 2283 2256 2343 θεῖς
2284 2291 2345 2355 τῇ
2405 2282 2583 2355 ψυχῇ,
2637 2280 2856 2335 ἀκούων*
2913 2280 3164 2340 Πὼλησόν
3220 2300 3315 2334 σου
3359 2284 3427 2334 τὰ
3479 2283 3757 2358 ὑπάρχον-

2149 2390 2215 2424 τα
2262 2371 2417 2441 (97):
2461 2370 2520 2424 Εἰ
2562 2374 2652 2443 μὲν
2690 2373 2792 2445 γὰρ
2852 2368 3125 2428 ἠκολούθει
3175 2389 3259 2422 σοι
3288 2374 3419 2443 πρὸς
3446 2374 3505 2423 τό
3549 2371 3753 2444 μέλλον,

2149 2455 2275 2513 οὐδὲ
2318 2459 2480 2521 οὕτως
2525 2457 2585 2511 ἀν
2632 2455 2692 2517 ἦν
2742 2455 3205 2533 περισπούδαστα,
3237 2460 3351 2530 (98)
3380 2461 3480 2512 ὐπὸ
3509 2469 3608 2512 τῶν
3654 2458 3760 2514 ἐκεῖ

2148 2552 2334 2621 τιμίων
2380 2546 2809 2621 ἐπισκοτούμεναο
2843 2548 2888 2600 εἰ
2937 2544 2996 2600 δὲ
3054 2546 3251 2620 ἀνάγκη
3303 2553 3469 2621 μένειν
3513 2547 3754 2616 ἐνταῦθα,

2149 2643 2201 2691 τί
2252 2642 2347 2711 μὴ,
2380 2637 2734 2702 πωλήσαντες,
2763 2641 2823 2690 τὸ
2881 2635 2968 2689 ἀπ’
3011 2636 3179 2690 αὐτῶν
3222 2634 3409 2710 κέρδος
3457 2636 3757 2710 ἀπενεγκὼ-

2150 2728 2311 2800 μεθαε
2344 2730 2409 2779 Σὺ
2444 2722 2522 2793 δὲ,
2554 2729 2761 2799 χρυσόν
2799 2730 2888 2799 μεν
2931 2722 3139 2792 διδούς,
3162 2731 3251 2779 καὶ
3283 2728 3436 2779 ῖππον
3474 2732 3755 2800 κτώμενος,

2150 2816 2245 2868 οὐκ
2293 2814 2527 2888 ἀθυμεῖςσ
2576 2816 2780 2889 φθαρτά
2836 2812 2895 2868 δὲ
2955 2819 3274 2890 προϊέμενος,
3335 2821 3425 2869 καὶ
3482 2814 3757 2889 βασιλείαν

2150 2905 2377 2980 οὐρανῶν
2439 2903 2848 2977 ἀντιλαμϐάνων,
2901 2900 3169 2977 δακρύεις,
3214 2908 3302 2957 καὶ
3351 2903 3475 2979 ἀρνῇ
3532 2908 3618 2959 τὸν
3679 2906 3760 2959 αἱς

381 3010 506 3052 non
527 2999 918 3067 exportamus
935 2995 963 3051 ?
987 2997 1068 3050 Tu
1096 3009 1241 3050 vero
1264 3009 1481 3051 aurum
1506 3008 1645 3049 cum
1667 2992 1875 3060 das,et
1893 2994 2043 3051 emis

2152 3001 2359 3062 τοῦντα,
2402 2998 2492 3046 καὶ
2551 2991 2808 3057 ἀνανεύεις
2868 2998 2962 3054 τὴν
3021 2989 3192 3062 δόσιν,
3263 2999 3457 3070 μυρίας
3507 2994 3759 3068 προάσεις

380 3099 630 3157 equum,
660 3098 783 3139 non
816 3099 1036 3139 maeres
1063 3099 1076 3138 :
1122 3098 1263 3139 eum
1289 3098 1427 3139 vero
1453 3081 1719 3154 peritura
1746 3082 2040 3155 impertis,

2154 3081 2499 3157 ἀναλωμάτων
2526 3078 2758 3137 ἑπίνοῶν.

378 3188 636 3244 regnum
665 3171 951 3228 emlorum
983 3187 1093 3245 pro
1124 3171 1272 3245 ipsis
1302 3176 1673 3244 recepturus,
1696 3171 2004 3244 lacrymas
2032 3171 2315 3244 effundis,
2348 3177 2404 3229 et
2431 3172 2629 3243 rejicis
2657 3175 2997 3243 rogantem,
3031 3187 3103 3230 ac
3151 3171 3297 3229 dare
3326 3187 3597 3241 recusas,
3627 3187 3758 3229 sex-

381 3266 586 3319 eentas
615 3261 723 3317 tibi
743 3264 1096 3334 sumptuum
1129 3277 1348 3317 causas
1373 3259 1864 3316 comminiscens.

453 3354 503 3406 4.
547 3350 701 3418 Quid
722 3349 1119 3423 respondebis
1135 3348 1324 3419 judici
1345 3353 1408 3405 tu
1429 3348 1534 3421 qui
1554 3348 1811 3422 parietes
1832 3349 2035 3418 vestis,

378 3439 691 3497 hominem
738 3455 861 3495 non
902 3439 1130 3495 vestis?
1170 3438 1274 3512 qui
1317 3455 1509 3512 equos
1558 3454 1763 3507 ornas,
1794 3438 2040 3496 fratrem

380 3528 720 3604 panniculis
739 3527 952 3585 laceris
979 3532 1334 3600 coopertum
1366 3528 1715 3601 aspernaris
1737 3529 1764 3584 ?
1793 3528 1899 3601 qui
1929 3543 2041 3601 pu-

380 3626 637 3676 trescere
660 3618 807 3674 sinis
828 3616 1224 3686 frumentum,
1250 3617 1578 3674 esurientes
1599 3633 1722 3673 non
1754 3617 1863 3674 alis
1884 3617 1912 3672 ?
1937 3616 2042 3690 qui

379 3707 614 3764 defodis
635 3723 873 3769 aurum,
892 3723 1251 3781 oppressum
1274 3707 1651 3763 contemnis?
1670 3706 1844 3773 Quod
1865 3706 1914 3763 si
1937 3706 2044 3762 ha-

378 3795 583 3852 bueris
612 3812 858 3869 quoque
884 3812 1133 3853 uxorem
1154 3794 1506 3852 divitiarum
1530 3800 1857 3863 amantem,
1880 3810 2042 3851 inor-

380 3885 498 3941 bus
528 3884 716 3959 duplo
746 3887 942 3956 major
970 3884 1258 3941 efﬁcitur:
1293 3900 1438 3940 nam
1468 3889 1526 3940 et
1562 3884 1808 3941 delicias
1839 3898 2044 3941 accen-

378 3974 484 4039 dit,
517 3978 573 4030 et
616 3973 884 4031 studium
930 3977 1110 4043 auget
1138 3972 1484 4046 voluptatis,
1515 3975 1573 4029 et
1610 3972 2043 4045 cupiditatibus

376 4064 551 4122 vanis
577 4063 852 4122 stimulos
881 4062 1187 4134 admovet,
1209 4061 1443 4136 lapides
1467 4061 1768 4137 quosdam
1801 4062 2043 4135 excogi-

450 4190 501 4226 ³³
540 4189 681 4247 Luc.
710 4204 837 4261 Xlll,
871 4190 962 4245 25.

453 4295 564 4368 (94)
607 4293 873 4368 Antiqui
900 4293 1026 4350 duo
1060 4292 1205 4368 libri
1252 4291 1514 4368 εὐλάϐειαν
1564 4288 2037 4368 ἐπιδεικνυμένους.

455 4361 570 4440 (95)
609 4368 751 4440 Βεετ
769 4361 1032 4440 primus
1043 4361 1550 4440 ῥαφίδος-εἰσελθεῖν.

448 4421 566 4517 (96)
605 4421 757 4517 Editi
783 4421 844 4492 Et
871 4421 1455 4517 Regiifsécun’dus‘et
1475 4434 2039 4517 tertius.et§olbei‘-
2073 4421 2117 4476 ι)

379 4504 487 4562 tini
518 4504 822 4562 secundus
844 4511 900 4562 et
927 4504 1131 4562 t6rtius
1171 4512 1260 4560 καὶ
1288 4511 1346 4559 τό
1375 4504 1616 4576 δυνατόν,
1640 4508 1826 4563 Novit
1857 4508 2040 4578 legis—

383 4579 547 4634 lator
566 4578 824 4649 efﬁcere,
838 4583 905 4633 ut
926 4578 991 4634 id
1007 4579 1186 4634 etiam
1209 4580 1370 4650 quod
1386 4579 1898 4650 ﬁeripolest,'cum
1918 4579 2043 4650 lege

378 4651 656 4731 componi
670 4650 857 4731 possit
881 4654 936 4705 et
965 4649 1174 4730 aptari
1192 4649 1522 4731 πέλε-ρῳβι.
1545 4653 1603 4705 et
1629 4653 1770 4731 Reg.
1806 4649 2041 4731 primus

379 4726 439 4777 et
469 4717 636 4778 Colb.
667 4719 876 4775 itidem
899 4717 1134 4791 primus
1156 4724 1247 4772 καὶ
1278 4723 1337 4773 τὸ
1360 4717 1636 4788 ἀδύνατον,
1658 4717 1843 4777 Novit
1868 4722 2044 4790 legis-

381 4793 544 4849 lator
566 4792 824 4862 efﬁcere,
848 4798 915 4847 ut
936 4791 1000 4846 id
1014 4792 1194 4848 etiam
1214 4791 1374 4863 quod
1385 4793 1524 4860 ﬁeri
1538 4808 1658 4847 non
1679 4797 1891 4862 potest,
1913 4806 2044 4863 pos—

378 4870 455 4918 sit
480 4869 680 4919 tamen
710 4878 839 4917 cum
875 4864 1003 4933 lege
1025 4862 1299 4935 conipo'ni
1326 4869 1382 4918 et
1413 4864 1620 4935 aptari
1638 4881 1660 4917 .·
1681 4879 1869 4935 quam
1900 4862 2041 4935 scri-

379 4939 623 5011 pturam
643 4938 707 4989 ut
728 4932 1437 5011 veram’sequimurﬁum
1454 4933 1615 5011 enim
1628 4932 1883 5011 Basilius
1904 4932 2046 5011 velit

379 5003 495 5062 hoc
515 5006 651 5062 loco
672 5003 1102 5077 commendare
1125 5004 1454 5077 potentiam
1476 5003 1836 5077 legislatoris
1861 5009 2041 5077 atque

381 5077 769 5150 sapientiam,
798 5091 965 5150 voce‘
991 5071 1246 5150 ἀδύνατον
1297 5075 1381 5150 uti
1421 5071 1650 5150 debuit.
1681 5076 1837 5142 Quid
1878 5071 2042 5150 enim

381 5145 590 5218 magni
639 5147 902 5204 effecerit
951 5145 1282 5216 legislator,
1315 5146 1366 5201 si
1407 5162 1546 5202 eum
1588 5146 1719 5216 legs
1767 5145 2044 5203 conciliet

379 5235 516 5290 quae
547 5218 677 5291 ﬁeri
704 5218 1014 5291 possunt?
1045 5218 1179 5291 Sed
1206 5218 1470 5291 maxime
1494 5218 1764 5291 potentia
1788 5219 2044 5291 ejus‘saj

380 5287 728 5362 pientiaqué
756 5288 1306 5362 commendabitur,
1331 5289 1382 5345 si
1412 5289 1471 5345 id
1497 5287 1685 5345 etiam
1705 5287 1877 5362 quod
1915 5287 2045 5362 ﬁeri

380 5359 504 5434 non
530 5359 749 5434 potest,
770 5376 908 5416 eum
930 5361 1059 5430 lege
1081 5365 1483 5434 componatet
1502 5365 1683 5434 aptet.
1706 5359 1847 5434 Ejus
1865 5359 2045 5434 igitur

378 5431 501 5487 loci
532 5430 674 5487 haec
723 5437 808 5488 est
841 5432 1140 5504 sententia
1175 5449 1187 5487 :
1223 5430 1308 5488 ita
1352 5430 1567 5504 potens
1600 5437 1690 5488 est
1733 5430 2046 5502 legislator

381 5506 561 5587 Deus,
593 5507 659 5584 ut
679 5518 819 5574 quae
848 5503 1090 5587 viribus
1110 5503 1495 5587 naturaetieri
1518 5506 2045 5587 non_po.ssunt,e‘a

380 5578 587 5631 tamen
609 5573 660 5646 ej
673 5572 743 5631 us
764 5572 989 5631 auxilio
1009 5578 1188 5647 atque
1202 5575 1395 5646 gratia
1416 5574 1589 5631 facile
1611 5572 1767 5631 efﬁci
1786 5572 2043 5647 possint.

2218 3354 2275 3407 4.
2314 3356 2378 3405 Τί
2408 3349 2739 3424 ἀποκριθήση
2774 3358 2846 3422 τῷ
2872 3358 3025 3425 κριτῇ
3060 3351 3086 3403 ὁ
3129 3353 3251 3412 τούς
3280 3356 3503 3423 τοίχους
3550 3348 3758 3424 ἀμφιενο

2148 3443 2257 3508 νύς,
2291 3442 2559 3514 ἄνθρωπον
2589 3439 2682 3492 οὐκ
2710 3435 2945 3502 ἕνδύειςζ
2980 3441 3005 3492 ὁ
3035 3443 3156 3501 τούς
3185 3442 3376 3502 ἵππους
3404 3448 3633 3513 κοσμῶν,
3666 3444 3755 3493 τὸν

2152 3524 2370 3601 ἀδελφόν
2425 3527 2836 3602 ἀσχημονοῦντα
2876 3534 3161 3604 περιορᾷςι
3213 3530 3239 3581 ὁ
3295 3534 3614 3588 κατατήπων
3665 3533 3756 3582 τὸν

3325 3620 3351 3671 ὁ
3400 3621 3487 3671 τὸν
3542 3621 3749 3692 χρυσὸν

2151 3711 2512 3783 κατορύσσων,
2544 3715 2636 3761 τοῦ
2692 3706 2987 3781 ἀγχόμενον
3036 3708 3150 3779 (99)
3201 3714 3578 3782 καταφρονείςζ
3630 3707 3751 3759 Ἐὰν

2154 3793 2213 3850 δε
2253 3793 2321 3855 δὴ
2375 3801 2464 3849 καὶ
2519 3800 2646 3868 γυνή
2707 3795 3045 3869 φιλόπλουτος
3094 3804 3331 3868 συνοικῇ,
3384 3792 3676 3849 διπλασίων
3715 3798 3746 3855 ἠ

2151 3889 2321 3947 νόσος·
2372 3888 2468 3948 τάς
2512 3903 2567 3937 τε
2614 3888 2713 3959 γὰρ
2766 3886 2965 3959 τρυφὰς
3013 3883 3320 3958 ἀναφλέγειζ
3375 3889 3463 3937 καὶ
3508 3888 3601 3947 τὰς
3630 3884 3750 3957 φιλ-

2154 3971 2370 4037 ηδονίας
2428 3973 2692 4041 συναύξει,
2719 3978 2810 4027 καὶ
2857 3978 3046 4049 κέντρα
3092 3981 3210 4037 ταῖς
3245 3978 3539 4049 περιέργοις
3577 3972 3757 4027 ἐπιθυ-

2152 4068 2300 4138 μίαις
2365 4061 2554 4128 ἐνίησι,
2612 4062 2791 4127 λίθους
2858 4066 3005 4128 τινας
3075 4062 3374 4132 ἐπινοοῦσα,
3426 4068 3757 4139 μαργαρίτας

2153 3625 2316 3686 σῖτον,
2365 3620 2485 3680 τούς
2557 3627 2837 3681 πεινῶντας
2867 3618 2951 3688 ίού
3008 3622 3208 3691 τρέφεις
3258 3634 3271 3673 :

2151 4290 2913 4374 Neeetiamaberraturum
2936 4293 3226 4374 puto,_qui
3248 4292 3442 4374 verba
3455 4291 3653 4349 Basilii
3672 4292 3759 4349 ait

2154 4365 2279 4438 acci
2290 4365 2408 4438 p_i_et
2426 4382 2440 4438 ς
2465 4364 2639 4421 Novit
2653 4363 2977 4438 legislator,
2993 4363 3058 4420 id
3075 4363 3255 4421 etiam
3277 4364 3446 4438 quod
3459 4379 3758 4438 perquam

2152 4433 2392 4494 difﬁcile
2412 4437 2570 4508 factu
2589 4440 2698 4508 est,
2719 4434 2890 4490 facile
2910 4433 3070 4491 factu
3087 4451 3195 4508 per
3211 4433 3753 4508 gratiam—reddere.

2152 4512 2300 4566 Nam
2318 4522 2527 4564 vocem
2543 4502 2801 4579 ἀδύνατον
2816 4521 2926 4578 pro
2936 4522 3001 4561 re
3011 4502 3309 4579 perquam
3323 4507 3758 4579 difﬁciliquan—

2152 4576 2669 4651 doqlie3usurpari
2701 4576 2913 4651 notum
2935 4576 3045 4633 est.
3069 4576 3186 4634 Nec
3222 4576 3603 4651 quemquam
3621 4593 3757 4651 inoo

2150 4647 2287 4721 vere
2317 4648 2505 4721 debet
2517 4647 2727 4704 eorum
2767 4647 3049 4721 codicum
3074 4647 3508 4721 aucto—ritasfiu
3530 4648 3757 4721 quibus

2153 4718 2374 4801 δυνατόν
2394 4719 2631 4801 legitur.
2662 4719 2992 4801 verisimile
3016 4721 3180 4801 enim
3200 4720 3288 4801 fit,
3318 4720 3402 4775 ita
3420 4718 3756 4801 correctum

2152 4807 2283 4849 esse
2302 4791 2382 4847 ab
2393 4789 2727 4862 aliquo,qu_i
2748 4789 2903 4847 falso
2916 4790 3030 4846 sibi
3046 4791 3108 4846 in
3129 4791 3402 4846 animum
3419 4790 3761 4862 induxisset

2150 4879 2363 4920 vocem
2386 4858 2662 4934 ἀδύνατοί
2679 4860 2983 4934 duriorem
3007 4876 3139 4917 esse
3156 4866 3339 4934 atque
3361 4861 3754 4934 asperiorem.

2222 4936 2338 5006 (97)
2377 4937 2438 4988 ln
2480 4932 2834 5006 Colbertiuis
2866 4932 3063 5006 primo
3110 4939 3166 5006 et
3215 4931 3555 5006 tertiopost
3583 4931 3753 5000 illud,

2152 5001 2479 5077 ὑπάρχοντα,
2497 5003 2706 5077 addita
2730 5001 3352 5077 sunt'hmc‘verbaga‘i
3383 5001 3475 5065 δός
3494 5011 3755 5075 πτωχοῖς,

2151 5083 2208 5135 et
2234 5074 2330 5133 da‘
2356 5075 2929 5146 pauperibusuox
2970 5074 3114 5130 editi
3148 5074 3437 5146 ᾐκολούθει
3486 5094 3573 5128 σοι
3612 5074 3708 5126 καὶ
3740 5090 3754 5129 :

2153 5147 2259 5205 sed
2289 5144 2577 5206 Voculam
2626 5152 2716 5219 καὶ
2745 5145 3098 5216 delevimus,
3134 5144 3320 5201 ﬁdem
3360 5146 3758 5219 antiquorum

2150 5219 2446 5276 librorum
2477 5217 2685 5274 secuti.

2226 5294 2335 5359 (98)
2350 5289 2523 5355 Quod
2536 5289 2618 5345 ait
2634 5288 3148 5360 Basilius,offundi
3159 5288 3433 5345 tenebras
3442 5289 3759 5360 aprmniis

2151 5364 2285 5418 illic
2296 5362 2594 5431 repositis,
2609 5360 2769 5416 hanc
2781 5359 2963 5415 habet
2984 5360 3363 5427 sententiam,
3380 5359 3657 5416 vilescere
3678 5360 3759 5415 di-

2151 5433 2351 5513 vitias,
2449 5448 2586 5488 cum
2611 5431 3284 5513 praemiis-vli‘tzeieteiin‘m
3305 5435 3756 5513 comparentur.

2166 5573 2178 5585 η
2225 5508 2361 5585 (99)-
2383 5506 2526 5572 Reg.
2565 5501 2799 5576 primus
2836 5506 2894 5558 et
2923 5501 3091 5558 Colb.
3138 5502 3343 5559 itidem
3374 5501 3611 5575 primus
3638 5505 3761 5567 τοὺς

2156 5595 2219 5650 αρ
2227 5596 2266 5647 χ
2271 5594 2450 5647 ομενου
2461 5595 2500 5636 ς.
