4088 6194
1631 228 1919 289 HOMILIA
1957 225 2029 287 ΙΝ
2070 227 2363 291 DIVITES.

3568 233 3676 294 290

300 359 392 409 καὶ
425 348 776 429 σμαράγδους
804 371 894 406 και
924 356 1223 425 υακίνθους,
1267 375 1358 409 και
1405 358 1632 433 χρυσὸν,
1682 359 1768 409 τὸν
1815 357 1905 429 μεν

2035 371 2174 426 ;ans,
2206 356 2588 428 margaritas,
2614 354 2995 428 smaragdos,
3021 356 3385 431 hyacinthos
3413 376 3426 413 :
3459 374 3676 416 aurum

299 444 662 517 χαλκεύουσα,
696 446 782 496 τὸν
812 438 874 497 δέ
903 441 1265 517 έξυφαίνουσα,
1298 451 1388 499 καὶ
1430 442 1465 499 δ
1471 448 1524 499 ιά
1560 447 1735 508 πάσης
1765 443 1909 498 ἀπει-

297 533 550 610 ροκαλίας
580 537 674 591 τὴν
712 536 864 585 νόσον
896 533 1149 597 αὔξουσα.
1197 534 1273 588 Οὐ
1326 537 1425 611 γὰρ
1466 534 1525 588 ἐκ
1563 539 1824 609 παρέργου
1873 536 1903 593 ἠ

300 627 420 698 περὶ
448 629 621 675 ταῦτα
668 618 904 689 σπουδὴ,
947 620 1073 676 ἀλλὰ
1116 628 1207 677 καὶ
1248 627 1426 688 νύκτες
1460 628 1551 678 καὶ
1581 626 1773 699 ἡμέραι
1814 626 1908 686 τὰς

300 716 419 787 περὶ
447 713 648 765 τούτων
668 715 922 786 μερίμνας
944 711 1025 785 (1)
1052 714 1260 785 έχουσι.
1306 719 1407 767 Καὶ
1438 718 1619 788 μυρίοι
1664 716 1795 775 τινὲς
1824 716 1909 765 κό-

298 800 475 869 λακες,
506 807 624 863 ταῖς
654 799 960 875 ἐπιθυμίαις
988 802 1156 855 αὑτων
1186 805 1583 878 ὑποτρέχοντες,
1619 805 1909 875 συνάγουσι

298 895 422 953 τοὺς
470 888 798 963 ἆνθοϐαφεῖς,
859 894 982 954 τοὺς
1030 898 1393 966 χρυσοχόους,
1454 896 1574 956 τούς
1620 892 1905 967 μυρεψοὺς,

301 983 423 1042 τοὺς
471 980 721 1051 ὑφάντας,
783 983 908 1041 τοὺς
963 980 1224 1036 ποικιλταί.
1288 978 1495 1036 Οὐδένα
1537 987 1727 1056 χρόνον
1780 980 1908 1034 ἁνα-

299 1074 442 1122 πνεῖν
492 1064 695 1121 δίδωσι
734 1068 809 1120 τῶ
858 1065 1012 1143 ἀνδρὶ
1058 1068 1115 1123 ἐκ
1156 1079 1255 1123 τῶν
1305 1079 1540 1144 συνεχῶν
1589 1071 1753 1133 αὐτῆς
1790 1069 1909 1123 ἐπι-

300 1158 609 1230 ταγμάτων.
663 1153 856 1218 Οὐδείς
903 1156 1110 1232 ἐξαρκεῖ
1155 1159 1378 1223 πλοῦτος
1428 1167 1545 1223 ταῖς
1588 1164 1910 1232 γυναικείαις

300 1244 615 1319 ἐπιθυμίαις
641 1247 1073 1320 ὑπηρετούμενος,
1123 1244 1237 1301 οὐδ’
1286 1248 1346 1301 ἂν
1376 1248 1432 1302 ἐκ
1478 1268 1724 1323 ποταμων
1772 1248 1912 1325 ἐπιρ-

457 1335 584 1387 ὃταν
624 1331 1001 1396 σπουδάζηται
1029 1338 1118 1409 μὶν
1143 1337 1223 1409 (2)
1270 1338 1393 1412 παρ’
1444 1338 1631 1400 αὐταῖς
1680 1342 1739 1391 τὸ
1770 1337 1910 1414 βαρ-

299 1423 521 1498 ϐαφικὸν
572 1426 755 1499 μυρον,
805 1427 875 1488 ὡς
927 1428 987 1478 τό
1026 1424 1080 1489 ἐξ
1123 1425 1319 1501 ἀγορᾶς
1375 1426 1572 1497 έλαιον,
1622 1430 1689 1481 τὰ
1741 1425 1801 1481 δε
1856 1427 1911 1480 ἐκ

301 1513 570 1577 θαλάττης
616 1515 771 1581 ἄνθη,
825 1515 855 1572 ἡ
906 1514 1121 1587 κόχλος,
1155 1518 1184 1575 ἠ
1217 1520 1387 1583 πίννα,
1429 1518 1555 1593 ὑπὲρ
1603 1520 1663 1570 τὸ
1712 1516 1768 1570 ἐκ
1812 1525 1911 1570 τῶν

297 1602 579 1679 προϐάτων
608 1605 763 1679 ἔριον.
791 1607 1005 1677 Χρυσός
1052 1601 1130 1673 δὲ,
1180 1610 1534 1679 περισφίγγων
1583 1609 1706 1669 τοὺς
1737 1605 1911 1682 βαρυ-

2016 446 2215 503 itidem
2246 446 2464 519 partim
2493 446 2746 513 cadens,
2765 446 2987 519 partim
3004 453 3235 515 texens,
3251 453 3307 506 et
3331 448 3673 519 omnigenis

2016 535 2255 608 ineptiis
2299 535 2582 592 morbum
2632 534 2965 605 adaugens.
3001 539 3125 593 Non
3159 536 3320 594 enim
3362 537 3557 594 obiter
3583 537 3677 594 his

2017 623 2196 681 datur
2223 639 2429 697 opera,
2481 624 2591 681 sed
2629 624 2734 680 diu
2771 629 3073 697 noctuque
3122 627 3337 683 eadem
3368 630 3674 683 curantur.

2019 713 2172 779 Quin
2193 719 2249 770 et
2268 714 2568 770 innumeri
2591 718 2995 770 assentatores
3020 730 3225 771 earum
3247 715 3679 789 cupiditatibus

2018 804 2330 876 suppetias
2360 804 2682 869 venientes,
2716 808 3030 861 accersunt
3052 805 3353 869 tinctores,
3380 805 3677 875 auritices,

2017 893 2470 963 unguentarios,
2499 897 2774 961 textores,
2804 893 3061 950 artifices
3091 909 3203 949 acu
3229 894 3682 966 pingentes.Ne-

2017 998 2136 1056 que
2164 982 2363 1039 virum
2387 983 2509 1039 ullo
2535 987 2804 1056 tempore
2826 982 3118 1055 respirare
3148 982 3306 1051 sinit,
3330 987 3396 1039 ut
3425 999 3559 1056 quae
3590 999 3682 1040 as-

2018 1072 2209 1129 siduis
2230 1072 2430 1144 ipsum
2458 1073 2727 1144 imperiis
2751 1072 3009 1130 divexet.
3039 1073 3194 1145 Opes
3222 1072 3399 1128 nullae
3427 1077 3684 1145 possunt

2017 1161 2344 1219 muliebres
2373 1161 2728 1241 cupiditates
2749 1161 3009 1240 explere,
3032 1177 3107 1217 ne
3130 1161 3180 1216 si
3211 1161 3402 1217 ﬂuant
3431 1161 3680 1233 quidem

2020 1266 2090 1307 ex
2102 1250 2478 1307 ﬂuminibus:
2494 1250 2994 1324 quandoquidem
3009 1249 3392 1307 barbaricum
3410 1265 3682 1320 unguen-

2019 1342 2151 1397 tum
2180 1340 2357 1414 quasi
2386 1340 2636 1396 allatum
2659 1356 2731 1395 ex
2778 1339 2908 1395 foro
2947 1338 3147 1395 oleum
3178 1338 3525 1411 exquirunt.
3566 1337 3682 1393 Ad-

2018 1431 2151 1487 haac
2176 1431 2354 1486 ﬂores
2391 1429 2631 1496 marini,
2666 1428 3077 1499 conchylium,
3108 1426 3319 1500 pinna,
3364 1443 3557 1498 eaque
3587 1443 3683 1484 co-

2017 1519 2245 1594 piosior
2269 1534 2455 1592 quam
2487 1519 2688 1575 ovium
2709 1518 3103 1574 lana.Aurum
3124 1521 3327 1574 autem
3346 1516 3578 1589 lapides
3597 1516 3683 1573 in-

2020 1608 2215 1679 gentis
2240 1606 2415 1681 pretii
2444 1605 3052 1679 connectens,partim
3078 1621 3285 1662 earum
3308 1604 3489 1661 fronti
3504 1620 3684 1661 orna-

298 1697 490 1766 τίμους
535 1700 638 1745 τῶν
688 1691 860 1760 λίθων,
911 1694 939 1744 ό
985 1696 1076 1766 μέν
1118 1712 1200 1755 τις
1252 1695 1436 1758 αὐταῖς
1490 1692 1913 1770 προμετωπίδιος

2035 1702 2224 1755 mento
2254 1700 2364 1765 est,
2386 1695 2606 1769 partim
2638 1695 2824 1751 collo:
2869 1694 3079 1751 itidem
3117 1694 3279 1751 aliud
3313 1694 3468 1750 inest
3493 1693 3679 1759 zonis,

297 1784 506 1852 γίνεται
552 1784 784 1854 κόσμος,
848 1782 876 1832 ὁ
938 1777 999 1834 δὲ
1052 1785 1440 1855 περιαυχένιος·
1497 1788 1589 1836 καὶ
1653 1782 1806 1846 ἄλλος
1864 1782 1912 1835 ἓν

298 1870 514 1937 ζωναις,
546 1874 639 1922 καὶ
685 1867 836 1931 ἄλλος
864 1871 960 1932 τὰς
986 1878 1173 1945 χεῖρας
1216 1868 1401 1944 δεσμεῖ
1437 1872 1528 1924 καί
1564 1875 1683 1935 τοὺς
1720 1868 1910 1935 ποδας.

299 1963 573 2033 Χαίρουσι
598 1960 701 2033 γὰρ
733 1961 789 2011 αἱ
838 1958 1155 2035 γιλόχρυσοι
1193 1956 1465 2033 δεδεμεναι
1508 1969 1626 2024 ταῖς
1671 1965 1912 2035 χειροπέ.

302 2044 450 2117 δαις,
476 2051 633 2120 μόνον
680 2045 764 2100 έάν
810 2052 1022 2121 χρυσός
1059 2050 1085 2101 ὀ
1117 2046 1323 2123 δεσμῶν
1355 2049 1517 2112 αὐτὰς
1651 2054 1782 2104 Πότε
1827 2047 1914 2103 οὖν

298 2136 494 2208 ψυχῆς
527 2134 903 2208 ἐπιμελήσεται
931 2137 958 2189 ὁ
1004 2142 1327 2209 γυναικείαις
1376 2139 1683 2213 ἐπιθυμίαις
1724 2142 1914 2213 ὑπηρε-

300 2228 574 2298 τουμενοςς
604 2224 805 2301 Ὠσπερ
836 2227 939 2300 γὰρ
970 2228 1036 2279 τὰ
1064 2228 1342 2304 ὑπόσαθρα
1366 2236 1464 2281 τῶν
1504 2228 1695 2281 πλοίων
1725 2248 1915 2282 καται-

299 2310 453 2386 γίδες
482 2319 577 2365 καὶ
618 2313 793 2382 ζάλαι,
840 2314 1006 2378 οὕτως
1035 2316 1113 2388 (3)
1157 2317 1213 2368 αἰ
1261 2321 1481 2393 πονηραὶ
1505 2325 1606 2370 τῶν
1652 2325 1913 2390 γυναικῶν

305 2399 578 2465 διαθέσεις
602 2405 697 2465 τὰς
744 2401 978 2467 ἀσθενεῖς
1022 2403 1210 2477 ψυχὰς
1254 2413 1355 2458 τῶν
1405 2409 1777 2460 συνοικούντων
1824 2427 1915 2460 κα·-

303 2490 722 2553 ταϐαπτίςουσι.
772 2494 914 2567 Πρὸς
966 2500 1201 2546 τοσαῦτα
1255 2490 1320 2553 δὴ
1373 2491 1459 2548 οὖν
1513 2492 1840 2570 διελκόμενος
1887 2497 1913 2548 ὁ

302 2580 531 2642 πλοῦτος
585 2582 688 2633 ὑπὸ
741 2577 936 2656 ἀνδρὸς
987 2586 1078 2634 καὶ
1121 2586 1389 2655 γυναικὸς,
1436 2582 1687 2648 ἀλλήλους
1736 2590 1916 2637 νικών-

306 2689 407 2722 των
454 2677 572 2731 ταῖς
630 2668 931 2743 έφευρέσεσι
977 2679 1076 2723 τῶν
1123 2676 1380 2744 ματαίων,
1448 2672 1657 2737 εἰκότως
1728 2670 1918 2727 οὐδένα

307 2763 490 2832 καιρὸν
529 2756 647 2830 ἔχει
677 2760 751 2828 (4)
790 2763 923 2833 πρὸς
969 2763 1089 2822 τοὺς
1133 2761 1314 2823 ἔξωθεν
1351 2764 1727 2836 παρακύπτειν.
1779 2762 1914 2817 Ἀλλ’

308 2846 398 2899 ἐὰν
474 2850 567 2920 μὲν
642 2845 841 2921 ἀκούσῃ
856 2867 895 2916 ς,
966 2848 1217 2908 Πὼλησόν
1294 2869 1390 2903 σου
1462 2853 1531 2903 τὰ
1585 2853 1913 2926 ὑπάρχοντα,

308 2940 403 2989 καὶ
436 2932 531 2998 δὸς
561 2944 820 3008 πτωχοῖς,
854 2938 938 2989 ἶνα
967 2940 1099 3012 ἔχῃς
1137 2936 1324 3011 ἐφόδια
1376 2942 1509 3015 πρὸς
1549 2945 1642 3000 τὴν
1708 2942 1917 2994 αἰωνὶαν

2021 1786 2187 1845 aliud
2216 1801 2438 1842 manus
2465 1784 2649 1841 vincit
2675 1800 2746 1841 ac
2784 1783 2989 1856 pedes.
3038 1786 3186 1839 Nam
3224 1782 3505 1839 mulieres
3554 1781 3686 1838 auri

2021 1879 2297 1932 amantes
2327 1873 2584 1930 manicis
2612 1872 2823 1929 vinciri
2853 1871 3324 1942 gaudent,modo
3346 1887 3563 1929 aurum
3586 1871 3683 1939 sit,

2021 1963 2186 2038 quod
2200 1963 2366 2036 ipsas
2384 1961 2599 2018 vinciat
2610 1961 3031 2027 .Quandonam
3048 1960 3230 2031 igitur
3240 1961 3460 2017 animae
3474 1975 3685 2017 curam

2019 2050 2289 2118 habebit,
2313 2050 2419 2124 qui
2471 2048 2867 2105 muliebribus
2916 2048 3229 2104 desideriis
3277 2047 3686 2121 obsequitur?

2021 2143 2171 2197 Nam
2196 2144 2263 2195 ut
2286 2138 2625 2212 putrefacta
2645 2137 2884 2208 navigia
2914 2136 3193 2210 procella:
3223 2141 3279 2193 et
3311 2136 3686 2204 turbines,ita

2020 2228 2297 2287 inﬁrmas
2318 2230 2650 2299 conjugum
2672 2226 2907 2283 animas
2927 2241 3126 2299 pravae
3148 2241 3407 2282 uxorum
3428 2224 3689 2282 affectio-

2021 2333 2132 2375 nes
2158 2316 2541 2388 demergunt.
2575 2319 2722 2374 Cum
2771 2315 2952 2386 igitur
2981 2314 3060 2371 ad
3093 2318 3175 2372 tot
3215 2330 3287 2371 ac
3330 2319 3528 2372 tantos
3582 2313 3685 2370 ab-

2023 2422 2170 2463 usus
2199 2405 2611 2462 distrahantur
2635 2403 2852 2461 divitia:
2890 2420 2927 2461 a
2955 2404 3084 2460 viro
3124 2407 3182 2460 et
3211 2419 3418 2472 uxore,
3441 2418 3570 2459 sese
3599 2401 3687 2457 in-

2022 2495 2218 2552 vicem
2234 2510 2437 2550 rerum
2456 2508 2754 2551 vanarum
2777 2493 3214 2563 excogitatione
3236 2491 3684 2565 superantibus;

2022 2600 2149 2641 non
2172 2584 2419 2653 mirum,
2452 2582 2502 2638 si
2531 2581 2644 2638 illae
2673 2581 2907 2637 nullam
2938 2580 3453 2654 opportunitatem
3482 2580 3688 2637 nanci-

2025 2679 2273 2732 scantur
2307 2672 2388 2729 ad
2413 2676 2645 2729 exteros
2675 2671 3085 2744 perveniendi.
3119 2670 3290 2737 Quod
3321 2669 3371 2726 si
3401 2669 3685 2739 audieris,

2039 2765 2236 2821 Vende
2255 2778 2388 2835 qua:
2408 2762 2608 2830 habes,
2636 2767 2691 2818 et
2712 2762 2793 2818 da
2820 2760 3283 2831 pauperibusmt
3310 2759 3543 2816 habeas
3568 2759 3688 2815 via-

2030 2853 2215 2911 ticum
2245 2851 2325 2908 ad
2350 2855 2638 2907 aeternam
2667 2849 3027 2922 felicitatem,
3058 2848 3191 2905 abis
3216 2848 3438 2915 tristis;
3471 2848 3522 2905 si
3545 2863 3689 2905 vero

2031 2940 2321 3011 audieris,
2356 2943 2441 2996 Da
2483 2938 2771 3012 pecunias
2828 2938 3184 2995 mulieribus
3235 2936 3580 3006 luxuriosis,
3610 2937 3692 2995 da

309 3022 628 3092 ἀπόλαυσιν,
663 3023 869 3100 ἀπέρχῃ
902 3025 1240 3100 λυπούμενος·
1284 3027 1367 3081 ἐὰν
1408 3025 1469 3083 δε
1517 3028 1715 3104 ἀκούσῃ
1730 3050 1769 3098 ς,
1824 3034 1920 3094 Δός

2035 3028 2327 3102 lapicidis,
2358 3027 2546 3085 fabris
2585 3027 2884 3097 lignariis,
2933 3026 3287 3084 hominibus
3315 3026 3581 3119 calculos
3608 3026 3693 3082 lo-

310 3117 576 3188 χρέματα
623 3114 833 3186 γυναιξὶ
868 3112 1190 3187 χλιδὼσαις,
1240 3113 1335 3180 δὸς
1379 3116 1655 3187 λιθοξόοις,
1690 3122 1917 3190 τέκτοσι,

311 3202 662 3275 ψηφοθέταις,
692 3204 1008 3278 ζωγραφοις,
1039 3210 1251 3281 χαίρεις
1288 3210 1355 3269 ὡς
1378 3208 1452 3280 (ὅ)
1486 3205 1553 3267 δή
1581 3228 1634 3261 τι
1656 3211 1921 3285 χρημάτω

311 3298 624 3369 τιμιώτερον
681 3298 1095 3366 κατακτὼμενος.
1156 3295 1279 3369 Οὐχ
1344 3298 1467 3371 όρᾳς
1527 3300 1649 3360 τούς
1705 3303 1925 3371 τοίχους

311 3384 536 3444 τούτους
581 3385 705 3445 τούς
751 3382 853 3436 ὑπὸ
906 3390 1000 3436 τοῦ
1042 3388 1238 3458 χρόνου
1290 3384 1695 3461 καταρῥυέντας,
1746 3390 1812 3439 ὠν
1858 3389 1926 3440 τὰ

313 3469 558 3542 λείψανα,
621 3471 795 3547 ὥσπερ
869 3472 1112 3525 σκόπελοί
1181 3491 1333 3543 τινες,
1404 3471 1498 3528 διὰ
1563 3484 1660 3537 τῆς
1733 3474 1926 3537 πόλεως

314 3561 496 3622 πάσης
526 3560 605 3631 (6)
633 3559 922 3633 ἀνέχουσις
951 3565 1119 3616 Πόσον
1146 3560 1280 3621 ἦσαν
1310 3564 1447 3617 κατὰ
1469 3568 1564 3623 τὴν
1588 3563 1737 3618 πόλιν
1766 3569 1925 3624 πένη-

315 3667 426 3716 τος,
460 3651 659 3701 τούτων
690 3648 1042 3723 ἐγειρομένων,
1074 3651 1124 3704 οἳ
1155 3649 1249 3705 διὰ
1289 3656 1384 3711 τὴν
1413 3658 1532 3729 περὶ
1560 3662 1727 3707 ταῦτα
1757 3674 1925 3708 σπου-

318 3734 423 3796 δήν
475 3738 581 3790 ὑπὸ
624 3747 723 3790 τῶν
771 3742 887 3792 τότε
931 3739 1193 3793 πλουσίων
1240 3752 1602 3819 παρεωρῶντο;
1653 3750 1761 3797 Ποῦ
1817 3748 1928 3797 τοί-

316 3828 468 3885 νυνὸ
518 3825 734 3901 λαμπρὰ
787 3834 889 3880 τῶν
937 3831 1094 3902 ἔργων
1134 3837 1455 3899 κατασκευὴ
1515 3838 1615 3885 ποῦ
1673 3828 1734 3886 δε
1771 3834 1797 3885 ὁ
1846 3830 1929 3886 έπὶ

316 3922 383 3987 τῇ
463 3917 663 3968 τούτων
736 3915 1094 3991 μεγαλουργίᾳ
1167 3918 1535 3993 ζηλούμενοςς
1614 3921 1689 3973 Οὐ
1764 3928 1933 3975 ταῦτα

580 4008 913 4076 συγκέχυται
968 4011 1057 4059 καί
1107 4009 1414 4080 ἠφάνισται,
1464 4010 1639 4086 ὥσπερ
1687 4012 1755 4063 τὰ
1794 4013 1932 4064 κατά

317 4088 548 4145 παιδιὰν
584 4091 635 4144 έν
679 4101 796 4155 ταῖς
820 4093 1059 4167 ψάμμοις
1087 4096 1187 4149 ὑπὸ
1214 4104 1312 4149 τῶν
1353 4093 1562 4150 παίδων
1601 4096 1931 4173 φιλοτεχνού-

320 4199 472 4254 μενα,
528 4181 555 4233 ὁ
593 4176 654 4235 δέ
691 4179 742 4233 ἕν
794 4190 868 4254 τῷ
924 4180 1030 4257 ᾅδῃ
1075 4192 1263 4253 κεῖται,
1314 4184 1400 4239 ἐπὶ
1453 4193 1515 4259 τῇ·
1566 4184 1774 4261 σπουδῇ
1831 4198 1931 4241 τῶν

321 4272 562 4342 ματαίων
609 4270 1056 4344 μεταμελόμενοςς
1127 4272 1371 4345 Μεγάλην
1423 4276 1515 4347 ἔχε
1569 4278 1665 4335 τήν
1719 4275 1927 4349 ψυχήνο

2033 3117 2335 3186 cantibus,
2379 3115 2737 3189 pictoribus,
2785 3119 2928 3172 tunc
2966 3113 3217 3187 perinde
3256 3112 3486 3183 gaudes
3535 3128 3607 3170 ac
3641 3113 3692 3186 si

2031 3206 2369 3280 quidquam
2398 3203 2676 3277 pecuniis
2697 3202 3019 3277 pretiosius
3041 3201 3347 3275 acquiras.
3370 3203 3500 3258 Non
3519 3199 3691 3257 vides

2031 3297 2261 3353 moenia
2274 3295 2404 3351 hmo
2416 3293 2706 3367 temporis
2726 3292 3116 3350 diuturnitate
3129 3291 3693 3365 collapsa,quorum

2030 3384 2300 3458 reliquias
2314 3383 2475 3441 velut
2494 3381 2731 3456 scopuli
2748 3381 2997 3455 quidam
3017 3382 3129 3454 56
3148 3396 3253 3453 per
3269 3385 3456 3438 totam
3478 3379 3693 3437 urbem

2033 3474 2335 3532 eminent?
2366 3476 2539 3545 Quot,
2565 3488 2704 3529 cum
2725 3475 3188 3543 exstruerentur,
3232 3474 3405 3527 erant
3450 3470 3512 3527 in
3542 3470 3693 3526 urbe

2031 3579 2354 3637 pauperes,
2386 3562 2491 3635 qui
2511 3561 2590 3618 oh
2613 3560 2900 3617 collatum
2931 3559 2993 3615 in
3021 3575 3092 3616 ea
3128 3559 3395 3616 studium
3425 3573 3463 3615 ε.
3499 3558 3696 3615 diviti-

2032 3653 2149 3709 bus
2162 3652 2296 3723 ejus
2320 3649 2607 3723 temporis
2624 3647 3118 3720 negligebantur?
3137 3649 3167 3702 J
3172 3664 3273 3704 am
3284 3662 3428 3704 vero
3440 3646 3690 3703 ubinam

2035 3744 2126 3798 est
2149 3737 2508 3813 splendidus
2527 3754 2781 3811 operum
2808 3736 3178 3810 apparatus?
3204 3735 3305 3791 ubi
3325 3734 3696 3808 ille,quima~

2037 3844 2301 3901 gnopere
2330 3825 2702 3883 laudabatur
2748 3824 2829 3882 ob
2884 3839 3094 3881 eorum
3133 3822 3695 3895 magniﬁcentiam?

2037 3920 2247 3975 Nonne
2271 3916 2403 3972 haec
2432 3914 2516 3972 ita
2543 3913 2833 3988 prolapsa
2852 3916 2990 3970 sunt
3010 3917 3072 3969 et
3088 3911 3332 3978 abolita,
3356 3916 3535 3983 utea,
3555 3929 3693 3986 quae

2035 4007 2096 4064 in
2120 4022 2305 4063 arena
2323 4022 2360 4062 a
2383 4004 2588 4079 pueris
2608 4003 2957 4060 ludentibus
2985 4002 3401 4059 exstruuntur?
3418 4002 3696 4059 nonnein

2037 4095 2271 4152 inferno
2294 4095 2456 4166 jacet
2474 4092 2571 4150 ille
2592 4092 2724 4167 ipse
2762 4108 2947 4165 quem
2967 4092 3097 4164 ejus
3127 4091 3297 4164 quod
3319 4090 3501 4147 rebus
3520 4091 3695 4147 vanis

2040 4186 2388 4259 impensum
2417 4187 2509 4240 est
2538 4182 2723 4241 studii
2749 4181 3045 4255 poenitet?
3076 4181 3166 4239 Sis
3194 4180 3399 4238 animo
3429 4196 3691 4252 magno:

2040 4274 2201 4333 muri
2232 4279 2360 4332 tum
2396 4271 2588 4347 parvi,
2635 4276 2763 4329 tum
2793 4270 3024 4343 magni,
3055 4286 3233 4327 usum
3266 4269 3549 4327 eumdem
3599 4286 3698 4327 ex-

323 4364 511 4430 τοῖχοι
539 4354 600 4412 δε
624 4364 714 4447 καὶ
742 4364 925 4445 μικροὶ
953 4365 1043 4413 καὶ
1072 4363 1286 4435 μείζους
1314 4363 1397 4435 (8)
1426 4367 1519 4422 τὴν
1558 4364 1720 4423 αὐτὴν
1745 4354 1920 4441 χρεῖαι

2042 4365 2227 4439 plent.
2262 4363 2520 4431 Quando
2547 4363 2610 4420 in
2639 4362 2894 4419 domum
2924 4361 3111 4435 inepti
3148 4362 3260 4418 viri
3302 4366 3360 4419 et
3399 4378 3697 4436 perquam

326 4447 644 4522 πληροῦσιν.
673 4446 834 4501 Ὀταν
863 4450 1101 4524 παρέλθω
1154 4451 1226 4514 εἰς
1272 4450 1440 4504 οἰκίαν
1490 4449 1683 4527 ἀνδρὸς
1727 4452 1933 4529 ἀπειρο-

328 4536 492 4589 καλου
538 4541 631 4590 καὶ
674 4536 993 4609 ὀψιπλούτου
1023 4540 1121 4611 (9),
1175 4545 1266 4594 καὶ
1314 4537 1416 4594 ἴδω
1463 4541 1626 4602 αὐτὴν
1669 4548 1933 4608 παντοίοις

718 4635 951 4715 primus
974 4640 1070 4715 [τὴν
1099 4643 1218 4712 περὶ
1247 4646 1415 4715 ταῦτα
1440 4643 1711 4715 μέριμναν.

401 4710 484 4784 (_2)
511 4705 693 4784 Colb._
711 4705 943 4780 primus
958 4710 1087 4784 όταν
1114 4705 1450 4771 «inerma;
1466 4705 1576 4784 μὲνζ
1607 4715 1739 4770 Mox
1766 4711 1930 4771 idem

330 4776 530 4860 codex
551 4782 644 4860 καὶ
671 4776 908 4860 ἤπειροι.
948 4780 1058 4846 Qui
1089 4776 1529 4860 comparaverit
1551 4798 1690 4856 quas
1724 4784 1822 4841 hic
1850 4785 1938 4860 di-

333 4852 554 4924 cuntur
582 4848 659 4904 de
684 4849 1012 4924 mulierum
1055 4848 1465 4924 quarumdam
1494 4848 1661 4920 luiu,
1695 4871 1833 4911 cum
1865 4855 1936 4912 iis

330 4935 471 5046 gum
492 4918 568 4975 de
587 4918 806 4976 eodem
826 4918 1182 5011 argumento
1203 4923 1437 5005 scripsit
1458 4918 1811 5007 Ambrosius
1829 4926 1936 5009 lib.

374 5006 407 5046 e
423 4990 581 5046 Nab.
612 4990 742 5046 Jez.
764 5006 900 5046 can.
920 5008 1127 5046 a.num
1142 5036 1153 5046 .
1168 4998 1257 5046 26.
1271 4993 1464 5046 facile.
1479 5011 1715 5046 omnor.
1730 4996 1936 5046 fatebi-

374 4992 407 5046 ’e
423 4990 581 5065 Nab:
612 4990 742 5047 Jez.
762 4990 1127 5065 cap_._’f:i,n_um
1142 5036 1153 5048 .
1168 4998 1257 5065 26,
1271 4990 1465 5065 facile,
1479 4996 1715 5065 opinor,
1730 4996 1939 5053 fatebi-

332 5065 432 5140 tur
449 5060 643 5140 multa
662 5076 736 5117 ex
758 5060 1071 5140 Basilianis
1092 5060 1332 5140 imitata
1345 5060 1619 5140 esse.Sed
1637 5060 1805 5140 quod
1823 5068 1939 5125 hoc

332 5132 473 5210 ipso
490 5134 554 5189 in
572 5131 711 5210 loco
732 5132 1214 5210 ait_Ambro_sius,
1235 5136 1529 5194 delectari
1564 5131 1938 5210 etréompedi-

375 5220 446 5261 us
466 5204 769 5284 "iuberes,
791 5205 1110 5284 dummodo
1132 5222 1284 5284 αιςῃο
1307 5210 1593 5284 agentur,
1607 5204 1939 5284 _id_e1;'pres-

336 5275 609 5353 _sum_fuit
634 5274 715 5331 ad
736 5274 990 5353 verbum
1011 5293 1052 5353 _e
1076 5277 1313 5353 Basilio,
1353 5274 1461 5351 qui
1479 5274 1663 5353 paulo
1682 5274 1839 5338 infra
1858 5281 1942 5339 ita

335 5346 639 5433 loquitur:
672 5350 947 5431 Xuipovm.
962 5349 1064 5433 γὰρ
1096 5350 1151 5400 αἱ
1176 5346 1502 5433 οιλόχρῦσοῖ
1521 5347 1794 5432 δεδεμέναι
1823 5360 1941 5415 ταῖς

338 5414 701 5495 χιζοοτῇδαις,
733 5414 887 5495 μόνον
918 5414 1012 5470 ἐάν
1034 5414 1248 5495 ’χρυσὸς
1276 5414 1539 5495 ὄ’δεσμών
1571 5414 1731 5485 αὑτὰς
1761 5444 1817 5495 ῃ.

408 5483 483 5559 (3)
510 5490 678 5557 Regii
706 5483 951 5560 codices
988 5483 1234 5548 crediti
1276 5483 1451 5560 Ceam,
1480 5494 1663 5557 οὕτως.
1814 5493 1939 5553 C01-

336 5558 557 5618 bertini
587 5559 746 5623 ξάλαι
777 5559 856 5615 ἀΞὶ
885 5559 1251 5635 ἁγανίζουσιν,
1280 5558 1462 5631 οὓτως,
1496 5568 1613 5625 etc.

2042 4453 2237 4511 divitis
2257 4452 2601 4526 praeteriens
2612 4449 2938 4522 ingredior,
2967 4449 3262 4523 videoque
3288 4450 3487 4524 ipsam
3507 4450 3700 4508 omni-

2045 4542 2213 4615 genis
2242 4540 2612 4599 ornamentis
2628 4537 3255 4610 t‘ulgentem,intelligo
3280 4555 3419 4599 eum
3443 4539 3595 4598 nihil
3613 4555 3700 4597 re-

2114 4643 2187 4712 (4)
2209 4642 2356 4713 Reg.
2393 4638 2628 4713 primus
2657 4640 2836 4711 καιρὸν
2862 4638 3003 4713 ἄγει.

2106 4709 2186 4784 (3)
2227 4709 2655 4784 Colbfprimus
2685 4709 2901 4784 χαίροις
2933 4712 3021 4784 ᾡς.

2115 4780 2380 4863 (ὄλβιε-ε.
2418 4780 2651 4863 primus
2688 4780 2887 4863 πόλεως
3211 4781 3508 4863 Notarunt
3528 4783 3699 4862 typo-

2046 4850 2261 4927 graphi
2304 4850 2676 4927 Parisienses
2715 4852 2777 4908 in
2810 4866 2919 4927 o_ra
2938 4851 3105 4927 libri,
3132 4864 3473 4927 sermonem
3494 4850 3702 4927 hicjn-

2046 4920 2210 4981 Stitﬁi
2223 4924 2298 4981 de
2313 4926 2585 4982 Caesarea
2598 4920 3163 4995 Cappadgcitmqua:
3183 4921 3246 4975 in
3265 4921 3561 4995 honorem
3582 4923 3702 4976 Cte-

2048 4995 2203 5052 saris
2230 4995 2568 5052 instaurata
2588 4989 2797 5050 fuerat.
2843 4989 3149 5048 Tiberium
3171 5007 3300 5047 esse
3320 4992 3501 5046 tradit
3524 4991 3701 5046 Euse-

2044 5066 2184 5142 bius
2206 5069 2270 5123 in
2293 5067 2615 5142 Chronico,
2638 5064 2797 5142 circa
2816 5062 3237 5142 Olympiadem
3260 5062 3364 5117 CC.
3394 5063 3581 5131 Legas
3604 5077 3701 5118 ve-

2044 5137 2151 5195 lim
2184 5136 2658 5195 eruditissimam
2683 5134 2895 5191 notam
2924 5134 3145 5188 Ducaei.

2119 5210 2194 5281 (7)
2234 5210 2381 5279 Reg.
2413 5207 2647 5281 primus
2673 5201 2828 5281 o~J_r&
2854 5208 2966 5281 μέν.
2996 5201 3225 5281 Ibidem
3250 5201 3401 5281 editi
3438 5206 3705 5278 συγκέχυ-

2119 5223 2194 5281 (Ἶ)
2236 5223 2381 5279 Heg.
2458 5223 2647 5264 rimus
2673 5223 2732 5257 ου
2761 5224 2828 5256 τα
2854 5223 2966 5278 μεν.
2996 5223 3225 5259 Inluem
3250 5223 3393 5259 εαιιι
3438 5223 3522 5276 συ]

2047 5284 2135 5333 ταί
2163 5299 2218 5333 τι
2246 5284 2356 5336 καί.
2390 5223 2611 5335 Vgicula
2629 5293 2683 5328 τι
2704 5274 2876 5331 abest
2905 5290 2942 5330 a
2963 5273 3165 5330 multis
3190 5272 3522 5332 codicibus.

2120 5353 2199 5422 (8)
2238 5348 2846 5422 Βθεηριξξᾳιιιεμικροὶ
2884 5350 2973 5397 καὶ
3012 5343 3264 5422 μεγαλοις
3320 5346 3429 5403 sed
3486 5348 3549 5405 in
3596 5364 3707 5406 ora

2046 5417 2193 5479 libri
2213 5417 2446 5491 addidit
2467 5417 2749 5491 librarius
2767 5417 2862 5491 γρ.
2893 5421 2982 5491 καί
3003 5417 3238 5491 μείζους.

2146 5493 2199 5571 ῼ)
2228 5489 2387 5558 Quid
2414 5505 2530 5571 vo;
2569 5486 2884 5571 ὁ-(ιίπλουτος
2914 5486 3028 5571 sibi
3056 5486 3219 5555 velit,
3248 5489 3399 5571 satis
3446 5504 3572 5571 non
3616 5491 3705 5547 in-

2051 5558 2311 5637 telligere
2337 5577 2401 5620 se
2424 5558 2657 5620 notavit
2684 5558 3121 5620 Combeﬁsius:
3167 5560 3340 5635 cujus
3367 5566 3511 5620 nota
3539 5577 3577 5619 a
3605 5577 3706 5619 cu-
