4088 6194
330 229 429 288 291

1703 223 1762 282 S.
1805 222 2052 284 BASILII
2092 225 2281 282 MAGN
2291 226 2309 282 l

3573 225 3685 282 292

318 350 436 406 bus
452 347 790 406 visibilibus
819 347 1123 422 antiquius
1142 365 1213 405 ac
1247 348 1446 405 carius
1477 347 1724 419 habere,
1747 347 1852 403 sed
1883 363 1976 405 or-

2086 352 2440 422 γεγανωμένην
2497 351 2746 418 ἄνθεσιν,
2797 345 2957 415 οἶδα,
3018 348 3100 401 ὅτι
3169 343 3320 407 οὗτος
3376 341 3526 399 οὐδὲν
3584 355 3685 402 τῶν

317 455 462 498 nare
493 439 807 509 diligenter
836 438 1190 504 inanimata.
1218 439 1486 496 animam
1513 454 1657 495 vero
1685 438 1976 494 incultam

315 528 676 601 relinquere.
700 529 884 592 Quem
907 527 1776 600 tandem,quaaso,ampliorem
1799 542 1976 582 usum

319 617 605 674 exhibent
622 616 887 688 argentei
910 616 1297 682 lecti,mensee
1325 621 1646 688 argenteae,
1670 616 1778 674 tori
1806 615 1979 672 ebur-

317 708 414 764 nei
440 713 496 764 et
517 707 675 763 sellae
697 707 1090 776 eburneze,sic
1112 712 1174 763 ut
1200 707 1418 764 horum
1443 724 1630 764 causa
1658 706 1877 763 divitiae
1899 705 1978 762 ad

316 813 615 870 pauperes
643 812 764 852 non
783 799 1109 866 transeant,
1125 813 1481 869 quanquam
1503 795 1803 853 innumeri
1821 799 1980 852 stant

316 902 427 958 pro
451 885 704 954 foribus,
727 884 956 940 nullam
985 899 1109 941 non
1133 885 1474 942 amittentes
1499 901 1713 943 vocem
1734 885 1977 941 misera-

315 975 530 1030 bilem?
556 977 638 1030 Tu
659 988 802 1030 vero
825 989 1014 1044 negas
1037 978 1092 1030 te
1122 973 1432 1040 daturum,
1454 977 1668 1048 eisque
1700 975 1978 1030 sufficere

315 1068 372 1119 te
393 1079 514 1119 non
539 1079 714 1135 posse
734 1062 1121 1132 rogantibus.
1146 1066 1210 1119 Et
1233 1063 1441 1134 lingua
1461 1064 1708 1137 quidem
1728 1064 1900 1135 juras
1923 1067 1976 1119 te

316 1169 440 1209 non
463 1168 661 1224 posse,
698 1152 804 1208 sed
825 1168 862 1209 a
891 1168 1080 1208 manu
1111 1153 1382 1224 argueris
1407 1172 1420 1209 :
1455 1154 1568 1210 etsi
1590 1154 1752 1210 enim
1772 1152 1874 1210 illa
1895 1160 1978 1211 ta-

315 1247 423 1315 cet,
460 1241 857 1298 mendacium
887 1247 1278 1298 tamentuum
1302 1243 1572 1300 declarat
1594 1242 1802 1299 annuli
1834 1242 1978 1315 palo.

314 1347 666 1389 coruscans.
719 1333 873 1397 Quot
905 1336 1107 1403 potest
1157 1337 1296 1388 tuus
1344 1333 1608 1390 annulus
1656 1348 1816 1388 unus
1859 1349 1976 1390 sere

315 1422 512 1479 alieno
557 1409 813 1478 liberare
831 1420 858 1475 ?
905 1425 1055 1493 quot
1082 1428 1300 1489 domos
1327 1428 1674 1480 corruentes
1697 1423 1924 1493 erigere
1949 1423 1976 1478 ‘I

314 1517 467 1569 Arca
493 1516 596 1566 tua
623 1509 906 1570 vestiaria
927 1511 1017 1566 vel
1046 1511 1226 1568 unica
1247 1516 1446 1584 potest
1465 1516 1656 1568 totum
1678 1512 1977 1584 populum

313 1600 534 1670 frigore
561 1600 853 1676 rigentem
876 1600 1140 1669 amicire;
1165 1605 1222 1656 et
1253 1607 1455 1658 tamen
1473 1602 1734 1658 sustines
1755 1617 1979 1676 paupee

2086 439 2354 511 ὁρωμένων
2385 445 2692 512 τιμιώτερον
2742 444 3009 505 κέκτηται,
3062 436 3189 490 ἀλλὰ
3234 438 3300 490 τὰ
3354 437 3444 508 μὲν
3493 434 3687 506 ἀψυχα

2085 525 2418 597 καλλωπίζει,
2470 534 2563 588 τὴν
2609 525 2668 582 δε
2725 528 2910 600 ψυχὴν
2963 526 3263 600 ἀκόσμητον
3306 527 3439 596 ἔχει.
3499 530 3681 591 Ποίαν,

2087 621 2196 670 ειπέ
2245 637 2355 689 μοι,
2416 623 2602 692 χρείαν
2645 621 3024 692 περισσοτέραν
3080 619 3408 688 παρέχουσιν
3457 612 3687 688 ἀργυραῖ

2085 705 2255 758 κλῖναι
2310 712 2399 760 καὶ
2456 708 2715 781 τράπεζαι
2767 705 3014 784 ἀργυραῖ,
3061 704 3378 777 ἐλεφάντιναι
3436 700 3688 766 στιϐάδες

2085 799 2174 847 καὶ
2209 794 2520 868 ἐλεφάντινοι
2553 793 2753 871 δίφροι,
2795 798 2929 849 ὥστε
2979 799 3065 848 τὸν
3113 793 3331 848 πλοῦτον
3383 788 3475 846 διά
3518 801 3688 846 ταῦτα

2085 888 2156 956 μὴ
2193 881 2476 937 διαϐαίνειν
2520 889 2651 959 πρὸς
2690 890 2812 946 τοὺς
2852 888 3120 957 πτωχοὺς,
3154 886 3327 936 καίτοι
3364 885 3544 956 μυρίοι
3592 880 3685 954 ἐφ-

2087 980 2271 1027 εστᾶσι
2301 975 2416 1045 (10)
2442 982 2503 1048 τῇ
2541 977 2692 1049 θύρᾳ,
2746 981 2920 1028 πᾶσαν
2973 972 3187 1031 ἐλεεινὴν
3217 970 3444 1044 ἀφιέντες
3475 977 3644 1044 φωνήν
3669 989 3681 1038 ;

2086 1067 2151 1116 Σὺ
2183 1059 2242 1116 δὲ
2271 1063 2397 1137 ἀρνῇ
2432 1069 2524 1123 τὴν
2567 1061 2739 1131 δόσιν,
2775 1060 3030 1118 ἀδύνατον
3076 1059 3206 1116 εἶναι
3247 1060 3404 1133 λέγων
3448 1059 3687 1134 ἐπαρκεῖν

2086 1160 2194 1214 τοῖς
2218 1153 2446 1208 αἰτοῦσι.
2474 1158 2574 1208 Καὶ
2614 1162 2676 1227 τῇ
2723 1157 2812 1227 μὲν
2861 1153 3078 1226 γλώσσῃ
3125 1151 3425 1224 ἐξόμνυσαι,
3474 1152 3573 1205 ὑπὸ
3627 1147 3688 1203 δε

2086 1252 2179 1304 τῆς
2209 1247 2392 1316 χειρὸς
2418 1240 2691 1317 διελέγχῇ·
2729 1251 2985 1296 σιωπῶσα
3025 1245 3127 1317 ’γὰρ
3189 1261 3282 1294 σου
3331 1243 3361 1298 ἡ
3421 1245 3542 1314 χεὶρ
3593 1245 3687 1298 τὴν

2085 1329 2433 1406 ψευδολογίαν
2487 1337 2785 1408 κηρύσσει,
2848 1332 3368 1408 περιαστραπτομένη
3437 1331 3537 1383 ὑπὸ
3594 1339 3690 1392 τῆς

2088 1421 2170 1476 ἐπὶ
2200 1431 2289 1476 τοῦ
2339 1420 2624 1477 δακτυλίου
2673 1419 2978 1496 σφενδόνης.
3036 1427 3240 1484 Πόσους
3290 1417 3512 1474 δύναται
3543 1429 3562 1488 (
3588 1421 3692 1491 11)

2088 1507 2159 1574 εἷς
2209 1532 2302 1566 σου
2353 1509 2632 1575 δακτύλιος
2688 1521 2860 1588 χρεῶν
2913 1509 3214 1579 ἀπολῦσαι;
3270 1515 3468 1572 πόσους
3517 1512 3691 1570 οἰκους

2087 1606 2506 1664 καταπίπτοντας
2551 1602 2884 1676 ἀνορθώσας
2932 1605 3044 1657 Μία
3093 1620 3188 1654 σου
3219 1599 3440 1660 κιϐωτός
3473 1601 3690 1672 ἱματίων

314 1705 442 1746 rem
463 1705 588 1745 non
607 1689 901 1745 donatum
921 1689 1238 1758 dimittere,
1257 1690 1423 1747 haud
1438 1691 1728 1748 reveritus
1745 1692 1976 1762 justam

2089 1687 2312 1748 δύναται
2363 1689 2531 1766 δῆμον
2581 1692 2691 1746 ὅλον
2748 1692 2976 1766 ῥιγῶντα
3027 1689 3339 1766 περιϐαλεῖν·
3393 1687 3499 1741 ἀλλ’
3555 1689 3691 1741 ὐπο-

311 1779 533 1851 judicis
556 1779 1275 1853 compensationem.Non
1298 1781 1574 1838 misertus
1598 1797 1823 1851 es,non
1839 1797 1978 1838 con-

317 1885 567 1942 sequere
597 1868 1115 1944 misericordiam;
1149 1885 1273 1926 non
1299 1870 1591 1944 aperuisti
1641 1871 1919 1942 domum,
1941 1887 1978 1930 a

315 1973 506 2028 regno
535 1957 903 2028 excluderis;
936 1974 1159 2033 panem
1171 1975 1293 2016 non
1323 1959 1695 2029 dedisti,non
1718 1960 1977 2034 accipies

317 2047 506 2106 vitam
535 2052 842 2115 aeternam.

391 2232 444 2286 5.
471 2230 691 2286 Verum
711 2243 1046 2300 pauperem
1069 2226 1220 2287 dicis
1245 2229 1533 2302 teipsum,
1556 2232 1740 2302 atque
1761 2229 1837 2286 de
1863 2229 1978 2287 hoc

319 2317 467 2376 mihi
496 2322 694 2374 tecum
727 2316 1022 2374 convenit.
1057 2320 1292 2391 Pauper
1311 2319 1473 2374 enim
1504 2323 1614 2390 est,
1636 2318 1742 2390 qui
1771 2319 1979 2376 multis

317 2407 566 2477 indiget.
590 2406 704 2466 Sed
724 2406 1085 2464 insatiabilis
1105 2406 1408 2480 cupiditas
1431 2407 1674 2478 indigos
1702 2424 1806 2464 vos
1829 2409 1979 2465 mul-

319 2501 517 2554 tarum
537 2513 737 2553 rerum
759 2496 960 2553 efﬁcit.
985 2497 1242 2554 Talentis
1263 2497 1475 2554 decem
1496 2497 1707 2554 decem
1731 2498 1848 2556 alia
1874 2498 1978 2555 ad-

314 2586 496 2658 jicere
518 2585 786 2644 conaris:
821 2585 1035 2657 viginti
1056 2586 1304 2657 coactis,
1339 2585 1590 2643 totidem
1618 2588 1859 2660 quaeris,
1879 2603 1978 2645 ne-

318 2691 437 2750 que
466 2676 879 2749 appetentiam
913 2676 1065 2733 sistit
1089 2676 1257 2748 quod
1288 2692 1528 2748 semper
1557 2692 1594 2732 a
1624 2682 1678 2732 te
1709 2676 1975 2748 additur,

320 2766 442 2821 imo
457 2765 730 2822 accendit
742 2765 1076 2838 appetitum
1087 2766 1610 2831 .Quemadmodum
1623 2766 1784 2823 enim
1798 2766 1978 2823 ebriis

319 2854 445 2911 vini
476 2854 748 2910 accessio
768 2854 1104 2911 bibendiﬁt
1132 2855 1372 2911 occasio
1404 2871 1416 2910 :
1451 2855 1534 2911 sic
1565 2855 1746 2913 etiam
1770 2872 1979 2913 recens

321 2942 487 3000 ditati
509 2942 612 2998 ubi
644 2942 835 3000 multa
857 2942 1266 3015 acquisierint,
1293 2943 1471 3016 plura
1513 2945 1976 3018 concupiscunt,

323 3047 565 3104 semper
592 3031 876 3088 addendo
897 3032 1181 3089 morbum
1207 3033 1774 3106 nutrientes,eisque
1800 3051 1976 3092 suum
2011 3072 2051 3128 ο

323 3122 589 3179 studium
616 3121 774 3178 cedit
797 3121 860 3177 in
880 3123 1268 3178 contrarium.
1303 3125 1505 3197 Neque
1532 3125 1696 3181 enim
1717 3141 1981 3198 praesen-

321 3211 401 3268 tia
423 3211 589 3268 bona
614 3227 755 3267 cum
788 3215 952 3268 tanta
982 3211 1121 3277 sint,
1170 3217 1405 3269 tantum
1455 3213 1591 3270 illos
1616 3215 1977 3284 exhilarant,

318 3304 616 3373 quantum
637 3300 995 3357 contristent
1020 3317 1157 3373 quae
1175 3302 1425 3370 desunt;
1452 3319 1545 3372 ea,
1559 3303 1980 3376 inquam,quaa

321 3388 437 3446 sibi
463 3388 675 3444 deesse
705 3393 945 3462 putant,
967 3389 1122 3446 adeo
1146 3395 1210 3446 ut
1241 3406 1481 3463 semper
1511 3391 1672 3446 curis
1699 3391 1978 3449 conﬁcia-

321 3485 419 3535 tur
441 3493 654 3534 eorum
688 3477 947 3546 animus,
977 3477 1123 3534 dum
1145 3479 1382 3551 majora
1409 3495 1764 3552 comparare
1783 3481 1978 3538 nitun-

322 3572 435 3624 tur.
467 3569 617 3623 Nam
658 3582 799 3624 cum
836 3565 1026 3623 laetari
1074 3567 1240 3640 ipsos
1270 3584 1382 3641 par
1410 3573 1585 3640 esset,
1629 3585 1694 3626 ac
1724 3570 1979 3641 gratiam

320 3654 564 3723 habere,
590 3655 759 3727 quod
787 3660 908 3712 tam
940 3655 1144 3713 multis
1169 3661 1311 3712 sunt
1335 3655 1776 3730 opulentiores:
1829 3674 1977 3715 con-

318 3747 592 3816 tra,aagre
618 3744 820 3802 ferunt
840 3761 910 3802 ac
931 3745 1135 3802 dolent
1164 3762 1226 3802 se
1247 3745 1397 3804 forte
1419 3745 1498 3803 ab
1520 3763 1644 3804 uno
1668 3752 1772 3804 aut
1790 3747 1977 3805 altero

314 3833 704 3905 locupletiore
736 3834 1030 3907 superari.
1058 3833 1166 3891 Ubi
1208 3850 1350 3891 vero
1393 3835 1614 3892 fuerint
1637 3835 1800 3893 hunc
1829 3837 1978 3893 divi-

316 3927 438 3980 tem
487 3925 770 3994 assecuti,
822 3924 1141 3980 confestim
1185 3924 1384 3982 ditiori
1414 3925 1617 3982 adhuc
1653 3927 1761 3998 57
1799 3943 1976 3999 pares

271 4063 284 4070 .
317 4011 448 4069 ﬁeri
478 4017 808 4070 conantur:
833 4017 891 4069 et
918 4012 1024 4069 ubi
1053 4029 1193 4068 eum
1222 4029 1469 4086 quoque
1501 4015 1823 4084 attigerint,
1855 4021 1974 4072 stu-

316 4101 486 4158 dium
516 4118 694 4158 suum
712 4101 792 4160 ad
822 4101 1009 4159 alium
1034 4102 1421 4159 transferunt.
1446 4103 1972 4167 Quemadmodum

315 4192 356 4248 ii
385 4192 490 4265 qui
511 4193 708 4250 scalas
731 4193 1328 4266 conscendunt,pede
1353 4209 1593 4266 semper
1613 4193 1692 4250 ad
1708 4196 1973 4268 superio-

314 4297 444 4338 rem
474 4282 734 4350 gradum
763 4286 961 4339 erecto
983 4297 1108 4340 non
1132 4282 1302 4356 prius
1321 4283 1969 4357 conquiescunt,quam

317 4370 398 4429 ad
415 4387 727 4428 summum
743 4372 1120 4444 perveniant:
1139 4372 1224 4428 sic
1245 4388 1489 4446 quoque
1506 4373 1568 4430 hi
1589 4389 1713 4431 non
1732 4379 1974 4434 cessant

316 4461 396 4519 ad
424 4461 768 4536 appetenda
796 4463 1086 4535 potentia,
1134 4463 1330 4522 donec
1369 4463 1432 4520 in
1462 4463 1719 4524 sublime
1763 4465 1970 4535 evecti,

314 4677 508 4755 riosis_
533 4679 651 4755 legi
685 4682 914 4755 potest.
972 4679 1109 4755 Mihi
1155 4679 1298 4755 satis
1346 4681 1662 4755 probabile
1714 4683 1970 4755 videtur,

314 4768 464 4808 voce
493 4751 615 4829 hac,
639 4751 1017 4829 hicindicari
1047 4751 1377 4829 hominem]
1411 4754 1515 4825 qui
1545 4755 1625 4810 ad
1650 4751 1973 4829 vesperam

315 4840 509 4897 usque
541 4824 677 4880 vitae
708 4823 948 4897 divitias
981 4824 1223 4897 colligit,
1244 4840 1368 4897 nec
1387 4823 1664 4897 unquam
1694 4823 1975 4885 iis'satia-

317 4891 597 4951 ῐιιιιῖὍτ-αν
620 4895 856 4970 παρέλθω
879 4897 949 4958 εἰς
975 4891 1147 4948 οἰκίαν
1166 4891 1358 4970 ἀνδρὸς
1377 4891 1720 4970 ἀπειροκάλου
1745 4903 1834 4951 καὶ
1858 4899 1973 4971 ὄψις

314 4967 561 5049 πλούτου.
593 4967 789 5049 Yerte:
820 4967 1165 5049 Quaizaoin
1187 4967 1428 5049 domum
1454 4967 1769 5049 ingredior
1791 4967 1973 5049 herili:

315 5040 409 5094 nis
438 5039 632 5108 inepti
658 5045 710 5095 et
757 5054 889 5095 sero
937 5039 1138 5094 dilati.
1195 5039 1478 5094 Homines
1521 5039 1603 5095 illi
1643 5055 1775 5096 sero
1807 5041 1974 5099 ditati

314 5109 499 5184 iidem
531 5117 671 5166 sunt
699 5126 770 5166 ac
813 5110 917 5184 qui
961 5109 1144 5184 paulo
1171 5115 1329 5184 post,
1372 5123 1429 5164 n.
1467 5114 1847 5184 5,_vocantur
1872 5117 1974 5167 νεό-

313 5179 554 5246 πλουτοι,
588 5197 792 5240 recens
818 5179 1019 5252 ditaii,
1049 5186 1107 5236 et
1129 5179 1351 5237 idcirco
1381 5181 1576 5252 magis
1605 5183 1975 5241 insolescunt

314 5267 502 5327 quam
533 5252 651 5327 qui
677 5252 738 5308 in
787 5253 1026 5327 magnis
1065 5253 1282 5327 opibus
1329 5255 1455 5327 nati
1495 5258 1655 5309 sunt.
1687 5256 1756 5327 Hi
1788 5272 1848 5327 p.
1883 5261 1972 5325 57,

314 5321 599 5400 dicuntur
633 5322 690 5400 ἐκ
711 5321 1316 5400 μικρᾶςῖδυνάμεωςβίο
1347 5323 1508 5380 enim
1539 5326 1698 5397 apud
1732 5321 1974 5400 Simeo-

313 5408 456 5472 nem
488 5394 888 5472 liogoth'etani
910 5394 1129 5472 legitur
1158 5412 1338 5452 serm.
1380 5400 1434 5465 6,
1478 5394 1619 5468 pag.
1665 5394 1791 5468 502)
1845 5418 1974 5472 προ-

314 5463 559 5546 ελθόντες,
595 5469 654 5546 et
679 5481 819 5546 cum
850 5463 1204 5525 ﬂuminibus
1235 5463 1687 5541 comparantur,
1709 5463 1973 5544 quorum

313 5551 505 5608 parva
529 5538 717 5593 initia.
751 5538 963 5593 MARAN.

2087 1783 2253 1854 μένεις
2277 1783 2541 1858 ἄπρακτον
2569 1780 2878 1854 ἀποπέμψαι
2933 1785 3020 1834 τόν
3067 1783 3282 1846 πένητα,
3334 1778 3393 1832 οὐ
3443 1777 3693 1851 φοϐούμε-

2087 1889 2171 1933 νος
2216 1875 2274 1924 τὸ
2326 1869 2532 1926 δίκαιον
2588 1879 2683 1934 τῆς
2737 1866 3139 1930 ἀνταποδόσεως
3181 1876 3276 1932 τοῦ
3324 1876 3527 1942 κριτοῦ.
3577 1867 3690 1920 Οὐκ
3747 1940 3751 1944 .

2087 1960 2334 2030 ἡλέησας,
2367 1961 2462 2014 οὐκ
2493 1959 2769 2034 ίλεηθὴση·
2817 1960 2911 2013 οὐκ
2952 1959 3160 2022 ἤνοίξας
3203 1963 3292 2018 τήν
3331 1958 3498 2010 οἰκίαν
3534 1958 3680 2030 (12).

2089 2051 2473 2126 ἀποπεμφθήσῃ
2521 2059 2617 2114 τῆς
2667 2049 2962 2123 βασιλείας·
3004 2048 3099 2104 οὐκ
3147 2045 3349 2110 ἔδωκας
3395 2051 3482 2101 τὸν
3532 2048 3690 2122 οῐρτον

2089 2143 2146 2196 οὐ
2167 2141 2308 2214 λήψῃ
2333 2145 2426 2200 τὴν
2453 2140 2659 2194 αἰώνιον
2683 2141 2843 2201 ζωὴν.

2160 2237 2212 2288 5.
2245 2231 2399 2285 Ἀλλὰ
2442 2234 2640 2289 πένητα
2693 2229 2859 2301 λέγεις
2908 2232 3118 2282 σαυτόν·
3165 2225 3310 2300 κάγω
3353 2228 3680 2300 συντίθεμαι.

2091 2327 2255 2384 Πίνης
2300 2323 2400 2396 γὰρ
2443 2319 2582 2373 ἐστιν
2639 2321 2665 2372 ό
2709 2318 2907 2372 πολλῶν
2955 2315 3154 2380 ἐνδεής.
3182 2317 3386 2371 Πολλῶν
3435 2312 3495 2369 δε
3552 2318 3690 2388 ὑμᾶς

2090 2407 2278 2471 ἐνδεεῖς
2306 2417 2443 2463 ποιεῖ
2489 2413 2548 2462 τὸ
2587 2416 2684 2472 τῆς
2726 2407 3004 2481 ἐπιθυμίας
3051 2405 3351 2482 ἀκόρεστον.
3391 2412 3512 2467 Τοῖς
3559 2402 3692 2458 δέκα

2089 2501 2359 2561 ταλάντοις
2411 2495 2545 2552 δέκα
2600 2498 2748 2572 ἔτερα
2797 2499 3138 2571 προστιθέναι
3192 2492 3516 2558 σπουδάζεις
3555 2497 3689 2566 (13)⁸

2091 2587 2299 2643 ἐπειδὰν
2333 2592 2499 2646 εἰκοσι
2539 2592 2774 2661 γένηται,
2820 2586 2952 2640 ἄλλα
2993 2594 3226 2640 τοσαῦτα
3267 2584 3548 2651 ἐπιζητεῖς,
3602 2589 3694 2637 καὶ

2091 2677 2170 2732 ἀεί
2219 2699 2304 2732 σοι
2351 2682 2408 2732 τὸ
2452 2680 2874 2753 προστιθέμενον,
2919 2677 3046 2749 οὐχὶ
3088 2680 3182 2736 τὴν
3240 2678 3404 2751 ὁρμὴν
3455 2675 3690 2743 ἲστησιν,

2092 2767 2200 2822 ἀλλ’
2231 2768 2499 2842 ἁναφλέγει
2540 2772 2634 2830 τὴν
2684 2766 2867 2842 ὀρεξιν.
2913 2766 3112 2842 ’Ὠσπερ
3168 2768 3267 2840 γὰρ
3317 2773 3426 2827 τοῖς
3476 2767 3696 2838 μεθύου-

2093 2878 2175 2912 σιν
2207 2858 2411 2932 ἁφορμὴ
2442 2866 2532 2911 τοῦ
2560 2863 2723 2911 πίνειν
2763 2858 2793 2916 ἠ
2838 2848 3116 2931 προσθήκη
3149 2863 3239 2908 τοῦ
3288 2857 3426 2908 οίνου
3468 2859 3688 2926 γίνεται,

2091 2951 2226 3002 οὕτω
2251 2953 2340 3001 καὶ
2379 2951 2428 3001 οἱ
2482 2947 2800 3014 νεόπλουτοι,
2850 2945 3015 2999 πολλὰ
3055 2947 3393 3018 κτησάμενοι,
3447 2943 3690 2997 πλειόνων

2092 3039 2431 3113 ἐπεθυμοῦσι,
2482 3046 2554 3110 τῷ
2603 3035 2683 3090 ἀεὶ
2725 3038 3115 3110 προστιθεμένῳ
3166 3040 3261 3095 τὴν
3313 3039 3463 3088 νόσον
3486 3038 3694 3108 τρέφον-

2089 3150 2190 3197 τες,
2224 3133 2313 3181 καὶ
2343 3130 2704 3204 περιτρέπεται
2733 3126 2911 3187 αὐτοῖς
2941 3127 2970 3184 ἡ
3017 3121 3225 3183 σπουδὴ
3273 3127 3404 3198 πρὸς
3440 3127 3499 3177 τό
3544 3122 3691 3175 ὤναν-

2089 3224 2218 3273 τίον.
2252 3217 2327 3271 Οὐ
2357 3220 2457 3290 γὰρ
2506 3216 2766 3290 εὐφραίνει
2813 3215 3004 3276 αὐτοὺς
3051 3216 3119 3267 τὰ
3173 3218 3407 3288 παρόντα
3455 3220 3696 3267 τοσαῦτα

2089 3313 2232 3377 ὄντα,
2283 3307 2402 3360 ὅσον
2433 3306 2549 3378 (14)
2600 3305 2754 3360 λυπεῖ
2805 3307 2873 3358 τὰ
2925 3301 3164 3357 ἐνδέοντα
3215 3303 3344 3378 ἅπερ
3399 3302 3460 3356 ἂν
3514 3301 3693 3364 αὐτοῖς

2089 3397 2328 3458 ἐλλείπειν
2379 3397 2693 3448 ὐπόθωνται·
2760 3396 2893 3447 ὥστε
2939 3392 3019 3448 ἀεὶ
3090 3398 3184 3452 τὴν
3264 3392 3445 3465 ψυχὴν
3514 3391 3695 3454 αὐτοῖς

2087 3495 2203 3549 ταῖς
2256 3490 2529 3561 μερίμναις
2585 3483 2917 3551 ἐκτήκεσθαι,
2959 3486 3089 3557 πρὸς
3140 3486 3197 3534 τό
3243 3480 3556 3556 ὑπερϐάλλον
3595 3485 3692 3539 τὴν

2086 3574 2303 3648 ἅμιλλαν
2355 3577 2703 3646 ποιουμένοις.
2757 3576 2876 3625 Δέον
2923 3574 3024 3646 γὰρ
3076 3570 3265 3631 αὐτοὺς
3318 3570 3690 3644 εὐφραίνεσθαι

2085 3669 2175 3717 καὶ
2221 3665 2383 3738 χάριν
2431 3665 2592 3735 ἔχειν,
2643 3664 2904 3715 τοσούτων
2964 3665 3113 3720 ὄντας
3171 3659 3575 3734 εὐπορωτέρους·
3635 3661 3692 3711 οἱ

2087 3749 2148 3807 δε
2177 3750 2506 3828 δυσφοροῡσι
2535 3755 2625 3805 καὶ
2656 3748 2962 3816 ὁδυνῶνται,
2993 3752 3074 3803 ὅτι
3105 3749 3213 3811 ἑνός
3232 3769 3330 3804 που
3361 3749 3392 3808 ἦ
3437 3745 3686 3822 δευτέρου

2083 3851 2184 3896 τῶν
2242 3841 2728 3917 ὐπερπλουτούντων
2777 3839 3238 3914 ἁπολιμπάνονται.
3297 3836 3458 3891 Ὅταν
3505 3846 3690 3890 τοῦτον

2084 3937 2171 3986 τόν
2227 3932 2474 3986 πλούσιον
2533 3930 2926 4000 καταλάϐωσιν,
2987 3930 3141 3992 εὐθὺς
3193 3937 3266 4001 τῷ
3321 3927 3689 4002 πλουσιωτέρῳ

2084 4024 2453 4096 παρισωθῆναι
2483 4021 2851 4094 φιλονεικοῦσι·
2907 4018 3001 4073 κᾶν
3033 4017 3109 4072 ἐπ’
3155 4018 3343 4072 ἐκεῖνον
3390 4020 3686 4092 φθάσωσιν,

2085 4115 2168 4174 ἐπὶ
2196 4114 2284 4165 τόν
2323 4109 2472 4164 ἄλλον
2517 4115 2612 4170 τὴν
2655 4106 2896 4169 σπουδὴν
2943 4112 3339 4183 μεταφέρουσιν.
3390 4105 3587 4181 Ὥσπερ
3639 4109 3690 4159 oi

2082 4203 2176 4263 τὰς
2230 4199 2490 4273 κλίμακας
2539 4197 2935 4267 ἀναϐαίνοντες,
2987 4197 3067 4252 ἀεὶ
3129 4200 3260 4275 πρὸς
3302 4201 3396 4256 τὴν
3453 4198 3692 4272 ὑπερκει-

2081 4294 2236 4364 μένην
2268 4286 2515 4363 βαθμίδα
2541 4293 2599 4342 τὸ
2645 4292 2796 4362 ῖχνος
2824 4292 3073 4363 αἴροντες,
3104 4288 3166 4340 οὐ
3204 4291 3450 4363 πρότερον
3501 4288 3689 4339 ἰσταν-

2079 4399 2168 4434 ται
2213 4383 2334 4454 πρὶν
2381 4378 2441 4431 ἂν
2493 4386 2587 4442 τῆς
2641 4381 2809 4454 ἄκρας
2869 4377 3163 4452 ἐφίκωνται·
3224 4378 3358 4431 οὕτω
3407 4380 3499 4430 καὶ
3542 4372 3690 4430 οὗτοι

2081 4469 2141 4525 οὐ
2170 4471 2423 4526 παύονται
2451 4475 2549 4532 τῆς
2587 4469 2723 4522 κατά
2759 4471 2854 4529 τὴν
2904 4464 3219 4523 δυναστείαν
3259 4469 3444 4544 ὁρμῆς,
3478 4467 3573 4529 ἕως
3623 4464 3688 4519 ἆν

2180 4686 2266 4760 10)
2477 4685 2817 4760 ἐφεστήκασι.
2844 4686 2917 4742 At
2940 4682 3113 4760 multi
3133 4700 3289 4740 mss.
3320 4661 3587 4760 ἐφεστᾶσι.

2180 4690 2244 4744 10
2296 4686 2448 4742 Editi
2477 4686 2817 4760 ἐφεστήκασι.
2844 4686 2917 4742 At
2940 4686 3113 4741 multi
3133 4700 3289 4740 mss.
3320 4686 3587 4757 ἐφεστᾶσι.

2154 4686 2268 4832 iiii
2290 4757 2455 4832 illud
2483 4757 2700 4832 Basilii,
2721 4762 2921 4832 πόσους
2953 4753 3426 4832 δύνοιται,θίῡ.,εί(ξ
3446 4770 3686 4832 expres-

2083 4827 2529 4887 sit'Ambrosius
2555 4829 2772 4886 eodem
2791 4828 2945 4885 libro
2966 4829 3042 4885 De
3059 4827 3220 4884 Nab.
3242 4843 3376 4899 cap.
3403 4828 3488 4884 13.
3513 4827 3682 4886 num.

2085 4906 2170 4958 56:
2198 4902 2396 4957 Totius
2419 4903 2602 4958 vitam
2616 4901 2833 4972 populi
2845 4905 3086 4972 poterat
3103 4899 3321 4958 annuli
3343 4899 3434 4956 tui
3449 4913 3685 4970 gemma

2083 4988 2278 5115 831(1):),
2296 4988 2746 5126 eCOOIb.“priinus‘
2769 5047 2864 5126 τὴν
2895 5041 3061 5126 οὶκίαν
3081 5039 3526 5114 cou.Aliquanto
3547 5045 3686 5115 post

2082 5131 2229 5172 mss.
2264 5115 2540 5172 nonnulli
2568 5119 2661 5175 τὴν
2692 5115 2903 5169 αἰωνίαν
2936 5115 3095 5175 ζωήν.

2153 5186 2473 5260 (l3)__COLb.
2509 5187 2714 5260 tertius
2744 5186 2876 5240 ἄλλα
2923 5184 3054 5260 δέκα
3081 5184 3309 5260 τάλαντα
3345 5185 3684 5260 προστιθέναι

2086 5253 2441 5338 σπουδάζετεε
2474 5258 2580 5338 qui
2609 5263 2835 5338 tamem
2882 5257 3076 5338 codex
3105 5253 3461 5338 manhabet
3502 5253 3686 5338 ἐπιζη-

2083 5337 2188 5392 τεῖς
2216 5347 2228 5386 :
2263 5345 2336 5385 ex
2357 5345 2480 5402 quo
2492 5325 2588 5400 iit,
2629 5333 2694 5386 ut
2723 5327 3015 5386 mendum
3043 5327 3240 5384 subsit
3266 5327 3330 5382 in
3358 5326 3494 5382 loco
3515 5325 3685 5382 alter-

2084 5405 2242 5457 utro.
2269 5404 2342 5456 At
2371 5400 2534 5458 Colb.
2564 5401 2798 5458 primus
2825 5405 3077 5458 utroque
3108 5399 3171 5454 in
3197 5399 3330 5455 loco
3357 5413 3680 5454 numerum

2084 5415 2242 5457 Utro.
2269 5415 2342 5456 Λῐ
2371 5415 2534 5458 (λου).
2564 5417 2798 5473 primus
2825 5415 3077 5471 utroque
3108 5415 3171 5454 In
3197 5415 3330 5455 1000
3357 5415 3540 5454 nume

2082 5471 2481 5544 multitudinis
2509 5471 2768 5544 praefert,
2798 5467 3192 5544 σπουδάζετε...
3230 5469 3543 5531 ἐπιζητεῖτε.

2160 5543 2272 5614 (14)
2301 5543 2464 5601 Colb.
2493 5538 2732 5619 primus
2752 5538 2882 5603 ὅσον
2907 5538 3102 5599 όδυνᾶ.
