4088 6194
196 240 302 297 298

1529 234 1822 295 HOMILIA
1858 231 1927 287 1N
1971 232 2258 290 DIVITES.

3471 241 3577 295 294

196 364 512 434 eameam,
583 361 684 415 ἀπὸ
750 381 1006 437 μετεωρου
1082 370 1174 416 τοῦ
1249 369 1526 438 πτώματος
1595 361 1810 419 ἑαυτοὺς

1924 355 2042 413 alto
2072 374 2215 414 casu
2257 359 2488 432 seipsos
2527 357 2925 416 contundant.
2979 362 3166 416 Avem
3213 359 3578 420 seleucidem

193 451 573 526 καταρράξωσι
602 454 737 523 (15).
764 457 865 509 Τὴν
916 449 1192 506 σελευκίδα
1231 458 1290 506 τὸ
1339 458 1509 530 ὄρνεον
1552 450 1630 504 ἐπ’
1663 449 1809 523 εύερ-

195 547 355 613 γεσίᾷ
397 549 500 594 τῶν
549 539 829 614 ἀνθρώπων
877 540 1154 616 ἀκόρεστον
1204 540 1332 596 εἶναι
1376 545 1401 594 ὁ
1447 546 1664 602 κτίστης
1712 547 1811 591 τῶν

196 631 329 684 ὅλων
385 629 790 702 ἐμηχανήσατό-
851 635 917 684 σύ
974 629 1032 700 δε
1085 631 1168 688 ἰπὶ
1231 631 1399 706 βλάϐη
1460 639 1559 684 τῶν
1613 627 1812 682 πολλῶν

198 719 492 796 ἀκόρεστον
551 729 774 773 σεαυτοῦ
828 724 924 780 τήν
971 720 1157 794 ψυχὴν
1204 723 1613 782 κατεσκεύασας.
1673 718 1814 770 Ὀσα

198 808 386 882 βλέπει
435 811 462 860 ὁ
512 809 790 882 ὀφθαλμὸς,
834 813 1094 863 τοσούτων
1144 810 1388 884 ἐπιθυμεῖ
1423 811 1538 882 (16)
1581 811 1605 862 ὀ
1657 808 1812 862 πλέο-

192 903 404 960 νέκτης.
466 899 542 951 Ού
600 899 969 958 πλησθήσεται
1033 898 1292 974 ὁγθαλμὸς
1358 907 1450 953 τοῦ
1504 901 1661 972 ὁρᾲν,
1721 901 1812 950 καὶ

194 989 254 1042 ού
294 990 680 1062 κορεσθησεται
736 992 1048 1064 φιλάργυρος
1091 998 1183 1043 τοῦ
1228 989 1526 1062 λαμϐάνειν.
1573 988 1632 1040 Ὀ
1676 983 1813 1058 ᾅδης

195 1078 290 1129 ούκ
323 1075 484 1143 εἶπεν,
531 1078 719 1151 Ἀρκεῖ,
748 1075 874 1131 ούδὶ
907 1081 932 1130 ὀ
959 1078 1260 1142 πλεονέκτης
1293 1076 1401 1131 εἶπέ
1440 1095 1582 1145 ποτε,
1621 1077 1809 1151 Ἀρκεῖ.

198 1173 332 1220 Πότε
380 1173 570 1241 χρήσῃ
612 1175 723 1230 τοῖς
766 1177 1034 1243 παροῦσις
1084 1174 1208 1222 ποτε
1254 1167 1569 1229 ἀπολαύσεις
1620 1166 1810 1233 αὐτῶν,

200 1256 274 1310 ἀεὶ
323 1264 439 1319 τοῖς
497 1263 675 1320 πόνοις
721 1259 817 1319 τῆς
871 1264 1101 1320 κτήσεως
1152 1263 1533 1332 συνεχόμενος;
1583 1255 1718 1309 Ούαὶ
1765 1257 1814 1307 οἱ

200 1349 556 1408 συνάπτοντες
625 1345 796 1399 οἰκίαν
862 1351 992 1420 πρὸς
1054 1347 1249 1412 οἰκίαν,
1317 1351 1403 1398 καὶ
1466 1344 1620 1419 ἀγρὸν
1685 1347 1813 1418 πρὸς

196 1434 362 1508 ἀγρὸν
431 1434 743 1507 ἐγγίζοντες,
806 1438 889 1489 ἰνα
946 1444 1038 1489 τοῦ
1103 1436 1324 1495 πλησίον
1382 1435 1668 1508 ἀφέλωνταί
1727 1453 1804 1489 τι.

196 1530 262 1576 Σύ
310 1521 372 1577 δέ
413 1529 470 1576 τί
511 1532 712 1591 ποιεῖς;
747 1524 822 1578 Ού
871 1526 1172 1600 προφασίζη
1225 1529 1406 1599 μυρία,
1438 1525 1522 1576 ἱνα
1548 1522 1713 1597 λάϐῃς
1749 1524 1814 1574 τά

195 1623 291 1666 τοῦ
335 1613 607 1677 πλησίονς
643 1615 943 1668 Ἐπισκοτεῖ
986 1635 1094 1688 μοι,
1145 1621 1324 1688 φησὶν,
1371 1616 1399 1673 ἡ
1450 1621 1543 1666 τοῦ
1590 1617 1813 1685 γείτονος

196 1704 362 1766 οἰκία,
417 1702 673 1778 θορύϐους
725 1703 940 1771 ἐνίησιν,
987 1705 1018 1764 ἦ
1068 1708 1126 1757 τὸ
1175 1703 1499 1777 πλανώμενον
1535 1703 1649 1775 (17)
1680 1705 1812 1755 ὑπο-

196 1789 446 1865 δέχετάι,
481 1793 510 1851 ἣ
566 1795 592 1846 ὃ
637 1813 688 1846 τι
729 1792 788 1845 ἃν
817 1797 962 1866 τύχῃ
1014 1793 1400 1866 αἰτιασάμενος,
1449 1792 1806 1868 περιελαύνων,

194 1888 284 1933 καὶ
314 1883 543 1949 ἑξωθὼν,
590 1887 681 1935 καὶ
712 1882 870 1936 ἕλκων
911 1881 1006 1950 ἀεί,
1057 1889 1146 1936 καὶ
1192 1886 1533 1956 σπαράσσων,
1581 1882 1639 1935 ού
1677 1885 1810 1958 πρό-

197 1991 344 2046 τερον
373 1974 624 2039 παύεται,
656 1978 776 2048 πρὶν
807 1970 867 2025 ἂν
907 1971 1136 2046 ἐπαγάγῃ
1181 1973 1358 2035 αὐτοῖς
1408 1971 1638 2044 ἀνάγκην
1688 1991 1810 2044 μετ-

199 2063 565 2124 αναστάσεως.
651 2066 712 2114 Τί
791 2065 878 2114 τόν
954 2060 1228 2116 Ναϐουθάν
1307 2065 1393 2114 τὸν
1460 2059 1810 2135 Ἰεξραηλίτην

204 2150 500 2203 ἀπέκτεινεν
550 2152 709 2221 (18);
762 2151 886 2223 Ούχ
931 2153 964 2209 ἡ
1018 2159 1109 2204 τοῦ
1161 2150 1376 2224 ’Λχαάϐ
1422 2150 1676 2224 ἐπιθυμία
1720 2157 1810 2203 τοῦ

203 2239 544 2311 ἀμπελῶνος;
606 2244 836 2315 Πονηρὸς
890 2238 938 2292 ἐν
984 2241 1126 2294 πόλει
1175 2243 1432 2307 σύνοικος,
1483 2243 1711 2315 πονηρὸς
1761 2238 1810 2292 ἐν

203 2328 414 2403 ἀγροῖς,
478 2331 505 2380 ὀ
565 2328 892 2391 πλεονέκτης.
957 2329 1012 2382 Ἠ
1077 2329 1320 2383 θάλασσα
1385 2326 1496 2382 οἶδε
1562 2332 1629 2382 τά
1696 2328 1814 2402 ὁρια

207 2419 370 2479 αύτῆς
399 2420 544 2489 (19)·
588 2421 617 2476 ἠ
650 2419 743 2481 νύξ
785 2419 891 2490 ούχ
921 2418 1217 2493 ὑπερϐαίνει
1256 2421 1528 2495 ὁροθεσίας
1557 2416 1810 2491 ἀρχαίας.

210 2506 264 2559 Ὀ
312 2504 373 2560 δε
422 2507 738 2570 πλεονέκτης
795 2507 890 2560 ούκ
943 2505 1170 2562 αἰδεῖται
1213 2512 1426 2584 χρὸνον,
1467 2508 1526 2561 ού
1573 2508 1813 2582 γνωρίζει

210 2599 345 2668 ὅρον,
381 2597 443 2649 ού
474 2605 747 2672 συγχωρεί
776 2595 1052 2670 ἀκολουθίᾳ
1082 2595 1372 2671 διαδοχῆς,
1417 2597 1544 2650 ἀλλά
1577 2605 1814 2670 μιμεῖται

207 2695 298 2738 τοῦ
335 2691 506 2759 πυρὸς
549 2692 645 2744 την
687 2685 829 2759 βίαν·
882 2689 1052 2740 πάντα
1094 2686 1448 2760 ἐπιλαμϐάνει,
1495 2689 1664 2740 πάντα
1706 2686 1815 2740 ἐπι-

206 2782 437 2848 νέμεται.
485 2780 587 2828 Καὶ
629 2775 804 2852 ὥσπερ
849 2779 897 2829 οἱ
939 2782 1188 2851 ποταμοὶ,
1239 2776 1296 2830 ἐκ
1339 2783 1527 2852 μικρᾶς
1565 2777 1671 2840 (20)
1718 2785 1815 2838 τῆς

203 2871 419 2938 πρώτης
483 2863 662 2940 ἀρχῆς
729 2867 1054 2941 ὁρμηθέντες,
1117 2864 1228 2920 εἶτα
1287 2874 1401 2929 ταῖς
1457 2867 1572 2919 κατ’
1641 2865 1813 2939 ὀλίγον

205 2958 542 3029 προσθήκαις
599 2953 957 3009 ἀνυπόστατον
1003 2955 1244 3019 λαϐόντες
1302 2961 1397 3016 τὴν
1449 2955 1690 3024 αὔξησιν,
1741 2963 1813 3026 τῷ

1921 448 2339 506 universorum
2361 451 2560 524 opifex
2578 449 2894 505 hominum
2917 450 3110 520 gratia
3135 451 3404 508 condidit
3424 451 3580 509 insa-

1923 537 2188 594 tiabilem
2215 558 2227 607 ;
2259 544 2320 596 tu
2343 556 2482 596 vero
2504 541 2564 595 in
2595 539 2923 595 multorum
2955 539 3284 611 perniciem
3305 541 3580 598 animum

1922 631 2092 684 tuum
2114 628 2540 701 inexplebilem
2571 628 2836 684 eﬁ‘ecisti.
2852 630 2892 693 Ο
2905 643 3240 701 ueecunque
3257 629 3420 686 videt
3439 646 3579 686 ocu-

1923 717 2033 787 lus,
2061 734 2132 774 ea
2162 719 2534 791 concupiscit
2559 734 2798 776 avarus.
2832 718 2967 774 Non
3000 719 3344 788 explebitur
3369 721 3579 776 oculus

1925 808 2178 864 videndo
2199 810 2268 877 ’⁸,
2291 823 2488 881 neque
2509 824 2729 864 avarus
2759 807 3072 863 satiabitur
3093 807 3467 880 accipiendo.
3487 812 3576 864 ln«

1923 896 2128 952 fernus
2157 911 2279 952 non
2310 896 2476 959 dixit,
2505 897 2769 962 Sufﬁcit;
2813 911 3010 969 neque
3041 911 3262 952 avarus
3306 912 3579 969 unquam

1924 985 2091 1054 dixit,
2116 986 2345 1043 Sufﬁcit
2370 989 2443 1041 ³⁵.
2482 986 2884 1052 Quandonam
2923 985 3103 1041 uteris
3140 985 3581 1058 praesentibus?

1923 1075 2172 1146 quando
2202 1075 2295 1130 his
2328 1076 2539 1132 frueris
2561 1081 2645 1139 tu,
2677 1076 2782 1148 qui
2823 1090 3062 1148 semper
3082 1075 3339 1148 parandi
3369 1075 3579 1132 labore

1923 1165 2224 1221 detinearc
2241 1166 2268 1221 ?
2312 1167 2406 1222 Vae
2426 1166 2526 1237 qui
2548 1182 2806 1236 conjung
2819 1169 2924 1222 unt
2950 1167 3186 1221 domum
3215 1165 3294 1220 ad
3315 1165 3576 1234 domum,

1924 1260 1977 1310 et
1999 1269 2215 1322 agrum
2251 1255 2332 1310 ad
2361 1270 2570 1326 agrum
2599 1259 2982 1318 connectunt,
3005 1261 3067 1310 ut
3091 1270 3126 1310 a
3162 1256 3440 1324 proximo
3462 1256 3572 1311 ali-

1923 1345 2070 1414 quid
2099 1346 2387 1414 auferant
2411 1346 2569 1400 ²⁶,Τιι
2594 1361 2736 1400 vero
2767 1344 2914 1416 quid
2940 1343 3129 1400 facis?
3159 1348 3388 1399 Annon
3410 1343 3582 1400 iunu‘

1924 1448 2092 1488 mera
2130 1433 2498 1504 causaris,ut
2521 1448 2649 1488 rem
2690 1432 2951 1505 proximi
2981 1447 3238 1504 usurpes
3258 1433 3286 1487 ?
3315 1432 3469 1498 Mihi,
3493 1432 3581 1490 in-

1923 1521 2361 1594 quit,tenebras
2381 1522 2642 1578 offundit
2669 1522 2888 1578 domus
2909 1521 3328 1591 vicini,turbas
3343 1522 3580 1590 excitat,

1923 1615 2284 1670 auterrones
2305 1611 2584 1683 suscipit;
2602 1616 2705 1667 aut
2722 1611 2963 1667 tandem
2986 1609 3222 1682 quidvis
3254 1609 3416 1666 aliud
3433 1626 3582 1684 prae-

1853 1717 1893 1771 Β
1923 1705 2154 1775 texens,
2183 1701 2518 1772 exagitans,
2549 1701 2894 1770 extrudens,
2945 1701 3186 1756 trahens
3237 1715 3476 1773 semper
3512 1716 3584 1757 ac

1921 1791 2217 1859 lacerans,
2261 1806 2385 1846 non
2435 1791 2600 1864 prius
2630 1791 2816 1847 ﬁnem
2860 1789 3020 1861 facit,
3064 1805 3250 1862 quam
3284 1805 3424 1846 eum
3463 1789 3581 1848 alio

1922 1882 2182 1951 migrare
2209 1884 2487 1952 coegerit.
2519 1881 2674 1948 Quid
2704 1879 3041 1937 Nabutham
3091 1878 3457 1936 Jezraelitem
3490 1880 3582 1936 in-

1918 1973 2264 2029 teremit"?
2295 1975 2503 2028 Nonne
2555 1971 2854 2044 cupiditas
2900 1969 3146 2026 Achaab
3195 1970 3374 2026 vitem
3425 1969 3582 2027 illius

1920 2061 2411 2134 concupiscentis
2425 2062 2452 2118 ?
2473 2059 2934 2127 Avarus,malus
2958 2059 3016 2116 in
3047 2059 3218 2124 urbe,
3241 2059 3440 2116 malus
3459 2059 3584 2116 ruri

1918 2150 2152 2207 vicinus
2195 2155 2304 2207 est.
2338 2150 2507 2207 Novit
2537 2166 2702 2206 mare
2734 2149 3019 2206 terminos
3048 2164 3190 2204 suos
3218 2165 3231 2204 :
3262 2163 3384 2205 nox
3431 2149 3580 2206 anti-

1922 2255 2070 2312 quos
2096 2238 2318 2296 limites
2346 2239 2461 2295 sibi
2491 2239 2875 2312 praescriptos
2905 2253 3029 2294 non
3046 2237 3584 2306 transgreditur.At

1919 2345 2064 2385 vero
2085 2344 2302 2385 avarus
2322 2344 2445 2385 non
2471 2333 2708 2385 veretur
2736 2333 2996 2398 tempus,
3025 2341 3148 2382 non
3174 2325 3452 2396 agnoscit
3473 2329 3585 2382 ter-

1920 2419 2181 2488 minum,
2222 2418 2624 2476 successionis
2669 2417 2864 2474 ordini
2912 2433 3035 2473 non
3067 2416 3255 2484 cedit;
3285 2415 3392 2472 sed
3421 2415 3580 2487 ignis

1921 2509 2043 2565 vim
2065 2508 2352 2578 imitatur,
2384 2507 2614 2566 invadit
2641 2506 2870 2576 omnia,
2895 2505 3102 2562 omnia
3124 2504 3490 2577 depascitur.
3512 2505 3581 2560 Et

1922 2603 1988 2655 ut
2016 2599 2269 2656 ﬂumina
2293 2615 2364 2654 cx
2394 2613 2583 2670 parvo
2607 2597 2774 2652 initio
2796 2595 3087 2669 profecta,
3103 2594 3320 2650 deinde
3350 2609 3457 2667 per
3476 2608 3580 2650 eas

1923 2704 2057 2762 quae
2087 2687 2381 2761 paulatim
2411 2688 2566 2744 ﬁunt
2590 2686 2972 2744 accessiones
3003 2683 3454 2741 intolerabiliter
3476 2700 3579 2740 au-

1922 2781 2038 2846 cta,
2079 2777 2380 2850 quidquid
2405 2775 2637 2834 obsistit
2659 2780 2717 2832 et
2746 2774 3046 2847 objicitur,
3079 2773 3142 2830 id
3177 2773 3441 2830 violento
3466 2773 3578 2830 im-

1923 2871 2063 2939 petu
2084 2882 2289 2923 secum
2321 2867 2566 2923 trahunt
2595 2881 2608 2932 ;
2648 2865 2731 2922 ita
2760 2865 2940 2921 etiam
2988 2863 3156 2920 avari
3185 2861 3264 2920 ad
3285 2879 3578 2936 magnam

1921 2955 2252 3030 potentiam
2283 2955 2571 3028 provecti,
2604 2954 2708 3010 ubi
2735 2969 2806 3009 ex
2846 2954 2916 3009 iis
2963 2970 3116 3026 quos
3143 2951 3273 3024 jam
3313 2951 3581 3025 potentia

206 3044 367 3118 βιαίῳ
446 3054 548 3106 τῆς
613 3051 771 3118 φορᾶς
844 3049 902 3098 τὸ
980 3044 1305 3120 ἐνιστάμενον
1371 3049 1808 3122 παρασύρουσιν·

1924 3062 2033 3103 sua
2057 3060 2433 3118 oppressere,
2453 3043 2778 3100 inferendae
2808 3043 3040 3114 injuriae
3071 3043 3414 3099 facultatem
3444 3057 3577 3098 am-

203 3141 334 3188 οὗτω
373 3140 469 3188 καὶ
501 3137 553 3188 οἱ
581 3133 664 3188 ί·πὶ
689 3138 823 3208 μέγα
867 3143 962 3198 τῆς
1007 3133 1277 3210 δυνάμεως
1313 3136 1642 3213 προελθόντες
1681 3139 1809 3203 (21),

202 3225 256 3278 ἐκ
319 3234 426 3277 τῶν
494 3221 604 3283 ἤδη
671 3221 1258 3279 καταδυναστευθεντων
1326 3231 1420 3284 τὴν
1489 3233 1578 3278 τοῦ
1639 3225 1811 3277 πλεῖον

206 3312 408 3368 ἀδικεῖν
468 3311 695 3388 δύναμιν
741 3314 1243 3389 προσλαμϐάνοντες,
1288 3322 1396 3378 τοῖς
1443 3312 1811 3391 προηδικημέ-

201 3423 304 3467 νοις
365 3408 498 3467 τούς
555 3403 888 3476 λειπομένους
949 3401 1418 3470 καταδουλοῦνται,
1476 3409 1565 3457 καὶ
1615 3409 1813 3476 γίνεται

205 3494 384 3556 αὐτοῖς
417 3491 691 3566 δυνάμεως
722 3494 946 3556 αὔξησις
993 3496 1022 3552 ἡ
1078 3500 1358 3569 περιουσία
1398 3503 1494 3556 τῆς
1538 3493 1809 3569 πονηρίας.

207 3586 270 3635 Οἱ
308 3587 413 3658 γάρ
463 3584 882 3656 προπεπονθότες
927 3590 1117 3650 κακῶς,
1180 3585 1575 3658 ἠναγκασμένην
1637 3585 1815 3647 αὐτοῖς

201 3679 561 3745 παρεχόμενοι
612 3676 706 3730 τὴν
767 3670 1033 3743 βοήθειαν,
1082 3675 1174 3735 τάς
1218 3672 1336 3726 καθ’
1383 3673 1560 3747 ἐτέρων
1613 3669 1814 3748 βλάϐας

205 3782 290 3813 και
345 3757 569 3822 ἀδικίας
621 3770 1013 3816 συνεκπονοῡσι.
1067 3767 1221 3826 Ποῖος
1269 3764 1370 3836 γὰρ
1418 3767 1618 3835 γείτων,
1667 3772 1814 3828 ποῖος

199 3856 461 3918 σύνοικος,
520 3856 602 3912 τίς
657 3851 1011 3914 συναλλάκτης
1064 3852 1122 3904 ού
1185 3856 1584 3928 παρασύρεταη
1645 3851 1812 3908 Ούδεν

189 3943 484 4014 ὑφίσταται
535 3945 630 3998 τὴν
680 3939 799 4014 βίαν
852 3947 944 3994 τοῦ
992 3939 1216 3994 πλούτου
1245 3963 1257 3975 ·
1309 3942 1479 3996 πάντα
1526 3945 1812 3998 ύποκύπτει

189 4039 252 4103 τῇ
282 4025 594 4105 τυραννίδι,
628 4033 796 4082 πάντα
825 4031 1155 4089 ὑποπτήσσεί
1184 4035 1278 4090 τὴν
1329 4029 1639 4087 δυναστείαν
1671 4035 1809 4107 (22),

194 4120 410 4173 πλείονα
467 4120 624 4192 λόγον
672 4118 896 4172 ἑκάστου
943 4127 1042 4171 τῶν
1099 4115 1430 4194 ἠδικημένων
1479 4125 1692 4195 ἔχοντος
1738 4127 1809 4197 μὴ

187 4211 527 4283 προσ-παθεῖν
573 4227 624 4261 τι
665 4213 843 4276 κακὸν,
877 4209 906 4268 ἡ
961 4205 1116 4266 δίκην
1157 4209 1329 4263 λαϐεῖν
1369 4211 1494 4286 ὑπὲρ
1539 4220 1637 4264 τῶν
1687 4213 1812 4285 φθα-

196 4301 421 4352 σάντων.
457 4297 669 4370 Ἐπάγει
709 4301 777 4350 τά
824 4299 982 4370 ζεύγη
1028 4306 1126 4350 τῶν
1173 4297 1329 4372 βοῶν,
1363 4299 1602 4376 ἀροτριᾷ,
1647 4321 1810 4354 κατα-

199 4394 423 4464 σπείρει,
491 4387 684 4462 θερίζει
730 4389 797 4439 τά
845 4392 917 4460 μὴ
977 4393 1325 4464 προσήκοντα.
1377 4388 1492 4442 Ἐἀν
1544 4389 1810 4466 ἀντείπῃς,

196 4481 250 4530 αἱ
286 4477 517 4548 πληγαί·
564 4475 650 4529 ἐὰν
699 4473 887 4552 ὀδύρῃ,
941 4475 1136 4551 ὕϐρεων
1181 4483 1398 4554 γραφαὶ,
1443 4478 1708 4554 ἀγώγιμος
1746 4478 1808 4552 εἷ,

269 4632 319 4666 ²⁵
347 4627 545 4686 Eccle.
571 4644 612 4694 ι,
637 4633 690 4696 8,
768 4629 816 4666 ³³
839 4632 1012 4688 Prov.
1069 4645 1248 4702 xxvn,
1275 4635 1378 4701 20;
1410 4647 1547 4702 xxx,
1573 4635 1657 4690 l6.

270 4783 390 4859 (15)
426 4779 598 4859 (ΞΟΠ).
630 4780 863 4859 primus
890 4779 1100 4845 ἑαυτούς
1129 4783 1521 4859 καταρρήξωσι.

270 4858 391 4930 (ἑᾷ)
421 4855 592 4930 Reg.
634 4853 866 4930 primus
896 4853 1326 4930 Δκατεσκεύασας·
1384 4856 1533 4928 ὅσον)
1559 4853 1738 4930 βλέπει
1782 4857 1807 4908 ὁ

203 4925 504 5000 ἢθαλμὸςζ
515 4924 767 5000 τοσοῦτον
798 4924 1057 4998 ἐπιθυμεῖ.

269 4993 381 5066 (t7)
423 4993 575 5051 Editi
618 4993 1019 5070 πεπλανημένον.
1064 4996 1311 5070 Antiqui
1345 4997 1470 5056 duo
1499 4998 1636 5056 libri
1682 4997 1808 5052 ἁπο-

205 5065 548 5149 Ξὶπνεξμενον.
596 5066 708 5148 Alii
751 5065 1020 5149 quatuor
1055 5065 1385 5149 πλανώμενον
1428 5086 1442 5124 :
1497 5086 1621 5149 qua
1658 5085 1808 5149 voce

204 5137 604 5194 Combeﬁsius
642 5137 968 5207 signiﬁcari
999 5140 1123 5196 vult
1151 5137 1482 5198 haereticos.
1506 5137 1623 5198 Hic
1650 5143 1806 5198 enim

205 5209 413 5282 inquit.
460 5211 680 5264 Basilii
722 5216 915 5282 relate,
950 5213 1216 5267 vexandi
1237 5214 1584 5281 proximum
1613 5213 1808 5270 maxi-

207 5281 330 5357 ms
365 5287 722 5357 praetextas.
749 5281 1036 5357 Sericum
1068 5283 1348 5357 avarine
1384 5284 1809 5357 cogitat-equi-

207 5353 338 5436 dem
361 5353 438 5436 de
463 5352 758 5408 hmreticis
783 5351 937 5407 soliti
969 5353 1104 5435 sint,
1131 5353 1394 5436 arbitror.
1406 5351 1665 5436 intelligi
1697 5351 1808 5436 po-

208 5425 318 5495 tius
343 5424 564 5479 debere
588 5440 840 5480 errones
875 5439 902 5495 :7
921 5425 1025 5495 qui
1063 5441 1203 5480 cum
1229 5426 1520 5481 omnibus
1545 5424 1803 5482 homini-

209 5492 315 5550 bus
341 5495 537 5569 i_ntesti
569 5497 708 5569 sint,
747 5492 1082 5566 speciosam
1115 5497 1526 5569 conquerendi
1550 5513 1806 5569 causam

210 5567 396 5622 avaris
417 5565 529 5622 illis
557 5567 708 5623 dare
743 5565 1179 5638 poterantltlox
1208 5565 1366 5624 unus
1388 5585 1503 5624 ms.
1536 5567 1596 5620 ἂν
1621 5572 1800 5640 τύχοι.

1732 4633 1780 4670 ²⁶
1808 4636 1920 4692 Isa.
1953 4649 2008 4702 v,
2040 4635 2094 4688 8.

1920 3135 2171 3208 pliorem
2193 3133 2394 3206 adepti
2417 3137 2726 3201 sunt,tunc
2744 3131 3005 3204 reliquos
3027 3147 3151 3187 una
3167 3147 3306 3186 cum
3327 3129 3396 3185 iis
3421 3146 3577 3202 quos

1918 3225 2085 3299 prius
2114 3224 2335 3295 injuria
2359 3222 2633 3288 effecere,
2669 3220 2952 3291 redigunt
2977 3219 3040 3275 in
3079 3219 3446 3288 servitutem,
3488 3222 3576 3275 at-

1918 3331 2035 3388 que
2055 3313 2362 3387 potestatis
2388 3312 2830 3368 incrementum
2853 3310 2916 3366 (it
2945 3309 3090 3382 ipsis
3116 3308 3358 3365 occasio
3382 3307 3579 3380 major

1918 3402 2221 3476 nequitias.
2251 3404 2398 3459 Nam
2428 3401 2534 3474 qui
2562 3401 2732 3473 prius
2751 3399 3052 3456 damnum
3075 3413 3382 3470 accepere,
3410 3396 3578 3452 inviti

1917 3493 2084 3566 ipsos
2112 3492 2492 3562 adjuvantes,
2521 3490 2635 3562 ipsi
2673 3505 2916 3561 quoque
2942 3505 3131 3544 noxas
3179 3487 3311 3543 aliis
3338 3491 3394 3542 et
3418 3485 3576 3558 inju-

1919 3583 2038 3639 rias
2068 3583 2452 3646 accersunt.Q
2468 3580 2556 3634 uis
2579 3579 2740 3635 enim
2757 3577 3011 3648 vicinus,
3028 3577 3162 3650 quis
3180 3575 3580 3632 contuberna-

1918 3672 2012 3741 lis,
2032 3671 2168 3744 quis
2201 3687 2273 3727 ex
2298 3669 2383 3726 eis
2412 3668 2778 3741 quibuscum
2809 3667 3172 3722 commercia
3192 3665 3436 3736 habent,
3454 3679 3577 3721 non

1921 3759 2274 3818 attrahitur?
2295 3757 2449 3813 Nihil
2469 3756 2590 3812 vim
2612 3755 2864 3810 sustinet
2889 3753 3258 3822 divitiarum,
3275 3751 3578 3826 tyrannidi

1922 3850 2145 3907 cedunt
2169 3847 2393 3910 omnia,
2423 3845 2755 3919 potentiam
2786 3843 2994 3900 omnia
3040 3841 3403 3911 formidant;
3437 3857 3579 3898 cum

1921 3939 2339 4013 unusquisque
2385 3951 2596 3993 eorum
2635 3934 2742 4006 qui
2779 3934 2911 4006 jam
2942 3932 3162 4004 injuria
3189 3931 3385 3989 allecti
3417 3934 3576 4001 sunt,

1922 4029 2118 4101 magis
2145 4026 2435 4086 sollicitus
2462 4026 2647 4092 sit,ne
2679 4023 2826 4096 quid
2849 4021 2991 4078 mali
3012 4021 3258 4078 ulterius
3293 4019 3576 4093 patiatur,

1923 4135 2112 4194 quam
2141 4121 2206 4174 ut
2235 4117 2310 4173 de
2335 4115 2421 4172 eis
2461 4130 2596 4188 quae
2621 4129 2949 4186 perpessus
2979 4115 3085 4182 est,
3118 4109 3448 4167 vindictam
3476 4125 3577 4165 su-

1925 4213 2068 4267 mat.
2114 4207 2289 4264 Dives
2336 4205 2543 4262 incitat
2567 4203 2720 4276 juga
2765 4201 2975 4273 boum,
3021 4205 3172 4268 arat,
3213 4199 3372 4268 serit,
3414 4199 3582 4256 metit

1922 4314 2190 4357 messem
2242 4295 2321 4354 ad
2376 4310 2439 4350 se
2482 4309 2606 4350 non
2657 4291 3030 4348 attinentem.
3074 4289 3132 4344 Si
3175 4287 3579 4358 contradicas,

1920 4389 2114 4464 plagae
2141 4403 2154 4442 :
2190 4385 2241 4442 si
2271 4397 2666 4456 conquerare,
2685 4381 2880 4452 ageris
2904 4395 3042 4435 reus
3063 4377 3446 4450 injuriarum,
3480 4377 3584 4435 ad-

1921 4476 2138 4536 diceris
2159 4472 2446 4537 servituti,
2472 4468 2778 4528 habitabis
2805 4483 3111 4527 carcerem
3143 4479 3156 4525 :
3189 4466 3387 4541 parati
3407 4481 3578 4540 syco-

2170 4629 2214 4664 ιτ
2243 4625 2314 4682 Ill
2347 4627 2487 4696 Reg.
2523 4639 2635 4680 χχι.

1921 4778 2186 4857 Subinde
2212 4776 2391 4857 991b,
2417 4773 2625 4832 tertius
2656 4775 3202 4857 πρότερον-παύσεται.
3275 4840 3287 4856 ν
3352 4843 3362 4857 θ

1989 4853 2102 4924 (18)
2142 4849 2294 4906 Editi
2335 4851 2399 4924 _et
2443 4844 2722 4924 Sex_m§s.
2767 4844 3220 4924 τὸνΑΊρ-ραηλίτην
3247 4844 3573 4924 Emisti-frus.

1915 4911 2030 4982 Sed
2071 4911 2230 4978 recte
2276 4918 2590 4992 adnotavit
2630 4911 3050 4992 Combeﬁsius,
3104 4929 3215 4988 pro
3247 4911 3578 4992 Ἰσραηλίτην

1913 4981 2242 5066 legendum
2273 5007 2402 5066 esse
2435 4988 2804 5066 'l_a§,o«ul.itm.
2859 4981 3071 5044 Statim
3105 4981 3254 5041 mss.
3301 4981 3578 5039 nonnulli

1915 5062 2021 5140 ad}.
2051 5068 2080 5124 ἡ
2111 5063 2405 5140 109,_Edili
2426 5062 2717 5140 auxia-092

2010 5132 2092 5204 19)
2125 5135 2288 5194 Colb.
2323 5132 2536 5190 tertius
2554 5132 2671 5204 ὅρια
2697 5132 2904 5191 ἑαυτῆς.

2010 5142 2072 5193 19
2125 5140 2288 5194 Colb.
2323 5140 2536 5190 tertius
2554 5140 2671 5204 ὀρια
2697 5140 2904 5191 εαυτῆς.

2005 5140 2092 5279 20;
2124 5206 2290 5279 Coll).
2323 5204 2550 5279 primus
2591 5201 2690 5279 ἀπὸ
2720 5207 3002 5279 μικρᾶς...
3031 5195 3378 5279 λαμϐάνοντες
3405 5199 3522 5253 τήν.

1985 5266 2096 5352 (213
2145 5278 2266 5334 Col.
2319 5266 2523 5352 tertius
2576 5266 2846 5352 ούτοίκοίὶ
2899 5266 3232 5352 ρξιπλούσιοι
3283 5266 3336 5318 ἐκ
3384 5273 3577 5342 μικρᾶς

1904 5340 2185 5434 ’δυνάμεως
2209 5368 2301 5434 πρ.
2332 5345 2557 5402 Ibidem
2577 5342 2719 5398 editi
2735 5340 3121 5416 προσελθόντες.
3148 5344 3218 5396 At
3247 5355 3392 5396 mss.
3424 5340 3576 5395 ncn-

1912 5420 2064 5480 nulli
2093 5420 2448 5494 παρελθόντες.

1985 5496 2100 5565 (22)
2129 5482 2277 5548 Editi
2303 5486 2612 5541 δυναστείαν
2635 5485 2948 5542 αύτοῦΝΟΧ
2969 5482 3129 5537 αὑτοῦ
3151 5483 3319 5541 deest
3340 5483 3403 5540 in
3425 5498 3575 5540 mss.

1915 5566 2118 5622 multis
2133 5607 2145 5620 .
