4088 6194
522 264 637 320 295

1900 249 1959 307 S.
1999 244 2251 304 BASILII
2296 244 2515 302 MAGNI

3784 253 3888 308 296

520 387 788 462 phantaa,
809 380 914 456 qui
936 382 990 437 te
1018 378 1236 436 vocent
1263 376 1324 433 in
1356 374 1488 433 vitm
1520 374 1879 450 periculum.
1913 373 2178 462 Denique

2295 368 2521 433 οἰκήσεις
2582 373 2640 424 τό
2681 367 3048 448 δεσμοτὴριον,
3109 373 3159 425 οἴ
3225 373 3543 445 συκοφάνται
3608 373 3886 450 εύτρεπεῖς,

520 460 722 532 tecum
752 472 907 529 bene
947 473 1150 526 actum
1190 465 1461 540 putabis,
1503 464 1552 521 si
1590 465 1771 523 etiam
1797 462 1963 523 aliud
2000 460 2181 535 quid-

518 563 683 637 piam
703 559 997 633 adjiciens
1027 557 1122 614 his
1152 555 1441 611 molestiis
1468 554 1760 611 libereris.

593 658 646 711 6.
676 650 866 708 Velim
896 653 952 705 te
974 646 1052 703 ab
1074 644 1375 717 injustitize
1403 643 1691 717 operibus
1720 641 2040 717 paululum
2065 639 2181 713 58

519 741 837 815 respirare,
867 742 922 794 et
944 733 1410 807 cogitationibus
1432 733 1550 790 tuis
1581 733 1772 790 otium
1792 732 1958 803 dare,
1983 735 2181 787 tecum

520 836 587 888 ut
604 833 845 903 reputes
868 825 943 882 ad
970 840 1154 898 quem
1168 824 1351 880 tinem
1375 823 1643 881 studium
1660 822 1961 895 ejusmodi
1978 835 2180 883 rerum

518 918 749 976 tendat.
764 915 962 973 Habes
984 918 1067 970 tot
1083 912 1300 985 jugera
1319 918 1490 970 terras
1521 910 2045 981 arabilis,totidem
2070 914 2182 965 ter'

522 1024 605 1064 ree
635 1004 954 1063 arboribus
990 1003 1258 1070 consitae,
1286 998 2184 1073 montes,campos,saltus,ﬂu‘

516 1096 667 1163 vios,
698 1099 895 1168 prata.
920 1092 1072 1160 Quid
1091 1092 1275 1163 igitur
1296 1096 1432 1165 post
1457 1091 1585 1148 haec
1606 1091 1633 1146 ?
1664 1093 1874 1148 Nonne
1907 1095 2024 1145 tres
2054 1092 2182 1145 tan-

517 1188 644 1242 tum
660 1188 829 1241 terrae
850 1182 1036 1239 cubiti
1053 1187 1105 1238 te
1123 1182 1503 1253 exspectant?
1515 1184 1725 1237 Nonne
1747 1193 2083 1252 paucorum
2102 1177 2184 1235 la-

518 1273 730 1346 pidum
753 1289 909 1328 onus
940 1271 1161 1327 misero
1182 1270 1423 1342 corpori
1453 1268 1852 1327 custodiendo
1874 1268 1981 1324 erit
2002 1267 2183 1324 satis?

518 1361 700 1431 Cujus
719 1360 806 1417 rei
822 1359 1016 1430 gratia
1036 1358 1313 1414 laboras?
1335 1358 1423 1415 Ob
1442 1375 1629 1431 quam
1650 1374 1778 1414 rem
1800 1357 2005 1430 inique
2021 1356 2182 1427 agis?

518 1449 675 1517 Quid
707 1449 990 1505 manibus
1013 1446 1246 1518 colligis
1267 1446 1689 1504 infructuosa?
1724 1452 1912 1520 Atque
1949 1445 2180 1504 utinam

516 1537 917 1603 infructuosa,
948 1550 1073 1591 non
1101 1535 1417 1592 materiam
1441 1534 1567 1606 igni
1588 1540 1811 1592 aeterno
1837 1535 1849 1590 !
1876 1538 2029 1591 Num
2053 1539 2184 1591 tan-

516 1626 657 1682 dem
677 1624 989 1698 resipisces
1013 1624 1091 1679 ab
1111 1624 1225 1680 hac
1248 1623 1564 1680 ebrietate?
1581 1627 1734 1680 Num
1754 1623 2006 1696 recipies
2025 1628 2081 1680 te
2105 1622 2183 1679 ad

517 1713 820 1771 saniorem
844 1713 1150 1769 mentem?
1172 1714 1323 1769 Num
1346 1712 1430 1769 tui
1447 1712 1601 1784 juris
1621 1711 1837 1769 eris?N
1847 1729 1948 1768 um
1971 1710 2188 1769 Christi

511 1803 810 1876 judicium
831 1803 936 1859 tibi
961 1819 1151 1876 pones
1182 1802 1262 1859 ob
1301 1801 1512 1860 oculos
1532 1803 1560 1856 ‘?
1591 1804 1784 1869 Quam
1813 1803 2101 1860 allaturus
2121 1818 2185 1859 es

516 1891 1141 1958 excusationem,cum
1164 1890 1202 1947 ii
1228 1891 1335 1964 qui
1355 1891 1576 1963 injuria
1598 1891 1796 1947 affecti
1816 1892 2207 1963 fuerint,jam’

517 1981 571 2033 te
602 1976 1087 2045 circumstantes,
1119 1974 1448 2032 adversum
1495 1980 1551 2032 te
1595 1974 1952 2032 clamabunt
1981 1992 2186 2032 coram

515 2080 692 2134 aequo
709 2063 949 2136 judice?
973 2064 1126 2131 Quid
1148 2079 1292 2134 ergo
1322 2063 1505 2120 facies
1521 2064 1549 2118 ?
1569 2080 1726 2137 quos
1754 2065 2059 2122 conduces
2083 2080 2188 2137 pa-

516 2153 752 2211 tronos?
771 2169 929 2225 quos
945 2158 1119 2209 testes
1134 2152 1435 2227 produces
1454 2153 1481 2207 ?
1497 2152 1812 2225 quomodo
1835 2170 2185 2227 corrumpas

510 2241 915 2315 judicem,qui
934 2242 1117 2298 nullis
1144 2242 1379 2298 artibus
1401 2241 1598 2315 decipi
1617 2244 1856 2315 potest?
1874 2243 2081 2300 Nullus
2101 2242 2186 2300 ibi

515 2331 690 2387 adest
717 2330 918 2387 rhetor
942 2349 955 2400 ;
997 2346 1119 2386 non
1157 2334 1296 2387 sunt
1325 2331 1514 2387 verba
1532 2333 1829 2403 suasoria,
1856 2331 2078 2406 quibus
2092 2333 2184 2404 ju-

515 2420 664 2477 dicis
692 2419 915 2477 veritas
948 2419 1371 2477 circumveniri
1419 2420 1640 2492 possit;
1692 2436 1816 2478 non
1847 2427 2186 2495 sequuntur

515 2508 1018 2573 adulatores,non
1038 2508 1332 2582 pecuniae,
1356 2525 1480 2565 non
1499 2509 1690 2566 fastus
1719 2510 2061 2582 dignitatis:
2086 2512 2185 2568 de-

518 2603 711 2656 sertus
734 2598 812 2656 ab
843 2599 1073 2672 amicis,
1095 2598 1414 2655 destitutus
1435 2599 1793 2668 fautoribus,
1828 2600 1954 2657 sine
1980 2605 2183 2674 patro-

517 2687 855 2758 cinio,citra
875 2688 1550 2760 defensionem,pudore
1570 2688 2186 2762 suﬂususdeprehen-

515 2777 699 2847 deris,
715 2777 918 2847 tristis,
940 2781 1215 2846 moestus,
1233 2778 1558 2846 solitarius,
1583 2777 1807 2835 ﬁducia
1821 2795 1891 2835 ac
1914 2778 2185 2837 libertate

515 2866 808 2940 loquendi
835 2882 1070 2923 carens.
1095 2868 1486 2940 Quocumque
1515 2867 1678 2924 enim
1701 2874 2021 2926 convertes
2044 2884 2185 2927 ocu‘

2290 458 2362 520 εἰς
2399 463 2485 511 τὸν
2525 460 2650 536 ὑπὲρ
2694 468 2786 513 τοῦ
2846 461 2941 533 ζῇν
2989 456 3222 513 κὶνδονον
3265 462 3634 525 καθιστῶντες.
3662 463 3893 536 Ἀγαπη-

2293 566 2420 616 σεις,
2445 551 2534 600 καὶ
2564 541 2688 601 ἄλλο
2716 569 2769 602 τι
2797 545 3085 624 προσδοὺς,
3116 547 3457 622 ἀπηλλάχθαι
3476 554 3817 627 πραγμάτων.

2362 640 2414 693 6.
2443 636 2760 713 Ἐϐουλόμην
2804 657 2860 692 σε
2898 642 3085 715 μικρόν
3117 637 3434 693 ἀναπνεῦσαι
3479 649 3578 692 τῶν
3608 644 3767 715 ἔργων
3796 651 3895 706 τῆς

2293 722 2527 797 ἀδικίας,
2571 732 2659 780 καὶ
2709 724 2892 781 δοῦναι
2943 728 3144 802 σχολὴν
3186 736 3294 791 τοῖς
3337 738 3558 783 σεαυτοῦ
3595 730 3891 805 λογισμοῖς,

2291 814 2426 868 ὣστε
2471 814 2824 890 ἐνθυμηθῆναι
2866 822 2998 892 πρὸς
3044 819 3219 871 ὁποῖον
3268 823 3431 893 πέρας
3472 820 3502 878 ἡ
3551 817 3759 879 σπουδὴ
3790 830 3892 875 τῶν

2289 909 2566 977 γινομένων
2616 909 2925 959 πντέτατάι
2968 907 3101 980 (‘23).
3136 905 3314 979 Ἔχεις
3339 916 3441 979 γῆς
3496 905 3752 983 ἀροσίμου
3778 908 3899 963 πλέ-

2295 995 2393 1067 θρα
2421 999 2555 1047 τόσα
2594 1000 2683 1049 καὶ
2727 1000 2878 1065 τόσα,
2918 1005 3020 1070 γῆς
3047 1000 3433 1070 πεφυτευμένης
3460 1007 3693 1051 τοσαῦτα
3722 999 3894 1074 ἔτερα,

2292 1086 2408 1158 ὄρη,
2452 1080 2634 1153 πεδία,
2679 1087 2864 1153 νάπας,
2910 1089 3197 1159 ποταμοὺς,
3238 1082 3481 1149 λιϐάδας.
3526 1092 3590 1140 Τὶ
3631 1084 3719 1140 οὖν
3764 1092 3901 1161 μετά

2291 1181 2578 1241 τοσαῦτα;
2649 1174 2790 1246 Οὐχὶ
2848 1181 2985 1249 τρεῖς
3058 1194 3116 1228 σε
3171 1179 3370 1248 πήχεις
3434 1174 3773 1249 ἀναμένουσιν
3848 1180 3901 1230 οἱ

2290 1263 2515 1330 πάντες;
2559 1263 2705 1335 Οὐχὶ
2752 1264 2907 1317 λίθων
2950 1264 3135 1337 ὀλίγων
3182 1263 3347 1339 βάρος
3386 1264 3595 1339 ἀρκέσει
3635 1270 3761 1340 πρὸς
3803 1288 3902 1340 φυ-

2290 1349 2452 1410 λακὴν
2483 1359 2543 1425 τῇ
2580 1348 2828 1425 δυστήνῳ
2870 1358 3064 1427 σαρκὶ;
3105 1356 3239 1427 Υπὲρ
3288 1358 3426 1416 τίνος
3467 1357 3724 1428 μοχθεῖς;
3766 1358 3901 1431 ὑπὲρ

2292 1444 2431 1502 τίνος
2458 1450 2773 1517 παρανομεῖς
2796 1459 2810 1510 ;
2838 1447 2901 1495 Τί
2928 1442 3164 1505 συνάλεις
3200 1445 3391 1517 χερσὶν
3433 1442 3693 1519 ἀκαρπίαν
3719 1461 3732 1512 ;
3774 1447 3906 1499 Εἰθε

2294 1527 2647 1604 ἀκαρπίανκαὶ
2669 1535 2740 1604 μή
2775 1530 2900 1589 ύλην
2929 1540 3001 1604 τῷ
3028 1532 3218 1605 αἰωνίῳ
3247 1538 3377 1607 πυρί
3399 1532 3413 1589 Ξ
3443 1532 3519 1585 Oi}
3548 1532 3730 1605 νήφεις
3770 1539 3904 1588 ποτε

2293 1618 2397 1670 ἀπὸ
2435 1627 2531 1681 τῆς
2558 1622 2719 1693 μέθης
2748 1622 2981 1687 ταύτης;
3016 1620 3139 1693 Ούχ
3165 1622 3394 1692 ύγιανεῖς
3424 1626 3545 1685 τοὺς
3573 1622 3902 1697 λογισμούςς

2295 1707 2370 1759 Ού
2405 1716 2625 1761 σεαυτοῦ
2655 1713 2889 1783 Variam;
2937 1708 3013 1762 Ού
3051 1714 3152 1784 πρό
3201 1710 3474 1784 ὀφθαλμῶν
3517 1710 3658 1786 λήψῃ
3705 1716 3763 1764 τό
3803 1721 3907 1766 τοῦ

2293 1804 2530 1871 Χριστοῦ
2588 1793 2983 1872 δικαστήριον;
3053 1803 3117 1852 Τί
3170 1797 3502 1873 ἀπολογήσῃ,
3568 1798 3778 1854 ἐπειδάν
3843 1821 3911 1855 σε

2293 1884 2467 1960 κύκλῳ
2505 1888 2841 1962 περιστάντες
2878 1889 2928 1940 οἱ
2976 1884 3290 1962 ἠδικημένοι
3334 1888 3635 1942 καταϐοῶσί
3684 1910 3777 1943 σου
3806 1889 3907 1943 ἐπὶ

2293 1982 2385 2028 τοῦ
2440 1972 2650 2029 δικαίου
2709 1985 2929 2052 κριτοῦ;
2971 1982 3035 2030 Τί
3090 1974 3178 2031 οὖν
3231 1980 3347 2051 (2i)
3393 1984 3671 2047 ποιήσεις;
3712 1985 3912 2041 ποίους

2234 2124 2238 2137 1
2296 2068 2618 2139 συνηγόρους
2655 2067 2901 2140 μισθώσῃ
2932 2082 2945 2134 ;
2974 2070 3161 2129 παοίυς
3190 2070 3462 2142 μάρτυρας
3488 2075 3858 2144 παραστήσεις
3883 2086 3903 2136 ;

2293 2161 2405 2215 πῶς
2444 2160 2784 2229 παραπείσεις
2831 2159 2919 2208 τόν
2964 2154 3385 2230 ἀπαραλόγιστον
3433 2154 3732 2225 dixem-:6»;
3786 2159 3912 2211 Ούκ

2293 2244 2367 2294 ἔνι
2412 2242 2586 2320 ῥήτωρ
2644 2242 2747 2297 ἐκεῖ
2773 2265 2785 2278 -
2832 2245 2925 2296 ούκ
2970 2247 3042 2297 ἔνι
3088 2247 3376 2308 πιθανότης
3411 2248 3676 2321 ῥημάτων,
3709 2246 3914 2319 κλέψαι

2296 2326 2555 2404 δυναμένη
2600 2339 2692 2384 τοῦ
2741 2328 2998 2385 δικαστοῦ
3041 2337 3135 2392 τὴν
3185 2332 3428 2393 ἀλήθειαν
3464 2356 3475 2368 ·
3527 2335 3621 2387 ούκ
3669 2334 3909 2388 ἀκολου-

2295 2421 2476 2473 θοῦσιν
2504 2422 2552 2474 οἱ
2595 2420 2831 2488 κόλακες,
2866 2422 2925 2475 ού
2962 2424 3031 2476 τά
3075 2428 3352 2498 χρήματα,
3399 2425 3493 2477 ούκ
3541 2426 3567 2477 ό
3615 2429 3764 2497 ὄγκος
3804 2433 3913 2478 τοῦ

2297 2508 2591 2583 ἀξιώματος
2633 2531 2646 2545 ο
2711 2514 2904 2585 ἔρημος
2969 2512 3145 2586 φίλων,
3201 2516 3393 2588 ἔρημος
3454 2513 3681 2588 βοηθῶν,
3743 2514 3918 2568 ἀσυν-

2298 2603 2592 2674 ηγόρητος,
2664 2598 3109 2673 ἀναπολόγητοςί
3154 2608 3599 2678 κατησχυμμένος
3662 2605 3917 2681 παραλη-

2295 2690 2469 2762 φθὴση
2540 2689 2693 2762 (25),
2759 2691 3105 2764 σκυθρωπός,
3178 2697 3449 2766 κατηφὴς,
3516 2698 3908 2768 μεμονωμένος,

2295 2775 2749 2853 ἀπαρρησίαστος.
2777 2779 2946 2833 Ὅπου
2974 2782 3076 2856 γὰρ
3118 2779 3179 2833 ἃν
3221 2784 3552 2857 περιαγάγης
3588 2787 3675 2836 τόν
3707 2783 3914 2857 ὀφθαλ-

2293 2870 2410 2939 μὸν,
2475 2866 2705 2942 ἐναργεῖς
2766 2868 2883 2940 ὄψει
2939 2877 3039 2921 τῶν
3096 2878 3267 2923 κακῶν
3310 2874 3404 2934 τάς
3460 2875 3658 2936 εἰκόνας
3689 2893 3702 2907 ·
3760 2875 3914 2926 ἔνθεν

512 2952 794 3024 los,clara
815 2958 871 3011 et
890 2959 1101 3027 aperta
1120 2954 1459 3027 conspicies
1485 2956 1781 3013 scelerum
1798 2963 2181 3031 argumenta,

2295 2962 2384 3007 τοῦ
2420 2954 2646 3030 ὀρφανοῦ
2686 2959 2753 3009 τὰ
2782 2953 3009 3032 δάκρυα,
3052 2957 3243 3011 ἐκεῖθεν
3273 2968 3370 3022 τῆς
3395 2965 3575 3034 χήρας
3602 2965 3688 3014 τόν
3721 2981 3918 3015 στενα-

513 3042 655 3099 hinc
668 3042 879 3117 pupilli
892 3041 1387 3115 lacrymas,illiuc
1402 3044 1600 3101 viduae
1617 3046 2183 3118 gemitum,aliunde

515 3146 741 3201 egenos
770 3130 882 3188 abs
923 3136 977 3188 te
997 3133 1221 3204 pugnis
1251 3132 1504 3190 obtusos
1537 3151 1551 3190 :
1586 3149 1813 3206 servos,
1840 3152 1997 3209 quos
2032 3136 2183 3193 ceci-

515 3220 692 3277 disti:
725 3219 979 3291 vicinos,
1009 3236 1166 3293 quos
1188 3221 1267 3277 ad
1286 3221 1669 3280 iracundiam
1692 3225 2067 3296 provocasti:
2094 3226 2184 3283 in-

515 3310 766 3378 surgent
793 3306 1126 3364 adversum
1147 3313 1203 3364 te
1233 3311 1442 3366 omnia
1476 3325 1489 3362 :
1523 3314 1579 3366 te
1612 3315 1855 3367 tuarum
1874 3313 2184 3370 actionum

510 3395 819 3452 malarum
845 3396 1065 3453 chorus
1087 3412 1314 3469 pravus
1352 3398 1621 3471 stipabit.
1645 3400 2180 3465 Quemadmodum

514 3484 676 3542 enim
696 3485 915 3542 umbra
946 3502 1191 3560 corpus,
1234 3487 1320 3544 sic
1350 3493 1598 3560 peccata
1622 3489 1860 3547 animas
1890 3494 2183 3549 comitan-

515 3578 633 3642 tur,
668 3580 978 3645 gestorum
1001 3575 1325 3646 imaginem
1346 3577 1575 3635 claram
1596 3579 2015 3652 exprimentia.
2032 3583 2186 3649 Qua-

514 3668 761 3736 propter
790 3662 910 3719 illic
938 3665 1205 3735 negandi
1233 3680 1360 3722 non
1390 3671 1483 3722 est
1509 3666 1703 3740 locus,
1735 3669 1842 3725 sed
1867 3669 2184 3728 obturatur

514 3767 585 3807 os
606 3751 696 3808 vel
712 3751 1489 3825 impudentissimum.Nam
1508 3755 1645 3829 ipsa
1659 3757 1954 3831 cujusque
1974 3776 2179 3848 opera,

514 3856 639 3896 non
649 3842 901 3914 quidem
922 3858 1135 3900 vocem
1148 3845 1618 3916 emittentia,sed
1640 3847 1783 3905 talia
1798 3842 2178 3922 apparentia,

510 3929 717 4003 qualia
737 3930 799 3988 in
830 3932 1008 3989 nobis
1037 3938 1285 4006 peracta
1312 3940 1475 4006 sunt,
1504 3935 1703 3993 ferunt
1740 3927 2176 3998 testimonium.

516 4019 835 4085 Quomodo
866 4026 1078 4094 potero
1107 4022 1214 4079 tibi
1241 4022 1320 4079 ob
1364 4025 1578 4080 oculos
1607 4025 1915 4085 horrenda
1941 4028 2045 4087 illa
2067 4046 2178 4103 po-

513 4122 655 4164 nere
676 4108 703 4162 ?
733 4112 939 4183 Itaque
968 4109 1018 4165 si
1058 4110 1339 4182 audieris,
1384 4112 1434 4167 si
1470 4112 1750 4184 ﬂectaris,
1771 4117 2091 4186 recordare
2113 4118 2178 4174 il-

509 4195 625 4253 lius
645 4197 785 4269 diei,
805 4198 869 4254 in
889 4214 1012 4272 quo
1039 4202 1368 4257 Reveiatur
1387 4202 1484 4259 ira
1505 4204 1615 4260 Dei
1630 4204 1705 4261 de
1723 4208 1870 4263 creto
1887 4208 1955 4260 ’⁸.
1972 4208 2179 4266 Veniat

2291 3047 2444 3116 γμόν,
2512 3044 2749 3119 ἑτέρωθεν
2815 3048 2938 3108 τοὺς
3011 3044 3580 3112 κατακονδυλισθέντας
3646 3051 3746 3102 ὑπὸ
3808 3059 3918 3103 σοῦ

2292 3136 2517 3194 πένητας
2549 3154 2562 3167 ο
2609 3138 2731 3195 τοὺς
2769 3133 2993 3203 οἰκέτας,
3039 3136 3129 3199 οὓς
3166 3138 3460 3202 κατέξαινες
3492 3160 3505 3172 ·
3561 3142 3683 3201 τοὺς
3719 3142 3919 3210 γείτο-

2293 3241 2404 3288 νας,
2463 3221 2553 3285 ούς
2607 3224 2939 3298 παρώργιξες
2971 3245 2985 3259 ·
3045 3227 3217 3279 πάντα
3274 3247 3359 3279 σοι
3425 3225 3853 3287 ἐπαναστήσεται
3897 3248 3914 3261 ο

2293 3314 2519 3386 πονηρὸς
2573 3315 2739 3386 χορὸς
2792 3321 2893 3364 τῶν
2958 3319 3128 3366 κακῶν
3190 3334 3284 3368 σου
3349 3315 3580 3391 πράξεων
3636 3335 3918 3389 περιστοι-

2294 3405 2512 3473 χίσεταὶ
2543 3420 2601 3454 σε
2620 3402 2756 3473 (26).
2784 3400 2986 3477 Ὠσπερ
3022 3406 3124 3481 γὰρ
3165 3407 3195 3465 ἠ
3240 3407 3366 3458 σκιά
3394 3414 3466 3478 τῷ
3502 3412 3726 3480 σώματι,
3759 3405 3914 3459 οὓτω

2294 3485 2412 3551 ταῖς
2454 3489 2665 3562 ψυχαῖς
2714 3494 2768 3542 αἰ
2816 3489 3072 3567 ἁμαρτίαι
3122 3496 3461 3569 παρέπονται,
3513 3493 3734 3570 ἐναργῶς
3774 3495 3912 3567 (27)

2292 3576 2385 3640 τάς
2413 3578 2628 3653 πράξεις
2657 3576 3086 3642 ἐξεικονίζουσαι.
3120 3584 3216 3635 Διά
3243 3591 3396 3636 τοῦτο
3430 3583 3526 3637 ούκ
3554 3586 3694 3637 ἔστιν
3725 3584 3911 3656 ἄρνη-

2296 3687 2378 3729 σις
2430 3666 2550 3735 ἐκεῖ,
2612 3666 2717 3720 ἀλλ’
2762 3666 3120 3744 ἐμφράσσεται
3166 3674 3226 3724 τὸ
3275 3678 3445 3746 στόμα
3487 3677 3578 3725 καὶ
3631 3675 3689 3725 τὸ
3741 3670 3912 3725 ἀναί-

2294 3775 2547 3829 σχυντον.
2594 3756 2741 3809 Αύτὰ
2783 3760 2883 3833 γαρ
2935 3758 3158 3812 ἑκάστου
3205 3768 3598 3835 καταμαρτυρεῖ
3644 3763 3710 3814 τὰ
3749 3764 3912 3834 πρὰ-

2290 3864 2484 3919 γματα,
2536 3846 2595 3897 ού
2655 3849 2823 3919 φωνὴν
2882 3843 3113 3918 ἀφιέντα,
3165 3846 3293 3901 ἀλλά
3338 3857 3560 3903 τοιαῦτα
3616 3853 3916 3922 φαινόμενα

2291 3936 2377 3987 οἶα
2423 3933 2506 4007 ὑφ’
2554 3935 2701 4007 ἡμῶν
2751 3938 3187 3994 κατεσκεύασται,
3238 3944 3356 3999 Πῶς
3409 3958 3494 3992 σοι
3542 3934 3751 3996 δυνηθῶ
3806 3938 3911 3991 ὑπ’

2291 4022 2410 4095 ὄψιν
2454 4022 2665 4096 ἀγαγεῖν
2704 4025 2772 4076 τὰ
2797 4027 2988 4098 φρικτά
3017 4027 3171 4098 (28);
3205 4025 3321 4080 Ἐάν
3370 4029 3475 4100 ἄρα
3510 4025 3763 4103 ἀκούσης,
3809 4025 3913 4079 ἐάν

2289 4112 2392 4185 ἄρα
2418 4108 2597 4184 ἐνδῷς,
2625 4112 2892 4186 μνησθητι
2928 4122 3025 4176 τῆς
3074 4117 3270 4191 ἡμέρας
3318 4115 3515 4179 ἐκείνης
3562 4115 3610 4169 ἐν
3659 4118 3690 4175 ἧ
3737 4117 3915 4169 Ἀποο

2289 4199 2606 4254 καλύπτεται
2658 4200 2787 4276 ὀργὴ
2836 4210 2969 4256 Θεοῦ
3035 4202 3125 4256 ἀπ’
3174 4207 3414 4279 ούρανοῦ.
3464 4207 3744 4264 Μνὴσθητι
3798 4215 3918 4270 τῆς

512 4284 617 4341 tibi
634 4285 695 4341 in
719 4292 1007 4344 memtem
1030 4287 1329 4359 gloriosus
1343 4288 1640 4347 adventus
1663 4293 1897 4365 Christi;
1914 4311 2052 4353 cum
2068 4299 2179 4366 Qui

2295 4285 2503 4353 ἐνδόξου
2539 4296 2632 4342 τοῦ
2680 4298 2915 4366 Χριστοῦ
2958 4297 3253 4366 παρουσίας
3293 4294 3423 4365 (29),
3457 4296 3540 4347 ὅτε
3570 4293 3916 4353 ἀναστήσον-

512 4372 667 4432 bona
686 4378 1261 4450 cgerint,resz¢rgent
1282 4382 1345 4435 in
1365 4385 1863 4443 resurrectionem
1886 4389 2022 4444 vitae
2033 4400 2057 4460 ;
2074 4405 2179 4463 qui

512 4477 648 4519 vero
679 4467 931 4535 mala,in
962 4469 1459 4527 resurrectionem
1477 4471 1709 4540 judicii
1726 4475 1795 4532 ³ο.
1828 4478 1989 4533 Tunc
2014 4494 2178 4535 vere-

508 4550 733 4611 cundia
751 4558 975 4612 aeterna
991 4556 1517 4628 peccatoribus,Et
1532 4561 1689 4632 ignis
1711 4559 2174 4640 aamuialio,quze

588 4695 635 4731 ’⁸
667 4697 838 4753 Rom.
869 4712 908 4767 ι,
940 4697 1027 4756 18.
1105 4700 1153 4735 ²⁹
1180 4701 1352 4770 Joan,
1385 4716 1441 4771 v,
1471 4704 1563 4761 29.

583 4840 695 4918 (23)
748 4838 916 4918 Colb.
977 4839 1208 4915 primus
1259 4848 1536 4918 γινομένων
1587 4850 1948 4911 συντάττεται.
2004 4854 2170 4916 Coll).

514 4912 722 4987 tertius
764 4912 1124 4987 συντέτακται.
1157 4918 1228 4971 At
1258 4912 1434 4972 Coisl.
1463 4922 1519 4975 et
1559 4919 1658 4976 alii
1687 4921 1811 4980 duo
1847 4943 1992 4983 mss.
2035 4912 2174 4987 cum

512 4983 689 5039 editis
715 4988 1044 5052 συντέταται,
1075 4984 1253 5052 bene.

512 5055 698 5181 Infit)
734 5048 1038 5113 VOCUIaIn'
1071 5048 1156 5109 οὖν
1189 5056 1539 5117 addidimus
1576 5078 1648 5119 ex
1680 5066 1945 5141 antiquis
1982 5071 2174 5130 tribus

586 5166 875 5280 (2.5“).Editl
923 5202 981 5254 et
1030 5199 1195 5280 C911).
1225 5178 1435 5280 tertius
1478 5170 1925 5280 κάτησχυμμένος
1975 5212 2176 5269 ἀπολει-

514 5264 712 5351 τθήκσῄ,
728 5270 1253 5351 pudorem/[usus
1276 5264 1847 5351 reiinquerisvaoib.
1873 5264 2176 5344 secundus

515 5337 890 5422 ἀφυλὴφθῃεῃ.
956 5347 1042 5422 At
1061 5337 1234 5422 Coll).
1277 5337 1510 5422 primus
1555 5352 1613 5404 et
1654 5353 1817 5422 Regii
1866 5337 2200 5415 ιτὲῖῐεὲἶ-

513 5409 958 5534 ξὲἑιῖωῗίίιίοηθ
1002 5413 1179 5470 Basil.
1229 5409 1641 5493 πάραληφθήση,
1687 5409 2174 5500 ίίῖῃνοῖιὲῖιίίῖνῗὲ,

587 5551 706 5623 (26)
736 5550 878 5623 Reg.
911 5549 1147 5627 primus
1176 5561 1649 5635 περιστοιχήσεται
1682 5583 1785 5623 σοι.

2288 4398 2395 4433 ται.
2459 4381 2525 4431 Οἱ
2585 4381 2673 4452 μὲν
2749 4381 2816 4432 τὰ
2881 4379 3056 4453 ἀγαθὰ
3115 4382 3400 4456 πράξαντες
3465 4383 3538 4446 εἰς
3593 4382 3907 4440 ἀνάστασιν

2291 4469 2449 4536 ζωῆς,
2483 4471 2531 4522 οἱ
2581 4465 2641 4523 δὲ
2678 4472 2744 4523 τὰ
2791 4470 2960 4543 φαῦλα
3010 4491 3083 4534 εις
3126 4472 3415 4526 ἀνάστασιν
3472 4478 3711 4548 κρίσεως.
3762 4480 3914 4531 Τότε

2290 4558 2520 4631 αἰσχύνη
2576 4558 2781 4623 αἰώνιος
2826 4565 2937 4622 τοῖς
2983 4559 3328 4636 ἁμαρτωλοῖς,
3376 4567 3477 4616 Καὶ
3526 4567 3693 4639 πυρός
3732 4563 3911 4631 ζῆλος

2354 4864 2469 4942 (ΞῌἹ)
2503 4862 2690 4942 Editio
2712 4865 2899 4942 Raris.
2932 4870 2990 4924 et
3027 4863 3198 4942 Coll).
3234 4865 3441 4925 tertius
3471 4860 3716 4942 ἐναργῶς.
3759 4868 3915 4929 Edi-

2283 4936 2363 5014 ti‘o
2391 4936 2573 5014 Basil.
2610 4941 2667 4994 et
2694 4936 2927 5014 aliquot
2951 4954 3095 5014 mss.
3127 4937 3390 5014 ἐναργεῖς.
3433 4936 3566 4996 Mox"
3586 4936 3711 4996 duo
3735 4958 3914 5002 mss.

2435 5010 2756 5085 φράσσεται..
2774 5006 2938 5065 Alius
2954 5006 3334 5085 ﬁlaypérrsréi.

2356 5078 2477 5150 (28)
2497 5082 2638 5157 Reg.
2668 5078 2924 5157 ]:_)l'i[l1_\19_._
2945 5078 3158 5157 ἀγαγοῖν
3189 5084 3256 5134 τά
3285 5084 3477 5157 φρικτὰ
3505 5080 3688 5157 ἐκεῖνα.
3718 5085 3917 5144 Haud

2283 5149 2366 5228 ita
2395 5149 2586 5228 multo
2611 5149 2776 5228 infra
2802 5149 3235 5224 Colb.’primus
3259 5149 3387 5228 ὀργή
3418 5162 3572 5210 Θεοῦ.
3602 5156 3725 5210 Vox
3757 5161 3916 5211 Θεοῦ

2287 5221 2459 5278 abest
2483 5238 2520 5278 a
2543 5221 2835 5293 vulgatis.

2358 5296 2470 5370 (:29)
2502 5292 2693 5370 Edittb
2743 5293 2931 5370 Paris.
2961 5292 3254 5370 ΔΜνιίξσθητι
3292 5302 3387 5356 τῆς
3435 5297 3632 5369 ἡμέρας
3670 5294 3907 5370 ἐκείνης,

2289 5363 2394 5444 ἐν
2427 5364 2850 5444 ἀποκαλύπτεται
2890 5367 2920 5424 ἠ
2955 5361 3163 5427 ἔνδοξος
3204 5373 3297 5418 τοῦ
3338 5361 3571 5444 Χριστοῦ
3601 5361 3904 5441 παρουσίαξ

2288 5434 2482 5510 Editio
2506 5435 2681 5510 Basil.
2703 5440 2760 5492 et
2788 5440 3050 5510 quatuor
3078 5452 3224 5495 mss.
3248 5442 3314 5495 ut
3337 5434 3400 5494 iri
3421 5434 3725 5510 contextu,
3760 5439 3912 5501 bre-

2289 5506 2423 5563 vius
2446 5510 2502 5563 et
2532 5506 2765 5564 melius.
