  <div class='ocr_page' id='page_1' title='image "/cluster/home/n/w/nwhite01/storage/ocr_20150623/31/hvd.32044048272629/157.png"; bbox 0 0 4088 6194; ppageno 0'>
   <div class='ocr_carea' id='block_1_1' title="bbox 482 212 3944 305">
    <p class='ocr_par' dir='ltr' id='par_1_1' title="bbox 482 212 3944 305">
     <span class='ocr_line' id='line_1_1' title="bbox 482 212 3944 305; baseline 0.008 -28"><span class='ocrx_word' id='word_1_1' title='bbox 482 270 497 281; x_wconf 74' lang='lat'><strong>.</strong></span> <span class='ocrx_word' id='word_1_2' title='bbox 591 220 698 288; x_wconf 80' lang='lat'><strong>303</strong></span> <span class='ocrx_word' id='word_1_3' title='bbox 1432 212 1441 229; x_wconf 59' lang='grc'><strong><em>³</em></strong></span> <span class='ocrx_word' id='word_1_4' title='bbox 1968 220 2027 286; x_wconf 83' lang='lat' dir='ltr'><strong>S.</strong></span> <span class='ocrx_word' id='word_1_5' title='bbox 2067 222 2321 286; x_wconf 79' lang='lat' dir='ltr'><strong>BASILII</strong></span> <span class='ocrx_word' id='word_1_6' title='bbox 2355 228 2577 291; x_wconf 69' lang='lat' dir='ltr'><strong>IAGNI</strong></span> <span class='ocrx_word' id='word_1_7' title='bbox 3843 246 3944 305; x_wconf 69' lang='grc'><strong>304</strong></span> 
     </span>
    </p>
   </div>
   <div class='ocr_carea' id='block_1_2' title="bbox 590 351 2204 443">
    <p class='ocr_par' dir='ltr' id='par_1_2' title="bbox 590 351 2204 428">
     <span class='ocr_line' id='line_1_2' title="bbox 590 351 2204 428; baseline -0.001 -16"><span class='ocrx_word' id='word_1_8' title='bbox 590 357 884 412; x_wconf 90' lang='lat' dir='ltr'><strong>mentum.</strong></span> <span class='ocrx_word' id='word_1_9' title='bbox 908 351 1201 413; x_wconf 83' lang='lat' dir='ltr'><strong>Volebam</strong></span> <span class='ocrx_word' id='word_1_10' title='bbox 1226 354 1476 428; x_wconf 84' lang='lat' dir='ltr'><strong>quidem</strong></span> <span class='ocrx_word' id='word_1_11' title='bbox 1505 353 1706 412; x_wconf 91' lang='lat' dir='ltr'><strong>adhuc</strong></span> <span class='ocrx_word' id='word_1_12' title='bbox 1728 353 1946 424; x_wconf 82' lang='lat' dir='ltr'><strong>vivere,</strong></span> <span class='ocrx_word' id='word_1_13' title='bbox 1977 356 2037 411; x_wconf 87' lang='lat' dir='ltr'><strong>et</strong></span> <span class='ocrx_word' id='word_1_14' title='bbox 2056 351 2204 411; x_wconf 66' lang='lat' dir='ltr'><strong>iacui</strong></span> 
     </span>
    </p>
   </div>
   <div class='ocr_carea' id='block_1_3' title="bbox 2329 351 3943 443">
    <p class='ocr_par' dir='ltr' id='par_1_3' title="bbox 2357 356 3943 443">
     <span class='ocr_line' id='line_1_3' title="bbox 2357 356 3943 443; baseline 0.009 -35"><span class='ocrx_word' id='word_1_15' title='bbox 2357 356 2433 409; x_wconf 73' lang='grc' dir='ltr'>ἔτι</span> <span class='ocrx_word' id='word_1_16' title='bbox 2456 357 2572 429; x_wconf 79' lang='grc'><strong>49)</strong></span> <span class='ocrx_word' id='word_1_17' title='bbox 2603 358 2718 433; x_wconf 73' lang='grc' dir='ltr'>ζῇν,</span> <span class='ocrx_word' id='word_1_18' title='bbox 2745 364 2836 414; x_wconf 79' lang='grc' dir='ltr'>καὶ</span> <span class='ocrx_word' id='word_1_19' title='bbox 2884 359 3157 415; x_wconf 77' lang='grc' dir='ltr'><strong>ἀπολαύειν</strong></span> <span class='ocrx_word' id='word_1_20' title='bbox 3203 370 3303 416; x_wconf 88' lang='grc' dir='ltr'><strong>τῶν</strong></span> <span class='ocrx_word' id='word_1_21' title='bbox 3350 361 3597 437; x_wconf 71' lang='grc' dir='ltr'>ἅμαυτοῦ.</span> <span class='ocrx_word' id='word_1_22' title='bbox 3628 370 3712 438; x_wconf 82' lang='grc' dir='ltr'>Τῷ</span> <span class='ocrx_word' id='word_1_23' title='bbox 3752 368 3943 443; x_wconf 81' lang='grc' dir='ltr'>θανάτῳ</span> 
     </span>
    </p>
   </div>
   <div class='ocr_carea' id='block_1_4' title="bbox 590 441 2204 529">
    <p class='ocr_par' dir='ltr' id='par_1_4' title="bbox 590 442 2204 517">
     <span class='ocr_line' id='line_1_4' title="bbox 590 442 2204 517; baseline -0.002 -15"><span class='ocrx_word' id='word_1_24' title='bbox 590 445 817 503; x_wconf 88' lang='lat' dir='ltr'><strong>tatibus</strong></span> <span class='ocrx_word' id='word_1_25' title='bbox 858 444 1011 501; x_wconf 86' lang='lat' dir='ltr'><strong>meis</strong></span> <span class='ocrx_word' id='word_1_26' title='bbox 1052 446 1188 501; x_wconf 78' lang='lat' dir='ltr'><strong>frui.</strong></span> <span class='ocrx_word' id='word_1_27' title='bbox 1234 444 1436 502; x_wconf 77' lang='lat' dir='ltr'><strong>Gratia</strong></span> <span class='ocrx_word' id='word_1_28' title='bbox 1462 444 1665 517; x_wconf 90' lang='lat' dir='ltr'><strong>morti,</strong></span> <span class='ocrx_word' id='word_1_29' title='bbox 1697 460 1820 501; x_wconf 93' lang='lat' dir='ltr'><strong>non</strong></span> <span class='ocrx_word' id='word_1_30' title='bbox 1852 442 1976 500; x_wconf 85' lang='lat' dir='ltr'><strong>tibi.</strong></span> <span class='ocrx_word' id='word_1_31' title='bbox 2008 446 2159 501; x_wconf 87' lang='lat' dir='ltr'><strong>Nam</strong></span> <span class='ocrx_word' id='word_1_32' title='bbox 2190 460 2204 498; x_wconf 80' lang='grc' dir='ltr'><strong>ε</strong></span> 
     </span>
    </p>
   </div>
   <div class='ocr_carea' id='block_1_5' title="bbox 2333 441 3947 529">
    <p class='ocr_par' dir='ltr' id='par_1_5' title="bbox 2353 441 3947 529">
     <span class='ocr_line' id='line_1_5' title="bbox 2353 441 3947 529; baseline 0.008 -31"><span class='ocrx_word' id='word_1_33' title='bbox 2353 449 2538 520; x_wconf 87' lang='grc' dir='ltr'>χάρις,</span> <span class='ocrx_word' id='word_1_34' title='bbox 2583 448 2643 500; x_wconf 83' lang='grc' dir='ltr'><strong>ού</strong></span> <span class='ocrx_word' id='word_1_35' title='bbox 2695 454 2798 505; x_wconf 90' lang='grc' dir='ltr'>σοί.</span> <span class='ocrx_word' id='word_1_36' title='bbox 2835 451 2897 503; x_wconf 82' lang='grc' dir='ltr'><strong>Εἰ</strong></span> <span class='ocrx_word' id='word_1_37' title='bbox 2932 453 3034 524; x_wconf 76' lang='grc' dir='ltr'>γὰρ</span> <span class='ocrx_word' id='word_1_38' title='bbox 3066 447 3128 513; x_wconf 74' lang='grc' dir='ltr'>ἧς</span> <span class='ocrx_word' id='word_1_39' title='bbox 3173 449 3447 520; x_wconf 79' lang='grc' dir='ltr'>ἀθάνατος,</span> <span class='ocrx_word' id='word_1_40' title='bbox 3481 453 3574 507; x_wconf 83' lang='grc' dir='ltr'><strong>ούκ</strong></span> <span class='ocrx_word' id='word_1_41' title='bbox 3600 453 3660 507; x_wconf 81' lang='grc' dir='ltr'>ἂν</span> <span class='ocrx_word' id='word_1_42' title='bbox 3691 441 3947 529; x_wconf 67' lang='grc' dir='ltr'>ἐμνήσθης</span> 
     </span>
    </p>
   </div>
   <div class='ocr_carea' id='block_1_6' title="bbox 588 533 2202 622">
    <p class='ocr_par' dir='ltr' id='par_1_6' title="bbox 588 533 2202 609">
     <span class='ocr_line' id='line_1_6' title="bbox 588 533 2202 609; baseline -0.002 -16"><span class='ocrx_word' id='word_1_43' title='bbox 588 536 807 593; x_wconf 83' lang='lat' dir='ltr'><strong>fuisses</strong></span> <span class='ocrx_word' id='word_1_44' title='bbox 822 533 1202 604; x_wconf 79' lang='lat' dir='ltr'><strong>immortalis,</strong></span> <span class='ocrx_word' id='word_1_45' title='bbox 1217 550 1607 609; x_wconf 89' lang='lat' dir='ltr'><strong>nequaquam</strong></span> <span class='ocrx_word' id='word_1_46' title='bbox 1624 533 2004 592; x_wconf 86' lang='lat' dir='ltr'><strong>meminisses</strong></span> <span class='ocrx_word' id='word_1_47' title='bbox 2023 547 2202 606; x_wconf 61' lang='lat' dir='ltr'><strong>prece</strong></span> 
     </span>
    </p>
   </div>
   <div class='ocr_carea' id='block_1_7' title="bbox 2332 533 3946 622">
    <p class='ocr_par' dir='ltr' id='par_1_7' title="bbox 2353 536 3946 622">
     <span class='ocr_line' id='line_1_7' title="bbox 2353 536 3946 622; baseline 0.007 -33"><span class='ocrx_word' id='word_1_48' title='bbox 2353 545 2451 589; x_wconf 86' lang='grc' dir='ltr'><strong>τῶν</strong></span> <span class='ocrx_word' id='word_1_49' title='bbox 2506 536 2736 593; x_wconf 78' lang='grc' dir='ltr'>ἕντολῶν.</span> <span class='ocrx_word' id='word_1_50' title='bbox 2796 544 2882 599; x_wconf 75' lang='grc' dir='ltr'><strong>Μὴ</strong></span> <span class='ocrx_word' id='word_1_51' title='bbox 2949 540 3212 594; x_wconf 80' lang='grc' dir='ltr'><strong>πλανᾶσθε</strong></span> <span class='ocrx_word' id='word_1_52' title='bbox 3253 562 3267 576; x_wconf 79' lang='grc' dir='ltr'><strong>ο</strong></span> <span class='ocrx_word' id='word_1_53' title='bbox 3322 546 3453 604; x_wconf 82' lang='grc' dir='ltr'>Θεὸς</span> <span class='ocrx_word' id='word_1_54' title='bbox 3512 543 3572 595; x_wconf 86' lang='grc' dir='ltr'><strong>ού</strong></span> <span class='ocrx_word' id='word_1_55' title='bbox 3628 548 3946 622; x_wconf 74' lang='grc' dir='ltr'>μυκτηρίζε-</span> 
     </span>
    </p>
   </div>
   <div class='ocr_carea' id='block_1_8' title="bbox 587 620 2201 705">
    <p class='ocr_par' dir='ltr' id='par_1_8' title="bbox 587 624 2201 701">
     <span class='ocr_line' id='line_1_8' title="bbox 587 624 2201 701; baseline -0.002 -18"><span class='ocrx_word' id='word_1_56' title='bbox 587 630 850 701; x_wconf 88' lang='lat' dir='ltr'><strong>ptorum.</strong></span> <span class='ocrx_word' id='word_1_57' title='bbox 872 625 1078 683; x_wconf 76' lang='lat' dir='ltr'><strong>Nolite</strong></span> <span class='ocrx_word' id='word_1_58' title='bbox 1093 638 1333 681; x_wconf 83' lang='lat' dir='ltr'><strong>errare:</strong></span> <span class='ocrx_word' id='word_1_59' title='bbox 1352 626 1506 682; x_wconf 83' lang='lat' dir='ltr'><strong>Deus</strong></span> <span class='ocrx_word' id='word_1_60' title='bbox 1525 640 1647 681; x_wconf 83' lang='lat' dir='ltr'><strong>non</strong></span> <span class='ocrx_word' id='word_1_61' title='bbox 1665 625 1963 681; x_wconf 81' lang='lat' dir='ltr'><strong>irridetur</strong></span> <span class='ocrx_word' id='word_1_62' title='bbox 1976 624 2046 680; x_wconf 79' lang='grc'><strong>³⁵.</strong></span> <span class='ocrx_word' id='word_1_63' title='bbox 2069 624 2201 687; x_wconf 78' lang='lat' dir='ltr'><strong>Quo</strong></span> 
     </span>
    </p>
   </div>
   <div class='ocr_carea' id='block_1_9' title="bbox 2332 620 3946 705">
    <p class='ocr_par' dir='ltr' id='par_1_9' title="bbox 2350 620 3946 705">
     <span class='ocr_line' id='line_1_9' title="bbox 2350 620 3946 705; baseline 0.007 -28"><span class='ocrx_word' id='word_1_64' title='bbox 2350 644 2457 681; x_wconf 89' lang='grc' dir='ltr'>ται.</span> <span class='ocrx_word' id='word_1_65' title='bbox 2507 630 2703 700; x_wconf 61' lang='lat' dir='ltr'><strong>Nmpe»</strong></span> <span class='ocrx_word' id='word_1_66' title='bbox 2760 628 2832 692; x_wconf 84' lang='grc' dir='ltr'><strong>εἰς</strong></span> <span class='ocrx_word' id='word_1_67' title='bbox 2889 630 3266 703; x_wconf 73' lang='grc' dir='ltr'><strong>θυσιαστήριον</strong></span> <span class='ocrx_word' id='word_1_68' title='bbox 3311 630 3406 683; x_wconf 75' lang='grc' dir='ltr'>οὐκ</span> <span class='ocrx_word' id='word_1_69' title='bbox 3462 629 3709 705; x_wconf 76' lang='grc' dir='ltr'>ἀνάγεται</span> <span class='ocrx_word' id='word_1_70' title='bbox 3743 655 3756 668; x_wconf 81' lang='lat'><strong>-</strong></span> <span class='ocrx_word' id='word_1_71' title='bbox 3806 620 3946 697; x_wconf 49' lang='lat' dir='ltr'><strong>{dm</strong></span> 
     </span>
    </p>
   </div>
   <div class='ocr_carea' id='block_1_10' title="bbox 588 711 2202 797">
    <p class='ocr_par' dir='ltr' id='par_1_10' title="bbox 588 711 2202 785">
     <span class='ocr_line' id='line_1_10' title="bbox 588 711 2202 785; baseline -0.002 -12"><span class='ocrx_word' id='word_1_72' title='bbox 588 720 898 773; x_wconf 88' lang='lat' dir='ltr'><strong>mortuum</strong></span> <span class='ocrx_word' id='word_1_73' title='bbox 927 718 1039 777; x_wconf 88' lang='lat' dir='ltr'><strong>est,</strong></span> <span class='ocrx_word' id='word_1_74' title='bbox 1070 713 1134 769; x_wconf 91' lang='lat' dir='ltr'><strong>id</strong></span> <span class='ocrx_word' id='word_1_75' title='bbox 1179 714 1253 771; x_wconf 90' lang='lat' dir='ltr'><strong>ad</strong></span> <span class='ocrx_word' id='word_1_76' title='bbox 1297 714 1484 770; x_wconf 89' lang='lat' dir='ltr'><strong>altare</strong></span> <span class='ocrx_word' id='word_1_77' title='bbox 1529 729 1654 771; x_wconf 92' lang='lat' dir='ltr'><strong>non</strong></span> <span class='ocrx_word' id='word_1_78' title='bbox 1697 713 2055 785; x_wconf 81' lang='lat' dir='ltr'><strong>adducitur;</strong></span> <span class='ocrx_word' id='word_1_79' title='bbox 2091 711 2202 769; x_wconf 83' lang='lat' dir='ltr'><strong>affe</strong></span> 
     </span>
    </p>
   </div>
   <div class='ocr_carea' id='block_1_11' title="bbox 2336 711 3950 797">
    <p class='ocr_par' dir='ltr' id='par_1_11' title="bbox 2348 718 3950 797">
     <span class='ocr_line' id='line_1_11' title="bbox 2348 718 3950 797; baseline 0.006 -29"><span class='ocrx_word' id='word_1_80' title='bbox 2348 720 2658 789; x_wconf 73' lang='grc' dir='ltr'>προσένεγκε</span> <span class='ocrx_word' id='word_1_81' title='bbox 2717 722 2811 776; x_wconf 74' lang='grc' dir='ltr'>τὴν</span> <span class='ocrx_word' id='word_1_82' title='bbox 2879 720 3087 775; x_wconf 79' lang='grc' dir='ltr'>θυσίαν.</span> <span class='ocrx_word' id='word_1_83' title='bbox 3144 718 3202 772; x_wconf 81' lang='grc' dir='ltr'><strong>Ὀ</strong></span> <span class='ocrx_word' id='word_1_84' title='bbox 3260 718 3314 772; x_wconf 70' lang='grc' dir='ltr'>ἐκ</span> <span class='ocrx_word' id='word_1_85' title='bbox 3381 728 3473 773; x_wconf 83' lang='grc' dir='ltr'>τοῦ</span> <span class='ocrx_word' id='word_1_86' title='bbox 3536 726 3950 797; x_wconf 85' lang='grc' dir='ltr'>περισσεύματος</span> 
     </span>
    </p>
   </div>
   <div class='ocr_carea' id='block_1_12' title="bbox 586 800 2200 883">
    <p class='ocr_par' dir='ltr' id='par_1_12' title="bbox 586 800 2200 876">
     <span class='ocr_line' id='line_1_12' title="bbox 586 800 2200 876; baseline -0.003 -15"><span class='ocrx_word' id='word_1_87' title='bbox 586 805 895 863; x_wconf 77' lang='lat' dir='ltr'><strong>victimam</strong></span> <span class='ocrx_word' id='word_1_88' title='bbox 923 802 1247 860; x_wconf 87' lang='lat' dir='ltr'><strong>viventem.</strong></span> <span class='ocrx_word' id='word_1_89' title='bbox 1278 802 1408 860; x_wconf 89' lang='lat' dir='ltr'><strong>Non</strong></span> <span class='ocrx_word' id='word_1_90' title='bbox 1436 803 1772 860; x_wconf 86' lang='lat' dir='ltr'><strong>admittitur</strong></span> <span class='ocrx_word' id='word_1_91' title='bbox 1789 803 1897 876; x_wconf 89' lang='lat' dir='ltr'><strong>qui</strong></span> <span class='ocrx_word' id='word_1_92' title='bbox 1919 817 1993 858; x_wconf 81' lang='lat' dir='ltr'><strong>ex</strong></span> <span class='ocrx_word' id='word_1_93' title='bbox 2020 800 2200 858; x_wconf 68' lang='lat' dir='ltr'><strong>reduc</strong></span> 
     </span>
    </p>
   </div>
   <div class='ocr_carea' id='block_1_13' title="bbox 2332 800 3946 883">
    <p class='ocr_par' dir='ltr' id='par_1_13' title="bbox 2347 803 3946 883">
     <span class='ocr_line' id='line_1_13' title="bbox 2347 803 3946 883; baseline 0.007 -28"><span class='ocrx_word' id='word_1_94' title='bbox 2347 807 2651 881; x_wconf 72' lang='grc' dir='ltr'><strong>προσφέρων</strong></span> <span class='ocrx_word' id='word_1_95' title='bbox 2705 803 3084 882; x_wconf 81' lang='grc' dir='ltr'>ἀπρόσδεκτος.</span> <span class='ocrx_word' id='word_1_96' title='bbox 3134 811 3201 861; x_wconf 87' lang='grc' dir='ltr'>Σύ</span> <span class='ocrx_word' id='word_1_97' title='bbox 3250 804 3310 862; x_wconf 62' lang='grc' dir='ltr'>δὲ</span> <span class='ocrx_word' id='word_1_98' title='bbox 3362 811 3398 862; x_wconf 82' lang='grc' dir='ltr'>ὀί</span> <span class='ocrx_word' id='word_1_99' title='bbox 3447 812 3579 883; x_wconf 85' lang='grc' dir='ltr'>μετὰ</span> <span class='ocrx_word' id='word_1_100' title='bbox 3631 818 3805 865; x_wconf 86' lang='grc' dir='ltr'>πᾶσαν</span> <span class='ocrx_word' id='word_1_101' title='bbox 3850 819 3946 873; x_wconf 80' lang='grc' dir='ltr'>τήν</span> 
     </span>
    </p>
   </div>
   <div class='ocr_carea' id='block_1_14' title="bbox 587 892 2201 975">
    <p class='ocr_par' dir='ltr' id='par_1_14' title="bbox 587 894 2201 966">
     <span class='ocr_line' id='line_1_14' title="bbox 587 894 2201 966; baseline -0.003 -14"><span class='ocrx_word' id='word_1_102' title='bbox 587 894 755 952; x_wconf 82' lang='lat' dir='ltr'><strong>danti</strong></span> <span class='ocrx_word' id='word_1_103' title='bbox 783 894 976 950; x_wconf 75' lang='lat' dir='ltr'><strong>offert.</strong></span> <span class='ocrx_word' id='word_1_104' title='bbox 1017 895 1100 949; x_wconf 87' lang='lat' dir='ltr'><strong>Tu</strong></span> <span class='ocrx_word' id='word_1_105' title='bbox 1127 907 1272 949; x_wconf 90' lang='lat' dir='ltr'><strong>vero</strong></span> <span class='ocrx_word' id='word_1_106' title='bbox 1300 908 1439 965; x_wconf 68' lang='lat' dir='ltr'><strong>quae</strong></span> <span class='ocrx_word' id='word_1_107' title='bbox 1483 898 1624 966; x_wconf 90' lang='lat' dir='ltr'><strong>post</strong></span> <span class='ocrx_word' id='word_1_108' title='bbox 1667 897 1943 949; x_wconf 77' lang='lat' dir='ltr'><strong>exactam</strong></span> <span class='ocrx_word' id='word_1_109' title='bbox 1989 906 2201 947; x_wconf 71' lang='lat' dir='ltr'><strong>omnes</strong></span> 
     </span>
    </p>
   </div>
   <div class='ocr_carea' id='block_1_15' title="bbox 2333 892 3947 975">
    <p class='ocr_par' dir='ltr' id='par_1_15' title="bbox 2349 892 3947 975">
     <span class='ocr_line' id='line_1_15' title="bbox 2349 892 3947 975; baseline 0.007 -30"><span class='ocrx_word' id='word_1_110' title='bbox 2349 892 2488 954; x_wconf 74' lang='grc' dir='ltr'>ζωὴν</span> <span class='ocrx_word' id='word_1_111' title='bbox 2536 893 2873 969; x_wconf 70' lang='grc' dir='ltr'>ἐπερίσσευσε</span> <span class='ocrx_word' id='word_1_112' title='bbox 2896 938 2910 964; x_wconf 91' lang='grc'><strong>,</strong></span> <span class='ocrx_word' id='word_1_113' title='bbox 2969 904 3139 950; x_wconf 79' lang='grc' dir='ltr'>ταῦτα</span> <span class='ocrx_word' id='word_1_114' title='bbox 3187 901 3501 973; x_wconf 71' lang='grc' dir='ltr'>προσφέρεις</span> <span class='ocrx_word' id='word_1_115' title='bbox 3556 908 3629 972; x_wconf 80' lang='grc' dir='ltr'>τῷ</span> <span class='ocrx_word' id='word_1_116' title='bbox 3687 900 3947 975; x_wconf 69' lang='grc' dir='ltr'>εὐεργέτῃ.</span> 
     </span>
    </p>
   </div>
   <div class='ocr_carea' id='block_1_16' title="bbox 584 963 2198 1061">
    <p class='ocr_par' dir='ltr' id='par_1_16' title="bbox 584 963 2198 1057">
     <span class='ocr_line' id='line_1_16' title="bbox 584 963 2198 1057; baseline -0.004 -16"><span class='ocrx_word' id='word_1_117' title='bbox 584 985 770 1041; x_wconf 87' lang='lat' dir='ltr'><strong>vitam</strong></span> <span class='ocrx_word' id='word_1_118' title='bbox 798 984 1243 1057; x_wconf 86' lang='lat' dir='ltr'><strong>superfuerunt,</strong></span> <span class='ocrx_word' id='word_1_119' title='bbox 1263 963 1444 1038; x_wconf 69' lang='lat' dir='ltr'><strong>oiiers</strong></span> <span class='ocrx_word' id='word_1_120' title='bbox 1472 963 1745 1039; x_wconf 80' lang='lat' dir='ltr'><strong>beneﬁca</strong></span> <span class='ocrx_word' id='word_1_121' title='bbox 1772 980 2058 1053; x_wconf 91' lang='lat' dir='ltr'><strong>largitori.</strong></span> <span class='ocrx_word' id='word_1_122' title='bbox 2093 980 2198 1037; x_wconf 71' lang='lat' dir='ltr'><strong>Hos</strong></span> 
     </span>
    </p>
   </div>
   <div class='ocr_carea' id='block_1_17' title="bbox 2341 963 3955 1061">
    <p class='ocr_par' dir='ltr' id='par_1_17' title="bbox 2346 982 3955 1061">
     <span class='ocr_line' id='line_1_17' title="bbox 2346 982 3955 1061; baseline 0.004 -25"><span class='ocrx_word' id='word_1_123' title='bbox 2346 982 2408 1036; x_wconf 84' lang='grc' dir='ltr'>Εἰ</span> <span class='ocrx_word' id='word_1_124' title='bbox 2455 983 2514 1035; x_wconf 76' lang='grc' dir='ltr'><strong>ού</strong></span> <span class='ocrx_word' id='word_1_125' title='bbox 2561 983 2754 1057; x_wconf 77' lang='grc' dir='ltr'>τολμᾷς</span> <span class='ocrx_word' id='word_1_126' title='bbox 2805 984 2861 1037; x_wconf 75' lang='grc' dir='ltr'>ἐκ</span> <span class='ocrx_word' id='word_1_127' title='bbox 2900 993 3001 1037; x_wconf 87' lang='grc' dir='ltr'><strong>τῶν</strong></span> <span class='ocrx_word' id='word_1_128' title='bbox 3056 984 3309 1057; x_wconf 64' lang='grc' dir='ltr'>λειψάνων</span> <span class='ocrx_word' id='word_1_129' title='bbox 3337 995 3434 1049; x_wconf 81' lang='grc' dir='ltr'>τῆς</span> <span class='ocrx_word' id='word_1_130' title='bbox 3477 989 3741 1061; x_wconf 73' lang='grc' dir='ltr'><strong>τραπέζης</strong></span> <span class='ocrx_word' id='word_1_131' title='bbox 3774 986 3955 1054; x_wconf 79' lang='grc' dir='ltr'>δεξιὼ-</span> 
     </span>
    </p>
   </div>
   <div class='ocr_carea' id='block_1_18' title="bbox 585 1069 2199 1149">
    <p class='ocr_par' dir='ltr' id='par_1_18' title="bbox 585 1069 2199 1149">
     <span class='ocr_line' id='line_1_18' title="bbox 585 1069 2199 1149; baseline -0.004 -18"><span class='ocrx_word' id='word_1_132' title='bbox 585 1076 737 1149; x_wconf 86' lang='lat' dir='ltr'><strong>pites</strong></span> <span class='ocrx_word' id='word_1_133' title='bbox 766 1073 1025 1129; x_wconf 86' lang='lat' dir='ltr'><strong>illustres</strong></span> <span class='ocrx_word' id='word_1_134' title='bbox 1050 1086 1122 1128; x_wconf 91' lang='lat' dir='ltr'><strong>ac</strong></span> <span class='ocrx_word' id='word_1_135' title='bbox 1142 1070 1337 1126; x_wconf 89' lang='lat' dir='ltr'><strong>claros</strong></span> <span class='ocrx_word' id='word_1_136' title='bbox 1364 1070 1417 1126; x_wconf 89' lang='lat' dir='ltr'><strong>si</strong></span> <span class='ocrx_word' id='word_1_137' title='bbox 1436 1085 1561 1127; x_wconf 91' lang='lat' dir='ltr'><strong>non</strong></span> <span class='ocrx_word' id='word_1_138' title='bbox 1590 1069 1782 1126; x_wconf 86' lang='lat' dir='ltr'><strong>audes</strong></span> <span class='ocrx_word' id='word_1_139' title='bbox 1801 1069 2051 1142; x_wconf 87' lang='lat' dir='ltr'><strong>reliquis</strong></span> <span class='ocrx_word' id='word_1_140' title='bbox 2071 1084 2199 1125; x_wconf 87' lang='lat' dir='ltr'><strong>men</strong></span> 
     </span>
    </p>
   </div>
   <div class='ocr_carea' id='block_1_19' title="bbox 2340 1069 3954 1149">
    <p class='ocr_par' dir='ltr' id='par_1_19' title="bbox 2348 1070 3954 1149">
     <span class='ocr_line' id='line_1_19' title="bbox 2348 1070 3954 1149; baseline 0.004 -25"><span class='ocrx_word' id='word_1_141' title='bbox 2348 1074 2547 1125; x_wconf 89' lang='grc' dir='ltr'>σασθαι</span> <span class='ocrx_word' id='word_1_142' title='bbox 2591 1077 2715 1135; x_wconf 82' lang='grc' dir='ltr'>τοὺς</span> <span class='ocrx_word' id='word_1_143' title='bbox 2756 1070 3015 1141; x_wconf 73' lang='grc' dir='ltr'>ἐνδόξους,</span> <span class='ocrx_word' id='word_1_144' title='bbox 3056 1084 3168 1137; x_wconf 87' lang='grc' dir='ltr'><strong>πῶς</strong></span> <span class='ocrx_word' id='word_1_145' title='bbox 3210 1072 3298 1128; x_wconf 76' lang='grc' dir='ltr'>οὖν</span> <span class='ocrx_word' id='word_1_146' title='bbox 3344 1075 3538 1149; x_wconf 77' lang='grc' dir='ltr'>τολμᾷς</span> <span class='ocrx_word' id='word_1_147' title='bbox 3584 1080 3671 1129; x_wconf 86' lang='grc' dir='ltr'><strong>τόν</strong></span> <span class='ocrx_word' id='word_1_148' title='bbox 3711 1082 3839 1131; x_wconf 89' lang='grc' dir='ltr'>Θεὸν</span> <span class='ocrx_word' id='word_1_149' title='bbox 3895 1078 3954 1132; x_wconf 77' lang='grc' dir='ltr'>ἐκ</span> 
     </span>
    </p>
   </div>
   <div class='ocr_carea' id='block_1_20' title="bbox 585 1158 2199 1240">
    <p class='ocr_par' dir='ltr' id='par_1_20' title="bbox 585 1158 2199 1236">
     <span class='ocr_line' id='line_1_20' title="bbox 585 1158 2199 1236; baseline -0.005 -14"><span class='ocrx_word' id='word_1_150' title='bbox 585 1181 667 1221; x_wconf 63' lang='lat' dir='ltr'><strong>sae</strong></span> <span class='ocrx_word' id='word_1_151' title='bbox 698 1163 993 1236; x_wconf 84' lang='lat' dir='ltr'><strong>excipere,</strong></span> <span class='ocrx_word' id='word_1_152' title='bbox 1024 1160 1337 1234; x_wconf 91' lang='lat' dir='ltr'><strong>quomodo</strong></span> <span class='ocrx_word' id='word_1_153' title='bbox 1366 1158 1555 1217; x_wconf 89' lang='lat' dir='ltr'><strong>audes</strong></span> <span class='ocrx_word' id='word_1_154' title='bbox 1588 1162 1771 1216; x_wconf 89' lang='lat' dir='ltr'><strong>Deum</strong></span> <span class='ocrx_word' id='word_1_155' title='bbox 1813 1158 2082 1232; x_wconf 87' lang='lat' dir='ltr'><strong>reliquiis</strong></span> <span class='ocrx_word' id='word_1_156' title='bbox 2121 1158 2199 1214; x_wconf 89' lang='lat' dir='ltr'><strong>tui</strong></span> 
     </span>
    </p>
   </div>
   <div class='ocr_carea' id='block_1_21' title="bbox 2314 1158 3928 1240">
    <p class='ocr_par' dir='ltr' id='par_1_21' title="bbox 2345 1160 3928 1240">
     <span class='ocr_line' id='line_1_21' title="bbox 2345 1160 3928 1240; baseline 0.005 -28"><span class='ocrx_word' id='word_1_157' title='bbox 2345 1170 2443 1213; x_wconf 90' lang='grc' dir='ltr'><strong>τῶν</strong></span> <span class='ocrx_word' id='word_1_158' title='bbox 2472 1161 2724 1233; x_wconf 70' lang='grc' dir='ltr'>λειψάνων</span> <span class='ocrx_word' id='word_1_159' title='bbox 2772 1162 3131 1231; x_wconf 74' lang='grc' dir='ltr'>ἕξιλεοῡσθαι;</span> <span class='ocrx_word' id='word_1_160' title='bbox 3166 1160 3333 1218; x_wconf 82' lang='grc' dir='ltr'>Ἴδετε</span> <span class='ocrx_word' id='word_1_161' title='bbox 3379 1167 3437 1218; x_wconf 88' lang='grc' dir='ltr'><strong>τό</strong></span> <span class='ocrx_word' id='word_1_162' title='bbox 3490 1165 3631 1228; x_wconf 77' lang='grc' dir='ltr'>τέλος</span> <span class='ocrx_word' id='word_1_163' title='bbox 3678 1174 3773 1229; x_wconf 81' lang='grc' dir='ltr'>τῆς</span> <span class='ocrx_word' id='word_1_164' title='bbox 3811 1168 3928 1240; x_wconf 73' lang='grc' dir='ltr'>φιλο</span> 
     </span>
    </p>
   </div>
   <div class='ocr_carea' id='block_1_22' title="bbox 580 1247 2194 1331">
    <p class='ocr_par' dir='ltr' id='par_1_22' title="bbox 580 1247 2194 1331">
     <span class='ocr_line' id='line_1_22' title="bbox 580 1247 2194 1331; baseline -0.007 -18"><span class='ocrx_word' id='word_1_165' title='bbox 580 1256 822 1331; x_wconf 88' lang='lat' dir='ltr'><strong>placare</strong></span> <span class='ocrx_word' id='word_1_166' title='bbox 841 1253 870 1309; x_wconf 87' lang='lat'><strong>?</strong></span> <span class='ocrx_word' id='word_1_167' title='bbox 897 1251 1122 1317; x_wconf 87' lang='lat' dir='ltr'><strong>Videte,</strong></span> <span class='ocrx_word' id='word_1_168' title='bbox 1145 1248 1578 1318; x_wconf 88' lang='lat' dir='ltr'><strong>divites,ﬁnem</strong></span> <span class='ocrx_word' id='word_1_169' title='bbox 1600 1248 1887 1309; x_wconf 67' lang='lat' dir='ltr'><strong>avaritiae.</strong></span> <span class='ocrx_word' id='word_1_170' title='bbox 1910 1253 1968 1305; x_wconf 90' lang='lat' dir='ltr'><strong>et</strong></span> <span class='ocrx_word' id='word_1_171' title='bbox 1985 1247 2194 1303; x_wconf 82' lang='lat' dir='ltr'><strong>desinit</strong></span> 
     </span>
    </p>
   </div>
   <div class='ocr_carea' id='block_1_23' title="bbox 2340 1247 3954 1331">
    <p class='ocr_par' dir='ltr' id='par_1_23' title="bbox 2344 1251 3954 1330">
     <span class='ocr_line' id='line_1_23' title="bbox 2344 1251 3954 1330; baseline 0.006 -29"><span class='ocrx_word' id='word_1_172' title='bbox 2344 1256 2671 1323; x_wconf 82' lang='grc' dir='ltr'>χρηματίας,</span> <span class='ocrx_word' id='word_1_173' title='bbox 2701 1251 2750 1304; x_wconf 85' lang='grc' dir='ltr'>οἰ</span> <span class='ocrx_word' id='word_1_174' title='bbox 2794 1252 3057 1320; x_wconf 82' lang='grc' dir='ltr'>πλούσιοι,</span> <span class='ocrx_word' id='word_1_175' title='bbox 3089 1258 3178 1307; x_wconf 83' lang='grc' dir='ltr'>καὶ</span> <span class='ocrx_word' id='word_1_176' title='bbox 3225 1256 3503 1307; x_wconf 79' lang='grc' dir='ltr'>παύσασθε</span> <span class='ocrx_word' id='word_1_177' title='bbox 3545 1252 3788 1328; x_wconf 80' lang='grc' dir='ltr'>ἐμπαθῶς</span> <span class='ocrx_word' id='word_1_178' title='bbox 3816 1260 3954 1330; x_wconf 79' lang='grc' dir='ltr'>πρὸς</span> 
     </span>
    </p>
   </div>
   <div class='ocr_carea' id='block_1_24' title="bbox 581 1336 2195 1420">
    <p class='ocr_par' dir='ltr' id='par_1_24' title="bbox 581 1336 2195 1420">
     <span class='ocr_line' id='line_1_24' title="bbox 581 1336 2195 1420; baseline -0.006 -19"><span class='ocrx_word' id='word_1_179' title='bbox 581 1342 853 1420; x_wconf 87' lang='lat' dir='ltr'><strong>pecuniis</strong></span> <span class='ocrx_word' id='word_1_180' title='bbox 901 1339 1160 1396; x_wconf 81' lang='lat' dir='ltr'><strong>studere.</strong></span> <span class='ocrx_word' id='word_1_181' title='bbox 1213 1339 1342 1403; x_wconf 86' lang='lat' dir='ltr'><strong>Quo</strong></span> <span class='ocrx_word' id='word_1_182' title='bbox 1395 1337 1593 1407; x_wconf 87' lang='lat' dir='ltr'><strong>magis</strong></span> <span class='ocrx_word' id='word_1_183' title='bbox 1635 1336 1875 1393; x_wconf 88' lang='lat' dir='ltr'><strong>divitias</strong></span> <span class='ocrx_word' id='word_1_184' title='bbox 1921 1352 2112 1409; x_wconf 88' lang='lat' dir='ltr'><strong>amas,</strong></span> <span class='ocrx_word' id='word_1_185' title='bbox 2163 1352 2195 1392; x_wconf 90' lang='lat' dir='ltr'><strong>e</strong></span> 
     </span>
    </p>
   </div>
   <div class='ocr_carea' id='block_1_25' title="bbox 2342 1336 3956 1420">
    <p class='ocr_par' dir='ltr' id='par_1_25' title="bbox 2345 1337 3956 1415">
     <span class='ocr_line' id='line_1_25' title="bbox 2345 1337 3956 1415; baseline 0.004 -24"><span class='ocrx_word' id='word_1_186' title='bbox 2345 1341 2411 1392; x_wconf 76' lang='grc' dir='ltr'><strong>τὰ</strong></span> <span class='ocrx_word' id='word_1_187' title='bbox 2455 1345 2713 1415; x_wconf 77' lang='grc' dir='ltr'>χρήματα</span> <span class='ocrx_word' id='word_1_188' title='bbox 2764 1337 3100 1414; x_wconf 84' lang='grc' dir='ltr'>διακείμενοι·</span> <span class='ocrx_word' id='word_1_189' title='bbox 3152 1341 3299 1414; x_wconf 56' lang='lat' dir='ltr'><strong>&quot;Oa-rp</strong></span> <span class='ocrx_word' id='word_1_190' title='bbox 3356 1342 3695 1415; x_wconf 75' lang='grc' dir='ltr'>φιλόπλουτος</span> <span class='ocrx_word' id='word_1_191' title='bbox 3736 1341 3798 1412; x_wconf 83' lang='grc' dir='ltr'>εἷ,</span> <span class='ocrx_word' id='word_1_192' title='bbox 3853 1365 3956 1398; x_wconf 88' lang='grc' dir='ltr'>το-</span> 
     </span>
    </p>
   </div>
   <div class='ocr_carea' id='block_1_26' title="bbox 581 1425 2195 1506">
    <p class='ocr_par' dir='ltr' id='par_1_26' title="bbox 581 1425 2193 1503">
     <span class='ocr_line' id='line_1_26' title="bbox 581 1425 2193 1503; baseline -0.006 -12"><span class='ocrx_word' id='word_1_193' title='bbox 581 1433 777 1503; x_wconf 88' lang='lat' dir='ltr'><strong>magis</strong></span> <span class='ocrx_word' id='word_1_194' title='bbox 801 1428 948 1487; x_wconf 89' lang='lat' dir='ltr'><strong>nihil</strong></span> <span class='ocrx_word' id='word_1_195' title='bbox 976 1444 1050 1485; x_wconf 85' lang='lat' dir='ltr'><strong>ex</strong></span> <span class='ocrx_word' id='word_1_196' title='bbox 1070 1428 1139 1483; x_wconf 90' lang='lat' dir='ltr'><strong>iis</strong></span> <span class='ocrx_word' id='word_1_197' title='bbox 1165 1443 1303 1500; x_wconf 63' lang='lat' dir='ltr'><strong>quae</strong></span> <span class='ocrx_word' id='word_1_198' title='bbox 1344 1426 1640 1499; x_wconf 88' lang='lat' dir='ltr'><strong>possides,</strong></span> <span class='ocrx_word' id='word_1_199' title='bbox 1671 1425 2000 1499; x_wconf 83' lang='lat' dir='ltr'><strong>relinquas.</strong></span> <span class='ocrx_word' id='word_1_200' title='bbox 2021 1425 2193 1484; x_wconf 89' lang='lat' dir='ltr'><strong>Omni</strong></span> 
     </span>
    </p>
   </div>
   <div class='ocr_carea' id='block_1_27' title="bbox 2332 1425 3946 1506">
    <p class='ocr_par' dir='ltr' id='par_1_27' title="bbox 2347 1427 3946 1506">
     <span class='ocr_line' id='line_1_27' title="bbox 2347 1427 3946 1506; baseline 0.004 -26"><span class='ocrx_word' id='word_1_201' title='bbox 2347 1432 2516 1501; x_wconf 85' lang='grc' dir='ltr'>σούτῳ</span> <span class='ocrx_word' id='word_1_202' title='bbox 2562 1429 2751 1503; x_wconf 83' lang='grc' dir='ltr'>μᾶλλον</span> <span class='ocrx_word' id='word_1_203' title='bbox 2803 1427 2968 1502; x_wconf 68' lang='grc' dir='ltr'>μηδὲν</span> <span class='ocrx_word' id='word_1_204' title='bbox 3026 1429 3274 1505; x_wconf 71' lang='grc' dir='ltr'>ὑπολείπῃ</span> <span class='ocrx_word' id='word_1_205' title='bbox 3325 1432 3437 1502; x_wconf 80' lang='grc'><strong>(50)</strong></span> <span class='ocrx_word' id='word_1_206' title='bbox 3490 1440 3589 1484; x_wconf 82' lang='grc' dir='ltr'><strong>τῶν</strong></span> <span class='ocrx_word' id='word_1_207' title='bbox 3642 1438 3946 1506; x_wconf 85' lang='grc' dir='ltr'>προσόντων</span> 
     </span>
    </p>
   </div>
   <div class='ocr_carea' id='block_1_28' title="bbox 581 1515 2195 1595">
    <p class='ocr_par' dir='ltr' id='par_1_28' title="bbox 581 1515 2195 1590">
     <span class='ocr_line' id='line_1_28' title="bbox 581 1515 2195 1590; baseline -0.004 -11"><span class='ocrx_word' id='word_1_208' title='bbox 581 1536 829 1581; x_wconf 89' lang='lat' dir='ltr'><strong>assume</strong></span> <span class='ocrx_word' id='word_1_209' title='bbox 876 1518 1003 1587; x_wconf 87' lang='lat' dir='ltr'><strong>tibi,</strong></span> <span class='ocrx_word' id='word_1_210' title='bbox 1029 1521 1281 1589; x_wconf 80' lang='lat' dir='ltr'><strong>experta</strong></span> <span class='ocrx_word' id='word_1_211' title='bbox 1330 1516 1558 1584; x_wconf 91' lang='lat' dir='ltr'><strong>omnia,</strong></span> <span class='ocrx_word' id='word_1_212' title='bbox 1589 1515 1802 1573; x_wconf 87' lang='lat' dir='ltr'><strong>alienis</strong></span> <span class='ocrx_word' id='word_1_213' title='bbox 1841 1531 1916 1573; x_wconf 91' lang='lat' dir='ltr'><strong>ne</strong></span> <span class='ocrx_word' id='word_1_214' title='bbox 1962 1516 2195 1590; x_wconf 89' lang='lat' dir='ltr'><strong>relinqu</strong></span> 
     </span>
    </p>
   </div>
   <div class='ocr_carea' id='block_1_29' title="bbox 2337 1515 3951 1595">
    <p class='ocr_par' dir='ltr' id='par_1_29' title="bbox 2347 1518 3951 1595">
     <span class='ocr_line' id='line_1_29' title="bbox 2347 1518 3951 1595; baseline 0.002 -25"><span class='ocrx_word' id='word_1_215' title='bbox 2347 1536 2450 1572; x_wconf 90' lang='grc' dir='ltr'>σοι.</span> <span class='ocrx_word' id='word_1_216' title='bbox 2504 1520 2681 1571; x_wconf 90' lang='grc' dir='ltr'>Πάντα</span> <span class='ocrx_word' id='word_1_217' title='bbox 2728 1527 2949 1571; x_wconf 75' lang='grc' dir='ltr'>σεαυτοῦ</span> <span class='ocrx_word' id='word_1_218' title='bbox 2993 1524 3235 1590; x_wconf 78' lang='grc' dir='ltr'>ποίησαι,</span> <span class='ocrx_word' id='word_1_219' title='bbox 3287 1521 3460 1572; x_wconf 87' lang='grc' dir='ltr'>πάντα</span> <span class='ocrx_word' id='word_1_220' title='bbox 3501 1518 3827 1593; x_wconf 73' lang='grc' dir='ltr'>ἕπικόμισαι,</span> <span class='ocrx_word' id='word_1_221' title='bbox 3871 1527 3951 1595; x_wconf 76' lang='grc' dir='ltr'>μὴ</span> 
     </span>
    </p>
   </div>
   <div class='ocr_carea' id='block_1_30' title="bbox 578 1605 2192 1681">
    <p class='ocr_par' dir='ltr' id='par_1_30' title="bbox 578 1605 2192 1679">
     <span class='ocr_line' id='line_1_30' title="bbox 578 1605 2192 1679; baseline -0.004 -12"><span class='ocrx_word' id='word_1_222' title='bbox 578 1610 839 1667; x_wconf 88' lang='lat' dir='ltr'><strong>divitias.</strong></span> <span class='ocrx_word' id='word_1_223' title='bbox 865 1610 1140 1664; x_wconf 86' lang='lat' dir='ltr'><strong>Fortasse</strong></span> <span class='ocrx_word' id='word_1_224' title='bbox 1173 1609 1374 1661; x_wconf 89' lang='lat' dir='ltr'><strong>autem</strong></span> <span class='ocrx_word' id='word_1_225' title='bbox 1403 1610 1457 1661; x_wconf 90' lang='lat' dir='ltr'><strong>te</strong></span> <span class='ocrx_word' id='word_1_226' title='bbox 1488 1619 1565 1661; x_wconf 89' lang='lat' dir='ltr'><strong>ne</strong></span> <span class='ocrx_word' id='word_1_227' title='bbox 1591 1605 1941 1678; x_wconf 87' lang='lat' dir='ltr'><strong>cooperient</strong></span> <span class='ocrx_word' id='word_1_228' title='bbox 1980 1605 2192 1679; x_wconf 78' lang='lat' dir='ltr'><strong>quidet</strong></span> 
     </span>
    </p>
   </div>
   <div class='ocr_carea' id='block_1_31' title="bbox 2343 1605 3957 1681">
    <p class='ocr_par' dir='ltr' id='par_1_31' title="bbox 2343 1606 3957 1681">
     <span class='ocr_line' id='line_1_31' title="bbox 2343 1606 3957 1681; baseline 0.004 -23"><span class='ocrx_word' id='word_1_229' title='bbox 2343 1606 2635 1681; x_wconf 68' lang='grc' dir='ltr'>καταλίπῃς</span> <span class='ocrx_word' id='word_1_230' title='bbox 2681 1606 2969 1681; x_wconf 77' lang='grc' dir='ltr'>ἀλλοτρίοις</span> <span class='ocrx_word' id='word_1_231' title='bbox 3016 1612 3104 1660; x_wconf 90' lang='grc' dir='ltr'><strong>τόν</strong></span> <span class='ocrx_word' id='word_1_232' title='bbox 3146 1608 3386 1664; x_wconf 66' lang='grc' dir='ltr'>πλοῦτον.</span> <span class='ocrx_word' id='word_1_233' title='bbox 3419 1610 3578 1681; x_wconf 85' lang='grc' dir='ltr'>Τάχα</span> <span class='ocrx_word' id='word_1_234' title='bbox 3616 1606 3677 1662; x_wconf 83' lang='grc' dir='ltr'>δέ</span> <span class='ocrx_word' id='word_1_235' title='bbox 3725 1629 3782 1664; x_wconf 92' lang='grc' dir='ltr'><strong>σε</strong></span> <span class='ocrx_word' id='word_1_236' title='bbox 3823 1608 3957 1665; x_wconf 66' lang='grc' dir='ltr'>οὐδὲ</span> 
     </span>
    </p>
   </div>
   <div class='ocr_carea' id='block_1_32' title="bbox 576 1694 2190 1773">
    <p class='ocr_par' dir='ltr' id='par_1_32' title="bbox 576 1694 2190 1765">
     <span class='ocr_line' id='line_1_32' title="bbox 576 1694 2190 1765; baseline -0.004 -8"><span class='ocrx_word' id='word_1_237' title='bbox 576 1698 788 1758; x_wconf 81' lang='lat' dir='ltr'><strong>famuli</strong></span> <span class='ocrx_word' id='word_1_238' title='bbox 813 1702 1080 1754; x_wconf 81' lang='lat' dir='ltr'><strong>extremo</strong></span> <span class='ocrx_word' id='word_1_239' title='bbox 1103 1711 1175 1751; x_wconf 87' lang='lat' dir='ltr'><strong>ac</strong></span> <span class='ocrx_word' id='word_1_240' title='bbox 1197 1694 1435 1751; x_wconf 85' lang='lat' dir='ltr'><strong>funebri</strong></span> <span class='ocrx_word' id='word_1_241' title='bbox 1462 1698 1702 1760; x_wconf 89' lang='lat' dir='ltr'><strong>ornatu,</strong></span> <span class='ocrx_word' id='word_1_242' title='bbox 1717 1694 1824 1751; x_wconf 91' lang='lat' dir='ltr'><strong>sed</strong></span> <span class='ocrx_word' id='word_1_243' title='bbox 1844 1694 2190 1765; x_wconf 82' lang='lat' dir='ltr'><strong>denegabur</strong></span> 
     </span>
    </p>
   </div>
   <div class='ocr_carea' id='block_1_33' title="bbox 2339 1694 3953 1773">
    <p class='ocr_par' dir='ltr' id='par_1_33' title="bbox 2343 1695 3953 1773">
     <span class='ocr_line' id='line_1_33' title="bbox 2343 1695 3953 1773; baseline 0.002 -24"><span class='ocrx_word' id='word_1_244' title='bbox 2343 1695 2734 1769; x_wconf 77' lang='grc' dir='ltr'>περιστελοῡσιν</span> <span class='ocrx_word' id='word_1_245' title='bbox 2784 1698 2899 1765; x_wconf 72' lang='lat' dir='ltr'><strong>(Si)</strong></span> <span class='ocrx_word' id='word_1_246' title='bbox 2946 1699 2997 1749; x_wconf 81' lang='grc' dir='ltr'>οἱ</span> <span class='ocrx_word' id='word_1_247' title='bbox 3038 1699 3238 1750; x_wconf 77' lang='grc' dir='ltr'>οἰκέται</span> <span class='ocrx_word' id='word_1_248' title='bbox 3282 1706 3356 1769; x_wconf 81' lang='grc' dir='ltr'>τῷ</span> <span class='ocrx_word' id='word_1_249' title='bbox 3410 1697 3685 1770; x_wconf 77' lang='grc' dir='ltr'>τελευταίῳ</span> <span class='ocrx_word' id='word_1_250' title='bbox 3740 1703 3953 1773; x_wconf 84' lang='grc' dir='ltr'>κόσμῳ,</span> 
     </span>
    </p>
   </div>
   <div class='ocr_carea' id='block_1_34' title="bbox 576 1782 2190 1862">
    <p class='ocr_par' dir='ltr' id='par_1_34' title="bbox 576 1782 2190 1860">
     <span class='ocr_line' id='line_1_34' title="bbox 576 1782 2190 1860; baseline -0.006 -13"><span class='ocrx_word' id='word_1_251' title='bbox 576 1786 921 1860; x_wconf 83' lang='lat' dir='ltr'><strong>exsequias,</strong></span> <span class='ocrx_word' id='word_1_252' title='bbox 948 1784 1204 1856; x_wconf 87' lang='lat' dir='ltr'><strong>jamjam</strong></span> <span class='ocrx_word' id='word_1_253' title='bbox 1233 1782 1581 1839; x_wconf 78' lang='lat' dir='ltr'><strong>haeredibus</strong></span> <span class='ocrx_word' id='word_1_254' title='bbox 1624 1782 1864 1855; x_wconf 87' lang='lat' dir='ltr'><strong>placere</strong></span> <span class='ocrx_word' id='word_1_255' title='bbox 1901 1783 2190 1840; x_wconf 79' lang='lat' dir='ltr'><strong>studente:</strong></span> 
     </span>
    </p>
   </div>
   <div class='ocr_carea' id='block_1_35' title="bbox 2341 1782 3955 1862">
    <p class='ocr_par' dir='ltr' id='par_1_35' title="bbox 2344 1782 3955 1862">
     <span class='ocr_line' id='line_1_35' title="bbox 2344 1782 3955 1862; baseline 0.004 -26"><span class='ocrx_word' id='word_1_256' title='bbox 2491 1783 2877 1857; x_wconf 75' lang='grc' dir='ltr'>ἀφοσιώσονται</span> <span class='ocrx_word' id='word_1_257' title='bbox 2923 1790 3017 1844; x_wconf 71' lang='grc' dir='ltr'>τὴν</span> <span class='ocrx_word' id='word_1_258' title='bbox 3069 1791 3256 1858; x_wconf 64' lang='grc' dir='ltr'>ταφὴν,</span> <span class='ocrx_word' id='word_1_259' title='bbox 3297 1794 3407 1848; x_wconf 88' lang='grc' dir='ltr'>τοῖς</span> <span class='ocrx_word' id='word_1_260' title='bbox 3444 1786 3785 1862; x_wconf 74' lang='grc' dir='ltr'>κληρονόμοις</span> <span class='ocrx_word' id='word_1_261' title='bbox 3833 1788 3955 1842; x_wconf 89' lang='grc' dir='ltr'>λοι-</span> 
     </span>
    </p>
   </div>
   <div class='ocr_carea' id='block_1_36' title="bbox 576 1870 2190 1947">
    <p class='ocr_par' dir='ltr' id='par_1_36' title="bbox 576 1870 2190 1944">
     <span class='ocr_line' id='line_1_36' title="bbox 576 1870 2190 1944; baseline -0.004 -12"><span class='ocrx_word' id='word_1_262' title='bbox 576 1879 691 1933; x_wconf 82' lang='lat' dir='ltr'><strong>Aut</strong></span> <span class='ocrx_word' id='word_1_263' title='bbox 734 1876 883 1931; x_wconf 83' lang='lat' dir='ltr'><strong>forte</strong></span> <span class='ocrx_word' id='word_1_264' title='bbox 925 1872 1108 1929; x_wconf 89' lang='lat' dir='ltr'><strong>etiam</strong></span> <span class='ocrx_word' id='word_1_265' title='bbox 1151 1876 1293 1927; x_wconf 85' lang='lat' dir='ltr'><strong>tunc</strong></span> <span class='ocrx_word' id='word_1_266' title='bbox 1342 1870 1669 1927; x_wconf 85' lang='lat' dir='ltr'><strong>adversum</strong></span> <span class='ocrx_word' id='word_1_267' title='bbox 1701 1875 1757 1927; x_wconf 91' lang='lat' dir='ltr'><strong>te</strong></span> <span class='ocrx_word' id='word_1_268' title='bbox 1795 1870 2190 1944; x_wconf 88' lang='lat' dir='ltr'><strong>philosophici</strong></span> 
     </span>
    </p>
   </div>
   <div class='ocr_carea' id='block_1_37' title="bbox 2342 1870 3956 1947">
    <p class='ocr_par' dir='ltr' id='par_1_37' title="bbox 2342 1874 3956 1947">
     <span class='ocr_line' id='line_1_37' title="bbox 2342 1874 3956 1947; baseline 0.003 -21"><span class='ocrx_word' id='word_1_269' title='bbox 2342 1876 2437 1926; x_wconf 86' lang='grc' dir='ltr'><strong>πόν</strong></span> <span class='ocrx_word' id='word_1_270' title='bbox 2479 1879 2958 1947; x_wconf 74' lang='grc' dir='ltr'>προσχωρήσαντες</span> <span class='ocrx_word' id='word_1_271' title='bbox 3003 1877 3141 1926; x_wconf 87' lang='grc' dir='ltr'>κατὰ</span> <span class='ocrx_word' id='word_1_272' title='bbox 3185 1879 3278 1933; x_wconf 76' lang='grc' dir='ltr'><strong>την</strong></span> <span class='ocrx_word' id='word_1_273' title='bbox 3323 1878 3541 1931; x_wconf 68' lang='grc' dir='ltr'>εὔνοιαν.</span> <span class='ocrx_word' id='word_1_274' title='bbox 3584 1874 3653 1929; x_wconf 83' lang='grc' dir='ltr'>Ἥ</span> <span class='ocrx_word' id='word_1_275' title='bbox 3698 1896 3799 1930; x_wconf 87' lang='grc' dir='ltr'><strong>που</strong></span> <span class='ocrx_word' id='word_1_276' title='bbox 3860 1882 3956 1931; x_wconf 78' lang='grc' dir='ltr'>καὶ</span> 
     </span>
    </p>
   </div>
   <div class='ocr_carea' id='block_1_38' title="bbox 572 1959 2186 2039">
    <p class='ocr_par' dir='ltr' id='par_1_38' title="bbox 572 1959 2186 2033">
     <span class='ocr_line' id='line_1_38' title="bbox 572 1959 2186 2033; baseline -0.004 -10"><span class='ocrx_word' id='word_1_277' title='bbox 572 1965 774 2024; x_wconf 83' lang='lat' dir='ltr'><strong>verbis</strong></span> <span class='ocrx_word' id='word_1_278' title='bbox 798 1966 1077 2020; x_wconf 87' lang='lat' dir='ltr'><strong>utentur:</strong></span> <span class='ocrx_word' id='word_1_279' title='bbox 1101 1960 1381 2033; x_wconf 91' lang='lat' dir='ltr'><strong>Ineptum</strong></span> <span class='ocrx_word' id='word_1_280' title='bbox 1408 1963 1515 2029; x_wconf 90' lang='lat' dir='ltr'><strong>est,</strong></span> <span class='ocrx_word' id='word_1_281' title='bbox 1537 1959 1836 2032; x_wconf 88' lang='lat' dir='ltr'><strong>inquient,</strong></span> <span class='ocrx_word' id='word_1_282' title='bbox 1861 1964 1918 2015; x_wconf 93' lang='lat' dir='ltr'><strong>et</strong></span> <span class='ocrx_word' id='word_1_283' title='bbox 1936 1976 1975 2017; x_wconf 92' lang='lat' dir='ltr'><strong>a</strong></span> <span class='ocrx_word' id='word_1_284' title='bbox 2000 1959 2186 2016; x_wconf 84' lang='lat' dir='ltr'><strong>ration</strong></span> 
     </span>
    </p>
   </div>
   <div class='ocr_carea' id='block_1_39' title="bbox 2338 1959 3952 2039">
    <p class='ocr_par' dir='ltr' id='par_1_39' title="bbox 2340 1962 3952 2039">
     <span class='ocr_line' id='line_1_39' title="bbox 2340 1962 3952 2039; baseline 0.004 -25"><span class='ocrx_word' id='word_1_285' title='bbox 2340 1962 2896 2035; x_wconf 74' lang='grc' dir='ltr'>καταφιλοσοφήσουσί</span> <span class='ocrx_word' id='word_1_286' title='bbox 2952 1983 3047 2016; x_wconf 91' lang='grc' dir='ltr'><strong>σου</strong></span> <span class='ocrx_word' id='word_1_287' title='bbox 3112 1967 3266 2018; x_wconf 85' lang='grc' dir='ltr'>τότε.</span> <span class='ocrx_word' id='word_1_288' title='bbox 3324 1962 3726 2038; x_wconf 85' lang='grc' dir='ltr'>Ἀπειροκαλία,</span> <span class='ocrx_word' id='word_1_289' title='bbox 3791 1972 3952 2039; x_wconf 72' lang='grc' dir='ltr'>φησὶ,</span> 
     </span>
    </p>
   </div>
   <div class='ocr_carea' id='block_1_40' title="bbox 574 2049 2188 2126">
    <p class='ocr_par' dir='ltr' id='par_1_40' title="bbox 574 2049 2188 2123">
     <span class='ocr_line' id='line_1_40' title="bbox 574 2049 2188 2123; baseline -0.004 -9"><span class='ocrx_word' id='word_1_290' title='bbox 574 2056 860 2121; x_wconf 85' lang='lat' dir='ltr'><strong>alienum,</strong></span> <span class='ocrx_word' id='word_1_291' title='bbox 890 2056 1199 2109; x_wconf 90' lang='lat' dir='ltr'><strong>mortuum</strong></span> <span class='ocrx_word' id='word_1_292' title='bbox 1242 2065 1495 2119; x_wconf 89' lang='lat' dir='ltr'><strong>ornare;</strong></span> <span class='ocrx_word' id='word_1_293' title='bbox 1527 2054 1585 2106; x_wconf 89' lang='lat' dir='ltr'><strong>et</strong></span> <span class='ocrx_word' id='word_1_294' title='bbox 1613 2065 1753 2106; x_wconf 91' lang='lat' dir='ltr'><strong>eum</strong></span> <span class='ocrx_word' id='word_1_295' title='bbox 1784 2049 1891 2123; x_wconf 87' lang='lat' dir='ltr'><strong>qui</strong></span> <span class='ocrx_word' id='word_1_296' title='bbox 1929 2049 2078 2106; x_wconf 83' lang='lat' dir='ltr'><strong>nihil</strong></span> <span class='ocrx_word' id='word_1_297' title='bbox 2101 2050 2188 2121; x_wconf 71' lang='lat' dir='ltr'><strong>jar</strong></span> 
     </span>
    </p>
   </div>
   <div class='ocr_carea' id='block_1_41' title="bbox 2340 2049 3954 2126">
    <p class='ocr_par' dir='ltr' id='par_1_41' title="bbox 2340 2050 3954 2126">
     <span class='ocr_line' id='line_1_41' title="bbox 2340 2050 3954 2126; baseline 0.002 -23"><span class='ocrx_word' id='word_1_298' title='bbox 2340 2050 2681 2111; x_wconf 78' lang='grc' dir='ltr'>καλλωπίζειν</span> <span class='ocrx_word' id='word_1_299' title='bbox 2739 2055 2916 2125; x_wconf 82' lang='grc' dir='ltr'>νεκρόν</span> <span class='ocrx_word' id='word_1_300' title='bbox 2941 2092 2954 2118; x_wconf 94' lang='grc'><strong>,</strong></span> <span class='ocrx_word' id='word_1_301' title='bbox 3018 2056 3109 2104; x_wconf 79' lang='grc' dir='ltr'>καὶ</span> <span class='ocrx_word' id='word_1_302' title='bbox 3163 2051 3455 2114; x_wconf 78' lang='grc' dir='ltr'>πολυτελῶς</span> <span class='ocrx_word' id='word_1_303' title='bbox 3510 2051 3803 2126; x_wconf 74' lang='grc' dir='ltr'>ἐκκομίζειν</span> <span class='ocrx_word' id='word_1_304' title='bbox 3863 2057 3954 2108; x_wconf 83' lang='grc' dir='ltr'>τὸν</span> 
     </span>
    </p>
   </div>
   <div class='ocr_carea' id='block_1_42' title="bbox 573 2136 2187 2217">
    <p class='ocr_par' dir='ltr' id='par_1_42' title="bbox 573 2138 2187 2212">
     <span class='ocr_line' id='line_1_42' title="bbox 573 2138 2187 2212; baseline -0.006 -9"><span class='ocrx_word' id='word_1_305' title='bbox 573 2144 771 2212; x_wconf 83' lang='lat' dir='ltr'><strong>sentit,</strong></span> <span class='ocrx_word' id='word_1_306' title='bbox 816 2140 1057 2211; x_wconf 80' lang='lat' dir='ltr'><strong>magnis</strong></span> <span class='ocrx_word' id='word_1_307' title='bbox 1104 2138 1450 2210; x_wconf 86' lang='lat' dir='ltr'><strong>sumptibus</strong></span> <span class='ocrx_word' id='word_1_308' title='bbox 1498 2138 1726 2196; x_wconf 73' lang='lat' dir='ltr'><strong>efferre.</strong></span> <span class='ocrx_word' id='word_1_309' title='bbox 1775 2143 1992 2196; x_wconf 81' lang='lat' dir='ltr'><strong>Annon</strong></span> <span class='ocrx_word' id='word_1_310' title='bbox 2041 2138 2187 2195; x_wconf 77' lang='lat' dir='ltr'><strong>satin</strong></span> 
     </span>
    </p>
   </div>
   <div class='ocr_carea' id='block_1_43' title="bbox 2338 2136 3952 2217">
    <p class='ocr_par' dir='ltr' id='par_1_43' title="bbox 2341 2136 3952 2217">
     <span class='ocr_line' id='line_1_43' title="bbox 2341 2136 3952 2217; baseline 0.002 -25"><span class='ocrx_word' id='word_1_311' title='bbox 2341 2140 2513 2193; x_wconf 80' lang='grc' dir='ltr'>ούκίτι</span> <span class='ocrx_word' id='word_1_312' title='bbox 2556 2140 2944 2212; x_wconf 85' lang='grc' dir='ltr'>αἰσθανόμενον.</span> <span class='ocrx_word' id='word_1_313' title='bbox 2987 2145 3050 2193; x_wconf 90' lang='grc' dir='ltr'>Τί</span> <span class='ocrx_word' id='word_1_314' title='bbox 3095 2136 3153 2194; x_wconf 69' lang='grc' dir='ltr'>δὲ</span> <span class='ocrx_word' id='word_1_315' title='bbox 3210 2140 3269 2193; x_wconf 75' lang='grc' dir='ltr'><strong>ού</strong></span> <span class='ocrx_word' id='word_1_316' title='bbox 3309 2139 3512 2213; x_wconf 81' lang='grc' dir='ltr'>βελτιον</span> <span class='ocrx_word' id='word_1_317' title='bbox 3559 2145 3681 2203; x_wconf 78' lang='grc' dir='ltr'>τοὺς</span> <span class='ocrx_word' id='word_1_318' title='bbox 3735 2147 3952 2217; x_wconf 85' lang='grc' dir='ltr'>περιόν-</span> 
     </span>
    </p>
   </div>
   <div class='ocr_carea' id='block_1_44' title="bbox 573 2226 2187 2306">
    <p class='ocr_par' dir='ltr' id='par_1_44' title="bbox 573 2226 2187 2306">
     <span class='ocr_line' id='line_1_44' title="bbox 573 2226 2187 2306; baseline -0.006 -13"><span class='ocrx_word' id='word_1_319' title='bbox 573 2240 662 2293; x_wconf 86' lang='lat' dir='ltr'><strong>est</strong></span> <span class='ocrx_word' id='word_1_320' title='bbox 718 2230 1072 2306; x_wconf 88' lang='lat' dir='ltr'><strong>superstites</strong></span> <span class='ocrx_word' id='word_1_321' title='bbox 1129 2232 1492 2299; x_wconf 88' lang='lat' dir='ltr'><strong>sumptuoso</strong></span> <span class='ocrx_word' id='word_1_322' title='bbox 1547 2227 1775 2283; x_wconf 90' lang='lat' dir='ltr'><strong>amictu</strong></span> <span class='ocrx_word' id='word_1_323' title='bbox 1807 2244 1879 2284; x_wconf 90' lang='lat' dir='ltr'><strong>ac</strong></span> <span class='ocrx_word' id='word_1_324' title='bbox 1911 2226 2187 2300; x_wconf 79' lang='lat' dir='ltr'><strong>splendid</strong></span> 
     </span>
    </p>
   </div>
   <div class='ocr_carea' id='block_1_45' title="bbox 2335 2226 3949 2306">
    <p class='ocr_par' dir='ltr' id='par_1_45' title="bbox 2338 2226 3949 2305">
     <span class='ocr_line' id='line_1_45' title="bbox 2338 2226 3949 2305; baseline 0.001 -24"><span class='ocrx_word' id='word_1_325' title='bbox 2338 2248 2434 2290; x_wconf 89' lang='grc' dir='ltr'><strong>τας</strong></span> <span class='ocrx_word' id='word_1_326' title='bbox 2481 2231 2796 2302; x_wconf 77' lang='grc' dir='ltr'>κοσμεῖσθαι</span> <span class='ocrx_word' id='word_1_327' title='bbox 2851 2237 2913 2302; x_wconf 71' lang='grc' dir='ltr'>τῇ</span> <span class='ocrx_word' id='word_1_328' title='bbox 2974 2228 3237 2282; x_wconf 83' lang='grc' dir='ltr'>πολυτελεῖ</span> <span class='ocrx_word' id='word_1_329' title='bbox 3284 2234 3374 2281; x_wconf 87' lang='grc' dir='ltr'>καὶ</span> <span class='ocrx_word' id='word_1_330' title='bbox 3431 2226 3621 2302; x_wconf 73' lang='grc' dir='ltr'>ἐνδόξῳ</span> <span class='ocrx_word' id='word_1_331' title='bbox 3673 2230 3949 2305; x_wconf 72' lang='grc' dir='ltr'>περιϐολῇ,</span> 
     </span>
    </p>
   </div>
   <div class='ocr_carea' id='block_1_46' title="bbox 572 2315 2186 2394">
    <p class='ocr_par' dir='ltr' id='par_1_46' title="bbox 572 2315 2186 2394">
     <span class='ocr_line' id='line_1_46' title="bbox 572 2315 2186 2394; baseline -0.004 -14"><span class='ocrx_word' id='word_1_332' title='bbox 572 2322 793 2393; x_wconf 89' lang='lat' dir='ltr'><strong>ornari,</strong></span> <span class='ocrx_word' id='word_1_333' title='bbox 822 2334 1011 2394; x_wconf 90' lang='lat' dir='ltr'><strong>quam</strong></span> <span class='ocrx_word' id='word_1_334' title='bbox 1037 2320 1231 2373; x_wconf 88' lang='lat' dir='ltr'><strong>vestes</strong></span> <span class='ocrx_word' id='word_1_335' title='bbox 1257 2315 1556 2389; x_wconf 88' lang='lat' dir='ltr'><strong>pretiosas</strong></span> <span class='ocrx_word' id='word_1_336' title='bbox 1597 2331 1725 2373; x_wconf 91' lang='lat' dir='ltr'><strong>una</strong></span> <span class='ocrx_word' id='word_1_337' title='bbox 1764 2332 1904 2373; x_wconf 91' lang='lat' dir='ltr'><strong>cum</strong></span> <span class='ocrx_word' id='word_1_338' title='bbox 1934 2316 2186 2373; x_wconf 76' lang='lat' dir='ltr'><strong>cadaver</strong></span> 
     </span>
    </p>
   </div>
   <div class='ocr_carea' id='block_1_47' title="bbox 2336 2315 3950 2394">
    <p class='ocr_par' dir='ltr' id='par_1_47' title="bbox 2340 2317 3950 2391">
     <span class='ocr_line' id='line_1_47' title="bbox 2340 2317 3950 2391; baseline 0.002 -22"><span class='ocrx_word' id='word_1_339' title='bbox 2340 2319 2370 2377; x_wconf 75' lang='grc' dir='ltr'>ἡ</span> <span class='ocrx_word' id='word_1_340' title='bbox 2406 2323 2835 2391; x_wconf 74' lang='grc' dir='ltr'>συγκατασηπειν</span> <span class='ocrx_word' id='word_1_341' title='bbox 2866 2326 2938 2388; x_wconf 77' lang='grc' dir='ltr'>τῷ</span> <span class='ocrx_word' id='word_1_342' title='bbox 2980 2327 3141 2391; x_wconf 76' lang='grc' dir='ltr'>νεκρῷ</span> <span class='ocrx_word' id='word_1_343' title='bbox 3184 2321 3248 2370; x_wconf 81' lang='grc' dir='ltr'>τὰ</span> <span class='ocrx_word' id='word_1_344' title='bbox 3296 2317 3627 2391; x_wconf 86' lang='grc' dir='ltr'>πολυτίμητα</span> <span class='ocrx_word' id='word_1_345' title='bbox 3655 2327 3751 2382; x_wconf 83' lang='grc' dir='ltr'>τῆς</span> <span class='ocrx_word' id='word_1_346' title='bbox 3780 2318 3950 2379; x_wconf 75' lang='grc' dir='ltr'>ἐσθῆ-</span> 
     </span>
    </p>
   </div>
   <div class='ocr_carea' id='block_1_48' title="bbox 567 2402 2181 2487">
    <p class='ocr_par' dir='ltr' id='par_1_48' title="bbox 567 2405 2181 2487">
     <span class='ocr_line' id='line_1_48' title="bbox 567 2405 2181 2487; baseline -0.005 -17"><span class='ocrx_word' id='word_1_347' title='bbox 567 2410 874 2487; x_wconf 83' lang='lat' dir='ltr'><strong>putrefieri</strong></span> <span class='ocrx_word' id='word_1_348' title='bbox 933 2406 1176 2464; x_wconf 88' lang='lat' dir='ltr'><strong>sinere?</strong></span> <span class='ocrx_word' id='word_1_349' title='bbox 1224 2405 1546 2472; x_wconf 84' lang='lat' dir='ltr'><strong>Quodnam</strong></span> <span class='ocrx_word' id='word_1_350' title='bbox 1601 2410 1803 2462; x_wconf 88' lang='lat' dir='ltr'><strong>autem</strong></span> <span class='ocrx_word' id='word_1_351' title='bbox 1854 2420 2181 2463; x_wconf 90' lang='lat' dir='ltr'><strong>monumen</strong></span> 
     </span>
    </p>
   </div>
   <div class='ocr_carea' id='block_1_49' title="bbox 2337 2402 3951 2487">
    <p class='ocr_par' dir='ltr' id='par_1_49' title="bbox 2339 2402 3951 2480">
     <span class='ocr_line' id='line_1_49' title="bbox 2339 2402 3951 2480; baseline 0.001 -20"><span class='ocrx_word' id='word_1_352' title='bbox 2339 2422 2465 2474; x_wconf 84' lang='grc' dir='ltr'>τος;</span> <span class='ocrx_word' id='word_1_353' title='bbox 2507 2411 2571 2460; x_wconf 91' lang='grc' dir='ltr'><strong>Τί</strong></span> <span class='ocrx_word' id='word_1_354' title='bbox 2615 2402 2674 2459; x_wconf 68' lang='grc' dir='ltr'>δὲ</span> <span class='ocrx_word' id='word_1_355' title='bbox 2719 2411 2990 2478; x_wconf 72' lang='grc' dir='ltr'>μνήματος</span> <span class='ocrx_word' id='word_1_356' title='bbox 3038 2406 3321 2480; x_wconf 71' lang='grc' dir='ltr'>ἐπισήμου,</span> <span class='ocrx_word' id='word_1_357' title='bbox 3371 2412 3460 2461; x_wconf 83' lang='grc' dir='ltr'>καὶ</span> <span class='ocrx_word' id='word_1_358' title='bbox 3508 2416 3674 2480; x_wconf 66' lang='grc' dir='ltr'>ταφῆς</span> <span class='ocrx_word' id='word_1_359' title='bbox 3732 2408 3951 2462; x_wconf 88' lang='grc' dir='ltr'>πολυτε-</span> 
     </span>
    </p>
   </div>
   <div class='ocr_carea' id='block_1_50' title="bbox 571 2491 2185 2570">
    <p class='ocr_par' dir='ltr' id='par_1_50' title="bbox 571 2494 2185 2570">
     <span class='ocr_line' id='line_1_50' title="bbox 571 2494 2185 2570; baseline -0.006 -11"><span class='ocrx_word' id='word_1_360' title='bbox 571 2500 774 2560; x_wconf 82' lang='lat' dir='ltr'><strong>eximii</strong></span> <span class='ocrx_word' id='word_1_361' title='bbox 796 2502 853 2556; x_wconf 92' lang='lat' dir='ltr'><strong>et</strong></span> <span class='ocrx_word' id='word_1_362' title='bbox 873 2501 1246 2570; x_wconf 71' lang='lat' dir='ltr'><strong>sumptuosa:</strong></span> <span class='ocrx_word' id='word_1_363' title='bbox 1289 2494 1613 2567; x_wconf 63' lang='lat' dir='ltr'><strong>sepulturae</strong></span> <span class='ocrx_word' id='word_1_364' title='bbox 1642 2498 1701 2550; x_wconf 89' lang='lat' dir='ltr'><strong>et</strong></span> <span class='ocrx_word' id='word_1_365' title='bbox 1728 2494 1927 2550; x_wconf 90' lang='lat' dir='ltr'><strong>inanis</strong></span> <span class='ocrx_word' id='word_1_366' title='bbox 1952 2499 2185 2567; x_wconf 70' lang='lat' dir='ltr'><strong>sumptt</strong></span> 
     </span>
    </p>
   </div>
   <div class='ocr_carea' id='block_1_51' title="bbox 2339 2491 3953 2570">
    <p class='ocr_par' dir='ltr' id='par_1_51' title="bbox 2339 2491 3953 2569">
     <span class='ocr_line' id='line_1_51' title="bbox 2339 2491 3953 2569; baseline 0.001 -20"><span class='ocrx_word' id='word_1_367' title='bbox 2339 2494 2478 2562; x_wconf 76' lang='grc' dir='ltr'>λούς,</span> <span class='ocrx_word' id='word_1_368' title='bbox 2532 2501 2623 2547; x_wconf 81' lang='grc' dir='ltr'>καὶ</span> <span class='ocrx_word' id='word_1_369' title='bbox 2689 2491 2930 2557; x_wconf 76' lang='grc' dir='ltr'>δαπάνης</span> <span class='ocrx_word' id='word_1_370' title='bbox 3001 2491 3255 2568; x_wconf 75' lang='grc' dir='ltr'>ἀκερδοῦς</span> <span class='ocrx_word' id='word_1_371' title='bbox 3305 2495 3527 2569; x_wconf 74' lang='grc' dir='ltr'>ὄφελος;</span> <span class='ocrx_word' id='word_1_372' title='bbox 3586 2501 3703 2549; x_wconf 78' lang='grc' dir='ltr'>Δέον</span> <span class='ocrx_word' id='word_1_373' title='bbox 3761 2497 3835 2560; x_wconf 85' lang='grc' dir='ltr'>εἰς</span> <span class='ocrx_word' id='word_1_374' title='bbox 3884 2502 3953 2551; x_wconf 79' lang='grc' dir='ltr'>τὰ</span> 
     </span>
    </p>
   </div>
   <div class='ocr_carea' id='block_1_52' title="bbox 569 2580 2183 2657">
    <p class='ocr_par' dir='ltr' id='par_1_52' title="bbox 569 2580 2183 2654">
     <span class='ocr_line' id='line_1_52' title="bbox 569 2580 2183 2654; baseline -0.004 -8"><span class='ocrx_word' id='word_1_375' title='bbox 569 2589 808 2647; x_wconf 88' lang='lat' dir='ltr'><strong>lucrum</strong></span> <span class='ocrx_word' id='word_1_376' title='bbox 846 2586 982 2643; x_wconf 80' lang='lat' dir='ltr'><strong>est?</strong></span> <span class='ocrx_word' id='word_1_377' title='bbox 1022 2588 1132 2641; x_wconf 83' lang='lat' dir='ltr'><strong>Par</strong></span> <span class='ocrx_word' id='word_1_378' title='bbox 1159 2582 1359 2654; x_wconf 88' lang='lat' dir='ltr'><strong>magis</strong></span> <span class='ocrx_word' id='word_1_379' title='bbox 1390 2580 1567 2638; x_wconf 88' lang='lat' dir='ltr'><strong>fuerit</strong></span> <span class='ocrx_word' id='word_1_380' title='bbox 1596 2582 1726 2638; x_wconf 64' lang='lat' dir='ltr'><strong>haec</strong></span> <span class='ocrx_word' id='word_1_381' title='bbox 1751 2582 1832 2637; x_wconf 90' lang='lat' dir='ltr'><strong>ad</strong></span> <span class='ocrx_word' id='word_1_382' title='bbox 1854 2582 1994 2639; x_wconf 75' lang='lat' dir='ltr'><strong>vitae</strong></span> <span class='ocrx_word' id='word_1_383' title='bbox 2021 2597 2183 2639; x_wconf 76' lang='lat' dir='ltr'><strong>nece:</strong></span> 
     </span>
    </p>
   </div>
   <div class='ocr_carea' id='block_1_53' title="bbox 2338 2580 3952 2657">
    <p class='ocr_par' dir='ltr' id='par_1_53' title="bbox 2338 2581 3952 2657">
     <span class='ocr_line' id='line_1_53' title="bbox 2338 2581 3952 2657; baseline 0.002 -20"><span class='ocrx_word' id='word_1_384' title='bbox 2338 2587 2475 2638; x_wconf 82' lang='grc' dir='ltr'>κατὰ</span> <span class='ocrx_word' id='word_1_385' title='bbox 2528 2587 2615 2636; x_wconf 87' lang='grc' dir='ltr'>τὸν</span> <span class='ocrx_word' id='word_1_386' title='bbox 2666 2582 2782 2657; x_wconf 80' lang='grc' dir='ltr'>βίον</span> <span class='ocrx_word' id='word_1_387' title='bbox 2842 2581 3104 2655; x_wconf 73' lang='grc' dir='ltr'>ἀναγκαῖα</span> <span class='ocrx_word' id='word_1_388' title='bbox 3157 2586 3475 2657; x_wconf 75' lang='grc' dir='ltr'>χρησασθαι</span> <span class='ocrx_word' id='word_1_389' title='bbox 3525 2587 3640 2657; x_wconf 80' lang='grc'><strong>(52)</strong></span> <span class='ocrx_word' id='word_1_390' title='bbox 3690 2593 3804 2648; x_wconf 89' lang='grc' dir='ltr'>τοῖς</span> <span class='ocrx_word' id='word_1_391' title='bbox 3860 2605 3952 2640; x_wconf 86' lang='grc' dir='ltr'>πε-</span> 
     </span>
    </p>
   </div>
   <div class='ocr_carea' id='block_1_54' title="bbox 570 2670 2184 2749">
    <p class='ocr_par' dir='ltr' id='par_1_54' title="bbox 570 2670 2184 2748">
     <span class='ocr_line' id='line_1_54' title="bbox 570 2670 2184 2748; baseline -0.004 -13"><span class='ocrx_word' id='word_1_392' title='bbox 570 2678 732 2735; x_wconf 89' lang='lat' dir='ltr'><strong>saria</strong></span> <span class='ocrx_word' id='word_1_393' title='bbox 755 2673 1133 2748; x_wconf 89' lang='lat' dir='ltr'><strong>impendere.</strong></span> <span class='ocrx_word' id='word_1_394' title='bbox 1160 2672 1326 2730; x_wconf 88' lang='lat' dir='ltr'><strong>Talia</strong></span> <span class='ocrx_word' id='word_1_395' title='bbox 1345 2670 1549 2727; x_wconf 83' lang='lat' dir='ltr'><strong>dicent</strong></span> <span class='ocrx_word' id='word_1_396' title='bbox 1579 2675 1729 2737; x_wconf 90' lang='lat' dir='ltr'><strong>tum,</strong></span> <span class='ocrx_word' id='word_1_397' title='bbox 1758 2687 1901 2728; x_wconf 91' lang='lat' dir='ltr'><strong>cum</strong></span> <span class='ocrx_word' id='word_1_398' title='bbox 1931 2676 1991 2729; x_wconf 92' lang='lat' dir='ltr'><strong>et</strong></span> <span class='ocrx_word' id='word_1_399' title='bbox 2022 2687 2184 2729; x_wconf 68' lang='lat' dir='ltr'><strong>morr</strong></span> 
     </span>
    </p>
   </div>
   <div class='ocr_carea' id='block_1_55' title="bbox 2338 2670 3952 2749">
    <p class='ocr_par' dir='ltr' id='par_1_55' title="bbox 2338 2672 3952 2749">
     <span class='ocr_line' id='line_1_55' title="bbox 2338 2672 3952 2749; baseline 0.001 -23"><span class='ocrx_word' id='word_1_400' title='bbox 2338 2681 2534 2749; x_wconf 78' lang='grc' dir='ltr'>ριοῡσι.</span> <span class='ocrx_word' id='word_1_401' title='bbox 2584 2680 2817 2726; x_wconf 79' lang='grc' dir='ltr'>Τοιαῦτα</span> <span class='ocrx_word' id='word_1_402' title='bbox 2859 2672 3036 2746; x_wconf 76' lang='grc' dir='ltr'>ἐροῦσι</span> <span class='ocrx_word' id='word_1_403' title='bbox 3078 2678 3169 2726; x_wconf 83' lang='grc' dir='ltr'>καὶ</span> <span class='ocrx_word' id='word_1_404' title='bbox 3208 2676 3266 2727; x_wconf 70' lang='grc' dir='ltr'><strong>σε</strong></span> <span class='ocrx_word' id='word_1_405' title='bbox 3313 2681 3407 2735; x_wconf 82' lang='grc' dir='ltr'>τῆς</span> <span class='ocrx_word' id='word_1_406' title='bbox 3459 2672 3759 2748; x_wconf 83' lang='grc' dir='ltr'>βαρύτητος</span> <span class='ocrx_word' id='word_1_407' title='bbox 3813 2673 3952 2747; x_wconf 83' lang='grc' dir='ltr'>ἀμυ-</span> 
     </span>
    </p>
   </div>
   <div class='ocr_carea' id='block_1_56' title="bbox 569 2757 2183 2837">
    <p class='ocr_par' dir='ltr' id='par_1_56' title="bbox 569 2757 2183 2828">
     <span class='ocr_line' id='line_1_56' title="bbox 569 2757 2183 2828; baseline -0.004 -5"><span class='ocrx_word' id='word_1_408' title='bbox 569 2767 808 2823; x_wconf 85' lang='lat' dir='ltr'><strong>sitatem</strong></span> <span class='ocrx_word' id='word_1_409' title='bbox 839 2768 1005 2820; x_wconf 89' lang='lat' dir='ltr'><strong>tuam</strong></span> <span class='ocrx_word' id='word_1_410' title='bbox 1052 2777 1124 2818; x_wconf 89' lang='lat' dir='ltr'><strong>ac</strong></span> <span class='ocrx_word' id='word_1_411' title='bbox 1169 2761 1548 2816; x_wconf 80' lang='lat' dir='ltr'><strong>severitatem</strong></span> <span class='ocrx_word' id='word_1_412' title='bbox 1593 2757 1984 2828; x_wconf 89' lang='lat' dir='ltr'><strong>ulciscentur,</strong></span> <span class='ocrx_word' id='word_1_413' title='bbox 2018 2766 2075 2818; x_wconf 91' lang='lat' dir='ltr'><strong>et</strong></span> <span class='ocrx_word' id='word_1_414' title='bbox 2128 2764 2183 2817; x_wconf 87' lang='lat' dir='ltr'><strong>tu</strong></span> 
     </span>
    </p>
   </div>
   <div class='ocr_carea' id='block_1_57' title="bbox 2333 2757 3947 2837">
    <p class='ocr_par' dir='ltr' id='par_1_57' title="bbox 2336 2758 3947 2837">
     <span class='ocr_line' id='line_1_57' title="bbox 2336 2758 3947 2837; baseline 0.002 -23"><span class='ocrx_word' id='word_1_415' title='bbox 2336 2767 2560 2836; x_wconf 89' lang='grc' dir='ltr'>νόμενοι,</span> <span class='ocrx_word' id='word_1_416' title='bbox 2592 2767 2683 2815; x_wconf 85' lang='grc' dir='ltr'>καὶ</span> <span class='ocrx_word' id='word_1_417' title='bbox 2729 2770 2839 2824; x_wconf 88' lang='grc' dir='ltr'>τοῖς</span> <span class='ocrx_word' id='word_1_418' title='bbox 2896 2758 3295 2835; x_wconf 78' lang='grc' dir='ltr'>διαδεξαμένοις</span> <span class='ocrx_word' id='word_1_419' title='bbox 3330 2764 3398 2815; x_wconf 83' lang='grc' dir='ltr'><strong>τὰ</strong></span> <span class='ocrx_word' id='word_1_420' title='bbox 3452 2764 3522 2815; x_wconf 79' lang='grc' dir='ltr'>σὰ</span> <span class='ocrx_word' id='word_1_421' title='bbox 3571 2763 3947 2837; x_wconf 81' lang='grc' dir='ltr'>χαριζόμενοι.</span> 
     </span>
    </p>
   </div>
   <div class='ocr_carea' id='block_1_58' title="bbox 569 2848 2183 2926">
    <p class='ocr_par' dir='ltr' id='par_1_58' title="bbox 569 2848 2183 2922">
     <span class='ocr_line' id='line_1_58' title="bbox 569 2848 2183 2922; baseline -0.004 -10"><span class='ocrx_word' id='word_1_422' title='bbox 569 2855 689 2912; x_wconf 88' lang='lat' dir='ltr'><strong>tuis</strong></span> <span class='ocrx_word' id='word_1_423' title='bbox 731 2850 1184 2911; x_wconf 86' lang='lat' dir='ltr'><strong>successoribus</strong></span> <span class='ocrx_word' id='word_1_424' title='bbox 1229 2848 1579 2920; x_wconf 73' lang='lat' dir='ltr'><strong>largiantur.</strong></span> <span class='ocrx_word' id='word_1_425' title='bbox 1617 2849 1823 2922; x_wconf 82' lang='lat' dir='ltr'><strong>itaque</strong></span> <span class='ocrx_word' id='word_1_426' title='bbox 1862 2848 1926 2905; x_wconf 88' lang='lat' dir='ltr'><strong>in</strong></span> <span class='ocrx_word' id='word_1_427' title='bbox 1968 2854 2183 2907; x_wconf 82' lang='lat' dir='ltr'><strong>antece:</strong></span> 
     </span>
    </p>
   </div>
   <div class='ocr_carea' id='block_1_59' title="bbox 2335 2848 3949 2926">
    <p class='ocr_par' dir='ltr' id='par_1_59' title="bbox 2340 2848 3949 2926">
     <span class='ocr_line' id='line_1_59' title="bbox 2340 2848 3949 2926; baseline 0.001 -21"><span class='ocrx_word' id='word_1_428' title='bbox 2340 2851 2617 2926; x_wconf 74' lang='grc' dir='ltr'>Προλαϐῶν</span> <span class='ocrx_word' id='word_1_429' title='bbox 2666 2848 2774 2917; x_wconf 77' lang='grc' dir='ltr'>οὖν,</span> <span class='ocrx_word' id='word_1_430' title='bbox 2837 2854 3052 2903; x_wconf 87' lang='grc' dir='ltr'>σεαυτόν</span> <span class='ocrx_word' id='word_1_431' title='bbox 3106 2850 3433 2923; x_wconf 70' lang='grc' dir='ltr'>ἐνταφίασον.</span> <span class='ocrx_word' id='word_1_432' title='bbox 3485 2851 3650 2905; x_wconf 73' lang='grc' dir='ltr'>Καλόν</span> <span class='ocrx_word' id='word_1_433' title='bbox 3706 2850 3949 2926; x_wconf 73' lang='grc' dir='ltr'>ἐντάφιον</span> 
     </span>
    </p>
   </div>
   <div class='ocr_carea' id='block_1_60' title="bbox 571 2936 2185 3014">
    <p class='ocr_par' dir='ltr' id='par_1_60' title="bbox 571 2936 2185 3014">
     <span class='ocr_line' id='line_1_60' title="bbox 571 2936 2185 3014; baseline -0.006 -13"><span class='ocrx_word' id='word_1_434' title='bbox 571 2960 708 3001; x_wconf 88' lang='lat' dir='ltr'><strong>sum</strong></span> <span class='ocrx_word' id='word_1_435' title='bbox 755 2946 811 3000; x_wconf 85' lang='lat' dir='ltr'><strong>te</strong></span> <span class='ocrx_word' id='word_1_436' title='bbox 866 2940 1020 3014; x_wconf 89' lang='lat' dir='ltr'><strong>ipse,</strong></span> <span class='ocrx_word' id='word_1_437' title='bbox 1066 2939 1298 2995; x_wconf 82' lang='lat' dir='ltr'><strong>funera.</strong></span> <span class='ocrx_word' id='word_1_438' title='bbox 1342 2936 1597 2993; x_wconf 86' lang='lat' dir='ltr'><strong>Pulchra</strong></span> <span class='ocrx_word' id='word_1_439' title='bbox 1649 2937 1963 3010; x_wconf 86' lang='lat' dir='ltr'><strong>sepultura</strong></span> <span class='ocrx_word' id='word_1_440' title='bbox 2013 2938 2185 3011; x_wconf 71' lang='lat' dir='ltr'><strong>pietas</strong></span> 
     </span>
    </p>
   </div>
   <div class='ocr_carea' id='block_1_61' title="bbox 2338 2936 3952 3014">
    <p class='ocr_par' dir='ltr' id='par_1_61' title="bbox 2338 2937 3952 3013">
     <span class='ocr_line' id='line_1_61' title="bbox 2338 2937 3952 3013; baseline 0 -20"><span class='ocrx_word' id='word_1_441' title='bbox 2338 2942 2368 2999; x_wconf 76' lang='grc' dir='ltr'>ἡ</span> <span class='ocrx_word' id='word_1_442' title='bbox 2422 2939 2674 2995; x_wconf 64' lang='grc' dir='ltr'>εὐσέϐεια.</span> <span class='ocrx_word' id='word_1_443' title='bbox 2728 2942 2905 2993; x_wconf 89' lang='grc' dir='ltr'>Πάντα</span> <span class='ocrx_word' id='word_1_444' title='bbox 2950 2937 3378 3013; x_wconf 78' lang='grc' dir='ltr'>περιϐαλλόμενος</span> <span class='ocrx_word' id='word_1_445' title='bbox 3591 2939 3818 2993; x_wconf 70' lang='grc' dir='ltr'>ἄπελθε*</span> <span class='ocrx_word' id='word_1_446' title='bbox 3874 2941 3952 2993; x_wconf 87' lang='grc' dir='ltr'><strong>οἰ-</strong></span> 
     </span>
    </p>
   </div>
   <div class='ocr_carea' id='block_1_62' title="bbox 572 3024 2186 3112">
    <p class='ocr_par' dir='ltr' id='par_1_62' title="bbox 572 3024 2186 3096">
     <span class='ocr_line' id='line_1_62' title="bbox 572 3024 2186 3096; baseline -0.005 -5"><span class='ocrx_word' id='word_1_447' title='bbox 572 3031 788 3091; x_wconf 85' lang='lat' dir='ltr'><strong>Omnia</strong></span> <span class='ocrx_word' id='word_1_448' title='bbox 830 3029 1099 3096; x_wconf 83' lang='lat' dir='ltr'><strong>indutus,</strong></span> <span class='ocrx_word' id='word_1_449' title='bbox 1152 3026 1255 3084; x_wconf 91' lang='lat' dir='ltr'><strong>abi</strong></span> <span class='ocrx_word' id='word_1_450' title='bbox 1302 3043 1316 3083; x_wconf 91' lang='lat'><strong>:</strong></span> <span class='ocrx_word' id='word_1_451' title='bbox 1369 3025 1462 3083; x_wconf 86' lang='lat' dir='ltr'><strong>fac</strong></span> <span class='ocrx_word' id='word_1_452' title='bbox 1512 3024 1749 3082; x_wconf 89' lang='lat' dir='ltr'><strong>divitias</strong></span> <span class='ocrx_word' id='word_1_453' title='bbox 1792 3029 2077 3083; x_wconf 89' lang='lat' dir='ltr'><strong>ornatum</strong></span> <span class='ocrx_word' id='word_1_454' title='bbox 2123 3026 2186 3085; x_wconf 90' lang='lat' dir='ltr'><strong>til</strong></span> 
     </span>
    </p>
   </div>
   <div class='ocr_carea' id='block_1_63' title="bbox 2335 3024 3949 3112">
    <p class='ocr_par' dir='ltr' id='par_1_63' title="bbox 2336 3028 3949 3103">
     <span class='ocr_line' id='line_1_63' title="bbox 2336 3028 3949 3103; baseline -0.001 -20"><span class='ocrx_word' id='word_1_455' title='bbox 2336 3037 2470 3083; x_wconf 84' lang='grc' dir='ltr'><strong>κείον</strong></span> <span class='ocrx_word' id='word_1_456' title='bbox 2518 3034 2714 3103; x_wconf 86' lang='grc' dir='ltr'>κόσμον</span> <span class='ocrx_word' id='word_1_457' title='bbox 2757 3032 2845 3082; x_wconf 81' lang='grc' dir='ltr'><strong>τόν</strong></span> <span class='ocrx_word' id='word_1_458' title='bbox 2892 3028 3110 3081; x_wconf 67' lang='grc' dir='ltr'>πλοῦτον</span> <span class='ocrx_word' id='word_1_459' title='bbox 3158 3033 3419 3086; x_wconf 87' lang='grc' dir='ltr'>ποίησαι·</span> <span class='ocrx_word' id='word_1_460' title='bbox 3462 3031 3554 3101; x_wconf 78' lang='grc' dir='ltr'>ἔχε</span> <span class='ocrx_word' id='word_1_461' title='bbox 3602 3028 3757 3082; x_wconf 71' lang='grc' dir='ltr'>αὐτὸν</span> <span class='ocrx_word' id='word_1_462' title='bbox 3810 3032 3949 3103; x_wconf 82' lang='grc' dir='ltr'>μετά</span> 
     </span>
    </p>
   </div>
   <div class='ocr_carea' id='block_1_64' title="bbox 569 3114 2183 3197">
    <p class='ocr_par' dir='ltr' id='par_1_64' title="bbox 569 3114 2183 3197">
     <span class='ocr_line' id='line_1_64' title="bbox 569 3114 2183 3197; baseline -0.003 -18"><span class='ocrx_word' id='word_1_463' title='bbox 569 3120 981 3197; x_wconf 86' lang='lat' dir='ltr'><strong>peculiarem:</strong></span> <span class='ocrx_word' id='word_1_464' title='bbox 1010 3116 1172 3174; x_wconf 87' lang='lat' dir='ltr'><strong>habe</strong></span> <span class='ocrx_word' id='word_1_465' title='bbox 1217 3130 1366 3188; x_wconf 88' lang='lat' dir='ltr'><strong>opes</strong></span> <span class='ocrx_word' id='word_1_466' title='bbox 1395 3120 1618 3171; x_wconf 89' lang='lat' dir='ltr'><strong>tecum.</strong></span> <span class='ocrx_word' id='word_1_467' title='bbox 1651 3114 1839 3171; x_wconf 91' lang='lat' dir='ltr'><strong>Crede</strong></span> <span class='ocrx_word' id='word_1_468' title='bbox 1876 3114 2042 3173; x_wconf 91' lang='lat' dir='ltr'><strong>bono</strong></span> <span class='ocrx_word' id='word_1_469' title='bbox 2083 3130 2183 3174; x_wconf 81' lang='lat' dir='ltr'><strong>cor</strong></span> 
     </span>
    </p>
   </div>
   <div class='ocr_carea' id='block_1_65' title="bbox 2335 3114 3949 3197">
    <p class='ocr_par' dir='ltr' id='par_1_65' title="bbox 2335 3116 3949 3191">
     <span class='ocr_line' id='line_1_65' title="bbox 2335 3116 3949 3191; baseline 0 -18"><span class='ocrx_word' id='word_1_470' title='bbox 2335 3127 2576 3173; x_wconf 74' lang='grc' dir='ltr'>σεαυτοῦ.</span> <span class='ocrx_word' id='word_1_471' title='bbox 2625 3119 2879 3176; x_wconf 84' lang='grc' dir='ltr'>Πείσθητι</span> <span class='ocrx_word' id='word_1_472' title='bbox 2930 3116 3070 3188; x_wconf 78' lang='grc' dir='ltr'>καλῷ</span> <span class='ocrx_word' id='word_1_473' title='bbox 3121 3116 3426 3191; x_wconf 75' lang='grc' dir='ltr'>συμϐούλῳ,</span> <span class='ocrx_word' id='word_1_474' title='bbox 3476 3126 3548 3188; x_wconf 82' lang='grc' dir='ltr'>τῷ</span> <span class='ocrx_word' id='word_1_475' title='bbox 3607 3116 3949 3190; x_wconf 69' lang='grc' dir='ltr'>ἀγαπήσαντι</span> 
     </span>
    </p>
   </div>
   <div class='ocr_carea' id='block_1_66' title="bbox 571 3202 2185 3281">
    <p class='ocr_par' dir='ltr' id='par_1_66' title="bbox 571 3202 2185 3281">
     <span class='ocr_line' id='line_1_66' title="bbox 571 3202 2185 3281; baseline -0.005 -12"><span class='ocrx_word' id='word_1_476' title='bbox 571 3210 813 3280; x_wconf 85' lang='lat' dir='ltr'><strong>siliario,</strong></span> <span class='ocrx_word' id='word_1_477' title='bbox 837 3206 941 3281; x_wconf 89' lang='lat' dir='ltr'><strong>qui</strong></span> <span class='ocrx_word' id='word_1_478' title='bbox 961 3211 1018 3263; x_wconf 89' lang='lat' dir='ltr'><strong>te</strong></span> <span class='ocrx_word' id='word_1_479' title='bbox 1037 3204 1230 3276; x_wconf 84' lang='lat' dir='ltr'><strong>diligit</strong></span> <span class='ocrx_word' id='word_1_480' title='bbox 1249 3203 1506 3270; x_wconf 86' lang='lat' dir='ltr'><strong>Christo,</strong></span> <span class='ocrx_word' id='word_1_481' title='bbox 1532 3202 1637 3275; x_wconf 91' lang='lat' dir='ltr'><strong>qui</strong></span> <span class='ocrx_word' id='word_1_482' title='bbox 1657 3219 1768 3275; x_wconf 91' lang='lat' dir='ltr'><strong>pro</strong></span> <span class='ocrx_word' id='word_1_483' title='bbox 1793 3203 1972 3260; x_wconf 89' lang='lat' dir='ltr'><strong>nobis</strong></span> <span class='ocrx_word' id='word_1_484' title='bbox 1992 3220 2185 3278; x_wconf 80' lang='lat' dir='ltr'><strong>paupe</strong></span> 
     </span>
    </p>
   </div>
   <div class='ocr_carea' id='block_1_67' title="bbox 2328 3202 3942 3281">
    <p class='ocr_par' dir='ltr' id='par_1_67' title="bbox 2335 3202 3942 3281">
     <span class='ocr_line' id='line_1_67' title="bbox 2335 3202 3942 3281; baseline -0.001 -20"><span class='ocrx_word' id='word_1_485' title='bbox 2335 3228 2393 3262; x_wconf 91' lang='grc' dir='ltr'><strong>σε</strong></span> <span class='ocrx_word' id='word_1_486' title='bbox 2439 3216 2675 3281; x_wconf 77' lang='grc' dir='ltr'>Χριστῷ,</span> <span class='ocrx_word' id='word_1_487' title='bbox 2706 3216 2780 3278; x_wconf 78' lang='grc' dir='ltr'>τῷ</span> <span class='ocrx_word' id='word_1_488' title='bbox 2825 3202 2897 3259; x_wconf 83' lang='grc' dir='ltr'>δι’</span> <span class='ocrx_word' id='word_1_489' title='bbox 2929 3208 3070 3278; x_wconf 76' lang='grc' dir='ltr'>ἡμᾶς</span> <span class='ocrx_word' id='word_1_490' title='bbox 3119 3209 3511 3278; x_wconf 79' lang='grc' dir='ltr'>πτωχεύσαντι,</span> <span class='ocrx_word' id='word_1_491' title='bbox 3541 3208 3625 3259; x_wconf 82' lang='grc' dir='ltr'><strong>ἱνα</strong></span> <span class='ocrx_word' id='word_1_492' title='bbox 3675 3208 3826 3279; x_wconf 74' lang='grc' dir='ltr'>ἡμεῖς</span> <span class='ocrx_word' id='word_1_493' title='bbox 3877 3216 3942 3281; x_wconf 72' lang='grc' dir='ltr'>τῇ</span> 
     </span>
    </p>
   </div>
   <div class='ocr_carea' id='block_1_68' title="bbox 570 3291 2184 3368">
    <p class='ocr_par' dir='ltr' id='par_1_68' title="bbox 570 3291 2184 3367">
     <span class='ocr_line' id='line_1_68' title="bbox 570 3291 2184 3367; baseline -0.008 -9"><span class='ocrx_word' id='word_1_494' title='bbox 570 3301 766 3358; x_wconf 82' lang='lat' dir='ltr'><strong>factus</strong></span> <span class='ocrx_word' id='word_1_495' title='bbox 809 3302 917 3364; x_wconf 89' lang='lat' dir='ltr'><strong>est,</strong></span> <span class='ocrx_word' id='word_1_496' title='bbox 946 3300 1013 3351; x_wconf 91' lang='lat' dir='ltr'><strong>ut</strong></span> <span class='ocrx_word' id='word_1_497' title='bbox 1051 3309 1167 3351; x_wconf 91' lang='lat' dir='ltr'><strong>nos</strong></span> <span class='ocrx_word' id='word_1_498' title='bbox 1214 3293 1348 3364; x_wconf 86' lang='lat' dir='ltr'><strong>ejus</strong></span> <span class='ocrx_word' id='word_1_499' title='bbox 1397 3291 1606 3365; x_wconf 87' lang='lat' dir='ltr'><strong>in0pia</strong></span> <span class='ocrx_word' id='word_1_500' title='bbox 1651 3292 1985 3350; x_wconf 90' lang='lat' dir='ltr'><strong>ditaremur</strong></span> <span class='ocrx_word' id='word_1_501' title='bbox 2003 3295 2077 3363; x_wconf 71' lang='lat'><strong>“,</strong></span> <span class='ocrx_word' id='word_1_502' title='bbox 2120 3310 2184 3367; x_wconf 74' lang='lat' dir='ltr'><strong>qr</strong></span> 
     </span>
    </p>
   </div>
   <div class='ocr_carea' id='block_1_69' title="bbox 2334 3291 3948 3368">
    <p class='ocr_par' dir='ltr' id='par_1_69' title="bbox 2334 3291 3948 3368">
     <span class='ocr_line' id='line_1_69' title="bbox 2334 3291 3948 3368; baseline -0.001 -18"><span class='ocrx_word' id='word_1_503' title='bbox 2334 3296 2524 3350; x_wconf 71' lang='grc' dir='ltr'>ἐκείνου</span> <span class='ocrx_word' id='word_1_504' title='bbox 2569 3300 2812 3367; x_wconf 84' lang='grc' dir='ltr'>πτωχείᾳ</span> <span class='ocrx_word' id='word_1_505' title='bbox 2852 3294 3224 3368; x_wconf 73' lang='grc' dir='ltr'>πλουτήσωμεν</span> <span class='ocrx_word' id='word_1_506' title='bbox 3254 3316 3267 3328; x_wconf 90' lang='grc'><strong>·</strong></span> <span class='ocrx_word' id='word_1_507' title='bbox 3310 3303 3381 3366; x_wconf 77' lang='grc' dir='ltr'>τῷ</span> <span class='ocrx_word' id='word_1_508' title='bbox 3431 3291 3578 3348; x_wconf 71' lang='grc' dir='ltr'>δόντι</span> <span class='ocrx_word' id='word_1_509' title='bbox 3622 3295 3806 3348; x_wconf 85' lang='grc' dir='ltr'>ἑαυτὸν</span> <span class='ocrx_word' id='word_1_510' title='bbox 3855 3296 3948 3350; x_wconf 85' lang='grc' dir='ltr'>λύ-</span> 
     </span>
    </p>
   </div>
   <div class='ocr_carea' id='block_1_70' title="bbox 573 3381 2187 3462">
    <p class='ocr_par' dir='ltr' id='par_1_70' title="bbox 573 3381 2187 3462">
     <span class='ocr_line' id='line_1_70' title="bbox 573 3381 2187 3462; baseline -0.003 -16"><span class='ocrx_word' id='word_1_511' title='bbox 573 3389 846 3462; x_wconf 88' lang='lat' dir='ltr'><strong>seipsum</strong></span> <span class='ocrx_word' id='word_1_512' title='bbox 893 3381 1325 3455; x_wconf 87' lang='lat' dir='ltr'><strong>redemptionis</strong></span> <span class='ocrx_word' id='word_1_513' title='bbox 1372 3381 1633 3453; x_wconf 89' lang='lat' dir='ltr'><strong>pretium</strong></span> <span class='ocrx_word' id='word_1_514' title='bbox 1670 3396 1782 3453; x_wconf 90' lang='lat' dir='ltr'><strong>pro</strong></span> <span class='ocrx_word' id='word_1_515' title='bbox 1827 3382 2005 3439; x_wconf 90' lang='lat' dir='ltr'><strong>nobis</strong></span> <span class='ocrx_word' id='word_1_516' title='bbox 2038 3384 2187 3441; x_wconf 86' lang='lat' dir='ltr'><strong>tradi</strong></span> 
     </span>
    </p>
   </div>
   <div class='ocr_carea' id='block_1_71' title="bbox 2330 3381 3944 3462">
    <p class='ocr_par' dir='ltr' id='par_1_71' title="bbox 2331 3383 3944 3460">
     <span class='ocr_line' id='line_1_71' title="bbox 2331 3383 3944 3460; baseline -0.002 -22"><span class='ocrx_word' id='word_1_517' title='bbox 2331 3404 2451 3460; x_wconf 87' lang='grc' dir='ltr'>τρον</span> <span class='ocrx_word' id='word_1_518' title='bbox 2493 3387 2619 3458; x_wconf 65' lang='grc' dir='ltr'>ὑπὲρ</span> <span class='ocrx_word' id='word_1_519' title='bbox 2668 3386 2834 3457; x_wconf 80' lang='grc' dir='ltr'>ἡμῶν·</span> <span class='ocrx_word' id='word_1_520' title='bbox 2867 3383 2933 3437; x_wconf 76' lang='grc' dir='ltr'>Ἠ</span> <span class='ocrx_word' id='word_1_521' title='bbox 2965 3386 3033 3446; x_wconf 81' lang='grc' dir='ltr'>ὡς</span> <span class='ocrx_word' id='word_1_522' title='bbox 3065 3392 3206 3456; x_wconf 77' lang='grc' dir='ltr'>σοφῷ</span> <span class='ocrx_word' id='word_1_523' title='bbox 3250 3387 3308 3436; x_wconf 89' lang='grc' dir='ltr'><strong>τό</strong></span> <span class='ocrx_word' id='word_1_524' title='bbox 3342 3388 3600 3457; x_wconf 69' lang='grc' dir='ltr'>συμφέρον</span> <span class='ocrx_word' id='word_1_525' title='bbox 3646 3386 3770 3457; x_wconf 74' lang='grc' dir='ltr'>ἡμῖν</span> <span class='ocrx_word' id='word_1_526' title='bbox 3819 3405 3944 3438; x_wconf 79' lang='grc' dir='ltr'>συν-</span> 
     </span>
    </p>
   </div>
   <div class='ocr_carea' id='block_1_72' title="bbox 570 3469 2184 3553">
    <p class='ocr_par' dir='ltr' id='par_1_72' title="bbox 570 3469 2182 3553">
     <span class='ocr_line' id='line_1_72' title="bbox 570 3469 2182 3553; baseline -0.004 -17"><span class='ocrx_word' id='word_1_527' title='bbox 570 3479 660 3536; x_wconf 87' lang='lat' dir='ltr'><strong>dit</strong></span> <span class='ocrx_word' id='word_1_528' title='bbox 678 3480 749 3535; x_wconf 73' lang='grc'><strong>³⁷.</strong></span> <span class='ocrx_word' id='word_1_529' title='bbox 781 3479 897 3533; x_wconf 79' lang='lat' dir='ltr'><strong>Aut</strong></span> <span class='ocrx_word' id='word_1_530' title='bbox 931 3474 1006 3542; x_wconf 90' lang='lat' dir='ltr'><strong>ei,</strong></span> <span class='ocrx_word' id='word_1_531' title='bbox 1031 3477 1100 3529; x_wconf 93' lang='lat' dir='ltr'><strong>ut</strong></span> <span class='ocrx_word' id='word_1_532' title='bbox 1145 3469 1423 3545; x_wconf 91' lang='lat' dir='ltr'><strong>sapienti,</strong></span> <span class='ocrx_word' id='word_1_533' title='bbox 1454 3473 1513 3527; x_wconf 91' lang='lat' dir='ltr'><strong>et</strong></span> <span class='ocrx_word' id='word_1_534' title='bbox 1538 3469 1706 3543; x_wconf 90' lang='lat' dir='ltr'><strong>quod</strong></span> <span class='ocrx_word' id='word_1_535' title='bbox 1737 3469 1916 3527; x_wconf 89' lang='lat' dir='ltr'><strong>nobis</strong></span> <span class='ocrx_word' id='word_1_536' title='bbox 1945 3472 2182 3553; x_wconf 87' lang='lat' dir='ltr'><strong>conduc</strong></span> 
     </span>
    </p>
   </div>
   <div class='ocr_carea' id='block_1_73' title="bbox 2330 3469 3944 3553">
    <p class='ocr_par' dir='ltr' id='par_1_73' title="bbox 2331 3471 3944 3551">
     <span class='ocr_line' id='line_1_73' title="bbox 2331 3471 3944 3551; baseline -0.001 -24"><span class='ocrx_word' id='word_1_537' title='bbox 2331 3484 2518 3551; x_wconf 86' lang='grc' dir='ltr'>ορῶντι</span> <span class='ocrx_word' id='word_1_538' title='bbox 2564 3476 2876 3545; x_wconf 81' lang='grc' dir='ltr'>πεισθῶμεν,</span> <span class='ocrx_word' id='word_1_539' title='bbox 2926 3476 2956 3531; x_wconf 82' lang='grc' dir='ltr'>ἧ</span> <span class='ocrx_word' id='word_1_540' title='bbox 3011 3475 3080 3535; x_wconf 82' lang='grc' dir='ltr'>ὡς</span> <span class='ocrx_word' id='word_1_541' title='bbox 3133 3471 3438 3544; x_wconf 82' lang='grc' dir='ltr'>ἀγαπῶντος</span> <span class='ocrx_word' id='word_1_542' title='bbox 3492 3475 3633 3545; x_wconf 73' lang='grc' dir='ltr'>ἡμᾶς</span> <span class='ocrx_word' id='word_1_543' title='bbox 3690 3471 3944 3547; x_wconf 75' lang='grc' dir='ltr'>ἀνασχώ-</span> 
     </span>
    </p>
   </div>
   <div class='ocr_carea' id='block_1_74' title="bbox 569 3559 2183 3643">
    <p class='ocr_par' dir='ltr' id='par_1_74' title="bbox 569 3560 2183 3643">
     <span class='ocr_line' id='line_1_74' title="bbox 569 3560 2183 3643; baseline -0.004 -17"><span class='ocrx_word' id='word_1_544' title='bbox 569 3565 933 3643; x_wconf 88' lang='lat' dir='ltr'><strong>providenti,</strong></span> <span class='ocrx_word' id='word_1_545' title='bbox 979 3577 1217 3619; x_wconf 89' lang='lat' dir='ltr'><strong>morem</strong></span> <span class='ocrx_word' id='word_1_546' title='bbox 1261 3575 1568 3631; x_wconf 85' lang='lat' dir='ltr'><strong>geramus,</strong></span> <span class='ocrx_word' id='word_1_547' title='bbox 1617 3563 1720 3617; x_wconf 87' lang='lat' dir='ltr'><strong>aut</strong></span> <span class='ocrx_word' id='word_1_548' title='bbox 1763 3564 1828 3616; x_wconf 91' lang='lat' dir='ltr'><strong>ut</strong></span> <span class='ocrx_word' id='word_1_549' title='bbox 1874 3560 2183 3633; x_wconf 82' lang='lat' dir='ltr'><strong>diligenter</strong></span> 
     </span>
    </p>
   </div>
   <div class='ocr_carea' id='block_1_75' title="bbox 2332 3559 3946 3643">
    <p class='ocr_par' dir='ltr' id='par_1_75' title="bbox 2332 3559 3946 3637">
     <span class='ocr_line' id='line_1_75' title="bbox 2332 3559 3946 3637; baseline -0.001 -19"><span class='ocrx_word' id='word_1_550' title='bbox 2332 3566 2484 3637; x_wconf 80' lang='grc' dir='ltr'>μεθα,</span> <span class='ocrx_word' id='word_1_551' title='bbox 2525 3565 2556 3623; x_wconf 66' lang='grc' dir='ltr'><strong><em>ἦ</em></strong></span> <span class='ocrx_word' id='word_1_552' title='bbox 2611 3565 2679 3624; x_wconf 80' lang='grc' dir='ltr'>ὡς</span> <span class='ocrx_word' id='word_1_553' title='bbox 2723 3561 2991 3635; x_wconf 65' lang='grc' dir='ltr'>εὐεργέτην</span> <span class='ocrx_word' id='word_1_554' title='bbox 3044 3563 3189 3633; x_wconf 78' lang='grc' dir='ltr'>ἡμῶν</span> <span class='ocrx_word' id='word_1_555' title='bbox 3239 3559 3598 3634; x_wconf 65' lang='grc' dir='ltr'>ἀμειψὼμεθα.</span> <span class='ocrx_word' id='word_1_556' title='bbox 3634 3564 3850 3626; x_wconf 84' lang='grc' dir='ltr'>Πάντως</span> <span class='ocrx_word' id='word_1_557' title='bbox 3884 3560 3946 3617; x_wconf 65' lang='grc' dir='ltr'>δὲ</span> 
     </span>
    </p>
   </div>
   <div class='ocr_carea' id='block_1_76' title="bbox 568 3647 2182 3727">
    <p class='ocr_par' dir='ltr' id='par_1_76' title="bbox 568 3647 2182 3727">
     <span class='ocr_line' id='line_1_76' title="bbox 568 3647 2182 3727; baseline -0.004 -12"><span class='ocrx_word' id='word_1_558' title='bbox 568 3673 710 3727; x_wconf 87' lang='lat' dir='ltr'><strong>nos,</strong></span> <span class='ocrx_word' id='word_1_559' title='bbox 723 3655 1161 3712; x_wconf 88' lang='lat' dir='ltr'><strong>sustineamus:</strong></span> <span class='ocrx_word' id='word_1_560' title='bbox 1185 3654 1290 3707; x_wconf 91' lang='lat' dir='ltr'><strong>aut</strong></span> <span class='ocrx_word' id='word_1_561' title='bbox 1309 3653 1374 3706; x_wconf 89' lang='lat' dir='ltr'><strong>ut</strong></span> <span class='ocrx_word' id='word_1_562' title='bbox 1394 3647 1792 3706; x_wconf 83' lang='lat' dir='ltr'><strong>benefacienti</strong></span> <span class='ocrx_word' id='word_1_563' title='bbox 1811 3648 2009 3718; x_wconf 89' lang='lat' dir='ltr'><strong>nobis,</strong></span> <span class='ocrx_word' id='word_1_564' title='bbox 2031 3651 2182 3709; x_wconf 71' lang='lat' dir='ltr'><strong>vice!</strong></span> 
     </span>
    </p>
   </div>
   <div class='ocr_carea' id='block_1_77' title="bbox 2332 3647 3946 3727">
    <p class='ocr_par' dir='ltr' id='par_1_77' title="bbox 2332 3647 3946 3725">
     <span class='ocr_line' id='line_1_77' title="bbox 2332 3647 3946 3725; baseline -0.001 -20"><span class='ocrx_word' id='word_1_565' title='bbox 2332 3658 2631 3725; x_wconf 76' lang='grc' dir='ltr'>ποιήσωμεν</span> <span class='ocrx_word' id='word_1_566' title='bbox 2696 3652 2763 3705; x_wconf 78' lang='grc' dir='ltr'>τὰ</span> <span class='ocrx_word' id='word_1_567' title='bbox 2824 3647 3205 3722; x_wconf 75' lang='grc' dir='ltr'>διατεταγμένα</span> <span class='ocrx_word' id='word_1_568' title='bbox 3262 3652 3408 3723; x_wconf 73' lang='grc' dir='ltr'>ἡμῖν,</span> <span class='ocrx_word' id='word_1_569' title='bbox 3479 3648 3564 3703; x_wconf 77' lang='grc' dir='ltr'>ἳνα</span> <span class='ocrx_word' id='word_1_570' title='bbox 3626 3649 3946 3725; x_wconf 78' lang='grc' dir='ltr'>κληρονόμοι</span> 
     </span>
    </p>
   </div>
   <div class='ocr_carea' id='block_1_78' title="bbox 569 3737 2183 3820">
    <p class='ocr_par' dir='ltr' id='par_1_78' title="bbox 569 3739 2183 3820">
     <span class='ocr_line' id='line_1_78' title="bbox 569 3739 2183 3820; baseline -0.004 -16"><span class='ocrx_word' id='word_1_571' title='bbox 569 3744 999 3820; x_wconf 87' lang='lat' dir='ltr'><strong>rependamus.</strong></span> <span class='ocrx_word' id='word_1_572' title='bbox 1031 3739 1291 3798; x_wconf 89' lang='lat' dir='ltr'><strong>Omnino</strong></span> <span class='ocrx_word' id='word_1_573' title='bbox 1322 3742 1527 3795; x_wconf 90' lang='lat' dir='ltr'><strong>autem</strong></span> <span class='ocrx_word' id='word_1_574' title='bbox 1553 3753 1690 3811; x_wconf 72' lang='lat' dir='ltr'><strong>quae</strong></span> <span class='ocrx_word' id='word_1_575' title='bbox 1721 3744 2023 3811; x_wconf 66' lang='lat' dir='ltr'><strong>prtecepta</strong></span> <span class='ocrx_word' id='word_1_576' title='bbox 2049 3740 2183 3797; x_wconf 82' lang='lat' dir='ltr'><strong>nobl</strong></span> 
     </span>
    </p>
   </div>
   <div class='ocr_carea' id='block_1_79' title="bbox 2329 3737 3943 3820">
    <p class='ocr_par' dir='ltr' id='par_1_79' title="bbox 2330 3737 3943 3815">
     <span class='ocr_line' id='line_1_79' title="bbox 2330 3737 3943 3815; baseline -0.002 -20"><span class='ocrx_word' id='word_1_577' title='bbox 2330 3743 2596 3815; x_wconf 70' lang='grc' dir='ltr'>γενώμεθα</span> <span class='ocrx_word' id='word_1_578' title='bbox 2650 3748 2746 3803; x_wconf 81' lang='grc' dir='ltr'>τῆς</span> <span class='ocrx_word' id='word_1_579' title='bbox 2800 3738 3010 3791; x_wconf 86' lang='grc' dir='ltr'>αἰωνίου</span> <span class='ocrx_word' id='word_1_580' title='bbox 3061 3738 3201 3801; x_wconf 80' lang='grc' dir='ltr'>ζωῆς</span> <span class='ocrx_word' id='word_1_581' title='bbox 3252 3747 3347 3800; x_wconf 78' lang='grc' dir='ltr'>τῆς</span> <span class='ocrx_word' id='word_1_582' title='bbox 3400 3737 3447 3790; x_wconf 83' lang='grc' dir='ltr'>ἐν</span> <span class='ocrx_word' id='word_1_583' title='bbox 3503 3738 3641 3810; x_wconf 79' lang='grc' dir='ltr'>αύτῷ</span> <span class='ocrx_word' id='word_1_584' title='bbox 3671 3747 3895 3813; x_wconf 77' lang='grc' dir='ltr'>Χριστῷ</span> <span class='ocrx_word' id='word_1_585' title='bbox 3930 3762 3943 3775; x_wconf 91' lang='grc'><strong>·</strong></span> 
     </span>
    </p>
   </div>
   <div class='ocr_carea' id='block_1_80' title="bbox 570 3826 2184 3905">
    <p class='ocr_par' dir='ltr' id='par_1_80' title="bbox 570 3826 2184 3905">
     <span class='ocr_line' id='line_1_80' title="bbox 570 3826 2184 3905; baseline -0.004 -12"><span class='ocrx_word' id='word_1_586' title='bbox 570 3840 713 3894; x_wconf 85' lang='lat' dir='ltr'><strong>sunt</strong></span> <span class='ocrx_word' id='word_1_587' title='bbox 735 3845 1162 3905; x_wconf 79' lang='lat' dir='ltr'><strong>exsequamur,</strong></span> <span class='ocrx_word' id='word_1_588' title='bbox 1184 3832 1251 3885; x_wconf 89' lang='lat' dir='ltr'><strong>ut</strong></span> <span class='ocrx_word' id='word_1_589' title='bbox 1273 3832 1515 3884; x_wconf 66' lang='lat' dir='ltr'><strong>aeternae</strong></span> <span class='ocrx_word' id='word_1_590' title='bbox 1535 3826 1670 3883; x_wconf 83' lang='lat' dir='ltr'><strong>vitae</strong></span> <span class='ocrx_word' id='word_1_591' title='bbox 1701 3827 1818 3899; x_wconf 74' lang='grc'><strong>62</strong></span> <span class='ocrx_word' id='word_1_592' title='bbox 1842 3843 1981 3901; x_wconf 67' lang='lat' dir='ltr'><strong>quae</strong></span> <span class='ocrx_word' id='word_1_593' title='bbox 1999 3828 2064 3886; x_wconf 92' lang='lat' dir='ltr'><strong>in</strong></span> <span class='ocrx_word' id='word_1_594' title='bbox 2092 3830 2184 3903; x_wconf 89' lang='lat' dir='ltr'><strong>ips</strong></span> 
     </span>
    </p>
   </div>
   <div class='ocr_carea' id='block_1_81' title="bbox 2328 3826 3942 3905">
    <p class='ocr_par' dir='ltr' id='par_1_81' title="bbox 2331 3826 3942 3903">
     <span class='ocr_line' id='line_1_81' title="bbox 2331 3826 3942 3903; baseline -0.002 -19"><span class='ocrx_word' id='word_1_595' title='bbox 2331 3828 2372 3903; x_wconf 81' lang='grc' dir='ltr'><strong>ᾧ</strong></span> <span class='ocrx_word' id='word_1_596' title='bbox 2402 3834 2431 3890; x_wconf 74' lang='grc' dir='ltr'><strong>ἡ</strong></span> <span class='ocrx_word' id='word_1_597' title='bbox 2468 3827 2600 3894; x_wconf 84' lang='grc' dir='ltr'>δόξα</span> <span class='ocrx_word' id='word_1_598' title='bbox 2622 3834 2714 3883; x_wconf 84' lang='grc' dir='ltr'>καὶ</span> <span class='ocrx_word' id='word_1_599' title='bbox 2751 3832 2809 3882; x_wconf 84' lang='grc' dir='ltr'><strong>τό</strong></span> <span class='ocrx_word' id='word_1_600' title='bbox 2848 3828 3039 3901; x_wconf 88' lang='grc' dir='ltr'>κράτος</span> <span class='ocrx_word' id='word_1_601' title='bbox 3069 3826 3141 3890; x_wconf 86' lang='grc' dir='ltr'><strong>εἰς</strong></span> <span class='ocrx_word' id='word_1_602' title='bbox 3185 3831 3306 3889; x_wconf 79' lang='grc' dir='ltr'>τοὺς</span> <span class='ocrx_word' id='word_1_603' title='bbox 3355 3827 3544 3890; x_wconf 81' lang='grc' dir='ltr'>αἰῶνας</span> <span class='ocrx_word' id='word_1_604' title='bbox 3586 3836 3686 3880; x_wconf 87' lang='grc' dir='ltr'><strong>τῶν</strong></span> <span class='ocrx_word' id='word_1_605' title='bbox 3717 3828 3942 3886; x_wconf 81' lang='grc' dir='ltr'>αἰώνων.</span> 
     </span>
    </p>
   </div>
   <div class='ocr_carea' id='block_1_82' title="bbox 570 3914 2519 3992">
    <p class='ocr_par' dir='ltr' id='par_1_82' title="bbox 570 3914 2519 3992">
     <span class='ocr_line' id='line_1_82' title="bbox 570 3914 2519 3992; baseline -0.005 -8"><span class='ocrx_word' id='word_1_606' title='bbox 570 3925 803 3984; x_wconf 87' lang='lat' dir='ltr'><strong>Christo</strong></span> <span class='ocrx_word' id='word_1_607' title='bbox 848 3925 970 3987; x_wconf 89' lang='lat' dir='ltr'><strong>est,</strong></span> <span class='ocrx_word' id='word_1_608' title='bbox 1019 3917 1291 3976; x_wconf 58' lang='lat' dir='ltr'><strong>heredes</strong></span> <span class='ocrx_word' id='word_1_609' title='bbox 1341 3914 1727 3972; x_wconf 80' lang='lat' dir='ltr'><strong>efﬁciamur:</strong></span> <span class='ocrx_word' id='word_1_610' title='bbox 1778 3917 1876 3974; x_wconf 88' lang='lat' dir='ltr'><strong>cui</strong></span> <span class='ocrx_word' id='word_1_611' title='bbox 1925 3917 2118 3990; x_wconf 90' lang='lat' dir='ltr'><strong>gloria</strong></span> <span class='ocrx_word' id='word_1_612' title='bbox 2170 3924 2228 3978; x_wconf 89' lang='lat' dir='ltr'><strong>et</strong></span> <span class='ocrx_word' id='word_1_613' title='bbox 2331 3920 2519 3992; x_wconf 73' lang='grc' dir='ltr'>Ἀμήν.</span> 
     </span>
    </p>
   </div>
   <div class='ocr_carea' id='block_1_83' title="bbox 568 4004 1821 4090">
    <p class='ocr_par' dir='ltr' id='par_1_83' title="bbox 568 4004 1821 4090">
     <span class='ocr_line' id='line_1_83' title="bbox 568 4004 1821 4090; baseline -0.009 -17"><span class='ocrx_word' id='word_1_614' title='bbox 568 4018 836 4090; x_wconf 88' lang='lat' dir='ltr'><strong>potestas</strong></span> <span class='ocrx_word' id='word_1_615' title='bbox 860 4010 921 4067; x_wconf 91' lang='lat' dir='ltr'><strong>in</strong></span> <span class='ocrx_word' id='word_1_616' title='bbox 947 4006 1171 4066; x_wconf 67' lang='lat' dir='ltr'><strong>saecula</strong></span> <span class='ocrx_word' id='word_1_617' title='bbox 1195 4004 1578 4062; x_wconf 67' lang='lat' dir='ltr'><strong>saeculorum.</strong></span> <span class='ocrx_word' id='word_1_618' title='bbox 1608 4007 1821 4062; x_wconf 81' lang='lat' dir='ltr'><strong>Amen.</strong></span> 
     </span>
    </p>
   </div>
   <div class='ocr_carea' id='block_1_84' title="bbox 567 4136 3942 4163">
    <p class='ocr_par' dir='ltr' id='par_1_84' title="bbox 567 4136 3942 4163">
     <span class='ocr_line' id='line_1_84' title="bbox 567 4136 3942 4163; baseline -0.001 -2"><span class='ocrx_word' id='word_1_619' title='bbox 567 4136 3942 4163; x_wconf 53' lang='lat' dir='ltr'>ww</span> 
     </span>
    </p>
   </div>
   <div class='ocr_carea' id='block_1_85' title="bbox 818 4226 2432 4294">
    <p class='ocr_par' dir='ltr' id='par_1_85' title="bbox 818 4226 2306 4294">
     <span class='ocr_line' id='line_1_85' title="bbox 818 4226 2306 4294; baseline -0.003 0"><span class='ocrx_word' id='word_1_620' title='bbox 818 4232 1112 4294; x_wconf 77' lang='lat' dir='ltr'><strong>HOMILIA</strong></span> <span class='ocrx_word' id='word_1_621' title='bbox 1147 4228 1352 4286; x_wconf 80' lang='lat' dir='ltr'><strong>DICTA</strong></span> <span class='ocrx_word' id='word_1_622' title='bbox 1387 4226 1713 4286; x_wconf 77' lang='lat' dir='ltr'><strong>TEMPORE</strong></span> <span class='ocrx_word' id='word_1_623' title='bbox 1750 4226 1962 4287; x_wconf 81' lang='lat' dir='ltr'><strong>FAMIS</strong></span> <span class='ocrx_word' id='word_1_624' title='bbox 2261 4233 2306 4289; x_wconf 89' lang='lat' dir='ltr'><strong>D</strong></span> 
     </span>
    </p>
   </div>
   <div class='ocr_carea' id='block_1_86' title="bbox 1976 4226 3590 4294">
    <p class='ocr_par' dir='ltr' id='par_1_86' title="bbox 2261 4232 3590 4289">
     <span class='ocr_line' id='line_1_86' title="bbox 2261 4232 3590 4289; baseline -0.004 0"><span class='ocrx_word' id='word_1_625' title='bbox 2261 4233 2306 4289; x_wconf 79' lang='grc' dir='ltr'><strong>Ι)</strong></span> <span class='ocrx_word' id='word_1_626' title='bbox 2680 4235 2928 4285; x_wconf 79' lang='grc' dir='ltr'><strong>ΟΜΙΛῙΑ</strong></span> <span class='ocrx_word' id='word_1_627' title='bbox 2967 4232 3249 4283; x_wconf 78' lang='grc' dir='ltr'><strong>ΡΗΘΕῙΣΑ</strong></span> <span class='ocrx_word' id='word_1_628' title='bbox 3288 4235 3375 4284; x_wconf 81' lang='grc' dir='ltr'><strong>ΕΝ</strong></span> <span class='ocrx_word' id='word_1_629' title='bbox 3412 4235 3590 4286; x_wconf 83' lang='grc' dir='ltr'><strong>ΛΙΜΩ.</strong></span> 
     </span>
    </p>
   </div>
   <div class='ocr_carea' id='block_1_87' title="bbox 1130 4336 2744 4402">
    <p class='ocr_par' dir='ltr' id='par_1_87' title="bbox 1130 4336 1667 4402">
     <span class='ocr_line' id='line_1_87' title="bbox 1130 4336 1667 4402; baseline -0.002 -6"><span class='ocrx_word' id='word_1_630' title='bbox 1130 4336 1215 4397; x_wconf 82' lang='grc' dir='ltr'>ΕΤ</span> <span class='ocrx_word' id='word_1_631' title='bbox 1253 4336 1667 4402; x_wconf 76' lang='lat' dir='ltr'><strong>SICCITATIS.‘</strong></span> 
     </span>
    </p>
   </div>
   <div class='ocr_carea' id='block_1_88' title="bbox 1723 4336 3337 4402">
    <p class='ocr_par' dir='ltr' id='par_1_88' title="bbox 2928 4341 3337 4393">
     <span class='ocr_line' id='line_1_88' title="bbox 2928 4341 3337 4393; baseline 0 -1"><span class='ocrx_word' id='word_1_632' title='bbox 2928 4342 3041 4393; x_wconf 82' lang='grc' dir='ltr'><strong>ΚΑΙ</strong></span> <span class='ocrx_word' id='word_1_633' title='bbox 3083 4341 3337 4393; x_wconf 76' lang='grc' dir='ltr'><strong>ΔΥΧΜΩ..</strong></span> 
     </span>
    </p>
   </div>
   <div class='ocr_carea' id='block_1_89' title="bbox 640 4460 2254 4540">
    <p class='ocr_par' dir='ltr' id='par_1_89' title="bbox 640 4460 2224 4540">
     <span class='ocr_line' id='line_1_89' title="bbox 640 4460 2224 4540; baseline -0.006 -10"><span class='ocrx_word' id='word_1_634' title='bbox 640 4475 693 4530; x_wconf 78' lang='grc'>1.</span> <span class='ocrx_word' id='word_1_635' title='bbox 724 4472 840 4528; x_wconf 86' lang='lat' dir='ltr'><strong>Leo</strong></span> <span class='ocrx_word' id='word_1_636' title='bbox 859 4467 1077 4540; x_wconf 83' lang='lat' dir='ltr'><strong>rugiet,</strong></span> <span class='ocrx_word' id='word_1_637' title='bbox 1092 4470 1147 4522; x_wconf 84' lang='lat' dir='ltr'><strong>et</strong></span> <span class='ocrx_word' id='word_1_638' title='bbox 1167 4463 1302 4536; x_wconf 83' lang='lat' dir='ltr'><strong>quis</strong></span> <span class='ocrx_word' id='word_1_639' title='bbox 1324 4477 1447 4519; x_wconf 82' lang='lat' dir='ltr'><strong>non</strong></span> <span class='ocrx_word' id='word_1_640' title='bbox 1468 4460 1734 4519; x_wconf 79' lang='lat' dir='ltr'><strong>timebit?</strong></span> <span class='ocrx_word' id='word_1_641' title='bbox 1756 4461 2047 4520; x_wconf 82' lang='lat' dir='ltr'><strong>Dominus</strong></span> <span class='ocrx_word' id='word_1_642' title='bbox 2065 4463 2224 4522; x_wconf 83' lang='lat' dir='ltr'><strong>Deus</strong></span> 
     </span>
    </p>
   </div>
   <div class='ocr_carea' id='block_1_90' title="bbox 2330 4460 3944 4540">
    <p class='ocr_par' dir='ltr' id='par_1_90' title="bbox 2406 4462 3944 4539">
     <span class='ocr_line' id='line_1_90' title="bbox 2406 4462 3944 4539; baseline -0.003 -18"><span class='ocrx_word' id='word_1_643' title='bbox 2406 4468 2455 4521; x_wconf 77' lang='grc'>1.</span> <span class='ocrx_word' id='word_1_644' title='bbox 2498 4466 2639 4519; x_wconf 71' lang='grc' dir='ltr'>Λέων</span> <span class='ocrx_word' id='word_1_645' title='bbox 2691 4462 2969 4539; x_wconf 75' lang='grc' dir='ltr'>ἕρεύξεται,</span> <span class='ocrx_word' id='word_1_646' title='bbox 3016 4468 3107 4516; x_wconf 82' lang='grc' dir='ltr'>καὶ</span> <span class='ocrx_word' id='word_1_647' title='bbox 3145 4468 3224 4526; x_wconf 86' lang='grc' dir='ltr'><strong>τίς</strong></span> <span class='ocrx_word' id='word_1_648' title='bbox 3271 4463 3331 4517; x_wconf 85' lang='grc' dir='ltr'><strong>ού</strong></span> <span class='ocrx_word' id='word_1_649' title='bbox 3384 4462 3776 4537; x_wconf 58' lang='grc' dir='ltr'>φοϐηθνὸσεταη</span> <span class='ocrx_word' id='word_1_650' title='bbox 3834 4468 3944 4519; x_wconf 76' lang='grc' dir='ltr'><strong>Κύ-</strong></span> 
     </span>
    </p>
   </div>
   <div class='ocr_carea' id='block_1_91' title="bbox 566 4550 2180 4628">
    <p class='ocr_par' dir='ltr' id='par_1_91' title="bbox 566 4550 2180 4628">
     <span class='ocr_line' id='line_1_91' title="bbox 566 4550 2180 4628; baseline -0.005 -8"><span class='ocrx_word' id='word_1_651' title='bbox 566 4566 798 4622; x_wconf 83' lang='lat' dir='ltr'><strong>locutus</strong></span> <span class='ocrx_word' id='word_1_652' title='bbox 819 4565 925 4628; x_wconf 86' lang='lat' dir='ltr'><strong>est,</strong></span> <span class='ocrx_word' id='word_1_653' title='bbox 940 4562 995 4615; x_wconf 84' lang='lat' dir='ltr'><strong>et</strong></span> <span class='ocrx_word' id='word_1_654' title='bbox 1019 4556 1150 4628; x_wconf 81' lang='lat' dir='ltr'><strong>quis</strong></span> <span class='ocrx_word' id='word_1_655' title='bbox 1170 4568 1291 4609; x_wconf 82' lang='lat' dir='ltr'><strong>non</strong></span> <span class='ocrx_word' id='word_1_656' title='bbox 1310 4550 1702 4624; x_wconf 82' lang='lat' dir='ltr'><strong>prophetabit</strong></span> <span class='ocrx_word' id='word_1_657' title='bbox 1717 4550 1803 4605; x_wconf 65' lang='grc' dir='ltr'>ιη</span> <span class='ocrx_word' id='word_1_658' title='bbox 1823 4552 2180 4612; x_wconf 81' lang='lat' dir='ltr'><strong>Exordiamu</strong></span> 
     </span>
    </p>
   </div>
   <div class='ocr_carea' id='block_1_92' title="bbox 2325 4550 3939 4628">
    <p class='ocr_par' dir='ltr' id='par_1_92' title="bbox 2328 4550 3939 4628">
     <span class='ocr_line' id='line_1_92' title="bbox 2328 4550 3939 4628; baseline 0 -22"><span class='ocrx_word' id='word_1_659' title='bbox 2328 4572 2440 4628; x_wconf 91' lang='grc' dir='ltr'>ριος</span> <span class='ocrx_word' id='word_1_660' title='bbox 2496 4554 2523 4606; x_wconf 90' lang='grc' dir='ltr'><strong>ό</strong></span> <span class='ocrx_word' id='word_1_661' title='bbox 2588 4555 2718 4615; x_wconf 87' lang='grc' dir='ltr'>Θεὸς</span> <span class='ocrx_word' id='word_1_662' title='bbox 2791 4550 3046 4617; x_wconf 75' lang='grc' dir='ltr'>ἑλάλησε,</span> <span class='ocrx_word' id='word_1_663' title='bbox 3101 4558 3191 4606; x_wconf 81' lang='grc' dir='ltr'>καὶ</span> <span class='ocrx_word' id='word_1_664' title='bbox 3257 4556 3338 4616; x_wconf 89' lang='grc' dir='ltr'><strong>τίς</strong></span> <span class='ocrx_word' id='word_1_665' title='bbox 3402 4552 3462 4605; x_wconf 82' lang='grc' dir='ltr'><strong>ού</strong></span> <span class='ocrx_word' id='word_1_666' title='bbox 3532 4555 3939 4626; x_wconf 71' lang='grc' dir='ltr'>προφητεύσεις</span> 
     </span>
    </p>
   </div>
   <div class='ocr_carea' id='block_1_93' title="bbox 565 4640 2179 4719">
    <p class='ocr_par' dir='ltr' id='par_1_93' title="bbox 565 4640 2179 4719">
     <span class='ocr_line' id='line_1_93' title="bbox 565 4640 2179 4719; baseline -0.009 -7"><span class='ocrx_word' id='word_1_667' title='bbox 565 4651 900 4712; x_wconf 86' lang='lat' dir='ltr'><strong>orationem</strong></span> <span class='ocrx_word' id='word_1_668' title='bbox 921 4663 957 4704; x_wconf 91' lang='lat' dir='ltr'><strong>a</strong></span> <span class='ocrx_word' id='word_1_669' title='bbox 974 4644 1287 4719; x_wconf 67' lang='lat' dir='ltr'><strong>prophetae</strong></span> <span class='ocrx_word' id='word_1_670' title='bbox 1306 4640 1527 4711; x_wconf 89' lang='lat' dir='ltr'><strong>verbis,</strong></span> <span class='ocrx_word' id='word_1_671' title='bbox 1550 4645 1734 4714; x_wconf 85' lang='lat' dir='ltr'><strong>atque</strong></span> <span class='ocrx_word' id='word_1_672' title='bbox 1754 4641 1817 4697; x_wconf 92' lang='lat' dir='ltr'><strong>in</strong></span> <span class='ocrx_word' id='word_1_673' title='bbox 1836 4641 2022 4715; x_wconf 88' lang='lat' dir='ltr'><strong>hujus</strong></span> <span class='ocrx_word' id='word_1_674' title='bbox 2045 4657 2179 4714; x_wconf 71' lang='lat' dir='ltr'><strong>argi</strong></span> 
     </span>
    </p>
   </div>
   <div class='ocr_carea' id='block_1_94' title="bbox 2331 4640 3945 4719">
    <p class='ocr_par' dir='ltr' id='par_1_94' title="bbox 2331 4640 3945 4717">
     <span class='ocr_line' id='line_1_94' title="bbox 2331 4640 3945 4717; baseline 0.001 -21"><span class='ocrx_word' id='word_1_675' title='bbox 2331 4645 2657 4717; x_wconf 76' lang='grc' dir='ltr'>Προφητικόν</span> <span class='ocrx_word' id='word_1_676' title='bbox 2702 4646 3004 4716; x_wconf 79' lang='grc' dir='ltr'>ποιήσωμεν</span> <span class='ocrx_word' id='word_1_677' title='bbox 3053 4643 3113 4695; x_wconf 89' lang='grc' dir='ltr'><strong>τό</strong></span> <span class='ocrx_word' id='word_1_678' title='bbox 3162 4648 3255 4695; x_wconf 81' lang='grc' dir='ltr'>τοῦ</span> <span class='ocrx_word' id='word_1_679' title='bbox 3301 4640 3458 4713; x_wconf 76' lang='grc' dir='ltr'>λόγου</span> <span class='ocrx_word' id='word_1_680' title='bbox 3506 4646 3800 4716; x_wconf 86' lang='grc' dir='ltr'>προοίμιον,</span> <span class='ocrx_word' id='word_1_681' title='bbox 3843 4649 3945 4697; x_wconf 77' lang='grc' dir='ltr'>καὶ</span> 
     </span>
    </p>
   </div>
   <div class='ocr_carea' id='block_1_95' title="bbox 563 4728 2177 4808">
    <p class='ocr_par' dir='ltr' id='par_1_95' title="bbox 563 4728 2177 4804">
     <span class='ocr_line' id='line_1_95' title="bbox 563 4728 2177 4804; baseline -0.009 -3"><span class='ocrx_word' id='word_1_682' title='bbox 563 4740 751 4801; x_wconf 91' lang='lat' dir='ltr'><strong>menti</strong></span> <span class='ocrx_word' id='word_1_683' title='bbox 780 4735 1129 4796; x_wconf 86' lang='lat' dir='ltr'><strong>tractionem</strong></span> <span class='ocrx_word' id='word_1_684' title='bbox 1159 4728 1541 4788; x_wconf 83' lang='lat' dir='ltr'><strong>auxiliarium</strong></span> <span class='ocrx_word' id='word_1_685' title='bbox 1567 4745 1962 4787; x_wconf 88' lang='lat' dir='ltr'><strong>assumamus</strong></span> <span class='ocrx_word' id='word_1_686' title='bbox 1989 4731 2177 4804; x_wconf 70' lang='lat' dir='ltr'><strong>ipsum</strong></span> 
     </span>
    </p>
   </div>
   <div class='ocr_carea' id='block_1_96' title="bbox 2329 4728 3943 4808">
    <p class='ocr_par' dir='ltr' id='par_1_96' title="bbox 2329 4730 3943 4808">
     <span class='ocr_line' id='line_1_96' title="bbox 2329 4730 3943 4808; baseline 0.001 -23"><span class='ocrx_word' id='word_1_687' title='bbox 2329 4735 2414 4785; x_wconf 90' lang='grc' dir='ltr'><strong>τόν</strong></span> <span class='ocrx_word' id='word_1_688' title='bbox 2463 4734 2858 4808; x_wconf 76' lang='grc' dir='ltr'>θεοφορούμενον</span> <span class='ocrx_word' id='word_1_689' title='bbox 2900 4730 3071 4805; x_wconf 84' lang='grc' dir='ltr'><strong>Ἀμώς</strong></span> <span class='ocrx_word' id='word_1_690' title='bbox 3122 4734 3367 4805; x_wconf 80' lang='grc' dir='ltr'>συνεργόν</span> <span class='ocrx_word' id='word_1_691' title='bbox 3415 4731 3486 4793; x_wconf 83' lang='grc' dir='ltr'><strong>εἰς</strong></span> <span class='ocrx_word' id='word_1_692' title='bbox 3526 4736 3619 4789; x_wconf 76' lang='grc' dir='ltr'>τὴν</span> <span class='ocrx_word' id='word_1_693' title='bbox 3661 4740 3763 4784; x_wconf 84' lang='grc' dir='ltr'><strong>τῶν</strong></span> <span class='ocrx_word' id='word_1_694' title='bbox 3805 4751 3943 4807; x_wconf 83' lang='grc' dir='ltr'>προ-</span> 
     </span>
    </p>
   </div>
   <div class='ocr_carea' id='block_1_97' title="bbox 561 4817 2175 4897">
    <p class='ocr_par' dir='ltr' id='par_1_97' title="bbox 561 4817 2175 4890">
     <span class='ocr_line' id='line_1_97' title="bbox 561 4817 2175 4890; baseline -0.009 1"><span class='ocrx_word' id='word_1_695' title='bbox 561 4837 746 4890; x_wconf 81' lang='lat' dir='ltr'><strong>Amos</strong></span> <span class='ocrx_word' id='word_1_696' title='bbox 759 4824 1044 4886; x_wconf 89' lang='lat' dir='ltr'><strong>divinitus</strong></span> <span class='ocrx_word' id='word_1_697' title='bbox 1064 4822 1128 4878; x_wconf 86' lang='lat' dir='ltr'><strong>af</strong></span> <span class='ocrx_word' id='word_1_698' title='bbox 1130 4821 1357 4886; x_wconf 89' lang='lat' dir='ltr'><strong>tlatum,</strong></span> <span class='ocrx_word' id='word_1_699' title='bbox 1372 4817 1476 4890; x_wconf 89' lang='lat' dir='ltr'><strong>qui</strong></span> <span class='ocrx_word' id='word_1_700' title='bbox 1491 4817 1586 4874; x_wconf 89' lang='lat' dir='ltr'><strong>his</strong></span> <span class='ocrx_word' id='word_1_701' title='bbox 1604 4817 1829 4890; x_wconf 88' lang='lat' dir='ltr'><strong>quibus</strong></span> <span class='ocrx_word' id='word_1_702' title='bbox 1839 4818 2175 4877; x_wconf 84' lang='lat' dir='ltr'><strong>infestamm</strong></span> 
     </span>
    </p>
   </div>
   <div class='ocr_carea' id='block_1_98' title="bbox 2324 4817 3938 4897">
    <p class='ocr_par' dir='ltr' id='par_1_98' title="bbox 2326 4818 3938 4897">
     <span class='ocr_line' id='line_1_98' title="bbox 2326 4818 3938 4897; baseline -0.001 -23"><span class='ocrx_word' id='word_1_703' title='bbox 2326 4824 2567 4896; x_wconf 77' lang='grc' dir='ltr'>κειμένων</span> <span class='ocrx_word' id='word_1_704' title='bbox 2612 4824 2801 4897; x_wconf 87' lang='grc' dir='ltr'>χρείαν</span> <span class='ocrx_word' id='word_1_705' title='bbox 2850 4818 3266 4893; x_wconf 82' lang='grc' dir='ltr'>παραλάϐωμεν,</span> <span class='ocrx_word' id='word_1_706' title='bbox 3316 4822 3384 4872; x_wconf 82' lang='grc' dir='ltr'>τὰ</span> <span class='ocrx_word' id='word_1_707' title='bbox 3439 4821 3595 4892; x_wconf 86' lang='grc' dir='ltr'>ὃμοια</span> <span class='ocrx_word' id='word_1_708' title='bbox 3649 4828 3751 4872; x_wconf 88' lang='grc' dir='ltr'><strong>τῶν</strong></span> <span class='ocrx_word' id='word_1_709' title='bbox 3804 4821 3938 4894; x_wconf 80' lang='grc' dir='ltr'>ἡμῖν</span> 
     </span>
    </p>
   </div>
   <div class='ocr_carea' id='block_1_99' title="bbox 561 4906 2175 4999">
    <p class='ocr_par' dir='ltr' id='par_1_99' title="bbox 561 4907 2175 4999">
     <span class='ocr_line' id='line_1_99' title="bbox 561 4907 2175 4999; baseline -0.009 -17"><span class='ocrx_word' id='word_1_710' title='bbox 561 4937 740 4999; x_wconf 89' lang='lat' dir='ltr'><strong>pares</strong></span> <span class='ocrx_word' id='word_1_711' title='bbox 780 4914 1154 4976; x_wconf 85' lang='lat' dir='ltr'><strong>calamitates</strong></span> <span class='ocrx_word' id='word_1_712' title='bbox 1201 4907 1450 4967; x_wconf 78' lang='lat' dir='ltr'><strong>curavit.</strong></span> <span class='ocrx_word' id='word_1_713' title='bbox 1504 4907 1785 4966; x_wconf 85' lang='lat' dir='ltr'><strong>Videlicet</strong></span> <span class='ocrx_word' id='word_1_714' title='bbox 1833 4923 2175 4983; x_wconf 82' lang='lat' dir='ltr'><strong>exponamu</strong></span> 
     </span>
    </p>
   </div>
   <div class='ocr_carea' id='block_1_100' title="bbox 2326 4906 3940 4999">
    <p class='ocr_par' dir='ltr' id='par_1_100' title="bbox 2329 4906 3940 4984">
     <span class='ocr_line' id='line_1_100' title="bbox 2329 4906 3940 4984; baseline -0.001 -20"><span class='ocrx_word' id='word_1_715' title='bbox 2329 4906 2683 4984; x_wconf 84' lang='grc' dir='ltr'>διοχλούντων</span> <span class='ocrx_word' id='word_1_716' title='bbox 2737 4918 2911 4962; x_wconf 85' lang='grc' dir='ltr'>κακῶν</span> <span class='ocrx_word' id='word_1_717' title='bbox 2965 4911 3358 4983; x_wconf 68' lang='grc' dir='ltr'>θεραπεύσαντα</span> <span class='ocrx_word' id='word_1_718' title='bbox 3412 4910 3532 4981; x_wconf 70' lang='grc'><strong>(54)</strong></span> <span class='ocrx_word' id='word_1_719' title='bbox 3585 4910 3729 4968; x_wconf 77' lang='grc' dir='ltr'>πάθη</span> <span class='ocrx_word' id='word_1_720' title='bbox 3760 4929 3775 4943; x_wconf 76' lang='grc' dir='ltr'><strong>ο</strong></span> <span class='ocrx_word' id='word_1_721' title='bbox 3833 4915 3940 4969; x_wconf 71' lang='grc' dir='ltr'>τὴν</span> 
     </span>
    </p>
   </div>
   <div class='ocr_carea' id='block_1_101' title="bbox 632 5067 2246 5144">
    <p class='ocr_par' dir='ltr' id='par_1_101' title="bbox 632 5067 2241 5144">
     <span class='ocr_line' id='line_1_101' title="bbox 632 5067 2241 5144; baseline -0.006 -6"><span class='ocrx_word' id='word_1_722' title='bbox 632 5082 681 5119; x_wconf 82' lang='grc'><strong>³⁸</strong></span> <span class='ocrx_word' id='word_1_723' title='bbox 722 5077 910 5139; x_wconf 88' lang='lat' dir='ltr'><strong>Galat.</strong></span> <span class='ocrx_word' id='word_1_724' title='bbox 944 5090 1020 5141; x_wconf 61' lang='grc' dir='ltr'>τι,</span> <span class='ocrx_word' id='word_1_725' title='bbox 1045 5078 1100 5130; x_wconf 87' lang='lat'><strong>7.</strong></span> <span class='ocrx_word' id='word_1_726' title='bbox 1177 5072 1225 5108; x_wconf 77' lang='grc'><strong>³⁶</strong></span> <span class='ocrx_word' id='word_1_727' title='bbox 1265 5073 1310 5128; x_wconf 92' lang='lat' dir='ltr'><strong>ll</strong></span> <span class='ocrx_word' id='word_1_728' title='bbox 1346 5071 1477 5128; x_wconf 86' lang='lat' dir='ltr'><strong>Cor.</strong></span> <span class='ocrx_word' id='word_1_729' title='bbox 1505 5081 1626 5140; x_wconf 81' lang='lat' dir='ltr'><strong>vm,</strong></span> <span class='ocrx_word' id='word_1_730' title='bbox 1659 5069 1717 5126; x_wconf 84' lang='lat'><strong>9.</strong></span> <span class='ocrx_word' id='word_1_731' title='bbox 1794 5067 1839 5106; x_wconf 82' lang='grc'><strong>³⁷</strong></span> <span class='ocrx_word' id='word_1_732' title='bbox 1881 5068 2082 5128; x_wconf 85' lang='lat' dir='ltr'><strong>l&#39;l‘im.</strong></span> <span class='ocrx_word' id='word_1_733' title='bbox 2110 5085 2176 5144; x_wconf 82' lang='grc' dir='ltr'>η,</span> <span class='ocrx_word' id='word_1_734' title='bbox 2209 5073 2241 5128; x_wconf 80' lang='grc' dir='ltr'><strong>ϐ</strong></span> 
     </span>
    </p>
   </div>
   <div class='ocr_carea' id='block_1_102' title="bbox 1198 5067 2812 5144">
    <p class='ocr_par' dir='ltr' id='par_1_102' title="bbox 1198 5067 2812 5144">
     <span class='ocr_line' id='line_1_102' title="bbox 1198 5067 2812 5144; baseline -0.001 -16"><span class='ocrx_word' id='word_1_735' title='bbox 1198 5073 1225 5108; x_wconf 61' lang='grc' dir='ltr'><strong>ν⁶</strong></span> <span class='ocrx_word' id='word_1_736' title='bbox 1265 5073 1310 5128; x_wconf 92' lang='lat' dir='ltr'><strong>ll</strong></span> <span class='ocrx_word' id='word_1_737' title='bbox 1346 5071 1477 5128; x_wconf 86' lang='lat' dir='ltr'><strong>Cor.</strong></span> <span class='ocrx_word' id='word_1_738' title='bbox 1505 5081 1626 5140; x_wconf 81' lang='lat' dir='ltr'><strong>vm,</strong></span> <span class='ocrx_word' id='word_1_739' title='bbox 1659 5069 1717 5126; x_wconf 84' lang='lat'><strong>9.</strong></span> <span class='ocrx_word' id='word_1_740' title='bbox 1794 5067 1839 5106; x_wconf 82' lang='grc'><strong>³⁷</strong></span> <span class='ocrx_word' id='word_1_741' title='bbox 1881 5068 2082 5128; x_wconf 85' lang='lat' dir='ltr'><strong>l&#39;l‘im.</strong></span> <span class='ocrx_word' id='word_1_742' title='bbox 2110 5085 2176 5144; x_wconf 82' lang='grc' dir='ltr'>η,</span> <span class='ocrx_word' id='word_1_743' title='bbox 2209 5073 2265 5128; x_wconf 79' lang='grc' dir='ltr'>ϐ.</span> <span class='ocrx_word' id='word_1_744' title='bbox 2340 5070 2388 5108; x_wconf 80' lang='grc'>⁸⁸</span> <span class='ocrx_word' id='word_1_745' title='bbox 2427 5072 2616 5129; x_wconf 79' lang='lat' dir='ltr'><strong>Amos</strong></span> <span class='ocrx_word' id='word_1_746' title='bbox 2648 5085 2729 5142; x_wconf 91' lang='lat' dir='ltr'><strong>m,</strong></span> <span class='ocrx_word' id='word_1_747' title='bbox 2757 5073 2812 5128; x_wconf 91' lang='lat'><strong>8.</strong></span> 
     </span>
    </p>
   </div>
   <div class='ocr_carea' id='block_1_103' title="bbox 633 5227 2247 5376">
    <p class='ocr_par' dir='ltr' id='par_1_103' title="bbox 633 5227 2207 5371">
     <span class='ocr_line' id='line_1_103' title="bbox 633 5227 2207 5371; baseline -0.006 -72"><span class='ocrx_word' id='word_1_748' title='bbox 633 5244 745 5371; x_wconf 47' lang='lat'><strong>(49‘)</strong></span> <span class='ocrx_word' id='word_1_749' title='bbox 784 5237 955 5308; x_wconf 88' lang='lat' dir='ltr'><strong>lllud,</strong></span> <span class='ocrx_word' id='word_1_750' title='bbox 988 5240 1076 5311; x_wconf 66' lang='grc' dir='ltr'>μὲν</span> <span class='ocrx_word' id='word_1_751' title='bbox 1100 5237 1193 5303; x_wconf 81' lang='grc' dir='ltr'>ἔτι,</span> <span class='ocrx_word' id='word_1_752' title='bbox 1227 5230 1449 5292; x_wconf 82' lang='lat' dir='ltr'><strong>addere</strong></span> <span class='ocrx_word' id='word_1_753' title='bbox 1475 5245 1548 5289; x_wconf 80' lang='lat' dir='ltr'><strong>ex</strong></span> <span class='ocrx_word' id='word_1_754' title='bbox 1576 5227 1821 5289; x_wconf 86' lang='lat' dir='ltr'><strong>duobus</strong></span> <span class='ocrx_word' id='word_1_755' title='bbox 1850 5227 2207 5291; x_wconf 88' lang='lat' dir='ltr'><strong>Colbertinis</strong></span> 
     </span>
     <span class='ocr_line' id='line_1_104' title="bbox 633 5329 817 5370; baseline 0 -1"><span class='ocrx_word' id='word_1_756' title='bbox 633 5329 708 5370; x_wconf 62' lang='lat' dir='ltr'><strong>iul</strong></span> <span class='ocrx_word' id='word_1_757' title='bbox 739 5353 752 5370; x_wconf 81' lang='grc' dir='ltr'><strong>ο</strong></span> <span class='ocrx_word' id='word_1_758' title='bbox 798 5350 817 5361; x_wconf 71' lang='grc' dir='ltr'><strong>ο</strong></span> 
     </span>
    </p>
   </div>
   <div class='ocr_carea' id='block_1_104' title="bbox 1769 5227 3383 5376">
    <p class='ocr_par' dir='ltr' id='par_1_104' title="bbox 1769 5227 3383 5376">
     <span class='ocr_line' id='line_1_105' title="bbox 1769 5227 3383 5305; baseline 0 -17"><span class='ocrx_word' id='word_1_759' title='bbox 1769 5245 1821 5288; x_wconf 75' lang='lat' dir='ltr'><strong>is</strong></span> <span class='ocrx_word' id='word_1_760' title='bbox 1850 5227 2207 5291; x_wconf 87' lang='lat' dir='ltr'><strong>Colbertinis</strong></span> <span class='ocrx_word' id='word_1_761' title='bbox 2542 5230 2709 5290; x_wconf 86' lang='lat' dir='ltr'><strong>Idem</strong></span> <span class='ocrx_word' id='word_1_762' title='bbox 2736 5229 2932 5290; x_wconf 82' lang='lat' dir='ltr'><strong>codex</strong></span> <span class='ocrx_word' id='word_1_763' title='bbox 2959 5228 3207 5305; x_wconf 77' lang='grc' dir='ltr'>περιϐαλό</span> <span class='ocrx_word' id='word_1_764' title='bbox 3254 5247 3383 5296; x_wconf 86' lang='grc' dir='ltr'>ενος.</span> 
     </span>
     <span class='ocr_line' id='line_1_106' title="bbox 1780 5232 3383 5376; baseline -0.023 12"><span class='ocrx_word' id='word_1_765' title='bbox 1780 5373 1790 5376; x_wconf 76' lang='grc'><strong><em>-</em></strong></span> <span class='ocrx_word' id='word_1_766' title='bbox 2318 5373 2357 5376; x_wconf 81' lang='lat'><strong>_-</strong></span> <span class='ocrx_word' id='word_1_767' title='bbox 2387 5232 2505 5376; x_wconf 49' lang='lat'><strong>£54)</strong></span> <span class='ocrx_word' id='word_1_768' title='bbox 2546 5302 2747 5362; x_wconf 81' lang='lat' dir='ltr'><strong>Codex</strong></span> <span class='ocrx_word' id='word_1_769' title='bbox 2794 5301 3051 5376; x_wconf 81' lang='lat' dir='ltr'><strong>quidam</strong></span> <span class='ocrx_word' id='word_1_770' title='bbox 3069 5253 3264 5376; x_wconf 60' lang='lat' dir='ltr'><strong>polii.</strong></span> <span class='ocrx_word' id='word_1_771' title='bbox 3294 5324 3383 5376; x_wconf 75' lang='grc' dir='ltr'><strong>καν</strong></span> 
     </span>
    </p>
   </div>
   <div class='ocr_carea' id='block_1_105' title="bbox 556 5301 2170 5373">
    <p class='ocr_par' dir='ltr' id='par_1_105' title="bbox 556 5301 1186 5372">
     <span class='ocr_line' id='line_1_107' title="bbox 556 5301 1186 5372; baseline -0.003 0"><span class='ocrx_word' id='word_1_772' title='bbox 556 5301 752 5372; x_wconf 76' lang='lat' dir='ltr'><strong>libuit&#39;.</strong></span> <span class='ocrx_word' id='word_1_773' title='bbox 798 5350 817 5361; x_wconf 66' lang='grc' dir='ltr'><strong>ο</strong></span> <span class='ocrx_word' id='word_1_774' title='bbox 943 5301 953 5308; x_wconf 83' lang='grc'><em>’</em></span> <span class='ocrx_word' id='word_1_775' title='bbox 988 5301 997 5311; x_wconf 89' lang='grc'><em>’</em></span> <span class='ocrx_word' id='word_1_776' title='bbox 1182 5301 1186 5303; x_wconf 75' lang='grc'><em>’</em></span> 
     </span>
    </p>
   </div>
   <div class='ocr_carea' id='block_1_106' title="bbox 2320 5301 3934 5373">
    <p class='ocr_par' dir='ltr' id='par_1_106' title="bbox 2387 5301 3934 5373">
     <span class='ocr_line' id='line_1_108' title="bbox 2387 5301 3934 5373; baseline 0.001 -13"><span class='ocrx_word' id='word_1_777' title='bbox 2387 5301 2505 5373; x_wconf 77' lang='grc'><strong>(54)</strong></span> <span class='ocrx_word' id='word_1_778' title='bbox 2546 5302 2747 5362; x_wconf 81' lang='lat' dir='ltr'><strong>Codex</strong></span> <span class='ocrx_word' id='word_1_779' title='bbox 2794 5301 3051 5373; x_wconf 85' lang='lat' dir='ltr'><strong>quidam</strong></span> <span class='ocrx_word' id='word_1_780' title='bbox 3090 5301 3264 5373; x_wconf 15' lang='lat' dir='ltr'><strong>iCOlb.</strong></span> <span class='ocrx_word' id='word_1_781' title='bbox 3294 5310 3467 5357; x_wconf 79' lang='grc' dir='ltr'>κακῶν</span> <span class='ocrx_word' id='word_1_782' title='bbox 3513 5302 3934 5373; x_wconf 75' lang='grc' dir='ltr'>θεραπεύσονται.</span> 
     </span>
    </p>
   </div>
   <div class='ocr_carea' id='block_1_107' title="bbox 654 5360 2268 5454">
    <p class='ocr_par' dir='ltr' id='par_1_107' title="bbox 654 5360 1953 5454">
     <span class='ocr_line' id='line_1_109' title="bbox 654 5360 1953 5454; baseline -0.007 -13"><span class='ocrx_word' id='word_1_783' title='bbox 654 5360 752 5454; x_wconf 39' lang='lat' dir='ltr'><strong>Eii).</strong></span> <span class='ocrx_word' id='word_1_784' title='bbox 781 5360 929 5439; x_wconf 65' lang='lat' dir='ltr'><strong>Editi</strong></span> <span class='ocrx_word' id='word_1_785' title='bbox 957 5379 1206 5454; x_wconf 69' lang='grc' dir='ltr'>ὑπολίπῃ.</span> <span class='ocrx_word' id='word_1_786' title='bbox 1242 5374 1395 5454; x_wconf 71' lang='lat' dir='ltr'><strong>Libri</strong></span> <span class='ocrx_word' id='word_1_787' title='bbox 1424 5378 1649 5454; x_wconf 73' lang='lat' dir='ltr'><strong>veteres</strong></span> <span class='ocrx_word' id='word_1_788' title='bbox 1678 5373 1953 5450; x_wconf 69' lang='grc' dir='ltr'>ὑπολείπῃ.</span> 
     </span>
    </p>
   </div>
   <div class='ocr_carea' id='block_1_108' title="bbox 2326 5360 3940 5454">
    <p class='ocr_par' dir='ltr' id='par_1_108' title="bbox 2326 5360 3940 5454">
     <span class='ocr_line' id='line_1_110' title="bbox 2326 5360 3940 5454; baseline -0.001 -21"><span class='ocrx_word' id='word_1_789' title='bbox 2326 5360 2448 5454; x_wconf 63' lang='lat' dir='ltr'><strong>Mox</strong></span> <span class='ocrx_word' id='word_1_790' title='bbox 2468 5360 2736 5454; x_wconf 69' lang='lat' dir='ltr'><strong>utraque</strong></span> <span class='ocrx_word' id='word_1_791' title='bbox 2747 5360 2929 5431; x_wconf 78' lang='lat' dir='ltr'><strong>editio</strong></span> <span class='ocrx_word' id='word_1_792' title='bbox 2947 5360 3127 5454; x_wconf 78' lang='lat' dir='ltr'><strong>_Ba_s_il.</strong></span> <span class='ocrx_word' id='word_1_793' title='bbox 3150 5360 3412 5454; x_wconf 27' lang='lat' dir='ltr'><strong>et‘l’aris:</strong></span> <span class='ocrx_word' id='word_1_794' title='bbox 3438 5377 3495 5454; x_wconf 78' lang='lat' dir='ltr'><strong>et</strong></span> <span class='ocrx_word' id='word_1_795' title='bbox 3519 5360 3662 5454; x_wconf 73' lang='lat' dir='ltr'><strong>Reg.</strong></span> <span class='ocrx_word' id='word_1_796' title='bbox 3688 5360 3940 5454; x_wconf 75' lang='lat' dir='ltr'><strong>primus</strong></span> 
     </span>
    </p>
   </div>
   <div class='ocr_carea' id='block_1_109' title="bbox 651 5444 2265 5522">
    <p class='ocr_par' dir='ltr' id='par_1_109' title="bbox 651 5444 1916 5522">
     <span class='ocr_line' id='line_1_111' title="bbox 651 5444 1916 5522; baseline -0.009 -10"><span class='ocrx_word' id='word_1_797' title='bbox 651 5444 743 5522; x_wconf 56' lang='grc'><strong>51)</strong></span> <span class='ocrx_word' id='word_1_798' title='bbox 784 5456 942 5510; x_wconf 88' lang='lat' dir='ltr'><strong>Unus</strong></span> <span class='ocrx_word' id='word_1_799' title='bbox 971 5444 1354 5522; x_wconf 60' lang='lat' dir='ltr'><strong>codex&#39;Colb.</strong></span> <span class='ocrx_word' id='word_1_800' title='bbox 1380 5446 1820 5522; x_wconf 73' lang='grc' dir='ltr'>περιστελλουσιν.</span> <span class='ocrx_word' id='word_1_801' title='bbox 1907 5444 1916 5450; x_wconf 56' lang='grc'><strong>⁷</strong></span> 
     </span>
    </p>
   </div>
   <div class='ocr_carea' id='block_1_110' title="bbox 2324 5444 3938 5522">
    <p class='ocr_par' dir='ltr' id='par_1_110' title="bbox 2324 5444 3938 5522">
     <span class='ocr_line' id='line_1_112' title="bbox 2324 5444 3938 5522; baseline 0.003 -22"><span class='ocrx_word' id='word_1_802' title='bbox 2324 5451 2523 5520; x_wconf 47' lang='grc' dir='ltr'>γνώμην</span> <span class='ocrx_word' id='word_1_803' title='bbox 2567 5444 2900 5522; x_wconf 62' lang='grc' dir='ltr'>ἐκτιθέμενοι.</span> <span class='ocrx_word' id='word_1_804' title='bbox 2930 5445 3174 5519; x_wconf 85' lang='lat' dir='ltr'><strong>Antiqui</strong></span> <span class='ocrx_word' id='word_1_805' title='bbox 3201 5449 3327 5522; x_wconf 71' lang='lat' dir='ltr'><strong>tres</strong></span> <span class='ocrx_word' id='word_1_806' title='bbox 3347 5445 3486 5503; x_wconf 88' lang='lat' dir='ltr'><strong>libri</strong></span> <span class='ocrx_word' id='word_1_807' title='bbox 3522 5444 3736 5522; x_wconf 63' lang='grc' dir='ltr'>γνώμην</span> <span class='ocrx_word' id='word_1_808' title='bbox 3770 5445 3938 5506; x_wconf 67' lang='grc' dir='ltr'>ἐκθή-</span> 
     </span>
    </p>
   </div>
   <div class='ocr_carea' id='block_1_111' title="bbox 629 5516 2243 5601">
    <p class='ocr_par' dir='ltr' id='par_1_111' title="bbox 629 5516 1762 5601">
     <span class='ocr_line' id='line_1_113' title="bbox 629 5516 1762 5601; baseline -0.006 -19"><span class='ocrx_word' id='word_1_809' title='bbox 629 5516 743 5601; x_wconf 69' lang='grc'><strong>(52)</strong></span> <span class='ocrx_word' id='word_1_810' title='bbox 783 5527 921 5596; x_wconf 82' lang='lat' dir='ltr'><strong>ch.</strong></span> <span class='ocrx_word' id='word_1_811' title='bbox 952 5523 1184 5597; x_wconf 88' lang='lat' dir='ltr'><strong>primus</strong></span> <span class='ocrx_word' id='word_1_812' title='bbox 1216 5516 1472 5592; x_wconf 73' lang='grc' dir='ltr'>ἀναγκαῖα</span> <span class='ocrx_word' id='word_1_813' title='bbox 1498 5520 1762 5592; x_wconf 81' lang='grc' dir='ltr'>χρῆσθαι.</span> 
     </span>
    </p>
   </div>
   <div class='ocr_carea' id='block_1_112' title="bbox 2324 5516 3938 5601">
    <p class='ocr_par' dir='ltr' id='par_1_112' title="bbox 2324 5516 3938 5594">
     <span class='ocr_line' id='line_1_114' title="bbox 2324 5516 3938 5594; baseline 0 -23"><span class='ocrx_word' id='word_1_814' title='bbox 2324 5516 2498 5594; x_wconf 57' lang='lat' dir='ltr'><strong>super,</strong></span> <span class='ocrx_word' id='word_1_815' title='bbox 2529 5516 2881 5577; x_wconf 82' lang='lat' dir='ltr'><strong>sententiam</strong></span> <span class='ocrx_word' id='word_1_816' title='bbox 2930 5516 3247 5589; x_wconf 70' lang='lat' dir='ltr'><strong>expoham.</strong></span> <span class='ocrx_word' id='word_1_817' title='bbox 3294 5519 3435 5592; x_wconf 81' lang='lat' dir='ltr'><strong>Reg.</strong></span> <span class='ocrx_word' id='word_1_818' title='bbox 3469 5516 3781 5575; x_wconf 84' lang='lat' dir='ltr'><strong>secundus</strong></span> <span class='ocrx_word' id='word_1_819' title='bbox 3838 5522 3938 5572; x_wconf 77' lang='grc' dir='ltr'>καὶ</span> 
     </span>
    </p>
   </div>
  </div>
