4088 6194
525 241 623 296 3H

1900 237 1958 293 S.
1999 234 2245 292 BASILH
2286 236 2502 296 MAG-NI

3773 249 3887 302 312

524 379 708 420 causa
736 379 857 421 non
888 363 1024 431 sint,
1056 380 1227 421 orare
1266 380 1338 419 ex
1368 378 1534 420 more
1561 378 1673 419 nec
1702 364 2026 430 noverunt,
2052 375 2164 416 nec

2281 363 2419 423 ἠθως
2457 364 2570 435 (74)
2602 366 2988 440 προσεύξασθαι
3014 375 3204 440 γνῶσιν
3235 369 3264 427 ἢ
3310 364 3532 441 δύναμιν
3565 368 3774 440 έχοντα,
3812 373 3886 422 Σύ

523 459 798 526 possunt.
829 457 912 512 Tu
943 455 1087 510 mihi
1125 455 1186 510 in
1226 454 1495 511 medium
1525 452 1720 527 prodi,
1765 452 1871 524 qui
1909 450 2170 525 peccatis

524 550 959 616 conspurcatus
987 560 1092 612 es;
1143 549 1203 600 tu
1237 544 1500 616 procide,
1535 544 1887 609 lamentare,
1909 541 2168 612 ingeme,

525 633 652 688 sine
675 634 992 705 puerulum
1015 633 1230 703 faccre,
1259 649 1395 706 quae
1416 629 1835 706 propria‘sunt
1855 647 1980 686 sua:
2009 629 2171 686 aetati

522 727 704 795 atque
730 727 1160 780 consentanea.
1183 725 1298 780 Cur
1317 729 1372 778 te
1397 721 1685 788 occultas,
1707 721 1814 794 qui
1846 719 2169 787 accusaris,

525 815 582 867 et
611 813 912 868 insontem
935 811 1014 868 ad
1033 811 1449 868 defensionem
1469 817 1638 868 tuam
1657 810 1943 883 producis
1960 812 1987 866 ?
2014 811 2171 864 Num

520 900 706 971 judex
725 900 1012 969 illuditur,
1033 901 1118 956 sic
1140 905 1202 957 ut
1223 900 1596 957 subdititiam
1613 916 1935 972 personam
1955 897 2175 953 substi-

524 995 658 1046 tuas
680 990 706 1042 “.7
732 989 1056 1060 Oportebat
1075 995 1276 1045 autem
1308 995 1364 1045 et
1388 990 1556 1045 illum
1578 989 1815 1057 adesse,
1839 987 1946 1044 sed
1973 992 2171 1042 tecum

526 1082 700 1143 certe,
729 1094 850 1134 non
878 1079 1094 1135 solum.
1126 1078 1306 1134 Vides
1333 1079 1498 1152 quod
1518 1084 1576 1135 et
1595 1078 1860 1135 Ninivitaa
1882 1076 2173 1150 paeniten-

527 1169 606 1224 tia
633 1171 816 1223 Deum
843 1169 1174 1240 placantes,
1202 1174 1258 1224 et
1276 1168 1547 1239 lugentes
1576 1183 1648 1224 ea
1675 1171 1924 1240 peccata
1955 1167 2015 1222 in
2035 1181 2172 1239 quae

523 1260 706 1314 Jonas
739 1274 906 1314 mare
943 1263 1000 1314 et
1045 1263 1242 1315 cetum
1273 1263 1550 1330 expertus
1581 1257 1904 1314 clamando
1932 1257 2174 1313 invehe-

525 1348 723 1414 batur,
742 1364 865 1404 non
885 1347 1141 1404 infantes
1162 1348 1358 1404 solum
1379 1347 1744 1421 poenitentiae
1762 1348 1879 1420 65
1904 1345 2175 1416 subjece-

525 1439 664 1505 rint,
686 1437 914 1493 interea
933 1437 1081 1492 dum
1101 1437 1216 1509 ipsi
1239 1437 1425 1493 vitam
1442 1438 1503 1493 in
1524 1437 1750 1493 deliciis
1775 1437 2177 1506 transigerent

526 1530 584 1582 et
609 1525 669 1580 iu
695 1525 987 1581 conviviis
1016 1543 1029 1580 :
1063 1526 1170 1582 sed
1199 1527 1430 1598 priores
1462 1527 1626 1598 ipsos
1653 1529 1852 1599 patres
1891 1525 1996 1598 qui
2033 1540 2174 1596 pec-

526 1621 830 1685 caverant,
875 1617 1176 1688 jejunium
1221 1617 1534 1684 domabat,
1583 1616 1894 1690 multaque
1925 1616 2177 1673 eosdem

2279 469 2370 522 μοι
2412 453 2631 526 πάρελθε
2683 455 2752 517 εἰς
2804 461 2998 528 μέσον,
3055 459 3080 508 6
3136 464 3251 518 ταῖς
3309 457 3590 532 ἁμαρτίαις
3657 462 3887 531 πεφυμέ-

2280 559 2381 602 νος’
2441 546 2505 594 σὺ
2561 548 2857 617 πρόσπεσον
2904 551 2994 598 καὶ
3034 546 3258 599 κλαῡσον
3305 553 3396 598 καὶ
3449 547 3710 610 στέναξον·
3755 551 3885 621 οἰφες

2280 633 2338 680 τό
2372 628 2560 704 βρέφος
2591 631 2804 708 ἐνεργεῖν
2847 637 2912 688 τὰ
2939 632 2998 688 ῖδ
3004 655 3057 688 ια
3099 644 3192 698 τῆς
3222 636 3428 699 ἡλικίας
3459 636 3737 693 ἀκόλουθα.
3769 637 3887 691 Ἰνα

2279 723 2332 771 τί
2395 725 2597 795 κρύπτῃ
2662 728 3124 800 κατηγορούμενος,
3181 731 3270 778 καὶ
3329 731 3386 779 τό
3439 726 3712 780 ἀνεύθυνον
3771 729 3888 800 (75)

2282 807 2350 869 εἰς
2381 807 2660 882 ἀπολογίαν
2697 821 2990 889 προῖστᾲς;
3041 820 3124 874 Μὴ
3175 818 3274 889 γὰρ
3323 816 3564 877 παίζεται
3613 819 3640 869 ό
3670 822 3881 892 κριτὴς,

2283 897 2366 947 ἶνα
2416 897 2786 973 ὑποϐολιμαῖον
2833 901 3215 976 ἀντεισαγάγης
3262 909 3580 978 πρόσωπον;
3631 902 3777 959 ’Ἐδει
3824 903 3888 958 δε

2281 993 2520 1059 παρεῖναι
2567 987 2769 1042 κάκεῖνο
2807 994 2939 1063 μετὰ
2989 999 3082 1044 σου
3126 996 3349 1058 πάντως,
3392 993 3450 1046 οὐ
3495 998 3668 1066 μόνον.
3701 993 3881 1067 Ὀρᾲς,

2283 1075 2350 1136 ὡς
2379 1081 2467 1127 καὶ
2515 1083 2781 1131 Νινευῖται
2829 1087 2890 1152 τῇ
2942 1080 3249 1154 μεταμελείᾳ
3279 1087 3367 1134 τόν
3412 1086 3541 1136 Θεὸν
3574 1079 3888 1136 δυσωποῦν-

2282 1182 2383 1230 τες,
2438 1169 2524 1217 καὶ
2575 1170 2872 1231 πενθοῦντες
2921 1168 3004 1221 ἐπὶ
3058 1177 3167 1232 τοῖς
3220 1170 3615 1244 ἁμαρτήμασιν,
3671 1173 3704 1224 ἃ
3750 1175 3892 1244 μετὰ

2283 1256 2376 1310 τὴν
2409 1253 2676 1309 θάλασσαν
2706 1262 2794 1310 καὶ
2852 1261 2909 1310 τὸ
2952 1267 3110 1321 κῆτος
3155 1259 3326 1322 Ἰωνᾶς
3370 1259 3660 1328 ἐξεϐόησεν,
3709 1262 3768 1314 οὗ
3819 1264 3892 1314 τὰ

2286 1339 2452 1416 βρέφη
2511 1349 2663 1417 μόνον
2719 1347 2787 1408 εἰς
2836 1352 2928 1406 τὴν
2967 1351 3240 1420 μετάνοιαν
3295 1356 3684 1424 προεστήσαντο
3741 1350 3887 1420 (76),

2286 1430 2436 1484 αὐτοὶ
2496 1429 2555 1486 δε
2606 1445 2914 1508 τρυφῶντες,
2958 1437 3106 1489 αὐτοὶ
3150 1437 3502 1510 εὐωχούμενοι
3553 1435 3739 1499 διέζων
3795 1443 3891 1491 τόν

2287 1519 2424 1592 βίον·
2460 1520 2585 1574 ἀλλὰ
2632 1530 2870 1597 πρώτους
2899 1528 2990 1598 μεν
3039 1523 3277 1599 ἐδάμασε
3321 1531 3444 1590 τοὺς
3489 1531 3715 1601 πατέρας
3761 1533 3894 1591 τοὺς

2287 1610 2658 1684 ἡμαρτηκότας
2703 1613 2732 1670 ἡ
2779 1618 3013 1679 νηστεία,
3045 1619 3134 1666 καὶ
3164 1615 3192 1672 ἡ
3237 1619 3464 1690 τιμωρία
3501 1619 3620 1677 τοὺς
3656 1619 3895 1690 πατέρας

524 1707 892 1774 macerabat,
939 1723 1293 1780 quanquam
1338 1706 1597 1763 infantes
1626 1707 1740 1780 ipsi
1770 1707 1861 1762 vel
1888 1706 2057 1762 inviti
2081 1723 2164 1762 ac-

2289 1696 2514 1766 ἐκάκου,
2588 1701 2658 1762 εἰς
2741 1704 3054 1775 προσθήκης
3119 1700 3178 1756 δὲ
3252 1703 3398 1775 λόγον
3482 1705 3895 1778 ἠναγκασμένως

525 1796 814 1852 cessionis
841 1796 978 1854 loco
1007 1796 1319 1866 lugebant,
1344 1802 1409 1853 ut
1434 1796 1666 1853 tristitia
1690 1800 2018 1869 occuparet
2039 1801 2176 1852 mta-

524 1885 644 1940 tcm
665 1900 930 1950 omnem,
955 1889 1083 1941 tum
1105 1885 1480 1954 sentientem,
1505 1889 1631 1942 tum
1653 1902 1776 1941 non
1797 1886 2172 1955 sentientem,

519 1973 687 2029 illam
714 1979 952 2046 sponte,
993 1975 1156 2031 hanc
1196 1979 1414 2046 praeter
1436 1975 1829 2031 voluntatem.
1861 1977 1927 2030 Et
1953 1974 2055 2030 ubi
2083 1975 2173 2030 vi-

518 2064 604 2120 dit
634 2067 787 2120 Deus
830 2065 994 2138 ipsos
1040 2066 1125 2122 sic
1169 2065 1540 2133 humiliatos,
1584 2070 1650 2121 ut
1695 2065 2174 2122 condemnarent

518 2167 649 2208 sese
676 2152 752 2210 ad
784 2153 1176 2224 gravissimas
1207 2153 1430 2210 multas
1459 2155 1657 2210 omnis
1684 2153 1942 2223 generis,
1979 2158 2035 2210 et
2063 2153 2172 2210 do-

2287 1785 2486 1862 έθρήνει
2517 1792 2583 1841 τὰ
2614 1788 2802 1863 βρέφη,
2848 1793 2931 1842 ἵνα
2975 1788 3068 1843 διὰ
3109 1794 3287 1852 πάσης
3330 1792 3537 1855 ἡλικίας
3584 1796 3613 1852 ἡ
3649 1796 3898 1869 σκυθρω-

2285 1881 2451 1939 πότης
2506 1884 2771 1952 κρατηση,
2824 1879 3200 1953 αἰσθανομένης
3249 1885 3361 1952 (77)
3406 1901 3460 1934 τε
3514 1887 3604 1934 καὶ
3635 1881 3896 1941 ἀναισθή-

2284 1986 2398 2018 του·
2429 1976 2524 2030 τῆς
2573 1972 2663 2040 μὲν
2693 1971 2828 2021 κατά
2875 1975 3200 2044 προαίρεσιν,
3237 1979 3332 2033 τῆς
3382 1968 3440 2024 δὲ
3478 1972 3590 2024 κατ’
3631 1971 3888 2044 ἀναγκην.

2287 2060 2387 2107 Καὶ
2431 2063 2593 2118 ουτως
2624 2057 2811 2120 αὐτοὺς
2845 2054 2969 2111 ἰδὼν
3001 2061 3026 2111 ό
3073 2063 3201 2121 Θεὸς
3244 2063 3666 2128 ταπεινωθέντας,
3701 2065 3770 2124 ὡς
3801 2061 3894 2115 ἐπὶ

2282 2144 2694 2218 ὑπερϐαίνουσαν
2739 2147 2932 2200 ἑαυτῶν
2963 2153 3077 2216 (78)
3116 2149 3473 2223 ταλαιπωρίαν
3521 2160 3749 2222 παγγενῆ
3793 2171 3894 2203 κα-

515 2242 658 2298 loris
705 2258 919 2299 eorum
963 2243 1247 2299 misertus
1295 2245 1404 2309 est,
1457 2247 1512 2298 et
1559 2258 1803 2314 poenam
1835 2242 2082 2312 remisit,
2115 2247 2164 2298 et

2280 2239 2640 2306 τακρίναντας,
2697 2241 2786 2288 καὶ
2843 2240 2900 2290 τό
2958 2240 3124 2300 πάθος
3180 2238 3386 2303 ἠλέησε,
3441 2243 3530 2292 καὶ
3576 2247 3668 2302 τῆς
3713 2250 3891 2312 τιμῶ-

517 2334 810 2405 gaudium
841 2333 912 2389 iis
959 2333 1066 2405 qui
1105 2348 1257 2389 sano
1307 2333 1559 2389 consilio
1590 2333 1888 2402 luxerant,
1919 2332 2170 2402 largitus

514 2427 605 2479 est
625 2426 698 2479 ".
751 2424 794 2479 Ο
849 2422 1265 2495 paenitentiam
1309 2422 1712 2478 concinnam!
1755 2437 1792 2478 ο
1833 2423 2168 2495 sapientem

509 2512 994 2586 prudentemque
1035 2511 1522 2568 afﬂictationem!
1573 2515 1653 2568 Ne
1697 2511 1875 2568 bruta
1921 2511 2168 2586 quidem

511 2603 849 2660 animantia
871 2618 906 2658 a
935 2602 1132 2674 poenis
1161 2601 1460 2658 immunia
1491 2601 1680 2657 sivere
1710 2619 1722 2656 :
1753 2601 1855 2657 sed
1883 2617 1956 2657 ea
1985 2601 2164 2658 etiam

509 2692 852 2748 necessario
897 2691 1156 2746 clamare
1206 2691 1458 2746 artiﬁcio
1502 2690 1772 2763 quodam
1812 2690 2163 2760 adegerunt.

511 2783 834 2854 Separatus
873 2794 1140 2850 namque
1179 2783 1266 2834 est
1309 2778 1532 2834 vitulus
1581 2795 1616 2835 a
1667 2795 1875 2846 vacca,
1903 2783 2167 2836 semotus

508 2874 596 2925 est
621 2885 658 2926 a
687 2873 962 2924 materno
994 2867 1179 2923 ubere
1207 2882 1420 2939 agnus,
1456 2884 1607 2940 puer
1634 2868 1860 2924 lactens
1889 2884 2014 2925 non
2041 2872 2168 2926 erat

506 2959 567 3014 in
590 2958 878 3014 maternis
901 2957 1059 3012 ulnis
1083 2975 1097 3024 ;
1138 2957 1198 3012 in
1222 2957 1625 3029 peculiaribus
1652 2958 1906 3014 stabulis
1929 2958 2166 3014 conclu-

503 3047 805 3104 debantur
853 3049 1097 3115 matres,
1151 3045 1212 3102 in
1271 3046 1677 3118 peculiaribus
1735 3047 1927 3116 fetus;
1985 3063 2164 3104 voces

2278 3038 2447 3086 τέκνα⁹
2493 3041 2652 3108 φωναὶ
2691 3033 2749 3090 δὲ
2795 3042 2938 3112 παρά
2966 3042 3170 3092 πάντων
3203 3041 3412 3116 οἰκτραὶ
3457 3041 3702 3105 ἀλλήλαις
3731 3042 3889 3096 ἀντι-

503 3136 931 3194 emittebantur
984 3135 1061 3192 ab
1119 3135 1406 3191 omnibus
1462 3135 1861 3206 miserabiles,
1893 3136 2164 3192 vicissim

2278 3120 2495 3190 ϐοῶσαι,
2541 3129 2630 3176 καὶ
2683 3124 3035 3198 ἀντηχοῦσαι.
3087 3131 3164 3181 Τά
3218 3133 3372 3182 τέκνα
3422 3129 3740 3202 λιμώττοντα
3787 3136 3891 3196 τὰς

503 3228 833 3284 clamantes
859 3242 930 3282 ac
975 3230 1354 3282 resonantes.
1399 3228 1608 3282 Partus
1639 3226 1968 3282 esurientes
1997 3226 2166 3283 lactis

502 3317 700 3372 fontes
729 3313 1120 3388 quaerebant;
1167 3318 1392 3370 matres
1417 3314 1674 3370 naturali
1704 3314 2019 3372 affectione
2049 3315 2166 3371 dis-

503 3410 739 3478 cerptae,
779 3404 1034 3460 vocibus
1082 3403 1671 3460 commiserationem
1720 3419 1898 3460 suam
1943 3404 2168 3475 signiﬁ-

502 3493 784 3550 cantibus
811 3492 1186 3550 revocabant
1227 3492 1400 3548 fetus.
1455 3492 1744 3548 Eumdem
1789 3493 1868 3548 ad
1911 3493 2166 3550 modum

500 3582 763 3639 infantes
785 3582 945 3639 fame
970 3581 1344 3643 laborantes.
1375 3581 1603 3653 ejulatu
1632 3582 2166 3640 vehementissimo

500 3671 958 3744 frangebantur,
993 3670 1526 3744 palpitabantque,
1559 3675 1616 3726 et
1647 3676 1909 3727 matrum
1938 3673 2169 3730 viscera

501 3761 880 3818 naturalibus
895 3759 1207 3817 doloribus
1230 3759 1816 3832 compungebautur.
1845 3765 1910 3817 Et
1931 3777 2066 3818 eam
2087 3761 2167 3818 ob

503 3867 757 3907 causam
777 3851 1020 3907 divinus
1044 3865 1244 3905 sermo
1259 3849 1338 3904 ad
1355 3864 1679 3904 commune
1693 3850 1828 3906 vitae
1841 3850 2168 3907 documen-

502 3947 632 3998 tum
661 3955 871 3997 eorum
918 3938 1330 4012 pmnitentiam
1375 3938 1611 4010 scriptis
1651 3939 2005 3996 mandatam
2051 3953 2171 3998 ser.

501 4029 686 4088 vavit.
720 4033 873 4086 Inter
912 4028 1044 4084 illos
1096 4027 1280 4084 ﬂebat
1323 4042 1530 4095 senex,
1575 4031 1633 4084 et
1678 4043 1867 4084 canos
1911 4028 2170 4090 vellebat

2279 2327 2397 2396 ρίας
2426 2322 2601 2390 ἀνῆκε,
2651 2330 2740 2377 καὶ
2781 2330 2839 2379 τό
2887 2332 3097 2400 χαίρειν
3151 2324 3460 2401 ἐδωρήσατο
3490 2337 3598 2391 τοῖς
3637 2330 3894 2390 εὐαισθη-

2279 2431 2381 2474 τως
2426 2415 2769 2472 πενθήσασιν.
2805 2415 2873 2468 Ὦ.
2902 2427 2997 2479 τῆς
3044 2417 3292 2490 ἐμμελοῦς
3329 2420 3644 2490 μετανοίαςέ
3701 2421 3740 2471 ὦ
3785 2430 3892 2482 τῆς

2281 2508 2446 2571 σοφῆς
2493 2506 2582 2553 καὶ
2629 2507 3030 2576 πεπυκνωμένης
3089 2505 3345 2576 θλίψεωςέ
3400 2504 3540 2560 Ουδε
3593 2510 3658 2560 τὰ
3716 2508 3893 2580 ἄλογα

2279 2586 2528 2648 ἀσυντελῆ
2577 2599 2672 2652 τῆς
2715 2598 2969 2666 τιμωρίας
3001 2593 3225 2667 ἀφῆκανο
3277 2594 3405 2647 ἀλλά
3433 2601 3522 2648 καὶ
3571 2597 3707 2650 αὐτὰ
3749 2597 3888 2669 βοᾴν

2279 2675 2331 2740 ἐξ
2371 2676 2598 2750 ἀνάγκης
2647 2679 3073 2752 ἐμηχανήσαντο.
3120 2682 3422 2758 Ἐχωρίσθη
3465 2689 3566 2758 γὰρ
3615 2695 3710 2747 τῆς
3753 2685 3891 2759 βοός

2277 2767 2303 2818 ό
2351 2771 2580 2839 μόσχος,
2625 2767 2866 2828 ἀπηλάθη
2899 2773 3015 2843 (79)
3050 2780 3144 2834 τῆς
3200 2780 3448 2848 μητρῴας
3501 2775 3662 2837 θηλῆς
3713 2777 3737 2828 ό
3793 2775 3890 2850 ἀρ-

2275 2859 2426 2921 νειὸς,
2460 2854 2672 2910 παιδίον
2705 2857 2980 2931 ἐπιμάζιον
3021 2861 3113 2914 οὐκ
3157 2859 3218 2921 ἦν
3262 2861 3309 2914 ἐν
3358 2872 3474 2926 ταῖς
3503 2873 3598 2926 τῆς
3626 2869 3891 2928 τεκούσης

2276 2943 2549 3017 ἀγκάλαις·
2601 2946 2649 3000 ἐν
2703 2945 2860 3012 ἰδίοις
2909 2959 3093 3012 σηκοῖς
3129 2954 3184 3004 αἱ
3233 2957 3469 3026 μητέρες,
3521 2953 3569 3005 ἐν
3621 2951 3778 3018 ἰδίοις
3816 2962 3892 3012 τὰ

2275 3213 2448 3281 πηγὰς
2491 3210 2655 3271 ἐζήτει
2709 3222 2800 3265 τοῦ
2847 3215 3123 3286 γάλακτοςο
3171 3219 3226 3270 αἱ
3273 3223 3510 3292 μητέρες,
3561 3228 3632 3290 τῷ
3676 3231 3890 3293 φυσικῷ

2275 3300 2430 3351 πάθει
2515 3295 2961 3375 διακοπτόμεναι,
3037 3307 3339 3378 συμπαθέσι
3417 3315 3607 3378 φωναῖς
3691 3307 3888 3362 ἀνεκα-

2275 3386 2454 3440 λοῦντο
2505 3392 2608 3448 (80)
2661 3393 2728 3442 τὰ
2772 3393 2979 3463 ἔγγονα.
3031 3395 3107 3446 Τά
3156 3393 3345 3468 βρέφη,
3396 3399 3532 3448 κατά
3578 3399 3663 3448 τὸν
3702 3399 3884 3471 ὅμοιον

2276 3482 2467 3552 τρόπον
2533 3478 2874 3553 λιμώττοντα,
2947 3479 3286 3558 σφοδροτάτῳ
3348 3485 3596 3558 κλαυθμῷ
3657 3484 3884 3562 ἀνερρή-

2275 3587 2461 3638 γνυντο
2504 3572 2594 3620 καὶ
2661 3568 3005 3644 ἀπέσπαιρον·
3064 3576 3118 3624 αί
3169 3582 3416 3626 τεκοῦσαι
3469 3582 3586 3636 ταῖς
3633 3585 3888 3646 φυσικαῖς

2278 3653 2542 3728 ἀλγηδόσι
2567 3667 2958 3712 κατεκεντοῡντο
3006 3664 3073 3712 τὰ
3117 3661 3416 3734 σπλάγχνα.
3461 3668 3561 3716 Καὶ
3606 3659 3699 3716 διὰ
3727 3673 3886 3720 τοῦτο

2276 3750 2371 3804 την
2401 3745 2602 3799 ἐκείνων
2640 3751 2912 3820 μετάνοιαν
2945 3749 3013 3812 εἰς
3044 3754 3212 3802 κοινόν
3241 3759 3333 3803 τοῦ
3375 3751 3496 3824 βίου
3531 3749 3565 3805 δ
3571 3749 3886 3807 ιδασκάλιον

2279 3835 2304 3885 ό
2368 3837 2705 3898 θεόπνευστος
2763 3837 2917 3909 λόγος
2984 3842 3236 3913 ἔγγραφον
3300 3836 3571 3895 διέσωσεν.
3630 3841 3688 3893 Ὀ
3750 3863 3886 3916 πρε-

2281 3922 2478 3986 σϐύτης
2533 3923 2608 3978 ἐπ’
2663 3924 2862 3978 ἐκείνων
2927 3925 3127 4000 ἐθρήνει
3198 3931 3329 3996 (81),
3386 3933 3473 3981 καὶ
3534 3934 3626 3988 τὴν
3696 3931 3884 3984 πολιὰν

2278 4011 2436 4066 ἔτιλλε
2501 4019 2590 4067 καὶ
2658 4012 3052 4088 διεσπάραττεν.
3087 4017 3143 4070 Ὀ
3199 4022 3488 4085 νεανίσκος,
3548 4024 3634 4073 ταί
3700 4018 3883 4095 ἀκμά-

579 4178 626 4211 ι²
652 4176 786 4232 Jon.
818 4189 898 4244 ιιι,
933 4177 1087 4230 3-10.

579 4319 688 4390 (74)
730 4316 920 4373 Editio
969 4315 1149 4372 Paris.
1201 4321 1292 4390 τοῦ
1349 4315 1609 4390 συνήθως.
1656 4313 1848 4370 Editio
1881 4315 2060 4371 Basil.
2110 4321 2168 4373 et

507 4385 940 4472 qu‘atuor‘mss.
992 4392 1049 4439 τὸ
1083 4389 1338 4472 συνήθως.
1385 4385 1708 4472 ‘Aliquanto
1739 4392 1876 4470 post
1906 4391 2162 4460 utraque
2198 4417 2241 4472 ι)

508 4459 692 4515 édltio
728 4464 799 4530 συί
823 4465 1107 4530 πρόσπεσε.
1152 4463 1224 4530 At
1254 4462 1518 4529 quatuor
1545 4475 1688 4530 mss.
1723 4462 2041 4530 πρόσπεσον.

2273 4317 2442 4385 ptum
2466 4318 2612 4378 erat,
2641 4315 2702 4370 in
2723 4314 2853 4371 aliis
2876 4330 3015 4372 vero
3032 4316 3134 4386 ita,
3163 4320 3227 4374 ut
3253 4317 3313 4374 in
3330 4319 3602 4387 margine
3621 4320 3883 4378 notaba-

2273 4391 2390 4459 tur.
2421 4388 2553 4441 Mox
2583 4387 2726 4457 Reg.
2754 4388 2987 4459 primus
3008 4387 3069 4442 in
3095 4394 3377 4445 contextu
3399 4391 3448 4442 ἐν
3469 4388 3627 4452 ἰδίοις
3652 4397 3835 4454 τόποις
3862 4411 3876 4449 :

2273 4456 2388 4534 sed
2409 4456 2697 4534 prieterca
2725 4456 3088 4534 innmargine
3116 4459 3334 4534 legitur
3356 4481 3443 4534 γρ.
3471 4468 3559 4534 καὶ
3584 4472 3801 4534 σηκοῖς.

581 4509 693 4608 (ἧς)
727 4509 878 4608 εάίει
906 4509 1022 4581 τάξ
1131 4509 1928 4608 _'.~.i_;_..ro;;.'.:'Larinatem.
1974 4509 2062 4582 se.
2101 4535 2159 4584 τὸ

2278 4509 2292 4510 ί
2342 4509 2468 4608 (θὸ)
2488 4509 3452 4608 vaeggsarqgai’iiai235.2145;
3472 4509 3877 4608 ιῖέίἀέὶὶῖἰὶὲς.

509 4600 800 4667 ἀνεύθυνον,
835 4600 1023 4676 βρέφος
1049 4599 1344 4656 videlicet.

581 4675 693 4724 (76)
742 4674 881 4724 Reg.
930 4671 1160 4724 primus
1221 4674 1492 4724 μετάνοιαν
1548 4676 1966 4724 παοεστήσαντο.
2029 4674 2158 4724 Mox

2278 4599 2499 4723 Erimus
2529 4603 2591 4651 τὰ
2619 4603 2816 4670 ἔκγονα.
2842 4599 3022 4656 ’Πειιιά
3054 4602 3246 4659 multo
3293 4608 3430 4675 post
3477 4603 3636 4659 idem
3679 4599 3881 4663 codéx

2313 4670 2451 4724 abet
2471 4670 2531 4724 in
2553 4677 2836 4724 contextu
2865 4679 2954 4723 καὶ
2977 4671 3291 4724 ἀπέσκαιοον
3317 4693 3328 4724 :
3356 4675 3415 4724 in
3435 4676 3706 4724 margine
3729 4692 3878 4724 ναι-η

581 4675 693 4743 (76)
742 4670 883 4740 Reg.
912 4670 1160 4746 primus
1219 4674 1508 4746 μετάνοιαν⁸
1548 4676 1966 4744 παρεστήσαντο.
2029 4674 2160 4729 Mox

2278 4670 2451 4746 habet
2471 4670 2531 4725 in
2553 4677 2836 4746 contextu
2865 4679 2954 4723 καὶ
2977 4670 3328 4746 ἀπέσκαιρονῖ
3356 4675 3416 4729 in
3435 4676 3706 4746 margine
3729 4692 3878 4734 vero

2266 4747 2357 4863 ῗαὶ
2401 4739 2742 4816 ἀπέσπαιρον.
2777 4743 3004 4799 Rursus
3033 4739 3211 4800 idem"
3239 4746 3390 4802 liber
3432 4745 3554 4819 βίον
3572 4739 3877 4800 ’διδασκα-

2285 4831 2417 4863 .ειον.

2285 4831 2417 4868 ιειον,

2336 4884 2447 4952 (81)
2470 4883 2650 4962 illud,
2685 4887 2709 4936 6
2740 4885 3050 4962 πρεσᾷύτηςΔ
3081 4886 3378 4962 ἐπ’έκείνων
3419 4887 3639 4962 ἐθρήνει,
3668 4889 3752 4945 sic
3784 4889 3876 4946 in-

2265 4957 2622 5080 tergretatus
2634 4962 2722 5012 est
2733 4957 3401 5026 COmbeﬂsius,illorum
3416 4957 3649 5031 lu'gebat
3663 4962 3848 5018 vicem
3859 5006 3872 5017 .

2269 5026 2339 5080 Se
2410 5026 2656 5080 Basilius
2676 5028 2788 5080 hoc
2810 5043 2930 5080 non
2951 5028 3110 5080 dicit.
3127 5030 3221 5080 Ait
3244 5031 3444 5080 notius
3470 5031 3760 5080 Ninivitas
3785 5034 3871 5080 ita

2269 5026 2383 5102 sed
2410 5026 2656 5102 Basilius
2676 5028 2788 5083 hoc
2810 5043 2930 5083 non
2951 5028 3221 5102 dicit._Ait
3242 5031 3444 5102 potius
3469 5026 3760 5087 Ninivitas
3784 5034 3872 5090 ita

2265 5095 2511 5178 affectos
2529 5097 2812 5178 fuisse,_ut
2831 5115 3001 5155 suam
3021 5095 3284 5178 quisque
3297 5102 3877 5178 vicemlugeret.Nec

2263 5170 2424 5247 enim
2463 5170 2939 5247 senexaliorum
2981 5170 3463 5247 solum'lugebat
3498 5170 3714 5241 vicem,
3759 5175 3872 5231 sed

2263 5241 2444 5319 etiam
2465 5255 2644 5319 suam
2660 5241 3016 5319 ip_s_iu_s.lfljus
3036 5242 3218 5314 igitur
3235 5243 3350 5299 loci
3371 5244 3502 5319 haec
3517 5248 3614 5319 est
3631 5251 3875 5319 senten-

2263 5311 2372 5365 tia:
2391 5311 2502 5385 Qui
2521 5311 2978 5385 inter_’Ninivitas
3000 5311 3181 5385 senex
3202 5320 3346 5381 erat,
3369 5313 3642 5385 lugebat:
3660 5317 3875 5374 simili-

2263 5385 2349 5459 ter
2364 5382 2466 5453 qui
2483 5382 2722 5459 juvenis
2744 5388 2889 5459 erat,
2908 5383 3156 5459 lugebat
3174 5382 3695 5459 quoqueflbidem
3719 5390 3867 5459 Reg.

2262 5452 2492 5532 primus
2516 5452 2958 5537 xari‘észrdpairsy:
2977 5452 3211 5537 Rursus
3225 5452 3365 5536 Reg.
3382 5457 3615 5537 primus
3638 5452 3872 5537 σφοδρό-

2261 5520 2403 5596 τερον
2438 5520 2798 5598 ἀπωδυραντο.
2829 5525 2993 5583 Colb.
3027 5528 3235 5585 tertius
3266 5520 3606 5603 ἀτῖωδύρατο.

507 4741 656 4814 Reg.
678 4741 1316 4816 νεθοιιηάῖιεᾷτρυφωντες
1344 4747 1432 4793 καὶ
1459 4741 1828 4816 εὐωχούμενοι.

580 4813 692 4887 (77)
723 4815 965 4886 Antiqui
997 4813 1284 4887 duquibt‘i
1307 4818 1544 4887 κρατήσῃ
1573 4813 1908 4887 αἰσθομένης.

726 4882 932 4967 Ἐάὶῑίὀ
965 4884 1172 4967 faris.
1227 4882 1659 4967 ὑπεβῗαίνοῂγμυ⁸
1691 4882 1923 4963 ἑαυτούς.
1967 4884 2157 4941 Editio

508 4954 685 5014 Basil.
715 4957 935 5020 ἑαυτοῖς.
965 4957 1204 5028 Veteres
1234 4954 1500 5028 quinque
1529 4954 1662 5011 libri
1683 4955 1905 5028 suum.

580 5031 722 5108 (79)_
737 5029 901 5086 Colb.
932 5028 1137 5108 tertius
1171 5025 1486 5108 ᾀπήλλᾴρξθη
1528 5041 1639 5108 pro
1672 5025 1937 5108 ἀπηλάθη.
1967 5028 2155 5108 Paulo

506 5096 645 5182 poSt
682 5096 831 5182 Reg.
881 5100 1115 5182 primus
1151 5104 1219 5182 et.
1249 5096 1412 5182 editi
1435 5096 1648 5182 παιδίον
1697 5097 1971 5182 iii-caditat:
1999 5117 2012 5155 :
2037 5099 2155 5182 sed

505 5169 567 5227 in
594 5188 701 5228 ora
729 5169 862 5242 ejus
882 5169 1117 5228 'codicis
1137 5169 1421 5243 additum
1451 5175 1544 5243 est
1568 5190 1657 5243 γφ.
1692 5169 2000 5243 ὑπομάζιον.
2024 5172 2156 5243 *Νο-

504 5248 643 5316 ιιιιηι
665 5240 865 5299 autem
886 5243 988 5316 qui
1011 5242 1261 5314 paulum
1282 5240 1466 5298 modo
1486 5241 1547 5298 in
1567 5240 1834 5312 legendis
1855 5241 2155 5316 veteribus

502 5312 671 5368 libris
704 5311 937 5386 versat-1
975 5311 1134 5386 sunt,
1184 5317 1342 5386 hanc
1363 5311 1770 5386 inotam,_’7p.,
1807 5311 1893 5368 vel
1923 5331 2008 5386 γρ.
2039 5318 2148 5384 καί,

503 5383 846 5455 appositam
871 5401 1004 5441 esse
1025 5401 1061 5440 a
1079 5385 1338 5441 librariis
1357 5385 1418 5439 in
1444 5400 1551 5440 ora
1570 5383 1861 5439 librbrum
1878 5383 2154 5455 antiquo-

498 5461 767 5536 rumhut
808 5461 1124 5536 monerent
1162 5455 1830 5536 variarehexemplaria,
1855 5456 1938 5536 sic
1988 5460 2052 5510 ut
2088 5455 2152 5536 in

498 5525 801 5598 aliquibus
819 5527 1067 5600 quidem
1085 5527 1380 5598 legeretur
1397 5526 1503 5596 ita,
1527 5533 1591 5583 ut
1609 5525 1670 5582 in
1696 5531 1980 5584 contextu
2005 5526 2148 5583 scri-
