4088 6194
207 260 314 315 313

1043 255 1332 313 HOMILIA
1371 254 1579 312 DICTA
1613 248 1936 310 TEMPORE
1975 251 2183 310 FAMIS
2220 252 2304 309 ΕΤ
2342 251 2740 310 SlCClTATlS.

3459 255 3564 312 314

211 384 336 449 ζων,
371 378 724 457 σφοδρότερον
764 376 1107 455 ἀπωδύρετοο
1157 382 1184 433 6
1225 383 1382 442 πίνης
1425 377 1694 439 ὶστίναζεν
1718 397 1731 412 ν
1787 377 1814 429 6

1940 373 2443 450 iiscerpebatque.
2476 375 2863 444 Adolescens,
2896 380 2952 433 et
2983 376 3089 450 qui
3144 376 3384 436 ﬂorenti
3414 382 3593 437 atate

210 472 484 537 πλούσιος,
543 469 903 543 ἐπιλαθόμενος
948 478 1046 531 τῆς
1108 478 1327 545 τρυφῆς,
1376 473 1527 528 σῆκει
1580 472 1677 526 τήν
1724 485 1819 519 κα-

211 563 515 615 κοπάθειαν
569 563 640 622 ὡς
701 564 959 635 σώφρονα.
1021 558 1080 612 Ὀ
1150 558 1397 632 βασιλεὺς
1477 556 1647 611 αὐτῶν
1722 561 1819 616 τὴν

213 656 560 724 λαμπρότητα
602 653 694 701 καὶ
739 652 836 706 τήν
886 645 1045 711 δόξαν
1093 647 1164 710 εἰς
1213 648 1477 720 αἰσχύνην
1525 644 1819 720 μετέϐαλεν.

216 739 460 792 ’Δπέθετο
514 742 599 790 τόν
648 740 917 809 στέφανον,
967 740 1058 789 καὶ
1102 740 1240 789 κόνιν
1284 744 1379 798 τῆς
1422 736 1646 808 κεφαλῆς
1697 754 1823 788 κατ-

216 830 389 899 εχέετο
420 828 535 889 (8'2)
560 848 573 861 '
618 831 708 885 τὴν
737 821 1034 899 ἁλουργίδα
1077 824 1258 900 ῥιψας,
1296 826 1490 879 σάκκον
1530 828 1822 900 μετημφιά-

218 935 345 968 σατο
368 937 382 949 ο
442 919 530 967 τόν
588 917 766 989 θρόνον
814 918 904 967 τόν
957 913 1157 985 ὑψηλὸν
1214 913 1357 987 ἀφεὶς
1404 920 1495 967 καὶ
1545 917 1820 988 μετέωρον,

218 1004 422 1067 ἕλεεενὸς
480 1012 542 1078 τῇ
615 1013 680 1077 γῇ
758 1006 1153 1078 προσεσύρετο·
1202 1008 1295 1062 τὴν
1358 999 1675 1065 ἰδιάζουσαν
1732 1008 1824 1056 καὶ

220 1092 503 1167 βασιλικὴν
559 1093 858 1147 καταλιπών
912 1093 1209 1159 εὐπάθειαν,
1260 1093 1560 1166 συνεθρήνει
1608 1101 1682 1164 τῷ
1730 1089 1826 1152 δή·

218 1204 295 1256 ρῳ
317 1205 330 1216 ·
371 1180 450 1244 εἷς
497 1180 691 1253 ἐγένετο
742 1190 843 1235 τῶν
891 1180 1110 1248 πολλῶν,
1144 1184 1226 1235 ὅτε
1273 1184 1358 1236 τὸν
1407 1185 1578 1236 κοινὸν
1621 1183 1825 1235 πάντων

220 1276 484 1329 Δεσπότην
508 1269 712 1324 ἔϐλεπεν
743 1270 1102 1346 ὀργιζόμενον.
1636 1331 1643 1338 ,

281 1363 337 1417 4.
377 1368 548 1414 Τοῦτο
582 1356 781 1413 δούλων
822 1359 1148 1418 εὐαισθήτων
1176 1363 1433 1435 φρόνημα.
1465 1361 1693 1418 Τοιαύτη
1725 1368 1825 1411 τῶν

218 1452 503 1524 ἁμαρτίαις
551 1447 865 1521 ἐνεχομένων
908 1451 938 1507 ἠ
981 1449 1245 1521 μετάνοια.
1294 1455 1452 1521 Ημεῖς
1497 1444 1557 1502 δί
1597 1452 1692 1506 τὴν
1733 1450 1829 1522 μὲν

217 1539 481 1614 ἁμαρτίαν
507 1537 833 1610 ἐπιτελοῦμεν
884 1540 1162 1605 συντόνως,
1196 1536 1458 1611 ὀλιγώρως
1490 1533 1550 1591 δὲ
1596 1543 1687 1590 καὶ
1723 1538 1825 1610 ῥᾳ-

217 1630 391 1700 θύμως
435 1624 862 1699 ἀναλαμϐάνομεν
909 1630 1005 1685 τήν
1048 1628 1345 1699 μετάνοιαν.
1406 1629 1500 1688 Τίς
1555 1625 1825 1699 εὐξάμενος

1927 469 2075 537 erat,
2131 466 2548 523 vehementius
2602 465 3091 524 lamentabatur:
3149 467 3597 537 ingemiscebat

1925 569 2192 627 pauper:
2240 555 2409 612 dives
2454 555 2810 612 deliciarum
2843 554 3084 624 oblitus,
3119 556 3490 614 afﬂictationi
3528 561 3595 615 ut

1926 642 2103 700 bonae
2153 660 2218 700 se
2247 644 2528 702 dedebat.
2565 646 2687 700 Rex
2720 643 2995 716 ipsorum
3026 644 3413 717 splendorem
3455 647 3586 717 glo-
3644 650 3651 657 ‘

1928 733 2204 806 riamque
2259 733 2685 791 transmutavit
2713 732 2775 789 in
2820 733 3272 790 verecundiam.
3306 735 3590 808 Deposita

1931 838 2171 893 corona,
2208 826 2391 895 caput
2422 822 2622 879 cinere
2654 822 2934 894 inspersit
2962 842 2974 877 :
3024 836 3300 895 purpura
3329 822 3589 894 abjecta,

1930 910 2129 967 induit
2157 927 2402 968 saccum
2437 929 2450 967 :
2486 911 2702 967 throno
2754 909 2874 967 alto
2922 914 2980 966 et
3009 909 3255 967 sublimi
3284 910 3588 979 derelicto,

1932 1000 2261 1059 miserabili
2289 1001 2503 1057 habitu
2531 1000 2702 1056 humi
2731 999 2980 1072 repebat
3010 1017 3021 1055 :
3077 999 3407 1073 repudiatis
3446 1016 3590 1073 pro-

1935 1090 2078 1163 priis
2108 1106 2179 1147 ac
2208 1089 2386 1159 regiis
2419 1089 2669 1158 deliciis,
2703 1088 2950 1158 lugebat
2980 1105 3117 1146 cum
3148 1089 3393 1162 populo,
3429 1106 3588 1147 unus

1933 1196 1964 1236 e
1990 1180 2193 1236 multis
2222 1179 2416 1236 factus
2445 1183 2503 1235 et
2530 1178 2825 1251 plebeius,
2854 1178 3022 1250 quod
3051 1194 3438 1235 communem
3479 1181 3591 1236 Do-

1933 1268 2168 1325 minum
2200 1268 2477 1325 omnium
2508 1267 2735 1324 videret
2764 1267 3006 1323 iratum.

2002 1360 2056 1413 4.
2099 1360 2233 1413 Rrec
2272 1360 2362 1412 est
2410 1372 2727 1412 servorum
2780 1371 2965 1411 sensu
3013 1355 3404 1428 praeditorum
3453 1371 3592 1429 pru-

1933 1446 2136 1502 dentia
2160 1463 2172 1501 :
2206 1446 2341 1502 talis
2366 1445 2685 1502 hominum
2717 1444 2980 1516 peccatis
3007 1443 3438 1516 implicitorum
3465 1461 3591 1518 pce-

1934 1535 2207 1593 nitentia.
2241 1538 2358 1590 Nos
2389 1539 2593 1591 autem
2625 1532 2840 1589 acriter
2870 1548 2941 1590 ac
2969 1534 3083 1589 cito
3111 1548 3460 1606 peccamus,
3485 1533 3591 1590 sed

1932 1624 2309 1694 negligenter
2320 1623 2622 1694 segniterq
2632 1638 2703 1676 ue
2720 1622 3134 1693 paenitentiam
3150 1620 3592 1693 amplectimur.

220 1715 440 1790 ἆπορρεἰ
476 1710 727 1789 δάκρυον,
763 1713 823 1765 ἶν’
847 1712 1038 1789 ὄμϐρον
1079 1713 1209 1786 λάϐῃ
1241 1718 1332 1766 καὶ
1376 1717 1631 1786 σταγόνας
1656 1713 1826 1767 εὐκαί-

1940 1713 2077 1780 Quis
2103 1711 2411 1784 precando
2441 1711 2834 1782 lacrymatur,
2858 1717 2921 1769 ut
2949 1711 3209 1768 imbrem
3228 1727 3301 1768 ac
3320 1710 3591 1783 pluviam

213 1825 331 1879 ρονς
356 1821 373 1870 ;
404 1807 501 1866 Τίς
526 1802 800 1875 ἐξαλείφειν
830 1801 1113 1878 ἁμαρτίας,
1135 1806 1271 1856 κατὰ
1290 1823 1517 1876 μιμησιυ
1536 1811 1629 1857 τοῦ
1659 1823 1828 1877 μακα-

212 1901 322 1967 ρίου
364 1889 565 1959 Δαϐὶδ,
601 1896 807 1968 θρήνοις
832 1897 921 1951 τὴν
967 1897 1143 1950 κοίτην
1169 1891 1375 1968 ἓϐρεξε;
1404 1892 1502 1955 ΑΤίς
1530 1890 1701 1954 πόδας
1732 1892 1828 1946 ἀπ-

211 1983 388 2037 ίπλυνε
419 1983 545 2054 (83)
577 1982 747 2048 ξένων,
780 1985 870 2033 καὶ
914 1986 1012 2040 τὴν
1039 1985 1179 2034 κόνιν
1221 1989 1318 2044 τῆς
1367 1978 1673 2056 ὁδοιπορίας
1721 1980 1826 2036 ἁπ-

212 2072 448 2139 ὰλυσεν,
497 2070 560 2122 ἶν’
612 2069 662 2123 ἐν
704 2079 870 2145 καιρῷ
928 2067 1226 2143 δυσωπὴσῃ
1274 2074 1362 2123 τόν
1412 2073 1560 2138 Θεὸν,
1611 2071 1826 2145 αὐχμοῦ

209 2162 356 2215 λῦσεν
408 2162 630 2227 ζητῶν;
671 2164 764 2222 Τίς
805 2159 988 2234 ἔθρεψε
1028 2164 1088 2212 τό
1130 2163 1329 2233 πατρὸς
1358 2163 1546 2234 ἔρημον
1588 2158 1822 2226 παιδίον,

211 2251 291 2302 ἵνα
316 2256 411 2301 νῦν
437 2249 570 2321 ἡμῖν
616 2249 643 2300 ό
676 2249 806 2309 Θεὸς
837 2246 1001 2320 θρέψῃ
1047 2249 1115 2299 τὰ
1161 2251 1307 2300 σιτία
1333 2249 1470 2317 (84),
1500 2250 1569 2311 ὡς
1609 2247 1826 2322 ὀρφανόν

209 2348 269 2411 τῇ
316 2348 423 2391 τῶν
470 2336 675 2410 ἀνέμων
724 2335 958 2411 ἀκρασίᾳ
1003 2332 1470 2410 κονδυλιζόμενον;
1520 2342 1607 2399 Τίς
1644 2337 1826 2412 ἒθερά-

208 2447 367 2483 me:
411 2432 599 2501 χήραν
629 2429 992 2499 κεκακωμένην
1029 2433 1147 2489 ταῖς
1189 2422 1496 2489 δυσκολίαις
1539 2434 1631 2479 τοῦ
1680 2426 1824 2500 βίου,

206 2519 289 2571 ἱνα
315 2524 410 2569 νῦν
442 2517 771 2589 ἐπιμετρηθῇ
817 2520 913 2573 τὴν
945 2512 1226 2586 ἀναγκαίαν
1260 2520 1452 2588 τροφήν
1478 2533 1493 2584 ;
1543 2515 1826 2591 Διάρῥηξον

202 2612 575 2681 γραμματεῖον
618 2600 828 2671 ἄδικον,
863 2602 925 2654 ἶν’
973 2603 1136 2665 οὕτως
1183 2606 1213 2661 ἡ
1263 2602 1497 2676 ἁμαρτία
1537 2603 1690 2676 λυθῇ.
1721 2602 1827 2667 Ἐξ-

204 2695 424 2766 «ila-{ma
450 2692 767 2767 βαρυτάτων
808 2696 973 2745 τόκων
1007 2691 1305 2764 ὁμολογίαν,
1336 2692 1418 2744 ἶνα
1445 2696 1567 2764 τέκῇ
1601 2694 1668 2744 τὰ
1698 2712 1827 2745 συν-

204 2787 308 2846 ήθη
360 2786 394 2842 ἠ
436 2790 537 2855 γῆ.
566 2779 776 2835 Χαλκοῦ
818 2783 920 2853 γὰρ
968 2780 1058 2832 καί
1103 2787 1314 2853 χρυσοῦ
1358 2784 1447 2832 καὶ
1490 2787 1591 2833 τῶν
1631 2778 1827 2853 ἀγόνων

201 2875 351 2946 παρὰ
434 2874 596 2945 φύσιν
653 2874 942 2942 γεννώντων
966 2910 980 2936 ,
1047 2871 1078 2928 ἠ
1150 2872 1285 2921 κατὰ
1351 2870 1505 2940 φύσιν
1573 2873 1829 2923 τίκτουσα

201 2970 409 3036 γὸεται
469 2965 678 3034 στείρα,
723 2959 814 3011 καὶ
859 2962 990 3032 πρός
1038 2963 1291 3031 τιμωρίαν
1338 2966 1438 3010 τῶν
1486 2956 1827 3012 ἐποικουντων

202 3048 583 3108 κατεδικάσθη
634 3054 723 3108 τὴν
773 3047 1052 3121 ἀκαρπίαν.
1087 3047 1416 3108 Δειζάτωσαν
1443 3052 1613 3115 τοίνυν
1643 3050 1693 3100 οἱ
1732 3053 1828 3107 τὴν

206 3142 514 3205 πλεονεξίαν
562 3147 834 3212 τιμῶντες,
884 3137 934 3189 οἱ
980 3140 1066 3189 τὸν
1114 3136 1334 3190 πλοῦτον
1385 3134 1496 3209 μεθ’
1541 3134 1829 3210 ὑπερϐολῆς

207 3234 555 3303 συνάγοντες,
585 3232 669 3291 τίς
710 3230 741 3287 ἠ
785 3223 1008 3299 δύναμις
1055 3233 1155 3278 τῶν
1206 3226 1681 3298 θησαυρισοέντων,
1714 3225 1744 3284 ἣ
1778 3227 1831 3276 τί

206 3323 267 3372 τὸ
293 3319 504 3392 ὁρελος,
538 3316 601 3370 ἄν
633 3316 901 3392 ὀργισθεὶς
948 3315 974 3366 ό
1023 3317 1153 3377 Θεὸς
1191 3312 1274 3366 ἐπί
1309 3313 1479 3367 πλεῖον
1527 3312 1825 3386 παρελκύσῃ

207 3413 302 3467 τήν
326 3412 622 3481 τιμωρίαν.
652 3406 960 3477 Ὠχρότεροι
1001 3405 1150 3475 τάχα
1186 3410 1279 3456 τοῦ
1318 3402 1529 3477 χρυσοῦ
1576 3406 1829 3479 γενήσον-

208 3517 295 3551 ται
349 3501 404 3552 οἱ
460 3504 652 3550 τοῦτον
706 3498 1035 3569 σωρεύοντες,
1093 3492 1177 3547 ἐὰν
1226 3498 1297 3566 μὴ
1358 3496 1446 3546 τὸν
1498 3493 1675 3565 ἄρτον,
1733 3496 1830 3565 μὲ-

204 3608 310 3662 le:
349 3588 475 3659 (85)
523 3587 659 3658 χθὲς
699 3588 790 3635 καὶ
847 3589 1027 3657 πρώην
1068 3584 1542 3656 καταφρονούμενον
1591 3577 1685 3634 διά
1735 3585 1830 3640 τὴν

208 3683 506 3751 πρόχειρον
553 3673 795 3737 ἐξουσιαν
841 3680 937 3734 τῆς
966 3672 1227 3738 εὐθηνίας,
1264 3679 1464 3744 σχῶσι.
1500 3672 1598 3732 Δὸς
1642 3665 1709 3729 δὴ
1755 3674 1827 3743 μὴ

211 3763 341 3817 εἶναι
370 3769 463 3817 τόν
494 3765 887 3835 πιπράσκοντα,
919 3757 1060 3834 μηδὲ
1098 3762 1354 3833 ὑπάοχειν
1402 3766 1544 3813 σῖτον
1598 3757 1646 3811 ἓν
1697 3758 1831 3812 ἁπο-

212 3856 405 3916 θήκαες
428 3875 443 3886 ·
477 3857 573 3904 καὶ
593 3856 677 3913 τίς
708 3853 739 3909 ἡ
770 3859 976 3925 χρῆσις
999 3858 1098 3902 τῶν
1139 3848 1449 3924 βαρυτάτων
1500 3846 1789 3922 βαλαντίων
1814 3864 1828 3915 ;

210 3943 318 3996 εἰπέ
362 3962 481 4015 μοι.
517 3940 595 3992 Οῦ
638 3937 764 4011 ευτ’
792 3937 996 3991 ἐκείνων
1038 3938 1340 4010 χωσθὴσῃ;
1390 3936 1467 3989 Οὐ
1518 3944 1587 4008 γῆ
1620 3938 1646 3989 ό
1688 3956 1832 4011 χρυ-

209 4036 303 4094 σός
323 4049 341 4100 ;
376 4030 458 4083 οὐ
490 4028 662 4090 πηλός
697 4026 915 4102 ἀχρεῖος
942 4024 1090 4099 πηλῷ
1139 4035 1211 4097 τῷ
1260 4032 1465 4098 σώματι
1509 4030 1831 4101 παρακείσε-

208 4137 336 4188 rat;
408 4120 599 4173 Πάντα
649 4115 872 4185 ἐκτήσω,
929 4120 1022 4169 καὶ
1072 4117 1121 4169 ἓν
1180 4113 1459 4187 ἀναγκαῖον
1517 4114 1612 4167 οῦκ
1668 4117 1829 4187 ἔχεις,

209 4205 443 4283 δύναμιν
493 4214 588 4259 τοῦ
632 4208 829 4279 τρέφειν
878 4208 1117 4263 σεαυτόν.
1155 4211 1238 4276 Τῷ
1280 4208 1437 4258 παντί
1482 4223 1578 4257 σου
1627 4202 1833 4276 πλούτῳ

209 4298 259 4350 ἓν
298 4303 459 4371 νέφος
509 4294 806 4368 ἁπέργασαι
830 4315 843 4328 ·
894 4293 1079 4367 ὀλίγων
1124 4289 1369 4366 ψεκάδων
1418 4292 1692 4352 ἐπινόησον
1742 4295 1836 4345 πό-

208 4407 327 4460 ρον·
376 4385 585 4449 ἕπειξον
613 4384 682 4446 εἰς
712 4388 1067 4457 καρποφορίαν
1097 4387 1191 4441 τὴν
1219 4391 1319 4455 γῆν
1345 4403 1358 4416 ·
1389 4381 1547 4434 λῦσον
1576 4390 1651 4453 τῷ
1682 4382 1834 4455 ὑπερ-

214 4484 395 4548 εῖανῷ
454 4479 550 4526 καὶ
612 4472 851 4525 σοϐοῦντι
916 4471 1119 4543 πλοὺτῳ
1162 4476 1256 4530 τὴν
1328 4472 1619 4543 συμφοράν.
1676 4474 1834 4542 Τάχα

212 4569 331 4618 τινα
383 4563 493 4616 τῶν
524 4560 750 4615 εὖλαϐῶν
797 4560 1177 4636 παρακαλέσας
1215 4561 1349 4632 (86),
1384 4559 1446 4611 ἶν’
1475 4559 1660 4631 εὐχαῖς
1686 4562 1774 4627 ὡς,
1806 4560 1833 4611 6

214 4654 491 4714 Θεσϐίτης
539 4649 714 4711 Ἠλίας
765 4652 941 4703 ἄνεσιν
992 4669 1075 4702 σοι
1125 4654 1426 4721 χαρίσηται
1477 4656 1576 4700 τῶν
1630 4644 1831 4715 δεινῶν,

214 4746 498 4818 ἅνθρωπός
548 4738 818 4814 ἀκτήμων,
877 4740 1108 4813 ὠχριῶν,
1164 4734 1503 4806 ἁνυπόδετος,
1567 4736 1829 4806 ἀοίκητος,

216 4832 479 4897 ἀνέστιος,
526 4832 740 4902 ἄπορος,
798 4829 868 4882 ἑνὶ
918 4836 1108 4900 χιτῶνι
1162 4832 1493 4900 σκεπόμενος,
1545 4830 1614 4890 ὡς
1657 4826 1833 4890 Ἠλίας

290 4993 337 5027 ⁸³
363 4989 530 5048 Psal.
561 5005 639 5059 vi,
672 4991 732 5044 7.
819 4989 867 5024 ⁸⁸
900 4990 969 5044 lll
996 4990 1140 5059 Reg.
1174 5003 1330 5057 xvm,
1361 4991 1455 5045 45.

287 5118 416 5202 (8η
441 5112 636 5170 Editio
655 5116 912 5185 utraque
942 5115 1253 5184 κατεχέατο.
1284 5114 1356 5168 At
1378 5111 1648 5185 quinque
1671 5129 1826 5170 mss.

225 5204 413 5257 κατεχε
420 5203 521 5257 ετο.

293 5252 407 5325 (8'3)
430 5255 579 5311 Editi
598 5259 654 5311 et
684 5257 826 5325 Reg.
853 5252 1059 5325 tertius
1090 5252 1355 5325 etAColb.
1376 5252 1585 5310 itidem
1618 5254 1823 5312 tertius

231 5321 604 5399 ξὸδαέὲςρεξε.
639 5321 798 5399 Reg:
813 5324 1047 5399 primus
1065 5321 1235 5399 πόδας
1256 5323 1415 5399 Evr-ps,
1449 5327 1588 5399 Reg.
1614 5341 1824 5399 secun-

233 5396 341 5468 dus
358 5394 527 5459 πόδας
545 5394 833 5452 ἀπέντλῦνεῖ
843 5394 979 5468 Scio
998 5396 1241 5468 quidem
1265 5394 1380 5451 tres
1400 5396 1512 5468 has
1535 5396 1824 5453 lectiones

235 5466 387 5543 idem
403 5468 575 5543 plane
593 5465 1003 5543 valeregimalo
1016 5465 1214 5543 tamen
1235 5466 1568 5543 secundam
1586 5472 1688 5543 aut
1714 5473 1824 5523 ter-

238 5536 498 5610 nam,'ne
524 5540 782 5601 verbum
804 5536 973 5614 ἔϐρεξε
996 5538 1367 5598 continenter
1380 5537 1477 5595 bis
1498 5542 1820 5614 repetatur.

1934 1806 2347 1874 opportunam
2399 1801 2723 1874 impetret?
2774 1801 2917 1867 Quis
2970 1805 3221 1873 peccata
3260 1799 3589 1868 deleturus,

1932 1890 2093 1947 beati
2123 1889 2368 1945 Davidis
2398 1890 2698 1962 exemplo,
2724 1889 3013 1962 lacrymis
3037 1889 3257 1946 lectum
3279 1886 3596 1959 rigavit“?

1936 1978 2079 2045 Quis
2104 1978 2414 2050 hospitum
2442 1978 2587 2035 lavit
2616 1979 2823 2051 pedes,
2855 1984 2912 2036 et
2935 1978 3249 2051 pulverem
3281 1993 3357 2035 ex
3383 1977 3596 2035 itinere

1936 2067 2254 2124 collectum
2281 2066 2584 2134 abstersit,
2618 2072 2700 2137 ut,
2731 2068 2880 2124 dum
2924 2068 3191 2124 siccitate
3222 2067 3467 2123 liberari
3495 2081 3602 2139 po-

1934 2155 2329 2227 stulat,Deum
2351 2162 2690 2228 opportune
2713 2154 2934 2230 placet?
2956 2157 3099 2221 Quis
3119 2156 3288 2229 pavit
3305 2154 3595 2213 orbatum

1934 2249 2103 2318 patre
2139 2260 2420 2317 puerum,
2453 2249 2519 2301 ut
2538 2247 2695 2301 Deus
2719 2261 2883 2301 nunc
2908 2244 3086 2302 nobis
3114 2244 3320 2315 fruges
3349 2243 3596 2313 nutriat,

1934 2349 2059 2392 non
2087 2348 2263 2389 secus
2291 2348 2364 2388 ac
2385 2334 2734 2406 orphanum
2755 2335 2873 2406 66
2901 2338 3220 2390 ventorum
3246 2332 3601 2406 intemperie

1936 2423 2301 2493 exagitatum
2325 2420 2351 2474 ?
2372 2422 2516 2488 Quis
2547 2422 2694 2479 fovit
2715 2422 3003 2479 afﬂictam
3028 2422 3224 2479 victus
3250 2421 3602 2479 difﬁcultate

1934 2511 2208 2577 viduam,
2240 2515 2307 2567 ut
2335 2526 2497 2566 nunc
2528 2512 2581 2568 ei
2612 2511 2911 2568 tribuatur
2930 2510 3285 2568 alimentum
3313 2524 3595 2567 necessa-

1935 2600 2137 2656 rium?
2168 2600 2446 2657 Discinde
2478 2599 2832 2656 schedulam
2858 2600 3153 2672 iniquam,
3182 2603 3247 2655 ut
3275 2598 3360 2654 sic
3380 2613 3597 2671 pecca-

1938 2694 2066 2747 tum
2118 2689 2406 2747 solvatur.
2442 2690 2578 2747 Dele
2627 2690 3127 2761 gravissimorum
3172 2689 3455 2745 fenorum
3493 2704 3600 2761 pa-

1940 2785 2127 2851 ctum,
2162 2784 2226 2836 ut
2272 2787 2427 2837 terra
2470 2781 2668 2851 pariat
2717 2783 3005 2837 consetna
3047 2794 3117 2836 ac
3146 2778 3471 2853 producat.
3504 2781 3599 2834 Et-

1938 2869 2102 2926 enim
2149 2870 2296 2925 dum
2327 2884 2409 2925 aes
2441 2874 2500 2925 et
2526 2886 2768 2937 aurum,
2801 2874 2860 2926 et
2888 2885 2961 2926 ea
3016 2885 3152 2942 quas
3183 2867 3408 2925 sterilia
3438 2870 3597 2935 sunt,

1941 2960 2196 3029 gignunt
2238 2964 2455 3032 praeter
2500 2964 2808 3026 naturam,
2838 2967 2996 3016 terra
3022 2962 3226 3015 tamen
3255 2974 3395 3031 quae
3424 2962 3600 3014 natu-

1939 3047 2141 3104 raliter
2170 3049 2328 3120 parit
2357 3052 2414 3103 et
2444 3047 2705 3104 fecunda
2734 3052 2846 3113 est,
2877 3046 3090 3103 sterilis
3115 3046 3412 3116 redditur,
3434 3051 3492 3103 et
3519 3046 3601 3103 ad

1940 3135 2170 3193 incolas
2199 3135 2541 3208 puniendos
2559 3135 2885 3192 damnatur
2901 3133 3372 3191 infecunditatis.
3398 3135 3604 3190 Osten—

1942 3225 2089 3282 dant
2128 3224 2311 3296 igitur
2339 3225 2443 3297 qui
2468 3229 2736 3297 questum
2760 3224 2821 3280 in
2857 3224 3042 3298 pretio
3071 3222 3319 3295 habent,
3360 3238 3432 3280 ac
3459 3222 3605 3279 divi-

1942 3314 2056 3370 tias
2077 3312 2233 3370 ultra
2257 3313 2513 3370 modum
2534 3318 2851 3384 aggerunt,
2869 3312 3019 3386 quid
3041 3311 3288 3370 valeant
3306 3311 3602 3370 reconditi

1941 3403 2227 3474 thesauri,
2262 3407 2366 3459 aut
2392 3418 2530 3475 quae
2579 3419 2793 3459 eorum
2831 3402 3159 3459 necessitas
3191 3401 3287 3473 sit,
3318 3401 3368 3458 si
3413 3401 3603 3459 iratus

1940 3491 2100 3549 Deus
2143 3490 2402 3547 multam
2430 3508 2500 3547 ac
2526 3508 2765 3563 pmnam
2794 3490 3043 3546 ulterius
3074 3489 3408 3563 protrahat.
3443 3493 3600 3547 Con-

1940 3578 2141 3638 festim
2170 3596 2316 3637 auro
2338 3579 2685 3653 pallidiores
2716 3579 2878 3647 fient,
2911 3579 3017 3652 qui
3060 3578 3124 3635 id
3162 3581 3518 3649 congerunt,
3551 3577 3602 3634 si

1941 3685 2122 3743 pane,
2150 3668 2256 3742 qui
2280 3668 2410 3725 heri
2430 3674 2488 3724 et
2512 3667 2949 3725 nudiustertius
2976 3667 3056 3724 ob
3088 3671 3366 3740 paratam
3399 3682 3602 3740 prom-

1941 3762 2234 3833 ptamque
2289 3757 2531 3830 copiam
2574 3757 3098 3825 contemnebatur,
3147 3760 3410 3812 careant.
3443 3759 3601 3812 Pone

1938 3848 2071 3920 jam
2092 3862 2218 3903 non
2247 3861 2382 3903 esse
2409 3846 2806 3917 venditorem,
2841 3861 2951 3903 nec
2998 3844 3209 3902 haberi
3262 3844 3325 3901 in
3373 3844 3602 3902 horreis

1942 3937 2346 4003 frumentum;
2376 3934 2527 4009 quid
2557 3934 2824 3998 tandem,
2857 3950 3086 4008 quaeso,
3119 3932 3454 4007 proderunt
3498 3933 3605 3991 tibi

1942 4025 2260 4098 marsupia
2288 4024 2682 4095 gravissima?
2712 4027 2921 4080 Nonne
2950 4039 3074 4080 una
3103 4039 3244 4080 cum
3286 4022 3434 4095 ipsis
3481 4022 3599 4079 sub

1943 4114 2160 4173 eodem
2188 4128 2407 4186 aggere
2436 4112 2743 4186 sepelieris
2762 4114 2790 4169 ?
2817 4116 3024 4170 Nonne
3049 4116 3207 4169 terra
3225 4128 3441 4168 aurum
3469 4112 3606 4170 est?

1944 4208 2152 4263 Nonne
2180 4203 2391 4281 inutile
2428 4202 2625 4260 lutum
2646 4202 2773 4259 luto
2798 4201 3122 4273 adjacebit,
3151 4200 3393 4274 corpori
3441 4200 3607 4257 vide-

1943 4293 2128 4351 licet?
2148 4292 2425 4350 Possides
2447 4291 2690 4348 omnia:
2724 4290 2832 4348 sed
2852 4306 2977 4347 una
2998 4306 3094 4347 res
3123 4295 3217 4348 est
3234 4291 3604 4359 necessaria,

1947 4398 2072 4456 qua
2118 4397 2307 4445 cares,
2354 4380 2611 4438 facultas
2658 4380 2923 4452 teipsum
2974 4378 3200 4436 alendi.
3251 4380 3490 4438 Contice
3533 4396 3608 4437 ex

1947 4470 2234 4528 omnibus
2268 4470 2381 4527 tuis
2407 4469 2628 4543 opibus
2659 4467 2946 4525 nebulam
2968 4484 3157 4526 unam
3184 4485 3199 4536 ;
3232 4469 3327 4526 fac
3351 4469 3606 4527 descen-

1947 4562 2096 4618 dant
2115 4564 2297 4631 guttaa
2321 4575 2533 4632 paucae
2561 4575 2574 4625 ;
2608 4574 2755 4628 urge
2782 4563 3003 4614 terram
3037 4556 3118 4614 ad
3147 4558 3397 4615 fructum
3423 4560 3609 4616 teren-

1946 4651 2131 4716 dum;
2182 4648 2591 4706 calamitatem
2622 4647 2905 4720 superbis
2940 4646 3055 4703 illis
3088 4663 3160 4704 ac
3198 4647 3606 4705 insolentibus

1945 4738 2166 4796 divitiis
2197 4735 2471 4794 amolire.
2508 4738 2783 4792 Fortasse
2813 4736 2985 4808 pium
3030 4736 3298 4809 aliquem
3328 4736 3603 4806 induces,

1948 4830 2011 4885 ut
2031 4825 2308 4900 exemplo
2319 4824 2614 4882 Thesbitm
2637 4823 2772 4880 Elim
2788 4825 2833 4859 ³³
2853 4824 3271 4881 remissionem
3293 4823 3396 4880 tibi
3420 4821 3605 4879 malo-

2011 5114 2116 5186 (8'1)
2152 5112 2342 5186 Editio
2360 5111 2554 5186 Paris.
2589 5109 2752 5186 θρέψῃ
2785 5113 3071 5186 τόνλσίτον.
3100 5105 3294 5186 Editio
3331 5105 3509 5186 Basil.
3542 5110 3606 5186 et

1934 5177 2545 5271 mss.'Combefisiani
2594 5177 2662 5233 τὰ
2689 5177 2833 5234 σῖτα.
2867 5179 2977 5235 Alii
3020 5183 3288 5251 quatuor
3313 5193 3346 5234 e
3376 5177 3603 5235 nostris

1943 5260 2001 5309 τὰ
2032 5260 2195 5310 σιτία.

2006 5331 2117 5399 (85)
2143 5326 2291 5399 Editi
2343 5327 2497 5399 ὀίρτον
2541 5326 2627 5399 τόν
2665 5324 2953 5399 μέχριέΛι
3001 5336 3148 5377 mss.
3197 5320 3354 5397 ἄρτον
3406 5324 3595 5397 μέχρι,

2282 5394 2516 5478 primus
2547 5394 2808 5478 ξῆθηνίαις
2834 5395 3052 5478 ξχουσι.

1932 5463 2302 5593 λ,(ΒδΗῖάίῐῖ
2339 5464 2726 5542 παρακαλέσςη.
2778 5469 2852 5520 At
2905 5480 3050 5524 mss.
3112 5463 3285 5522 multi
3344 5484 3590 5542 παρακα-

1966 5559 2123 5594 30'“:-

1966 5571 2123 5605 auus.
