4088 6194
522 246 629 302 315
1897 237 1952 291 S.
1998 232 2185 292 BASII

2297 233 2516 293 MtﬂNl
2664 252 2667 257 '
3778 248 3872 301 310

521 381 660 424 rum
678 363 958 439 precibus
974 361 1459 436 impetret,homo
1480 357 2173 435 inops,paiiidusdiseolo

2297 366 2353 430 τῇ
2400 358 2640 434 μηλωτῇ,
2671 365 2765 421 τὸν
2815 363 2981 434 εὐχὴν
3030 365 3166 435 ἔχων
3216 367 3520 439 σύντροφον,
3561 371 3655 426 τὴν
3698 366 3878 443 ἰγκράρ

521 460 750 521 ceatus,
775 454 905 509 sine
933 453 1138 519 domo,
1168 452 1298 508 sine
1325 450 1470 516 lare.
1502 466 1750 521 egenus,
1774 449 1953 505 unica
1971 448 2177 504 tunica

2297 466 2426 500 τειαν
2470 446 2800 522 ὁμοδίαιτον.
2831 453 2937 506 Κάν
2980 450 3240 526 ἐπιτύχῃς
3269 462 3363 527 τῇς
3392 458 3534 530 παρὰ
3576 464 3669 510 τοῦ
3714 460 3879 510 τοιοᾶτ

526 548 867 618 coopertus,
921 541 1082 598 velut
1128 539 1285 597 Elias
1335 540 1492 613 pelle
1548 540 1748 606 ovilla,
1808 538 1989 595 simul
2037 553 2178 595 cum

2297 555 2378 591 του
2432 536 2683 611 βοηθείας
2724 541 2843 612 (87)
2888 537 3147 615 δίομενος,
3198 544 3257 596 οὐ
3296 548 3473 619 μακρὰ
3517 546 3880 619 καταγελάσας

523 634 804 709 precibus
860 632 1178 700 educatus,
1230 630 1464 702 jejunio
1511 628 1933 687 contubernali
1978 632 2176 684 utens.

2297 634 2387 680 τῶν
2441 628 2833 706 πολυμερίμνων
2893 634 3211 705 κτημάτων;
3280 633 3338 686 οὐ
3402 638 3758 710 προσπτύσεις
3812 645 3881 708 τῷ

526 722 698 790 Quod
720 722 768 778 si
790 719 1064 793 rogando
1081 719 1160 776 ab
1176 718 1477 792 ejusmodi
1494 719 1623 775 viro
1639 732 1821 791 opem
1837 716 2113 773 obtinens
2124 718 2182 772 et

2297 726 2515 792 χρυσῷ;
2572 720 2632 772 οὐ
2687 717 2989 796 διαῤῥίφεις
3045 725 3115 785 ὡς
3161 728 3351 799 κόπρον
3403 728 3490 777 τὸν
3537 726 3783 802 ἄργυρον,
3831 728 3880 780 ὃν

2285 810 2532 882 πρότερον
2596 811 2767 863 πάντα
2823 808 3105 885 δυνάμενον
3150 818 3238 866 καὶ
3305 814 3543 887 φίλτατον
3601 817 3879 890 ὀνομάζων,

2288 890 2489 968 ἀδρανῆ
2546 896 2742 970 βοηθὸν
2799 898 2882 954 επὶ
2930 909 3027 963 τῆς
3081 907 3272 975 χρείας
3319 901 3640 977 ἕγνὼρισας;
3691 909 3785 958 Διὰ
3830 909 3885 959 σε

2287 987 2378 1036 καὶ
2424 989 2519 1043 τὴν
2568 990 2839 1064 συμφορὰν
2883 993 3080 1048 ταύτην
3122 987 3465 1047 κατεδίκασεν
3519 990 3700 1052 ἐπειδὴ
3753 997 3884 1067 ἔχων

2288 1071 2383 1124 οὐκ
2432 1070 2625 1137 ἑδίδως
2651 1077 2767 1147 (88)
2795 1099 2808 1113 ο
2843 1076 3024 1137 ἐπειδὴ
3072 1085 3391 1155 παρίτρεχες
3414 1086 3537 1143 τοὺς
3581 1076 3885 1142 πεινῶντας⁸

2288 1157 2469 1219 ἓπειδὴ
2538 1168 2669 1238 πρὸς
2745 1170 2866 1229 τοὺς
2935 1164 3285 1243 ὀδυρομένους
3367 1169 3462 1221 οὐκ
3538 1168 3883 1245 ἂπεστρέφουε

2289 1245 2470 1333 insidii
2522 1258 2970 1328 προσκυνούμενος
3001 1258 3117 1327 (89)
3144 1257 3238 1310 οὼι
3286 1257 3468 1321 ἠλέεις.
3502 1258 3754 1333 Ἔρχεται
3799 1262 3889 1310 καὶ

2290 1332 2380 1389 δι’
2427 1338 2631 1412 ὀλίγους
2656 1342 2757 1413 ’ἐπὶ
2806 1342 2977 1418 δῇμον
3033 1350 3191 1413 κακὰ,
3250 1353 3341 1400 καὶ
3388 1332 3686 1421 μοχθηρίας
3751 1350 3888 1409 τινὸς

2287 1429 2670 1501 παραπήλαυσε
2726 1430 2915 1507 δῆμος.
2975 1435 3155 1511 Ἀχαρ
3211 1436 3532 1509 ίεροσύλησε,
3578 1440 3668 1489 καὶ
3715 1436 3805 1494 ὅλη
3853 1437 3885 1494 ἡ

2289 1518 2580 1589 παράταξις
2646 1519 2975 1594 ίμαστίζετο.
3048 1524 3106 1576 Ὀ
3168 1524 3374 1601 Ζαμϐρὶ
3447 1524 3601 1579 πάλιν
3665 1524 3735 1587 εἰς
3795 1526 3894 1588 τὰς

2290 1601 2683 1746 ξαδιανίτιδας
2731 1610 3079 1687 ἐξεπόρνευσε,
3111 1619 3197 1668 καὶ
3245 1617 3271 1668 ὁ
3307 1614 3520 1689 Ἰσραὴλ
3571 1617 3776 1670 ἔπιπτεν
3821 1614 3892 1677 εἰς

2334 1713 2470 1746 ικην.

2334 1713 2470 1753 ικην.

524 812 895 887 praesidium,
921 825 1124 867 nonne
1168 809 1407 866 divitias
1450 809 1655 866 multis
1690 809 1849 864 curis
1878 806 2178 863 obnoxias

522 902 698 959 valde
710 899 1046 957 admodum
1062 898 1395 956 deridebis?
1405 913 1605 955 nonne
1618 913 1835 955 aurum
1847 895 2181 968 eonspues?

523 1006 724 1048 nonne
767 992 1064 1061 tanquam
1114 991 1343 1044 stercus
1372 1002 1591 1043 aurum
1645 984 1933 1057 abjicies:
1988 983 2177 1057 quod,

524 1079 764 1137 tametsi
813 1078 983 1152 prius
1045 1078 1253 1134 omnia
1314 1080 1571 1149 poterat,
1632 1074 2180 1148 appellabaturque

524 1169 969 1236 charissimum,
985 1168 1185 1240 ipsum
1207 1170 1407 1224 tamen
1429 1166 1782 1236 cognoveris
1794 1164 2102 1222 inﬁrmum
2117 1164 2181 1221 in

523 1259 877 1317 necessitate
902 1261 1228 1329 patronum
1260 1272 1391 1311 esse
1414 1257 1442 1313 ‘1
1467 1258 1665 1312 Causa
1694 1260 1797 1311 tua
1828 1255 1986 1311 hanc
2024 1252 2179 1311 cala-

524 1349 799 1406 mitatem
856 1350 1013 1402 Deus
1063 1345 1282 1413 intulit,
1314 1345 1483 1418 quod
1535 1361 1675 1401 cum
1719 1345 1997 1414 haberes,
2056 1358 2179 1399 non

524 1435 902 1507 erogaveris;
954 1434 1123 1507 quod
1153 1434 1483 1491 esurientes
1511 1433 1891 1507 praeterieris,
1924 1432 2093 1506 quod
2122 1437 2180 1489 te

523 1540 647 1583 non
677 1524 1041 1581 converteris
1074 1523 1154 1580 ad
1182 1523 1453 1594 lugentes
1483 1542 1497 1592 ;
1530 1523 1698 1597 quod
1721 1523 2031 1591 adoratus,
2053 1536 2179 1578 non

526 1615 608 1671 sis
636 1613 973 1670 miseratus.
1010 1613 1308 1669 Invadunt
1349 1613 1511 1670 enim
1558 1618 1807 1686 propter
1847 1627 2079 1685 paucos
2115 1611 2179 1667 in

525 1705 782 1761 omnem
805 1702 1101 1776 populum
1132 1701 1311 1769 mala,
1342 1717 1413 1759 ao
1442 1701 1742 1774 ﬂagitium
1795 1701 1972 1758 unius
2014 1698 2178 1774 plebi

527 1792 633 1849 toti
660 1795 853 1848 nocet.
886 1792 1083 1848 Achar
1130 1791 1514 1862 sacrilegium
1561 1790 1884 1855 commisit,
1920 1795 1979 1848 et
2016 1794 2178 1847 totus
2221 1784 2555 1856 castigatus
2630 1794 2718 1847 est
2776 1792 3076 1849 exercitus
3129 1794 3197 1848 ‘3.
3260 1791 3501 1850 Zambri
3547 1790 3904 1853 Madianitas

527 1886 824 1939 scortatus
848 1886 959 1948 est,
992 1885 1050 1937 et
1078 1880 1258 1937 lsrael
1284 1896 1500 1954 poenas
1528 1880 1695 1937 dedit
1715 1881 1789 1938 “.

598 1976 651 2026 5.
692 1972 913 2027 Omnes
941 1970 1124 2040 igitur
1143 1974 1269 2026 tum
1290 1969 1595 2043 privatim,
1616 1972 1746 2026 tum
1776 1968 1840 2025 in
1871 1965 2181 2025 communi
2213 1969 2253 2022 B

524 2059 713 2117 vitam
732 2064 1004 2117 nostram
1022 2059 1629 2133 expendamus,velut
1644 2060 1984 2133 padagogo
1995 2063 2182 2116 atten-

525 2149 744 2207 damus
765 2148 1549 2222 siccitati,unumquemque
1568 2150 1658 2205 sui
1672 2148 1905 2222 peccati
1922 2163 2183 2205 commo-

525 2238 863 2295 nefacienti.
894 2238 1274 2294 Proferamus
1298 2241 1356 2294 et
1375 2253 1487 2294 nos
1511 2237 1715 2294 animo
1735 2253 1888 2295 sano
1917 2237 2019 2294 illa
2042 2241 2187 2293 stre-

525 2328 633 2385 nui
646 2328 780 2385 .lobi
800 2327 1007 2384 verba:
1031 2328 1251 2385 Manus
1272 2328 1511 2384 Domini
1527 2334 1773 2400 est,quw
1790 2328 1985 2398 tetigit
2005 2341 2097 2383 me
2112 2328 2182 2381 ν’.

526 2418 907 2475 Potissimum
929 2423 1132 2474 autem
1171 2421 1229 2474 et
1248 2421 1387 2475 ante
1416 2417 1623 2474 omnia
1643 2416 2050 2474 calamitatem
2079 2431 2185 2472 no-

525 2512 713 2564 stram
733 2507 999 2579 peccatis
1022 2506 1417 2564 ascribamus.
1444 2506 1617 2573 Quod
1634 2505 1685 2562 si
1706 2510 1999 2583 praeterea
2020 2504 2187 2562 aliud

528 2595 880 2654 addendum
900 2600 1006 2665 est,
1032 2596 1099 2653 fit
1128 2611 1372 2670 quoque
1398 2596 1754 2669 aliquando,
1778 2599 1843 2651 ut
1868 2594 2013 2652 talia
2045 2594 2181 2651 vitae

527 2686 854 2743 infortunia
864 2687 1200 2758 irrogentur
1215 2686 1294 2742 ho
1303 2685 1567 2742 minibus
1579 2685 1659 2743 ad
1671 2685 1907 2742 animas
1929 2683 2188 2757 proban-

526 2773 657 2839 das,
677 2773 904 2831 utinter
914 2772 1297 2831 difficultates
1328 2774 1864 2847 deprehendantur
1884 2774 1989 2848 qui
2009 2773 2187 2847 probi

525 2863 665 2933 sint,
687 2863 801 2935 37
834 2863 960 2919 sive
982 2877 1303 2935 pauperes,
1338 2863 1462 2919 sive
1504 2862 1740 2927 divites.
1776 2879 1914 2919 cum
1947 2862 2188 2936 utrique

528 2966 637 3027 per
657 2953 1007 3025 patientiam
1029 2951 1209 3026 plane
1231 2951 1581 3025 probentur.
1608 2955 1674 3010 Et
1700 2953 1965 3010 maxime
1991 2952 2051 3008 id
2072 2953 2188 3008 hoc

526 3044 798 3114 tempore
822 3041 1183 3110 declaratur,
1218 3042 1369 3098 sitne
1400 3042 1495 3098 hic
1525 3041 1813 3105 liberalis,
1846 3046 1901 3099 et
1931 3040 2185 3098 fratrum

2297 3038 2528 3112 μάλιστα
2571 3048 2644 3113 τῷ
2691 3050 2856 3117 καιρῷ
2906 3037 3269 3097 διαδείκυνται
3321 3045 3347 3097 ὀ
3399 3047 3510 3117 μεν,
3563 3043 3606 3096 εἰ
3660 3062 3913 3097 κοινωνι-

530 3147 773 3188 amans:
809 3131 961 3188 sitne
1004 3130 1102 3188 ille
1133 3134 1341 3203 gratus
1386 3135 1443 3189 et
1469 3131 1901 3190 beneﬁciorum
1930 3148 2185 3203 memor,

2297 3132 2388 3191 κὸς
2416 3134 2506 3183 καὶ
2533 3127 2860 3204 φιλάδελφος,
2894 3133 2919 3184 ὁ
2952 3128 3031 3198 δὲ,
3067 3132 3111 3185 εἰ
3161 3133 3482 3211 εὖχάριστος
3523 3138 3613 3186 καὶ
3659 3138 3731 3206 μὴ
3785 3133 3916 3185 τοῦ-

530 3219 730 3276 etvice
747 3236 924 3277 versa
943 3236 1067 3277 non
1084 3220 1507 3293 blasphemus,
1523 3218 1697 3292 cujus
1720 3221 1961 3278 animus
1985 3221 2185 3278 statim

2297 3224 2496 3271 ναντίον
2550 3218 2882 3293 βλάσφημος,
2913 3228 3029 3284 ταῖς
3078 3229 3170 3275 τοῦ
3216 3207 3339 3295 βίου
3391 3230 3698 3299 περιφοραῖς
3744 3222 3917 3286 ὀξέως

529 3308 663 3364 vitae
714 3308 1228 3365 vicissitudinibus
1282 3312 1565 3365 mutetur.
1596 3309 1745 3387 Novi
1798 3325 1910 3381 ego
1966 3309 2185 3366 multos

2301 3307 2739 3381 συμμιταϐάλλων
2787 3313 2846 3361 τὸ
2896 3314 3154 3384 φρόνημα.
3196 3308 3338 3364 Οἶδα
3381 3310 3478 3383 ἐγώ
3528 3311 3745 3373 πολλοὺς
3791 3311 3916 3382 (οὐκ

528 3397 677 3468 (non
692 3398 997 3454 auditione
1018 3398 1357 3471 accepi,sed
1377 3398 1745 3472 experientia
1765 3398 2189 3471 ipsahomines

528 3491 707 3544 notos
729 3487 958 3557 habui),
974 3488 1079 3563 qui
1097 3503 1237 3544 cum
1261 3493 1606 3563 suppeteret
1630 3487 1743 3545 sibi
1763 3505 1964 3545 rerum
1988 3489 2186 3563 copia,

530 3582 587 3634 et
617 3576 898 3634 secundis
936 3578 1153 3649 ventis,
1185 3577 1353 3651 quod
1392 3578 1510 3634 dici
1552 3578 1721 3641 solet,
1756 3594 1851 3635 res
1895 3578 2187 3651 procede-

527 3666 1066 3737 rent,mediocriter
1087 3666 1323 3736 saltem,
1339 3667 1385 3723 si
1408 3682 1532 3724 non
1560 3667 2077 3740 perfecte,gratias
2099 3683 2188 3724 re-

2364 1969 2416 2021 5.
2448 1968 2643 2030 Πάντες
2672 1973 2843 2022 τοίνυν
2868 1974 2959 2023 καὶ
2993 1967 3107 2041 ὶδιᾳ
3135 1976 3225 2025 καὶ
3253 1981 3399 2046 κοινῇ
3430 1976 3552 2035 τοὺς
3584 1970 3737 2046 βίους
3772 1971 3902 2025 ἐαυ-

2292 2061 2392 2106 τῶν
2457 2054 2793 2131 ἐξετάσωμεν,
2863 2063 2932 2123 ὡς
3009 2058 3332 2134 παιδαγωγῷ
3413 2066 3733 2136 πρόσχωμεν
3820 2069 3901 2133 τῷ

2294 2142 2507 2217 αὐχμῷ,
2540 2146 2757 2201 ἕκαστον
2786 2156 2881 2211 τῆς
2923 2146 3063 2213 ἰδίας
3107 2150 3367 2223 ἁμαρτίας
3415 2152 3892 2225 ὕπομιμνόσκοντι.

2293 2235 2528 2307 Εῖπωμεν
2575 2241 2665 2292 καὶ
2721 2238 2872 2310 ἡμεῖς
2929 2247 3021 2291 τοῦ
3076 2244 3311 2312 γενναίου
3376 2239 3503 2294 Ἰὼϐ
3566 2245 3660 2300 τήν
3726 2244 3903 2313 φωνήν

2295 2323 2655 2387 εὐαισθήτωςο
2710 2331 2839 2400 Χεὶρ
2901 2334 3091 2403 Κυρίου
3163 2328 3324 2396 ἔστιν,
3393 2332 3424 2388 ἡ
3482 2328 3720 2402 ἁψαμένη
3768 2348 3903 2401 μου.

2298 2416 2398 2465 Καὶ
2434 2413 2666 2485 μάλιστα
2715 2418 2807 2488 μὲν
2854 2421 3209 2491 πρωτοτύπως
3254 2419 3363 2480 τοῖς
3416 2423 3762 2493 αμαρτήμασι
3800 2422 3902 2476 τὴν

2299 2506 2568 2578 συμφορὰν
2617 2503 2809 2559 ίαυτῶν
2854 2506 3202 2581 λογισώμεθα.
3255 2509 3314 2562 Εἰ
3367 2505 3427 2562 δί
3494 2505 3579 2563 δεῖ
3630 2513 3720 2561 καὶ
3771 2506 3905 2560 ἄλλο

2295 2593 2618 2666 προσθεῖναι,
2652 2596 2792 2647 ιστιν
2818 2597 2901 2649 ὅτε
2944 2600 3031 2650 καὶ
3059 2586 3195 2650 κατά
3237 2596 3418 2673 πεῖραν
3461 2604 3576 2661 ταῖς
3603 2597 3813 2681 ψυχαῖς
3841 2598 3906 2650 αἱ

2296 2690 2539 2735 τοιαῦται
2584 2691 2676 2736 τοῦ
2709 2683 2832 2757 βίον
2880 2681 3205 2760 δυσκληρίαι
3251 2694 3363 2749 τοῖς
3409 2686 3699 2762 ἀνθρώποις
3734 2705 3908 2760 προσ-

2297 2772 2533 2842 άγονται,
2567 2772 2627 2824 ἶν’
2654 2772 2739 2826 ἰπὶ
2771 2783 2834 2833 τῆ
2845 2795 2867 2837 ς
2912 2771 3198 2839 δυσκολίας
3250 2774 3646 2848 ἀπελεγχθῶσιν
3678 2777 3727 2828 οἱ
3752 2772 3789 2829 δ
3792 2780 3909 2828 ὀκε-

2298 2879 2408 2933 μοι,
2441 2863 2541 2915 εἴτε
2585 2866 2796 2925 πένητες
2842 2865 2941 2916 εἴτε
2981 2862 3264 2918 πλούσιοι·
3317 2864 3549 2939 ἑκάτεροι
3594 2866 3697 2938 γὰρ
3752 2861 3911 2940 ἀκρι-

2299 2947 2400 3011 ϐῶς
2469 2946 2563 3003 διὰ
2617 2960 2713 3014 τῆς
2778 2952 3043 3025 ὑπομονῆς
3111 2950 3509 3027 δοκιμάζονται.
3568 2952 3672 3007 Κᾶν
3731 2956 3912 3027 τούτῳ

2300 3396 2427 3471 ἀκοῇ
2473 3400 2671 3471 μαθὼν,
2707 3397 2835 3452 ἀλλὰ
2879 3408 2943 3473 τῇ
2999 3406 3155 3473 πείρᾳ
3203 3404 3325 3463 τοὺς
3374 3400 3675 3477 ἀνθρώπους
3718 3405 3916 3476 γνωρί-

2299 3487 2435 3558 σας),
2489 3487 2581 3550 ἓως
2627 3493 2790 3563 μέχρι
2837 3491 2926 3562 μὶν
2984 3491 3010 3542 ὁ
3066 3488 3183 3563 βίος
3230 3490 3406 3553 αὐτοῖς
3472 3494 3604 3564 πρὸς
3653 3489 3913 3564 εὐπορίαν

2299 3572 2674 3653 διαμετρεῖται,
2730 3582 2820 3630 καὶ
2878 3577 2932 3641 ἐξ
2983 3578 3183 3652 οὐρίας,
3242 3582 3300 3632 τὸ
3364 3579 3651 3652 λεγόμενον,
3710 3587 3912 3652 χωρεῖ,

2296 3670 2468 3738 μέσως
2507 3674 2655 3739 γοῦν,
2690 3668 2733 3720 εἰ
2789 3672 2879 3719 καὶ
2927 3672 2997 3741 μὴ
3044 3668 3265 3734 τελείως,
3300 3677 3372 3740 τῷ
3422 3669 3657 3743 εὐεργέτῃ
3710 3668 3916 3741 ὁμολο-

529 3756 865 3829 penderent
902 3754 1176 3812 beneﬁca
1206 3755 1473 3826 largitori
1498 3774 1511 3825 ;
1555 3756 1659 3813 sed
1682 3756 1732 3813 si
1763 3761 2097 3814 mutaretur
2125 3757 2187 3814 in

438 3831 455 3847 ⁸
530 3845 892 3901 contrarium
919 3860 1120 3901 rerum
1164 3849 1378 3913 status,
1412 3845 1704 3918 divesque
1734 3844 1901 3902 ﬁeret
1928 3862 2183 3920 pauper,

530 3939 588 3992 et
628 3934 815 3990 robur
860 3934 1129 4007 corporis
1167 3938 1498 3990 verteretur
1543 3934 1606 3990 in
1648 3934 1952 4007 morbum,
1997 3935 2186 4005 gloria

530 4038 775 4097 quoque
805 4039 876 4080 ac
918 4023 1209 4095 splendor
1256 4023 1318 4079 in
1367 4023 1632 4079 dedecus
1663 4028 1720 4080 et
1744 4023 2181 4093 ignominiam:

529 4119 672 4169 tunc
692 4112 1302 4186 deprehendebantur
1326 4111 1563 4181 ingrati,
1594 4112 2000 4185 loquebantur
2029 4113 2184 4169 blas-

530 4201 1211 4275 phema,pigrescebant
1232 4200 1293 4256 in
1319 4201 1683 4273 precatione.
1715 4204 1899 4256 Deum
1935 4202 2183 4274 perinde

529 4290 705 4362 quasi
722 4295 1106 4347 cunctantem
1129 4289 1466 4346 debitorem
1492 4289 1737 4346 moleste
1758 4289 2049 4358 ferebant,
2074 4307 2185 4348 nec

531 4378 949 4435 efﬁciebantur
960 4395 1102 4448 erga
1113 4380 1439 4436 Dominum
1454 4385 1733 4454 tanquam
1749 4380 2156 4450 indignantem
2167 4423 2180 4438 .

536 4469 649 4525 Sed
669 4483 884 4541 apage,
909 4474 967 4525 et
988 4469 1283 4525 submove
1306 4468 1383 4525 ab
1407 4469 1613 4525 animo
1636 4470 1939 4540 ejusmodi
1963 4471 2183 4539 cogita-

2294 3763 2515 3827 γοῦντας
2545 3761 2638 3815 τὴν
2668 3760 2867 3832 χάριν·
2923 3757 2967 3809 εἰ
3017 3754 3078 3811 δέ
3124 3777 3225 3811 που
3275 3755 3369 3812 διὰ
3416 3763 3505 3817 τὴν
3556 3758 3788 3811 ἐναντίαν
3819 3778 3922 3811 κα-

2292 3847 2551 3899 τάστασιν
2582 3851 2915 3924 περιτραπείη
2968 3849 3034 3899 τὰ
3080 3850 3386 3922 πράγματα,
3418 3853 3508 3902 καὶ
3538 3850 3563 3900 ὁ
3618 3851 3708 3921 μὲν
3736 3847 3919 3901 πλού-

2297 3954 2410 3997 σιος
2452 3942 2664 4008 γένηται
2702 3941 2877 4005 πένης,
2910 3938 2941 3995 ὴ
3000 3934 3060 3991 δε
3108 3939 3257 4013 ῥώμη
3307 3945 3400 3991 τοῦ
3445 3946 3684 4013 σώματος
3727 3942 3915 4001 νόσος,

2294 4026 2325 4082 ἡ
2376 4023 2434 4078 δὲ
2479 4022 2609 4088 δόξα
2655 4030 2745 4078 καὶ
2788 4028 3091 4100 περιφάνεια
3133 4028 3366 4099 αἰσχύνη
3398 4033 3489 4080 καὶ
3520 4026 3725 4103 ἁτιμια,
3768 4026 3922 4100 ἁχα-

2295 4122 2625 4190 ριστοῦντας,
2678 4113 2971 4191 βλάσφημα
3027 4118 3423 4189 φθεγγομένους,
3481 4117 3757 4178 ὀκνοῦντας
3814 4122 3919 4175 τὴν

2294 4208 2601 4279 προσευχήν
2624 4224 2636 4237 ·
2672 4205 2737 4266 ὡς
2764 4208 2896 4278 πρὸς
2940 4209 3217 4278 χρεώστην
3268 4203 3601 4281 βραδύνοντα
3649 4210 3736 4258 τὸν
3770 4210 3916 4259 Θεὸν

2298 4292 2725 4363 σχετλιάζοντας,
2758 4293 2865 4365 οὐχ
2920 4296 2987 4356 ὡς
3039 4298 3169 4369 πρὸς
3216 4300 3479 4354 Δεσπότην
3511 4294 3923 4368 ἀγανακτοῦντα

2299 4377 2678 4454 διακειμένους.
2729 4381 2861 4436 Ἀλλ’
2910 4384 3091 4455 ἄπαγε
3131 4392 3229 4436 τῶν
3280 4384 3542 4459 λογισμῶν
3588 4389 3681 4443 τὴν
3728 4388 3923 4437 τοιαύ-

2297 4490 2389 4529 την
2421 4473 2612 4524 ἕννοιαν
2638 4472 2649 4527 i
2677 4471 2838 4524 Ὅταν
2884 4469 2942 4525 δὲ
2983 4470 3110 4547 ἵδης
3162 4478 3290 4528 Θεὸν
3320 4480 3391 4548 μὴ
3445 4475 3800 4550 χαριζόμενον
3842 4479 3922 4528 τὰ

532 4557 753 4614 tiones!
780 4559 1000 4613 Etcum
1024 4557 1243 4613 videris
1268 4561 1453 4613 Deum
1476 4563 1763 4614 consueta
1785 4574 1909 4613 non
1930 4558 2183 4630 largien-

2301 4562 2517 4626 συνήθη,
2576 4559 2710 4613 οὕτω
2760 4560 2972 4631 λογίζου
3017 4564 3161 4636 παρὰ
3220 4572 3449 4636 σεαυτῷ·
3506 4568 3591 4623 Μὴ
3645 4561 3923 4628 ἀδύνατος

531 4645 762 4713 tem,sic
785 4650 981 4702 tecum
1003 4651 1237 4718 reputa:
1266 4649 1418 4703 Num
1436 4648 1600 4703 deest
1618 4650 1737 4703 Deo
1756 4648 1950 4704 victus
1967 4664 2184 4721 suppe-

531 4734 763 4793 ditandi
791 4734 1082 4792 facultas?
1112 4735 1429 4801 Quomodo
1468 4736 1631 4791 enim
1650 4737 1679 4792 ‘7
1726 4751 1865 4792 cum
1892 4737 1964 4793 sit
1996 4738 2192 4813 Domi-

2299 4651 2324 4701 ὁ
2358 4654 2486 4712 Θεὸς
2518 4657 2770 4724 χορηγεῖν
2801 4654 2889 4708 τὴν
2920 4657 3153 4725 τροφὴν;
3208 4657 3307 4706 Καὶ
3342 4658 3487 4721 πῶςς
3540 4655 3594 4714 ὃς
3617 4672 3678 4725 γε
3710 4656 3923 4729 Κύριός

2303 4737 2444 4791 ἐστιν
2493 4739 2712 4813 οὐρανοῦ
2765 4745 2854 4793 καὶ
2901 4743 3077 4803 πάσης
3127 4737 3551 4815 διακοσμήσεως,
3602 4746 3747 4818 ὡρῶν
3795 4744 3918 4816 (90)

605 4855 651 4890 ⁸⁵
677 4855 801 4910 Jos.
833 4870 929 4923 vu,
965 4857 988 4909 1
1024 4866 1157 4925 sqq.
1236 4852 1282 4886 ‘°
1310 4854 1484 4908 Num.
1515 4867 1649 4921 xxv,
1681 4855 1711 4906 6
1740 4867 1872 4924 sqq.
1954 4853 1994 4888 ³⁷
2028 4853 2139 4911 Job
2171 4871 2285 4927 XIX,
2311 4858 2401 4912 2i.

945 4976 1563 5058 pri‘mus‘fapé‘t‘so‘ﬁrou
1592 4975 1858 5050 βοηθείας.

604 5043 714 5119 (88)
742 5043 984 5122 Αῃῐὶιιιῖὶ
1013 5048 1135 5104 duo
1164 5043 1301 5105 libri
1323 5043 1551 5111 ἐδίδους.

602 5122 717 5193 (89)
746 5120 918 5177 Editi‘
941 5124 997 5176 et
1045 5137 1187 5194 mss.
1221 5122 1664 5194 προσκυνούμενος
1684 5138 1711 5194 ελ
1755 5137 1940 5194 quam
1986 5125 2185 5179 tamen

534 5190 738 5265 vocem
770 5196 1116 5265 suspectam
1139 5190 1374 5247 habens
1396 5190 1813 5265 Conibeﬁsius',
1835 5197 2005 5265 putat
2029 5194 2186 5265 Basi-

531 5262 680 5336 lium
739 5262 1051 5336 scripsisse
1094 5264 1556 5336 προσαιτούμένος.
1619 5263 1731 5319 Sed
1781 5262 1910 5334 ejus
1955 5264 2186 5336 judicio

534 5332 910 5407 subscribere
928 5350 1051 5407 non
1073 5332 1407 5407 queo.Nam
1423 5332 1825 5407 praeterquam
1843 5332 2010 5407 quod
2033 5335 2188 5392 illius

533 5404 880 5479 conjectura
898 5404 1446 5479 nullo'testimonio
1471 5404 1693 5479 nititur,
1721 5422 1839 5479 vo;
1862 5404 2182 5479 προσκυνού-

534 5492 681 5546 μενος
711 5475 793 5530 ita
808 5475 946 5529 huic
968 5475 1101 5550 loco
1132 5477 1430 5550 convenit_.
1447 5481 1511 5532 ut
1541 5477 1741 5550 potius
1764 5476 1843 5532 ob
1860 5475 2067 5533 oculos
2088 5495 2191 5550 po-

532 5551 639 5605 nat
653 5560 842 5620 quam
863 5546 1394 5621 exprimatstatum
1407 5546 1697 5607 humilem
1712 5546 2187 5641 pauperum,qui

2291 4978 2752 5053 adoranrtium‘in
2773 4980 3028 5037 modum
3052 4981 3269 5053 stipem
3291 4996 3327 5037 a
3354 4980 3640 5037 divitibus
3658 4986 3917 5052 rogant.

2364 5052 2473 5126 (90)
2501 5050 2625 5126 illa,
2662 5048 3064 5126 διακο-σμῄσεως
3087 5048 3251 5126 ᾠρῶν,
3285 5054 3413 5108 sine
3442 5053 3566 5126 11118.
3596 5048 3923 5125 interpun-

2294 5122 2489 5205 ctionf
2511 5122 3081 5205 legitCombcﬁsius;
3098 5122 3445 5205 idcircoque
3460 5122 3923 5205 sicinterpi'eta-

2296 5199 2409 5267 turr:
2434 5195 2752 5265 Omnisque
2772 5201 3187 5264 tempestatum
3207 5195 3357 5252 anni
3375 5195 3920 5267 atquetemﬁorum

2297 5266 2699 5323 distinctionis
2726 5270 2964 5336 sapiens
3002 5268 3364 5331 moderator.
3402 5266 3540 5335 Nes,
3569 5266 3923 5325 multorum

2296 5343 2566 5392 veterum
2593 5336 2884 5392 librorum
2907 5337 3089 5393 fidem
3121 5340 3326 5405 seculi,
3349 5339 3457 5393 has
3480 5354 3657 5394 voces
3687 5337 3920 5395 distin-

2296 5407 2521 5483 ximus.
2542 5411 2996 5483 Parumautem
3021 5410 3218 5477 refert,
3242 5415 3439 5466 utrum
3464 5425 3581 5465 vox
3605 5406 3920 5483 διακοσμη-

2304 5499 2386 5540 σις
2406 5479 2521 5535 hoc
2541 5478 2675 5554 loco
2697 5479 2977 5554 privatim
3000 5485 3274 5554 sumatur
3295 5494 3403 5554 pro
3420 5485 3637 5537 ornatu
3659 5478 3921 5549 cosii,an

2302 5550 2635 5625 generatim
2667 5550 2778 5631 pro
2809 5553 3024 5613 ornatu
3056 5551 3239 5608 totius
3270 5550 3430 5608 o'rhis
3455 5557 3776 5627 terrarum,
