4088 6194
471 292 578 348 319

1837 278 1895 337 S.
1951 277 2209 335 BASILII
2253 278 2474 337 MAGNI

3730 286 3842 344 320

473 414 738 486 vitisque
769 410 898 466 erat
926 406 1216 465 viaticum
1246 420 1407 479 spes,
1428 420 1617 479 quam
1654 404 1717 461 in
1741 406 1865 461 Deo
1882 416 2136 476 repone—

2255 398 2441 477 δικαίῳ
2478 406 2545 458 τὰ
2570 406 2760 475 πάντα,
2787 409 2878 460 καὶ
2914 416 3012 469 τῆς
3054 408 3195 471 ζωῆς
3240 406 3444 483 εφοδιον
3487 411 3517 469 ἡ
3550 412 3681 486 πρὸς
3711 414 3849 466 Θεὸν

475 502 604 560 bat.
630 500 749 558 Etsi
774 503 972 555 autem
1003 496 1088 553 sic
1105 495 1347 567 viveret,
1378 494 1538 553 fame
1568 499 1771 553 tamen
1799 493 1989 551 vitam
2008 508 2137 550 non

476 590 674 649 ﬁnivit
715 607 728 647 :
773 588 884 645 sed
923 586 1125 644 avium
1154 585 1567 659 rapacissimae
1610 589 1670 642 et
1709 582 2132 651 voracissimre,

480 682 577 740 hie
607 680 758 753 ipsis
807 675 1143 734 efferebant
1179 674 1386 735 cibum
1428 693 1442 729 :
1472 678 1531 731 et
1554 675 1719 746 justo
1744 676 1919 730 erant
1944 671 2138 728 victus

479 770 769 828 ministra
815 764 1069 833 eisdem,
1111 780 1249 837 quae
1297 762 1493 821 solent
1531 763 1764 821 alienos
1796 762 1966 818 cibos
1994 759 2135 817 diri-

477 873 646 931 pere,
675 873 767 923 ac,
802 858 1208 912 transmutata
1234 867 1344 926 per
1373 852 1609 909 Domini
1636 855 2009 925 praeceptum
2032 865 2137 907 na-

476 948 632 1006 tura.
652 942 831 1015 panis
853 957 925 997 ac
946 940 1221 998 carnium
1250 940 1387 997 ﬁdae
1420 940 1703 997 custodes
1728 939 1953 996 effectae
1974 941 2134 994 sunt.

477 1033 618 1087 Haec
639 1034 842 1088 autem
863 1045 900 1085 a
920 1029 1116 1085 corvis
1138 1029 1265 1086 viro
1293 1028 1478 1086 allata
1499 1029 1710 1099 fuisse,
1730 1043 1803 1084 ex
1825 1042 2003 1084 sacra
2019 1025 2141 1082 his-

478 1121 625 1181 toria
656 1119 981 1177 didicimus
1000 1120 1069 1174 “.
1093 1117 1367 1176 Habebat
1393 1119 1602 1176 itidem
1633 1116 2036 1190 Babylonicus
2058 1115 2142 1175 la-

479 1226 586 1267 cus
609 1209 942 1266 lsraelitam
965 1208 1272 1279 juvenem,
1304 1206 1646 1264 calamitate
1670 1204 1922 1279 quidem
1952 1204 2141 1277 capti-

476 1314 645 1362 vum,
670 1298 874 1355 animo
899 1310 1042 1352 vero
1071 1310 1144 1352 ac
1169 1296 1510 1353 constantia
1537 1294 1819 1352 liberum.
1836 1293 1992 1360 Quid
2010 1297 2141 1350 tum

482 1388 625 1446 inde
639 1388 667 1444 ‘I
690 1390 916 1444 Leones
933 1384 1185 1458 quidem
1206 1389 1424 1457 praeter
1443 1388 1728 1441 naturam
1742 1383 2137 1456 jejunabant;

478 1477 762 1534 Habacuc
788 1490 932 1531 vero
954 1474 1109 1530 illius
1138 1473 1292 1530 altor
1310 1473 1616 1531 ferebatur
1642 1490 1751 1547 per
1771 1488 1997 1543 aerem,
2036 1488 2142 1530 an-

479 1567 615 1636 gelo
644 1565 959 1622 hominem
987 1580 1110 1621 una
1139 1579 1279 1620 cum
1321 1563 1596 1620 obsoniis
1625 1567 1937 1637 portante:
1979 1566 2038 1620 et
2063 1578 2142 1619 ne

472 1657 677 1728 justus
696 1655 857 1711 fame
874 1658 1268 1728 premeretur,
1284 1658 1520 1710 tantum
1534 1657 1706 1710 terra:
1723 1668 1795 1710 ac
1809 1653 1993 1709 maris
2007 1667 2142 1725 spa-

2243 490 2412 555 ὶλπίς.
2450 500 2560 547 Ζῶν
2614 491 2674 549 δε
2726 494 2882 561 οῦτω,
2912 495 3046 570 λιμῷ
3074 502 3168 557 τὴν
3210 498 3348 559 ζωὴν
3387 497 3482 551 οῦκ
3530 497 3846 563 ἀπήλλαξεν

2245 579 2350 634 ἀλλ’
2404 585 2454 636 οὶ
2506 582 2964 658 ἀρπακτικώτατοι
3014 591 3104 640 καὶ
3155 586 3386 660 μάλιστα
3449 595 3853 664 γαστρίμαργοι

2242 679 2344 723 τῶν
2377 670 2607 746 ὀρνίθων,
2659 674 2804 728 οὗτοι
2852 672 3153 749 διεκόμιζον
3200 680 3268 729 τὰ
3306 682 3473 747 σιτία,
3519 682 3610 730 καὶ
3647 686 3853 753 τροφῆς

2244 757 2471 832 ἕγίνοντο
2523 765 2633 835 (97)
2679 771 2753 835 τῷ
2809 760 3002 837 δικαίῳ
3054 762 3309 831 διάκονοι,
3340 768 3391 819 οἱ
3428 768 3525 830 τὰς
3570 765 3854 842 ἀλλοτρίας

2242 852 2437 924 τροφὰς
2468 849 2523 903 ἐκ
2573 854 2852 915 συνηθείας
2897 852 3235 928 ἁρπάζοντες·
3286 859 3377 908 καὶ
3426 864 3500 927 τῷ
3543 852 3855 929 διο-ποτικῷ

2245 942 2619 1015 προστάγματι
2674 946 2769 1000 τὴν
2817 946 2971 1015 φύσιν
3030 939 3337 1016 διήμειψαν,
3395 950 3577 998 πιστοὶ
3623 944 3857 1018 φύλακες

2245 1032 2507 1103 γενόμενοι
2557 1039 2656 1083 τῶν
2694 1032 2863 1107 ἄρτων
2909 1037 2999 1086 καὶ
3055 1041 3155 1086 τῶν
3205 1042 3385 1109 κρεῶν.
3424 1040 3603 1087 Ταῦτα
3655 1030 3716 1088 δε
3769 1043 3851 1109 τῷ

2249 1115 2405 1193 ἀνδρὶ
2476 1124 2642 1194 φέρειν
2706 1125 2831 1183 τοὺς
2875 1126 3107 1197 κόρακας
3151 1126 3296 1198 παρὰ
3346 1130 3442 1185 τῆς
3487 1132 3852 1196 πνευματικῆς

2252 1206 2487 1283 ἱστορίας
2536 1208 2807 1284 ἰμάθομεν.
2850 1209 2981 1284 Εἶχε
3029 1208 3090 1265 δὲ
3131 1217 3222 1264 καὶ
3251 1213 3277 1265 ό
3310 1211 3628 1276 Βαϐυλώνιος
3651 1212 3853 1276 λάκκος

2248 1300 2336 1349 τὸν
2382 1296 2710 1366 Ἰσραηλίτην
2756 1305 3044 1353 νεανίσκονο
3085 1300 3425 1374 αἰχμάλωτον
3463 1305 3555 1375 μὶν
3576 1306 3670 1361 τὴν
3700 1322 3850 1376 συμ-

2251 1389 2431 1462 φορὰν,
2464 1386 2721 1463 ἐλεύθερον
2761 1386 2821 1443 δὲ
2863 1395 2958 1449 τὴν
3000 1390 3182 1463 ψυχὴν
3229 1394 3408 1443 καὶτὸ
3440 1396 3697 1467 φρόνημα·
3739 1396 3851 1446 Καὶ

2248 1480 2299 1527 τί
2354 1478 2421 1528 τὰ
2479 1477 2604 1551 παρ’
2656 1476 2895 1547 inrisam;
2948 1481 3013 1531 Οἱ
3077 1483 3168 1553 μὶν
3225 1480 3423 1542 λέοντες
3483 1483 3629 1557 παρά
3688 1484 3850 1554 φύσιν

2251 1562 2541 1623 ἕνὴστευον·
2592 1566 2618 1620 ὁ
2671 1563 2731 1620 δε
2791 1570 2977 1621 τούτου
3025 1573 3243 1644 τροφεὺς
3290 1568 3597 1643 Ἀμϐακοῦμ
3639 1571 3852 1643 (9899)

2251 1651 2452 1728 ἐφέρετο
2482 1652 2557 1709 δι’
2607 1655 2774 1731 ἀέρος,
2825 1658 3134 1730 κομίζοντος
3181 1666 3274 1711 τοῦ
3324 1658 3547 1732 ἀγγέλου
3576 1661 3706 1733 μετά
3742 1669 3849 1713 τῶν

479 1744 630 1801 tium
678 1742 844 1800 brevi
890 1741 1180 1814 temporis
1221 1746 1531 1798 momento
1578 1744 2009 1815 praetervectus
2052 1744 2143 1797 est

2255 1743 2391 1814 ὄψων
2421 1748 2508 1797 τὸν
2546 1746 2835 1820 ἄνθρωπον·
2872 1751 2964 1799 καὶ
2999 1748 3080 1799 ἱνα
3100 1752 3172 1821 μὴ
3222 1747 3357 1822 λιμῷ
3400 1758 3584 1823 πιεσοῇ
3618 1746 3848 1816 δίκαιος,

480 1831 803 1906 propheta,
827 1835 1129 1904 quantum
1152 1846 1191 1887 a
1216 1829 1407 1889 Judea
1437 1829 1519 1886 ad
1557 1829 1929 1903 Babylonem
1949 1844 2143 1902 usque

482 1922 826 1982 extenditur
846 1923 915 1977 δ’.

556 2107 608 2159 6.
650 2100 806 2168 Quid
827 2114 1038 2157 rursus
1080 2098 1421 2157 solitudinis
1459 2098 1743 2172 populus,
1770 2101 1968 2172 Moyse
1994 2112 2143 2166 prse-

480 2191 637 2248 fecto
654 2194 683 2247 ?
703 2188 1015 2262 quomodo
1038 2188 1148 2245 fuit
1168 2188 1221 2245 ei
1244 2204 1352 2260 per
1369 2188 1777 2260 quadraginta
1806 2202 2005 2244 annos
2025 2186 2144 2243 dis-

481 2284 771 2355 pensatus
798 2278 992 2335 victus
1008 2278 1036 2334 ‘2
1054 2277 1173 2334 lllie
1191 2282 1316 2334 erat
1338 2293 1541 2345 nemo,
1565 2276 1673 2350 qui
1702 2280 2035 2334 sementem
2058 2275 2145 2332 fa-

479 2374 638 2427 ceret
658 2385 672 2435 ;
691 2382 816 2425 non
829 2367 963 2438 bos,
979 2366 1083 2440 qui
1106 2367 1368 2423 traheret
1385 2370 1653 2422 aratrum
1672 2383 1686 2434 ;
1705 2381 1830 2422 non
1851 2379 2145 2431 aera,non

481 2458 772 2525 torcular,
795 2472 920 2513 non
942 2455 1096 2513 cella
1121 2454 1406 2527 penaria;
1428 2459 1488 2511 et
1512 2459 1715 2511 tamen
1737 2454 1851 2511 sibi
1868 2457 2147 2527 suppete-

480 2548 590 2606 bat
618 2547 812 2604 victus
832 2546 983 2602 citra
1003 2549 1358 2612 sementem,
1381 2544 1530 2601 citra
1549 2544 1909 2600 arationem.
1925 2545 2143 2599 Fontes

483 2637 747 2710 denique
773 2635 879 2708 qui
906 2634 1077 2707 prius
1098 2648 1223 2690 non
1244 2633 1615 2701 exstiterant,
1648 2631 1756 2688 sed
1788 2632 1848 2687 in
1878 2632 2143 2689 necessi-

484 2732 604 2784 tate
625 2729 969 2797 eruperant,
980 2728 1153 2796 petra
1183 2721 1885 2778 subministrabat.Mitto
1905 2720 2146 2792 singula

484 2814 879 2890 providentiae
898 2812 1120 2869 divinae
1135 2827 1325 2884 opera
1344 2826 1863 2884 percensere,quas
1882 2810 2147 2883 plerum-

484 2920 606 2977 que
643 2901 849 2959 animo
880 2905 1135 2973 paterno
1159 2900 1481 2957 hominum
1524 2915 1715 2957 causa
1734 2899 2023 2972 patravit.
2062 2901 2149 2956 Tu

487 3008 653 3059 vero,
674 2991 835 3048 velut
861 2994 1145 3045 strenuus
1172 2987 1306 3056 Job,
1340 2988 1633 3061 tantisper
1660 2988 1899 3062 patiens
1918 2992 2048 3045 esto
2085 2987 2147 3045 in

487 3080 850 3148 calamitate,
890 3082 949 3136 et
989 3093 1067 3135 ne
1092 3077 1381 3134 evertaris
1419 3093 1456 3133 a
1476 3081 1852 3151 tempestate,
1883 3093 1959 3134 ne
1979 3077 2149 3151 quid-

486 3186 675 3245 quam
698 3185 772 3226 ex
793 3169 911 3239 his,
933 3183 1088 3241 quas
1125 3170 1326 3223 tecum
1355 3166 1546 3233 vehis,
1572 3167 1810 3225 virtutis
1839 3166 2147 3224 mercibus

488 3258 764 3331 abjicias.
796 3259 977 3315 Serva
1003 3256 1065 3312 in
1086 3255 1294 3312 animo
1324 3255 1660 3324 gratiarum
1682 3255 1981 3312 actionem
2011 3257 2147 3312 tan-

486 3364 677 3422 quam
693 3350 1007 3403 vecturam
1032 3343 1559 3418 pretiosissimam,
1588 3349 1645 3400 et.
1667 3348 1731 3401 tu
1759 3359 2007 3417 quoque
2036 3358 2148 3416 pro

488 3436 819 3508 gratiarum
837 3433 1070 3491 actione
1088 3431 1464 3504 voluptatem
1482 3431 1672 3505 duplo
1691 3432 1989 3501 majorem
2011 3447 2149 3488 con-

487 3539 759 3598 sequere.
775 3523 865 3580 Sis
885 3520 1233 3595 opastolicee
1257 3521 1570 3577 sententiis
1592 3536 1851 3577 memor:
1870 3521 1941 3575 In
1963 3535 2150 3576 omm-

489 3615 596 3671 bus
616 3613 856 3685 gratias
878 3612 1041 3683 agile
1054 3612 1123 3667 δυ.
1152 3613 1383 3683 Pauper
1403 3610 1509 3666 es?
1537 3608 1693 3667 Alter
1719 3613 1814 3666 est
1832 3614 1886 3666 te
1920 3624 2150 3683 paupe-

486 3704 630 3761 rior.
653 3705 803 3759 Sunt
841 3701 948 3758 tibi
981 3701 1212 3758 cibaria
1249 3701 1489 3757 dierum
1516 3700 1727 3756 decem
1760 3698 1902 3767 :illi,
1931 3699 2140 3756 unius.

487 3792 659 3859 Quod
682 3791 788 3848 tibi
815 3795 1109 3863 superest,
1130 3805 1201 3846 ac
1219 3790 1538 3857 redundat,
1562 3788 1625 3845 id
1645 3794 1709 3846 tu
1735 3804 1845 3846 ceu
1861 3788 2062 3845 bonus
2081 3805 2153 3847 ac

488 3880 796 3951 benignus
821 3894 895 3937 ex
915 3894 1094 3952 aequo
1121 3894 1260 3934 cum
1287 3883 1500 3949 egente
1527 3877 1829 3951 partiaris.
1855 3880 1936 3934 Ne
1976 3877 2153 3934 dubi-

486 3974 574 4028 tes
604 3984 678 4027 ex
703 3968 946 4027 modico
967 3967 1143 4034 dare;
1168 3982 1242 4022 ne
1270 3965 1667 4023 commodum
1690 3974 1861 4024 tuum
1881 3966 2151 4039 periculo

489 4057 737 4133 publico
761 4061 1119 4129 anteponas.
1167 4055 1340 4121 Quod
1373 4054 1422 4111 si
1453 4054 1533 4111 ad
1562 4069 1756 4111 unum
1783 4055 1904 4127 69
1925 4069 2151 4128 panem

493 4146 777 4204 redactus
799 4143 1035 4201 cibatus
1059 4143 1153 4215 sit,
1174 4146 1405 4215 stetque
1422 4158 1529 4213 pro
1549 4142 1781 4199 foribus
1799 4142 2151 4210 mendicus;

487 4234 751 4308 promito
794 4249 868 4290 ex
910 4248 1074 4306 penu
1112 4230 1285 4288 illum
1332 4246 1548 4300 unum,
1597 4247 1783 4305 quem
1830 4232 2153 4305 imponens

490 4322 1143 4392 manibus,etintuens
1169 4320 1233 4377 in
1271 4319 1517 4390 coelum,
1557 4320 1967 4378 miserabilem
1994 4321 2154 4379 hanc

494 4410 679 4469 simul
707 4415 767 4469 et
788 4410 1121 4481 benignam
1159 4425 1376 4466 vocem
1403 4410 1697 4467 emittito:
1730 4412 1896 4467 Unus
1930 4409 2030 4467 hic
2067 4415 2156 4470 est
2182 4443 2228 4497 Β

488 4501 688 4576 panis,
702 4516 887 4573 quem
905 4500 1093 4569 vides,
1107 4500 1378 4572 Domine,
1395 4505 1454 4556 et
1474 4500 1810 4574 periculum
1829 4505 2031 4574 aperte
2046 4502 2154 4559 im-

488 4589 710 4657 minet;
737 4588 843 4644 sed
868 4604 982 4658 ego
1004 4587 1152 4645 mihi
1178 4593 1349 4644 tuum
1377 4590 1737 4646 mandatum
1759 4606 2075 4663 praepono,
2098 4596 2155 4649 et

490 4695 565 4737 ex
587 4677 826 4734 modico
845 4677 1044 4734 tribuo
1066 4678 1348 4735 esurienti
1370 4677 1536 4735 fratri
1554 4696 1568 4746 ;
1577 4680 1705 4750 jam
1728 4684 1787 4736 tu
1805 4695 2051 4753 quoque
2074 4680 2155 4737 da

493 4774 855 4849 periclitanti
887 4789 1081 4830 servo.
1123 4774 1265 4830 Novi
1315 4774 1876 4841 tuam-bonitatem,
1907 4777 2155 4834 conﬁdo

492 4865 673 4922 etiam
726 4863 1008 4937 potentiae
1042 4880 1056 4919 :
1090 4878 1215 4919 non
1259 4861 1465 4919 differs
1511 4862 1618 4919 diu
1653 4862 1996 4922 beneﬁcia:
2047 4865 2156 4922 sed

492 4954 658 5012 dona
687 4958 809 5023 tua,
841 4969 982 5009 cum
1025 4951 1192 5016 libet,
1222 4951 1481 5025 spargis.
1517 4952 1691 5019 Quod
1724 4952 1772 5009 si
1804 4954 1886 5010 ita
1914 4954 2155 5012 locutus

498 5043 679 5102 fueris
711 5058 781 5101 ac
812 5042 1045 5112 feceris,
1079 5056 1266 5115 quem
1297 5057 1371 5097 ex
1400 5041 1686 5112 angustia
1736 5057 1961 5115 panem
2016 5061 2155 5119 por-

2250 1836 2516 1897 τοσαύτης
2545 1834 2877 1909 ῦπερηνέχθη
2922 1843 3024 1908 γῆς
3050 1842 3141 1889 καὶ
3184 1836 3457 1899 θαλάσσης
3502 1839 3529 1890 ό
3576 1843 3853 1914 προφήτης

2251 1918 2301 1973 ἕν
2330 1927 2501 1997 μίκρῷ
2537 1928 2704 1998 μορίῳ
2732 1932 2939 1998 καιροῦ,
2985 1926 3115 1985 ὅσην
3146 1925 3199 1979 ἑκ
3240 1936 3338 1990 τῆς
3383 1924 3647 1991 Ἰουδαίας
3682 1932 3854 2003 μέχρι

2251 2010 2549 2075 Βαϐυλῶνος
2578 2012 2874 2072 anienem.

2324 2104 2377 2158 6.
2427 2107 2491 2154 Τι
2522 2098 2582 2155 δε
2608 2102 2761 2155 παλιν
2809 2104 2835 2156 ὁ
2872 2112 2968 2165 τῆς
2998 2103 3191 2179 ἰρήμου
3235 2105 3380 2173 λαός,
3413 2106 3475 2159 οὗ
3503 2109 3736 2168 Μωῦσῆς
3764 2104 3856 2160 ἒπ-

2254 2192 2567 2265 ετρόπενσε;
2618 2201 2726 2255 πῶς
2755 2196 3061 2268 ᾠκονομήθη
3092 2198 3179 2247 τὸν
3226 2194 3343 2268 βίον
3374 2195 3421 2248 ἂν
3467 2198 3604 2250 ἔτεσι
3650 2215 3855 2250 τεσσα-

2252 2281 2517 2352 ράκοντας
2558 2281 2671 2334 Ούκ
2700 2279 2761 2340 ἦν
2810 2282 2915 2335 ἐκεῖ
2964 2289 3188 2359 σπείρων
3239 2283 3388 2359 ἀνὴρ,
3431 2285 3490 2337 οὐ
3537 2284 3666 2359 βοῦς
3695 2285 3854 2339 ἕλκων

2253 2368 2493 2443 ἄροτρον,
2543 2370 2650 2443 ούχ
2696 2370 2852 2438 οἱλως,
2903 2372 2963 2424 ού
3011 2371 3185 2440 ληνός,
3231 2373 3292 2426 ού
3340 2381 3592 2447 ταμιεῖον.
3623 2378 3714 2427 καὶ
3755 2378 3858 2433 τὴν

2253 2462 2447 2531 τροφὴν
2510 2456 2657 2531 εἶχον
2701 2463 2931 2535 οἰσπορον
2980 2468 3071 2515 καὶ
3120 2461 3388 2538 ἀνήροτον,
3448 2468 3537 2516 καὶ
3590 2467 3685 2525 τὰς
3736 2482 3853 2522 πη-

2251 2548 2352 2617 γὰς
2400 2546 2648 2621 ἐχορήγει
2692 2554 2874 2625 πίτρα,
2932 2552 2991 2604 οῦ
3021 2556 3267 2627 πρότερον
3315 2557 3498 2620 οὔσας,
3549 2551 3657 2605 ἀλλ’
3691 2547 3855 2627 ἔκρα-

2252 2639 2438 2706 γείσας
2470 2635 2554 2689 ἐπὶ
2600 2646 2696 2699 τῆς
2737 2644 2945 2714 χρείας,
2982 2642 3199 2714 Ἀφίημι
3246 2644 3313 2695 τὰ
3339 2642 3456 2695 καθ’
3502 2645 3718 2695 ἕκαστον
3746 2640 3858 2695 ἀπ-

2256 2726 2596 2797 αριθμείσθαι
2622 2736 2719 2790 τῆς
2774 2737 2867 2781 τοῦ
2919 2738 3053 2783 Θεοῦ
3092 2737 3357 2804 προνοίας,
3390 2730 3425 2783 ἆ
3468 2731 3713 2793 πολλάκις
3765 2730 3859 2785 ini

2254 2820 2356 2865 τῶν
2393 2812 2675 2889 ἀνθρώπων
2717 2827 2983 2892 πατρικῶς
3021 2816 3329 2884 ἐνεδείξατοο
3374 2824 3440 2873 Σὺ
3488 2818 3547 2874 δε
3572 2823 3862 2896 ,καρτίρη-

2259 2920 2351 2954 σον
2389 2902 2559 2976 ὀλίγον
2609 2904 2691 2959 ἐπὶ
2738 2916 2853 2975 τῆς,
2909 2916 3200 2983 συμφορᾶς,
3251 2912 3322 2973 ὡς
3367 2911 3394 2962 ό
3440 2917 3672 2983 γενναῖος
3715 2908 3861 2978 Ἰὼϐ,

2256 2996 2347 3043 καί
2388 2998 2460 3063 μὴ
2505 3004 2832 3069 περιτραπῇς
2886 2997 2941 3050 ἐκ
2982 3007 3073 3050 τοῦ
3122 2996 3403 3066 κλύδωνος,
3450 2996 3615 3073 μηδεν
3660 2997 3866 3052 ἀποϐά-

2187 3077 2351 3153 ch};
2401 3082 2468 3133 ὧν
2518 3087 2649 3156 ίρεις
2706 3083 2986 3159 ἀγωγίμων
3028 3095 3124 3150 τῆς
3180 3087 3386 3161 ἀρετῆς.
3430 3089 3518 3151 Ὠς
3565 3087 3864 3164 βαρύτιμον

2257 3167 2479 3228 ἕνθήκην
2530 3179 2625 3230 τῆν
2673 3174 3019 3250 εὐχαριστίαν
3062 3174 3329 3230 διάσωσον
3378 3177 3459 3230 ἐπί
3503 3186 3599 3239 τῆς
3645 3177 3860 3249 ψυχῆς,

2256 3261 2348 3310 καὶ
2375 3257 2518 3333 λήψῃ
2550 3265 2638 3314 καὶ
2668 3266 2733 3315 σύ
2764 3272 2861 3325 τῆς
2907 3265 3254 3343 εὐχαριστίας
3292 3269 3359 3319 τά
3401 3263 3719 3320 διπλασίονα
3764 3274 3868 3331 τῆς

2257 3355 2461 3420 τρυφῆς
2515 3349 2615 3421 (1).
2683 3356 2982 3425 Μνημόνευι
3045 3364 3142 3417 τῆς
3219 3354 3572 3417 ἀποστολικῆς
3632 3357 3861 3431 ῥήσεωςο

2263 3435 2342 3490 Ἐν
2407 3442 2564 3490 παντὶ
2617 3438 2999 3514 εύψαριστεῖτε.
3056 3447 3222 3506 Iliun;
3281 3444 3370 3512 εἷς
3439 3443 3622 3497 Ἀλλον
3692 3445 3867 3507 ἓεχεις

2258 3525 2465 3587 πάντως
2538 3532 2858 3602 πενέστερον.
2912 3537 2998 3584 Σοὶ
3074 3528 3204 3585 δέκα
3275 3535 3479 3608 ἡμερῶν
3549 3535 3614 3585 τὰ
3690 3538 3860 3601 σιτία,

2260 3610 2435 3666 ἐκείνω
2481 3621 2623 3688 μιᾶς.
2667 3617 2754 3679 Ὠς
2789 3619 2947 3682 καλὸς
2974 3626 3065 3674 καὶ
3113 3622 3387 3695 εὐγνώμων
3433 3626 3493 3674 τό
3545 3625 3637 3674 σὸν
3682 3640 3866 3696 περιτ-

2260 3705 2348 3754 τόν
2398 3702 2716 3759 ὶπανίσωσον
2763 3712 2893 3782 πρός
2939 3713 3027 3761 τόν
3067 3707 3235 3770 ἕνδεῆο
3286 3716 3372 3770 Μὴ
3407 3710 3633 3784 ὀκνήσῃς
3676 3709 3732 3763 ἐκ
3769 3718 3867 3764 τοῦ

2263 3789 2442 3863 ὀλίγου
2494 3790 2697 3848 δοῦναι·
2746 3801 2817 3869 μὴ
2863 3803 3201 3873 προτιμήσῃς
3246 3803 3305 3853 τὸ
3355 3804 3446 3853 σὸν
3502 3805 3761 3874 συμφέρον
3808 3799 3871 3853 ἐκ

2261 3888 2355 3933 τοῦ
2393 3890 2567 3936 κοινοῦ
2613 3881 2885 3942 κῖνδύνου.
2942 3887 3047 3940 Κάν
3077 3890 3152 3960 (2)
3184 3888 3256 3952 εἰς
3307 3890 3393 3942 ἕνα
3440 3892 3596 3963 ἄρτον
3637 3897 3864 3963 πιριστῇ

2261 3971 2293 4028 ἡ
2345 3976 2529 4044 τροφὴ,
2581 3972 2767 4047 ἐπιστῇ
2825 3972 2885 4029 δὲ
2929 3984 3047 4038 ταῖς
3097 3979 3279 4051 θύραις
3309 3980 3335 4030 ὁ
3377 3982 3567 4045 ζητῶν,
3601 3982 3871 4051 προκόμι-

2265 4077 2355 4111 σον
2392 4057 2447 4112 ἐκ
2493 4068 2586 4118 τοῦ
2633 4068 2870 4135 ταμιείου
2898 4068 2986 4118 τόν
3038 4067 3143 4133 ἕνα,
3191 4071 3283 4119 καὶ
3325 4065 3514 4130 ἐπιθεὶς
3542 4075 3658 4143 τιαίς
3704 4071 3874 4141 χερσὶ

2261 4153 2395 4224 πρὸς
2423 4149 2641 4222 οὐρανὸν
2687 4150 2973 4221 ἀνατείνας,
3025 4155 3133 4208 εἰπε
3182 4155 3330 4229 λόγον
3383 4155 3590 4210 ἄλεεινὸν
3619 4158 3751 4229 ὁμοῦ
3777 4160 3875 4209 καὶ

2263 4237 2583 4312 εὐγνώμονα·
2629 4242 2719 4303 Εἷς
2760 4244 2941 4316 ἄρτος,
2980 4245 3035 4297 ὅν
3079 4246 3223 4318 ὁρᾷς,
3276 4249 3441 4319 Κύμιε
3486 4249 3576 4299 καὶ
3617 4246 3643 4297 ό
3686 4242 3876 4298 κίνδυ-

2261 4344 2348 4390 νος
2392 4333 2681 4402 προφανὴς,
2728 4328 2835 4383 ἀλλ’
2884 4330 2985 4405 ἕγὼ
3031 4337 3126 4392 τὴν
3179 4338 3277 4393 σὴν
3325 4333 3533 4393 ἐντολὴν
3575 4333 3701 4407 ἐμοῦ
3730 4352 3872 4408 προ-

2261 4418 2472 4491 τίθημι,
2531 4423 2622 4471 καὶ
2686 4418 2740 4472 ἐκ
2803 4428 2897 4473 τοῦ
2952 4421 3128 4495 ὀλίγου
3177 4420 3379 4497 δίδωμι
3429 4432 3502 4495 τῷ
3556 4423 3873 4496 λιμώττοντι

2264 4502 2488 4579 ἀδελφῷ·
2533 4504 2647 4573 δός,
2681 4505 2749 4567 δὴ
2781 4514 2872 4562 καὶ
2903 4514 2968 4564 σὺ
3011 4520 3084 4583 τῷ
3111 4508 3465 4566 κινδυνεύοντι
3500 4509 3692 4583 δούλῳ.
3724 4508 3875 4565 Οἷδοὶ

2266 4616 2362 4649 σου
2417 4601 2512 4655 τὴν
2552 4594 2879 4669 ἀγαθότητα,
2942 4600 3115 4677 θαρρῶ
3182 4607 3274 4655 καὶ
3340 4611 3403 4675 τῇ
3473 4598 3712 4675 δυνάμει·
3759 4601 3871 4673 οὐχ

2264 4689 2604 4763 ύπερτίθεσαι
2665 4688 2737 4750 εἰς
2787 4693 2980 4762 χρόνον
3026 4694 3121 4753 τὰς
3171 4694 3422 4765 χάριτας,
3474 4691 3601 4745 αλλὰ
3648 4687 3871 4744 σκεδαν-

2263 4780 2420 4842 νύεις,
2466 4778 2587 4831 ὃταν
2616 4778 2815 4851 ἐθέλῃς,
2853 4782 2948 4842 τὰς
2988 4776 3209 4853 δωρεάς.
3244 4769 3350 4834 Κάν
3401 4782 3566 4844 οὕτως
3593 4783 3744 4853 ritu;
3774 4784 3871 4833 καί

2264 4867 2488 4942 πράξῃς,
2523 4867 2578 4920 ὃν
2610 4864 2778 4930 δίδως
2829 4867 2885 4920 ἐκ
2936 4877 3032 4930 τῆς
3086 4874 3379 4933 στενώσεως
3427 4872 3606 4945 ἄρτον,
3658 4874 3875 4943 σπέρμα

2264 4963 2460 5031 γίνεται
2512 4962 2793 5033 γεωργίας,
2859 4956 3128 5028 πολύχουν
3185 4956 3438 5030 ἀπογεννᾴ
3496 4962 3583 5011 τόν
3643 4962 3871 5033 καρπόν,

2268 5045 2508 5122 ἀρραϐὼν
2556 5054 2650 5109 τῆς
2706 5056 2922 5121 τροφῆς,
2986 5045 3122 5101 ἰλίου
3166 5047 3544 5121 πρόξενος
3606 5047 3729 5102 Εἰπε
3781 5052 3877 5102 καὶ

569 5169 615 5204 ⁸⁸
693 5171 766 5225 111
794 5171 934 5239 Reg.
963 5183 1102 5235 xvu,
1131 5169 1242 5223 4-6.
1323 5168 1369 5203 ‘9
1414 5166 1562 5223 Dan.
1600 5182 1724 5255 xxv,
1756 5171 1825 5225 30
1855 5184 1990 5242 sqq.
2070 5171 2120 5206 ⁵ο

2255 5172 2407 5230 hess.
2439 5188 2497 5243 v,
2537 5174 2622 5228 t8.

506 5361 519 5375 ’
564 5292 681 5377 (97)
722 5294 865 5363 Reg.
923 5291 1151 5363 primus
1196 5287 1495 5365 διεκόμιζον
1542 5294 1607 5345 τὰ
1659 5300 1780 5346 σῖτα
1831 5296 1919 5346 καὶ
1963 5302 2160 5369 τροφῆς

499 5380 778 5504 ηἷθῗῖἕθ)
820 5433 972 5491 Εάἱιὶ
1027 5436 1242 5507 τροφεύς
1310 5434 1596 5509 Ἀϐακοῦμ.
1638 5439 1711 5493 At
1768 5452 1914 5493 mss.
1990 5437 2161 5495 multi

521 5503 832 5558 Λμϐακούιι.

565 5525 832 5650 ῗῖἷέἒυὲ..
862 5575 1098 5650 primus
1130 5579 1197 5631 τὰ
1229 5573 1491 5632 διπλάσια
1511 5587 1729 5653 τρυφῆς.
1763 5578 1927 5637 Colb.
1951 5579 2160 5637 tertius

2266 5298 2335 5350 τά
2374 5291 2690 5368 διπλασίονα
2712 5303 2807 5358 τῆς
2827 5295 3034 5368 ψνχῆς,
3068 5296 3244 5352 male.

2335 5369 2414 5438 (2)
2453 5366 2619 5423 Colb.
2652 5365 2861 5438 tertius
2887 5365 2944 5419 ἐκ
2962 5375 3052 5438 τοῦ
3083 5376 3255 5438 κοινοῦ
3287 5365 3478 5425 δοῦναι
3501 5370 3625 5432 vim
3663 5369 3884 5438 Statim

2268 5435 2417 5514 mss.
2453 5437 2775 5514 Qolbertiui
2800 5437 2987 5514 ἔπιστῇ
3024 5435 3058 5491 δ
3062 5442 3082 5491 ὲ
3103 5437 3187 5492 ἐπί
3212 5442 3422 5514 θύραις.

2342 5510 2427 5582 (3)
2459 5508 2623 5567 Colb.
2647 5509 2879 5584 primus
2910 5508 3077 5573 ἑλὲους
3105 5508 3368 5586 πρόξενος.
