  <div class='ocr_page' id='page_1' title='image "/cluster/home/n/w/nwhite01/storage/ocr_20150623/31/hvd.32044048272629/166.png"; bbox 0 0 4088 6194; ppageno 0'>
   <div class='ocr_carea' id='block_1_1' title="bbox 224 276 329 333">
    <p class='ocr_par' dir='ltr' id='par_1_1' title="bbox 224 276 329 333">
     <span class='ocr_line' id='line_1_1' title="bbox 224 276 329 333; baseline -0.01 -1"><span class='ocrx_word' id='word_1_1' title='bbox 224 276 329 333; x_wconf 72' lang='grc'>321</span> 
     </span>
    </p>
   </div>
   <div class='ocr_carea' id='block_1_2' title="bbox 1083 257 2746 329">
    <p class='ocr_par' dir='ltr' id='par_1_2' title="bbox 1083 257 2746 329">
     <span class='ocr_line' id='line_1_2' title="bbox 1083 257 2746 329; baseline -0.005 -4"><span class='ocrx_word' id='word_1_2' title='bbox 1083 266 1368 329; x_wconf 77' lang='lat' dir='ltr'>HOMILIA</span> <span class='ocrx_word' id='word_1_3' title='bbox 1396 267 1603 326; x_wconf 79' lang='lat' dir='ltr'>DIC’I‘A</span> <span class='ocrx_word' id='word_1_4' title='bbox 1625 258 1950 324; x_wconf 73' lang='lat' dir='ltr'>TEMPORE</span> <span class='ocrx_word' id='word_1_5' title='bbox 1988 257 2195 320; x_wconf 74' lang='lat' dir='ltr'>FAMIS</span> <span class='ocrx_word' id='word_1_6' title='bbox 2226 257 2313 320; x_wconf 83' lang='lat' dir='ltr'>ET</span> <span class='ocrx_word' id='word_1_7' title='bbox 2342 261 2746 319; x_wconf 80' lang='lat' dir='ltr'>SlCClTATlS.</span> 
     </span>
    </p>
   </div>
   <div class='ocr_carea' id='block_1_3' title="bbox 3485 258 3594 314">
    <p class='ocr_par' dir='ltr' id='par_1_3' title="bbox 3485 258 3594 314">
     <span class='ocr_line' id='line_1_3' title="bbox 3485 258 3594 314; baseline -0.009 0"><span class='ocrx_word' id='word_1_8' title='bbox 3485 258 3594 314; x_wconf 77' lang='lat'><strong>322</strong></span> 
     </span>
    </p>
   </div>
   <div class='ocr_carea' id='block_1_4' title="bbox 230 377 1875 473">
    <p class='ocr_par' dir='ltr' id='par_1_4' title="bbox 230 388 1875 473">
     <span class='ocr_line' id='line_1_4' title="bbox 230 388 1875 473; baseline -0.004 -22"><span class='ocrx_word' id='word_1_9' title='bbox 230 400 298 452; x_wconf 78' lang='grc' dir='ltr'><strong>σὺ</strong></span> <span class='ocrx_word' id='word_1_10' title='bbox 346 405 447 459; x_wconf 75' lang='grc' dir='ltr'><strong>τῆς</strong></span> <span class='ocrx_word' id='word_1_11' title='bbox 491 401 673 473; x_wconf 74' lang='grc' dir='ltr'><strong>χήρας</strong></span> <span class='ocrx_word' id='word_1_12' title='bbox 718 401 816 457; x_wconf 77' lang='grc' dir='ltr'><strong>τῆς</strong></span> <span class='ocrx_word' id='word_1_13' title='bbox 860 388 1107 457; x_wconf 77' lang='grc' dir='ltr'><strong>Σιδονίας</strong></span> <span class='ocrx_word' id='word_1_14' title='bbox 1140 394 1286 469; x_wconf 78' lang='grc' dir='ltr'><strong>ῥῆμα</strong></span> <span class='ocrx_word' id='word_1_15' title='bbox 1341 391 1392 446; x_wconf 78' lang='grc' dir='ltr'><strong>ἐν</strong></span> <span class='ocrx_word' id='word_1_16' title='bbox 1447 398 1558 454; x_wconf 85' lang='grc' dir='ltr'><strong>τοῖς</strong></span> <span class='ocrx_word' id='word_1_17' title='bbox 1614 390 1875 465; x_wconf 62' lang='grc' dir='ltr'><strong>ὁμοίοιςμ</strong></span> 
     </span>
    </p>
   </div>
   <div class='ocr_carea' id='block_1_5' title="bbox 1970 377 3601 473">
    <p class='ocr_par' dir='ltr' id='par_1_5' title="bbox 1970 377 3601 473">
     <span class='ocr_line' id='line_1_5' title="bbox 1970 377 3601 473; baseline -0.002 -31"><span class='ocrx_word' id='word_1_18' title='bbox 1970 384 2108 457; x_wconf 61' lang='grc' dir='ltr'>υἱεῖς,</span> <span class='ocrx_word' id='word_1_19' title='bbox 2134 383 2185 442; x_wconf 87' lang='lat' dir='ltr'>is</span> <span class='ocrx_word' id='word_1_20' title='bbox 2228 396 2438 443; x_wconf 82' lang='lat' dir='ltr'>semen</span> <span class='ocrx_word' id='word_1_21' title='bbox 2464 382 2569 442; x_wconf 86' lang='lat' dir='ltr'>ﬂet</span> <span class='ocrx_word' id='word_1_22' title='bbox 2615 382 2854 473; x_wconf 85' lang='lat' dir='ltr'>segetis,</span> <span class='ocrx_word' id='word_1_23' title='bbox 2908 377 3044 438; x_wconf 86' lang='lat' dir='ltr'>edet</span> <span class='ocrx_word' id='word_1_24' title='bbox 3084 378 3310 437; x_wconf 83' lang='lat' dir='ltr'>fructus</span> <span class='ocrx_word' id='word_1_25' title='bbox 3356 378 3601 447; x_wconf 80' lang='lat' dir='ltr'>uberes,</span> 
     </span>
    </p>
   </div>
   <div class='ocr_carea' id='block_1_6' title="bbox 229 479 1839 560">
    <p class='ocr_par' dir='ltr' id='par_1_6' title="bbox 229 479 1839 560">
     <span class='ocr_line' id='line_1_6' title="bbox 229 479 1839 560; baseline -0.006 -20"><span class='ocrx_word' id='word_1_26' title='bbox 229 487 492 560; x_wconf 73' lang='grc' dir='ltr'><strong>εὐκαίρως</strong></span> <span class='ocrx_word' id='word_1_27' title='bbox 527 494 624 548; x_wconf 75' lang='grc' dir='ltr'><strong>τῆς</strong></span> <span class='ocrx_word' id='word_1_28' title='bbox 664 487 902 560; x_wconf 76' lang='grc' dir='ltr'>ἱστορίας</span> <span class='ocrx_word' id='word_1_29' title='bbox 939 488 1294 558; x_wconf 85' lang='grc' dir='ltr'><strong>μνημόνευσον</strong></span> <span class='ocrx_word' id='word_1_30' title='bbox 1323 505 1337 517; x_wconf 80' lang='grc' dir='ltr'>ο</span> <span class='ocrx_word' id='word_1_31' title='bbox 1391 489 1463 557; x_wconf 73' lang='grc' dir='ltr'><strong>Ζῇ</strong></span> <span class='ocrx_word' id='word_1_32' title='bbox 1507 482 1716 554; x_wconf 80' lang='grc' dir='ltr'><strong>Κύριος,</strong></span> <span class='ocrx_word' id='word_1_33' title='bbox 1759 479 1839 531; x_wconf 87' lang='grc' dir='ltr'><strong>ὃτι</strong></span> 
     </span>
    </p>
   </div>
   <div class='ocr_carea' id='block_1_7' title="bbox 228 566 1838 648">
    <p class='ocr_par' dir='ltr' id='par_1_7' title="bbox 228 566 1838 648">
     <span class='ocr_line' id='line_1_7' title="bbox 228 566 1838 648; baseline -0.007 -19"><span class='ocrx_word' id='word_1_34' title='bbox 228 583 414 629; x_wconf 75' lang='grc' dir='ltr'><strong>τοῦτον</strong></span> <span class='ocrx_word' id='word_1_35' title='bbox 453 578 565 648; x_wconf 79' lang='grc' dir='ltr'><strong>ἔχω</strong></span> <span class='ocrx_word' id='word_1_36' title='bbox 620 575 671 628; x_wconf 76' lang='grc' dir='ltr'><strong>ἓν</strong></span> <span class='ocrx_word' id='word_1_37' title='bbox 726 581 789 647; x_wconf 70' lang='grc' dir='ltr'><strong>τῇ</strong></span> <span class='ocrx_word' id='word_1_38' title='bbox 851 573 996 646; x_wconf 75' lang='grc' dir='ltr'><strong>οἰκίᾳ</strong></span> <span class='ocrx_word' id='word_1_39' title='bbox 1054 593 1154 647; x_wconf 88' lang='grc' dir='ltr'>μου</span> <span class='ocrx_word' id='word_1_40' title='bbox 1201 578 1354 647; x_wconf 84' lang='grc' dir='ltr'><strong>μόνον</strong></span> <span class='ocrx_word' id='word_1_41' title='bbox 1419 571 1491 632; x_wconf 80' lang='grc' dir='ltr'>εἰς</span> <span class='ocrx_word' id='word_1_42' title='bbox 1548 566 1838 644; x_wconf 72' lang='grc' dir='ltr'><strong>διατροφὴν</strong></span> 
     </span>
    </p>
   </div>
   <div class='ocr_carea' id='block_1_8' title="bbox 231 657 1841 738">
    <p class='ocr_par' dir='ltr' id='par_1_8' title="bbox 231 657 1841 738">
     <span class='ocr_line' id='line_1_8' title="bbox 231 657 1841 738; baseline -0.005 -21"><span class='ocrx_word' id='word_1_43' title='bbox 231 664 351 738; x_wconf 55' lang='lat' dir='ltr'>ipsi</span> <span class='ocrx_word' id='word_1_44' title='bbox 385 670 481 717; x_wconf 78' lang='grc' dir='ltr'>καὶ</span> <span class='ocrx_word' id='word_1_45' title='bbox 517 672 628 726; x_wconf 81' lang='grc' dir='ltr'><strong>τοῖς</strong></span> <span class='ocrx_word' id='word_1_46' title='bbox 662 659 899 726; x_wconf 80' lang='grc' dir='ltr'>παιδίοις</span> <span class='ocrx_word' id='word_1_47' title='bbox 940 664 1037 733; x_wconf 76' lang='grc'>(4).</span> <span class='ocrx_word' id='word_1_48' title='bbox 1080 661 1186 716; x_wconf 75' lang='grc' dir='ltr'><strong>Κᾶν</strong></span> <span class='ocrx_word' id='word_1_49' title='bbox 1225 658 1333 734; x_wconf 80' lang='grc' dir='ltr'>δῷς</span> <span class='ocrx_word' id='word_1_50' title='bbox 1386 659 1442 713; x_wconf 80' lang='grc' dir='ltr'>ίκ</span> <span class='ocrx_word' id='word_1_51' title='bbox 1494 666 1587 712; x_wconf 81' lang='grc' dir='ltr'><strong>τοῦ</strong></span> <span class='ocrx_word' id='word_1_52' title='bbox 1642 657 1841 711; x_wconf 85' lang='grc' dir='ltr'><strong>λείπον-</strong></span> 
     </span>
    </p>
   </div>
   <div class='ocr_carea' id='block_1_9' title="bbox 230 747 1842 825">
    <p class='ocr_par' dir='ltr' id='par_1_9' title="bbox 230 747 1842 825">
     <span class='ocr_line' id='line_1_9' title="bbox 230 747 1842 825; baseline -0.007 -16"><span class='ocrx_word' id='word_1_53' title='bbox 230 775 342 821; x_wconf 78' lang='grc' dir='ltr'><strong>τος,</strong></span> <span class='ocrx_word' id='word_1_54' title='bbox 383 755 515 817; x_wconf 79' lang='grc' dir='ltr'><strong>ἕξεις</strong></span> <span class='ocrx_word' id='word_1_55' title='bbox 549 758 641 806; x_wconf 80' lang='grc' dir='ltr'><strong>καὶ</strong></span> <span class='ocrx_word' id='word_1_56' title='bbox 680 756 747 806; x_wconf 78' lang='grc' dir='ltr'><strong>σὺ</strong></span> <span class='ocrx_word' id='word_1_57' title='bbox 786 756 875 806; x_wconf 88' lang='grc' dir='ltr'><strong>τὸν</strong></span> <span class='ocrx_word' id='word_1_58' title='bbox 912 751 1196 825; x_wconf 71' lang='grc' dir='ltr'><strong>καμψάκην</strong></span> <span class='ocrx_word' id='word_1_59' title='bbox 1232 758 1326 805; x_wconf 82' lang='grc' dir='ltr'><strong>τοῦ</strong></span> <span class='ocrx_word' id='word_1_60' title='bbox 1356 749 1527 803; x_wconf 75' lang='grc' dir='ltr'><strong>ἐλαίου</strong></span> <span class='ocrx_word' id='word_1_61' title='bbox 1558 755 1619 820; x_wconf 79' lang='grc' dir='ltr'>τῇ</span> <span class='ocrx_word' id='word_1_62' title='bbox 1651 747 1842 820; x_wconf 86' lang='grc' dir='ltr'><strong>χάριτι</strong></span> 
     </span>
    </p>
   </div>
   <div class='ocr_carea' id='block_1_10' title="bbox 234 834 1843 919">
    <p class='ocr_par' dir='ltr' id='par_1_10' title="bbox 234 834 1843 919">
     <span class='ocr_line' id='line_1_10' title="bbox 234 834 1843 919; baseline -0.006 -23"><span class='ocrx_word' id='word_1_63' title='bbox 234 842 508 919; x_wconf 73' lang='grc' dir='ltr'><strong>βρύοντα·</strong></span> <span class='ocrx_word' id='word_1_64' title='bbox 548 848 643 902; x_wconf 79' lang='grc' dir='ltr'>τήν</span> <span class='ocrx_word' id='word_1_65' title='bbox 680 839 872 917; x_wconf 71' lang='grc' dir='ltr'><strong>ὑδρίαν</strong></span> <span class='ocrx_word' id='word_1_66' title='bbox 912 849 1012 893; x_wconf 78' lang='grc' dir='ltr'>τῶν</span> <span class='ocrx_word' id='word_1_67' title='bbox 1050 840 1273 915; x_wconf 72' lang='grc' dir='ltr'><strong>ἀλεύρων</strong></span> <span class='ocrx_word' id='word_1_68' title='bbox 1296 840 1378 912; x_wconf 78' lang='grc'>(5)</span> <span class='ocrx_word' id='word_1_69' title='bbox 1417 837 1687 891; x_wconf 77' lang='grc' dir='ltr'><strong>ἁκένωτον.</strong></span> <span class='ocrx_word' id='word_1_70' title='bbox 1728 834 1843 888; x_wconf 84' lang='grc' dir='ltr'><strong>Ἐπὶ</strong></span> 
     </span>
    </p>
   </div>
   <div class='ocr_carea' id='block_1_11' title="bbox 230 928 1845 1009">
    <p class='ocr_par' dir='ltr' id='par_1_11' title="bbox 230 928 1845 1009">
     <span class='ocr_line' id='line_1_11' title="bbox 230 928 1845 1009; baseline -0.007 -22"><span class='ocrx_word' id='word_1_71' title='bbox 230 936 337 1009; x_wconf 67' lang='grc' dir='ltr'>γάρ</span> <span class='ocrx_word' id='word_1_72' title='bbox 375 942 480 986; x_wconf 80' lang='grc' dir='ltr'><strong>τῶν</strong></span> <span class='ocrx_word' id='word_1_73' title='bbox 514 940 715 986; x_wconf 78' lang='grc' dir='ltr'>πιστῶν</span> <span class='ocrx_word' id='word_1_74' title='bbox 754 931 1023 1005; x_wconf 69' lang='grc' dir='ltr'><strong>φιλότιμος</strong></span> <span class='ocrx_word' id='word_1_75' title='bbox 1060 932 1090 988; x_wconf 79' lang='grc' dir='ltr'>ἡ</span> <span class='ocrx_word' id='word_1_76' title='bbox 1131 938 1224 983; x_wconf 76' lang='grc' dir='ltr'><strong>τοῦ</strong></span> <span class='ocrx_word' id='word_1_77' title='bbox 1263 934 1397 983; x_wconf 82' lang='grc' dir='ltr'><strong>Θεοῦ</strong></span> <span class='ocrx_word' id='word_1_78' title='bbox 1454 929 1617 1002; x_wconf 84' lang='grc' dir='ltr'><strong>χάρις</strong></span> <span class='ocrx_word' id='word_1_79' title='bbox 1673 928 1845 997; x_wconf 79' lang='grc' dir='ltr'><strong>μιμεῖ-</strong></span> 
     </span>
    </p>
   </div>
   <div class='ocr_carea' id='block_1_12' title="bbox 232 1012 1843 1095">
    <p class='ocr_par' dir='ltr' id='par_1_12' title="bbox 232 1012 1843 1095">
     <span class='ocr_line' id='line_1_12' title="bbox 232 1012 1843 1095; baseline -0.007 -20"><span class='ocrx_word' id='word_1_80' title='bbox 232 1042 323 1075; x_wconf 81' lang='grc' dir='ltr'>ται</span> <span class='ocrx_word' id='word_1_81' title='bbox 358 1026 427 1074; x_wconf 75' lang='grc' dir='ltr'><strong>τὰ</strong></span> <span class='ocrx_word' id='word_1_82' title='bbox 466 1026 682 1095; x_wconf 66' lang='grc' dir='ltr'><strong>φρέατα,</strong></span> <span class='ocrx_word' id='word_1_83' title='bbox 722 1024 790 1074; x_wconf 82' lang='grc' dir='ltr'><strong>τὰ</strong></span> <span class='ocrx_word' id='word_1_84' title='bbox 828 1018 909 1073; x_wconf 76' lang='grc' dir='ltr'>ἀεὶ</span> <span class='ocrx_word' id='word_1_85' title='bbox 946 1022 1241 1093; x_wconf 78' lang='grc' dir='ltr'><strong>κινούμενα,</strong></span> <span class='ocrx_word' id='word_1_86' title='bbox 1282 1023 1374 1070; x_wconf 87' lang='grc' dir='ltr'>καὶ</span> <span class='ocrx_word' id='word_1_87' title='bbox 1434 1020 1505 1089; x_wconf 77' lang='grc' dir='ltr'><strong>μὴ</strong></span> <span class='ocrx_word' id='word_1_88' title='bbox 1565 1012 1843 1077; x_wconf 73' lang='grc' dir='ltr'><strong>ἐξαντλού-</strong></span> 
     </span>
    </p>
   </div>
   <div class='ocr_carea' id='block_1_13' title="bbox 233 1104 1841 1184">
    <p class='ocr_par' dir='ltr' id='par_1_13' title="bbox 233 1104 1841 1184">
     <span class='ocr_line' id='line_1_13' title="bbox 233 1104 1841 1184; baseline -0.007 -20"><span class='ocrx_word' id='word_1_89' title='bbox 233 1132 381 1184; x_wconf 69' lang='grc' dir='ltr'><strong>μενα,</strong></span> <span class='ocrx_word' id='word_1_90' title='bbox 422 1114 486 1163; x_wconf 82' lang='grc' dir='ltr'><strong>τὸ</strong></span> <span class='ocrx_word' id='word_1_91' title='bbox 524 1107 744 1163; x_wconf 72' lang='grc' dir='ltr'><strong>διπλοῦν</strong></span> <span class='ocrx_word' id='word_1_92' title='bbox 785 1108 1194 1181; x_wconf 78' lang='grc' dir='ltr'><strong>ἁντεισάγουσα.</strong></span> <span class='ocrx_word' id='word_1_93' title='bbox 1237 1109 1499 1172; x_wconf 80' lang='grc' dir='ltr'><strong>Δάνεισον,</strong></span> <span class='ocrx_word' id='word_1_94' title='bbox 1541 1104 1568 1156; x_wconf 84' lang='grc' dir='ltr'><strong><em>ὁ</em></strong></span> <span class='ocrx_word' id='word_1_95' title='bbox 1624 1104 1841 1175; x_wconf 81' lang='grc' dir='ltr'><strong>ἄπορος,</strong></span> 
     </span>
    </p>
   </div>
   <div class='ocr_carea' id='block_1_14' title="bbox 234 1194 1843 1271">
    <p class='ocr_par' dir='ltr' id='par_1_14' title="bbox 234 1194 1843 1271">
     <span class='ocr_line' id='line_1_14' title="bbox 234 1194 1843 1271; baseline -0.007 -19"><span class='ocrx_word' id='word_1_96' title='bbox 234 1209 306 1271; x_wconf 67' lang='grc' dir='ltr'><strong>τῷ</strong></span> <span class='ocrx_word' id='word_1_97' title='bbox 360 1199 602 1271; x_wconf 74' lang='grc' dir='ltr'><strong>πλουσίῳ</strong></span> <span class='ocrx_word' id='word_1_98' title='bbox 641 1208 776 1271; x_wconf 74' lang='grc' dir='ltr'>Θεῷ.</span> <span class='ocrx_word' id='word_1_99' title='bbox 820 1204 1110 1251; x_wconf 75' lang='grc' dir='ltr'>Πίστευσον</span> <span class='ocrx_word' id='word_1_100' title='bbox 1173 1205 1245 1269; x_wconf 80' lang='grc' dir='ltr'><strong>τῷ</strong></span> <span class='ocrx_word' id='word_1_101' title='bbox 1300 1194 1381 1248; x_wconf 78' lang='grc' dir='ltr'>ἀεὶ</span> <span class='ocrx_word' id='word_1_102' title='bbox 1435 1194 1506 1256; x_wconf 87' lang='grc' dir='ltr'>εἰς</span> <span class='ocrx_word' id='word_1_103' title='bbox 1564 1195 1843 1265; x_wconf 84' lang='grc' dir='ltr'><strong>πρόσωπον</strong></span> 
     </span>
    </p>
   </div>
   <div class='ocr_carea' id='block_1_15' title="bbox 234 1281 1844 1363">
    <p class='ocr_par' dir='ltr' id='par_1_15' title="bbox 234 1281 1844 1363">
     <span class='ocr_line' id='line_1_15' title="bbox 234 1281 1844 1363; baseline -0.008 -20"><span class='ocrx_word' id='word_1_104' title='bbox 234 1287 372 1343; x_wconf 74' lang='grc' dir='ltr'><strong>ῖδισν</strong></span> <span class='ocrx_word' id='word_1_105' title='bbox 411 1291 546 1363; x_wconf 64' lang='grc' dir='ltr'><strong>ὑπερ</strong></span> <span class='ocrx_word' id='word_1_106' title='bbox 598 1297 691 1341; x_wconf 74' lang='grc' dir='ltr'><strong>τοῦ</strong></span> <span class='ocrx_word' id='word_1_107' title='bbox 748 1286 1049 1361; x_wconf 73' lang='grc' dir='ltr'><strong>θλιϐομένου</strong></span> <span class='ocrx_word' id='word_1_108' title='bbox 1103 1285 1438 1359; x_wconf 75' lang='grc' dir='ltr'><strong>λαμϐάνοντι,</strong></span> <span class='ocrx_word' id='word_1_109' title='bbox 1496 1287 1587 1334; x_wconf 82' lang='grc' dir='ltr'>καὶ</span> <span class='ocrx_word' id='word_1_110' title='bbox 1645 1281 1844 1334; x_wconf 76' lang='grc' dir='ltr'><strong>οἴκοθεν</strong></span> 
     </span>
    </p>
   </div>
   <div class='ocr_carea' id='block_1_16' title="bbox 232 1371 1846 1452">
    <p class='ocr_par' dir='ltr' id='par_1_16' title="bbox 232 1371 1846 1452">
     <span class='ocr_line' id='line_1_16' title="bbox 232 1371 1846 1452; baseline -0.001 -21"><span class='ocrx_word' id='word_1_111' title='bbox 232 1374 558 1431; x_wconf 65' lang='grc' dir='ltr'><strong>ἀποδιδόντι</strong></span> <span class='ocrx_word' id='word_1_112' title='bbox 604 1382 691 1436; x_wconf 73' lang='grc' dir='ltr'><strong>τήν</strong></span> <span class='ocrx_word' id='word_1_113' title='bbox 748 1379 933 1452; x_wconf 80' lang='grc' dir='ltr'><strong>χάριν.</strong></span> <span class='ocrx_word' id='word_1_114' title='bbox 994 1376 1327 1439; x_wconf 80' lang='grc' dir='ltr'><strong>’Δξιόπιστος</strong></span> <span class='ocrx_word' id='word_1_115' title='bbox 1382 1371 1663 1445; x_wconf 71' lang='grc' dir='ltr'><strong>ἐγγυητὴς,</strong></span> <span class='ocrx_word' id='word_1_116' title='bbox 1720 1386 1846 1421; x_wconf 81' lang='grc' dir='ltr'><strong>παν·</strong></span> 
     </span>
    </p>
   </div>
   <div class='ocr_carea' id='block_1_17' title="bbox 232 1458 1845 1540">
    <p class='ocr_par' dir='ltr' id='par_1_17' title="bbox 232 1458 1845 1540">
     <span class='ocr_line' id='line_1_17' title="bbox 232 1458 1845 1540; baseline -0.004 -20"><span class='ocrx_word' id='word_1_117' title='bbox 232 1474 409 1540; x_wconf 78' lang='grc' dir='ltr'><strong>ταχοῦ</strong></span> <span class='ocrx_word' id='word_1_118' title='bbox 447 1474 552 1538; x_wconf 69' lang='grc' dir='ltr'>γῆς</span> <span class='ocrx_word' id='word_1_119' title='bbox 589 1471 680 1518; x_wconf 81' lang='grc' dir='ltr'>καὶ</span> <span class='ocrx_word' id='word_1_120' title='bbox 717 1465 980 1527; x_wconf 72' lang='grc' dir='ltr'><strong>θαλάττης</strong></span> <span class='ocrx_word' id='word_1_121' title='bbox 1018 1463 1352 1537; x_wconf 82' lang='grc' dir='ltr'><strong>ἠπλωμὲνους</strong></span> <span class='ocrx_word' id='word_1_122' title='bbox 1391 1465 1529 1534; x_wconf 77' lang='grc' dir='ltr'><strong>ἔχων</strong></span> <span class='ocrx_word' id='word_1_123' title='bbox 1574 1462 1696 1520; x_wconf 77' lang='grc' dir='ltr'><strong>τοὺς</strong></span> <span class='ocrx_word' id='word_1_124' title='bbox 1754 1458 1845 1514; x_wconf 78' lang='grc' dir='ltr'>θη-</span> 
     </span>
    </p>
   </div>
   <div class='ocr_carea' id='block_1_18' title="bbox 231 1544 1841 1629">
    <p class='ocr_par' dir='ltr' id='par_1_18' title="bbox 231 1544 1841 1629">
     <span class='ocr_line' id='line_1_18' title="bbox 231 1544 1841 1629; baseline -0.007 -19"><span class='ocrx_word' id='word_1_125' title='bbox 231 1559 497 1629; x_wconf 71' lang='grc' dir='ltr'><strong>σαυρούς.</strong></span> <span class='ocrx_word' id='word_1_126' title='bbox 549 1560 651 1609; x_wconf 77' lang='grc' dir='ltr'><strong>Καὶ</strong></span> <span class='ocrx_word' id='word_1_127' title='bbox 674 1555 838 1607; x_wconf 79' lang='grc' dir='ltr'><strong>πλέων</strong></span> <span class='ocrx_word' id='word_1_128' title='bbox 864 1553 949 1607; x_wconf 74' lang='grc' dir='ltr'><strong>ἐὰν</strong></span> <span class='ocrx_word' id='word_1_129' title='bbox 981 1552 1284 1626; x_wconf 74' lang='grc' dir='ltr'><strong>ἁπαιτησης</strong></span> <span class='ocrx_word' id='word_1_130' title='bbox 1311 1555 1371 1605; x_wconf 88' lang='grc' dir='ltr'>τό</span> <span class='ocrx_word' id='word_1_131' title='bbox 1392 1547 1671 1622; x_wconf 57' lang='grc' dir='ltr'><strong>δάνεισμα,</strong></span> <span class='ocrx_word' id='word_1_132' title='bbox 1698 1544 1841 1618; x_wconf 74' lang='grc' dir='ltr'><strong>λήψῃ</strong></span> 
     </span>
    </p>
   </div>
   <div class='ocr_carea' id='block_1_19' title="bbox 230 1634 1846 1717">
    <p class='ocr_par' dir='ltr' id='par_1_19' title="bbox 230 1634 1846 1717">
     <span class='ocr_line' id='line_1_19' title="bbox 230 1634 1846 1717; baseline -0.008 -19"><span class='ocrx_word' id='word_1_133' title='bbox 230 1644 317 1698; x_wconf 72' lang='grc' dir='ltr'><strong>ἐπὶ</strong></span> <span class='ocrx_word' id='word_1_134' title='bbox 352 1648 527 1717; x_wconf 74' lang='grc' dir='ltr'><strong>μέσου</strong></span> <span class='ocrx_word' id='word_1_135' title='bbox 566 1643 823 1715; x_wconf 74' lang='grc' dir='ltr'><strong>πελάγους</strong></span> <span class='ocrx_word' id='word_1_136' title='bbox 863 1647 959 1696; x_wconf 83' lang='grc' dir='ltr'><strong>σὺν</strong></span> <span class='ocrx_word' id='word_1_137' title='bbox 996 1647 1170 1704; x_wconf 81' lang='grc' dir='ltr'><strong>τόκοις</strong></span> <span class='ocrx_word' id='word_1_138' title='bbox 1206 1645 1267 1694; x_wconf 86' lang='grc' dir='ltr'><strong>τὸ</strong></span> <span class='ocrx_word' id='word_1_139' title='bbox 1303 1639 1607 1713; x_wconf 76' lang='grc' dir='ltr'><strong>κεφάλαιον.</strong></span> <span class='ocrx_word' id='word_1_140' title='bbox 1646 1634 1846 1689; x_wconf 78' lang='grc' dir='ltr'><strong>Φιλοτι-</strong></span> 
     </span>
    </p>
   </div>
   <div class='ocr_carea' id='block_1_20' title="bbox 228 1731 1190 1808">
    <p class='ocr_par' dir='ltr' id='par_1_20' title="bbox 228 1731 1190 1808">
     <span class='ocr_line' id='line_1_20' title="bbox 228 1731 1190 1808; baseline -0.003 -21"><span class='ocrx_word' id='word_1_141' title='bbox 228 1743 405 1807; x_wconf 77' lang='grc' dir='ltr'><strong>μεῐται</strong></span> <span class='ocrx_word' id='word_1_142' title='bbox 444 1737 551 1807; x_wconf 66' lang='grc' dir='ltr'>γὰρ</span> <span class='ocrx_word' id='word_1_143' title='bbox 591 1731 639 1785; x_wconf 80' lang='grc' dir='ltr'>ἐν</span> <span class='ocrx_word' id='word_1_144' title='bbox 676 1740 793 1794; x_wconf 86' lang='grc' dir='ltr'><strong>ταῖς</strong></span> <span class='ocrx_word' id='word_1_145' title='bbox 838 1734 1190 1808; x_wconf 75' lang='grc' dir='ltr'><strong>προσθήκαις.</strong></span> 
     </span>
    </p>
   </div>
   <div class='ocr_carea' id='block_1_21' title="bbox 1943 469 3603 534">
    <p class='ocr_par' dir='ltr' id='par_1_21' title="bbox 1943 469 3603 534">
     <span class='ocr_line' id='line_1_21' title="bbox 1943 469 3603 534; baseline -0.002 -1"><span class='ocrx_word' id='word_1_146' title='bbox 1943 475 2210 534; x_wconf 88' lang='lat' dir='ltr'>arrhabo</span> <span class='ocrx_word' id='word_1_147' title='bbox 2236 476 2348 533; x_wconf 89' lang='lat' dir='ltr'>erit</span> <span class='ocrx_word' id='word_1_148' title='bbox 2379 475 2747 533; x_wconf 86' lang='lat' dir='ltr'>cibariorum</span> <span class='ocrx_word' id='word_1_149' title='bbox 2776 470 3206 529; x_wconf 62' lang='lat' dir='ltr'>misericordias</span> <span class='ocrx_word' id='word_1_150' title='bbox 3227 469 3603 530; x_wconf 78' lang='lat' dir='ltr'>conciliator.</span> 
     </span>
    </p>
   </div>
   <div class='ocr_carea' id='block_1_22' title="bbox 1947 556 3606 631">
    <p class='ocr_par' dir='ltr' id='par_1_22' title="bbox 1947 556 3606 631">
     <span class='ocr_line' id='line_1_22' title="bbox 1947 556 3606 631; baseline -0.003 -10"><span class='ocrx_word' id='word_1_151' title='bbox 1947 564 2049 621; x_wconf 90' lang='lat' dir='ltr'>Dic</span> <span class='ocrx_word' id='word_1_152' title='bbox 2069 568 2127 621; x_wconf 89' lang='lat' dir='ltr'>et</span> <span class='ocrx_word' id='word_1_153' title='bbox 2157 569 2218 621; x_wconf 88' lang='lat' dir='ltr'>tu</span> <span class='ocrx_word' id='word_1_154' title='bbox 2249 564 2504 622; x_wconf 80' lang='lat' dir='ltr'>verbum</span> <span class='ocrx_word' id='word_1_155' title='bbox 2533 580 2568 621; x_wconf 90' lang='lat' dir='ltr'>a</span> <span class='ocrx_word' id='word_1_156' title='bbox 2591 562 2780 620; x_wconf 84' lang='lat' dir='ltr'>vidua</span> <span class='ocrx_word' id='word_1_157' title='bbox 2810 561 3057 619; x_wconf 89' lang='lat' dir='ltr'>Sidonia</span> <span class='ocrx_word' id='word_1_158' title='bbox 3086 560 3147 616; x_wconf 91' lang='lat' dir='ltr'>in</span> <span class='ocrx_word' id='word_1_159' title='bbox 3169 556 3387 616; x_wconf 90' lang='lat' dir='ltr'>iisdem</span> <span class='ocrx_word' id='word_1_160' title='bbox 3416 575 3606 631; x_wconf 87' lang='lat' dir='ltr'>angu-</span> 
     </span>
    </p>
   </div>
   <div class='ocr_carea' id='block_1_23' title="bbox 1947 649 3608 727">
    <p class='ocr_par' dir='ltr' id='par_1_23' title="bbox 1947 649 3608 727">
     <span class='ocr_line' id='line_1_23' title="bbox 1947 649 3608 727; baseline -0.003 -16"><span class='ocrx_word' id='word_1_161' title='bbox 1947 655 2072 711; x_wconf 88' lang='lat' dir='ltr'>stiis</span> <span class='ocrx_word' id='word_1_162' title='bbox 2104 654 2437 727; x_wconf 84' lang='lat' dir='ltr'>prolatum;</span> <span class='ocrx_word' id='word_1_163' title='bbox 2460 653 2569 711; x_wconf 88' lang='lat' dir='ltr'>tibi</span> <span class='ocrx_word' id='word_1_164' title='bbox 2582 658 2922 726; x_wconf 82' lang='lat' dir='ltr'>opportune</span> <span class='ocrx_word' id='word_1_165' title='bbox 2937 651 2999 707; x_wconf 89' lang='lat' dir='ltr'>in</span> <span class='ocrx_word' id='word_1_166' title='bbox 3015 649 3373 709; x_wconf 81' lang='lat' dir='ltr'>memoriam</span> <span class='ocrx_word' id='word_1_167' title='bbox 3386 664 3450 706; x_wconf 91' lang='lat' dir='ltr'>re</span> <span class='ocrx_word' id='word_1_168' title='bbox 3458 665 3608 706; x_wconf 87' lang='lat' dir='ltr'>voca</span> 
     </span>
    </p>
   </div>
   <div class='ocr_carea' id='block_1_24' title="bbox 1945 738 3608 813">
    <p class='ocr_par' dir='ltr' id='par_1_24' title="bbox 1945 738 3608 813">
     <span class='ocr_line' id='line_1_24' title="bbox 1945 738 3608 813; baseline -0.002 -15"><span class='ocrx_word' id='word_1_169' title='bbox 1945 743 2262 800; x_wconf 83' lang='lat' dir='ltr'>historiam</span> <span class='ocrx_word' id='word_1_170' title='bbox 2287 760 2301 800; x_wconf 91' lang='lat'>:</span> <span class='ocrx_word' id='word_1_171' title='bbox 2344 745 2499 800; x_wconf 79' lang='lat' dir='ltr'>Vivit</span> <span class='ocrx_word' id='word_1_172' title='bbox 2527 743 2839 810; x_wconf 80' lang='lat' dir='ltr'>Dominus,</span> <span class='ocrx_word' id='word_1_173' title='bbox 2869 741 3011 813; x_wconf 84' lang='lat' dir='ltr'>quia</span> <span class='ocrx_word' id='word_1_174' title='bbox 3028 738 3192 795; x_wconf 80' lang='lat' dir='ltr'>hunc</span> <span class='ocrx_word' id='word_1_175' title='bbox 3221 739 3416 795; x_wconf 85' lang='lat' dir='ltr'>solum</span> <span class='ocrx_word' id='word_1_176' title='bbox 3445 738 3608 796; x_wconf 75' lang='lat' dir='ltr'>domi</span> 
     </span>
    </p>
   </div>
   <div class='ocr_carea' id='block_1_25' title="bbox 1950 826 3610 892">
    <p class='ocr_par' dir='ltr' id='par_1_25' title="bbox 1950 826 3610 892">
     <span class='ocr_line' id='line_1_25' title="bbox 1950 826 3610 892; baseline -0.004 -3"><span class='ocrx_word' id='word_1_177' title='bbox 1950 832 2138 890; x_wconf 85' lang='lat' dir='ltr'>habeo</span> <span class='ocrx_word' id='word_1_178' title='bbox 2166 833 2248 889; x_wconf 88' lang='lat' dir='ltr'>ad</span> <span class='ocrx_word' id='word_1_179' title='bbox 2277 832 2673 889; x_wconf 78' lang='lat' dir='ltr'>nutriendum</span> <span class='ocrx_word' id='word_1_180' title='bbox 2694 845 2788 886; x_wconf 88' lang='lat' dir='ltr'>me</span> <span class='ocrx_word' id='word_1_181' title='bbox 2813 834 2868 886; x_wconf 86' lang='lat' dir='ltr'>et</span> <span class='ocrx_word' id='word_1_182' title='bbox 2897 828 3199 885; x_wconf 75' lang='lat' dir='ltr'>liberos“.</span> <span class='ocrx_word' id='word_1_183' title='bbox 3240 826 3415 892; x_wconf 85' lang='lat' dir='ltr'>Quod</span> <span class='ocrx_word' id='word_1_184' title='bbox 3437 827 3487 882; x_wconf 90' lang='lat' dir='ltr'>si</span> <span class='ocrx_word' id='word_1_185' title='bbox 3533 841 3610 883; x_wconf 91' lang='lat' dir='ltr'>ex</span> 
     </span>
    </p>
   </div>
   <div class='ocr_carea' id='block_1_26' title="bbox 1948 913 3609 994">
    <p class='ocr_par' dir='ltr' id='par_1_26' title="bbox 1948 913 3609 994">
     <span class='ocr_line' id='line_1_26' title="bbox 1948 913 3609 994; baseline -0.004 -17"><span class='ocrx_word' id='word_1_186' title='bbox 1948 920 2204 994; x_wconf 87' lang='lat' dir='ltr'>penuria</span> <span class='ocrx_word' id='word_1_187' title='bbox 2232 926 2335 978; x_wconf 88' lang='lat' dir='ltr'>tua</span> <span class='ocrx_word' id='word_1_188' title='bbox 2369 919 2632 985; x_wconf 90' lang='lat' dir='ltr'>dederis,</span> <span class='ocrx_word' id='word_1_189' title='bbox 2663 917 2918 975; x_wconf 82' lang='lat' dir='ltr'>habebis</span> <span class='ocrx_word' id='word_1_190' title='bbox 2948 921 3005 973; x_wconf 90' lang='lat' dir='ltr'>et</span> <span class='ocrx_word' id='word_1_191' title='bbox 3041 921 3108 973; x_wconf 93' lang='lat' dir='ltr'>tu</span> <span class='ocrx_word' id='word_1_192' title='bbox 3136 930 3245 971; x_wconf 89' lang='lat' dir='ltr'>vas</span> <span class='ocrx_word' id='word_1_193' title='bbox 3273 914 3413 979; x_wconf 83' lang='lat' dir='ltr'>olei,</span> <span class='ocrx_word' id='word_1_194' title='bbox 3439 913 3609 988; x_wconf 90' lang='lat' dir='ltr'>quod</span> 
     </span>
    </p>
   </div>
   <div class='ocr_carea' id='block_1_27' title="bbox 1949 1003 3609 1085">
    <p class='ocr_par' dir='ltr' id='par_1_27' title="bbox 1949 1003 3609 1085">
     <span class='ocr_line' id='line_1_27' title="bbox 1949 1003 3609 1085; baseline -0.005 -17"><span class='ocrx_word' id='word_1_195' title='bbox 1949 1011 2233 1068; x_wconf 88' lang='lat' dir='ltr'>scaturiet</span> <span class='ocrx_word' id='word_1_196' title='bbox 2251 1028 2359 1085; x_wconf 92' lang='lat' dir='ltr'>per</span> <span class='ocrx_word' id='word_1_197' title='bbox 2381 1010 2669 1081; x_wconf 81' lang='lat' dir='ltr'>gratiam:</span> <span class='ocrx_word' id='word_1_198' title='bbox 2696 1006 2971 1081; x_wconf 86' lang='lat' dir='ltr'>hydriam</span> <span class='ocrx_word' id='word_1_199' title='bbox 2986 1004 3193 1062; x_wconf 81' lang='lat' dir='ltr'>itidem</span> <span class='ocrx_word' id='word_1_200' title='bbox 3214 1003 3446 1071; x_wconf 63' lang='lat' dir='ltr'>farinae,</span> <span class='ocrx_word' id='word_1_201' title='bbox 3469 1019 3609 1076; x_wconf 69' lang='lat' dir='ltr'>qum</span> 
     </span>
    </p>
   </div>
   <div class='ocr_carea' id='block_1_28' title="bbox 1951 1093 3609 1173">
    <p class='ocr_par' dir='ltr' id='par_1_28' title="bbox 1951 1093 3609 1173">
     <span class='ocr_line' id='line_1_28' title="bbox 1951 1093 3609 1173; baseline -0.005 -16"><span class='ocrx_word' id='word_1_202' title='bbox 1951 1101 2251 1158; x_wconf 84' lang='lat' dir='ltr'>exhauriri</span> <span class='ocrx_word' id='word_1_203' title='bbox 2272 1116 2397 1158; x_wconf 91' lang='lat' dir='ltr'>non</span> <span class='ocrx_word' id='word_1_204' title='bbox 2416 1100 2655 1173; x_wconf 87' lang='lat' dir='ltr'>poterit.</span> <span class='ocrx_word' id='word_1_205' title='bbox 2673 1096 2902 1154; x_wconf 82' lang='lat' dir='ltr'>Etenim</span> <span class='ocrx_word' id='word_1_206' title='bbox 2920 1095 3020 1152; x_wconf 89' lang='lat' dir='ltr'>Dei</span> <span class='ocrx_word' id='word_1_207' title='bbox 3031 1093 3452 1167; x_wconf 89' lang='lat' dir='ltr'>beneﬁcentia,</span> <span class='ocrx_word' id='word_1_208' title='bbox 3474 1109 3609 1166; x_wconf 66' lang='lat' dir='ltr'>quas</span> 
     </span>
    </p>
   </div>
   <div class='ocr_carea' id='block_1_29' title="bbox 1950 1182 3611 1262">
    <p class='ocr_par' dir='ltr' id='par_1_29' title="bbox 1950 1182 3611 1262">
     <span class='ocr_line' id='line_1_29' title="bbox 1950 1182 3611 1262; baseline -0.005 -17"><span class='ocrx_word' id='word_1_209' title='bbox 1950 1189 2174 1247; x_wconf 75' lang='lat' dir='ltr'>scilicet</span> <span class='ocrx_word' id='word_1_210' title='bbox 2185 1190 2221 1247; x_wconf 92' lang='lat' dir='ltr'>d</span> <span class='ocrx_word' id='word_1_211' title='bbox 2230 1189 2440 1262; x_wconf 90' lang='lat' dir='ltr'>uplum</span> <span class='ocrx_word' id='word_1_212' title='bbox 2452 1188 2599 1245; x_wconf 49' lang='lat' dir='ltr'>redii</span> <span class='ocrx_word' id='word_1_213' title='bbox 2608 1191 2837 1257; x_wconf 88' lang='lat' dir='ltr'>at,erga</span> <span class='ocrx_word' id='word_1_214' title='bbox 2848 1184 3049 1241; x_wconf 87' lang='lat' dir='ltr'>ﬁdeles</span> <span class='ocrx_word' id='word_1_215' title='bbox 3062 1182 3383 1254; x_wconf 88' lang='lat' dir='ltr'>magniﬁce</span> <span class='ocrx_word' id='word_1_216' title='bbox 3395 1184 3611 1255; x_wconf 90' lang='lat' dir='ltr'>puteos</span> 
     </span>
    </p>
   </div>
   <div class='ocr_carea' id='block_1_30' title="bbox 1950 1270 3611 1351">
    <p class='ocr_par' dir='ltr' id='par_1_30' title="bbox 1950 1270 3611 1351">
     <span class='ocr_line' id='line_1_30' title="bbox 1950 1270 3611 1351; baseline -0.005 -17"><span class='ocrx_word' id='word_1_217' title='bbox 1950 1277 2351 1351; x_wconf 86' lang='lat' dir='ltr'>imitatur,qui</span> <span class='ocrx_word' id='word_1_218' title='bbox 2380 1277 2671 1334; x_wconf 91' lang='lat' dir='ltr'>continuo</span> <span class='ocrx_word' id='word_1_219' title='bbox 2699 1274 2920 1340; x_wconf 88' lang='lat' dir='ltr'>hausti,</span> <span class='ocrx_word' id='word_1_220' title='bbox 2957 1287 3349 1345; x_wconf 87' lang='lat' dir='ltr'>nequaquam</span> <span class='ocrx_word' id='word_1_221' title='bbox 3387 1270 3611 1328; x_wconf 90' lang='lat' dir='ltr'>exhau-</span> 
     </span>
    </p>
   </div>
   <div class='ocr_carea' id='block_1_31' title="bbox 1950 1360 3614 1434">
    <p class='ocr_par' dir='ltr' id='par_1_31' title="bbox 1950 1360 3614 1434">
     <span class='ocr_line' id='line_1_31' title="bbox 1950 1360 3614 1434; baseline -0.006 -10"><span class='ocrx_word' id='word_1_222' title='bbox 1950 1366 2211 1423; x_wconf 90' lang='lat' dir='ltr'>riuntur.</span> <span class='ocrx_word' id='word_1_223' title='bbox 2252 1370 2371 1423; x_wconf 88' lang='lat' dir='ltr'>Deo</span> <span class='ocrx_word' id='word_1_224' title='bbox 2399 1365 2570 1422; x_wconf 88' lang='lat' dir='ltr'>diviti</span> <span class='ocrx_word' id='word_1_225' title='bbox 2606 1364 2919 1430; x_wconf 80' lang='lat' dir='ltr'>fcenerare,</span> <span class='ocrx_word' id='word_1_226' title='bbox 2947 1361 3222 1434; x_wconf 76' lang='lat' dir='ltr'>quisquis</span> <span class='ocrx_word' id='word_1_227' title='bbox 3246 1360 3419 1431; x_wconf 91' lang='lat' dir='ltr'>inops</span> <span class='ocrx_word' id='word_1_228' title='bbox 3462 1375 3528 1415; x_wconf 87' lang='lat' dir='ltr'>es</span> <span class='ocrx_word' id='word_1_229' title='bbox 3555 1360 3614 1415; x_wconf 81' lang='lat' dir='ltr'>et</span> 
     </span>
    </p>
   </div>
   <div class='ocr_carea' id='block_1_32' title="bbox 1952 1446 3614 1530">
    <p class='ocr_par' dir='ltr' id='par_1_32' title="bbox 1952 1446 3614 1530">
     <span class='ocr_line' id='line_1_32' title="bbox 1952 1446 3614 1530; baseline -0.007 -16"><span class='ocrx_word' id='word_1_230' title='bbox 1952 1472 2206 1530; x_wconf 88' lang='lat' dir='ltr'>pauper.</span> <span class='ocrx_word' id='word_1_231' title='bbox 2232 1456 2416 1514; x_wconf 89' lang='lat' dir='ltr'>Crede</span> <span class='ocrx_word' id='word_1_232' title='bbox 2436 1454 2510 1518; x_wconf 88' lang='lat' dir='ltr'>ei,</span> <span class='ocrx_word' id='word_1_233' title='bbox 2533 1451 2824 1526; x_wconf 89' lang='lat' dir='ltr'>quiquod</span> <span class='ocrx_word' id='word_1_234' title='bbox 2846 1451 2907 1507; x_wconf 90' lang='lat' dir='ltr'>in</span> <span class='ocrx_word' id='word_1_235' title='bbox 2926 1463 3288 1522; x_wconf 84' lang='lat' dir='ltr'>oppressum</span> <span class='ocrx_word' id='word_1_236' title='bbox 3302 1446 3614 1507; x_wconf 86' lang='lat' dir='ltr'>hominem</span> 
     </span>
    </p>
   </div>
   <div class='ocr_carea' id='block_1_33' title="bbox 1954 1534 3615 1615">
    <p class='ocr_par' dir='ltr' id='par_1_33' title="bbox 1954 1534 3615 1615">
     <span class='ocr_line' id='line_1_33' title="bbox 1954 1534 3615 1615; baseline -0.007 -13"><span class='ocrx_word' id='word_1_237' title='bbox 1954 1544 2298 1613; x_wconf 88' lang='lat' dir='ltr'>contuleris,</span> <span class='ocrx_word' id='word_1_238' title='bbox 2343 1543 2426 1610; x_wconf 91' lang='lat' dir='ltr'>id,</span> <span class='ocrx_word' id='word_1_239' title='bbox 2454 1541 2707 1615; x_wconf 87' lang='lat' dir='ltr'>perinde</span> <span class='ocrx_word' id='word_1_240' title='bbox 2737 1539 2913 1614; x_wconf 88' lang='lat' dir='ltr'>quasi</span> <span class='ocrx_word' id='word_1_241' title='bbox 2937 1536 3302 1609; x_wconf 90' lang='lat' dir='ltr'>sibimetipsi</span> <span class='ocrx_word' id='word_1_242' title='bbox 3329 1534 3615 1592; x_wconf 90' lang='lat' dir='ltr'>collatum</span> 
     </span>
    </p>
   </div>
   <div class='ocr_carea' id='block_1_34' title="bbox 1956 1621 3615 1705">
    <p class='ocr_par' dir='ltr' id='par_1_34' title="bbox 1956 1621 3615 1705">
     <span class='ocr_line' id='line_1_34' title="bbox 1956 1621 3615 1705; baseline -0.007 -17"><span class='ocrx_word' id='word_1_243' title='bbox 1956 1634 2053 1699; x_wconf 89' lang='lat' dir='ltr'>sit,</span> <span class='ocrx_word' id='word_1_244' title='bbox 2085 1632 2313 1705; x_wconf 89' lang='lat' dir='ltr'>recipit,</span> <span class='ocrx_word' id='word_1_245' title='bbox 2348 1646 2547 1704; x_wconf 84' lang='lat' dir='ltr'>exque</span> <span class='ocrx_word' id='word_1_246' title='bbox 2576 1629 2700 1685; x_wconf 87' lang='lat' dir='ltr'>suis</span> <span class='ocrx_word' id='word_1_247' title='bbox 2724 1626 3002 1701; x_wconf 89' lang='lat' dir='ltr'>rependit</span> <span class='ocrx_word' id='word_1_248' title='bbox 3031 1624 3311 1696; x_wconf 82' lang='lat' dir='ltr'>gratiam.</span> <span class='ocrx_word' id='word_1_249' title='bbox 3355 1622 3500 1679; x_wconf 91' lang='lat' dir='ltr'>Fide</span> <span class='ocrx_word' id='word_1_250' title='bbox 3526 1621 3615 1678; x_wconf 88' lang='lat' dir='ltr'>di-</span> 
     </span>
    </p>
   </div>
   <div class='ocr_carea' id='block_1_35' title="bbox 1878 1716 3617 1794">
    <p class='ocr_par' dir='ltr' id='par_1_35' title="bbox 1878 1716 3617 1794">
     <span class='ocr_line' id='line_1_35' title="bbox 1878 1716 3617 1794; baseline -0.009 -14"><span class='ocrx_word' id='word_1_251' title='bbox 1878 1716 1923 1772; x_wconf 88' lang='lat' dir='ltr'><strong>B</strong></span> <span class='ocrx_word' id='word_1_252' title='bbox 1955 1737 2110 1794; x_wconf 87' lang='lat' dir='ltr'>gnus</span> <span class='ocrx_word' id='word_1_253' title='bbox 2124 1727 2213 1779; x_wconf 85' lang='lat' dir='ltr'>est</span> <span class='ocrx_word' id='word_1_254' title='bbox 2224 1735 2501 1794; x_wconf 88' lang='lat' dir='ltr'>sponsor,</span> <span class='ocrx_word' id='word_1_255' title='bbox 2514 1735 2623 1792; x_wconf 90' lang='lat' dir='ltr'>per</span> <span class='ocrx_word' id='word_1_256' title='bbox 2638 1734 2884 1774; x_wconf 88' lang='lat' dir='ltr'>omnem</span> <span class='ocrx_word' id='word_1_257' title='bbox 2900 1721 3122 1772; x_wconf 91' lang='lat' dir='ltr'>terram</span> <span class='ocrx_word' id='word_1_258' title='bbox 3138 1730 3209 1770; x_wconf 89' lang='lat' dir='ltr'>ac</span> <span class='ocrx_word' id='word_1_259' title='bbox 3223 1727 3389 1769; x_wconf 89' lang='lat' dir='ltr'>mare</span> <span class='ocrx_word' id='word_1_260' title='bbox 3403 1726 3617 1784; x_wconf 86' lang='lat' dir='ltr'>expas-</span> 
     </span>
    </p>
   </div>
   <div class='ocr_carea' id='block_1_36' title="bbox 229 1800 3617 1888">
    <p class='ocr_par' dir='ltr' id='par_1_36' title="bbox 229 1800 3617 1888">
     <span class='ocr_line' id='line_1_36' title="bbox 229 1800 3617 1888; baseline -0.008 -7"><span class='ocrx_word' id='word_1_261' title='bbox 229 1841 333 1881; x_wconf 86' lang='lat' dir='ltr'>sos</span> <span class='ocrx_word' id='word_1_262' title='bbox 363 1822 606 1881; x_wconf 80' lang='lat' dir='ltr'>habens</span> <span class='ocrx_word' id='word_1_263' title='bbox 630 1822 975 1879; x_wconf 85' lang='lat' dir='ltr'>thesauros.</span> <span class='ocrx_word' id='word_1_264' title='bbox 1018 1820 1193 1888; x_wconf 86' lang='lat' dir='ltr'>Quod</span> <span class='ocrx_word' id='word_1_265' title='bbox 1219 1820 1270 1876; x_wconf 91' lang='lat' dir='ltr'>si</span> <span class='ocrx_word' id='word_1_266' title='bbox 1298 1819 1454 1876; x_wconf 89' lang='lat' dir='ltr'>inter</span> <span class='ocrx_word' id='word_1_267' title='bbox 1480 1810 1902 1886; x_wconf 87' lang='lat' dir='ltr'>navigandum</span> <span class='ocrx_word' id='word_1_268' title='bbox 1931 1816 2214 1868; x_wconf 88' lang='lat' dir='ltr'>mutuum</span> <span class='ocrx_word' id='word_1_269' title='bbox 2242 1813 2506 1883; x_wconf 87' lang='lat' dir='ltr'>repetas,</span> <span class='ocrx_word' id='word_1_270' title='bbox 2536 1807 2597 1863; x_wconf 90' lang='lat' dir='ltr'>in</span> <span class='ocrx_word' id='word_1_271' title='bbox 2627 1806 2831 1863; x_wconf 89' lang='lat' dir='ltr'>medio</span> <span class='ocrx_word' id='word_1_272' title='bbox 2859 1805 2995 1878; x_wconf 90' lang='lat' dir='ltr'>ipso</span> <span class='ocrx_word' id='word_1_273' title='bbox 3026 1802 3178 1860; x_wconf 89' lang='lat' dir='ltr'>mari</span> <span class='ocrx_word' id='word_1_274' title='bbox 3210 1817 3332 1859; x_wconf 90' lang='lat' dir='ltr'>una</span> <span class='ocrx_word' id='word_1_275' title='bbox 3355 1816 3497 1857; x_wconf 92' lang='lat' dir='ltr'>cum</span> <span class='ocrx_word' id='word_1_276' title='bbox 3533 1800 3617 1855; x_wconf 86' lang='lat' dir='ltr'>fe-</span> 
     </span>
    </p>
   </div>
   <div class='ocr_carea' id='block_1_37' title="bbox 228 1898 2085 1985">
    <p class='ocr_par' dir='ltr' id='par_1_37' title="bbox 228 1898 2085 1985">
     <span class='ocr_line' id='line_1_37' title="bbox 228 1898 2085 1985; baseline -0.008 -15"><span class='ocrx_word' id='word_1_277' title='bbox 228 1929 380 1971; x_wconf 89' lang='lat' dir='ltr'>nore</span> <span class='ocrx_word' id='word_1_278' title='bbox 404 1916 640 1969; x_wconf 84' lang='lat' dir='ltr'>sortem</span> <span class='ocrx_word' id='word_1_279' title='bbox 667 1910 941 1985; x_wconf 88' lang='lat' dir='ltr'>recipies.</span> <span class='ocrx_word' id='word_1_280' title='bbox 976 1913 1074 1968; x_wconf 88' lang='lat' dir='ltr'>Est</span> <span class='ocrx_word' id='word_1_281' title='bbox 1100 1910 1263 1967; x_wconf 92' lang='lat' dir='ltr'>enim</span> <span class='ocrx_word' id='word_1_282' title='bbox 1287 1909 1352 1966; x_wconf 91' lang='lat' dir='ltr'>in</span> <span class='ocrx_word' id='word_1_283' title='bbox 1381 1905 1669 1966; x_wconf 91' lang='lat' dir='ltr'>addendo</span> <span class='ocrx_word' id='word_1_284' title='bbox 1695 1898 2085 1959; x_wconf 88' lang='lat' dir='ltr'>ambitiosus.</span> 
     </span>
    </p>
   </div>
   <div class='ocr_carea' id='block_1_38' title="bbox 298 1990 1853 2074">
    <p class='ocr_par' dir='ltr' id='par_1_38' title="bbox 298 1990 1853 2074">
     <span class='ocr_line' id='line_1_38' title="bbox 298 1990 1853 2074; baseline -0.011 -16"><span class='ocrx_word' id='word_1_285' title='bbox 298 2008 355 2058; x_wconf 89' lang='lat'><strong>7.</strong></span> <span class='ocrx_word' id='word_1_286' title='bbox 398 2005 474 2055; x_wconf 82' lang='grc' dir='ltr'><strong>Τό</strong></span> <span class='ocrx_word' id='word_1_287' title='bbox 514 2008 610 2054; x_wconf 79' lang='grc' dir='ltr'><strong>τοῦ</strong></span> <span class='ocrx_word' id='word_1_288' title='bbox 647 2000 996 2074; x_wconf 80' lang='grc' dir='ltr'><strong>λιμώττοντος</strong></span> <span class='ocrx_word' id='word_1_289' title='bbox 1031 2004 1263 2073; x_wconf 81' lang='grc' dir='ltr'><strong>νόσημα,</strong></span> <span class='ocrx_word' id='word_1_290' title='bbox 1300 1998 1470 2071; x_wconf 84' lang='grc' dir='ltr'><strong>λιμός,</strong></span> <span class='ocrx_word' id='word_1_291' title='bbox 1512 1994 1715 2067; x_wconf 82' lang='grc' dir='ltr'><strong>οἰκτρόν</strong></span> <span class='ocrx_word' id='word_1_292' title='bbox 1755 1990 1853 2042; x_wconf 79' lang='grc' dir='ltr'><strong>πά-</strong></span> 
     </span>
    </p>
   </div>
   <div class='ocr_carea' id='block_1_39' title="bbox 230 2081 1853 2165">
    <p class='ocr_par' dir='ltr' id='par_1_39' title="bbox 230 2081 1853 2165">
     <span class='ocr_line' id='line_1_39' title="bbox 230 2081 1853 2165; baseline -0.009 -20"><span class='ocrx_word' id='word_1_293' title='bbox 230 2094 318 2154; x_wconf 72' lang='grc' dir='ltr'>θος</span> <span class='ocrx_word' id='word_1_294' title='bbox 356 2090 501 2146; x_wconf 75' lang='grc' dir='ltr'><strong>ἐστί.</strong></span> <span class='ocrx_word' id='word_1_295' title='bbox 545 2093 719 2163; x_wconf 81' lang='grc' dir='ltr'><strong>Λιμὸς</strong></span> <span class='ocrx_word' id='word_1_296' title='bbox 765 2088 1103 2165; x_wconf 75' lang='grc' dir='ltr'>ἀνθρωπίνων</span> <span class='ocrx_word' id='word_1_297' title='bbox 1165 2095 1445 2163; x_wconf 74' lang='grc' dir='ltr'><strong>συμφορῶν</strong></span> <span class='ocrx_word' id='word_1_298' title='bbox 1505 2086 1739 2156; x_wconf 77' lang='grc' dir='ltr'><strong>ὑπάρχει</strong></span> <span class='ocrx_word' id='word_1_299' title='bbox 1794 2081 1853 2131; x_wconf 83' lang='grc' dir='ltr'>τό</span> 
     </span>
    </p>
   </div>
   <div class='ocr_carea' id='block_1_40' title="bbox 229 2169 1854 2254">
    <p class='ocr_par' dir='ltr' id='par_1_40' title="bbox 229 2169 1854 2254">
     <span class='ocr_line' id='line_1_40' title="bbox 229 2169 1854 2254; baseline -0.009 -19"><span class='ocrx_word' id='word_1_300' title='bbox 229 2181 535 2254; x_wconf 67' lang='grc' dir='ltr'><strong>κεφάλαιον,</strong></span> <span class='ocrx_word' id='word_1_301' title='bbox 578 2182 784 2233; x_wconf 85' lang='grc' dir='ltr'><strong>πάντων</strong></span> <span class='ocrx_word' id='word_1_302' title='bbox 824 2181 1055 2233; x_wconf 79' lang='grc' dir='ltr'><strong>θανάτων</strong></span> <span class='ocrx_word' id='word_1_303' title='bbox 1119 2180 1511 2252; x_wconf 75' lang='grc' dir='ltr'><strong>μοχθηρότερον</strong></span> <span class='ocrx_word' id='word_1_304' title='bbox 1572 2172 1713 2233; x_wconf 76' lang='grc' dir='ltr'><strong>τέλος</strong></span> <span class='ocrx_word' id='word_1_305' title='bbox 1769 2169 1854 2222; x_wconf 81' lang='grc' dir='ltr'>οὗ-</span> 
     </span>
    </p>
   </div>
   <div class='ocr_carea' id='block_1_41' title="bbox 228 2260 1855 2342">
    <p class='ocr_par' dir='ltr' id='par_1_41' title="bbox 228 2260 1855 2342">
     <span class='ocr_line' id='line_1_41' title="bbox 228 2260 1855 2342; baseline -0.015 -8"><span class='ocrx_word' id='word_1_306' title='bbox 228 2290 341 2333; x_wconf 64' lang='grc' dir='ltr'><strong>τας.</strong></span> <span class='ocrx_word' id='word_1_307' title='bbox 383 2270 512 2323; x_wconf 79' lang='grc' dir='ltr'>Ἐπὶ</span> <span class='ocrx_word' id='word_1_308' title='bbox 710 2271 814 2342; x_wconf 73' lang='grc' dir='ltr'>γὰρ</span> <span class='ocrx_word' id='word_1_309' title='bbox 871 2276 971 2320; x_wconf 84' lang='grc' dir='ltr'><strong>τῶν</strong></span> <span class='ocrx_word' id='word_1_310' title='bbox 1036 2267 1199 2320; x_wconf 78' lang='grc' dir='ltr'><strong>ἄλλων</strong></span> <span class='ocrx_word' id='word_1_311' title='bbox 1254 2262 1531 2334; x_wconf 69' lang='grc' dir='ltr'><strong>κινδύνων,</strong></span> <span class='ocrx_word' id='word_1_312' title='bbox 1586 2262 1617 2321; x_wconf 81' lang='grc' dir='ltr'><strong>ἣ</strong></span> <span class='ocrx_word' id='word_1_313' title='bbox 1679 2260 1855 2332; x_wconf 73' lang='grc' dir='ltr'><strong>ξίφους</strong></span> 
     </span>
    </p>
   </div>
   <div class='ocr_carea' id='block_1_42' title="bbox 227 2346 1854 2439">
    <p class='ocr_par' dir='ltr' id='par_1_42' title="bbox 227 2346 1854 2439">
     <span class='ocr_line' id='line_1_42' title="bbox 227 2346 1854 2439; baseline -0.006 -27"><span class='ocrx_word' id='word_1_314' title='bbox 412 2364 515 2439; x_wconf 69' lang='grc' dir='ltr'><strong>τὴν</strong></span> <span class='ocrx_word' id='word_1_315' title='bbox 553 2357 797 2417; x_wconf 74' lang='grc' dir='ltr'><strong>τελευτὴν</strong></span> <span class='ocrx_word' id='word_1_316' title='bbox 837 2356 992 2420; x_wconf 79' lang='grc' dir='ltr'><strong>ὀξέως</strong></span> <span class='ocrx_word' id='word_1_317' title='bbox 1031 2356 1326 2430; x_wconf 68' lang='grc' dir='ltr'><strong>ἐφίστησιν,</strong></span> <span class='ocrx_word' id='word_1_318' title='bbox 1367 2356 1397 2415; x_wconf 74' lang='grc' dir='ltr'><strong>ᾖ</strong></span> <span class='ocrx_word' id='word_1_319' title='bbox 1424 2355 1590 2429; x_wconf 83' lang='grc' dir='ltr'><strong>πυρὸς</strong></span> <span class='ocrx_word' id='word_1_320' title='bbox 1617 2351 1751 2425; x_wconf 80' lang='grc' dir='ltr'>ὀρμή</span> <span class='ocrx_word' id='word_1_321' title='bbox 1773 2346 1854 2418; x_wconf 85' lang='grc'>(6)</span> 
     </span>
    </p>
   </div>
   <div class='ocr_carea' id='block_1_43' title="bbox 228 2435 1855 2520">
    <p class='ocr_par' dir='ltr' id='par_1_43' title="bbox 228 2435 1855 2520">
     <span class='ocr_line' id='line_1_43' title="bbox 228 2435 1855 2520; baseline -0.008 -19"><span class='ocrx_word' id='word_1_322' title='bbox 228 2435 516 2520; x_wconf 73' lang='grc' dir='ltr'><strong>συντόμως</strong></span> <span class='ocrx_word' id='word_1_323' title='bbox 556 2446 616 2500; x_wconf 85' lang='grc' dir='ltr'>τό</span> <span class='ocrx_word' id='word_1_324' title='bbox 656 2446 754 2519; x_wconf 72' lang='grc' dir='ltr'>ζῇν</span> <span class='ocrx_word' id='word_1_325' title='bbox 793 2444 1189 2512; x_wconf 78' lang='grc' dir='ltr'><strong>ἀποσϐέννυσιν,</strong></span> <span class='ocrx_word' id='word_1_326' title='bbox 1222 2446 1251 2505; x_wconf 80' lang='grc' dir='ltr'><strong>ἣ</strong></span> <span class='ocrx_word' id='word_1_327' title='bbox 1297 2446 1475 2519; x_wconf 86' lang='grc' dir='ltr'><strong>θηρία,</strong></span> <span class='ocrx_word' id='word_1_328' title='bbox 1516 2447 1626 2503; x_wconf 90' lang='grc' dir='ltr'><strong>τοῖς</strong></span> <span class='ocrx_word' id='word_1_329' title='bbox 1664 2435 1855 2491; x_wconf 67' lang='grc' dir='ltr'><strong>ὀδοῦσι</strong></span> 
     </span>
    </p>
   </div>
   <div class='ocr_carea' id='block_1_44' title="bbox 229 2527 1859 2611">
    <p class='ocr_par' dir='ltr' id='par_1_44' title="bbox 229 2527 1859 2611">
     <span class='ocr_line' id='line_1_44' title="bbox 229 2527 1859 2611; baseline -0.007 -21"><span class='ocrx_word' id='word_1_330' title='bbox 229 2534 693 2611; x_wconf 65' lang='grc' dir='ltr'><strong>διασπαράξω-τα</strong></span> <span class='ocrx_word' id='word_1_331' title='bbox 730 2527 833 2589; x_wconf 75' lang='grc' dir='ltr'><strong>ὅσα</strong></span> <span class='ocrx_word' id='word_1_332' title='bbox 869 2541 1052 2610; x_wconf 86' lang='grc' dir='ltr'><strong>καίρια</strong></span> <span class='ocrx_word' id='word_1_333' title='bbox 1089 2543 1190 2588; x_wconf 87' lang='grc' dir='ltr'>τῶν</span> <span class='ocrx_word' id='word_1_334' title='bbox 1228 2533 1412 2607; x_wconf 83' lang='grc' dir='ltr'><strong>μελῶν,</strong></span> <span class='ocrx_word' id='word_1_335' title='bbox 1462 2530 1522 2584; x_wconf 73' lang='grc' dir='ltr'><strong>οὐ</strong></span> <span class='ocrx_word' id='word_1_336' title='bbox 1581 2533 1859 2601; x_wconf 72' lang='grc' dir='ltr'><strong>συγχωρεῖ</strong></span> 
     </span>
    </p>
   </div>
   <div class='ocr_carea' id='block_1_45' title="bbox 228 2615 1854 2701">
    <p class='ocr_par' dir='ltr' id='par_1_45' title="bbox 228 2615 1854 2701">
     <span class='ocr_line' id='line_1_45' title="bbox 228 2615 1854 2701; baseline -0.009 -20"><span class='ocrx_word' id='word_1_337' title='bbox 228 2635 297 2699; x_wconf 69' lang='grc' dir='ltr'><strong>τῇ</strong></span> <span class='ocrx_word' id='word_1_338' title='bbox 338 2626 587 2701; x_wconf 78' lang='grc' dir='ltr'><strong>παρολκῇ</strong></span> <span class='ocrx_word' id='word_1_339' title='bbox 629 2633 728 2686; x_wconf 78' lang='grc' dir='ltr'><strong>τῆς</strong></span> <span class='ocrx_word' id='word_1_340' title='bbox 754 2621 949 2687; x_wconf 77' lang='grc' dir='ltr'>ὀδύνης</span> <span class='ocrx_word' id='word_1_341' title='bbox 987 2625 1373 2699; x_wconf 76' lang='grc' dir='ltr'><strong>τιμωρηθῆναι.</strong></span> <span class='ocrx_word' id='word_1_342' title='bbox 1410 2623 1579 2695; x_wconf 80' lang='grc' dir='ltr'><strong>Λιμὸς</strong></span> <span class='ocrx_word' id='word_1_343' title='bbox 1611 2615 1669 2672; x_wconf 72' lang='grc' dir='ltr'><strong>δε</strong></span> <span class='ocrx_word' id='word_1_344' title='bbox 1695 2616 1854 2693; x_wconf 74' lang='grc' dir='ltr'><strong>ἀργὸν</strong></span> 
     </span>
    </p>
   </div>
   <div class='ocr_carea' id='block_1_46' title="bbox 227 2706 1855 2790">
    <p class='ocr_par' dir='ltr' id='par_1_46' title="bbox 227 2706 1855 2790">
     <span class='ocr_line' id='line_1_46' title="bbox 227 2706 1855 2790; baseline -0.007 -21"><span class='ocrx_word' id='word_1_345' title='bbox 227 2718 355 2788; x_wconf 70' lang='grc' dir='ltr'><strong>ἔχει</strong></span> <span class='ocrx_word' id='word_1_346' title='bbox 393 2719 458 2768; x_wconf 82' lang='grc' dir='ltr'><strong>τὸ</strong></span> <span class='ocrx_word' id='word_1_347' title='bbox 497 2719 684 2781; x_wconf 81' lang='grc' dir='ltr'><strong>κακὸν,</strong></span> <span class='ocrx_word' id='word_1_348' title='bbox 723 2713 1088 2790; x_wconf 73' lang='grc' dir='ltr'><strong>παρέλκουσαν</strong></span> <span class='ocrx_word' id='word_1_349' title='bbox 1124 2718 1220 2772; x_wconf 74' lang='grc' dir='ltr'><strong>τὴν</strong></span> <span class='ocrx_word' id='word_1_350' title='bbox 1279 2707 1566 2784; x_wconf 74' lang='grc' dir='ltr'><strong>ἀλγηδόνα,</strong></span> <span class='ocrx_word' id='word_1_351' title='bbox 1630 2706 1855 2779; x_wconf 71' lang='grc' dir='ltr'><strong>ἐγκαθη-</strong></span> 
     </span>
    </p>
   </div>
   <div class='ocr_carea' id='block_1_47' title="bbox 228 2796 1855 2878">
    <p class='ocr_par' dir='ltr' id='par_1_47' title="bbox 228 2796 1855 2878">
     <span class='ocr_line' id='line_1_47' title="bbox 228 2796 1855 2878; baseline -0.006 -20"><span class='ocrx_word' id='word_1_352' title='bbox 228 2808 396 2878; x_wconf 72' lang='grc' dir='ltr'><strong>μένην</strong></span> <span class='ocrx_word' id='word_1_353' title='bbox 596 2809 752 2857; x_wconf 86' lang='grc' dir='ltr'><strong>νόσον</strong></span> <span class='ocrx_word' id='word_1_354' title='bbox 813 2806 903 2856; x_wconf 77' lang='grc' dir='ltr'>καὶ</span> <span class='ocrx_word' id='word_1_355' title='bbox 981 2801 1397 2876; x_wconf 71' lang='grc' dir='ltr'><strong>ίμφωλεύουσαν,</strong></span> <span class='ocrx_word' id='word_1_356' title='bbox 1477 2800 1692 2853; x_wconf 85' lang='grc' dir='ltr'><strong>θάνατον</strong></span> <span class='ocrx_word' id='word_1_357' title='bbox 1771 2796 1855 2850; x_wconf 83' lang='grc' dir='ltr'>ἀεὶ</span> 
     </span>
    </p>
   </div>
   <div class='ocr_carea' id='block_1_48' title="bbox 230 2888 1855 2969">
    <p class='ocr_par' dir='ltr' id='par_1_48' title="bbox 230 2888 1855 2969">
     <span class='ocr_line' id='line_1_48' title="bbox 230 2888 1855 2969; baseline -0.004 -23"><span class='ocrx_word' id='word_1_358' title='bbox 230 2898 500 2969; x_wconf 77' lang='grc' dir='ltr'><strong>παρόντα,</strong></span> <span class='ocrx_word' id='word_1_359' title='bbox 544 2898 637 2945; x_wconf 81' lang='grc' dir='ltr'><strong>καὶ</strong></span> <span class='ocrx_word' id='word_1_360' title='bbox 676 2891 757 2946; x_wconf 75' lang='grc' dir='ltr'><strong>ἀεὶ</strong></span> <span class='ocrx_word' id='word_1_361' title='bbox 807 2888 1159 2967; x_wconf 77' lang='grc' dir='ltr'><strong>βραδύνοντα.</strong></span> <span class='ocrx_word' id='word_1_362' title='bbox 1216 2894 1287 2944; x_wconf 85' lang='grc' dir='ltr'>Τὸ</span> <span class='ocrx_word' id='word_1_363' title='bbox 1351 2892 1451 2964; x_wconf 75' lang='grc' dir='ltr'>γὰρ</span> <span class='ocrx_word' id='word_1_364' title='bbox 1511 2891 1646 2941; x_wconf 85' lang='grc' dir='ltr'>κατά</span> <span class='ocrx_word' id='word_1_365' title='bbox 1701 2890 1855 2960; x_wconf 73' lang='grc' dir='ltr'><strong>φύσιν</strong></span> 
     </span>
    </p>
   </div>
   <div class='ocr_carea' id='block_1_49' title="bbox 230 2978 1856 3058">
    <p class='ocr_par' dir='ltr' id='par_1_49' title="bbox 230 2978 1856 3058">
     <span class='ocr_line' id='line_1_49' title="bbox 230 2978 1856 3058; baseline -0.004 -22"><span class='ocrx_word' id='word_1_366' title='bbox 230 2985 400 3058; x_wconf 75' lang='grc' dir='ltr'><strong>ὑγρὸν</strong></span> <span class='ocrx_word' id='word_1_367' title='bbox 440 2978 760 3053; x_wconf 74' lang='grc' dir='ltr'><strong>ἕκδαπανᾴ·</strong></span> <span class='ocrx_word' id='word_1_368' title='bbox 823 2984 883 3034; x_wconf 81' lang='grc' dir='ltr'>τό</span> <span class='ocrx_word' id='word_1_369' title='bbox 924 2983 1108 3055; x_wconf 84' lang='grc' dir='ltr'><strong>θερμὸν</strong></span> <span class='ocrx_word' id='word_1_370' title='bbox 1151 2979 1458 3051; x_wconf 77' lang='grc' dir='ltr'><strong>καταψύχει</strong></span> <span class='ocrx_word' id='word_1_371' title='bbox 1482 2999 1495 3013; x_wconf 92' lang='grc'><strong>·</strong></span> <span class='ocrx_word' id='word_1_372' title='bbox 1553 2980 1640 3030; x_wconf 89' lang='grc' dir='ltr'><strong>τὸν</strong></span> <span class='ocrx_word' id='word_1_373' title='bbox 1705 2980 1856 3050; x_wconf 69' lang='grc' dir='ltr'><strong>ὄγκον</strong></span> 
     </span>
    </p>
   </div>
   <div class='ocr_carea' id='block_1_50' title="bbox 234 3065 1855 3143">
    <p class='ocr_par' dir='ltr' id='par_1_50' title="bbox 234 3065 1855 3143">
     <span class='ocr_line' id='line_1_50' title="bbox 234 3065 1855 3143; baseline -0.005 -18"><span class='ocrx_word' id='word_1_374' title='bbox 234 3071 521 3125; x_wconf 74' lang='grc' dir='ltr'><strong>συστέλλει</strong></span> <span class='ocrx_word' id='word_1_375' title='bbox 548 3091 562 3104; x_wconf 90' lang='grc'><strong>·</strong></span> <span class='ocrx_word' id='word_1_376' title='bbox 624 3074 721 3129; x_wconf 77' lang='grc' dir='ltr'>τήν</span> <span class='ocrx_word' id='word_1_377' title='bbox 797 3066 1020 3143; x_wconf 74' lang='grc' dir='ltr'><strong>δύναμιν</strong></span> <span class='ocrx_word' id='word_1_378' title='bbox 1083 3069 1200 3123; x_wconf 86' lang='grc' dir='ltr'><strong>κατ’</strong></span> <span class='ocrx_word' id='word_1_379' title='bbox 1257 3068 1428 3140; x_wconf 77' lang='grc' dir='ltr'><strong>ὀλίγον</strong></span> <span class='ocrx_word' id='word_1_380' title='bbox 1492 3065 1855 3141; x_wconf 77' lang='grc' dir='ltr'><strong>ἀπομαραίνει.</strong></span> 
     </span>
    </p>
   </div>
   <div class='ocr_carea' id='block_1_51' title="bbox 230 3154 1857 3235">
    <p class='ocr_par' dir='ltr' id='par_1_51' title="bbox 230 3154 1857 3235">
     <span class='ocr_line' id='line_1_51' title="bbox 230 3154 1857 3235; baseline -0.005 -20"><span class='ocrx_word' id='word_1_381' title='bbox 230 3161 292 3215; x_wconf 77' lang='grc' dir='ltr'>Ἠ</span> <span class='ocrx_word' id='word_1_382' title='bbox 355 3160 502 3235; x_wconf 75' lang='grc' dir='ltr'><strong>σὰρξ</strong></span> <span class='ocrx_word' id='word_1_383' title='bbox 570 3163 643 3221; x_wconf 72' lang='grc' dir='ltr'><strong>ὣς</strong></span> <span class='ocrx_word' id='word_1_384' title='bbox 699 3157 955 3233; x_wconf 81' lang='grc' dir='ltr'><strong>ἁράχνιον</strong></span> <span class='ocrx_word' id='word_1_385' title='bbox 1010 3166 1128 3221; x_wconf 74' lang='grc' dir='ltr'><strong>τοῖς</strong></span> <span class='ocrx_word' id='word_1_386' title='bbox 1184 3157 1387 3219; x_wconf 85' lang='grc' dir='ltr'><strong>ὀστίοις</strong></span> <span class='ocrx_word' id='word_1_387' title='bbox 1434 3160 1740 3231; x_wconf 83' lang='grc' dir='ltr'><strong>περίκειται.</strong></span> <span class='ocrx_word' id='word_1_388' title='bbox 1799 3154 1857 3207; x_wconf 68' lang='grc' dir='ltr'><strong><em>Ὀ</em></strong></span> 
     </span>
    </p>
   </div>
   <div class='ocr_carea' id='block_1_52' title="bbox 2030 1978 3621 2053">
    <p class='ocr_par' dir='ltr' id='par_1_52' title="bbox 2030 1978 3621 2053">
     <span class='ocr_line' id='line_1_52' title="bbox 2030 1978 3621 2053; baseline -0.007 -6"><span class='ocrx_word' id='word_1_389' title='bbox 2030 1997 2083 2046; x_wconf 90' lang='lat'>7.</span> <span class='ocrx_word' id='word_1_390' title='bbox 2128 1988 2455 2047; x_wconf 86' lang='lat' dir='ltr'>Esurientis</span> <span class='ocrx_word' id='word_1_391' title='bbox 2519 1986 2793 2053; x_wconf 90' lang='lat' dir='ltr'>morbus,</span> <span class='ocrx_word' id='word_1_392' title='bbox 2840 1984 3037 2041; x_wconf 85' lang='lat' dir='ltr'>fames</span> <span class='ocrx_word' id='word_1_393' title='bbox 3081 1980 3326 2050; x_wconf 90' lang='lat' dir='ltr'>scilicet,</span> <span class='ocrx_word' id='word_1_394' title='bbox 3373 1978 3621 2036; x_wconf 87' lang='lat' dir='ltr'>misera-</span> 
     </span>
    </p>
   </div>
   <div class='ocr_carea' id='block_1_53' title="bbox 1959 2071 3622 2146">
    <p class='ocr_par' dir='ltr' id='par_1_53' title="bbox 1959 2071 3622 2146">
     <span class='ocr_line' id='line_1_53' title="bbox 1959 2071 3622 2146; baseline -0.008 -9"><span class='ocrx_word' id='word_1_395' title='bbox 1959 2080 2096 2137; x_wconf 88' lang='lat' dir='ltr'>bilis</span> <span class='ocrx_word' id='word_1_396' title='bbox 2126 2080 2363 2137; x_wconf 80' lang='lat' dir='ltr'>attectio</span> <span class='ocrx_word' id='word_1_397' title='bbox 2393 2082 2506 2146; x_wconf 74' lang='lat' dir='ltr'>est,</span> <span class='ocrx_word' id='word_1_398' title='bbox 2546 2080 2960 2134; x_wconf 88' lang='lat' dir='ltr'>Humanarum</span> <span class='ocrx_word' id='word_1_399' title='bbox 2991 2071 3408 2129; x_wconf 86' lang='lat' dir='ltr'>calamitatum</span> <span class='ocrx_word' id='word_1_400' title='bbox 3438 2071 3622 2141; x_wconf 90' lang='lat' dir='ltr'>caput</span> 
     </span>
    </p>
   </div>
   <div class='ocr_carea' id='block_1_54' title="bbox 1960 2156 3621 2226">
    <p class='ocr_par' dir='ltr' id='par_1_54' title="bbox 1960 2156 3621 2226">
     <span class='ocr_line' id='line_1_54' title="bbox 1960 2156 3621 2226; baseline -0.008 0"><span class='ocrx_word' id='word_1_401' title='bbox 1960 2174 2051 2226; x_wconf 91' lang='lat' dir='ltr'>est</span> <span class='ocrx_word' id='word_1_402' title='bbox 2103 2169 2316 2226; x_wconf 82' lang='lat' dir='ltr'>fames.</span> <span class='ocrx_word' id='word_1_403' title='bbox 2369 2170 2520 2226; x_wconf 78' lang='lat' dir='ltr'>Mors</span> <span class='ocrx_word' id='word_1_404' title='bbox 2567 2164 2844 2221; x_wconf 90' lang='lat' dir='ltr'>omnium</span> <span class='ocrx_word' id='word_1_405' title='bbox 2897 2161 3237 2217; x_wconf 89' lang='lat' dir='ltr'>miserrima</span> <span class='ocrx_word' id='word_1_406' title='bbox 3282 2162 3394 2225; x_wconf 90' lang='lat' dir='ltr'>est,</span> <span class='ocrx_word' id='word_1_407' title='bbox 3432 2156 3621 2212; x_wconf 77' lang='lat' dir='ltr'>ﬁnem</span> 
     </span>
    </p>
   </div>
   <div class='ocr_carea' id='block_1_55' title="bbox 1960 2244 3623 2324">
    <p class='ocr_par' dir='ltr' id='par_1_55' title="bbox 1960 2244 3623 2324">
     <span class='ocr_line' id='line_1_55' title="bbox 1960 2244 3623 2324; baseline -0.01 -7"><span class='ocrx_word' id='word_1_408' title='bbox 1960 2259 2124 2317; x_wconf 91' lang='lat' dir='ltr'>hunc</span> <span class='ocrx_word' id='word_1_409' title='bbox 2150 2256 2371 2315; x_wconf 90' lang='lat' dir='ltr'>sortiri.</span> <span class='ocrx_word' id='word_1_410' title='bbox 2411 2258 2563 2313; x_wconf 87' lang='lat' dir='ltr'>Nam</span> <span class='ocrx_word' id='word_1_411' title='bbox 2617 2254 2680 2310; x_wconf 91' lang='lat' dir='ltr'>in</span> <span class='ocrx_word' id='word_1_412' title='bbox 2737 2251 2869 2308; x_wconf 88' lang='lat' dir='ltr'>aliis</span> <span class='ocrx_word' id='word_1_413' title='bbox 2914 2248 3220 2324; x_wconf 89' lang='lat' dir='ltr'>periculis,</span> <span class='ocrx_word' id='word_1_414' title='bbox 3279 2251 3385 2304; x_wconf 90' lang='lat' dir='ltr'>aut</span> <span class='ocrx_word' id='word_1_415' title='bbox 3435 2244 3623 2316; x_wconf 78' lang='lat' dir='ltr'>gladii</span> 
     </span>
    </p>
   </div>
   <div class='ocr_carea' id='block_1_56' title="bbox 1962 2335 3622 2406">
    <p class='ocr_par' dir='ltr' id='par_1_56' title="bbox 1962 2335 3622 2406">
     <span class='ocr_line' id='line_1_56' title="bbox 1962 2335 3622 2406; baseline -0.01 -2"><span class='ocrx_word' id='word_1_416' title='bbox 1962 2347 2122 2404; x_wconf 86' lang='lat' dir='ltr'>acies</span> <span class='ocrx_word' id='word_1_417' title='bbox 2162 2345 2279 2402; x_wconf 91' lang='lat' dir='ltr'>cito</span> <span class='ocrx_word' id='word_1_418' title='bbox 2334 2343 2631 2401; x_wconf 88' lang='lat' dir='ltr'>accelerat</span> <span class='ocrx_word' id='word_1_419' title='bbox 2672 2345 2952 2406; x_wconf 91' lang='lat' dir='ltr'>mortem,</span> <span class='ocrx_word' id='word_1_420' title='bbox 3002 2341 3109 2394; x_wconf 91' lang='lat' dir='ltr'>aut</span> <span class='ocrx_word' id='word_1_421' title='bbox 3153 2335 3311 2406; x_wconf 80' lang='lat' dir='ltr'>ignis</span> <span class='ocrx_word' id='word_1_422' title='bbox 3356 2335 3622 2406; x_wconf 84' lang='lat' dir='ltr'>impetus</span> 
     </span>
    </p>
   </div>
   <div class='ocr_carea' id='block_1_57' title="bbox 1961 2424 3623 2502">
    <p class='ocr_par' dir='ltr' id='par_1_57' title="bbox 1961 2424 3623 2502">
     <span class='ocr_line' id='line_1_57' title="bbox 1961 2424 3623 2502; baseline -0.01 -9"><span class='ocrx_word' id='word_1_423' title='bbox 1961 2436 2129 2494; x_wconf 88' lang='lat' dir='ltr'>brevi</span> <span class='ocrx_word' id='word_1_424' title='bbox 2156 2434 2344 2492; x_wconf 87' lang='lat' dir='ltr'>vitam</span> <span class='ocrx_word' id='word_1_425' title='bbox 2364 2431 2710 2502; x_wconf 84' lang='lat' dir='ltr'>exstinguit,</span> <span class='ocrx_word' id='word_1_426' title='bbox 2732 2433 2840 2487; x_wconf 90' lang='lat' dir='ltr'>aut</span> <span class='ocrx_word' id='word_1_427' title='bbox 2866 2426 3075 2484; x_wconf 67' lang='lat' dir='ltr'>bestiae</span> <span class='ocrx_word' id='word_1_428' title='bbox 3103 2424 3413 2499; x_wconf 70' lang='lat' dir='ltr'>prmcipua</span> <span class='ocrx_word' id='word_1_429' title='bbox 3433 2437 3623 2478; x_wconf 91' lang='lat' dir='ltr'>mem-</span> 
     </span>
    </p>
   </div>
   <div class='ocr_carea' id='block_1_58' title="bbox 1964 2509 3623 2588">
    <p class='ocr_par' dir='ltr' id='par_1_58' title="bbox 1964 2509 3623 2588">
     <span class='ocr_line' id='line_1_58' title="bbox 1964 2509 3623 2588; baseline -0.011 -6"><span class='ocrx_word' id='word_1_430' title='bbox 1964 2525 2078 2583; x_wconf 90' lang='lat' dir='ltr'>bra</span> <span class='ocrx_word' id='word_1_431' title='bbox 2106 2523 2393 2582; x_wconf 89' lang='lat' dir='ltr'>dentibus</span> <span class='ocrx_word' id='word_1_432' title='bbox 2423 2520 2810 2588; x_wconf 88' lang='lat' dir='ltr'>dilaniantes,</span> <span class='ocrx_word' id='word_1_433' title='bbox 2841 2532 2956 2573; x_wconf 92' lang='lat' dir='ltr'>nos</span> <span class='ocrx_word' id='word_1_434' title='bbox 2996 2530 3123 2572; x_wconf 92' lang='lat' dir='ltr'>non</span> <span class='ocrx_word' id='word_1_435' title='bbox 3168 2513 3376 2569; x_wconf 87' lang='lat' dir='ltr'>sinunt</span> <span class='ocrx_word' id='word_1_436' title='bbox 3415 2509 3623 2566; x_wconf 89' lang='lat' dir='ltr'>dolore</span> 
     </span>
    </p>
   </div>
   <div class='ocr_carea' id='block_1_59' title="bbox 1964 2597 3624 2687">
    <p class='ocr_par' dir='ltr' id='par_1_59' title="bbox 1964 2597 3624 2687">
     <span class='ocr_line' id='line_1_59' title="bbox 1964 2597 3624 2687; baseline -0.012 -15"><span class='ocrx_word' id='word_1_437' title='bbox 1964 2615 2070 2671; x_wconf 91' lang='lat' dir='ltr'>diu</span> <span class='ocrx_word' id='word_1_438' title='bbox 2092 2615 2397 2687; x_wconf 88' lang='lat' dir='ltr'>protracto</span> <span class='ocrx_word' id='word_1_439' title='bbox 2422 2608 2644 2683; x_wconf 85' lang='lat' dir='ltr'>puniri.</span> <span class='ocrx_word' id='word_1_440' title='bbox 2667 2610 2879 2665; x_wconf 86' lang='lat' dir='ltr'>Fames</span> <span class='ocrx_word' id='word_1_441' title='bbox 2900 2620 3043 2661; x_wconf 88' lang='lat' dir='ltr'>vero</span> <span class='ocrx_word' id='word_1_442' title='bbox 3065 2601 3238 2659; x_wconf 71' lang='lat' dir='ltr'>affert</span> <span class='ocrx_word' id='word_1_443' title='bbox 3257 2597 3624 2672; x_wconf 86' lang='lat' dir='ltr'>supplicium</span> 
     </span>
    </p>
   </div>
   <div class='ocr_carea' id='block_1_60' title="bbox 1962 2687 3625 2773">
    <p class='ocr_par' dir='ltr' id='par_1_60' title="bbox 1962 2687 3625 2773">
     <span class='ocr_line' id='line_1_60' title="bbox 1962 2687 3625 2773; baseline -0.013 -11"><span class='ocrx_word' id='word_1_444' title='bbox 1962 2702 2520 2773; x_wconf 77' lang='lat' dir='ltr'>lentum,‘dolorem</span> <span class='ocrx_word' id='word_1_445' title='bbox 2546 2699 2817 2770; x_wconf 91' lang='lat' dir='ltr'>longum,</span> <span class='ocrx_word' id='word_1_446' title='bbox 2858 2693 3145 2752; x_wconf 89' lang='lat' dir='ltr'>morbum</span> <span class='ocrx_word' id='word_1_447' title='bbox 3170 2691 3335 2747; x_wconf 90' lang='lat' dir='ltr'>intus</span> <span class='ocrx_word' id='word_1_448' title='bbox 3353 2687 3625 2745; x_wconf 88' lang='lat' dir='ltr'>insiden-</span> 
     </span>
    </p>
   </div>
   <div class='ocr_carea' id='block_1_61' title="bbox 1966 2779 3627 2855">
    <p class='ocr_par' dir='ltr' id='par_1_61' title="bbox 1966 2779 3627 2855">
     <span class='ocr_line' id='line_1_61' title="bbox 1966 2779 3627 2855; baseline -0.013 -4"><span class='ocrx_word' id='word_1_449' title='bbox 1966 2798 2089 2851; x_wconf 90' lang='lat' dir='ltr'>tem</span> <span class='ocrx_word' id='word_1_450' title='bbox 2117 2808 2189 2850; x_wconf 90' lang='lat' dir='ltr'>ac</span> <span class='ocrx_word' id='word_1_451' title='bbox 2212 2790 2681 2855; x_wconf 88' lang='lat' dir='ltr'>delitescentem,</span> <span class='ocrx_word' id='word_1_452' title='bbox 2713 2789 2973 2843; x_wconf 91' lang='lat' dir='ltr'>mortem</span> <span class='ocrx_word' id='word_1_453' title='bbox 3000 2796 3239 2855; x_wconf 90' lang='lat' dir='ltr'>semper</span> <span class='ocrx_word' id='word_1_454' title='bbox 3267 2779 3627 2852; x_wconf 66' lang='lat' dir='ltr'>praesentem</span> 
     </span>
    </p>
   </div>
   <div class='ocr_carea' id='block_1_62' title="bbox 1967 2861 3628 2950">
    <p class='ocr_par' dir='ltr' id='par_1_62' title="bbox 1967 2861 3628 2950">
     <span class='ocr_line' id='line_1_62' title="bbox 1967 2861 3628 2950; baseline -0.012 -14"><span class='ocrx_word' id='word_1_455' title='bbox 1967 2883 2026 2936; x_wconf 92' lang='lat' dir='ltr'>et</span> <span class='ocrx_word' id='word_1_456' title='bbox 2051 2892 2292 2950; x_wconf 87' lang='lat' dir='ltr'>semper</span> <span class='ocrx_word' id='word_1_457' title='bbox 2318 2873 2681 2932; x_wconf 88' lang='lat' dir='ltr'>tardantem.</span> <span class='ocrx_word' id='word_1_458' title='bbox 2712 2867 3059 2928; x_wconf 87' lang='lat' dir='ltr'>Naturalem</span> <span class='ocrx_word' id='word_1_459' title='bbox 3099 2879 3368 2937; x_wconf 89' lang='lat' dir='ltr'>namque</span> <span class='ocrx_word' id='word_1_460' title='bbox 3406 2861 3628 2950; x_wconf 89' lang='lat' dir='ltr'>humo-</span> 
     </span>
    </p>
   </div>
   <div class='ocr_carea' id='block_1_63' title="bbox 1966 2949 3628 3033">
    <p class='ocr_par' dir='ltr' id='par_1_63' title="bbox 1966 2949 3628 3033">
     <span class='ocr_line' id='line_1_63' title="bbox 1966 2949 3628 3033; baseline -0.011 -9"><span class='ocrx_word' id='word_1_461' title='bbox 1966 2984 2096 3026; x_wconf 88' lang='lat' dir='ltr'>rem</span> <span class='ocrx_word' id='word_1_462' title='bbox 2126 2949 2412 3031; x_wconf 84' lang='lat' dir='ltr'>absumit,</span> <span class='ocrx_word' id='word_1_463' title='bbox 2442 2962 2755 3033; x_wconf 78' lang='lat' dir='ltr'>refrigerat</span> <span class='ocrx_word' id='word_1_464' title='bbox 2783 2958 3071 3026; x_wconf 89' lang='lat' dir='ltr'>calorem,</span> <span class='ocrx_word' id='word_1_465' title='bbox 3101 2954 3328 3013; x_wconf 92' lang='lat' dir='ltr'>molem</span> <span class='ocrx_word' id='word_1_466' title='bbox 3357 2949 3628 3023; x_wconf 90' lang='lat' dir='ltr'>corporis</span> 
     </span>
    </p>
   </div>
   <div class='ocr_carea' id='block_1_64' title="bbox 1967 3039 3632 3127">
    <p class='ocr_par' dir='ltr' id='par_1_64' title="bbox 1967 3039 3632 3127">
     <span class='ocr_line' id='line_1_64' title="bbox 1967 3039 3632 3127; baseline -0.013 -11"><span class='ocrx_word' id='word_1_467' title='bbox 1967 3055 2287 3127; x_wconf 86' lang='lat' dir='ltr'>contrahit,</span> <span class='ocrx_word' id='word_1_468' title='bbox 2316 3054 2473 3110; x_wconf 85' lang='lat' dir='ltr'>vires</span> <span class='ocrx_word' id='word_1_469' title='bbox 2502 3049 2794 3126; x_wconf 85' lang='lat' dir='ltr'>paulatim</span> <span class='ocrx_word' id='word_1_470' title='bbox 2822 3046 3040 3105; x_wconf 90' lang='lat' dir='ltr'>exedit.</span> <span class='ocrx_word' id='word_1_471' title='bbox 3072 3047 3222 3103; x_wconf 90' lang='lat' dir='ltr'>Caro</span> <span class='ocrx_word' id='word_1_472' title='bbox 3261 3057 3501 3099; x_wconf 82' lang='lat' dir='ltr'>araneae</span> <span class='ocrx_word' id='word_1_473' title='bbox 3542 3039 3632 3096; x_wconf 83' lang='lat' dir='ltr'>in-</span> 
     </span>
    </p>
   </div>
   <div class='ocr_carea' id='block_1_65' title="bbox 1969 3129 3621 3214">
    <p class='ocr_par' dir='ltr' id='par_1_65' title="bbox 1969 3129 3621 3214">
     <span class='ocr_line' id='line_1_65' title="bbox 1969 3129 3621 3214; baseline -0.011 -10"><span class='ocrx_word' id='word_1_474' title='bbox 1969 3152 2093 3205; x_wconf 86' lang='lat' dir='ltr'>star</span> <span class='ocrx_word' id='word_1_475' title='bbox 2124 3142 2511 3214; x_wconf 77' lang='lat' dir='ltr'>circumjecet</span> <span class='ocrx_word' id='word_1_476' title='bbox 2552 3137 2815 3196; x_wconf 90' lang='lat' dir='ltr'>ossibus.</span> <span class='ocrx_word' id='word_1_477' title='bbox 2859 3139 2990 3192; x_wconf 88' lang='lat' dir='ltr'>Non</span> <span class='ocrx_word' id='word_1_478' title='bbox 3017 3133 3131 3189; x_wconf 89' lang='lat' dir='ltr'>ﬂos</span> <span class='ocrx_word' id='word_1_479' title='bbox 3159 3131 3315 3188; x_wconf 89' lang='lat' dir='ltr'>inest</span> <span class='ocrx_word' id='word_1_480' title='bbox 3359 3129 3421 3185; x_wconf 91' lang='lat' dir='ltr'>in</span> <span class='ocrx_word' id='word_1_481' title='bbox 3461 3132 3621 3186; x_wconf 90' lang='lat' dir='ltr'>cute.</span> 
     </span>
    </p>
   </div>
   <div class='ocr_carea' id='block_1_66' title="bbox 236 3215 1875 3326">
    <p class='ocr_par' dir='ltr' id='par_1_66' title="bbox 236 3215 1857 3323">
     <span class='ocr_line' id='line_1_66' title="bbox 236 3215 1857 3323; baseline -0.004 -20"><span class='ocrx_word' id='word_1_482' title='bbox 236 3215 752 3323; x_wconf 35' lang='grc' dir='ltr'><strong>χροῦςιᾶνθοςρῦκ</strong></span> <span class='ocrx_word' id='word_1_483' title='bbox 790 3215 903 3320; x_wconf 64' lang='grc' dir='ltr'><strong>ἔχει</strong></span> <span class='ocrx_word' id='word_1_484' title='bbox 1076 3215 1147 3301; x_wconf 68' lang='grc' dir='ltr'><strong>Τό</strong></span> <span class='ocrx_word' id='word_1_485' title='bbox 1168 3250 1258 3321; x_wconf 62' lang='grc' dir='ltr'>μὲν</span> <span class='ocrx_word' id='word_1_486' title='bbox 1287 3215 1389 3320; x_wconf 74' lang='grc' dir='ltr'><strong>γὰρ</strong></span> <span class='ocrx_word' id='word_1_487' title='bbox 1420 3215 1632 3322; x_wconf 65' lang='grc' dir='ltr'><strong>ἐρυθρὸν</strong></span> <span class='ocrx_word' id='word_1_488' title='bbox 1662 3246 1857 3318; x_wconf 71' lang='grc' dir='ltr'><strong>φεύγει,</strong></span> 
     </span>
    </p>
   </div>
   <div class='ocr_carea' id='block_1_67' title="bbox 1970 3215 3633 3326">
    <p class='ocr_par' dir='ltr' id='par_1_67' title="bbox 1970 3215 3633 3304">
     <span class='ocr_line' id='line_1_67' title="bbox 1970 3215 3633 3304; baseline -0.014 -10"><span class='ocrx_word' id='word_1_489' title='bbox 1970 3240 2139 3304; x_wconf 86' lang='lat' dir='ltr'>Nam,</span> <span class='ocrx_word' id='word_1_490' title='bbox 2171 3233 2535 3304; x_wconf 89' lang='lat' dir='ltr'>consumpto</span> <span class='ocrx_word' id='word_1_491' title='bbox 2558 3226 2878 3297; x_wconf 85' lang='lat' dir='ltr'>sanguine,</span> <span class='ocrx_word' id='word_1_492' title='bbox 2902 3222 3055 3296; x_wconf 77' lang='lat' dir='ltr'>fugit</span> <span class='ocrx_word' id='word_1_493' title='bbox 3075 3220 3292 3286; x_wconf 90' lang='lat' dir='ltr'>rubor;</span> <span class='ocrx_word' id='word_1_494' title='bbox 3314 3232 3439 3275; x_wconf 92' lang='lat' dir='ltr'>non</span> <span class='ocrx_word' id='word_1_495' title='bbox 3461 3215 3633 3273; x_wconf 91' lang='lat' dir='ltr'>adest</span> 
     </span>
    </p>
   </div>
   <div class='ocr_carea' id='block_1_68' title="bbox 240 3334 1856 3411">
    <p class='ocr_par' dir='ltr' id='par_1_68' title="bbox 240 3334 1856 3411">
     <span class='ocr_line' id='line_1_68' title="bbox 240 3334 1856 3411; baseline -0.004 -20"><span class='ocrx_word' id='word_1_496' title='bbox 240 3338 602 3411; x_wconf 74' lang='grc' dir='ltr'><strong>ἐκτηκομένου</strong></span> <span class='ocrx_word' id='word_1_497' title='bbox 642 3344 736 3390; x_wconf 81' lang='grc' dir='ltr'><strong>τοῦ</strong></span> <span class='ocrx_word' id='word_1_498' title='bbox 773 3339 996 3409; x_wconf 77' lang='grc' dir='ltr'><strong>αἵματος</strong></span> <span class='ocrx_word' id='word_1_499' title='bbox 1020 3357 1033 3371; x_wconf 84' lang='grc'><strong>-</strong></span> <span class='ocrx_word' id='word_1_500' title='bbox 1090 3339 1150 3390; x_wconf 88' lang='grc' dir='ltr'><strong>τὸ</strong></span> <span class='ocrx_word' id='word_1_501' title='bbox 1205 3336 1385 3389; x_wconf 85' lang='grc' dir='ltr'><strong>λευκόν</strong></span> <span class='ocrx_word' id='word_1_502' title='bbox 1444 3334 1539 3388; x_wconf 75' lang='grc' dir='ltr'><strong>οὐκ</strong></span> <span class='ocrx_word' id='word_1_503' title='bbox 1593 3336 1729 3401; x_wconf 79' lang='grc' dir='ltr'><strong>ἔστι,</strong></span> <span class='ocrx_word' id='word_1_504' title='bbox 1793 3340 1856 3407; x_wconf 77' lang='grc' dir='ltr'>τῇ</span> 
     </span>
    </p>
   </div>
   <div class='ocr_carea' id='block_1_69' title="bbox 244 3418 1864 3501">
    <p class='ocr_par' dir='ltr' id='par_1_69' title="bbox 244 3418 1864 3501">
     <span class='ocr_line' id='line_1_69' title="bbox 244 3418 1864 3501; baseline -0.004 -20"><span class='ocrx_word' id='word_1_505' title='bbox 244 3427 544 3501; x_wconf 72' lang='grc' dir='ltr'><strong>ἰσχνότητι</strong></span> <span class='ocrx_word' id='word_1_506' title='bbox 578 3435 678 3488; x_wconf 81' lang='grc' dir='ltr'><strong>τῆς</strong></span> <span class='ocrx_word' id='word_1_507' title='bbox 716 3424 1010 3498; x_wconf 68' lang='grc' dir='ltr'><strong>ἐπιφανείας</strong></span> <span class='ocrx_word' id='word_1_508' title='bbox 1039 3425 1406 3499; x_wconf 75' lang='grc' dir='ltr'><strong>μελαινομένης</strong></span> <span class='ocrx_word' id='word_1_509' title='bbox 1430 3444 1444 3458; x_wconf 78' lang='grc' dir='ltr'><strong>ο</strong></span> <span class='ocrx_word' id='word_1_510' title='bbox 1503 3419 1745 3476; x_wconf 82' lang='grc' dir='ltr'><strong>πελιδνὸν</strong></span> <span class='ocrx_word' id='word_1_511' title='bbox 1803 3418 1864 3475; x_wconf 63' lang='grc' dir='ltr'>δὲ</span> 
     </span>
    </p>
   </div>
   <div class='ocr_carea' id='block_1_70' title="bbox 244 3510 1864 3590">
    <p class='ocr_par' dir='ltr' id='par_1_70' title="bbox 244 3510 1864 3590">
     <span class='ocr_line' id='line_1_70' title="bbox 244 3510 1864 3590; baseline -0.004 -20"><span class='ocrx_word' id='word_1_512' title='bbox 244 3523 302 3570; x_wconf 73' lang='grc' dir='ltr'>τό</span> <span class='ocrx_word' id='word_1_513' title='bbox 346 3526 514 3590; x_wconf 74' lang='grc' dir='ltr'><strong>σῶμα</strong></span> <span class='ocrx_word' id='word_1_514' title='bbox 560 3516 837 3590; x_wconf 81' lang='grc' dir='ltr'><strong>ὠχρότητι</strong></span> <span class='ocrx_word' id='word_1_515' title='bbox 872 3520 964 3568; x_wconf 78' lang='grc' dir='ltr'>καὶ</span> <span class='ocrx_word' id='word_1_516' title='bbox 1018 3523 1091 3587; x_wconf 84' lang='grc' dir='ltr'><strong>τῷ</strong></span> <span class='ocrx_word' id='word_1_517' title='bbox 1146 3513 1325 3587; x_wconf 78' lang='grc' dir='ltr'><strong>μέλανι</strong></span> <span class='ocrx_word' id='word_1_518' title='bbox 1381 3512 1605 3583; x_wconf 75' lang='grc' dir='ltr'><strong>ᾆλιιινῶς</strong></span> <span class='ocrx_word' id='word_1_519' title='bbox 1661 3510 1715 3565; x_wconf 80' lang='grc' dir='ltr'>ἐκ</span> <span class='ocrx_word' id='word_1_520' title='bbox 1770 3517 1864 3564; x_wconf 79' lang='grc' dir='ltr'><strong>τοῦ</strong></span> 
     </span>
    </p>
   </div>
   <div class='ocr_carea' id='block_1_71' title="bbox 245 3599 1867 3681">
    <p class='ocr_par' dir='ltr' id='par_1_71' title="bbox 245 3599 1867 3681">
     <span class='ocr_line' id='line_1_71' title="bbox 245 3599 1867 3681; baseline -0.003 -23"><span class='ocrx_word' id='word_1_521' title='bbox 245 3608 456 3668; x_wconf 67' lang='grc' dir='ltr'><strong>πάθους</strong></span> <span class='ocrx_word' id='word_1_522' title='bbox 491 3610 805 3681; x_wconf 83' lang='grc' dir='ltr'><strong>κιρνώμενον</strong></span> <span class='ocrx_word' id='word_1_523' title='bbox 847 3604 924 3676; x_wconf 93' lang='grc'>(8)</span> <span class='ocrx_word' id='word_1_524' title='bbox 949 3625 963 3638; x_wconf 77' lang='grc' dir='ltr'><strong><em>ο</em></strong></span> <span class='ocrx_word' id='word_1_525' title='bbox 1001 3608 1199 3675; x_wconf 78' lang='grc' dir='ltr'><strong>γόνατα</strong></span> <span class='ocrx_word' id='word_1_526' title='bbox 1235 3603 1294 3656; x_wconf 71' lang='grc' dir='ltr'><strong>οὐ</strong></span> <span class='ocrx_word' id='word_1_527' title='bbox 1335 3601 1694 3677; x_wconf 83' lang='grc' dir='ltr'><strong>βαστάζοντα,</strong></span> <span class='ocrx_word' id='word_1_528' title='bbox 1736 3599 1867 3653; x_wconf 80' lang='grc' dir='ltr'>ἀλλὰ</span> 
     </span>
    </p>
   </div>
   <div class='ocr_carea' id='block_1_72' title="bbox 245 3687 1863 3770">
    <p class='ocr_par' dir='ltr' id='par_1_72' title="bbox 245 3687 1863 3770">
     <span class='ocr_line' id='line_1_72' title="bbox 245 3687 1863 3770; baseline -0.003 -23"><span class='ocrx_word' id='word_1_529' title='bbox 245 3699 385 3770; x_wconf 73' lang='grc' dir='ltr'><strong>πρὸς</strong></span> <span class='ocrx_word' id='word_1_530' title='bbox 634 3693 899 3767; x_wconf 69' lang='grc' dir='ltr'><strong>ιλκόμενα.</strong></span> <span class='ocrx_word' id='word_1_531' title='bbox 974 3697 1117 3751; x_wconf 72' lang='grc' dir='ltr'><strong>Φωνὴ</strong></span> <span class='ocrx_word' id='word_1_532' title='bbox 1194 3691 1352 3750; x_wconf 79' lang='grc' dir='ltr'><strong>λεπτὴ</strong></span> <span class='ocrx_word' id='word_1_533' title='bbox 1428 3695 1519 3745; x_wconf 84' lang='grc' dir='ltr'>καὶ</span> <span class='ocrx_word' id='word_1_534' title='bbox 1592 3687 1863 3765; x_wconf 75' lang='grc' dir='ltr'><strong>ἀδρανής·</strong></span> 
     </span>
    </p>
   </div>
   <div class='ocr_carea' id='block_1_73' title="bbox 248 3781 1869 3857">
    <p class='ocr_par' dir='ltr' id='par_1_73' title="bbox 248 3781 1869 3857">
     <span class='ocr_line' id='line_1_73' title="bbox 248 3781 1869 3857; baseline -0.003 -20"><span class='ocrx_word' id='word_1_535' title='bbox 248 3784 520 3857; x_wconf 57' lang='grc' dir='ltr'><strong>ὀφθαλμοὶ</strong></span> <span class='ocrx_word' id='word_1_536' title='bbox 578 3782 969 3845; x_wconf 79' lang='grc' dir='ltr'><strong>ἐνασθενοῡντες</strong></span> <span class='ocrx_word' id='word_1_537' title='bbox 1018 3788 1135 3844; x_wconf 88' lang='grc' dir='ltr'><strong>ταῖς</strong></span> <span class='ocrx_word' id='word_1_538' title='bbox 1198 3781 1520 3849; x_wconf 82' lang='grc' dir='ltr'><strong>κοιλότησιν,</strong></span> <span class='ocrx_word' id='word_1_539' title='bbox 1588 3781 1696 3840; x_wconf 82' lang='grc' dir='ltr'><strong>εἰκῆ</strong></span> <span class='ocrx_word' id='word_1_540' title='bbox 1753 3786 1869 3841; x_wconf 86' lang='grc' dir='ltr'><strong>ταῖς</strong></span> 
     </span>
    </p>
   </div>
   <div class='ocr_carea' id='block_1_74' title="bbox 252 3869 1872 3947">
    <p class='ocr_par' dir='ltr' id='par_1_74' title="bbox 252 3869 1872 3947">
     <span class='ocr_line' id='line_1_74' title="bbox 252 3869 1872 3947; baseline -0.005 -16"><span class='ocrx_word' id='word_1_541' title='bbox 252 3876 445 3938; x_wconf 66' lang='grc' dir='ltr'><strong>θήκαις</strong></span> <span class='ocrx_word' id='word_1_542' title='bbox 486 3873 896 3947; x_wconf 77' lang='grc' dir='ltr'><strong>ἐναποκείμινοι,</strong></span> <span class='ocrx_word' id='word_1_543' title='bbox 938 3875 1009 3934; x_wconf 82' lang='grc' dir='ltr'><strong>ὡς</strong></span> <span class='ocrx_word' id='word_1_544' title='bbox 1044 3875 1111 3925; x_wconf 76' lang='grc' dir='ltr'><strong>τὰ</strong></span> <span class='ocrx_word' id='word_1_545' title='bbox 1147 3879 1259 3935; x_wconf 87' lang='grc' dir='ltr'><strong>τοῖς</strong></span> <span class='ocrx_word' id='word_1_546' title='bbox 1296 3871 1531 3946; x_wconf 74' lang='grc' dir='ltr'><strong>ἐλύτροις</strong></span> <span class='ocrx_word' id='word_1_547' title='bbox 1576 3869 1872 3944; x_wconf 73' lang='grc' dir='ltr'><strong>ίμψυγέντα</strong></span> 
     </span>
    </p>
   </div>
   <div class='ocr_carea' id='block_1_75' title="bbox 249 3960 1867 4038">
    <p class='ocr_par' dir='ltr' id='par_1_75' title="bbox 249 3960 1867 4038">
     <span class='ocr_line' id='line_1_75' title="bbox 249 3960 1867 4038; baseline -0.003 -22"><span class='ocrx_word' id='word_1_548' title='bbox 249 3973 354 4016; x_wconf 70' lang='grc' dir='ltr'><strong>τῶν</strong></span> <span class='ocrx_word' id='word_1_549' title='bbox 403 3960 741 4038; x_wconf 76' lang='grc' dir='ltr'><strong>ἀκροδρύων.</strong></span> <span class='ocrx_word' id='word_1_550' title='bbox 825 3965 1037 4036; x_wconf 74' lang='grc' dir='ltr'><strong>Γαστὴρ</strong></span> <span class='ocrx_word' id='word_1_551' title='bbox 1107 3965 1224 4020; x_wconf 72' lang='grc' dir='ltr'><strong>κενὴ</strong></span> <span class='ocrx_word' id='word_1_552' title='bbox 1285 3964 1377 4013; x_wconf 84' lang='grc' dir='ltr'><strong>καὶ</strong></span> <span class='ocrx_word' id='word_1_553' title='bbox 1435 3966 1867 4032; x_wconf 83' lang='grc' dir='ltr'><strong>συμπεπτωκυῖα,</strong></span> 
     </span>
    </p>
   </div>
   <div class='ocr_carea' id='block_1_76' title="bbox 249 4047 1870 4128">
    <p class='ocr_par' dir='ltr' id='par_1_76' title="bbox 249 4047 1870 4128">
     <span class='ocr_line' id='line_1_76' title="bbox 249 4047 1870 4128; baseline -0.003 -23"><span class='ocrx_word' id='word_1_554' title='bbox 249 4058 343 4107; x_wconf 81' lang='grc' dir='ltr'>καὶ</span> <span class='ocrx_word' id='word_1_555' title='bbox 372 4053 639 4128; x_wconf 67' lang='grc' dir='ltr'><strong>ἄμορφος,</strong></span> <span class='ocrx_word' id='word_1_556' title='bbox 681 4051 775 4105; x_wconf 77' lang='grc' dir='ltr'><strong>οὐκ</strong></span> <span class='ocrx_word' id='word_1_557' title='bbox 813 4054 984 4125; x_wconf 72' lang='grc' dir='ltr'><strong>ὄγκον,</strong></span> <span class='ocrx_word' id='word_1_558' title='bbox 1027 4049 1087 4102; x_wconf 71' lang='grc' dir='ltr'><strong>οὗ</strong></span> <span class='ocrx_word' id='word_1_559' title='bbox 1141 4054 1363 4123; x_wconf 73' lang='grc' dir='ltr'><strong>φυσικὴν</strong></span> <span class='ocrx_word' id='word_1_560' title='bbox 1410 4057 1510 4102; x_wconf 82' lang='grc' dir='ltr'><strong>τῶν</strong></span> <span class='ocrx_word' id='word_1_561' title='bbox 1553 4047 1870 4122; x_wconf 52' lang='lat' dir='ltr'>auleis/xum</span> 
     </span>
    </p>
   </div>
   <div class='ocr_carea' id='block_1_77' title="bbox 252 4134 1873 4213">
    <p class='ocr_par' dir='ltr' id='par_1_77' title="bbox 252 4134 1873 4213">
     <span class='ocr_line' id='line_1_77' title="bbox 252 4134 1873 4213; baseline -0.002 -19"><span class='ocrx_word' id='word_1_562' title='bbox 252 4142 503 4196; x_wconf 74' lang='grc' dir='ltr'><strong>ἐπίτασιν</strong></span> <span class='ocrx_word' id='word_1_563' title='bbox 556 4144 781 4213; x_wconf 78' lang='grc' dir='ltr'><strong>ἔχουσα,</strong></span> <span class='ocrx_word' id='word_1_564' title='bbox 822 4146 932 4201; x_wconf 88' lang='grc' dir='ltr'><strong>τοῖς</strong></span> <span class='ocrx_word' id='word_1_565' title='bbox 972 4138 1170 4201; x_wconf 81' lang='grc' dir='ltr'><strong>ὀστέοις</strong></span> <span class='ocrx_word' id='word_1_566' title='bbox 1211 4134 1271 4191; x_wconf 63' lang='grc' dir='ltr'>δὲ</span> <span class='ocrx_word' id='word_1_567' title='bbox 1308 4145 1398 4192; x_wconf 81' lang='grc' dir='ltr'><strong>τοῦ</strong></span> <span class='ocrx_word' id='word_1_568' title='bbox 1445 4142 1608 4191; x_wconf 90' lang='grc' dir='ltr'><strong>νώτου</strong></span> <span class='ocrx_word' id='word_1_569' title='bbox 1647 4156 1873 4212; x_wconf 83' lang='grc' dir='ltr'><strong>προσπε-</strong></span> 
     </span>
    </p>
   </div>
   <div class='ocr_carea' id='block_1_78' title="bbox 253 4224 1872 4305">
    <p class='ocr_par' dir='ltr' id='par_1_78' title="bbox 253 4224 1872 4305">
     <span class='ocr_line' id='line_1_78' title="bbox 253 4224 1872 4305; baseline -0.004 -20"><span class='ocrx_word' id='word_1_570' title='bbox 253 4232 563 4305; x_wconf 61' lang='grc' dir='ltr'><strong>πλαηιίνη.</strong></span> <span class='ocrx_word' id='word_1_571' title='bbox 602 4228 661 4282; x_wconf 75' lang='grc' dir='ltr'><strong>Ὀ</strong></span> <span class='ocrx_word' id='word_1_572' title='bbox 699 4224 789 4282; x_wconf 78' lang='grc' dir='ltr'><strong>οὖν</strong></span> <span class='ocrx_word' id='word_1_573' title='bbox 812 4236 1046 4282; x_wconf 75' lang='grc' dir='ltr'><strong>τοιοῦτον</strong></span> <span class='ocrx_word' id='word_1_574' title='bbox 1088 4236 1241 4301; x_wconf 83' lang='grc' dir='ltr'><strong>σῶμα</strong></span> <span class='ocrx_word' id='word_1_575' title='bbox 1287 4231 1636 4302; x_wconf 74' lang='grc' dir='ltr'><strong>παρατρέχων</strong></span> <span class='ocrx_word' id='word_1_576' title='bbox 1695 4231 1872 4280; x_wconf 83' lang='grc' dir='ltr'><strong>πόσων</strong></span> 
     </span>
    </p>
   </div>
   <div class='ocr_carea' id='block_1_79' title="bbox 253 4313 1872 4390">
    <p class='ocr_par' dir='ltr' id='par_1_79' title="bbox 253 4313 1872 4390">
     <span class='ocr_line' id='line_1_79' title="bbox 253 4313 1872 4390; baseline -0.003 -17"><span class='ocrx_word' id='word_1_577' title='bbox 253 4320 526 4374; x_wconf 70' lang='grc' dir='ltr'><strong>κολάσεων</strong></span> <span class='ocrx_word' id='word_1_578' title='bbox 563 4317 748 4387; x_wconf 76' lang='grc' dir='ltr'><strong>οἶξιοςς</strong></span> <span class='ocrx_word' id='word_1_579' title='bbox 796 4321 917 4369; x_wconf 83' lang='grc' dir='ltr'><strong>τίνα</strong></span> <span class='ocrx_word' id='word_1_580' title='bbox 945 4313 1307 4389; x_wconf 61' lang='grc' dir='ltr'><strong>δΓώμότητος</strong></span> <span class='ocrx_word' id='word_1_581' title='bbox 1368 4315 1649 4390; x_wconf 76' lang='grc' dir='ltr'><strong>ὑπερϐολὴν</strong></span> <span class='ocrx_word' id='word_1_582' title='bbox 1704 4334 1872 4389; x_wconf 85' lang='grc' dir='ltr'><strong>κατα-</strong></span> 
     </span>
    </p>
   </div>
   <div class='ocr_carea' id='block_1_80' title="bbox 253 4403 1875 4482">
    <p class='ocr_par' dir='ltr' id='par_1_80' title="bbox 253 4403 1875 4482">
     <span class='ocr_line' id='line_1_80' title="bbox 253 4403 1875 4482; baseline -0.004 -19"><span class='ocrx_word' id='word_1_583' title='bbox 253 4408 465 4481; x_wconf 52' lang='grc' dir='ltr'><strong>λεί-ᾆιη</strong></span> <span class='ocrx_word' id='word_1_584' title='bbox 510 4416 625 4469; x_wconf 79' lang='grc' dir='ltr'><strong>πῶς</strong></span> <span class='ocrx_word' id='word_1_585' title='bbox 666 4403 726 4460; x_wconf 84' lang='grc' dir='ltr'>δέ</span> <span class='ocrx_word' id='word_1_586' title='bbox 750 4405 846 4459; x_wconf 70' lang='grc' dir='ltr'><strong>οὐκ</strong></span> <span class='ocrx_word' id='word_1_587' title='bbox 883 4406 1029 4469; x_wconf 76' lang='grc' dir='ltr'><strong>ἄξιος</strong></span> <span class='ocrx_word' id='word_1_588' title='bbox 1056 4411 1166 4468; x_wconf 85' lang='grc' dir='ltr'><strong>τοῖς</strong></span> <span class='ocrx_word' id='word_1_589' title='bbox 1203 4403 1480 4481; x_wconf 79' lang='grc' dir='ltr'><strong>ἀνημέροις</strong></span> <span class='ocrx_word' id='word_1_590' title='bbox 1533 4414 1633 4459; x_wconf 85' lang='grc' dir='ltr'><strong>τῶν</strong></span> <span class='ocrx_word' id='word_1_591' title='bbox 1683 4407 1875 4482; x_wconf 86' lang='grc' dir='ltr'><strong>θηρίων</strong></span> 
     </span>
    </p>
   </div>
   <div class='ocr_carea' id='block_1_81' title="bbox 259 4490 1873 4574">
    <p class='ocr_par' dir='ltr' id='par_1_81' title="bbox 259 4490 1873 4574">
     <span class='ocr_line' id='line_1_81' title="bbox 259 4490 1873 4574; baseline -0.004 -21"><span class='ocrx_word' id='word_1_592' title='bbox 259 4498 728 4574; x_wconf 82' lang='grc' dir='ltr'><strong>σνναριθμεῖσθαι,</strong></span> <span class='ocrx_word' id='word_1_593' title='bbox 773 4496 1000 4569; x_wconf 79' lang='grc' dir='ltr'><strong>ὁρᾶσθαι</strong></span> <span class='ocrx_word' id='word_1_594' title='bbox 1043 4490 1102 4547; x_wconf 68' lang='grc' dir='ltr'>δὲ</span> <span class='ocrx_word' id='word_1_595' title='bbox 1140 4493 1323 4567; x_wconf 72' lang='grc' dir='ltr'><strong>ἐναγὴς</strong></span> <span class='ocrx_word' id='word_1_596' title='bbox 1380 4500 1472 4548; x_wconf 77' lang='grc' dir='ltr'>καὶ</span> <span class='ocrx_word' id='word_1_597' title='bbox 1521 4491 1873 4571; x_wconf 72' lang='grc' dir='ltr'><strong>ἀνδροφόνοςς</strong></span> 
     </span>
    </p>
   </div>
   <div class='ocr_carea' id='block_1_82' title="bbox 256 4583 1872 4661">
    <p class='ocr_par' dir='ltr' id='par_1_82' title="bbox 256 4583 1872 4661">
     <span class='ocr_line' id='line_1_82' title="bbox 256 4583 1872 4661; baseline -0.003 -20"><span class='ocrx_word' id='word_1_598' title='bbox 256 4588 317 4641; x_wconf 83' lang='grc'>’0</span> <span class='ocrx_word' id='word_1_599' title='bbox 351 4591 463 4661; x_wconf 67' lang='grc' dir='ltr'>γὰρ</span> <span class='ocrx_word' id='word_1_600' title='bbox 512 4590 651 4659; x_wconf 76' lang='grc' dir='ltr'><strong>ἔχων</strong></span> <span class='ocrx_word' id='word_1_601' title='bbox 689 4583 738 4637; x_wconf 72' lang='grc' dir='ltr'><strong>ἓν</strong></span> <span class='ocrx_word' id='word_1_602' title='bbox 778 4584 994 4657; x_wconf 78' lang='grc' dir='ltr'><strong>ἐξουσίᾳ</strong></span> <span class='ocrx_word' id='word_1_603' title='bbox 1047 4588 1142 4644; x_wconf 77' lang='grc' dir='ltr'><strong>τὴν</strong></span> <span class='ocrx_word' id='word_1_604' title='bbox 1200 4592 1292 4638; x_wconf 81' lang='grc' dir='ltr'><strong>τοῦ</strong></span> <span class='ocrx_word' id='word_1_605' title='bbox 1350 4592 1514 4638; x_wconf 73' lang='grc' dir='ltr'><strong>κακοῦ</strong></span> <span class='ocrx_word' id='word_1_606' title='bbox 1582 4587 1872 4660; x_wconf 77' lang='grc' dir='ltr'><strong>θεραπείαν,</strong></span> 
     </span>
    </p>
   </div>
   <div class='ocr_carea' id='block_1_83' title="bbox 264 4673 1875 4749">
    <p class='ocr_par' dir='ltr' id='par_1_83' title="bbox 264 4673 1875 4749">
     <span class='ocr_line' id='line_1_83' title="bbox 264 4673 1875 4749; baseline -0.001 -18"><span class='ocrx_word' id='word_1_607' title='bbox 264 4678 391 4731; x_wconf 71' lang='grc' dir='ltr'><strong>ἑκὼν</strong></span> <span class='ocrx_word' id='word_1_608' title='bbox 449 4673 514 4730; x_wconf 75' lang='grc' dir='ltr'>δ”ε</span> <span class='ocrx_word' id='word_1_609' title='bbox 559 4679 653 4727; x_wconf 79' lang='grc' dir='ltr'><strong>καὶ</strong></span> <span class='ocrx_word' id='word_1_610' title='bbox 700 4677 833 4749; x_wconf 66' lang='grc' dir='ltr'><strong>πρὸς</strong></span> <span class='ocrx_word' id='word_1_611' title='bbox 867 4673 1158 4737; x_wconf 82' lang='grc' dir='ltr'><strong>πλεονεξίαν</strong></span> <span class='ocrx_word' id='word_1_612' title='bbox 1198 4675 1616 4749; x_wconf 78' lang='grc' dir='ltr'><strong>ὑπερτιθέμενος,</strong></span> <span class='ocrx_word' id='word_1_613' title='bbox 1666 4675 1875 4739; x_wconf 83' lang='grc' dir='ltr'><strong>εἰκότως</strong></span> 
     </span>
    </p>
   </div>
   <div class='ocr_carea' id='block_1_84' title="bbox 264 4760 1876 4839">
    <p class='ocr_par' dir='ltr' id='par_1_84' title="bbox 264 4760 1876 4839">
     <span class='ocr_line' id='line_1_84' title="bbox 264 4760 1876 4839; baseline -0.001 -21"><span class='ocrx_word' id='word_1_614' title='bbox 264 4766 325 4818; x_wconf 66' lang='grc' dir='ltr'><strong>ὃν</strong></span> <span class='ocrx_word' id='word_1_615' title='bbox 363 4765 415 4820; x_wconf 79' lang='grc' dir='ltr'><strong>ἰν</strong></span> <span class='ocrx_word' id='word_1_616' title='bbox 444 4773 522 4837; x_wconf 75' lang='grc' dir='ltr'><strong>τῷ</strong></span> <span class='ocrx_word' id='word_1_617' title='bbox 550 4767 653 4837; x_wconf 80' lang='grc' dir='ltr'>ἴσῳ</span> <span class='ocrx_word' id='word_1_618' title='bbox 681 4772 782 4816; x_wconf 84' lang='grc' dir='ltr'>τῶν</span> <span class='ocrx_word' id='word_1_619' title='bbox 822 4762 1144 4839; x_wconf 73' lang='grc' dir='ltr'><strong>αὐτοχείρων</strong></span> <span class='ocrx_word' id='word_1_620' title='bbox 1189 4760 1628 4825; x_wconf 77' lang='grc' dir='ltr'><strong>καταδικάζοιτο.</strong></span> <span class='ocrx_word' id='word_1_621' title='bbox 1672 4768 1743 4818; x_wconf 87' lang='grc' dir='ltr'>Τὸ</span> <span class='ocrx_word' id='word_1_622' title='bbox 1784 4772 1876 4818; x_wconf 82' lang='grc' dir='ltr'><strong>τοῦ</strong></span> 
     </span>
    </p>
   </div>
   <div class='ocr_carea' id='block_1_85' title="bbox 265 4842 1873 4929">
    <p class='ocr_par' dir='ltr' id='par_1_85' title="bbox 265 4842 1873 4929">
     <span class='ocr_line' id='line_1_85' title="bbox 265 4842 1873 4929; baseline -0.004 -19"><span class='ocrx_word' id='word_1_623' title='bbox 265 4859 418 4929; x_wconf 66' lang='grc' dir='ltr'>ὶιξωῦ</span> <span class='ocrx_word' id='word_1_624' title='bbox 457 4855 627 4915; x_wconf 84' lang='grc' dir='ltr'><strong>πάθος</strong></span> <span class='ocrx_word' id='word_1_625' title='bbox 663 4854 1031 4924; x_wconf 72' lang='grc' dir='ltr'><strong>κατηνάγκασε</strong></span> <span class='ocrx_word' id='word_1_626' title='bbox 1066 4850 1287 4915; x_wconf 80' lang='grc' dir='ltr'><strong>πολλοὺς</strong></span> <span class='ocrx_word' id='word_1_627' title='bbox 1310 4842 1589 4916; x_wconf 52' lang='grc' dir='ltr'><strong>Ἦτολλάκις</strong></span> <span class='ocrx_word' id='word_1_628' title='bbox 1625 4859 1715 4906; x_wconf 82' lang='grc' dir='ltr'>καὶ</span> <span class='ocrx_word' id='word_1_629' title='bbox 1753 4857 1873 4914; x_wconf 77' lang='grc' dir='ltr'><strong>τοὺς</strong></span> 
     </span>
    </p>
   </div>
   <div class='ocr_carea' id='block_1_86' title="bbox 332 4978 979 5050">
    <p class='ocr_par' dir='ltr' id='par_1_86' title="bbox 332 4978 979 5050">
     <span class='ocr_line' id='line_1_86' title="bbox 332 4978 979 5050; baseline -0.009 -12"><span class='ocrx_word' id='word_1_630' title='bbox 332 4982 377 5018; x_wconf 78' lang='grc'>⁸¹</span> <span class='ocrx_word' id='word_1_631' title='bbox 412 4979 484 5038; x_wconf 81' lang='grc' dir='ltr'>[ΙΙ</span> <span class='ocrx_word' id='word_1_632' title='bbox 516 4981 665 5050; x_wconf 79' lang='lat' dir='ltr'>Reg.</span> <span class='ocrx_word' id='word_1_633' title='bbox 698 4992 847 5048; x_wconf 81' lang='lat' dir='ltr'>xm,</span> <span class='ocrx_word' id='word_1_634' title='bbox 884 4978 979 5034; x_wconf 79' lang='lat' dir='ltr'>t2.</span> 
     </span>
    </p>
   </div>
   <div class='ocr_carea' id='block_1_87' title="bbox 332 5099 1642 5178">
    <p class='ocr_par' dir='ltr' id='par_1_87' title="bbox 332 5099 1642 5178">
     <span class='ocr_line' id='line_1_87' title="bbox 332 5099 1642 5178; baseline -0.006 -15"><span class='ocrx_word' id='word_1_635' title='bbox 332 5106 418 5178; x_wconf 68' lang='grc' dir='ltr'>(ι)</span> <span class='ocrx_word' id='word_1_636' title='bbox 442 5106 589 5178; x_wconf 74' lang='lat' dir='ltr'>Reg.</span> <span class='ocrx_word' id='word_1_637' title='bbox 619 5102 860 5178; x_wconf 68' lang='lat' dir='ltr'>primus</span> <span class='ocrx_word' id='word_1_638' title='bbox 887 5099 1002 5175; x_wconf 83' lang='grc' dir='ltr'><strong>ίμοὶ</strong></span> <span class='ocrx_word' id='word_1_639' title='bbox 1029 5105 1120 5178; x_wconf 55' lang='grc' dir='ltr'>καί</span> <span class='ocrx_word' id='word_1_640' title='bbox 1156 5107 1265 5178; x_wconf 79' lang='grc' dir='ltr'><strong>τοῖς</strong></span> <span class='ocrx_word' id='word_1_641' title='bbox 1296 5103 1493 5178; x_wconf 67' lang='grc' dir='ltr'><strong>τέκνοις</strong></span> <span class='ocrx_word' id='word_1_642' title='bbox 1516 5121 1642 5176; x_wconf 89' lang='grc' dir='ltr'><strong>μου.</strong></span> 
     </span>
    </p>
   </div>
   <div class='ocr_carea' id='block_1_88' title="bbox 273 5170 1878 5260">
    <p class='ocr_par' dir='ltr' id='par_1_88' title="bbox 273 5170 1878 5260">
     <span class='ocr_line' id='line_1_88' title="bbox 273 5170 1878 5260; baseline -0.004 -23"><span class='ocrx_word' id='word_1_643' title='bbox 273 5170 416 5260; x_wconf 49' lang='lat'>“(5)</span> <span class='ocrx_word' id='word_1_644' title='bbox 445 5170 590 5260; x_wconf 64' lang='lat' dir='ltr'>Reg.</span> <span class='ocrx_word' id='word_1_645' title='bbox 622 5170 872 5260; x_wconf 65' lang='lat' dir='ltr'>primus</span> <span class='ocrx_word' id='word_1_646' title='bbox 910 5170 1009 5258; x_wconf 62' lang='grc' dir='ltr'><strong>τρῠ</strong></span> <span class='ocrx_word' id='word_1_647' title='bbox 1070 5170 1305 5259; x_wconf 59' lang='grc' dir='ltr'><strong>ἆλξύρου.</strong></span> <span class='ocrx_word' id='word_1_648' title='bbox 1362 5170 1682 5246; x_wconf 78' lang='lat' dir='ltr'>Aliquanto</span> <span class='ocrx_word' id='word_1_649' title='bbox 1734 5175 1878 5247; x_wconf 83' lang='lat' dir='ltr'>post</span> 
     </span>
    </p>
   </div>
   <div class='ocr_carea' id='block_1_89' title="bbox 269 5189 1325 5326">
    <p class='ocr_par' dir='ltr' id='par_1_89' title="bbox 269 5189 1325 5326">
     <span class='ocr_line' id='line_1_89' title="bbox 335 5189 1305 5303; baseline -0.012 -69"><span class='ocrx_word' id='word_1_650' title='bbox 335 5189 416 5250; x_wconf 78' lang='lat'>(5)</span> <span class='ocrx_word' id='word_1_651' title='bbox 447 5189 590 5303; x_wconf 60' lang='lat'>:53.</span> <span class='ocrx_word' id='word_1_652' title='bbox 622 5189 863 5248; x_wconf 78' lang='lat' dir='ltr'>prunus</span> <span class='ocrx_word' id='word_1_653' title='bbox 916 5191 1009 5224; x_wconf 86' lang='grc' dir='ltr'>τον</span> <span class='ocrx_word' id='word_1_654' title='bbox 1070 5189 1305 5246; x_wconf 75' lang='grc' dir='ltr'><strong>αλευρου.</strong></span> 
     </span>
     <span class='ocr_line' id='line_1_90' title="bbox 269 5241 1325 5326; baseline -0.007 -21"><span class='ocrx_word' id='word_1_655' title='bbox 269 5249 429 5326; x_wconf 53' lang='lat' dir='ltr'>idem</span> <span class='ocrx_word' id='word_1_656' title='bbox 464 5320 497 5326; x_wconf 75' lang='lat'><strong>_</strong></span> <span class='ocrx_word' id='word_1_657' title='bbox 546 5262 650 5326; x_wconf 84' lang='lat' dir='ltr'>__ex</span> <span class='ocrx_word' id='word_1_658' title='bbox 680 5241 904 5326; x_wconf 53' lang='grc' dir='ltr'><strong>διπῇοῦν</strong></span> <span class='ocrx_word' id='word_1_659' title='bbox 934 5241 1325 5326; x_wconf 65' lang='grc' dir='ltr'><strong>ὀιντεισάγόντα.</strong></span> 
     </span>
    </p>
   </div>
   <div class='ocr_carea' id='block_1_90' title="bbox 338 5312 1878 5393">
    <p class='ocr_par' dir='ltr' id='par_1_90' title="bbox 338 5312 1878 5393">
     <span class='ocr_line' id='line_1_91' title="bbox 338 5312 1878 5393; baseline -0.003 -18"><span class='ocrx_word' id='word_1_660' title='bbox 338 5323 419 5393; x_wconf 71' lang='grc' dir='ltr'>(ο)</span> <span class='ocrx_word' id='word_1_661' title='bbox 455 5316 632 5375; x_wconf 89' lang='lat' dir='ltr'>Colb.</span> <span class='ocrx_word' id='word_1_662' title='bbox 676 5315 939 5393; x_wconf 37' lang='lat' dir='ltr'>.primus</span> <span class='ocrx_word' id='word_1_663' title='bbox 981 5312 1162 5388; x_wconf 60' lang='grc' dir='ltr'><strong>πυρός’</strong></span> <span class='ocrx_word' id='word_1_664' title='bbox 1192 5312 1422 5388; x_wconf 74' lang='grc' dir='ltr'><strong>ἀφορμή·</strong></span> <span class='ocrx_word' id='word_1_665' title='bbox 1472 5314 1641 5372; x_wconf 83' lang='lat' dir='ltr'>Alius</span> <span class='ocrx_word' id='word_1_666' title='bbox 1687 5315 1878 5373; x_wconf 85' lang='lat' dir='ltr'>codex</span> 
     </span>
    </p>
   </div>
   <div class='ocr_carea' id='block_1_91' title="bbox 277 5386 826 5461">
    <p class='ocr_par' dir='ltr' id='par_1_91' title="bbox 277 5386 826 5461">
     <span class='ocr_line' id='line_1_92' title="bbox 277 5386 826 5461; baseline -0.02 -11"><span class='ocrx_word' id='word_1_667' title='bbox 277 5386 436 5449; x_wconf 80' lang='lat' dir='ltr'>Colb.</span> <span class='ocrx_word' id='word_1_668' title='bbox 464 5394 633 5461; x_wconf 78' lang='grc' dir='ltr'><strong>πυρός</strong></span> <span class='ocrx_word' id='word_1_669' title='bbox 661 5386 797 5461; x_wconf 70' lang='grc' dir='ltr'><strong>ὀργή</strong></span> <span class='ocrx_word' id='word_1_670' title='bbox 811 5428 826 5441; x_wconf 94' lang='grc'><strong>.</strong></span> 
     </span>
    </p>
   </div>
   <div class='ocr_carea' id='block_1_92' title="bbox 344 5455 1878 5535">
    <p class='ocr_par' dir='ltr' id='par_1_92' title="bbox 344 5455 1878 5535">
     <span class='ocr_line' id='line_1_93' title="bbox 344 5455 1878 5535; baseline -0.006 -16"><span class='ocrx_word' id='word_1_671' title='bbox 344 5466 425 5531; x_wconf 78' lang='lat'>(7)</span> <span class='ocrx_word' id='word_1_672' title='bbox 449 5455 615 5518; x_wconf 78' lang='lat' dir='ltr'>Colb.</span> <span class='ocrx_word' id='word_1_673' title='bbox 642 5455 884 5535; x_wconf 73' lang='lat' dir='ltr'>primus</span> <span class='ocrx_word' id='word_1_674' title='bbox 897 5461 963 5535; x_wconf 68' lang='lat' dir='ltr'>et</span> <span class='ocrx_word' id='word_1_675' title='bbox 981 5455 1077 5512; x_wconf 86' lang='lat' dir='ltr'>alii</span> <span class='ocrx_word' id='word_1_676' title='bbox 1098 5455 1220 5513; x_wconf 91' lang='lat' dir='ltr'>duo</span> <span class='ocrx_word' id='word_1_677' title='bbox 1241 5472 1386 5535; x_wconf 77' lang='lat' dir='ltr'>mss.</span> <span class='ocrx_word' id='word_1_678' title='bbox 1411 5458 1573 5529; x_wconf 83' lang='lat' dir='ltr'>Regii</span> <span class='ocrx_word' id='word_1_679' title='bbox 1593 5461 1758 5535; x_wconf 79' lang='grc' dir='ltr'><strong>χροιὰ</strong></span> <span class='ocrx_word' id='word_1_680' title='bbox 1779 5459 1878 5535; x_wconf 52' lang='lat' dir='ltr'>giv-</span> 
     </span>
    </p>
   </div>
   <div class='ocr_carea' id='block_1_93' title="bbox 285 5528 1868 5607">
    <p class='ocr_par' dir='ltr' id='par_1_93' title="bbox 285 5528 1868 5607">
     <span class='ocr_line' id='line_1_94' title="bbox 285 5528 1868 5607; baseline -0.001 -18"><span class='ocrx_word' id='word_1_681' title='bbox 285 5528 365 5597; x_wconf 67' lang='grc' dir='ltr'>θος</span> <span class='ocrx_word' id='word_1_682' title='bbox 390 5528 485 5589; x_wconf 61' lang='grc' dir='ltr'><strong>οὐκ</strong></span> <span class='ocrx_word' id='word_1_683' title='bbox 514 5528 664 5607; x_wconf 59' lang='grc' dir='ltr'><strong>ἓχειξ</strong></span> <span class='ocrx_word' id='word_1_684' title='bbox 678 5530 859 5588; x_wconf 75' lang='lat' dir='ltr'>color</span> <span class='ocrx_word' id='word_1_685' title='bbox 877 5529 1080 5600; x_wconf 82' lang='lat' dir='ltr'>ﬂorem</span> <span class='ocrx_word' id='word_1_686' title='bbox 1106 5542 1224 5585; x_wconf 85' lang='lat' dir='ltr'>non</span> <span class='ocrx_word' id='word_1_687' title='bbox 1256 5528 1454 5596; x_wconf 78' lang='lat' dir='ltr'>habet,</span> <span class='ocrx_word' id='word_1_688' title='bbox 1483 5528 1664 5590; x_wconf 56' lang='lat' dir='ltr'>male&quot;.</span> <span class='ocrx_word' id='word_1_689' title='bbox 1695 5530 1868 5589; x_wconf 88' lang='lat' dir='ltr'>Colb.</span> 
     </span>
    </p>
   </div>
   <div class='ocr_carea' id='block_1_94' title="bbox 1971 3312 3636 3395">
    <p class='ocr_par' dir='ltr' id='par_1_94' title="bbox 1971 3312 3636 3395">
     <span class='ocr_line' id='line_1_95' title="bbox 1971 3312 3636 3395; baseline -0.014 -12"><span class='ocrx_word' id='word_1_690' title='bbox 1971 3325 2162 3392; x_wconf 90' lang='lat' dir='ltr'>albor,</span> <span class='ocrx_word' id='word_1_691' title='bbox 2185 3319 2504 3395; x_wconf 88' lang='lat' dir='ltr'>superﬁcie</span> <span class='ocrx_word' id='word_1_692' title='bbox 2531 3333 2637 3392; x_wconf 89' lang='lat' dir='ltr'>per</span> <span class='ocrx_word' id='word_1_693' title='bbox 2664 3315 2925 3373; x_wconf 91' lang='lat' dir='ltr'>maciem</span> <span class='ocrx_word' id='word_1_694' title='bbox 2952 3312 3330 3383; x_wconf 88' lang='lat' dir='ltr'>nigrescente</span> <span class='ocrx_word' id='word_1_695' title='bbox 3365 3324 3379 3376; x_wconf 90' lang='lat'><strong>;</strong></span> <span class='ocrx_word' id='word_1_696' title='bbox 3413 3320 3636 3377; x_wconf 89' lang='lat' dir='ltr'>corpus</span> 
     </span>
    </p>
   </div>
   <div class='ocr_carea' id='block_1_95' title="bbox 1968 3394 3636 3486">
    <p class='ocr_par' dir='ltr' id='par_1_95' title="bbox 1968 3394 3636 3486">
     <span class='ocr_line' id='line_1_96' title="bbox 1968 3394 3636 3486; baseline -0.014 -13"><span class='ocrx_word' id='word_1_697' title='bbox 1968 3414 2130 3484; x_wconf 83' lang='lat' dir='ltr'>livet,</span> <span class='ocrx_word' id='word_1_698' title='bbox 2152 3394 2382 3486; x_wconf 80' lang='lat' dir='ltr'>pallore</span> <span class='ocrx_word' id='word_1_699' title='bbox 2402 3414 2585 3482; x_wconf 90' lang='lat' dir='ltr'>atque</span> <span class='ocrx_word' id='word_1_700' title='bbox 2606 3403 2972 3477; x_wconf 87' lang='lat' dir='ltr'>nigritudine</span> <span class='ocrx_word' id='word_1_701' title='bbox 2993 3417 3101 3475; x_wconf 91' lang='lat' dir='ltr'>per</span> <span class='ocrx_word' id='word_1_702' title='bbox 3117 3397 3402 3456; x_wconf 92' lang='lat' dir='ltr'>morbum</span> <span class='ocrx_word' id='word_1_703' title='bbox 3417 3394 3636 3451; x_wconf 88' lang='lat' dir='ltr'>misere</span> 
     </span>
    </p>
   </div>
   <div class='ocr_carea' id='block_1_96' title="bbox 1974 3486 3677 3570">
    <p class='ocr_par' dir='ltr' id='par_1_96' title="bbox 1974 3486 3677 3570">
     <span class='ocr_line' id='line_1_97' title="bbox 1974 3486 3677 3570; baseline -0.015 -9"><span class='ocrx_word' id='word_1_704' title='bbox 1974 3501 2281 3570; x_wconf 88' lang='lat' dir='ltr'>admistis;</span> <span class='ocrx_word' id='word_1_705' title='bbox 2331 3513 2532 3570; x_wconf 89' lang='lat' dir='ltr'>genua</span> <span class='ocrx_word' id='word_1_706' title='bbox 2561 3511 2687 3553; x_wconf 91' lang='lat' dir='ltr'>non</span> <span class='ocrx_word' id='word_1_707' title='bbox 2711 3495 3070 3558; x_wconf 89' lang='lat' dir='ltr'>sustentant,</span> <span class='ocrx_word' id='word_1_708' title='bbox 3110 3487 3216 3544; x_wconf 87' lang='lat' dir='ltr'>sed</span> <span class='ocrx_word' id='word_1_709' title='bbox 3268 3486 3329 3541; x_wconf 81' lang='lat' dir='ltr'>vi</span> <span class='ocrx_word' id='word_1_710' title='bbox 3381 3488 3439 3541; x_wconf 91' lang='lat' dir='ltr'>et</span> <span class='ocrx_word' id='word_1_711' title='bbox 3476 3497 3637 3553; x_wconf 65' lang='lat' dir='ltr'>aegre</span> <span class='ocrx_word' id='word_1_712' title='bbox 3672 3544 3677 3549; x_wconf 25' lang='lat' dir='ltr'><strong><em>I</em></strong></span> 
     </span>
    </p>
   </div>
   <div class='ocr_carea' id='block_1_97' title="bbox 1974 3569 3638 3651">
    <p class='ocr_par' dir='ltr' id='par_1_97' title="bbox 1974 3569 3638 3651">
     <span class='ocr_line' id='line_1_98' title="bbox 1974 3569 3638 3651; baseline -0.016 0"><span class='ocrx_word' id='word_1_713' title='bbox 1974 3569 2315 3651; x_wconf 88' lang='lat' dir='ltr'>trahuntur.</span> <span class='ocrx_word' id='word_1_714' title='bbox 2347 3569 2473 3645; x_wconf 75' lang='lat' dir='ltr'>Vox</span> <span class='ocrx_word' id='word_1_715' title='bbox 2500 3584 2693 3643; x_wconf 91' lang='lat' dir='ltr'>tenuis</span> <span class='ocrx_word' id='word_1_716' title='bbox 2723 3587 2780 3640; x_wconf 92' lang='lat' dir='ltr'>et</span> <span class='ocrx_word' id='word_1_717' title='bbox 2807 3578 3140 3651; x_wconf 89' lang='lat' dir='ltr'>languida;</span> <span class='ocrx_word' id='word_1_718' title='bbox 3187 3573 3347 3631; x_wconf 91' lang='lat' dir='ltr'>oculi</span> <span class='ocrx_word' id='word_1_719' title='bbox 3377 3572 3441 3628; x_wconf 90' lang='lat' dir='ltr'>in</span> <span class='ocrx_word' id='word_1_720' title='bbox 3473 3569 3638 3628; x_wconf 90' lang='lat' dir='ltr'>cavis</span> 
     </span>
    </p>
   </div>
   <div class='ocr_carea' id='block_1_98' title="bbox 1977 3658 3635 3744">
    <p class='ocr_par' dir='ltr' id='par_1_98' title="bbox 1977 3658 3635 3744">
     <span class='ocr_line' id='line_1_99' title="bbox 1977 3658 3635 3744; baseline -0.013 -7"><span class='ocrx_word' id='word_1_721' title='bbox 1977 3683 2103 3740; x_wconf 90' lang='lat' dir='ltr'>suis</span> <span class='ocrx_word' id='word_1_722' title='bbox 2134 3676 2448 3744; x_wconf 89' lang='lat' dir='ltr'>debilitati,</span> <span class='ocrx_word' id='word_1_723' title='bbox 2481 3674 2699 3731; x_wconf 82' lang='lat' dir='ltr'>frustra</span> <span class='ocrx_word' id='word_1_724' title='bbox 2717 3672 2780 3726; x_wconf 93' lang='lat' dir='ltr'>in</span> <span class='ocrx_word' id='word_1_725' title='bbox 2810 3667 2998 3726; x_wconf 89' lang='lat' dir='ltr'>thecis</span> <span class='ocrx_word' id='word_1_726' title='bbox 3019 3682 3092 3723; x_wconf 88' lang='lat' dir='ltr'>ac</span> <span class='ocrx_word' id='word_1_727' title='bbox 3114 3661 3371 3720; x_wconf 85' lang='lat' dir='ltr'>valvulis</span> <span class='ocrx_word' id='word_1_728' title='bbox 3398 3658 3635 3725; x_wconf 78' lang='lat' dir='ltr'>inclusi,</span> 
     </span>
    </p>
   </div>
   <div class='ocr_carea' id='block_1_99' title="bbox 1978 3746 3630 3844">
    <p class='ocr_par' dir='ltr' id='par_1_99' title="bbox 1978 3746 3630 3844">
     <span class='ocr_line' id='line_1_100' title="bbox 1978 3746 3630 3844; baseline -0.018 -13"><span class='ocrx_word' id='word_1_729' title='bbox 1978 3779 2271 3844; x_wconf 91' lang='lat' dir='ltr'>tanquam</span> <span class='ocrx_word' id='word_1_730' title='bbox 2325 3763 2500 3823; x_wconf 90' lang='lat' dir='ltr'>nucei</span> <span class='ocrx_word' id='word_1_731' title='bbox 2546 3762 2776 3818; x_wconf 90' lang='lat' dir='ltr'>fructus</span> <span class='ocrx_word' id='word_1_732' title='bbox 2817 3757 2974 3813; x_wconf 91' lang='lat' dir='ltr'>intra</span> <span class='ocrx_word' id='word_1_733' title='bbox 3001 3751 3320 3827; x_wconf 89' lang='lat' dir='ltr'>putamina</span> <span class='ocrx_word' id='word_1_734' title='bbox 3357 3746 3630 3806; x_wconf 85' lang='lat' dir='ltr'>arefacti.</span> 
     </span>
    </p>
   </div>
   <div class='ocr_carea' id='block_1_100' title="bbox 1977 3836 3639 3922">
    <p class='ocr_par' dir='ltr' id='par_1_100' title="bbox 1977 3836 3639 3922">
     <span class='ocr_line' id='line_1_101' title="bbox 1977 3836 3639 3922; baseline -0.019 -1"><span class='ocrx_word' id='word_1_735' title='bbox 1977 3836 2191 3921; x_wconf 77' lang='lat' dir='ltr'>Venter</span> <span class='ocrx_word' id='word_1_736' title='bbox 2218 3870 2472 3922; x_wconf 89' lang='lat' dir='ltr'>vacuus,</span> <span class='ocrx_word' id='word_1_737' title='bbox 2523 3852 2891 3917; x_wconf 86' lang='lat' dir='ltr'>contractus,</span> <span class='ocrx_word' id='word_1_738' title='bbox 2936 3840 3236 3907; x_wconf 84' lang='lat' dir='ltr'>informis,</span> <span class='ocrx_word' id='word_1_739' title='bbox 3287 3839 3416 3895; x_wconf 89' lang='lat' dir='ltr'>sine</span> <span class='ocrx_word' id='word_1_740' title='bbox 3455 3836 3639 3906; x_wconf 92' lang='lat' dir='ltr'>mole,</span> 
     </span>
    </p>
   </div>
   <div class='ocr_carea' id='block_1_101' title="bbox 1978 3923 3644 4011">
    <p class='ocr_par' dir='ltr' id='par_1_101' title="bbox 1978 3923 3644 4011">
     <span class='ocr_line' id='line_1_102' title="bbox 1978 3923 3644 4011; baseline -0.019 0"><span class='ocrx_word' id='word_1_741' title='bbox 1978 3954 2107 4011; x_wconf 88' lang='lat' dir='ltr'>sine</span> <span class='ocrx_word' id='word_1_742' title='bbox 2138 3945 2399 4007; x_wconf 89' lang='lat' dir='ltr'>naturali</span> <span class='ocrx_word' id='word_1_743' title='bbox 2426 3943 2728 4001; x_wconf 87' lang='lat' dir='ltr'>viscerum</span> <span class='ocrx_word' id='word_1_744' title='bbox 2758 3933 3150 4000; x_wconf 89' lang='lat' dir='ltr'>distensione,</span> <span class='ocrx_word' id='word_1_745' title='bbox 3204 3927 3446 3986; x_wconf 89' lang='lat' dir='ltr'>ossibus</span> <span class='ocrx_word' id='word_1_746' title='bbox 3474 3923 3644 3981; x_wconf 91' lang='lat' dir='ltr'>dorsi</span> 
     </span>
    </p>
   </div>
   <div class='ocr_carea' id='block_1_102' title="bbox 1978 4014 3639 4101">
    <p class='ocr_par' dir='ltr' id='par_1_102' title="bbox 1978 4014 3639 4101">
     <span class='ocr_line' id='line_1_103' title="bbox 1978 4014 3639 4101; baseline -0.02 0"><span class='ocrx_word' id='word_1_747' title='bbox 1978 4042 2415 4101; x_wconf 83' lang='lat' dir='ltr'>adhaerescens.</span> <span class='ocrx_word' id='word_1_748' title='bbox 2450 4030 2560 4094; x_wconf 89' lang='lat' dir='ltr'>Qui</span> <span class='ocrx_word' id='word_1_749' title='bbox 2584 4030 2766 4100; x_wconf 87' lang='lat' dir='ltr'>igitur</span> <span class='ocrx_word' id='word_1_750' title='bbox 2786 4036 3008 4098; x_wconf 90' lang='lat' dir='ltr'>corpus</span> <span class='ocrx_word' id='word_1_751' title='bbox 3036 4016 3338 4093; x_wconf 90' lang='lat' dir='ltr'>ejusmodi</span> <span class='ocrx_word' id='word_1_752' title='bbox 3358 4014 3639 4101; x_wconf 70' lang='lat' dir='ltr'>prteterit,</span> 
     </span>
    </p>
   </div>
   <div class='ocr_carea' id='block_1_103' title="bbox 1980 4100 3644 4206">
    <p class='ocr_par' dir='ltr' id='par_1_103' title="bbox 1980 4100 3644 4206">
     <span class='ocr_line' id='line_1_104' title="bbox 1980 4100 3644 4206; baseline -0.02 -16"><span class='ocrx_word' id='word_1_753' title='bbox 1980 4128 2224 4206; x_wconf 88' lang='lat' dir='ltr'>quantis</span> <span class='ocrx_word' id='word_1_754' title='bbox 2257 4117 2819 4198; x_wconf 83' lang='lat' dir='ltr'>suppliciisdignus</span> <span class='ocrx_word' id='word_1_755' title='bbox 2844 4107 3174 4206; x_wconf 67' lang='lat' dir='ltr'>est?_quid</span> <span class='ocrx_word' id='word_1_756' title='bbox 3220 4105 3275 4163; x_wconf 91' lang='lat' dir='ltr'>ei</span> <span class='ocrx_word' id='word_1_757' title='bbox 3323 4102 3512 4162; x_wconf 90' lang='lat' dir='ltr'>deerit</span> <span class='ocrx_word' id='word_1_758' title='bbox 3562 4100 3644 4159; x_wconf 89' lang='lat' dir='ltr'>ad</span> 
     </span>
    </p>
   </div>
   <div class='ocr_carea' id='block_1_104' title="bbox 1981 4200 3647 4279">
    <p class='ocr_par' dir='ltr' id='par_1_104' title="bbox 1981 4200 3647 4279">
     <span class='ocr_line' id='line_1_105' title="bbox 1981 4200 3647 4279; baseline -0.016 -1"><span class='ocrx_word' id='word_1_759' title='bbox 1981 4200 2352 4279; x_wconf 70' lang='lat' dir='ltr'>crudelitatis</span> <span class='ocrx_word' id='word_1_760' title='bbox 2374 4206 2730 4270; x_wconf 88' lang='lat' dir='ltr'>cumulum?</span> <span class='ocrx_word' id='word_1_761' title='bbox 2750 4200 3062 4279; x_wconf 90' lang='lat' dir='ltr'>quomodo</span> <span class='ocrx_word' id='word_1_762' title='bbox 3084 4200 3189 4255; x_wconf 90' lang='lat' dir='ltr'>aut</span> <span class='ocrx_word' id='word_1_763' title='bbox 3206 4210 3332 4252; x_wconf 91' lang='lat' dir='ltr'>non</span> <span class='ocrx_word' id='word_1_764' title='bbox 3355 4206 3647 4253; x_wconf 89' lang='lat' dir='ltr'>annume.</span> 
     </span>
    </p>
   </div>
   <div class='ocr_carea' id='block_1_105' title="bbox 1980 4280 3641 4379">
    <p class='ocr_par' dir='ltr' id='par_1_105' title="bbox 1980 4280 3641 4379">
     <span class='ocr_line' id='line_1_106' title="bbox 1980 4280 3641 4379; baseline -0.02 -10"><span class='ocrx_word' id='word_1_765' title='bbox 1980 4309 2214 4369; x_wconf 87' lang='lat' dir='ltr'>rabitur</span> <span class='ocrx_word' id='word_1_766' title='bbox 2231 4306 2363 4379; x_wconf 83' lang='lat' dir='ltr'>iure</span> <span class='ocrx_word' id='word_1_767' title='bbox 2381 4318 2453 4360; x_wconf 89' lang='lat' dir='ltr'>ac</span> <span class='ocrx_word' id='word_1_768' title='bbox 2472 4298 2686 4358; x_wconf 90' lang='lat' dir='ltr'>merito</span> <span class='ocrx_word' id='word_1_769' title='bbox 2710 4295 2867 4352; x_wconf 90' lang='lat' dir='ltr'>inter</span> <span class='ocrx_word' id='word_1_770' title='bbox 2889 4284 3366 4348; x_wconf 88' lang='lat' dir='ltr'>immanissimas</span> <span class='ocrx_word' id='word_1_771' title='bbox 3378 4280 3641 4352; x_wconf 88' lang='lat' dir='ltr'>belluas,</span> 
     </span>
    </p>
   </div>
   <div class='ocr_carea' id='block_1_106' title="bbox 1982 4372 3645 4460">
    <p class='ocr_par' dir='ltr' id='par_1_106' title="bbox 1982 4372 3645 4460">
     <span class='ocr_line' id='line_1_107' title="bbox 1982 4372 3645 4460; baseline -0.02 -2"><span class='ocrx_word' id='word_1_772' title='bbox 1982 4403 2087 4458; x_wconf 89' lang='lat' dir='ltr'>aut</span> <span class='ocrx_word' id='word_1_773' title='bbox 2115 4372 2246 4454; x_wconf 76' lang='lat' dir='ltr'>non</span> <span class='ocrx_word' id='word_1_774' title='bbox 2267 4390 2589 4450; x_wconf 89' lang='lat' dir='ltr'>habebitur</span> <span class='ocrx_word' id='word_1_775' title='bbox 2623 4399 2735 4460; x_wconf 91' lang='lat' dir='ltr'>pro</span> <span class='ocrx_word' id='word_1_776' title='bbox 2757 4380 3007 4439; x_wconf 79' lang='lat' dir='ltr'>scelesto</span> <span class='ocrx_word' id='word_1_777' title='bbox 3026 4382 3083 4435; x_wconf 89' lang='lat' dir='ltr'>et</span> <span class='ocrx_word' id='word_1_778' title='bbox 3100 4372 3410 4433; x_wconf 89' lang='lat' dir='ltr'>homicida</span> <span class='ocrx_word' id='word_1_779' title='bbox 3427 4372 3457 4428; x_wconf 82' lang='lat'><strong>?</strong></span> <span class='ocrx_word' id='word_1_780' title='bbox 3495 4374 3645 4428; x_wconf 89' lang='lat' dir='ltr'>Nam</span> 
     </span>
    </p>
   </div>
   <div class='ocr_carea' id='block_1_107' title="bbox 1984 4460 3647 4563">
    <p class='ocr_par' dir='ltr' id='par_1_107' title="bbox 1984 4460 3647 4563">
     <span class='ocr_line' id='line_1_108' title="bbox 1984 4460 3647 4563; baseline -0.019 -16"><span class='ocrx_word' id='word_1_781' title='bbox 1984 4490 2091 4563; x_wconf 87' lang='lat' dir='ltr'>qui</span> <span class='ocrx_word' id='word_1_782' title='bbox 2117 4487 2317 4561; x_wconf 87' lang='lat' dir='ltr'>potest</span> <span class='ocrx_word' id='word_1_783' title='bbox 2353 4479 2515 4539; x_wconf 89' lang='lat' dir='ltr'>malo</span> <span class='ocrx_word' id='word_1_784' title='bbox 2544 4473 2794 4542; x_wconf 91' lang='lat' dir='ltr'>mederi,</span> <span class='ocrx_word' id='word_1_785' title='bbox 2826 4469 2932 4528; x_wconf 89' lang='lat' dir='ltr'>sed</span> <span class='ocrx_word' id='word_1_786' title='bbox 2962 4471 3179 4563; x_wconf 80' lang='lat' dir='ltr'>sponte</span> <span class='ocrx_word' id='word_1_787' title='bbox 3220 4468 3285 4563; x_wconf 68' lang='lat' dir='ltr'>et</span> <span class='ocrx_word' id='word_1_788' title='bbox 3325 4461 3405 4519; x_wconf 91' lang='lat' dir='ltr'>ob</span> <span class='ocrx_word' id='word_1_789' title='bbox 3450 4460 3647 4563; x_wconf 77' lang='lat' dir='ltr'>avari-</span> 
     </span>
    </p>
   </div>
   <div class='ocr_carea' id='block_1_108' title="bbox 1983 4550 3650 4640">
    <p class='ocr_par' dir='ltr' id='par_1_108' title="bbox 1983 4550 3650 4640">
     <span class='ocr_line' id='line_1_109' title="bbox 1983 4550 3650 4640; baseline -0.02 -3"><span class='ocrx_word' id='word_1_790' title='bbox 1983 4550 2141 4636; x_wconf 68' lang='lat' dir='ltr'>tiaui</span> <span class='ocrx_word' id='word_1_791' title='bbox 2157 4574 2375 4640; x_wconf 82' lang='lat' dir='ltr'>diiIert,</span> <span class='ocrx_word' id='word_1_792' title='bbox 2401 4582 2527 4626; x_wconf 93' lang='lat' dir='ltr'>non</span> <span class='ocrx_word' id='word_1_793' title='bbox 2555 4563 2779 4637; x_wconf 87' lang='lat' dir='ltr'>injuria</span> <span class='ocrx_word' id='word_1_794' title='bbox 2802 4560 2967 4618; x_wconf 92' lang='lat' dir='ltr'>velut</span> <span class='ocrx_word' id='word_1_795' title='bbox 3008 4551 3321 4614; x_wconf 88' lang='lat' dir='ltr'>homicida</span> <span class='ocrx_word' id='word_1_796' title='bbox 3364 4550 3650 4608; x_wconf 88' lang='lat' dir='ltr'>condem-</span> 
     </span>
    </p>
   </div>
   <div class='ocr_carea' id='block_1_109' title="bbox 1985 4652 3648 4736">
    <p class='ocr_par' dir='ltr' id='par_1_109' title="bbox 1985 4652 3648 4736">
     <span class='ocr_line' id='line_1_110' title="bbox 1985 4652 3648 4736; baseline -0.02 -11"><span class='ocrx_word' id='word_1_797' title='bbox 1985 4666 2118 4725; x_wconf 91' lang='lat' dir='ltr'>nari</span> <span class='ocrx_word' id='word_1_798' title='bbox 2142 4665 2261 4736; x_wconf 81' lang='lat'>70</span> <span class='ocrx_word' id='word_1_799' title='bbox 2294 4657 2527 4734; x_wconf 85' lang='lat' dir='ltr'>poterit.</span> <span class='ocrx_word' id='word_1_800' title='bbox 2567 4652 2770 4723; x_wconf 87' lang='lat' dir='ltr'>Coegit</span> <span class='ocrx_word' id='word_1_801' title='bbox 2798 4664 2921 4706; x_wconf 92' lang='lat' dir='ltr'>non</span> <span class='ocrx_word' id='word_1_802' title='bbox 2952 4660 3187 4721; x_wconf 91' lang='lat' dir='ltr'>paucos</span> <span class='ocrx_word' id='word_1_803' title='bbox 3223 4652 3648 4714; x_wconf 65' lang='lat' dir='ltr'>saepenumero</span> 
     </span>
    </p>
   </div>
   <div class='ocr_carea' id='block_1_110' title="bbox 1984 4732 3648 4822">
    <p class='ocr_par' dir='ltr' id='par_1_110' title="bbox 1984 4732 3648 4822">
     <span class='ocr_line' id='line_1_111' title="bbox 1984 4732 3648 4822; baseline -0.02 -8"><span class='ocrx_word' id='word_1_804' title='bbox 1984 4732 2174 4814; x_wconf 70' lang='lat' dir='ltr'>famis</span> <span class='ocrx_word' id='word_1_805' title='bbox 2191 4732 2492 4822; x_wconf 77' lang='lat' dir='ltr'>angustia,</span> <span class='ocrx_word' id='word_1_806' title='bbox 2525 4741 2814 4802; x_wconf 85' lang='lat' dir='ltr'>terminos</span> <span class='ocrx_word' id='word_1_807' title='bbox 2847 4738 3030 4796; x_wconf 87' lang='lat' dir='ltr'>etiam</span> <span class='ocrx_word' id='word_1_808' title='bbox 3059 4737 3294 4791; x_wconf 80' lang='lat' dir='ltr'>naturae</span> <span class='ocrx_word' id='word_1_809' title='bbox 3346 4732 3648 4793; x_wconf 88' lang='lat' dir='ltr'>excutere,</span> 
     </span>
    </p>
   </div>
   <div class='ocr_carea' id='block_1_111' title="bbox 1985 4822 3652 4916">
    <p class='ocr_par' dir='ltr' id='par_1_111' title="bbox 1985 4822 3652 4916">
     <span class='ocr_line' id='line_1_112' title="bbox 1985 4822 3652 4916; baseline -0.022 -10"><span class='ocrx_word' id='word_1_810' title='bbox 1985 4847 2419 4916; x_wconf 88' lang='lat' dir='ltr'>hominemque</span> <span class='ocrx_word' id='word_1_811' title='bbox 2452 4834 2610 4894; x_wconf 91' lang='lat' dir='ltr'>vesci</span> <span class='ocrx_word' id='word_1_812' title='bbox 2652 4832 2963 4891; x_wconf 89' lang='lat' dir='ltr'>tribulium</span> <span class='ocrx_word' id='word_1_813' title='bbox 3003 4822 3389 4898; x_wconf 87' lang='lat' dir='ltr'>corporibus,</span> <span class='ocrx_word' id='word_1_814' title='bbox 3442 4822 3496 4874; x_wconf 91' lang='lat' dir='ltr'>et</span> <span class='ocrx_word' id='word_1_815' title='bbox 3525 4831 3652 4873; x_wconf 89' lang='lat' dir='ltr'>ma-</span> 
     </span>
    </p>
   </div>
   <div class='ocr_carea' id='block_1_112' title="bbox 1985 5064 3649 5168">
    <p class='ocr_par' dir='ltr' id='par_1_112' title="bbox 1985 5064 3649 5168">
     <span class='ocr_line' id='line_1_113' title="bbox 1985 5064 3649 5168; baseline -0.024 -11"><span class='ocrx_word' id='word_1_816' title='bbox 1985 5097 2192 5156; x_wconf 85' lang='lat' dir='ltr'>tertius</span> <span class='ocrx_word' id='word_1_817' title='bbox 2212 5094 2377 5168; x_wconf 67' lang='grc' dir='ltr'><strong>χροιά</strong></span> <span class='ocrx_word' id='word_1_818' title='bbox 2407 5082 2690 5168; x_wconf 38' lang='grc' dir='ltr'><strong>βάθοςιοῦκ</strong></span> <span class='ocrx_word' id='word_1_819' title='bbox 2708 5084 2853 5168; x_wconf 79' lang='grc' dir='ltr'>¹ἔχει,</span> <span class='ocrx_word' id='word_1_820' title='bbox 2886 5064 3649 5168; x_wconf 43' lang='lat' dir='ltr'>cotozrlwg‘itufffnalutu-</span> 
     </span>
    </p>
   </div>
   <div class='ocr_carea' id='block_1_113' title="bbox 1985 5142 3451 5238">
    <p class='ocr_par' dir='ltr' id='par_1_113' title="bbox 1985 5142 3451 5238">
     <span class='ocr_line' id='line_1_114' title="bbox 1985 5142 3451 5238; baseline -0.005 7"><span class='ocrx_word' id='word_1_821' title='bbox 1985 5142 2424 5238; x_wconf 65' lang='grc' dir='ltr'>ι’ἆῖἓῆῗεῖἁεῖ</span> <span class='ocrx_word' id='word_1_822' title='bbox 2451 5142 2638 5238; x_wconf 49' lang='lat' dir='ltr'>sese</span> <span class='ocrx_word' id='word_1_823' title='bbox 2661 5142 2918 5238; x_wconf 56' lang='lat' dir='ltr'>use.qu</span> <span class='ocrx_word' id='word_1_824' title='bbox 2948 5142 3451 5238; x_wconf 49' lang='lat'>2932520253593-</span> 
     </span>
    </p>
   </div>
   <div class='ocr_carea' id='block_1_114' title="bbox 2058 5210 3649 5311">
    <p class='ocr_par' dir='ltr' id='par_1_114' title="bbox 2058 5210 3649 5311">
     <span class='ocr_line' id='line_1_115' title="bbox 2058 5210 3649 5311; baseline 0.001 -1"><span class='ocrx_word' id='word_1_825' title='bbox 2058 5210 2223 5311; x_wconf 60' lang='grc' dir='ltr'>ῒέἵῖἐ</span> <span class='ocrx_word' id='word_1_826' title='bbox 2232 5210 2439 5307; x_wconf 64' lang='grc' dir='ltr'>ῧῖίῖιὶἓι</span> <span class='ocrx_word' id='word_1_827' title='bbox 2451 5210 2645 5311; x_wconf 60' lang='grc' dir='ltr'>ἓᾶἶέίρ</span> <span class='ocrx_word' id='word_1_828' title='bbox 2659 5228 2732 5311; x_wconf 66' lang='lat'>.9!</span> <span class='ocrx_word' id='word_1_829' title='bbox 2751 5210 3649 5311; x_wconf 52' lang='lat' dir='ltr'>E§l§-._..‘.°;£‘.‘.‘15-Z&quot;f321’.f.3’12:</span> 
     </span>
    </p>
   </div>
   <div class='ocr_carea' id='block_1_115' title="bbox 1988 5284 3651 5387">
    <p class='ocr_par' dir='ltr' id='par_1_115' title="bbox 1988 5284 3651 5387">
     <span class='ocr_line' id='line_1_116' title="bbox 1988 5284 3651 5387; baseline -0.023 -20"><span class='ocrx_word' id='word_1_830' title='bbox 1988 5284 2156 5387; x_wconf 48' lang='lat' dir='ltr'>p.93,</span> <span class='ocrx_word' id='word_1_831' title='bbox 2183 5284 2540 5387; x_wconf 43' lang='lat' dir='ltr'>deérbvate.</span> <span class='ocrx_word' id='word_1_832' title='bbox 2560 5300 2633 5353; x_wconf 79' lang='lat' dir='ltr'>At</span> <span class='ocrx_word' id='word_1_833' title='bbox 2659 5284 3485 5387; x_wconf 40' lang='lat' dir='ltr'>Regiise‘caunuldus‘f’t&#39;ter‘tius</span> 
     </span>
    </p>
   </div>
   <div class='ocr_carea' id='block_1_116' title="bbox 1991 5350 3648 5445">
    <p class='ocr_par' dir='ltr' id='par_1_116' title="bbox 1991 5350 3648 5445">
     <span class='ocr_line' id='line_1_117' title="bbox 1991 5350 3648 5445; baseline -0.023 -4"><span class='ocrx_word' id='word_1_834' title='bbox 2189 5350 3093 5445; x_wconf 43' lang='lat' dir='ltr'>ter&#39;tiowatésélgqoy,emendate.</span> <span class='ocrx_word' id='word_1_835' title='bbox 3155 5355 3289 5436; x_wconf 60' lang='lat' dir='ltr'>Mox</span> <span class='ocrx_word' id='word_1_836' title='bbox 3332 5350 3648 5445; x_wconf 54' lang='lat' dir='ltr'>duonmss.</span> 
     </span>
    </p>
   </div>
   <div class='ocr_carea' id='block_1_117' title="bbox 2029 5418 3653 5510">
    <p class='ocr_par' dir='ltr' id='par_1_117' title="bbox 2029 5418 3653 5510">
     <span class='ocr_line' id='line_1_118' title="bbox 2029 5418 3653 5510; baseline -0.022 -4"><span class='ocrx_word' id='word_1_837' title='bbox 2869 5428 3036 5488; x_wconf 87' lang='lat' dir='ltr'>Colb.</span> <span class='ocrx_word' id='word_1_838' title='bbox 3101 5425 3334 5501; x_wconf 89' lang='lat' dir='ltr'>primus</span> <span class='ocrx_word' id='word_1_839' title='bbox 3393 5419 3653 5496; x_wconf 67' lang='grc' dir='ltr'><strong>ὀφθαλμοὶ</strong></span> 
     </span>
    </p>
   </div>
   <div class='ocr_carea' id='block_1_118' title="bbox 1992 5527 2319 5580">
    <p class='ocr_par' dir='ltr' id='par_1_118' title="bbox 1992 5527 2319 5580">
     <span class='ocr_line' id='line_1_119' title="bbox 1992 5527 2319 5580; baseline -0.018 0"><span class='ocrx_word' id='word_1_840' title='bbox 1992 5527 2319 5580; x_wconf 77' lang='grc' dir='ltr'><strong>ἀσθενοϋνες.</strong></span> 
     </span>
    </p>
   </div>
  </div>
