4088 6194
213 223 323 279 329

1107 215 1271 277 ΗΘΜ.
1305 219 1502 287 QUOD
1533 218 1714 276 DEUS
1739 217 1882 276 NON
1916 217 2040 275 EST
2063 219 2343 281 AUCTOR
2367 224 2724 285 MALORUM.

3472 241 3578 303 330

208 406 3558 438 _____________________.—._______________________

287 542 541 591 OMIAIA
573 543 685 592 OTI
714 543 850 592 ΟΥΚ
878 542 1071 591 ΕΣΤΙΝ
1102 541 1322 591 ΑΙΤΙΟΣ
1350 542 1485 590 ΤΩΝ
1519 540 1750 590 ΚΑΚΩΝ

893 670 936 716 Ο
965 669 1154 717 ΘΕΟΣ.

285 841 333 895 1.
366 839 563 893 Πολλοὶ
585 848 678 901 τῆς
704 837 1059 901 διδασκαλίας
1080 842 1129 892 οἱ
1152 832 1355 915 τρόποι,
1387 842 1437 892 οἱ
1462 835 1557 892 διὰ
1583 836 1818 914 ἱεροψάλ-

208 950 294 983 του
344 927 519 983 Δαϐὶδ
568 934 717 1006 παρά
761 938 853 984 τοῦ
898 929 1212 1004 ἐνεργοῦντος
1255 927 1303 981 ἐν
1352 929 1488 1000 αὐτῷ
1530 931 1819 1000 Πνεῦματος

211 1016 619 1092 ϋιτοδειχθέντες
662 1023 809 1094 ἡμῖν.
864 1023 994 1073 Ποτὲ
1051 1022 1139 1093 μὲν
1186 1020 1310 1094 γὰρ,
1355 1021 1420 1086 τά
1466 1020 1631 1070 οἰκεῖα
1672 1019 1813 1075 πάθη

214 1104 565 1181 διτγοῦμενος
618 1111 745 1182 ἡμῖν
796 1108 823 1162 ὁ
872 1114 1155 1184 προφήτης,
1207 1112 1297 1160 καὶ
1343 1110 1477 1168 ὅπως
1524 1110 1707 1179 ἤνεγκε
1751 1109 1819 1159 τὰ

211 1203 583 1270 συμπίπτοντα
641 1203 903 1269 γενναίως,
974 1194 1066 1249 διά
1128 1204 1218 1249 τοῦ
1279 1195 1397 1249 καθ’
1446 1196 1622 1248 ἑαυτὸν
1683 1196 1815 1248 ὑπο-

210 1282 507 1359 δείγματοςδ
546 1283 906 1339 διδασκαλίαν
963 1288 1087 1359 ἡμῖν
1140 1285 1513 1360 ἐναργεστάτην
1558 1284 1673 1357 (31)
1728 1292 1817 1344 τῆς

206 1377 469 1448 ντωεωής
532 1375 934 1449 καταλιμπάνει,
1011 1378 1074 1436 ὡς
1125 1377 1244 1427 ὁταν
1308 1373 1454 1448 λέγῃ·
1527 1376 1706 1448 Κύριε,
1765 1377 1817 1426 τί

203 1463 614 1523 ἐπληθύνθησαν
671 1467 721 1517 οἱ
779 1464 1030 1526 θλίϐοντες
1080 1484 1143 1538 με
1188 1481 1202 1532 ;
1256 1468 1378 1518 ποτε
1426 1460 1485 1517 δὲ
1535 1468 1628 1521 τὴν
1678 1461 1815 1535 ἀγα-

198 1556 391 1612 θότητα
437 1559 730 1612 συνίστησι
770 1560 861 1606 τοῦ
894 1561 1046 1621 Θεοῦ,
1080 1558 1169 1605 καὶ
1221 1556 1279 1605 τὸ
1320 1554 1483 1624 τάχος
1526 1551 1683 1604 αὐτοῦ
1727 1559 1816 1613 τῆς

202 1642 549 1715 ἀντιλήψεως,
601 1642 665 1701 ἣν
711 1647 1001 1718 παρέχεται
1046 1650 1150 1703 τοῖς
1201 1640 1453 1703 ἀληθινῶς
1501 1641 1813 1703 ἐκζητοῦσιν

201 1731 376 1799 αὐτόν,
450 1732 638 1804 λέγων’
712 1731 793 1786 Ἐν
858 1739 930 1803 τῷ
991 1730 1349 1784 ἐπικαλεῖσθαι
1410 1749 1472 1804 με
1534 1730 1815 1790 εἰσήκουσέ

194 1840 295 1893 μου
356 1822 386 1873 ὁ
448 1824 582 1882 Θεὸς
635 1829 725 1882 τῆς
784 1817 1124 1882 δικαιοσύνης
1181 1840 1320 1894 μου·
1393 1816 1813 1893 ἰσοδυναμοῦντα

194 1919 266 1980 τῷ
334 1915 588 1984 προφήτῃ
662 1912 1002 1983 φθεγγόμενος
1065 1919 1137 1981 τῷ
1205 1910 1396 1963 εἰπόντι
1447 1930 1459 1943 ·
1537 1908 1650 1963 "Eri
1713 1909 1810 1973 λα,-

466 2019 590 2067 σου,
657 1998 778 2074 ἐρεῖ·
836 1995 975 2053 Ἰδοὺ
1031 2000 1266 2075 πάρειμι.
1335 2003 1630 2052 Τουτέστιν·
1701 1999 1810 2051 Οὐκ

195 2092 355 2161 εῖνθτν
414 2086 874 2161 ἐπικαλεσάμενος,
937 2093 1027 2141 καὶ
1090 2086 1340 2163 προελαϐι
1398 2092 1455 2140 τὸ
1524 2088 1658 2149 τέλος
1721 2096 1811 2149 τῆς

195 2176 523 2239 ἐπικλήσεως
572 2179 603 2236 ἡ
638 2176 767 2236 ἀκοὴ
818 2184 908 2230 τοῦ
949 2185 1101 2232 Θεοῦ.
1148 2177 1308 2231 Πάλιν
1342 2179 1599 2253 ἱκετηρίας
1635 2196 1809 2253 προσ-

196 2272 361 2339 φέρων
425 2275 503 2337 τῷ
560 2273 676 2337 Θεῷ
729 2270 819 2320 καὶ
867 2263 1091 2335 δεήσεις,
1152 2262 1463 2331 ἐκδιδάσκει
1516 2268 1652 2338 ἡμᾶς
1695 2270 1811 2319 τίνα

191 2360 386 2429 τρόπον
441 2363 687 2429 προσῆκε
730 2358 845 2416 τοὺς
901 2353 948 2407 ἐν
987 2355 1261 2430 ἁμαρτίαις
1300 2359 1442 2415 ὄντας
1488 2354 1810 2417 ἓξιλεοῦσθαι

194 2448 282 2496 τόν
312 2448 451 2499 Θεόν
502 2444 636 2517 (32)·
690 2447 867 2519 Κύριε,
919 2449 988 2517 μὴ
1029 2452 1099 2515 τῷ
1154 2446 1301 2518 θυμῷ
1351 2462 1445 2496 σον
1490 2442 1693 2518 ἰλέγξῃς
1723 2463 1805 2516 με,

192 2532 335 2606 μηδι
380 2542 446 2607 τῇ
509 2533 642 2609 ὀργῇ
701 2553 798 2587 σου
854 2530 1147 2608 παιδεύσῃς
1202 2554 1285 2607 με.
1337 2534 1419 2588 Ἐν
1472 2530 1532 2586 δε
1573 2541 1647 2603 τῷ
1697 2529 1808 2585 δω-

198 2619 415 2695 δεκάτῳ
465 2621 665 2695 ψαλμῷ
718 2624 1015 2698 παράτασίν
1068 2642 1184 2675 τινα
1227 2629 1523 2698 πειρασμοῦ
1572 2618 1807 2684 ἐνδειξά-

192 2730 343 2783 μενος
419 2711 472 2764 ἐν
550 2720 623 2782 τῷ
692 2711 876 2783 λέγειν·
943 2711 1068 2773 Ἐως
1131 2716 1272 2779 πότε,
1343 2715 1520 2787 Κύριε,
1581 2709 1803 2784 ἐπιλήσῃ

192 2820 297 2872 μου
353 2800 429 2861 εἰς
480 2800 621 2861 τελος
667 2817 682 2868 ;
734 2806 825 2854 καὶ
878 2798 953 2854 δι’
1006 2801 1122 2855 ὅλου
1174 2809 1265 2856 τοῦ
1320 2800 1531 2874 ψαλμοῦ
1584 2797 1809 2864 διδάξας

192 2891 333 2962 ἡμᾶς
389 2893 464 2962 μὴ
521 2888 757 2942 ἱκκακεῖν
814 2888 864 2943 ἓν
920 2897 1028 2952 ταῖς
1077 2889 1335 2962 θλίψεσιν,
1385 2889 1492 2942 ἀλλ’
1544 2888 1807 2964 ἀναμένειν

190 2983 286 3035 τήν
343 2977 658 3050 ἀγαθότητα
692 2986 782 3031 τοῦ
832 2987 985 3047 Θεοῦ,
1026 2984 1116 3032 καὶ
1156 2976 1369 3046 εἰδέναι,
1407 2980 1485 3032 ὃτι
1537 2978 1807 3053 οἰκονομίᾳ

189 3072 294 3119 τινὶ
336 3063 730 3143 παραδίδωσιν
778 3068 913 3141 ἡμᾶς
939 3075 1047 3129 ταῖς
1080 3067 1309 3140 θλίψεσι,
1349 3070 1485 3121 κατά
1534 3074 1629 3128 τὴν
1674 3066 1803 3121 ἀνα-

190 3155 380 3228 λογίαν
425 3164 527 3217 τῆς
576 3155 980 3232 ἐνυπαρχούσης
1028 3157 1230 3230 ἑκαστῳ
1272 3161 1490 3219 πίστεως
1519 3160 1578 3211 τὸ
1625 3162 1806 3233 μέτρον

1848 536 1895 590 Α

2213 539 2404 601 QUOD
2444 542 2623 598 DEUS
2652 543 2795 599 NON
2835 543 2969 600 EST
3007 546 3297 604 AUCTOR

2575 668 2667 724 MA
2679 666 2936 725 LORUM.

1999 838 2578 931 t._Plur_es_docendi
2606 846 2771 902 modi
2799 849 2975 906 nobis
3005 867 3114 924 per
3151 869 3392 914 sacrum
3421 854 3584 931 psal‘

1924 926 2025 980 ten
2048 927 2234 982 David
2245 928 2329 985 ab
2352 936 2640 1002 operante
2662 933 2719 990 in
2742 935 2877 1008 ipso
2902 938 3118 1011 Spiritu
3131 926 3587 1003 commonstrati

1927 1019 2086 1071 sunt.
2112 1019 2259 1073 Nam
2286 1018 2617 1092 aliquando
2640 1024 2815 1080 nobis
2842 1042 3095 1085 narrans
3119 1032 3415 1104 propheta
3440 1051 3584 1091 suas

1920 1104 2112 1177 ipsius
2150 1123 2457 1164 aerumnas
2497 1127 2567 1167 ac
2599 1112 2992 1186 calamitates,
3025 1123 3083 1174 et
3108 1122 3420 1192 quomodo
3446 1140 3582 1196 quae

1924 1194 2284 1265 acciderant,
2326 1202 2564 1255 strenue
2586 1202 2909 1272 pertulerit,
2940 1208 3217 1280 exemplo
3244 1227 3353 1267 suo
3380 1194 3586 1268 cla—ris-

1925 1283 2147 1340 simum
2172 1286 2350 1342 nobis
2370 1288 2671 1359 patientiae
2701 1291 3134 1352 documentum
3166 1298 3486 1372 relinquit:
3521 1306 3587 1358 ut

1924 1388 2064 1429 cum
2095 1373 2275 1431 dicit:
2307 1376 2576 1445 Domine,
2596 1380 2744 1450 quid
2760 1382 3156 1453 multiplicati
3184 1394 3323 1443 sunt
3351 1392 3456 1462 qui
3481 1391 3585 1446 tri-

1927 1462 2138 1520 butant
2180 1480 2271 1521 me
2294 1467 2342 1501 ⁸⁵
2370 1466 2397 1521 ?
2437 1465 2779 1539 Aliquando
2819 1487 2962 1528 vero
3004 1473 3104 1530 Dei
3145 1474 3500 1543 bonitatem,
3531 1484 3589 1537 et

1924 1552 2058 1623 ejus
2075 1553 2282 1609 auxilii
2307 1553 2690 1626 celeritatem,
2710 1560 2878 1630 quod
2898 1576 3040 1617 vere
3061 1562 3261 1636 ipsum
3284 1565 3587 1640 inquiren-

1923 1641 2082 1698 tibus
2102 1642 2345 1715 praebet,
2363 1646 2769 1716 commendat,
2793 1648 3031 1707 dicens:
3050 1654 3201 1710 Cum
3222 1656 3585 1724 invocarem,

1923 1732 2235 1788 exaudivit
2255 1747 2347 1789 me
2375 1734 2533 1790 Deus
2552 1736 2813 1805 justitia:
2849 1754 2992 1795 meae
3015 1742 3082 1801 ⁸⁵.
3123 1744 3267 1808 Qua:
3293 1746 3591 1803 sententia

1923 1820 2139 1877 eodem
2157 1820 2368 1878 recidit
2383 1827 2563 1895 atque
2586 1823 2732 1880 illud
2754 1828 3064 1900 prophetae
3078 1831 3315 1889 dictum
3338 1850 3352 1889 :
3371 1836 3417 1889 Α
3430 1835 3590 1892 dhuc

1840 1889 1884 1943 Β
1924 1914 1981 1966 te
2003 1910 2298 1982 loquente,
2329 1889 2518 1968 dicet:
2545 1913 2701 1971 Ecce
2718 1889 2929 1973 adsum
2951 1919 3022 1972 σθ.
3044 1922 3162 1977 Hoc
3183 1927 3291 1993 est,
3310 1889 3588 1981 nondum

1921 1999 2248 2066 invocandi
2285 1998 2541 2057 facerem
2584 2003 2801 2074 tinem;
2842 2007 2999 2062 Deus
3051 2012 3276 2080 tamen,
3324 2012 3588 2070 necdum

1922 2081 2203 2139 absoluta
2232 2082 2639 2158 invocatione,
2669 2089 2991 2148 exaudivit.
3024 2095 3260 2150 Rursus
3294 2096 3444 2153 dum
3469 2099 3591 2155 Deo

1922 2171 2241 2244 supplicat,
2267 2188 2595 2248 precesque
2622 2177 2888 2251 adhibet,
2923 2180 3135 2239 edocet
3158 2199 3271 2241 nos
3301 2187 3590 2259 quemad-

1919 2260 2173 2317 modum
2204 2277 2306 2318 eos
2331 2263 2515 2335 quiin
2547 2267 2808 2337 peccatis
2844 2275 3181 2342 versantur,
3230 2276 3417 2330 Deum
3459 2277 3589 2348 pla-

1919 2365 2056 2407 care
2086 2365 2197 2423 par
2227 2351 2302 2407 sit
2334 2369 2347 2408 :
2381 2354 2651 2422 Domine,
2680 2372 2756 2415 ne
2781 2359 2839 2414 in
2867 2360 3084 2431 furore
3110 2367 3209 2419 tuo
3230 2377 3452 2435 arguas
3474 2382 3583 2436 me,

1918 2455 2108 2512 neque
2137 2442 2200 2497 in
2228 2442 2325 2498 ira
2347 2448 2453 2500 tua
2475 2447 2768 2514 corripias
2799 2464 2891 2505 me
2912 2451 2978 2507 ⁸⁷.
3001 2455 3072 2507 At
3097 2467 3239 2508 vero
3277 2453 3337 2509 in
3359 2454 3585 2512 duode-

1917 2530 2076 2586 cimo
2099 2529 2358 2603 psalmo,
2382 2532 2485 2589 ubi
2508 2534 2808 2606 prolixam
2831 2538 3167 2610 quamdam
3193 2543 3581 2601 tentationem

1917 2620 2200 2689 ostendit,
2221 2620 2315 2676 his
2335 2620 2566 2678 verbis:
2608 2625 2940 2697 Usquequo,
2968 2629 3240 2693 Domine,
3275 2631 3581 2691 oblivisce—

1917 2709 2002 2764 ris
2020 2724 2114 2766 me
2133 2709 2198 2765 in
2215 2709 2396 2778 ﬁnem
2413 2711 2686 2769 °'?etubi
2701 2718 3011 2786 pertotum
3034 2717 3346 2789 psalmum
3372 2720 3581 2780 docuit

1915 2813 2028 2856 nos
2059 2798 2317 2856 deﬁcere
2347 2815 2470 2856 non
2520 2801 2741 2860 debere
2769 2803 2828 2861 in
2859 2808 3170 2875 aerumnis,
3207 2808 3312 2865 sed
3344 2811 3446 2868 Dei
3477 2828 3581 2869 ex-

1917 2892 2187 2962 spectare
2198 2887 2533 2947 bonitatem
2551 2908 2621 2948 ae
2636 2908 2837 2962 nosse,
2851 2895 3017 2967 quod
3036 2898 3405 2970 providentia
3424 2917 3580 2975 quas»

1915 2977 2059 3034 dam
2078 2978 2262 3035 dedat
2280 2994 2394 3035 nos
2415 2978 2865 3054 afﬂictionibus,
2881 2986 2997 3057 73
3018 2991 3199 3060 atque
3221 3004 3330 3061 pro
3344 2992 3578 3050 ratione

1914 3066 2058 3124 ﬁdei
2088 3067 2570 3142 uniuscujusque
2597 3072 2955 3129 tentationes
2995 3075 3379 3134 admetiatur.
3414 3081 3576 3137 Post-

1916 3172 2103 3231 quam
2132 3156 2316 3229 igitur
2333 3157 2567 3214 dictum
2592 3165 2682 3217 est
2710 3160 2894 3217 illud:
2928 3163 3259 3236 Usquequo,
3302 3168 3571 3237 Domine,

196 3243 409 3317 ἐπάγων
466 3252 570 3298 τῶν
620 3243 1069 3322 βασανιστηρίων.
1128 3246 1268 3301 Ἐπεὶ
1326 3243 1413 3299 οὖν
1473 3250 1673 3322 εἴρηται
1723 3250 1804 3315 τό,

1917 3246 2282 3304 Oblivisceris
2301 3262 2394 3305 me
2411 3248 2474 3304 in
2497 3250 2676 3317 ﬁnem
2707 3249 2735 3307 ?
2765 3253 2841 3320 et,
2878 3251 3190 3326 Usquequo
3222 3258 3446 3312 avertis
3470 3260 3574 3329 fa-

194 3332 323 3395 Ἐως
372 3337 522 3401 πότε,
579 3337 758 3408 Κύριε,
808 3333 1028 3408 ἐπιλήσῃ
1071 3354 1171 3408 μον
1230 3334 1298 3396 εἰς
1347 3334 1528 3403 τέλος;
1583 3340 1672 3388 καὶ
1724 3338 1803 3403 τὸ,

192 3428 323 3485 Ἕως
411 3426 539 3477 πότι
625 3421 956 3500 ἀποστρέφεις
1026 3427 1084 3477 τὸ
1169 3427 1448 3499 πρόσωπόν
1526 3442 1620 3477 σου
1716 3422 1803 3477 ἀπ’

196 3510 324 3584 ἐμοῦ
368 3530 386 3578 ;
444 3513 596 3574 εὐθὺς
656 3513 950 3587 μεταϐαίνει
1005 3512 1089 3567 ἐπὶ
1144 3516 1201 3566 τὸ
1249 3521 1347 3566 τῶν
1407 3511 1566 3567 ἀθέων
1622 3517 1801 3566 κακόν·

194 3602 265 3670 οἱ,
311 3605 435 3656 ὅταν
484 3608 675 3679 μικρὸν
722 3604 896 3665 αὐτοῖς
932 3624 982 3658 τι
1026 3613 1123 3658 τῶν
1170 3624 1308 3658 κατα
1341 3607 1426 3657 τὸν
1475 3602 1593 3677 βίον
1640 3623 1805 3679 προσ-

194 3698 428 3770 κρούσῃ,
480 3697 555 3767 μὴ
600 3698 825 3770 φέροντες
861 3697 952 3756 τὰς
982 3690 1374 3769 δυσκολωτέρας
1419 3701 1518 3746 τῶν
1560 3695 1804 3770 πραγμά-

193 3803 295 3837 των
366 3785 729 3859 περιστάσεις,
811 3783 959 3845 εὐθὺς
1038 3782 1313 3857 ἀμφίϐολοι
1386 3788 1618 3857 γίνονται
1689 3790 1804 3845 ταῖς

196 3870 486 3943 διανοίαις,
530 3872 573 3925 εἰ
623 3875 736 3926 ἔστι
784 3875 911 3934 Θεὸς
969 3871 1357 3946 ἑπιμελοῦμενος
1408 3881 1505 3926 τῶν
1553 3869 1702 3946 τῇδε,
1759 3873 1802 3925 εἰ

194 3962 359 4039 ignea}
395 3966 465 4016 τὰ
512 3961 631 4015 καθ’
680 3964 913 4030 ἕκαστον,
965 3961 1008 4014 εἰ
1050 3958 1283 4036 διανέμει
1332 3962 1532 4035 ἑκάστῳ
1571 3965 1639 4017 τὰ
1675 3965 1802 4039 πρὸς

196 4051 369 4116 ἀξίαν.
416 4049 566 4118 Εἶτα,
614 4053 733 4105 ὅταν
792 4052 875 4104 ἐπὶ
920 4050 1089 4104 πλεῖον
1138 4048 1328 4105 ἴδωσιν
1376 4052 1583 4113 ἑαυτοὺς
1623 4070 1800 4128 παρα-

191 4147 519 4215 πινομένους
584 4139 633 4193 ἓν
688 4148 792 4202 τοῖς
850 4139 1165 4209 ἀϐουλήτοις,
1226 4140 1523 4194 ϐεϐαιοῦσιν
1581 4140 1629 4195 ἐν
1687 4141 1802 4194 ἐαυ-

193 4240 301 4292 rei;
360 4234 421 4285 τό
479 4234 706 4305 πονηρόν
764 4227 965 4303 δόγμα,
1016 4236 1105 4283 καὶ
1170 4229 1539 4303 ἀποφαίνονται
1587 4229 1635 4283 ἓν
1690 4238 1801 4291 ταῖς

192 4318 447 4395 καρδίαις
506 4320 694 4387 αὐτῶν,
749 4320 833 4372 ότι
890 4318 1001 4372 Οὐκ
1052 4320 1163 4371 ἔστι
1218 4324 1361 4380 Θεὸς.
1422 4315 1573 4373 Εἶπεν
1625 4321 1799 4395 ἄφρων

198 4408 245 4462 ἕν
323 4406 533 4485 καρδίᾳ
610 4408 790 4461 αὐτοῦ·
875 4407 985 4460 Οῦκ
1067 4410 1178 4461 ἔστι
1258 4412 1403 4469 Θεός.
1474 4414 1575 4462 Καὶ
1647 4416 1799 4464 τοῦτο

196 4498 575 4573 ἐμϐαλλόμενος
623 4497 691 4558 εἰς
743 4501 829 4551 τόν
887 4496 1068 4550 ἑαυτοῦ
1141 4506 1277 4569 νοῦν,
1340 4494 1561 4570 ἀῳειδῶς
1620 4498 1797 4553 λοιπὸν

1915 3338 2060 3393 ciem
2084 3341 2249 3393 tuam
2281 3351 2318 3394 a
2345 3352 2437 3395 me
2458 3339 2505 3374 ⁸ο
2532 3338 2560 3395 ‘I
2584 3339 2788 3395 statim
2809 3339 2887 3396 ad
2908 3340 3204 3412 ﬂagitium
3230 3345 3444 3402 transit
3468 3345 3575 3403 im-

1912 3424 2174 3498 piorum,
2206 3425 2311 3497 qui
2335 3431 2741 3500 posteaquam
2770 3428 2832 3484 in
2863 3430 2983 3487 vita
3012 3446 3135 3487 non
3167 3432 3319 3488 nihil
3346 3434 3577 3506 experti

1913 3519 2052 3571 sunt
2066 3513 2323 3585 adversi,
2338 3530 2539 3571 rerum
2560 3516 2936 3574 molestiores
2950 3535 3125 3575 casus
3147 3537 3269 3578 non
3290 3522 3573 3590 ferentes,

1909 3600 2066 3659 illico
2095 3602 2365 3675 pendent
2402 3604 2611 3671 animi,
2639 3620 2719 3661 an
2752 3604 2827 3662 sit
2848 3605 3002 3662 Deus
3023 3608 3127 3679 qui
3147 3623 3241 3664 res
3270 3609 3574 3667 humanas

1910 3695 2096 3760 curet,
2114 3705 2192 3746 an
2215 3691 2765 3764 singulainspiciat,
2781 3709 2860 3749 an
2878 3694 3205 3767 unicuique
3225 3712 3334 3769 pro
3355 3699 3569 3756 merito

1909 3780 2251 3837 distribuat.
2276 3780 2498 3837 Deinde
2523 3780 2627 3838 ubi
2647 3782 2708 3838 in
2730 3783 2997 3839 adversis
3018 3783 3330 3842 immorari
3355 3803 3418 3844 se
3440 3787 3570 3845 diu-

1908 3870 2026 3928 tius
2062 3869 2341 3936 viderint,
2380 3870 2688 3928 stabiliunt
2715 3871 2777 3928 in
2809 3873 3145 3948 semetipsis
3171 3875 3398 3948 dogma
3431 3893 3571 3950 pra-

1906 3965 2270 4033 vum,atque
2290 3960 2352 4016 in
2374 3960 2657 4018 cordibus
2680 3961 2803 4017 suis
2823 3961 2984 4020 hanc
3002 3962 3315 4037 proferunt
3338 3972 3570 4023 senten-

1909 4049 2093 4107 tiam:
2123 4052 2251 4107 Non
2273 4054 2361 4106 est
2390 4053 2545 4107 Deus
2573 4067 2586 4107 :
2628 4052 2801 4108 Dixit
2831 4052 3119 4122 insipiens
3144 4055 3207 4111 in
3228 4055 3402 4112 corde
3421 4071 3565 4113 suo:

1907 4140 2043 4198 Non
2073 4145 2158 4197 est
2186 4140 2423 4198 Deus".
2456 4141 2688 4198 Etcum
2717 4141 2905 4198 semel
2935 4142 3137 4201 hocin
3170 4144 3445 4201 animum
3483 4145 3571 4202 in-

1909 4228 2095 4301 duxit,
2118 4233 2247 4286 tum
2277 4228 2521 4287 licentia
2540 4225 2704 4287 omni
2732 4231 3007 4302 graditur
3034 4248 3144 4305 per
3172 4239 3422 4306 peccata
3447 4249 3570 4292 om-

1907 4317 2030 4375 nia.
2062 4318 2293 4376 Etenim
2323 4320 2374 4373 si
2399 4333 2524 4375 non
2550 4323 2638 4375 est
2663 4318 2769 4392 qui
2784 4319 3109 4390 intueatur,
3128 4322 3173 4377 si
3208 4336 3331 4378 non
3353 4327 3443 4379 est
3466 4323 3572 4397 qui

1908 4406 2198 4465 retribuat
2225 4407 2440 4480 cuique
2462 4422 2570 4479 pro
2596 4407 2730 4463 vitae
2760 4414 2996 4475 merito,
3021 4409 3171 4483 quid
3191 4416 3354 4469 vetat
3371 4413 3571 4486 oppri-

1909 4511 2073 4553 mere
2109 4511 2462 4568 pauperem,
2514 4494 2781 4568 pupillos
2830 4497 3196 4569 interimere,
3230 4500 3483 4558 viduam
3515 4507 3573 4558 et

198 4586 295 4641 διὰ
350 4591 532 4648 πάσης
578 4586 835 4661 ἁμαρτίας
889 4594 1073 4663 χωρεῖ.
1142 4586 1201 4640 Εἰ
1251 4589 1353 4663 γάρ
1409 4586 1503 4640 οὐκ
1564 4590 1704 4640 ἔστιν
1771 4591 1797 4643 ό

1917 4584 2214 4643 advenam
2233 4599 2506 4651 enecare,
2521 4584 2842 4641 scelestum
2864 4601 3046 4644 omne
3073 4588 3297 4645 factum
3322 4589 3568 4659 audere,

198 4678 521 4744 ἐπισκοπῶν,
586 4675 629 4728 εἰ
671 4676 765 4729 οῦκ
812 4678 950 4729 ἔστιν
997 4677 1024 4727 ό
1067 4672 1370 4736 ἀντιδιδοὺς
1412 4675 1612 4750 ἑκάστῳ
1667 4681 1802 4732 κατά

198 4771 291 4826 τήν
358 4767 517 4830 ἀξίαν
585 4773 685 4817 τῶν
739 4762 1083 4839 βεϐιωμένων,
1140 4768 1193 4818 τί
1245 4764 1430 4818 κωλύει
1494 4762 1798 4821 καταδυνα-

202 4862 399 4912 στεῦιιν
456 4859 547 4910 τόν
599 4860 799 4914 πένητα
838 4842 976 4927 (33),
1032 4856 1277 4930 ὀρφανοὺς
1325 4857 1569 4927 φονεύειν,
1623 4861 1801 4932 χήραν

201 4954 285 5000 καὶ
331 4945 666 5023 προσήλυτον
711 4942 1045 5011 ἀποκτείνειν,
1097 4944 1272 5004 πάσης
1317 4942 1528 5006 ἀνοσίας
1574 4946 1802 5021 πράξεως

202 5036 545 5109 mncipia,
605 5033 920 5109 ἀκαθάρτοις
972 5035 1060 5084 καὶ
1115 5027 1418 5105 βδελυκτοίς
1441 5034 1661 5105 ζπάθεσι
1712 5038 1802 5087 καὶ

268 5163 315 5197 ⁸⁸
358 5160 521 5237 Psal.
552 5176 635 5237 tu,
663 5161 738 5237 _2.
818 5158 867 5194 ⁸⁵
902 5155 1056 5237 Psal.
1087 5173 1165 5226 ιν,
1197 5161 1254 5213 2.

205 5248 329 5302 xm,»
354 5238 404 5292 1.
476 5234 525 5269 ⁷³
552 5231 704 5287 ibid.

273 5360 381 5429 (31)
421 5353 670 5441 Antiqui
700 5357 846 5441 tres“
870 5349 1006 5441 libri
1041 5347 1395 5441 ⁹διδαςξξκάλιον
1425 5354 1567 5441 *ἡμῖν
1610 5352 1809 5441 ἐνεργέ-

217 5420 409 5486 στατον,
439 5420 610 5486 ΑΙὶυΞ
651 5441 770 5486 pro
811 5420 846 5477 δ
854 5420 1160 5476 ιδασκάλιον
1191 5423 1375 5479 habet
1414 5420 1807 5480 διδασκαλεῖον.

220 5498 318 5556 Alii
343 5500 463 5559 duo
491 5504 551 5559 et
580 5491 728 5556 editi
761 5495 1143 5568 ἐναργεστάτην
1169 5498 1293 5568 ἡμῖν
1325 5491 1700 5550 διδασκαλίαν.

702 5589 951 5643 Parnm“
994 5587 1095 5642 Gn.
1128 5588 1296 5642 XXXI.

1328 5158 1377 5193 ⁸⁸
1417 5157 1532 5215 lsa.
1577 5173 1735 5224 Lvm,
1766 5162 1824 5215 9.

1908 4674 2165 4748 impuris
2192 4678 2247 4732 et
2266 4672 2693 4732 abominandis
2710 4675 2867 4732 vitiis
2885 4693 2955 4734 ac
2977 4678 3262 4735 omnibus
3282 4679 3566 4737 belluinis

1909 4762 2339 4837 cupiditatibus
2359 4763 2777 4835 coinquinari?
2803 4767 3181 4840 Quapropter
3201 4768 3436 4840 prolata
3454 4768 3571 4824 hac.

1909 4853 2226 4923 sententia,
2268 4851 2405 4909 Non
2442 4857 2528 4908 est
2558 4854 2737 4925 Deus,
2768 4854 2832 4912 id
2857 4860 3154 4928 tanquam
3193 4855 3335 4912 inde
3364 4873 3572 4914 conse—

1908 4957 2104 5016 quens
2122 4940 2254 5013 subj
2265 4936 2460 5012 ungit:
2483 4940 2775 5013 Corrupti
2783 4950 2943 5013 sunt,
2960 4949 3014 5002 et
3032 4944 3571 5014 abominabitesfa-

1912 5032 1997 5090 cti
2020 5035 2164 5087 sunt
2191 5031 2256 5086 in
2277 5029 2577 5087 studiis“.
2604 5030 2750 5086 Fieri
2776 5032 2937 5087 enim
2960 5047 3083 5087 non
3103 5035 3302 5104 potest
3327 5036 3446 5088 uta
3475 5031 3572 5088 via

1897 5157 1941 5195 ⁸⁷
1978 5155 2131 5213 Psal.
2171 5172 2248 5223 v1,
2290 5158 2348 5211 2.
2425 5155 2472 5191 ⁸⁸
2519 5153 2673 5211 Psal.
2713 5170 2813 5219 xu,
2852 5157 2909 5209 4.
2985 5156 3033 5189 ⁶⁹
3073 5153 3223 5211 ibid.
3299 5155 3348 5188 ’το
3400 5155 3562 5212 Psal.

1993 5352 2103 5423 (32)
2132 5347 2524 5429 Antiqui'duo
2549 5347 2682 5403 libri
2714 5347 3035 5429 ᾇξιλεοῦσθαι
3067 5352 3150 5400 τὸν
3187 5354 3395 5423 Κύριον.

1996 5426 2107 5495 (33)
2131 5425 2272 5492 Reg.
2303 5424 2536 5493 primus
2556 5427 2646 5471 τοῦ
2669 5424 2900 5480 πένητος.

2941 5587 2993 5639 it
