4088 6194
579 216 683 285 335

1966 209 2025 274 S.
2065 209 2313 270 BASILII
2350 212 2573 272 MAGNI

3827 212 3934 271 336

577 355 685 418 est,
718 346 1029 424 quomodo
1056 344 1280 402 dictum
1312 346 1404 401 est
1430 359 1444 399 :
1476 343 1603 413 Ego
1622 341 1730 415 qui
1756 340 1946 398 lucem
1967 337 2212 396 condidi

2340 339 2543 410 εἴρηται
2598 339 2678 405 τὸ,
2731 337 2860 410 Ἐγὼ
2915 336 2943 390 ὃ
2989 337 3410 404 κατασκευάσας,
3468 343 3592 409 φῶς,
3632 337 3719 388 καὶ
3772 340 3933 395 ποιή-

576 445 630 498 et
643 442 768 512 feci
785 437 1057 496 tenebras
1077 452 1090 490 :
1108 435 1341 506 faciens
1348 437 1644 503 pacem,et
1661 446 1868 488 creans
1888 428 2134 485 mala"?
2150 431 2232 482 Ac

573 547 785 586 rursus
816 550 828 585 :
860 525 1329 591 Descenderunt,
1363 522 1580 596 inquit,
1610 522 1773 577 mata
1795 537 1832 578 a
1853 520 2107 575 Domino
2136 533 2233 573 su-

564 636 681 690 per
694 625 903 689 portas
928 615 1263 673 Jerusalem
1286 615 1353 667 τε.
1382 615 1448 669 Et
1477 629 1490 667 :
1520 612 1656 668 Non
1677 618 1760 668 est
1787 610 2027 667 malitia
2061 609 2125 664 in
2150 607 2229 664 ci-

572 711 776 775 vitate,
800 722 983 779 quam
1011 704 1304 759 Dominus
1335 717 1456 759 non
1485 701 1784 772 fecerit".
1817 702 1883 756 Et
1909 698 1971 756 in
2001 711 2229 767 magno

570 797 671 853 illo
693 795 907 868 Moysis
933 792 1169 850 cantico
1199 808 1213 846 :
1248 791 1467 854 Videte,
1490 790 1685 847 videte
1703 789 1845 861 quia
1865 803 1971 859 ego
1985 800 2155 842 sum:
2174 789 2229 841 et

568 902 687 942 non
712 891 795 940 est
824 885 978 939 Deus
1014 886 1239 951 praeter
1264 895 1392 936 me:
1424 879 1555 949 Ego
1600 878 1889 947 occidam,
1935 880 1992 932 et
2030 875 2229 931 vivere

563 975 793 1044 faciam
822 993 835 1027 :
860 970 1217 1042 percutiam,
1243 975 1299 1027 et
1319 984 1426 1039 ego
1454 968 1769 1025 sonabo".
1793 964 1910 1023 Sed
1937 964 2087 1020 nihil
2115 963 2227 1020 ho-

566 1079 701 1118 rum
724 1061 889 1135 apud
907 1076 1011 1117 eos
1035 1059 1140 1132 qui
1165 1058 1482 1131 Scripturaa
1500 1072 1748 1112 sensum
1773 1053 2013 1121 callent,
2038 1055 2225 1109 Deum

562 1151 874 1221 redarguit
892 1154 1189 1221 tanquam
1215 1151 1527 1203 auctorem
1556 1143 1856 1201 malorum
1887 1147 2068 1215 atque
2089 1141 2225 1198 effe-

563 1247 815 1299 ctorem.
857 1242 971 1305 Qui
1002 1237 1165 1293 enim
1195 1235 1347 1292 dixit
1378 1254 1391 1291 :
1425 1237 1567 1306 Ego,
1598 1234 1704 1306 qui
1723 1233 1912 1290 condo
1942 1232 2224 1299 lucem,'et

560 1330 724 1401 facio
748 1328 1155 1397 tenebras,per
1171 1324 1300 1380 haec
1322 1339 1385 1380 se
1404 1338 1609 1379 rerum
1634 1321 1916 1394 opiﬁcem
1935 1319 2220 1386 declarat,

559 1434 684 1475 non
724 1416 868 1472 mali
911 1414 1089 1470 ullius
1137 1413 1501 1469 effectorem.
1546 1416 1753 1484 Itaque
1799 1425 1875 1466 ne
1914 1408 2223 1465 existimes

558 1507 749 1562 alium
804 1519 938 1560 esse
974 1502 1128 1559 lucis
1180 1507 1510 1567 auctorem,
1553 1499 1738 1556 alium
1791 1497 2219 1564 tenebrarum;

557 1594 712 1651 dixit
741 1609 822 1651 se.
853 1608 1064 1648 eorum
1111 1607 1249 1664 quae
1279 1590 1342 1646 in
1383 1589 1567 1646 rebus
1595 1587 1811 1645 creatis
1865 1586 1982 1643 sibi
2012 1586 2223 1642 adver-

2341 444 2439 487 σας
2506 430 2735 495 σκότος,
2811 434 2970 478 ποιῶν
3038 426 3243 499 εἰρήνην
3325 430 3416 478 καὶ
3483 424 3675 485 κτίζων
3748 426 3930 489 κακά;

2339 517 2441 566 Καὶ
2486 513 2660 566 πάλιν·
2718 513 2942 582 Κατέϐη,
2994 517 3147 586 φησὶ,
3197 516 3335 566 κακὰ
3385 515 3529 587 παρα
3591 517 3783 587 Κυρίου
3845 511 3929 565 ἐπὶ

2335 601 2500 665 πύλας
2564 602 2923 679 Ἰερουσαλήμ·
3005 607 3113 655 καὶ·
3172 602 3282 654 Οὔκ
3335 604 3449 655 ἔστι
3511 607 3674 654 κακία
3737 600 3785 654 ἓν
3841 606 3932 655 πό-

2333 689 2428 759 λει,
2500 691 2560 749 ἣν
2619 695 2808 766 Κύριος
2873 692 2969 745 οὐκ
3040 691 3277 750 ἐποίησε.
3334 690 3436 745 Καὶ
3496 689 3544 743 ἓν
3600 699 3663 764 τῇ
3731 690 3924 764 μεγάλῃ

2335 776 2448 854 ᾠδῇ
2490 789 2582 833 τοῦ
2626 785 2895 844 Μοῦσέως·
2947 775 3135 849 Ἴδετε,
3175 776 3332 847 ἶδενε,
3373 782 3454 833 ὅτι
3491 783 3605 849 (43)
3644 779 3745 852 ἐγώ
3802 780 3929 853 εἰμι,

2332 873 2423 922 καὶ
2487 870 2583 922 οὐκ
2659 873 2774 923 ἔστι
2843 873 2967 933 Θεός
3052 870 3185 929 πλήν
3259 868 3403 943 ἔμοῦ·
3473 868 3570 941 ἐγὼ
3647 867 3926 936 ἀποκτενῶ,

2332 962 2423 1011 καὶ
2485 958 2581 1032 ζῇν
2646 965 2875 1019 ποιήσω·
2941 959 3194 1027 πατὰξω,
3275 957 3419 1031 κάγὼ
3497 958 3734 1032 ἰάσομαι.
3799 956 3931 1012 Ἀλλ’

2332 1043 2483 1100 οὐδὲν
2543 1050 2737 1100 τούτων
2804 1057 2877 1121 τῷ
2944 1052 3170 1102 συνιέντι
3232 1051 3319 1100 τόν
3383 1054 3500 1099 νοῦν
3561 1056 3657 1110 τῆς
3723 1052 3929 1121 Γραφής

2331 1142 2651 1214 κατηγορίαν
2681 1140 2794 1210 ἔχει
2825 1146 2979 1205 Θεοῦ,
3013 1141 3082 1201 ὡς
3124 1146 3297 1190 κακῶν
3350 1138 3521 1190 αἰτίου
3565 1141 3655 1190 καὶ
3683 1143 3927 1196 ποιητοῦ’

2331 1228 2358 1280 ό
2415 1230 2518 1303 γὰρ
2572 1228 2745 1295 εἰπὼν,
2805 1229 2886 1281 ὅτι
2941 1227 3067 1300 Ἐγὼ
3119 1229 3146 1280 ό
3210 1227 3616 1289 κατασκευάζων
3666 1235 3790 1299 φῶς,
3841 1230 3931 1279 καὶ

2328 1324 2491 1370 ποιῶν
2550 1321 2756 1383 σκότος,
2800 1325 2898 1380 τῆς
2947 1320 3167 1378 κτίσεως
3220 1313 3544 1390 δημιουργόν
3601 1314 3779 1369 ἑαυτὸν
3838 1310 3933 1368 διὰ

2328 1407 2524 1458 τούτων
2570 1411 2914 1480 παρίστησιν,
2961 1405 3089 1477 ουχὶ
3140 1412 3304 1458 κακοῦ
3346 1425 3485 1468 τινος
3528 1409 3773 1464 ποιητήν.
3822 1410 3934 1459 Ἵνα

2328 1498 2499 1547 τοίνυν
2545 1497 2618 1567 μὴ
2658 1498 2882 1568 νομίσῃς
2928 1493 3078 1546 ἄλλον
3108 1497 3199 1567 μεν
3244 1491 3373 1547 εἶναι
3418 1501 3510 1546 τοῦ
3541 1496 3707 1565 φωτός
3739 1495 3927 1563 αἴτιον,

2329 1582 2478 1635 amoti
2545 1579 2605 1636 δε
2660 1591 2752 1636 τοῦ
2807 1588 3046 1650 σκότους,
3107 1583 3285 1636 ἑαυτου
3338 1579 3447 1636 εἷπε
3486 1590 3587 1634 τῶν
3636 1577 3930 1635 δοκούντων

558 1681 677 1739 sari
699 1680 976 1737 videntur
987 1678 1330 1735 etfectorem
1343 1693 1474 1733 esse
1488 1680 1543 1733 et
1562 1675 1862 1748 opificem;
1884 1690 1960 1731 ne
1980 1689 2215 1747 quaeras

2328 1669 2566 1734 ἔναντίως
2615 1674 2755 1743 ἔχειν
2808 1675 2943 1725 κατὰ
2988 1675 3083 1730 τήν
3133 1676 3307 1725 κτίσίν
3346 1676 3564 1730 ποιητήν
3611 1676 3702 1725 καὶ
3755 1676 3933 1744 τεχνί-

558 1772 743 1829 alium
783 1769 962 1839 ignis,
994 1767 1182 1823 alium
1230 1771 1413 1839 atque
1462 1766 1774 1832 artiﬁcem,
1801 1779 2002 1836 neque
2031 1762 2217 1819 alium

557 1860 732 1927 aeris,
794 1864 852 1915 et
904 1858 1091 1914 alium
1141 1863 1331 1928 terrae,
1382 1855 1549 1928 quod
1605 1854 1734 1911 haec
1787 1853 1991 1926 aliquo
2031 1852 2217 1909 modo

550 1950 725 2022 juxta
758 1946 1122 2020 qualitatum
1163 1944 1650 2002 contrarietatem
1679 1943 1835 1998 inter
1853 1957 1917 1998 se
1937 1941 2219 2014 opposita

554 2052 685 2093 esse
713 2035 1055 2092 videantur.
1100 2032 1277 2099 Quod
1314 2031 1463 2087 dum
1490 2029 1767 2087 nonnulli
1800 2030 1934 2100 jam
1964 2028 2212 2097 faciunt,

553 2127 701 2183 deos
756 2124 977 2181 multos
1028 2122 1353 2178 admisere.
1403 2120 1567 2176 Facit
1612 2124 1816 2175 autem
1870 2133 2105 2191 pacem,
2157 2120 2216 2173 et

551 2218 714 2271 creat
733 2213 912 2269 mala.
935 2210 1184 2269 Maxime
1204 2208 1453 2281 quidem
1474 2208 1535 2262 in
1569 2212 1623 2263 te
1645 2222 1862 2279 pacem
1883 2205 2048 2273 facit,
2073 2220 2214 2260 cum

552 2319 659 2376 per
700 2302 932 2357 bonam
978 2296 1323 2354 doctrinam
1374 2298 1639 2351 mentem
1692 2300 1859 2350 tuam
1888 2290 2217 2349 reddiderit

552 2388 965 2463 tranquillam,
991 2386 1366 2457 affectusque
1395 2383 1457 2440 in
1485 2383 1759 2439 animam
1778 2380 2216 2439 rebellesseda-

551 2481 649 2536 rit.
686 2482 858 2537 Crent
885 2491 1024 2532 vero
1056 2474 1257 2539 mala;
1290 2474 1409 2529 hoc
1429 2477 1541 2542 est,
1575 2475 1942 2528 transmutat
1965 2470 2127 2543 ipsa,
2159 2474 2217 2527 et

554 2570 618 2626 in
650 2568 962 2625 meliorem
991 2567 1215 2620 statum
1257 2561 1526 2629 adducit,
1572 2565 1657 2629 ut,
1690 2576 1830 2617 cum
1866 2560 2033 2617 mala
2078 2575 2216 2616 esse

553 2657 861 2726 desierint,
905 2659 1033 2711 tum
1062 2652 1211 2708 boni
1236 2655 1519 2707 naturam
1551 2649 1824 2706 induant.
1881 2650 2001 2705 Cor
2043 2665 2213 2705 mun-

552 2746 694 2801 dum
722 2759 861 2801 crea
902 2746 966 2798 in
1007 2757 1121 2806 me,
1162 2743 1320 2797 Deus
1336 2742 1411 2795 7°.
1452 2742 1579 2796 Non
1618 2753 1784 2795 nunc
1812 2753 1972 2806 crea,
2006 2737 2113 2793 sed
2140 2737 2215 2793 il-

550 2833 659 2890 lud
705 2849 818 2906 per
863 2830 1163 2887 malitiam
1220 2828 1621 2884 inveteratum
1674 2842 1919 2883 renova.
1966 2829 2032 2882 Et
2076 2843 2090 2881 :
2144 2828 2214 2884 Ut

552 2924 701 2979 duos
731 2926 886 2979 creet
915 2921 979 2975 in
1002 2934 1189 2974 unum
1216 2933 1435 2974 novum
1458 2916 1753 2973 hominem
1770 2917 1839 2971 ⁸⁸).
1865 2914 2215 2972 Adhibitum

551 3017 643 3069 est
677 3011 793 3067 hoc
819 3007 1089 3077 verbum,
1115 3012 1290 3073 creet,
1319 3021 1444 3061 non
1467 3010 1534 3061 ut
1573 3021 1645 3061 ex
1675 3003 1864 3060 nihilo
1894 3003 2211 3076 producat,

552 3099 661 3156 sed
689 3104 754 3155 ut
773 3113 877 3154 eos
905 3095 1011 3168 qui
1032 3095 1164 3166 jam
1187 3092 1579 3160 exsistebant,
1600 3091 2014 3149 transformat.
2048 3094 2213 3159 Item,

551 3190 624 3247 Si
658 3202 779 3259 qua
819 3188 882 3240 in
915 3184 1157 3241 Christo
1186 3188 1272 3240 est
1308 3197 1465 3238 nova
1492 3182 1858 3238 creatura“.
1889 3185 1971 3236 Ac
2003 3195 2217 3236 rursus

552 3279 789 3347 Moyses
827 3289 841 3329 :
881 3272 1097 3328 Nonne
1124 3271 1221 3327 hic
1247 3270 1372 3339 ipse
1393 3276 1573 3338 pater
1598 3275 1737 3324 tuus
1765 3268 2024 3338 possedit
2055 3273 2131 3336 te,
2160 3272 2218 3324 et

547 3365 693 3435 fecit
726 3367 801 3430 te,
833 3366 886 3416 et
927 3359 1153 3415 creavit
1181 3357 1350 3414 te"?
1399 3357 1501 3413 llic
1550 3357 1711 3412 enim
1755 3354 1924 3418 illud,
1964 3357 2211 3427 creavit,

552 3451 721 3525 quod
764 3452 905 3527 post
948 3446 1204 3503 verbum
1250 3447 1396 3516 fecit
1440 3446 1707 3517 positum
1748 3449 1858 3516 est,
1901 3443 2216 3517 perspicue

552 3555 667 3598 nos
685 3539 878 3609 docet,
903 3551 1127 3593 nomen
1152 3534 1473 3591 creationis
1491 3550 1601 3606 pro
1623 3532 1893 3606 quadam
1917 3534 1981 3589 in
2002 3531 2219 3588 melius

553 3628 889 3686 mutatione
910 3625 1271 3697 plerumque
1292 3623 1593 3695 usurpari.
1617 3626 1821 3695 Itaque
1839 3623 2093 3679 Faciens
2108 3637 2215 3691 pa-

551 3734 697 3785 cem,
730 3717 812 3773 ita
857 3730 1076 3789 pacem
1123 3712 1289 3780 facit,
1324 3712 1599 3768 videlicet
1627 3727 1700 3767 ex
1746 3727 1817 3767 eo
1854 3710 2025 3784 quod
2054 3713 2218 3767 creat

551 3806 859 3875 mala,lxoe
875 3806 1361 3869 est,transmutat
1380 3805 1440 3857 et
1458 3799 1990 3857 emendat.Deinde
2010 3798 2215 3856 etiam-

553 3897 604 3954 si
644 3911 861 3969 pacem
891 3892 1191 3962 intelligas
1233 3890 1615 3947 vacationem
1667 3905 1704 3945 a
1732 3888 1926 3957 bellis,
1958 3888 2214 3944 malum-

552 4002 671 4060 que
701 3984 872 4040 dicas
906 3980 1211 4038 molestias
1239 3995 1377 4052 quae
1404 3978 1831 4049 belligerantes
1856 3982 2212 4051 sequuntur,

552 4072 966 4148 expeditiones
1013 4068 1406 4141 longinquas,
1447 4067 1711 4138 labores,
1743 4066 2003 4137 vigilias,
2033 4067 2211 4123 timo-

549 4179 667 4225 res,
710 4161 986 4228 sudores,
1035 4157 1307 4223 vulnera,
1353 4155 1572 4227 caedes,
1613 4155 1858 4212 urbium
1904 4171 2212 4228 expugna-

550 4253 769 4322 tiones,
806 4249 1173 4318 servitutem,
1220 4244 1450 4315 exsilia,
1494 4243 1846 4301 miseranda
1890 4250 2210 4318 captorum

551 4337 920 4412 spectacula,
954 4341 1012 4393 et
1036 4336 1098 4392 in
1130 4349 1393 4403 summa,
1416 4332 1809 4390 incommoda
1829 4334 2036 4390 omnia
2051 4350 2211 4407 quae-

549 4442 792 4499 cunque
822 4425 982 4482 bella
1011 4424 1379 4480 comitantur
1411 4439 1424 4477 :
1454 4422 1712 4479 dicimus
1740 4421 1868 4478 ﬁeri
1895 4423 2026 4480 htec
2045 4423 2209 4495 justo

542 4514 774 4587 judicio
820 4513 942 4583 Dei,
987 4512 1083 4582 iis,
1131 4511 1238 4585 qui
1267 4510 1568 4585 supplicio
1607 4511 1770 4584 digni
1802 4515 1965 4582 sunt,
1993 4528 2209 4585 poenas

1131 4691 1177 4727 7°
1207 4688 1380 4747 Mich.
1415 4704 1456 4756 ι,
1496 4690 1579 4744 l2.
1656 4689 1702 4724 ⁷⁷
1738 4691 1922 4746 Amos
1950 4705 2034 4759 ιιι,
2065 4691 2120 4745 6.

1127 4761 1173 4797 ⁸³
1206 4763 1377 4816 Deut.
1409 4775 1607 4828 χχχιιι,
1642 4762 1694 4815 6.

616 4694 664 4730 ⁷⁵
699 4696 806 4749 lsa.
836 4706 970 4751 κων.
996 4695 1052 4746 7.

545 4767 591 4803 εί
628 4770 669 4824 ll
700 4765 836 4822 Cor.
866 4778 925 4830 ν,
962 4766 1048 4818 17.

613 4909 723 4982 (43)
755 4904 1146 4982 Antiquitres
1175 4901 1312 4982 libri
1342 4897 1528 4982 Ἴδετε,
1563 4907 1743 4982 φησὶν,
1772 4904 1872 4982 ὅτι,

612 4974 723 5051 (44)
784 4974 951 5035 0015.
991 4976 1211 5051 tertius
1264 4974 1347 5051 ἵνα
1393 4978 1463 5051 μή
1517 4979 1740 5051 νομίσῃς
1789 4974 1964 5051 οξλλον,
2004 4979 2071 5051 ut
2126 4988 2201 5032 ne

539 5045 910 5111 existimares
935 5049 1126 5104 alium
1156 5062 1279 5103 esse
1306 5045 1467 5116 ignis
1491 5046 1780 5114 opiﬁcem.
1806 5048 1945 5115 Reg.
1965 5045 2200 5116 primus

542 5132 624 5180 ἱνα
664 5128 735 5197 μὴ
799 5122 1034 5192 ζητήσῃς
1092 5117 1243 5170 ἄλλον
1302 5118 1437 5183 τινά,
1481 5123 1546 5172 ut
1596 5132 1670 5173 ne
1719 5131 1950 5188 quazras
2000 5117 2197 5173 ultum

540 5201 755 5257 alium,
787 5198 897 5249 ctc.

584 5254 719 5336 {(4:3)
745 5254 1001 5336 Codices
1035 5258 1459 5336 Combeﬁsiapi
1484 5254 1709 5336 καρδίαν
1737 5261 1863 5333 γάρ.

611 5329 725 5411 (1(3)
760 5334 1001 5411 Antiqui
1034 5332 1157 5411 duo
1187 5332 1319 5411 libri
1352 5331 1497 5411 οῦτός
1539 5329 1689 5411 eoae
1728 5329 1938 5411 πατὴρ..
1962 5329 2192 5411 Ibidem

536 5400 798 5478 uti-aque
819 5400 1005 5478 editio
1028 5410 1084 5458 et
1112 5403 1281 5460 (Iolb.
1301 5403 1532 5478 primus
1554 5408 1610 5457 et
1637 5405 1774 5478 Heg.
1808 5400 2016 5457 tertius
2038 5400 2193 5478 _é_:<:"r’,-

537 5487 664 5536 σατό
697 5473 788 5529 ῖτε.
841 5482 930 5527 καὶ
971 5474 1183 5533 ἐποίησέ
1233 5473 1317 5541 σε,
1355 5479 1444 5526 καὶ
1492 5475 1664 5526 ἔκτισέ
1715 5492 1790 5540 σε,
1838 5473 2099 5542 possedit
2138 5480 2195 5530 te

2195 4689 2244 4725 ⁷⁸
2275 4691 2445 4747 Deut.
2481 4706 2661 4764 XXXII,
2696 4693 2786 4749 39.
2860 4690 2910 4728 7°
2937 4690 3093 4751 Psal.
3127 4708 3179 4759 ι,
3224 4696 3311 4751 l2.

2326 1779 2440 1828 τήν,
2493 1763 2577 1812 ἵνα
2621 1763 2692 1833 μή
2737 1760 2980 1834 ζητήσῃς
3024 1759 3174 1812 ἄλλον
3218 1760 3332 1833 (4-4)
3375 1763 3542 1835 πυρός
3581 1757 3927 1835 δημιουργόν,

2324 1853 2415 1902 καὶ
2460 1848 2613 1901 ἄλλον
2659 1845 2873 1917 ὕδατος,
2905 1845 3046 1921 μήδε
3093 1848 3241 1902 ἄλλον
3290 1847 3457 1922 ἀέρος,
3498 1853 3589 1901 καὶ
3619 1848 3767 1902 ἄλλον
3806 1858 3928 1922 γῆς·

2324 1933 2505 1995 ἐπειδὴ
2563 1933 2709 1990 δοκεῖ
2747 1958 2859 2000 πως
2904 1937 3229 1990 ἀντικεῖσθαι
3266 1935 3505 2000 ἀλλήλοις
3532 1941 3667 1991 κατά
3702 1943 3797 1997 τήν
3827 1948 3928 1992 τῶν

2322 2031 2614 2084 ποιοτήτων
2662 2024 2979 2081 ἐναντίωσιν.
3028 2025 3190 2102 Ὀπερ
3239 2022 3346 2085 ἤδη
3392 2030 3529 2089 τινες
3575 2029 3824 2091 παθόντες
3855 2029 3930 2091 εἰς

2319 2113 2595 2167 πολυθείαν
2642 2113 2964 2188 ἐτράπησαν.
3022 2120 3167 2167 Ποιςί
3216 2110 3276 2167 δι
3325 2114 3555 2190 εἰρήνην,
3613 2120 3703 2168 καὶ
3754 2118 3928 2178 κτίζει

2322 2205 2479 2259 κακά.
2530 2203 2777 2257 Μάλιστα
2829 2207 2921 2277 μὲν
2975 2204 3181 2279 εἰρήνην
3227 2212 3367 2257 ποιεῖ
3408 2202 3458 2257 ἄν
3511 2209 3614 2273 σοὶ,
3658 2207 3781 2258 ὅταν
3832 2202 3929 2259 διὰ

2322 2301 2419 2354 τῆς
2470 2292 2636 2355 καλῆς
2684 2288 3039 2355 διδασκαλίας
3089 2296 3463 2367 κατειρηνεῦσῃ
3508 2296 3596 2346 τὸν
3637 2302 3753 2347 νοῦν
3804 2314 3925 2363 σου,

2322 2385 2413 2434 καὶ
2461 2377 2710 2455 διαλλάξῃ
2762 2384 2829 2434 τὰ
2868 2384 3009 2441 πάθη
3055 2383 3122 2434 τὰ
3161 2386 3293 2457 πρὸς
3338 2386 3432 2441 τήν
3477 2381 3663 2455 ψυχήν
3705 2386 3930 2437 στασιά-

2325 2471 2499 2531 ζοντα·
2550 2474 2719 2534 κτίζει
2767 2467 2827 2523 δε
2881 2473 3037 2523 κακά’
3095 2475 3355 2539 τουτέστι,
3410 2481 3730 2545 μετακοσμεί
3791 2473 3930 2525 αῦτὰ

2322 2564 2413 2612 καί
2465 2559 2536 2622 εἰς
2603 2558 2881 2632 βελίτωσιν
2933 2561 3069 2632 οἴγειο
3126 2564 3279 2627 ὥστε,
3330 2558 3619 2634 ἀποθέμενα
3671 2565 3731 2613 τό
3795 2560 3929 2621 εἶναι

2322 2650 2480 2714 κακὰ,
2508 2652 2602 2706 τήν
2641 2656 2733 2700 τοῦ
2781 2647 2941 2701 καλοῦ
2980 2652 3136 2722 φύσιν
3180 2647 3503 2721 μεταλαϐεῖν.
3548 2646 3783 2723 Καρδίαν
3813 2651 3927 2721 (45)

2322 2738 2557 2811 καθαρὰν
2611 2741 2792 2789 κτίσον
2839 2735 2888 2789 ἓν
2944 2735 3079 2811 ἐμοὶ,
3134 2738 3160 2789 ό
3208 2738 3546 2810 Θεὸς.-Οῦχὶ
3609 2747 3697 2790 νῦν
3754 2734 3928 2811 δημι-

2324 2827 2603 2898 ούργησον,
2637 2824 2764 2878 ἀλλὰ
2792 2830 2879 2885 τήν
2924 2824 2978 2878 ἐκ
3015 2834 3110 2887 τῆς
3154 2831 3342 2889 κακίας
3377 2826 3762 2880 παλαιωθείσαν
3794 2826 3927 2880 ἀνα-

2324 2919 2576 2968 καίνισον.
2631 2918 2751 2981 Καὶ,
2794 2921 2903 2968 Ἵνα
2956 2918 3078 2977 τοὺς
3134 2911 3231 2968 δύο
3270 2920 3425 2988 κτίσῃ
3478 2916 3549 2977 εἰς
3602 2917 3689 2969 ἕνα
3746 2920 3927 2969 καινὸν

2255 3036 2295 3092 C
2325 3004 2611 3078 ἄνθρωπον.
2645 3008 2736 3070 Τό,
2768 3008 2947 3077 κτίσῃ,
2980 3003 3086 3076 οὐχ
3131 3007 3213 3057 ἱνα
3249 3003 3304 3056 ἐκ
3351 3012 3444 3058 τοῦ
3491 3009 3563 3079 μὴ
3596 3010 3738 3068 ὄντος
3781 3027 3929 3081 παρ-

2327 3096 2520 3166 α7ά7ἒ7ν
2577 3090 2688 3144 ἀλλ’
2737 3093 2821 3144 ἵνα
2870 3096 2991 3154 τούς
3043 3097 3192 3156 ὄντας
3238 3100 3644 3168 μετακοσμήσῃ.
3694 3101 3814 3164 Καὶ,
3864 3099 3931 3149 Εἰ

2324 3199 2405 3243 τις
2461 3179 2512 3233 ἐν
2550 3187 2765 3254 Χριστῷ
2812 3185 2960 3239 καινή
3006 3185 3199 3243 κτίσις.
3250 3185 3351 3234 Καὶ
3394 3181 3547 3235 πάλιν
3595 3184 3621 3234 ό
3668 3190 3925 3245 Μωῦσῆς·

2324 3267 2436 3321 Οὐκ
2497 3271 2654 3330 αυτὸς
2712 3268 2860 3330 οὗτος
2923 3269 2949 3320 ὃ
3016 3287 3110 3322 σου
3176 3273 3349 3343 πατὴρ
3400 3267 3657 3329 ἐκτήσατό
3712 3291 3788 3339 σε,
3832 3277 3928 3325 καὶ

2325 3358 2534 3415 ἐποίησέ
2578 3376 2654 3422 σε,
2705 3363 2795 3410 καὶ
2843 3359 3017 3412 ἔκτισί
3061 3377 3117 3411 σε
3157 3360 3310 3429 (lt-6);
3353 3366 3529 3432 Σαφῶς
3571 3363 3670 3434 γὰρ
3703 3358 3930 3416 ενταῦθα

2323 3449 2454 3520 μετὰ
2477 3450 2571 3506 τήν
2609 3451 2822 3505 ποίησιν
2870 3448 2899 3505 ἡ
2947 3450 3119 3509 κτίσις
3167 3449 3432 3519 ταχθεῖσα
3470 3445 3721 3502 διδάσκει
3758 3452 3923 3522 ἡμᾶς,

2323 3538 2405 3589 ὅτι
2453 3534 2538 3588 ἐπί
2585 3543 2682 3598 τῆς
2730 3533 3049 3608 βελτιώσεως
3097 3540 3364 3607 τέτακται,
3422 3540 3492 3600 ὡς
3538 3541 3604 3591 τὰ
3648 3538 3827 3607 πολλὰ,
3863 3543 3924 3592 τὸ

2323 3633 2418 3688 τῆς
2484 3630 2704 3687 κτίσεως
2770 3629 2948 3698 ὄνομα.
3015 3624 3175 3679 Ὠστε
3240 3628 3411 3680 Ῐιοιὼν
3476 3627 3720 3701 εἰρήνην,
3785 3629 3925 3683 οὕτω

2321 3722 2462 3768 ποιεῖ
2495 3718 2589 3773 τήν
2633 3714 2861 3788 εἰρήνην,
2902 3713 2955 3766 ἐκ
2994 3722 3086 3767 τοῦ
3123 3717 3191 3767 τὰ
3228 3718 3368 3768 κακὰ
3404 3717 3623 3777 κτίζειν-
3654 3721 3920 3787 τουτέστι,

2321 3810 2638 3877 μεταποιεῖν,
2688 3806 2777 3856 καὶ
2820 3801 2891 3865 εἰς
2934 3800 3210 3876 βελτίωσιν
3253 3805 3418 3876 οἴγειν.
3460 3804 3676 3859 Ἐπειτα
3720 3810 3920 3878 μέντοι,

2320 3891 2417 3944 κᾶν
2446 3896 2654 3965 εἰρήνην
2700 3896 2896 3965 νοήσῃς
2934 3896 3027 3951 τήν
3075 3890 3133 3944 ἔκ
3178 3900 3278 3945 τῶν
3320 3892 3552 3967 πολέμων
3596 3889 3799 3962 ἄδειαν,
3828 3901 3925 3950 καὶ

2320 3982 2480 4032 κακόν
2529 3979 2675 4053 εἰπῃς
2721 3982 2789 4033 τὰ
2860 3979 3243 4034 ἀκολουθοῦντα
3290 3989 3400 4044 τοῖς
3451 3983 3763 4057 πολεμοῦσιν
3811 3982 3927 4037 ἐπί-

2319 4088 2470 4135 πονα,
2540 4066 2875 4143 ἐκστρατείας
2939 4071 3264 4145 ὑπερορίους,
3330 4076 3540 4140 πόνους,
3604 4070 3921 4145 ἀγρυπνίας,

2321 4155 2543 4230 ἀγωνίας
2588 4159 2720 4230 (47),
2774 4155 3022 4234 ἱδρῶτας,
3088 4162 3380 4235 τραύματα,
3443 4163 3668 4234 σφαγὰς,
3725 4162 3925 4216 πόλεων

2319 4247 2556 4315 ἁλώσεις,
2611 4243 3096 4321 ἀνδραποδισμοὺς,
3145 4246 3449 4321 ἀπαγωγὰς,
3482 4253 3548 4302 τα
3595 4249 3782 4303 ἐλεεινὰ
3816 4261 3925 4304 τῶν

2319 4336 2540 4389 ἁλόντων
2574 4338 2826 4410 θεάματα,
2872 4343 2962 4391 καὶ
3009 4337 3184 4400 ἁπλῶς
3231 4340 3333 4391 ὅσα
3376 4337 3588 4415 λυπηρὰ
3634 4348 3741 4402 τοῖς
3774 4341 3926 4395 πολέ-

2317 4445 2434 4499 μοις
2490 4424 2776 4494 ἁκολουθεῐ,
2844 4425 3052 4499 λέγομεν
3118 4430 3292 4501 κρίσει
3355 4428 3470 4496 (48)
3532 4435 3665 4481 Θεοῦ
3732 4425 3927 4504 δικαίᾳ

2316 4515 2576 4586 γενέσθαι,
2610 4521 2719 4578 τοῖς
2766 4512 2930 4577 ἀξίοις
2982 4514 3243 4578 κολάσεως
3287 4513 3381 4570 δια
3421 4524 3522 4570 τῶν
3560 4517 3793 4591 πολέμων
3824 4522 3926 4583 τὰς

3390 4693 3438 4730 ⁸ο
3466 4692 3682 4767 Ephes.
3713 4709 3775 4765 ιι,
3814 4695 3915 4757 15.

2309 4910 2364 4963 et
2387 4906 2532 4982 fecit
2562 4911 2637 4975 te,
2667 4912 2723 4965 et
2744 4907 2972 4982 creavit
2998 4914 3073 4982 te.
3107 4911 3171 4964 In
3202 4908 3435 4982 caeteris
3456 4907 3705 4982 quidem
3742 4911 3922 4971 σου).

2308 4978 2512 5034 tertius
2533 4979 2832 5051 consentit
2850 4995 2989 5051 cum
3010 4978 3084 5035 iis
3108 4995 3264 5051 quos
3286 4978 3552 5051 diximus
3571 4979 3743 5051 libris
3770 4999 3784 5037 :
3808 4985 3928 5040 sed

2352 5065 2418 5104 ro
2437 5052 2615 5131 ἔκτισε
2634 5049 2820 5131 liabet
2848 5049 3058 5131 ἔπλασε,
3090 5049 3408 5131 [armauit
3449 5050 3566 5131 Alit
3596 5050 3723 5131 duo
3765 5070 3925 5115 mss.

2356 5119 2548 5196 egii‘et
2578 5121 2741 5196 Colb.
2761 5121 3067 5196 secundus
3092 5119 3341 5196 Emicat-:6
3376 5141 3451 5190 σε,
3476 5127 3566 5196 καί
3589 5121 3804 5181 ἐποίησέ
3839 5145 3922 5196 σε,

2305 5196 2394 5241 καὶ
2407 5190 2617 5270 telae;
2628 5211 2717 5270 es,
2733 5194 2960 5270 creavit
2988 5199 3060 5270 te,
3086 5199 3141 5249 et
3159 5195 3307 5261 fecit
3334 5199 3487 5270 te,_et
3504 5195 3802 5270 formavit
3827 5190 3916 5254 te.

2378 5264 2487 5331 (47)
2518 5262 2661 5341 liditi
2696 5262 2996 5341 ἀγρυπνίας,
3027 5262 3246 5341 ἀγῶνας,
3268 5265 3805 5341 _vig_ilias,_pra?lia.
3838 5270 3925 5325 At

2305 5349 2452 5387 mss.
2480 5333 2920 5406 δεδι-ἀγρυπνίας,
2951 5333 3195 5406 αγωνίας,
3218 5333 3475 5406 vigilias,
3505 5338 3769 5394 timores.

2374 5406 2483 5493 (48’)
2514 5404 3102 5493 Colbi‘primus‘le‘ym
3127 5404 3318 5481 κρίσει.
3339 5409 3467 5463 Mox
3500 5409 3645 5479 Reg.
3676 5409 3926 5480 primus

2302 5476 2538 5547 γίνεσθαι
2558 5484 2663 5536 τοῖς
2690 5475 2850 5539 ἀξίοις
2877 5475 3157 5532 κολάσεων.
