4088 6194
189 327 275 383 337
1036 331 1203 387 HOM.
1245 330 1441 398 QUOD
1483 332 1663 388 DEUS
1702 328 1844 388 NON

1884 329 2009 387 EST
2045 331 2325 389 AUCTOR
2364 331 2705 388 MALORUM
3447 332 3551 390 338

190 448 434 524 τιμωρίας
466 450 777 524 ἐπάγοντος.
819 451 889 505 ⁴Η
932 457 994 506 σὺ
1043 453 1250 507 ἐϐούλου
1299 460 1370 529 μὴ
1404 457 1777 531 καταπρησθῆ-

1898 468 2006 526 per
2048 453 2207 512 bella
2235 454 2580 526 irrogantis.
2619 459 2709 510 An
2754 454 2872 527 76
2914 457 2978 510 tu
3018 469 3144 511 non
3200 453 3288 511 vis
3329 454 3553 511 tradita

190 560 263 590 ναι
287 544 352 591 τα
376 537 599 613 Σόδομα
643 544 777 615 μετὰ
825 545 920 605 τας
965 540 1331 619 ἀνοσιουργίας
1361 544 1552 607 ἐκείνας
1584 562 1599 612 ;
1653 546 1683 604 ἦ
1712 549 1783 617 μὴ

189 639 621 703 καταστραφῆναι
666 635 762 688 τὴν
822 632 1181 705 Ἰερουσαλὴμ,
1254 630 1394 707 μηδὲ
1450 633 1788 708 ίρημωθῆναι

188 723 265 771 τὸν
316 724 465 789 ναὸν,
517 721 653 792 μετὰ
705 724 795 778 τὴν
844 725 1057 794 φρικτην
1110 724 1244 774 κατά
1297 730 1391 775 τοῦ
1440 727 1635 799 Κυρίου
1686 730 1787 774 τῶν

189 805 453 863 Ἰουδαίων
508 807 798 875 ἀπόνοιαν;
860 812 1102 863 Γενέσθαι
1155 807 1215 863 δε
1252 819 1420 864 ταῦτα
1467 820 1579 874 πῶς
1622 810 1787 872 ἄλλως

187 892 382 949 δίκαιον
416 893 502 961 ἦν,
536 900 629 948 καὶ
661 896 790 968 οὗχὶ
822 892 916 949 διὰ
961 905 1061 949 τῶν
1096 897 1392 971 Ῥωμαϊκῶν
1434 908 1649 975 χειρῶν,
1704 905 1787 962 αῖς

185 983 492 1058 παρέδωκαν
536 988 639 1051 ,τὸν
692 988 884 1060 Κύριον
942 988 1087 1059 ἡμῶν
1143 990 1193 1039 οἱ
1248 986 1435 1061 ἕχθροὶ
1486 997 1580 1051 τῆς
1645 988 1785 1050 ζωῆς

185 1072 371 1126 ἑαυτῶν
412 1077 527 1138 (49)
579 1070 870 1141 ’1ουδαῖοε;
918 1073 1078 1128 Ὠστε
1118 1077 1229 1129 ἔστι
1272 1079 1396 1129 ποτε
1436 1081 1525 1129 καὶ
1565 1074 1783 1140 δικαίως

181 1165 241 1214 τὰ
268 1161 322 1214 ἐκ
351 1170 451 1214 τοῦ
491 1161 722 1236 πολέμου
750 1166 889 1215 κακὰ
917 1171 1025 1228 τοῖς
1062 1162 1229 1228 ἀξίοις
1274 1164 1634 1238 ἕπενεχθῆναι.
1683 1171 1785 1219 Καὶ

180 1254 252 1318 τὸ,
284 1250 426 1323 Ἐγώ
467 1248 758 1320 ἀποκτενῶ,
801 1258 892 1305 καὶ
940 1252 1036 1327 ζῇν
1090 1258 1312 1321 ποιήσω,
1374 1250 1539 1326 δέχου
1595 1256 1707 1328 μὲν,
1740 1254 1785 1307 εἰ

178 1338 372 1412 βούλει,
404 1342 550 1392 κατὰ
574 1343 632 1393 τὸ
663 1345 945 1416 πρόχειρον
985 1350 1079 1403 τῆς
1107 1340 1322 1405 ἑννοίας.
1356 1339 1642 1416 Οἰκοδομεῖ
1678 1343 1779 1419 γὰρ

175 1430 200 1480 6
247 1427 412 1501 φόϐος
458 1432 587 1491 τοὺς
639 1428 1060 1506 ἁπλουστέρους.
1119 1430 1374 1500 Πατάξω,
1435 1430 1581 1503 κάγὼ
1640 1432 1781 1484 ἰάσο-

169 1539 280 1591 μαι.
338 1524 451 1573 Καὶ
511 1527 670 1572 τοῦτο
724 1524 996 1594 χρήσιμον
1056 1520 1270 1574 αὐτόθεν
1329 1524 1617 1595 νοούμενονο
1684 1530 1780 1583 τῆς

166 1611 254 1679 μὶν
280 1607 506 1679 πληγῆς
536 1607 861 1681 ἐμποιούσης
889 1612 975 1662 τὸν
1006 1608 1180 1683 φοϐον,
1227 1618 1322 1671 τῆς
1374 1606 1433 1663 δὲ
1489 1609 1673 1671 ἰάσεως
1704 1610 1776 1673 είς

164 1701 256 1754 τήν
286 1695 516 1769 ἀγάπην
560 1701 1001 1772 προτρεπομένης.
1054 1697 1264 1761 Ἔξεστί
1314 1718 1370 1771 γε
1414 1704 1512 1773 μήν
1562 1718 1648 1752 σοι
1689 1704 1778 1754 καὶ

162 1784 496 1860 ὑψηλότερον
554 1782 902 1845 διανοηθῆναι
951 1791 1069 1861 περὶ
1116 1795 1217 1841 τῶν
1271 1788 1582 1862 εἰρημένων.
1645 1788 1777 1860 Ἐγὼ
1810 1808 1853 1863 Β

162 1870 457 1941 ἀποκτενῶ,
634 1874 883 1949 ἁμαρτίᾳ·
950 1880 1040 1928 καί
1105 1875 1201 1949 ζῇν
1263 1895 1493 1947 ποιησω,
1559 1884 1621 1951 τῇ
1691 1873 1777 1931 δι-

160 1966 443 2036 καιοσύνη.
504 1969 670 2015 Ὅσον
724 1967 827 2039 γὰρ
884 1966 910 2017 6
959 1964 1053 2029 ἔξω
1112 1967 1260 2039 ἡμῶν
1323 1967 1593 2042 ἄνθρωπος
1648 1963 1775 2020 δια-

160 2054 432 2126 φθείρεται
463 2091 480 2119 ,
563 2060 811 2106 τοσοῦτον
886 2055 913 2106 6
1003 2056 1103 2108 ἔσω
1176 2054 1545 2109 ἀνακαινοῦται
1571 2097 1585 2113 .
1662 2055 1773 2108 Οὐκ

156 2140 306 2193 ἄλλον
342 2137 443 2193 οὖν
495 2139 809 2210 ἀποκτείνει,
858 2147 948 2196 καὶ
993 2143 1143 2197 ἄλλον
1192 2144 1437 2206 ζωοποιεῖ
1465 2149 1596 2213 (50)’
1646 2142 1773 2198 ἀλλὰ

156 2233 242 2282 τὸν
285 2231 477 2297 αὑτὸν,
537 2227 612 2284 δι’
651 2233 719 2303 ᾧν
758 2230 1067 2304 ἀποκτείνει,
1123 2234 1385 2296 ζωοποιεῖ·
1442 2238 1532 2286 καὶ
1580 2230 1652 2287 δι’
1704 2234 1771 2285 ὧν

155 2322 450 2386 πατάσσει,
489 2319 657 2385 ἰᾶται,
697 2323 834 2373 κατὰ
869 2325 963 2381 τὴν
1016 2326 1306 2396 Παροιμίαν
1356 2326 1451 2381 τὴν
1494 2321 1768 2394 λέγουσαν,

156 2410 235 2461 ὅτι
270 2414 346 2462 Σὺ
563 2408 816 2472 πατάξεις
872 2408 1026 2463 αὐτὸν
1075 2407 1277 2486 ῥάϐδῳ,
1330 2415 1418 2470 τήν
1475 2408 1536 2465 δε
1584 2410 1772 2484 ψυχὴν

152 2497 319 2550 αὐτοῦ
394 2497 453 2550 ἐκ
537 2499 761 2551 Θανάτου
816 2499 951 2574 ῥύσῃ
981 2519 995 2533 ο
1048 2499 1250 2552 Οὐκοῦν
1306 2501 1634 2553 πατάσσεται
1679 2503 1770 2574 μεν

157 2588 409 2660 cipias:
471 2586 595 2660 ἰαθῇ
654 2586 834 2659 ψυχή·
897 2590 1209 2641 θανατοῦται
1252 2585 1313 2642 δέ
1368 2588 1634 2662 ἁμαρτία,
1690 2590 1772 2643 ἵνα

156 2677 296 2749 ζήσῃ
359 2673 706 2735 δικαιοσύνη.
749 2680 820 2731 T6
877 2673 957 2740 δέ,
992 2676 1191 2737 Κατέϐη
1223 2680 1360 2730 κακὰ
1400 2680 1543 2751 παρὰ
1582 2681 1772 2751 Κνρίον

155 2763 239 2817 ἐπὶ
291 2765 471 2827 πύλας
509 2765 890 2840 Ἰερουσαλὴμ,
946 2766 1159 2819 αὐτόθεν
1201 2769 1315 2840 ἕχει
1360 2769 1450 2825 τὴν
1496 2766 1767 2839 ἐξήγησιν.

157 2859 293 2907 Heia:
333 2856 521 2921 κακά;
580 2858 753 2927 Ψοφος
799 2854 1042 2929 ἁρμάτων
1086 2860 1176 2909 καὶ
1226 2859 1561 2911 ἱππευόντων.
1610 2854 1772 2908 Ὀταν

159 2939 218 2997 δε
272 2942 542 3018 ἀκούσης,
591 2945 703 2997 Οῦκ
757 2946 871 2998 ἔστί
916 2950 1076 3003 κακία
1130 2944 1178 2999 έν
1229 2945 1405 3017 πόλει,
1462 2946 1523 3005 ἢν
1583 2948 1774 3021 Κύριος

159 3032 253 3085 οῦκ
305 3033 561 3092 ἐποίησε·
618 3038 723 3087 νόει
799 3042 897 3096 τῆς
947 3038 1135 3097 κακίας
1178 3038 1237 3088 τὸ
1292 3036 1488 3108 ὄνομα·
1548 3036 1628 3087 ὅτι
1678 3037 1773 3093 τὴν

1896 542 2076 600 fuisse
2098 544 2378 600 incendio
2396 544 2659 601 Sodoma
2680 548 2817 617 post
2838 543 3066 613 ﬂagitia
3085 542 3185 600 illa
3207 560 3278 599 ac
3297 544 3554 602 scelera?

1895 646 1973 687 an
1990 647 2113 688 non
2130 648 2406 689 eversam
2427 631 2611 688 fuisse
2631 631 3185 704 Jerusalem,neque
3214 630 3553 689 desolatum

1894 721 2211 794 templum,
2232 726 2371 795 post
2388 720 2756 778 horrendam
2786 720 2952 776 illam
2970 721 3315 778 Judaeorum
3343 721 3555 779 adver-

1896 826 2000 865 sus
2023 810 2347 867 Dominum
2366 810 2716 867 vesaniam?
2735 812 2867 866 Haec
2896 815 3098 865 autem
3128 809 3259 865 ﬁeri
3276 826 3552 882 quonam

1894 898 2011 956 alio
2029 899 2211 956 modo
2225 915 2468 972 aequum
2491 898 2759 972 erat,nisi
2772 914 2879 972 per
2896 914 3113 954 manus
3137 901 3549 956 Romanorum

1893 988 2114 1061 quibus
2137 990 2459 1044 Dominum
2486 993 2758 1044 nostrum
2780 986 3155 1043 tradiderunt
3177 986 3403 1042 inimici
3424 1003 3547 1043 sum

1889 1076 2166 1149 ipsorum
2193 1077 2330 1133 vita;
2350 1077 2582 1133 Judasi?
2610 1078 2985 1149 Quapropter
3013 1075 3194 1132 etiam
3219 1075 3379 1146 juste
3399 1089 3549 1131 non-

1890 1181 2207 1239 nunquam
2237 1164 2382 1222 belli
2404 1165 2567 1222 mala
2594 1165 2951 1236 inﬂiguntur
2980 1164 3371 1220 merentibus.
3395 1162 3547 1219 Illud

1891 1270 2157 1327 quoque,
2193 1256 2321 1326 Ego
2350 1256 2617 1311 occidam
2648 1260 2701 1311 et
2742 1255 2939 1310 vivere
2960 1253 3216 1324 faciam,
3247 1253 3472 1325 accipe,
3496 1252 3545 1309 si

1888 1343 2000 1412 vis,
2018 1342 2199 1398 obvio
2222 1355 2425 1400 sensu.
2441 1342 2642 1398 Timor
2661 1341 2819 1398 enim
2843 1339 3240 1412 simpliciores
3262 1340 3539 1397 aediﬁcat.

1887 1432 2257 1499 Percuriam,
2282 1438 2337 1488 et
2363 1446 2470 1502 ego
2490 1431 2813 1487 sanabo.Et
2836 1429 2953 1486 hoc
2979 1434 3294 1500 acceptum
3315 1428 3393 1483 ad
3414 1443 3543 1484 ver-

1886 1519 2059 1587 bum,
2081 1520 2222 1576 utile
2243 1524 2331 1576 est
2355 1525 2412 1575 et
2440 1519 2843 1584 conducibile,
2874 1518 3060 1592 plaga
3079 1517 3357 1573 timorem
3376 1516 3542 1573 incu-

1886 1610 2084 1677 tiente,
2117 1609 2432 1665 sanatione
2473 1624 2617 1665 vero
2666 1608 2746 1664 ad
2789 1607 3176 1663 dilectibnem
3217 1606 3529 1662 incitante.

1886 1699 2045 1756 Licet
2074 1704 2274 1755 tamen
2298 1698 2398 1754 tibi
2419 1699 2600 1755 etiam
2625 1697 2803 1754 altius
2824 1697 2900 1753 de
2920 1696 3014 1752 his
3037 1712 3173 1770 quae
3196 1696 3356 1753 dicta
3376 1699 3536 1766 sunt,

1886 1788 2126 1844 sentire.
2154 1788 2277 1859 Ego
2306 1788 2593 1855 occidam,
2626 1790 2912 1859 peccato:
2963 1790 3019 1842 et
3064 1787 3260 1841 vivere
3283 1785 3534 1855 faciam,

1877 1876 2457 1948 justitim.0uantum
2479 1874 2633 1931 enim
2654 1880 2940 1931 externus
2968 1878 3172 1929 noster
3200 1872 3373 1928 homo
3403 1888 3535 1928 cor-

1881 1967 2208 2035 rumpitur,
2230 1970 2463 2020 lantum
2480 1965 2754 2020 internus
2773 1962 3182 2019 renovatur".
3205 1964 3334 2017 Non
3353 1960 3535 2032 igitur

1879 2052 2067 2111 alium
2088 2052 2327 2119 occidit,
2347 2052 2535 2108 alium
2557 2051 2837 2119 vivificat;
2870 2049 2977 2107 sed
2996 2050 3301 2117 eumdem,
3323 2065 3434 2122 per
3461 2064 3534 2107 ea

1880 2142 2105 2216 quibus
2134 2141 2374 2207 occidit,
2399 2141 2660 2198 viviﬁcat
2684 2158 2696 2197 :
2746 2141 3013 2213 itemque
3040 2155 3149 2212 per
3190 2155 3263 2195 ea
3286 2138 3531 2211 quibus

1879 2230 2154 2305 percutit,
2184 2236 2381 2299 sanat,
2402 2246 2476 2287 ex
2497 2229 2818 2287 Proverbio
2840 2224 2940 2285 illo
2966 2246 2981 2286 :
3039 2230 3124 2284 Tu
3144 2229 3379 2300 quidem
3391 2243 3531 2298 per-

1879 2322 2065 2378 cuties
2078 2322 2272 2391 ipsum
2298 2322 2490 2391 virga,
2516 2320 2779 2376 animam
2802 2334 2940 2376 vero
2967 2318 3155 2389 ipsius
3174 2333 3212 2374 a
3239 2322 3429 2374 morte
3464 2316 3532 2373 li-

1880 2409 2202 2467 berabis“.
2250 2409 2401 2465 Caro
2430 2408 2635 2481 itaque
2655 2408 3005 2481 percutitur,
3034 2411 3100 2462 ut
3124 2406 3329 2462 anima
3354 2420 3530 2461 sane-

1877 2500 2011 2554 tur:
2041 2502 2358 2571 peccatum
2390 2513 2530 2554 vero
2577 2496 2912 2570 perimitur,
2960 2500 3026 2552 ut
3066 2495 3228 2551 vivat
3269 2494 3526 2565 justitia.

1877 2584 2029 2643 Illud
2052 2587 2663 2654 vero,Descenderunt
2681 2586 2848 2642 mala
2863 2599 2901 2642 a
2924 2585 3172 2641 Domino
3192 2598 3374 2653 super
3391 2597 3530 2652 por-

1879 2681 1973 2732 tas
2014 2678 2372 2745 Jerusalem,
2417 2690 2526 2748 per
2564 2690 2696 2731 sese
2734 2673 3077 2748 exponitur.
3127 2674 3270 2739 Quae
3316 2671 3530 2729 mala?

1879 2764 2169 2838 Strepitus
2186 2781 2472 2821 curruum
2489 2768 2545 2821 et
2558 2762 3001 2837 equitum.Cum
3020 2765 3223 2818 autem
3243 2759 3530 2829 audieris,

1875 2854 2013 2911 Non
2043 2859 2129 2911 est
2148 2856 2387 2910 malitia
2412 2855 2475 2909 in
2502 2855 2763 2923 civitate,
2785 2867 2967 2924 quam
2987 2852 3277 2907 Dominus
3304 2864 3425 2905 non
3445 2850 3534 2919 fe-

1880 2947 2048 3009 cerit,
2075 2942 2339 3013 intellige
2370 2942 2759 2999 afﬂictioncm
2787 2942 3053 3014 aliquam
3075 2955 3211 3014 quae
3237 2939 3535 3011 peccanti-

1878 3031 1997 3089 bus
2031 3031 2110 3089 ad
2134 3038 2382 3104 peccata
2414 3030 2777 3100 corrigenda
2804 3030 3133 3099 inﬂigatur,
3162 3044 3198 3084 a
3231 3027 3534 3100 Scriptura

158 3127 570 3195 προσαγομένην
623 3126 855 3176 κάκωσιν
905 3130 1015 3185 τοῖς
1060 3124 1445 3199 ἁμαρτάνουσιν
1488 3121 1571 3176 ἐπὶ
1620 3118 1771 3199 διορ-

1881 3121 2126 3179 nomine
2148 3120 2388 3177 malitiae
2421 3120 2769 3190 signiﬁcari.
2792 3119 3018 3188 Af/lixi
3038 3119 3193 3173 enim
3214 3117 3429 3188 inquit,
3454 3122 3530 3187 te,

163 3210 320 3264 θὼσει
349 3220 456 3264 τῶν
487 3211 947 3285 πλημμελημάτων
986 3214 1012 3265 6
1054 3212 1205 3285 λόγος
1256 3212 1572 3275 αἰνίσσεται.
1628 3212 1773 3265 Ἐκά-

162 3319 310 3352 us:
355 3303 462 3371 γάρ
516 3319 595 3368 σε,
647 3320 800 3373 φησι,
842 3306 933 3353 καὶ
994 3300 1415 3375 ἐλιμαγχόνησα,
1471 3302 1553 3353 ἶνα
1607 3296 1661 3353 εὖ
1715 3317 1773 3353 σε

167 3393 398 3446 ποιήσω’
441 3393 570 3464 πρὶν
610 3390 683 3451 εἰς
743 3391 965 3466 ἄμετρον
1039 3390 1334 3463 ἐκχυθῆναι
1401 3394 1489 3449 τὴν
1559 3386 1772 3445 ἀδικίαν

166 3477 323 3530 ἱστῶν
364 3480 505 3549 (51),
574 3480 750 3555 ὥσπερ
825 3481 992 3555 ῥεῦμα
1042 3480 1178 3555 ἕρκει
1233 3484 1338 3535 τινὶ
1393 3488 1627 3557 κρατερῷ
1681 3484 1773 3534 καὶ

167 3560 541 3641 διαρράγματι
569 3573 942 3642 κατεχόμενον.

231 3661 291 3714 5.
319 3661 417 3709 Διὰ
445 3663 617 3711 ταῦτα
634 3659 779 3711 νόσοι
810 3659 1005 3712 πόλεων
1032 3664 1123 3713 καὶ
1163 3658 1336 3728 ἐθνῶν,
1371 3658 1529 3735 ἀέρων
1568 3659 1772 3733 αὐχμοὶ

160 3752 251 3797 καί
280 3744 503 3817 Respicit
532 3755 655 3819 γῆς,
687 3753 775 3801 καὶ
824 3750 879 3801 αἱ
921 3751 1057 3803 κατὰ
1101 3752 1187 3803 τὸν
1238 3748 1353 3823 βιον
1411 3748 1611 3823 ἑκάστῳ
1639 3770 1771 3824 τρα-

158 3836 389 3907 χύτεραι
434 3842 806 3907 περιπτώσεις,
852 3846 947 3900 τῆς
998 3842 1187 3899 κακίας
1235 3843 1330 3897 τὴν
1381 3838 1601 3902 αὔξησιν
1624 3857 1772 3914 περι-

157 3928 494 3979 κὸπ-τονσαι,
542 3922 705 3978 Ὥστε
758 3927 824 3978 τὰ
880 3934 1096 3979 τοιαῦτα
1142 3928 1280 3979 κακὰ
1324 3930 1467 4003 παρά
1514 3935 1645 3981 Θεοῦ
1690 3931 1771 3999 γί-

157 4030 324 4077 νεται,
382 4021 490 4064 τῶν
532 4012 791 4071 ἀληθινῶν
839 4023 1006 4067 κακῶν
1058 4018 1153 4075 την
1196 4020 1395 4089 γένεσιν
1446 4015 1765 4092 ἐξαιροῦντα.

158 4102 223 4151 Δί
277 4120 338 4153 τε
371 4105 479 4175 γὰρ
526 4104 664 4155 κατὰ
715 4106 776 4155 τὸ
835 4112 989 4178 σῶμα
1039 4111 1313 4173 κακώσεις,
1373 4111 1461 4159 καὶ
1506 4109 1571 4159 τὰ
1620 4106 1771 4169 ἐκτὸς

155 4188 402 4256 ἐπίπονα,
466 4195 599 4266 πρὸς
653 4191 852 4264 έποχὲν
908 4203 1002 4256 τῆς
1071 4194 1330 4271 ἁμαρτίας
1394 4196 1764 4255 έπινενὸηνται.

156 4274 392 4353 ’Δναιρεῖ
421 4285 600 4333 τοίνυν
628 4286 688 4335 τὸ
718 4286 880 4335 κακὸν
910 4284 937 4335 6
982 4289 1132 4348 Θεὸς
1165 4285 1293 4357 οὗχὶ
1324 4282 1383 4339 δε
1412 4290 1470 4341 τὸ
1521 4290 1678 4339 κακον
1708 4285 1765 4339 ἐκ

155 4377 247 4421 τοῦ
307 4369 469 4424 Θεοῦο
503 4368 614 4422 ἐπεί
661 4377 752 4424 καὶ
782 4373 809 4424 6
855 4372 1030 4449 ἰατρὸς
1081 4373 1275 4448 ἐξαιρεῖ
1321 4380 1414 4435 την
1455 4380 1625 4445 νόσον,
1657 4375 1766 4428 ἀλλ’

154 4457 288 4526 οῦχὶ
332 4461 491 4509 νόσον
541 4456 785 4530 ὶμϐάλλει
821 4468 895 4531 τῷ
941 4466 1166 4534 σώματι,
1222 4461 1422 4515 nam,”
1475 4459 1535 4516 δὲ
1577 4462 1765 4536 ἀφανι-

1800 4350 1845 4403 D

155 4549 305 4617 σξιοὶ,
358 4551 580 4618 σεισμοὶ
610 4566 690 4619 In
753 4554 843 4601 καὶ
894 4547 1208 4615 ἔπαλύσεις,
1258 4556 1347 4605 καὶ
1401 4551 1767 4627 στρατοπέδων

154 4631 441 4701 ἀπώλειαι,
514 4639 606 4687 καὶ
668 4640 912 4710 ναυάγια,
993 4641 1084 4691 καὶ
1146 4646 1317 4693 πᾶσαι
1374 4640 1768 4716 πολυάνθρωποι

158 4726 369 4797 φθοραὶ,
434 4729 536 4778 εἶτε
582 4724 638 4777 ἐκ
687 4735 809 4799 γῆς,
856 4730 956 4781 εἴτε
1003 4727 1060 4780 έκ
1106 4728 1395 4798 Θαλάσσης,
1455 4733 1553 4784 εἴτε
1587 4730 1639 4795 ἐξ
1676 4730 1766 4785 ἀέ-

156 4829 266 4885 μς,

157 4901 228 4964 εἰς
292 4908 385 4955 τὸν
441 4912 547 4956 τῶν
603 4904 1017 4978 ὑπολειπομένων
1094 4912 1454 4983 σωφρονισμὸν
1511 4915 1762 4981 γίνονται,

321 4814 351 4873 ῖς
388 4818 580 4888 πυρὸς,
634 4815 665 4874 ἦ
717 4814 771 4878 ἐξ
826 4818 1108 4870 ὁποιασοῦν
1165 4817 1338 4881 αἰτίας
1392 4818 1763 4894 ἔπι-γινόμεναι,

155 4996 249 5048 τὶν
278 4988 565 5065 πάνδημον
593 4999 848 5068 πονηρίαν
892 4992 1182 5068 δημοσίαις
1228 4998 1450 5070 μάστιξι
1490 5007 1580 5051 τοῦ
1630 5009 1764 5054 Θεοῦ

156 5083 597 5154 συρρονίζοντος-
629 5086 700 5135 T6
729 5086 821 5156 μὲν
860 5080 948 5136 οὖν
994 5089 1187 5158 κυρίως
1232 5089 1391 5138 κακὸν
1428 5088 1459 5145 ἡ
1509 5087 1761 5163 ἁμαρτία,

154 5168 277 5243 ὅπερ
306 5169 547 5243 μάλιστα
576 5169 701 5225 ἐστι’
731 5168 826 5234 τῆς
856 5179 947 5224 τοῦ
976 5180 1139 5225 κακοῦ
1196 5180 1555 5250 προσηγορίας
1595 5177 1761 5241 ἀξιον.

224 5320 279 5356 ⁸³
306 5326 350 5379 tl
374 5324 508 5381 Cor.
537 5339 616 5393 tv,
652 5325 741 5379 t6.
769 5322 819 5357 ⁸⁸
848 5325 1021 5379 Prov.
1052 5339 1213 5395 xxxii,
1248 5327 1333 5381 14.
1364 5325 1412 5363 ⁸⁵
1434 5329 1603 5399 Deut,
1636 5345 1756 5398 vui,
1798 5333 1853 5391 3.

228 5476 341 5533 “9‘
379 5474 529 5532 Editi
558 5474 754 5528 αὐτῶν.
783 5476 857 5528 At
883 5474 1052 5530 multi
1082 5491 1230 5531 mss.
1265 5475 1477 5538 ἑαυτῶν,

231 5547 345 5611 151⁸))
383 5547 549 5603 Colb.
582 5546 793 5619 tertius
819 5543 968 5597 ὧιλον
1001 5546 1096 5619 ζῇν
1125 5555 1280 5604 ποιεῖ.

232 5620 343 5689 (Et)
382 5620 544 5677 tinus
575 5629 686 5680 aut
711 5617 868 5674 alter
898 5633 1011 5673 ms.
1039 5615 1123 5676 'et
1161 5619 1303 5678 editi
1340 5615 1551 5680 ἀδικίαν
1583 5623 1766 5695 ἱστῶν,

1881 3215 1937 3268 et
1960 3211 2128 3282 fame
2154 3210 2623 3280 slrangulavi“,
2652 3207 2757 3264 tibi
2778 3212 2836 3264 et
2856 3205 3235 3263 benefaciam
3259 3221 3272 3260 :
3306 3203 3533 3277 quippe

1877 3298 2235 3372 injustitiam
2281 3299 2455 3372 prius
2501 3298 2660 3354 sistit
2697 3313 2769 3353 ac
2815 3300 3068 3363 coercet,
3117 3310 3307 3367 quam
3335 3293 3397 3350 in
3426 3295 3536 3350 im-

1878 3404 2152 3446 mensam
2175 3388 2550 3445 diifundatur
2574 3403 2646 3444 eo
2673 3385 2856 3443 modo
2877 3401 3002 3458 quo
3020 3384 3311 3441 ﬂuentum
3335 3382 3535 3440 valido

1878 3478 2151 3552 quodam
2180 3477 2353 3536 obice
2383 3493 2456 3534 ac
2486 3481 2660 3551 septo
2686 3474 3022 3532 cohibetur.

1950 3663 2002 3716 5.
2036 3658 2182 3716 Hinc
2209 3656 2450 3714 urbium
2481 3655 2680 3714 morbi
2726 3653 3139 3726 gentiumque,
3171 3652 3325 3708 aeris
3368 3650 3534 3706 sicei-

1878 3753 1992 3818 tas,
2013 3747 2290 3805 sterilitas
2324 3752 2515 3813 terrae,
2564 3750 2744 3818 atque
2776 3744 3110 3818 asperiores
3139 3758 3275 3815 quae
3314 3740 3532 3812 cuique

1874 3837 1938 3895 in
1965 3838 2084 3894 vita
2103 3836 2385 3893 accidunt
2406 3835 2798 3903 calamitates,
2826 3832 3049 3906 quibus
3079 3830 3222 3886 mali
3254 3844 3532 3903 progres-

1877 3943 1981 3983 sus
2001 3925 2392 3999 intercipitur.
2420 3927 2615 3991 Quare
2641 3922 2982 3978 inferuntur
3011 3935 3048 3976 a
3080 3922 3199 3976 Deo
3230 3916 3531 3989 ejusmodi

1875 4016 2058 4086 mala,
2088 4015 2392 4072 malorum
2421 4029 2705 4070 verorum
2732 4017 2932 4069 ortu‘m
2962 4008 3529 4083 prohibitura.Nam

1874 4104 2143 4179 corporis
2159 4105 2511 4161 afﬂictiones
2524 4117 2595 4158 ac
2611 4100 2900 4158 molestiae
2918 4104 3178 4155 externas
3192 4096 3268 4153 ad
3282 4099 3530 4169 peccata

1874 4194 2320 4269 compescenda
2336 4192 2687 4262 excogitata:
2714 4195 2874 4247 sunt.
2903 4189 3077 4246 Tollit
3102 4187 3280 4258 igitur
3295 4184 3527 4241 malum

1876 4287 2030 4342 Deus
2054 4303 2067 4354 ;
2100 4299 2224 4340 non
2253 4285 2451 4338 autem
2477 4298 2549 4338 ex
2567 4283 2687 4337 Deo
2720 4279 2949 4336 malum
2970 4280 3237 4336 est.Nam
3258 4279 3316 4331 et
3345 4273 3531 4331 medi-

1874 4390 1981 4430 cus
2010 4374 2160 4431 tollit
2194 4372 2500 4438 morbum,
2532 4385 2657 4426 non
2686 4368 2969 4426 morbum
2990 4366 3241 4424 accersit
3267 4362 3526 4438 corpori.

1873 4468 1945 4521 At
1974 4458 2115 4520 vero
2138 4462 2378 4518 urbium
2401 4458 2828 4529 excidia,terrte
2849 4456 3526 4525 motus,inundationes,

1873 4554 2243 4611 exercituum
2272 4551 2499 4622 clades,
2529 4548 2851 4620 naufragia
2881 4554 2938 4605 et
2965 4546 3165 4621 quivis
3196 4546 3526 4603 multorum

1872 4642 2190 4701 hominum
2219 4640 2514 4707 interitus,
2563 4638 2686 4695 sive
2733 4654 2805 4694 ex
2853 4642 3029 4703 terra,
3076 4636 3200 4693 sive
3231 4651 3304 4691 ex
3349 4634 3523 4700 mari,

1872 4733 1995 4790 sive
2042 4749 2115 4790 ex
2162 4748 2322 4804 aere,
2369 4736 2472 4788 aut
2519 4730 2678 4801 igne,
2720 4732 2825 4785 aut
2871 4743 2945 4784 ex
2994 4742 3359 4800 quacunque
3406 4725 3527 4782 alia

1873 4838 2061 4879 causa
2087 4820 2419 4895 proveniat,
2460 4821 2588 4877 hzec
2617 4818 2697 4875 ad
2740 4816 3129 4891 superstitum
3182 4814 3523 4883 castigatio-

1872 4929 2013 4970 nem
2033 4910 2638 4983 emendationemque
2659 4907 3035 4976 contingunt;
3061 4908 3180 4960 Deo
3194 4901 3525 4974 nequitiam

1872 5000 2180 5075 publicam
2200 4998 2460 5074 publicis
2488 4998 2695 5069 ﬂagris
2723 4996 3076 5064 castigante.
3105 4990 3322 5049 Malum
3349 4988 3527 5058 igitur

1872 5089 2041 5165 quod
2070 5088 2304 5162 proprie
2327 5087 2567 5153 dicitur,
2592 5090 2908 5159 peccatum
2931 5076 3528 5149 videlicet,quodque

1875 5179 2140 5238 maxime
2165 5177 2309 5238 mali
2339 5174 2583 5236 nomine
2612 5173 2867 5245 dignum
2910 5174 3021 5239 est,
3052 5166 3277 5242 pendet
3324 5180 3393 5220 ex
3424 5178 3529 5221 no-

1875 5481 1986 5555 Aiii
2014 5484 2279 5555 quatuor
2312 5482 2580 5539 ἱστῶντος.
2612 5474 2843 5540 Ibidem
2887 5487 3014 5554 quo
3058 5486 3204 5529 mss.
3237 5468 3532 5528 Combeti-

1878 5553 2054 5611 siani‘
2065 5553 2218 5628 ἐρκίῳ
2247 5555 2368 5615 τινί,
