4088 6194
208 285 313 340 345

1033 279 1197 335 ΗΟΜ.
1240 278 1433 344 QUOD
1473 271 1656 331 DEUS
1712 268 1856 326 NON
1911 269 2039 326 EST
2073 274 2350 333 AUCTOR
2389 278 2754 337 MALORUM.

3471 294 3574 348 3&6

207 407 338 470 Ἐξω
511 404 662 466 εὐθὺς
696 400 756 461 ἧν
797 409 891 455 τοῦ
929 399 1280 475 παραδείσου,
1313 402 1406 464 ἔξω
1455 397 1515 454 δε
1552 407 1646 460 τῆς
1693 415 1801 469 μα-

1921 395 2085 454 duxit
2105 400 2514 472 spiritualibus
2544 403 2771 460 deliciis
2797 407 3114 477 potiorem.
3140 409 3335 476 Quare
3367 413 3572 470 statim

201 500 386 568 καρίας
449 493 649 554 ἐκείνης
706 489 1017 563 διαγωγῆς,
1061 491 1154 543 οὐκ
1204 490 1258 554 ἐξ
1315 489 1545 551 ἀνάθκης
1600 489 1798 548 κακὸς,

203 584 307 637 ἀλλ’
358 583 415 647 ἐξ
469 581 735 646 ἀϐουλίας,
781 585 1070 652 γενόμενος.
1122 582 1227 633 Λιά
1275 587 1425 632 τοῦτο
1469 582 1558 630 καὶ
1604 579 1804 649 ἥμαρτε

199 676 287 746 μὶν
345 669 443 725 διὰ
489 670 792 744 μοχθηρὰν,
843 673 1167 742 προαίρεσιν,
1213 667 1434 721 ἀπέθανε
1472 663 1532 719 δὲ
1575 663 1667 718 διὰ
1709 668 1804 721 τήν

201 765 500 837 ἁμαρτίαν·
555 764 632 814 Τὰ
679 762 780 832 γὰρ
838 758 1038 830 ὀψώνια
1093 768 1187 822 τῆς
1246 758 1504 832 ἁμαρτίας
1563 758 1802 816 θάνατος·

197 854 355 906 Ὅσον
395 854 502 924 γὰρ
552 847 809 921 ἀφίστατο
857 857 952 910 τῆς
993 851 1150 913 ζωῆς,
1183 855 1432 900 τοσοῦτον
1475 844 1806 919 προσήγγιζε

197 949 264 1011 τῷ
305 942 537 1010 θανάτῳ.
569 941 683 995 Ζωὴ
717 939 819 1010 γὰρ
865 938 891 988 6
938 940 1066 999 Θεός
1094 956 1106 969 ·
1142 940 1388 1010 στέρησις
1433 932 1493 988 δὲ
1521 943 1617 995 τῆς
1665 934 1806 994 ζωῆς

200 1031 440 1090 θάνατος.
487 1027 652 1080 Ὠστε
696 1026 864 1096 ἐαυτῷ
911 1028 998 1078 τὸν
1049 1026 1264 1076 θάνατον
1307 1025 1334 1076 6
1365 1020 1542 1096 Ἀδὰμ
1577 1019 1668 1074 διὰ
1709 1029 1805 1080 τῆς

196 1118 598 1191 ἀναχωρήσεως
643 1122 737 1168 τοῦ
792 1121 928 1167 Θεοῦ
975 1114 1364 1180 κατεσκεύασε,
1414 1115 1551 1164 κατὰ
1606 1114 1665 1163 τὸ
1715 1129 1805 1182 γε-

194 1211 493 1281 γραμμένον
519 1247 534 1271 ,
591 1209 673 1257 ὅτι
726 1201 870 1258 Ἰδοὺ
928 1205 976 1255 οἱ
1034 1205 1376 1276 μακρύνοντες
1431 1201 1647 1263 ἑαυτοὺς
1704 1198 1807 1252 ἀπὸ

197 1304 306 1360 σοῦ,
366 1293 711 1349 ἀπολοῦνται.
760 1294 940 1354 Οὕτως
988 1291 1115 1364 ούχὶ
1163 1295 1295 1352 Θεὸς
1347 1294 1519 1344 ἔκτισε
1569 1292 1804 1342 θάνατον.

194 1383 300 1437 ἀλλ’
350 1386 510 1456 ἡμεῖς
569 1382 774 1443 ἑαυτοῖς
832 1380 890 1434 ἔκ
943 1386 1174 1454 πονηρᾶς
1229 1386 1442 1454 γνώμης
1500 1378 1808 1432 ἕπεο-πασά-

190 1477 343 1546 μεθα.
405 1472 483 1525 0σᾶ
535 1476 641 1544 μὴν
689 1468 816 1524 οὐδὲ
864 1469 1092 1523 ἐκώλυσε
1139 1474 1234 1528 τὴν
1283 1465 1527 1523 διάλυσιν
1576 1464 1670 1520 διά
1715 1470 1809 1528 τὰς

189 1565 582 1637 προειρημένας
620 1561 813 1625 αἰτίας,
861 1560 944 1612 ῖνα
992 1564 1061 1632 μὴ
1115 1557 1369 1611 ἀθὰνατον
1416 1560 1541 1631 ἡμῖν
1587 1561 1684 1616 την
1720 1554 1810 1631 ἀῤ-

188 1653 430 1725 ρωστίαν
483 1647 819 1722 διατηρήσῃ.
851 1648 1052 1723 Ὠσπερ
1083 1646 1143 1699 ἆν
1175 1651 1218 1700 εἰ
1254 1667 1336 1708 τις
1383 1655 1566 1709 σκεῦος
1595 1645 1809 1705 τήλινον

1914 486 2137 556 ejectus
2158 504 2188 543 e
2210 492 2520 562 paradiso,
2539 492 2715 550 beata
2734 494 2835 551 illa
2854 495 2978 552 vita
2998 498 3271 568 privatus
3294 501 3422 569 fuit,
3450 517 3575 558 non

1913 592 1988 632 ex
2024 580 2400 644 necessitate,
2432 581 2540 637 sed
2585 598 2655 638 ex
2701 583 3044 656 insipientia
3073 587 3273 644 malus
3300 589 3572 647 effectus.

1915 667 2322 730 Quamobrem
2352 671 2623 741 peccavit
2642 672 2887 744 quidem
2909 673 2988 728 ob
3015 691 3267 746 pravam
3299 678 3578 735 volunta-

1913 759 2063 812 tem:
2087 757 2195 813 sed
2218 766 2488 815 mortuus
2509 765 2595 816 est
2615 761 2695 816 ob
2717 766 3051 833 peccatum.
3075 764 3393 835 Stipendia
3418 770 3576 825 enim

1907 848 2145 916 peccati
2177 863 2336 904 mors
2358 851 2427 904 ει.
2463 851 2767 915 Quantum
2798 850 2961 907 enim
3012 853 3334 910 secedcbat
3366 871 3402 912 a
3430 857 3573 924 vita,

1914 940 2150 992 tantum
2168 938 2703 1010 appropinquabat
2719 939 2797 995 ad
2819 945 3094 997 mortem.
3111 946 3260 999 Nam
3276 944 3396 1000 vita
3418 948 3576 1001 Deus

1915 1029 2020 1090 est,
2050 1025 2181 1081 vitae
2212 1041 2353 1082 vero
2381 1027 2638 1099 privatio
2663 1044 2846 1090 mors.
2881 1031 3072 1094 Quare
3104 1031 3375 1088 Adamus
3415 1048 3575 1089 sece-

1915 1112 2128 1168 dendo.
2158 1130 2194 1169 a
2224 1116 2343 1170 Deo
2373 1121 2629 1172 mortem
2662 1117 2951 1173 conscivit
2999 1118 3110 1174 sibi
3142 1120 3278 1192 ipsi,
3307 1121 3481 1192 juxta
3509 1121 3572 1178 id

1915 1201 2082 1274 quod
2112 1203 2398 1274 scriptum
2427 1208 2545 1262 est:
2575 1207 2719 1262 Ecce
2744 1208 2850 1278 qui
2880 1208 3166 1278 elongant
3187 1224 3248 1266 se
3273 1225 3309 1266 a
3341 1216 3417 1280 te,
3439 1226 3575 1280 per-

1915 1291 2089 1346 ibunt
2111 1294 2181 1348 9³.
2226 1293 2320 1348 Sic
2367 1309 2491 1349 non
2541 1295 2762 1350 creavit
2806 1296 2961 1351 Deus
3010 1301 3288 1367 mortem,
3321 1299 3427 1354 sed
3461 1315 3574 1355 nos

1917 1379 2094 1435 nobis
2114 1380 2258 1452 ipsis
2288 1397 2362 1437 ex
2385 1398 2581 1454 prava
2599 1387 2796 1439 mente
2818 1400 2954 1439 eam
2979 1386 3428 1442 accersivimus.
3464 1391 3575 1444 Ne-

1917 1483 2036 1539 que
2066 1484 2209 1525 vero
2239 1470 2496 1526 dissolvi
2524 1487 2639 1527 nos
2670 1471 2978 1544 prohibuit
2997 1473 3078 1528 ob
3105 1489 3207 1530 eas
3237 1491 3391 1548 quas
3408 1476 3576 1548 prius

1918 1556 2181 1613 diximus
2213 1574 2450 1622 causas,
2475 1564 2539 1616 ut
2562 1577 2638 1616 ne
2668 1561 3073 1618 immortalem
3099 1563 3160 1618 in
3189 1564 3367 1620 nobis
3399 1565 3576 1635 aegri-

1919 1645 2190 1702 tudinem
2241 1653 2649 1706 conservaret.
2677 1651 3206 1715 Quemadmodum
3246 1653 3295 1708 si
3337 1654 3475 1726 quis
3504 1653 3579 1709 ﬁ-

192 1738 443 1815 διαρρυὶν
484 1745 561 1811 μὴ
613 1735 972 1810 καταδέχοιτο
1020 1733 1351 1812 παραδοῦναι
1397 1741 1547 1810 πυρὶ,
1600 1738 1693 1796 ἕως
1747 1733 1808 1787 ἆν

1921 1735 2051 1791 ctile
2071 1734 2388 1807 quoddam
2406 1736 2657 1792 efﬂuens
2672 1754 2782 1794 vas
2802 1739 2929 1807 igni
2945 1740 3275 1798 admovere
3292 1743 3459 1814 nolit,
3475 1743 3580 1799 do-

190 1832 242 1881 τό
284 1827 600 1900 ἐνυπάρχον
653 1826 793 1898 αύτῷ
839 1827 1004 1888 πάθος
1036 1822 1128 1878 διὰ
1168 1834 1231 1884 τῆ
1244 1845 1266 1887 ς
1295 1823 1633 1886 ἀναπλάσεως
1663 1823 1809 1887 ἐξιά-

194 1936 345 1970 σαιτο
396 1916 538 1987 (ΤΟ).
593 1914 749 1968 Ἀλλὰ
799 1910 895 1968 διὰ
937 1919 989 1968 τί
1027 1914 1120 1966 ούκ
1173 1913 1224 1966 ἕν
1279 1921 1341 1987 τῇ
1393 1921 1688 1986 κατασκευῇ
1749 1915 1809 1964 τό

190 2005 565 2080 ἀναμάρτητον
626 2007 892 2077 ἔσχομεν,
947 2007 1142 2076 φησὶν,
1185 2005 1321 2056 ὥστε
1369 1998 1506 2074 μηδε
1554 2000 1810 2075 βουλομέ-

189 2114 294 2156 νοις
325 2099 460 2166 ἡμῖν
494 2095 760 2166 ὑπάρχειν
807 2095 867 2145 τὸ
899 2093 1246 2166 ἁμαρτάνειν;
1291 2091 1413 2144 Ὀτι
1457 2095 1548 2144 καὶ
1581 2094 1646 2143 σὺ
1685 2094 1808 2152 τοὺς

193 2183 421 2248 οἰκέτας,
463 2183 576 2255 οὐχ
625 2183 746 2235 ὅταν
795 2177 1050 2253 δεσμίους
1090 2183 1242 2254 ἔχῃς,
1293 2184 1469 2244 εὔνους
1511 2178 1810 2252 ὑπολαμϐά-

190 2291 309 2338 νεις,
347 2271 466 2324 ἀλλ’
499 2273 624 2324 όταν
668 2269 919 2330 ἑκουσίως
966 2266 1092 2342 ἴδῃς
1141 2268 1574 2343 ἀποπληροῦντάς
1617 2288 1703 2321 σοι
1743 2270 1811 2320 τὰ

191 2364 517 2419 καθέκοντα.
577 2364 680 2413 Καὶ
713 2367 828 2430 Θεῳ
871 2363 1041 2412 τοίνυν
1088 2359 1147 2410 ού
1193 2361 1252 2411 τό
1299 2359 1688 2432 ἠναγκασμένον
1718 2361 1809 2430 φί-

190 2451 294 2514 ὶον,
329 2450 469 2503 ἀλλὰ
521 2453 581 2502 τό
633 2449 688 2512 ἐξ
735 2447 924 2522 ἀρετῆς
960 2449 1387 2521 κατορθούμενον.
1417 2447 1596 2522 Ἀρετὴ
1651 2443 1710 2500 δε
1752 2444 1810 2498 ἔκ

191 2545 577 2612 προαιρέσεως,
627 2542 718 2590 καὶ
765 2537 859 2589 ούκ
900 2536 956 2600 ἐξ
1000 2536 1233 2608 ἀνάγκης
1266 2541 1492 2608 γίνεται.
1553 2540 1810 2609 Προαίρε-

196 2648 276 2690 σες
323 2625 389 2680 δὲ
428 2636 535 2680 τῶν
572 2625 647 2698 ἔφ’
681 2628 806 2698 ἡμῖν
857 2630 1102 2700 ἤρτηται.
1134 2629 1204 2678 T6
1237 2621 1297 2678 δὴ
1345 2624 1416 2697 ἐν’
1444 2627 1570 2700 ἡμῖν
1609 2623 1721 2677 ἔστι
1749 2625 1809 2677 τὸ

192 2717 564 2778 αὐτεξούσιον.
614 2714 672 2766 Ὀ
732 2718 903 2766 τοίνυν
952 2719 1275 2787 μεμφόμενος
1328 2718 1416 2766 τὸν
1467 2718 1692 2772 ποιητὴν
1741 2715 1812 2775 ὡς

191 2813 262 2878 μὴ
342 2813 588 2878 φυσικῶς
653 2805 1121 2856 κατασκευάσαντα
1185 2805 1326 2876 ἡμᾶς
1388 2803 1807 2878 ἀναμαρτήτους,

195 2893 354 2948 οὐδὲν
399 2897 573 2968 ἓτερον
622 2895 652 2952 ἦ
705 2897 800 2952 τήν
849 2891 1036 2964 ἄλογον
1085 2894 1242 2964 φύσιν
1284 2901 1380 2955 τῆς
1416 2892 1630 2964 λογικῆς
1676 2911 1810 2966 προ-

193 2990 350 3057 τιμᾷ,
384 2988 478 3035 καὶ
518 2987 613 3041 τὴν
659 2980 904 3040 ἀκίνητον
957 2985 1046 3034 καὶ
1089 2979 1381 3056 ἀνόρμητον
1429 2990 1525 3043 τῆς
1570 2999 1811 3056 προαιρε-

1918 1840 2031 1880 nec
2051 1823 2542 1880 reconcinnando
2565 1825 2775 1882 vitium
2796 1827 2950 1883 illius
2980 1830 3286 1886 resarciat.
3313 1830 3426 1887 Sed
3449 1847 3578 1903 cur,

1918 1913 2134 1985 inquit,
2167 1929 2290 1969 non
2321 1914 2402 1969 ita
2449 1914 2672 1970 conditi
2703 1932 2938 1986 sumus,
2971 1922 3036 1973 ut
3063 1933 3314 1990 peccare
3359 1925 3580 1978 natura

1918 2018 2043 2058 non
2081 2002 2410 2074 possimus,
2442 2003 2597 2058 adeo
2631 2009 2692 2059 ut
2713 2019 2788 2060 ne
2818 2005 3158 2062 volentibus
3189 2007 3438 2080 quidem
3467 2025 3578 2066 no-

1918 2091 2012 2147 bis
2041 2090 2293 2148 facultas
2316 2091 2539 2148 inesset
2561 2094 2896 2164 peccandi?
2927 2095 3080 2161 Quia
3105 2100 3162 2152 et
3188 2101 3253 2153 tu
3283 2098 3572 2170 famulos,

1919 2195 2043 2236 non
2065 2197 2202 2236 cum
2227 2180 2460 2237 vinctos
2480 2181 2734 2248 detines,
2753 2183 3082 2240 benevolos
3103 2191 3299 2258 putas,
3316 2187 3421 2242 sed
3439 2204 3578 2244 cum

1920 2286 2024 2326 eos
2048 2269 2303 2326 libenter
2323 2287 2434 2327 sua
2457 2271 2519 2326 in
2542 2275 2596 2327 te
2620 2270 2820 2328 ofﬁcia
2841 2273 3062 2329 videris
3082 2274 3344 2348 explere.
3369 2275 3578 2348 Itaque

1919 2373 2116 2430 neque
2144 2360 2263 2414 Deo
2289 2365 2530 2429 gratum
2556 2364 2646 2416 est
2665 2360 2833 2432 quod
2855 2367 3133 2418 coactum
3155 2367 3262 2432 est,
3281 2363 3384 2419 sed
3411 2363 3580 2436 quod

1920 2447 2139 2504 virtute
2170 2448 2410 2518 geritur.
2441 2449 2634 2506 Virtus
2668 2454 2869 2506 autem
2910 2467 2982 2506 ex
3026 2451 3328 2508 voluntate
3359 2468 3480 2508 non
3506 2469 3580 2509 ex

1919 2536 2274 2594 necessitate
2302 2538 2722 2611 proﬁciscitur.
2751 2541 2882 2596 Jam
2926 2556 3072 2596 vero
3101 2540 3382 2597 voluntas
3407 2557 3480 2598 ex
3509 2542 3581 2598 iis

1920 2641 2058 2697 quae
2100 2641 2284 2698 penes
2329 2642 2441 2682 nos
2489 2631 2650 2696 sunt,
2678 2627 2999 2699 dependet.
3052 2629 3223 2694 Quod
3273 2635 3475 2686 autem
3516 2631 3578 2686 in

1920 2713 2099 2770 nobis
2120 2715 2298 2771 situm
2323 2721 2430 2784 est,
2454 2715 2622 2771 liberi
2653 2716 2878 2773 arbitrii
2908 2717 3163 2774 facultas
3194 2723 3300 2775 est.
3326 2719 3578 2776 Proinde

1921 2803 2026 2875 qui
2046 2804 2325 2876 opiﬁcem
2352 2805 2758 2877 reprehendit,
2775 2806 2942 2880 quod
2965 2822 3079 2863 nos
3100 2823 3224 2864 non
3247 2808 3584 2866 condiderit

1921 2897 2139 2948 natura
2187 2893 2333 2948 tales
2377 2899 2440 2949 ut
2486 2910 2738 2966 peccare
2785 2912 3185 2968 nequeamus,
3217 2897 3366 2953 nihil
3415 2897 3582 2954 aliud

1921 2979 2216 3048 facit,nisi
2240 2986 2521 3038 naturam
2551 2983 2960 3040 irrationalem
2979 2984 3257 3041 rationali
3287 2991 3345 3041 et
3368 2985 3583 3042 immo-

192 3081 356 3134 τικῆς
412 3075 503 3124 καὶ
561 3070 881 3145 ἐμπράκτου.
914 3077 1093 3123 Ταῦτα
1148 3070 1192 3122 εἰ
1242 3074 1332 3123 καὶ
1382 3068 1806 3143 παρεκϐατικῶς,

1921 3069 2105 3125 bilem
2144 3071 2597 3143 appetendique
2627 3073 3008 3145 incapacem,
3039 3073 3243 3130 liberae
3273 3079 3455 3146 atque
3484 3091 3584 3131 ac-

365 3161 664 3232 ἀναγκαίως
712 3165 933 3234 εἴρηται,
979 3161 1060 3212 ἱνα
1095 3164 1192 3232 μή,
1239 3160 1312 3222 εἰς
1360 3158 1524 3233 βυθόν
1579 3156 1812 3232 διαλογι-

200 3262 354 3325 σμῶν
399 3251 659 3324 ἐμπεσὼν,
707 3253 840 3323 πρὸς
889 3257 952 3323 τῇ
1009 3255 1254 3324 στερήσει
1305 3257 1404 3302 τῶν
1442 3246 1810 3323 περισπουδά-

203 3361 367 3407 στων,
418 3343 497 3393 ἔτι
539 3344 628 3392 καὶ
671 3346 805 3392 Θεοῦ
859 3341 1105 3413 στέρησιν
1145 3340 1446 3412 ύπομείνης.
1479 3340 1814 3412 Παυσὼμεθα

202 3427 293 3483 οὖν
350 3427 784 3501 ἐπανορθούμενοι
835 3429 922 3479 τόν
975 3430 1150 3499 σοφόν.
1203 3428 1533 3500 Παυσὼμεθα
1577 3430 1637 3479 τὸ
1696 3425 1814 3500 βίλ-

203 3539 318 3572 τιον
364 3528 464 3571 τῶν
505 3518 628 3590 παρ’
679 3517 839 3570 αύτού
877 3519 1155 3590 γινομένων
1207 3515 1589 3578 ἐπιζητοῦντες.
1622 3515 1684 3570 Εἰ
1709 3518 1813 3591 γάρ

204 3615 299 3661 καὶ
357 3617 460 3660 τῶν
525 3609 663 3660 κατά
721 3609 880 3680 μέρος
938 3606 1373 3678 οἰκονομουμένων
1441 3601 1814 3678 διαφεύγουσιν

207 3701 352 3771 ἡμᾶς
397 3700 449 3750 οἱ
494 3696 660 3761 λάθοι,
694 3695 799 3748 ἀλλ’
846 3696 895 3749 ἓν
933 3715 991 3767 γε
1043 3694 1203 3747 ἐκεῖνο
1258 3691 1433 3768 δόγμα
1459 3701 1575 3758 ταῖς
1605 3695 1813 3767 ψυχαῖς

209 3792 356 3860 ἡμῶν
386 3787 750 3860 ἔνυπαρχέτω,
790 3787 871 3852 τὸ,
902 3781 1068 3858 μηδὲν
1098 3788 1257 3837 κακὸν
1286 3787 1430 3858 παρὰ
1470 3792 1562 3838 τοῦ
1612 3783 1814 3856 ἀγαθοῦ

207 3879 468 3949 γίνεσθαι.

280 4058 336 4110 8.
381 4056 783 4127 Ἐπεισίρχεται
815 4048 874 4105 δε
918 4053 1104 4123 τούτῳ,
1137 4052 1273 4104 κατά
1301 4053 1362 4104 τὸ
1408 4049 1690 4104 ἀκόλουθον
1719 4059 1817 4112 τῆς

210 4144 426 4213 ὶννοίας,
461 4146 552 4194 καὶ
603 4146 662 4194 το
700 4147 820 4216 περὶ
864 4147 954 4193 τοῦ
1005 4137 1252 4194 διαϐόλου
1303 4139 1537 4212 ζήτημα.
1590 4141 1750 4192 Πόθεν
1789 4141 1815 4191 6

211 4230 479 4298 διάϐολος,
531 4231 578 4284 εἰ
619 4234 691 4303 μὴ
744 4233 888 4305 παρά
936 4237 1068 4283 Θεοῦ
1118 4229 1225 4300 (7t)
1280 4230 1346 4280 τὰ
1392 4230 1560 4294 κακὰς
1611 4231 1676 4281 Τί
1728 4223 1817 4280 ούν

211 4339 407 4394 φαμι-η
439 4329 561 4373 Ὀτι
611 4322 637 4372 6
673 4320 832 4380 αὐτὸς
879 4321 1003 4392 ἡμῖν
1055 4316 1262 4391 ἀρκέσει
1305 4321 1395 4369 καὶ
1445 4320 1564 4392 περὶ
1595 4323 1685 4368 τοῦ
1727 4319 1817 4378 ζη-

1922 3162 2114 3215 ιιιοεω
2159 3159 2417 3233 praefert.
2464 3160 2584 3232 80
2635 3163 2770 3217 Haec
2815 3160 2923 3216 etsi
2963 3177 3074 3233 per
3117 3161 3576 3230 digressionem.

1920 3249 2267 3306 necessario
2316 3253 2519 3306 tamen
2567 3249 2730 3306 dicta
2776 3255 2938 3320 sunt,
2966 3254 3032 3306 ut
3071 3265 3147 3306 ne
3191 3251 3250 3306 in
3285 3250 3580 3324 abyssum

1922 3338 2356 3412 cogitationum
2386 3339 2661 3396 inanium
2706 3341 2914 3412 lapSus
2943 3345 3156 3414 praeter
3182 3341 3581 3414 privationem

1923 3445 2135 3486 eorum
2166 3446 2428 3502 quorum
2472 3430 2675 3486 studio
2706 3430 2946 3499 teneris,
2979 3431 3182 3487 adhuc
3211 3436 3268 3488 et
3298 3431 3418 3487 Deo
3446 3431 3582 3504 ipso

1921 3518 2198 3590 priveris.
2253 3519 2612 3575 Desinamus
2658 3518 2840 3588 igitur
2884 3519 3180 3589 corrigere
3224 3520 3581 3592 sapientem.

1925 3608 2282 3664 Desinamus
2319 3609 2658 3682 quidquam
2691 3607 2908 3663 melius
2937 3625 3125 3680 quam
3172 3624 3311 3680 quae
3355 3609 3580 3677 fecerit,

1921 3695 2233 3766 indagare.
2267 3697 2384 3752 Etsi
2423 3697 2585 3752 enim
2617 3696 2994 3766 singulorum
3032 3712 3169 3768 quae
3215 3697 3345 3767 ejus
3375 3695 3579 3768 provi-

1922 3785 2129 3842 dentia
2173 3801 2244 3842 ac
2291 3785 2542 3842 consilio
2591 3785 2765 3854 ﬁunt,
2795 3785 3062 3842 rationes
3108 3800 3221 3841 nos
3267 3785 3492 3853 latent;
3521 3788 3582 3841 at

1921 3879 2079 3930 certe
2107 3890 2297 3930 unum
2328 3874 2473 3930 illud
2502 3875 2728 3944 dogma
2769 3879 2973 3930 ratum
3019 3874 3333 3948 ﬁxumque
3376 3875 3438 3931 in
3476 3889 3583 3931 no-

1923 3964 2063 4020 stris
2092 3963 2312 4019 animis
2346 3963 2442 4033 sit,
2481 3963 2718 4020 nullum
2750 3963 2981 4020 malum
3009 3979 3046 4019 a
3069 3963 3234 4020 bono
3263 3965 3412 4021 ﬁeri.

1995 4057 2048 4108 8.
2091 4052 2232 4108 Huic
2262 4057 2463 4109 autem
2495 4053 2814 4124 quaestioni
2855 4053 2973 4109 alia
3001 4053 3078 4108 de
3113 4051 3361 4109 diabolo
3388 4069 3458 4109 ex
3486 4069 3583 4110 co-

1924 4143 2249 4212 gitatorum
2289 4142 2439 4198 serie
2471 4142 2721 4199 accedit.
2757 4143 2924 4199 Unde
2952 4143 3026 4198 sit
3055 4141 3360 4210 diabolus,
3383 4143 3433 4199 si
3461 4159 3585 4200 non

1925 4235 2064 4287 sunt
2093 4247 2128 4287 a
2158 4235 2276 4287 Deo
2315 4231 2523 4287 mala?
2557 4231 2711 4297 Quid
2741 4231 2924 4300 igitur
2948 4231 3207 4287 dicimus
3228 4233 3256 4287 ‘I
3285 4231 3583 4288 rationem

1926 4319 2206 4375 eamdem
2235 4336 2420 4392 quam
2444 4321 2574 4391 jam
2605 4319 2680 4384 de
2707 4319 3025 4376 hominum
3069 4320 3360 4392 pravitate
3384 4321 3584 4377 reddi-

210 4417 446 4482 τὲματος
493 4411 680 4461 τούτου
721 4407 894 4479 λόγος,
927 4409 952 4459 6
1001 4412 1088 4483 καὶ
1129 4411 1246 4480 περὶ
1294 4414 1389 4467 τῆς
1437 4404 1485 4457 ἐν
1524 4403 1810 4480 ἀνθρώποις

1928 4407 2148 4477 dimus,
2171 4408 2348 4463 nobis
2379 4425 2488 4480 pro
2517 4408 2632 4463 hac
2659 4423 2907 4481 quoque
2933 4409 3263 4480 quzestione
3287 4409 3583 4466 sufﬁcere.

213 4505 467 4571 πονηρίας
516 4493 818 4559 ἀποδοθείς.
872 4499 1029 4550 Πόθεν
1058 4498 1160 4569 γὰρ
1198 4497 1422 4569 πονηρός
1453 4495 1480 4546 ό
1510 4495 1811 4568 οἷνθρωποςς

215 4587 298 4640 Ἐλι
336 4597 437 4649 τῆς
479 4587 674 4648 οἰκείας
723 4587 877 4638 ούτοῦ
917 4587 1031 4656 (72)
1079 4589 1448 4660 προαιρέσεως.
1512 4587 1670 4638 Πόθεν
1725 4604 1818 4636 κα-

214 4681 300 4738 κός
343 4679 369 4728 6
421 4673 707 4742 διάϐολος
760 4675 848 4727 Ἐκ
904 4682 997 4737 τῆς
1044 4675 1209 4737 αὐτῆς
1260 4675 1457 4739 αἰτίας,
1509 4675 1814 4749 αὐθαίρετον

216 4770 346 4837 ἔχων
415 4771 506 4818 καὶ
561 4766 718 4826 αὐτὸς
761 4768 849 4822 τὴν
900 4764 1058 4831 ζωην,
1100 4769 1191 4818 καὶ
1242 4763 1316 4817 ἐπ’
1379 4765 1520 4835 αύτῷ
1577 4767 1814 4836 κειμένην

213 4861 304 4912 τὴν
353 4856 668 4924 ἐξουσίαν,ἦ
705 4858 1018 4928 παραμένειν
1055 4862 1126 4924 τῷ
1175 4862 1306 4926 Θεῷ,
1342 4855 1370 4914 ἡ
1405 4852 1816 4927 ἀλλοτριωθῆναι

215 4952 301 4995 τοῦ
357 4943 583 5014 ἀγαθοῦ.
647 4942 868 5017 Γαϐριὴλ
933 4942 1165 5014 ἄγγελος,
1224 4947 1312 4995 καὶ
1375 4947 1674 5018 παρέστηκε
1740 4949 1814 5013 τῷ

218 5041 325 5103 Θεῷ
368 5029 645 5095 διηνεκῶς.
676 5041 736 5084 '0
791 5039 1018 5094 Σατανᾶς
1068 5031 1301 5104 ἄγγελος,
1335 5036 1422 5084 καὶ
1469 5032 1674 5095 ἐξέπεσε
1719 5039 1816 5091 τῆς

219 5123 408 5186 οἰκείας
450 5123 644 5186 τάξεως
674 5121 952 5183 παντελῶς.
1000 5120 1241 5175 Κάκεῖνον
1288 5123 1319 5180 ἠ
1370 5125 1674 5198 προαίρεσις
1723 5117 1814 5172 δι-

285 5287 330 5321 ’ί
370 5284 546 5341 Rom.
578 5299 659 5352 τι,
690 5287 781 5340 23.
859 5283 909 5319 ⁹²
948 5281 1099 5340 Psal.
1134 5298 1300 5350 Lxxu,
1331 5285 1420 5339 27.

289 5448 388 5513 (70)
427 5446 594 5503 Colb.
637 5445 873 5513 primus
913 5443 1206 5506 ἕξιάσηται.
1240 5443 1468 5500 lbidem
1498 5443 1639 5501 editi
1689 5445 1816 5499 ἀλλά

223 5527 304 5569 καὶ
333 5514 442 5573 διά.
478 5514 702 5574 Vocula
731 5520 821 5569 καί
847 5515 1018 5572 abest
1045 5531 1082 5571 a
1110 5515 1331 5572 nostris
1357 5515 1689 5575 codicibus.

311 5593 397 5662 Tt)
432 5589 582 5646 Editi
620 5593 764 5662 παρά
819 5594 913 5640 τοῦ
963 5593 1115 5642 Θεοῦ.
1149 5585 1443 5643 Articulus
1473 5587 1534 5644 in
1597 5588 1817 5647 nostris

1929 4497 2094 4553 Unde
2115 4497 2277 4552 enim
2309 4497 2506 4552 malus
2537 4504 2628 4553 est
2658 4498 2888 4554 homo?
2920 4513 2990 4553 ex
3023 4515 3136 4554 sua
3156 4498 3346 4570 ipsius
3375 4499 3585 4556 volun-

1925 4591 2069 4643 tate.
2099 4585 2263 4642 Unde
2286 4585 2484 4642 malus
2509 4585 2829 4642 diabolus?
2856 4590 2936 4643 Ex
2958 4588 3172 4643 eadem
3202 4603 3418 4653 causa;
3445 4605 3584 4644 cum

1924 4681 1982 4732 et
2024 4676 2153 4748 ipse
2182 4675 2437 4731 liberam
2478 4675 2664 4731 vitam
2694 4675 2965 4743 haberet,
2999 4693 3069 4732 ac
3101 4692 3290 4748 penes
3322 4693 3386 4732 se
3429 4682 3589 4734 esset

1922 4765 2019 4822 vel
2049 4768 2167 4820 Deo
2197 4770 2654 4838 perseveranter
2681 4765 3012 4833 adhaerere,
3043 4765 3139 4820 vel
3169 4781 3206 4820 a
3233 4764 3398 4820 bono
3429 4782 3588 4820 sece-

1922 4857 2085 4912 dere.
2120 4854 2356 4912 Gabriel
2408 4853 2663 4924 angelus
2714 4859 2823 4924 est,
2854 4860 2910 4910 et
2958 4857 3077 4909 Deo
3123 4853 3348 4924 jugiter
3378 4854 3582 4911 astitit.

1925 4947 2182 5002 Satanas
2215 4947 2342 4999 erat
2373 4943 2624 5014 angelus
2668 4958 2937 5015 quoque,
2970 4941 3079 4996 sed
3111 4957 3184 4996 ex
3223 4957 3335 4996 suo
3373 4939 3583 4996 ordine

1924 5035 2163 5107 penitus
2192 5033 2429 5089 excidit.
2465 5035 2526 5088 Et
2552 5032 2720 5087 illum
2749 5029 2990 5087 retinuit
3027 5029 3088 5084 in
3133 5027 3298 5082 caelis
3327 5027 3584 5084 liberum

1925 5122 2264 5189 arbitrium,
2283 5126 2340 5178 et
2356 5121 2520 5177 hunc
2541 5119 2757 5190 dejecit
2776 5116 3100 5172 voluntatis
3120 5114 3389 5171 libertas.
3411 5117 3583 5171 Pote-

1925 5461 2097 5508 mss.,
2131 5458 2252 5499 non
2284 5439 2604 5497 invenitur.

1997 5507 2108 5587 (72)
2147 5513 2390 5586 Antiqui
2421 5517 2537 5567 tres
2567 5509 2703 5566 libri
2736 5509 2928 5571 οἰκείας
2964 5507 3170 5566 ἑαυτοῦ.
