4088 6194
491 293 590 347 351

1849 287 1909 342 S.
1954 285 2206 341 BASILII
2241 284 2486 342 MAGNI.

3744 288 3845 343 352

486 429 694 471 rerum
714 414 788 469 ⁷⁸.
812 410 1096 469 Diabolus
1124 424 1287 477 vero,
1311 409 1479 483 quod
1506 409 1668 467 idem
1698 408 1929 484 peccati
1953 407 2144 465 nostri

2263 407 2419 469 λείαις
2469 410 2862 483 μεμαθήκαμεν·
2938 406 3186 482 Εξήγειρε
3243 407 3371 482 γὰρ,
3435 410 3589 479 φησὶ,
3666 411 3849 482 Κύριος

486 502 729 574 adjutor
748 506 840 558 est
868 505 925 558 et
961 502 1296 567 accusator,
1329 498 1606 569 gaudens
1642 499 1889 571 quidem
1936 502 2145 554 nostro

484 590 753 661 interitu,
773 590 855 646 ob
876 606 949 647 ea
964 604 1108 645 vero
1121 588 1650 660 qum’patravimus
1663 587 1989 644 traducens
2009 602 2142 643 nos.

488 681 781 737 Craterum
806 682 1028 735 natura
1049 677 1181 748 ejus
1207 676 1566 749 incorporea
1617 680 1730 743 est,
1776 676 1950 747 juxta
1991 681 2146 748 Apo-

490 767 711 824 stolum
735 766 1032 823 dicentem
1060 783 1074 821 :
1107 764 1243 820 Non
1258 770 1345 821 est
1362 765 1533 821 nobis
1549 765 1901 821 colluctatio
1937 763 2149 821 adver-

488 873 589 914 sus
602 858 957 927 sanguinem
976 861 1029 912 et
1043 869 1308 926 carnem,
1329 855 1434 912 sed
1452 861 1666 912 contra
1679 855 1856 925 spirit
1863 856 2034 911 ualia
2047 868 2151 911 ne-

486 946 681 1025 quitia
701 947 772 1001 7°.
792 944 1057 1014 Dignitas
1074 959 1221 1001 vero
1245 948 1335 1000 est
1362 942 1752 1016 imperatoria
1778 960 1793 1000 :
1815 943 1959 1000 dicit
1975 958 2148 999 nam-

487 1049 626 1106 que,
657 1033 963 1090 Adversus
980 1035 1381 1103 principatus,
1413 1039 1469 1089 et
1482 1038 1823 1103 potestates,
1852 1037 1907 1089 et
1935 1030 2149 1087 mundi

486 1127 747 1180 rectores
774 1123 1157 1179 tenebrarum
1190 1123 1412 1178 harum
1429 1122 1468 1176 ¹.
1498 1124 1686 1177 Locus
1710 1124 1912 1177 autem
1933 1119 2148 1192 princi-

483 1215 665 1284 patus
698 1210 848 1267 situs
874 1214 963 1267 est
986 1210 1046 1265 in
1067 1224 1203 1265 aere
1230 1208 1406 1265 sicuti
1441 1209 1604 1265 idem
1635 1209 1719 1265 ait
1749 1227 1763 1265 :
1812 1208 2147 1266 Secundum

478 1302 818 1370 principem
836 1299 1150 1370 potestatis
1171 1301 1350 1363 aeris,
1367 1299 1621 1368 spiritus
1642 1300 1748 1371 qui
1764 1313 1930 1355 nunc
1945 1313 2148 1368 opera-

482 1394 587 1445 tur
614 1390 678 1445 in
706 1390 853 1458 ﬁliis
887 1388 1307 1444 inobedientia:
1336 1389 1379 1455 ³,
1404 1386 1629 1443 Idcirco
1659 1386 1877 1443 mundi
1901 1401 2149 1460 quoque

487 1476 772 1550 princeps
797 1476 1035 1544 dicitur,
1066 1476 1235 1549 quod
1254 1475 1483 1533 circum
1507 1474 1719 1532 orbem
1741 1480 2039 1532 terrarum
2061 1476 2152 1531 est

484 1564 677 1635 ipsius
703 1564 1101 1637 principatus.
1135 1565 1216 1621 Ita
1242 1580 1487 1638 quoque
1512 1564 1805 1620 Dominus
1832 1563 2100 1637 loquitur
2132 1579 2146 1620 :

485 1654 666 1711 Nune
667 1655 972 1725 judicium
986 1660 1071 1710 est
1083 1654 1301 1710 mundi
1310 1653 1682 1725 hujus,nunc
1687 1654 1970 1724 princeps
1982 1668 2153 1709 mun-

487 1743 552 1799 di
587 1744 770 1814 hujus
824 1746 1098 1814 ejicietur
1113 1744 1285 1815 foras
1307 1744 1351 1798 ³.
1384 1745 1452 1800 Et
1480 1759 1725 1799 rursus:
1779 1743 1948 1800 Venit
1983 1743 2153 1812 prin-
2184 1763 2223 1816 Β

489 1847 623 1902 ceps
641 1833 858 1890 mundi
867 1831 1045 1903 hujus
1061 1837 1118 1890 et
1143 1833 1208 1889 in
1228 1847 1453 1889 menon
1465 1833 1730 1889 inveniet
1754 1831 2085 1903 quidquam
2105 1832 2148 1887 ⁸.

490 1921 517 1974 6
547 1922 730 1995 οἶρχων
772 1929 867 1975 τοῦ
917 1926 1121 1994 κόσμου
1167 1922 1356 1975 τούτου
1403 1919 1783 1981 ἐκϐληθήσεται
1823 1921 1930 1992 (84)
1972 1919 2091 1984 ἐξω.
2123 1924 2226 1974 Καὶ

498 2007 615 2081 ἔμοὶ
646 2011 858 2085 εὑρήσει
887 2006 1059 2077 οὐδὲν,

567 2097 658 2155 10.
685 2098 981 2163 Quoniam
1006 2101 1210 2155 autem
1235 2098 1312 2154 de
1355 2097 1622 2155 exercitu
1651 2095 1881 2155 diaboli
1925 2096 2157 2153 dictum

497 2190 616 2244 est:
641 2186 1011 2257 Spiritualia
1028 2192 1169 2244 sunt
1189 2187 1475 2258 nequitia:
1500 2188 1565 2243 in
1585 2187 1918 2244 caelestibus
1935 2187 1980 2257 ⁸,
2004 2184 2156 2241 scire

495 2290 698 2348 operm
741 2275 1004 2349 pretium
1048 2281 1136 2333 est
1187 2291 1414 2344 aerem,
1446 2279 1509 2332 ut
1555 2291 1690 2332 mos
1719 2280 1832 2343 est,
1865 2274 2089 2332 caelum
2118 2289 2156 2331 a

494 2364 801 2438 Scriptura
832 2365 1053 2421 vocari.
1084 2364 1355 2437 Exempli
1383 2379 1570 2421 causa
1599 2383 1612 2420 :
1651 2365 1926 2422 Volatilia
1951 2364 2088 2420 caeli
2107 2365 2153 2433 ⁸,

492 2457 569 2521 et,
600 2453 950 2510 Ascendunt
972 2468 1159 2526 usque
1177 2453 1259 2510 ad
1286 2454 1462 2513 caelos
1481 2455 1501 2488 7
1530 2452 1685 2510 :hoc
1705 2457 1814 2519 est,
1856 2451 1919 2509 in
1950 2466 2155 2508 aerem

493 2541 612 2599 alte
638 2541 1052 2611 sustollantur.
1087 2545 1233 2599 Eam
1256 2541 1337 2598 ob
1367 2557 1618 2598 causam
1640 2546 1698 2598 et
1728 2540 2019 2598 Dominus
2051 2539 2157 2596 Sa-

494 2636 702 2688 tanam
728 2631 875 2688 vidit
903 2632 1059 2687 sicut
1082 2633 1304 2703 fulgur
1331 2631 1404 2688 de
1441 2633 1589 2688 caelo
1619 2631 1926 2688 cadentem
1945 2631 1967 2666 7
1996 2646 2011 2685 :
2036 2629 2155 2685 hoc

497 2724 607 2787 est,
659 2735 733 2776 ex
784 2736 896 2776 suo
927 2720 1272 2793 principatu
1317 2719 1697 2793 prolapsum,
1730 2725 1788 2775 et
1813 2719 1876 2775 in
1901 2717 2038 2775 imis
2064 2718 2155 2790 ja-

498 2811 735 2864 centem
760 2825 774 2875 ;
808 2812 872 2864 ut
903 2808 981 2864 ab
1006 2808 1078 2864 iis
1101 2809 1207 2882 qui
1236 2808 1299 2865 in
1329 2808 1564 2865 Christo
1597 2823 1770 2881 spem
1798 2821 2152 2881 reposuere,

2256 506 2329 569 τῷ
2405 497 2692 571 Σολομῶντι
2747 504 2931 563 Σατᾶν,
2990 493 3151 571 ’Ἄδερ
3200 500 3286 549 τόν
3335 494 3564 569 βασιλέα
3617 505 3716 548 τῶν
3763 502 3849 550 Σύ-

2255 604 2378 662 ρων·
2436 583 2679 649 διάϐολος
2723 588 2835 659 (83)
2880 583 2960 654 δὲ,
3015 581 3195 644 ἐπειδὴ
3252 586 3278 637 6
3312 585 3469 646 αὐτὸς
3492 588 3585 637 καὶ
3613 590 3849 660 συνεργὸς

2254 684 2353 736 τῆς
2392 676 2656 749 ἁμαρτίας
2705 678 2850 749 ἡμῶν
2901 679 2988 727 καὶ
3050 678 3345 747 κατήγορος
3378 677 3599 746 γίνεται·
3653 679 3850 749 χαίρων

2256 766 2346 836 μὲν
2399 764 2538 836 (83⁸)
2575 766 2722 837 ἡμῶν
2771 763 3018 836 ἀπωλείᾳ,
3062 760 3562 838 παραδειγματίζων
3615 759 3676 816 δε
3719 765 3852 838 ἡμᾶς

2246 850 2341 906 ἐπὶ
2390 860 2500 915 τοῖς
2543 857 2942 928 πεπραγμένοις.
3003 854 3166 914 Φύσις
3227 848 3287 905 δι
3332 851 3494 905 αὐτοῦ
3557 850 3848 924 ἀσώματος,

2256 943 2393 995 κατά
2437 944 2524 995 τόν
2563 941 2900 1010 Ἀπόστολον,
2953 943 3040 994 τὸν
3083 941 3311 994 εἰπόντα·
3359 940 3472 993 Ούκ
3500 941 3645 993 ἔστιν
3671 942 3793 1013 ἡμῖν
3820 942 3849 1000 ἠ

2256 1030 2394 1089 πάλη
2457 1035 2588 1106 πρὸς
2646 1032 2779 1104 αἷμα
2840 1034 2929 1083 καὶ
2986 1032 3175 1103 σάρκα,
3236 1027 3367 1082 ἀλλὰ
3419 1031 3555 1104 πρὸς
3608 1030 3677 1081 τὰ
3710 1047 3852 1082 πνευ-

2257 1122 2456 1195 ματικὰ
2518 1129 2614 1183 τῆς
2679 1124 2952 1195 πονηρίας.
3010 1118 3243 1192 Ἀξίωμα
3295 1115 3355 1171 δί
3419 1117 3669 1193 ἀρχικόνο
3727 1121 3854 1193 Πρός

2256 1212 2359 1285 γὰρ
2407 1212 2502 1273 τὰς
2553 1208 2749 1283 ἀρχὰς,
2793 1212 2944 1282 φησὶ,
2992 1211 3084 1261 καὶ
3139 1209 3236 1269 τὰς
3286 1206 3549 1274 ἐξουσίας,
3608 1210 3695 1260 καὶ
3738 1211 3854 1268 τοὺς

2256 1301 2687 1374 κοσμοκράτορας
2736 1305 2830 1351 τοῦ
2897 1302 3118 1358 σκότους
3170 1298 3380 1352 τούτου.
3440 1300 3613 1358 Τόπος
3666 1292 3725 1348 δε
3764 1303 3854 1358 τῆς

2258 1386 2436 1462 ἀρχῆς
2499 1388 2526 1440 6
2574 1386 2818 1461 ἐναέριος,
2912 1387 2984 1449 ὥς
3022 1404 3195 1459 ,φησιν
3246 1386 3273 1438 6
3329 1385 3510 1448 αύτὸς·
3568 1387 3715 1438 Κατὰ
3771 1386 3854 1437 τὸν

2258 1478 2499 1552 ἄρχοντα
2571 1485 2667 1539 τῆς
2747 1475 2985 1540 ἐξουσίας
3035 1482 3127 1528 τοῦ
3192 1472 3364 1549 ἀέρος,
3417 1481 3513 1528 τοῦ
3576 1475 3856 1546 πνεύματος

2257 1573 2351 1619 τοῦ
2406 1573 2495 1618 νῦν
2551 1563 2872 1639 ἐνεργοῦντος
2934 1562 2986 1617 ἕν
3048 1571 3158 1627 τοῖς
3231 1566 3363 1626 νὶοῖς
3428 1571 3526 1625 τῆς
3563 1560 3846 1625 ἀπειθείας.

2262 1656 2358 1707 Διὰ
2436 1661 2590 1708 τοῦτο
2664 1658 2754 1707 καὶ
2831 1658 3036 1727 σόσμου
3109 1654 3292 1727 ἄρχων
3366 1651 3607 1725 λέγεται,
3682 1647 3853 1710 ἐπειδή

2261 1748 2519 1818 περίγειος
2566 1741 2728 1798 αὐτοῦ
2789 1742 2930 1797 ἐστιν
2985 1744 3016 1801 ἠ
3077 1740 3246 1816 ἀρχη,
3297 1745 3400 1796 Καὶ
3435 1740 3602 1804 οὕτως
3640 1737 3795 1813 φηδὶν
3831 1740 3856 1792 6

2267 1835 2476 1907 Κύριος·
2521 1839 2631 1886 Νῦν
2672 1835 2843 1908 κρίσις
2903 1830 3018 1885 ἐστὶ
3084 1838 3177 1885 τοῦ
3228 1835 3441 1904 κόσμου
3511 1831 3857 1896 τούτουπνῦν

2267 1921 2441 1975 πάλιν·
2483 1919 2743 1996 Ἔρχεται
2785 1922 2812 1973 6
2850 1920 3035 1996 ἄρχων
3070 1926 3164 1973 τοῦ
3201 1922 3406 1993 κόσμου
3442 1919 3653 1985 τούτου,
3691 1920 3778 1970 καὶ
3812 1913 3857 1969 ἓν

2341 2101 2426 2156 10.
2458 2095 2670 2159 Ἐπειδή
2706 2095 2765 2152 δέ
2795 2101 2997 2173 εἴρηται
3024 2100 3257 2174 περὶτῆς
3289 2101 3552 2171 στρατιᾶς
3568 2102 3662 2150 τοῦ
3691 2091 3861 2149 διαϐό-

2263 2187 2375 2255 λου,
2446 2190 2529 2242 ὅτι
2601 2189 2934 2261 Πνευματικά
3004 2185 3116 2240 ἔστι
3179 2194 3275 2249 τῆς
3331 2189 3593 2261 πονηρίας
3649 2183 3697 2237 ἐν
3758 2189 3859 2244 τοῖς

2265 2275 2610 2352 ἐπουρανίοις,
2674 2272 2870 2329 εἰδέναι
2924 2280 3053 2351 χρὴ,
3122 2276 3205 2328 ὅτι
3267 2273 3494 2350 ούρανὸν
3548 2274 3779 2334 συνήθως
3825 2272 3853 2329 ἦ

2265 2369 2442 2440 Γραφὴ
2491 2368 2579 2418 τὸν
2634 2362 2761 2438 ἀέρα
2809 2364 2962 2436 λέγει,
3013 2365 3082 2427 ὡς
3138 2365 3217 2431 τὸ,
3270 2365 3351 2417 Τὰ
3396 2364 3617 2417 πετεινὰ
3641 2366 3732 2415 τοῦ
3775 2358 3857 2412 ού-

2263 2461 2439 2529 ρανοῦ·
2511 2457 2603 2507 καὶ
2673 2458 2754 2521 τό,
2826 2451 3217 2506 Ἀναϐαίνουσιν
3300 2452 3393 2515 ἕως
3456 2460 3560 2506 τῶν
3621 2451 3856 2525 οὐρανῶν·

2261 2547 2551 2611 τουτέστιν,
2617 2540 2701 2596 ἐπὶ
2748 2540 2881 2596 πολὺ
2928 2549 3022 2596 τοῦ
3084 2540 3232 2616 ἀέρος
3262 2540 3555 2613 ύψοῦνται.
3594 2541 3688 2594 Διά
3713 2545 3854 2594 τοῦτο

2262 2636 2353 2685 καὶ
2394 2633 2421 2685 6
2475 2634 2667 2706 Κύριος
2734 2628 2858 2685 Eleis
2926 2634 3014 2684 τὸν
3067 2636 3299 2684 Σατανᾶν
3344 2629 3416 2693 ὡς
3494 2629 3762 2705 ἀστραπὴν
3807 2625 3857 2680 ίκ

2262 2727 2355 2774 τοῦ
2394 2719 2615 2796 ούρανοῦ
2665 2723 2912 2774 πεσὸνταυ
2972 2722 3237 2787 τουτέστι,
3295 2726 3393 2782 τῆς
3453 2718 3648 2781 οἰκείας
3693 2715 3856 2792 ἀρχῆς

2264 2809 2571 2876 ἐκπεσόντα,
2640 2812 2732 2862 καὶ
2804 2809 2945 2861 κάτω
2994 2811 3280 2881 γενόμενον,
3332 2809 3418 2861 ἶνα
3486 2813 3718 2867 πατῆται
3764 2805 3855 2857 ὑπὸ

499 2895 907 2953 conculcetur.
941 2876 1234 2953 Nimirum
1255 2896 1424 2953 dedit
1449 2876 1760 2970 discipulis
1804 2876 1929 2952 suis
1970 2895 2155 2951 virtu-

2263 2906 2364 2952 τῶν
2393 2898 2465 2962 εἰς
2493 2903 2724 2973 Χριστον
2754 2876 3048 2958 ἠλπικότων
3095 2876 3230 2968 (85).
3272 2892 3487 2951 Ἔδωκε
3512 2897 3612 2970 γὰρ
3650 2892 3856 2966 δύναμιν

504 2989 622 3042 tem
638 2984 913 3042 calcandi
928 3002 1110 3058 super
1120 2990 1427 3059 serpentes
1441 2991 1499 3043 et
1514 2986 1885 3059 scorpiones,
1904 2991 1960 3043 et
1974 2998 2158 3058 super

503 3090 749 3132 omnem
780 3074 1062 3132 virtutem
1082 3074 1310 3132 inimici
1329 3077 1373 3131 θ.
1396 3075 1650 3132 Proinde
1675 3091 1812 3132 cum
1854 3073 2159 3145 ﬂagitiosa

502 3163 635 3235 ejus
664 3163 936 3235 tyrannis
965 3163 1158 3234 ejecta
1186 3163 1278 3229 sit,
1308 3163 1603 3236 locusque
1634 3166 1803 3219 terrea
1834 3162 2157 3233 circumja-

502 3268 646 3310 cens
670 3252 1004 3309 mundatus
1025 3252 1117 3323 sit,
1141 3268 1249 3326 per
1269 3252 1593 3310 salutarem
1614 3251 1963 3325 passionem
1974 3251 2155 3318 illius,

499 3340 607 3415 qui
633 3340 976 3414 paciﬁeavit
1003 3357 1141 3413 quae
1170 3345 1311 3398 sunt
1328 3356 1515 3414 super
1545 3345 1788 3411 terram,
1812 3343 1871 3396 et
1906 3355 2042 3413 quae
2092 3338 2157 3395 in

500 3429 664 3486 caelis
687 3430 757 3497 7°,
780 3434 908 3486 tum
930 3428 1180 3486 demum
1208 3444 1464 3500 regnum
1496 3429 1785 3486 caelorum
1808 3426 1986 3485 nobis
2008 3443 2160 3502 prta.

501 3517 755 3574 dicatur.
786 3516 1292 3590 Quippeloannes
1308 3517 1556 3590 quidem
1575 3517 1657 3574 ait
1677 3517 2159 3589 :Appropinqua-

398 3595 405 3607 ’
503 3609 589 3665 vit
632 3622 886 3679 regnum
917 3608 1203 3664 caelorum
1228 3609 1311 3664 ιιι
1347 3607 1637 3664 Dominus
1679 3622 1823 3664 vero
1871 3606 2160 3679 praedicat

502 3696 729 3769 ubique
751 3695 1131 3766 evangelium
1154 3695 1343 3769 regni.
1361 3699 1558 3769 Atque
1579 3695 1758 3752 etiam
1775 3695 1945 3769 prius
1961 3695 2163 3767 angeli

503 3784 877 3851 clamabant,
913 3786 1123 3842 Gloria
1149 3785 1212 3840 in
1241 3785 1552 3843 altissimis
1591 3785 1733 3848 Deo,
1761 3789 1834 3842 et‘
1866 3785 1932 3840 in
1994 3789 2162 3842 terra

503 3887 633 3942 pax
655 3875 721 3929 77.
747 3876 812 3930 Et
831 3872 935 3946 qui
975 3872 1038 3929 in
1062 3872 1338 3943 ingressu
1359 3872 1593 3929 Domini
1614 3872 1877 3929 nostriin
1925 3874 2163 3930 Jerusa-

502 3961 626 4019 lem
657 3961 1066 4032 exsultabant,
1090 3961 1582 4019 vociferabantur
1609 3976 1852 4034 quoque
1878 3978 1891 4017 :
1914 3963 2053 4019 Pax
2098 3960 2162 4018 in

505 4052 688 4122 caelis,
719 4056 776 4108 et
799 4052 998 4123 gloria
1023 4051 1087 4107 in
1117 4051 1429 4107 altissimis
1452 4051 1498 4087 ⁷³
1523 4092 1536 4105 .
1569 4052 1636 4106 Et
1654 4050 1716 4106 in
1760 4066 2021 4116 summa,
2069 4050 2163 4107 in-

505 4154 775 4196 numerae
796 4134 1187 4211 suntepinicii
1204 4154 1406 4209 voces,
1430 4154 1567 4211 quin
1587 4138 2159 4196 inimiciextremam

503 4231 747 4285 ruinam
774 4209 1088 4299 testantur,
1112 4227 1409 4297 videlicet,
1439 4209 1602 4300 quod
1627 4227 1792 4283 lucta
1816 4226 2001 4293 nulla,
2024 4227 2158 4285 nul-
2190 4209 2234 4263 D

504 4316 756 4389 lumque
781 4321 1085 4374 certamen
1110 4317 1287 4374 nobis
1305 4316 1369 4374 in
1401 4316 1683 4389 supernis
1726 4316 2002 4389 supersit,
2048 4333 2160 4374 nec

509 4405 586 4461 sit
604 4405 1166 4478 quiresistatuobis,
1194 4409 1252 4463 et
1271 4410 1626 4463 avertatnos
1645 4405 1873 4463 abeata
1891 4405 2032 4463 vita:
2055 4407 2163 4464 sed

508 4493 699 4550 simus
710 4494 994 4568 deinceps
1002 4495 1023 4566 j
1035 4495 1343 4553 ucundam
1356 4511 1426 4553 ac
1437 4494 1692 4552 hilarem
1715 4494 2164 4554 successionem

583 4637 631 4672 ⁷⁸
661 4638 733 4693 Ill
797 4640 940 4707 Reg.
1001 4652 1082 4703 ιιι,
1131 4640 1215 4693 ll.
1290 4638 1576 4707 "Ephcs.
1622 4654 1697 4701 γι,
1755 4638 1841 4695 12.
1921 4638 2113 4696 7ibid.

511 4708 778 4778 “Ephes.
830 4724 911 4773 γι,
970 4712 1052 4764 12.

515 4782 558 4820 ⁸⁷
591 4780 793 4838 Matth.
821 4794 902 4847 ιιι,
930 4783 986 4835 2.

1290 4640 1338 4710 97
1363 4638 1576 4710 Ephcs.
1622 4654 1697 4701 γι,
1755 4638 1841 4710 12.

1065 4781 1109 4816 ⁷⁷
1145 4780 1281 4835 Luc.
1311 4795 1373 4847 ιι,
1410 4782 1497 4836 14.
1577 4780 1623 4816 ⁸³
1657 4781 1795 4839 Luc.
1834 4797 1949 4853 xxx,
1980 4785 2069 4839 38.

583 4922 696 4992 I83)
726 4921 925 4994 Codex
953 4920 1128 4994 _Coisl.
1162 4919 1370 4994 etduo
1424 4919 1743 4978 Colbertini
1793 4921 2016 4994 βασιλέα
2061 4931 2162 4976 τῶν

511 4990 802 5068 Ἀσσυρίων
847 4990 1108 5068 ideo)“.
1150 4992 1269 5068 Alii
1316 4996 1591 5068 quatuor
1624 5008 1770 5048 mss.
1793 4990 1864 5049 'et
1889 4998 2163 5068 _utraque

509 5063 692 5138 _editio'
723 5063 949 5138 βασιλέα
966 5067 1287 5138 τῶννΣύρων.
1317 5063 1444 5138 lino
1471 5063 1637 5119 Coll).
1680 5064 2007 5138 secundus,
2058 5063 2164 5138 ξιΰί

508 5135 694 5209 habet
721 5134 969 5209 quidem
995 5134 1194 5207 prima
1214 5135 1733 5209 manquaafugtm-J,
1750 5134 1933 5209 habet
1958 5134 2163 5192 tam'en

508 5211 576 5280 e_t_
588 5207 722 5280 ipse
741 5205 1016 5280 secunda
1040 5222 1226 5280 manu
1256 5211 1314 5261 et
1342 5205 1817 5280 minutislitteris
1840 5209 2031 5280 Σύρων.
2061 5210 2166 5263 Ba-

510 5275 698 5359 silius,
749 5277 917 5359 quod
958 5282 1016 5333 et
1052 5277 1203 5359 ipsis
1235 5276 1659 5359 summisviris
1690 5293 1814 5359 non
1843 5275 2165 5351 nunquam

509 5347 818 5416 contingit,
847 5347 1144 5403 memoria
1169 5347 1287 5404 hoc
1315 5348 1451 5404 loco
1481 5347 1672 5404 falsus
1695 5352 1786 5405 est
1817 5366 1831 5411 ξ
1857 5347 2163 5405 οιιιιιόοιι-

511 5422 624 5472 stet
651 5433 724 5473 ex
744 5417 850 5474 lib.
874 5422 955 5489 ιιι,
982 5421 1122 5489 Reg.
1153 5435 1232 5485 ιιι,
1265 5423 1355 5485 22,
1396 5418 1553 5475 Ader
1581 5434 1704 5474 non
1743 5419 1930 5475 fuisse
1960 5435 2164 5489 regem

515 5491 827 5564 Syrorum,
856 5488 964 5543 sed
980 5489 1347 5564 pOpulorum
1376 5493 1546 5546 terrea
1570 5490 1779 5547 Edom.
1803 5490 1997 5547 Ductei
2021 5488 2167 5564 pra:-

515 5559 742 5617 claram
771 5559 1170 5631 notam’legas
1192 5559 1390 5629 velim,

2191 4639 2214 4675 ³
2247 4638 2466 4713 Ephes.
2518 4652 2584 4707 ιι,
2616 4640 2675 4694 2.

1130 4708 1520 4783 {Matth—vi,
1577 4712 1673 4783 2A6.
1743 4711 1763 4744 7
1800 4708 1958 4767 Psal.
2015 4726 2125 4783 cvx,
2174 4714 2264 4767 26.

2261 2995 2374 3050 τοῖς
2425 2986 2612 3041 ἑαυτοῦ
2665 2989 2929 3060 μαθηταῖς
2977 2992 3070 3039 τοῦ
3121 2992 3304 3039 πατεῖν
3356 2983 3535 3038 ἐπάνω
3581 2988 3731 3057 ὄφεων
3774 2985 3856 3035 καὶ

2264 3078 2546 3149 σκορπίων,
2603 3078 2696 3127 καὶ⁵
2753 3072 2837 3127 ἐπὶ
2881 3079 3058 3127 πᾶσαν
3108 3076 3204 3133 τὴν
3254 3069 3488 3146 δύναμιν
3520 3080 3613 3126 τοῦ
3650 3070 3852 3146 ἐχθροῦ.

2262 3163 2403 3217 Ἐπεὶ
2452 3159 2540 3217 οὖν
2598 3162 2843 3226 ἐξεϐλήθη
2897 3163 2928 3221 ἠ
2977 3164 3184 3236 πονηρά
3241 3161 3406 3215 αὐτοῦ
3473 3165 3729 3237 τυραννὶς,
3773 3160 3853 3211 καὶ

2264 3253 2525 3327 ἐκαθάρθη
2589 3254 2700 3323 (86)
2747 3254 2774 3305 6
2830 3255 3090 3326 περίγειος
3141 3255 3301 3315 τόπος
3340 3248 3442 3305 διὰ
3471 3259 3563 3306 τοῦ
3612 3252 3854 3323 σωτηρίου

2262 3344 2483 3409 πάθους,
2540 3348 2634 3395 τοῦ
2668 3341 3057 3416 εἰρηνεύσαντος
3095 3343 3163 3394 τὰ
3188 3339 3294 3394 Ἐπὶ
3344 3348 3449 3404 τῆς
3477 3349 3577 3414 γῆς
3621 3343 3706 3393 καὶ
3732 3334 3853 3391 τὰέν

2263 3439 2374 3495 τοῖς
2421 3430 2679 3505 οὐρανοῖς,
2728 3433 3055 3504 κηρύσσεται
3118 3425 3244 3503 ἡμῖν
3299 3428 3486 3483 λοιπὸν
3543 3432 3573 3489 ἡ
3629 3425 3855 3502 βασιλεία

2263 3529 2367 3576 τῶν
2413 3519 2662 3594 ούρανῶνο
2733 3519 2973 3574 Ἰωάννου
3041 3521 3132 3592 μὶν
3202 3517 3465 3590 λέγοντοςθ
3527 3517 3763 3590 Ἤγγικεν
3822 3514 3850 3571 ἡ

2268 3608 2517 3684 βασιλεία
2590 3616 2691 3661 τῶν
2752 3607 3000 3684 οὐρανῶν
3083 3614 3177 3660 τοῦ
3230 3611 3420 3682 Κυρίον
3470 3605 3532 3661 δι
3596 3608 3854 3675 πανταχοῦ

2265 3702 2327 3752 τό
2371 3696 2693 3770 Εύαγγέλιοῦ
2748 3705 2844 3759 τῆς
2902 3695 3178 3770 βασιλείας
3227 3698 3611 3770 κηρύσσοντοςθ
3663 3698 3748 3747 καὶ
3787 3694 3855 3743 ἔτι

2265 3790 2512 3863 πρότερον
2576 3793 2678 3839 τῶν
2734 3784 2961 3858 ἀγγέλων
3019 3783 3282 3857 βοώντων·
3343 3785 3487 3849 Δόξα
3549 3784 3597 3838 ἐν
3627 3782 3854 3855 ὑψίστοις

2269 3883 2404 3947 Θεῷ,
2449 3878 2539 3928 καὶ
2599 3872 2683 3927 ἐπὶ
2735 3882 2837 3947 γῆς
2898 3873 3093 3948 εἰρήνη·
3162 3877 3252 3925 καὶ
3302 3881 3409 3926 τῶν
3483 3871 3853 3946 ἀγαλλιωμένων

2269 3963 2351 4018 ἐπὶ
2383 3970 2445 4036 τῇ
2488 3962 2559 4025 εἰς
2587 3961 2928 4038 Ἰερουσαλὴμ
2971 3958 3162 4034 εἰσόδῳ
3205 3969 3298 4014 τοῦ
3355 3966 3556 4036 Κυρίου
3585 3963 3743 4034 ἡμῶν,
3773 3958 3854 4008 καὶ

2269 4056 2585 4127 κραζόντων·
2686 4052 2880 4125 Eprium
2970 4050 3017 4104 ἐν
3097 4049 3355 4126 οὐρανοῖς,
3445 4055 3536 4104 καὶ
3618 4046 3742 4111 δόξα
3810 4044 3854 4097 ἐν

2272 4141 2534 4213 ὑψίστοις.
2593 4144 2695 4194 Καὶ
2752 4139 2900 4208 ὅλως,
2959 4142 3147 4214 μυρίαι
3200 4139 3306 4192 εἰσὶ
3356 4148 3462 4192 τῶν
3515 4139 3766 4192 ἐπινικίων
3807 4131 3856 4185 αἰ

2275 4250 2456 4303 φωναι,
2511 4233 2606 4289 τὴν
2655 4229 2725 4292 εἰς
2790 4228 2932 4291 τέλος
2989 4230 3294 4304 καθαίρεσιν
3341 4236 3436 4280 τοῦ
3487 4227 3678 4302 ἐχθροῦ
3730 4241 3855 4295 παρ-

2275 4326 2542 4385 ιστῶσαι,ρ
2580 4320 2650 4380 ὡς
2691 4314 2944 4390 ούδεμιᾶς
3000 4316 3191 4382 πάλης,
3260 4312 3384 4369 οὐδὲ
3445 4316 3640 4389 ἀγῶνος
3683 4312 3854 4390 ἐντοῖς

2271 4408 2377 4461 οἷνω
2433 4405 2827 4479 ύτολειπομίνου
2870 4407 3014 4478 ἡμῖν,
3088 4401 3215 4459 ούδέ
3285 4424 3424 4468 τινος
3496 4388 3853 4474 ἁνθισταμένου

2273 4501 2364 4550 καὶ
2421 4499 2842 4571 παρατρέποντος
2890 4496 3029 4567 ἡμᾶς
3086 4502 3180 4557 τῆς
3233 4498 3498 4568 μακαρίας
3572 4485 3855 4555 ζωῆς,ἁλλ⁶

3349 4630 3373 4671 ‘
3400 4637 3570 4691 Joan.
3626 4646 3741 4698 xw,
3771 4630 3852 4684 30.

2758 4637 2982 4692 7.loan.
3024 4651 3127 4705 xu,
3181 4639 3271 4692 31.
3349 4637 3570 4691 ‘Joan.
3626 4646 3741 4698 xw,
3771 4637 3851 4684 30.

2758 4711 2801 4765 Β.
2878 4710 2900 4744 θ
2953 4707 3104 4766 ibid.
3170 4711 3255 4764 19.
3334 4708 3379 4744 ⁸ο
3409 4706 3613 4763 Coloss
3680 4718 3722 4766 ι,
3768 4701 3851 4755 20.

2342 4711 2363 4745 ⁸
2399 4711 2537 4765 Luc.
2594 4724 2656 4777 Χ,
2715 4711 2801 4765 18.
2878 4710 2900 4744 ⁷
2953 4707 3104 4766 ibid.
3170 4711 3255 4764 19.

2340 4922 2891 4996 (83’)7Desideratur
2920 4921 3135 4996 τῇηγθί
3165 4921 3247 4975 ἐπὶ
3266 4930 3354 4995 τῇ,
3390 4924 3548 4996 Eutr.

2341 4986 2470 5065 (84)’
2486 4994 2729 5067 Veteres
2750 4986 2982 5067 aliquot
2996 4986 3357 5067 libriroorbe
3383 4992 3553 5066 βληθή
3564 5006 3721 5045 σεται.
3734 4986 3849 5067 _Nee

2271 5061 2566 5123 ita'multo
2600 5071 2737 5139 post
2761 5061 2901 5123 editi
2934 5063 3060 5140 ἀέρα
3079 5063 3244 5120 καλεῖ.
3273 5069 3343 5122 At
3372 5061 3516 5121 inss.
3549 5077 3651 5118 sex
3688 5061 3750 5113 ut
3790 5061 3847 5108 1η

2270 5141 2575 5194 contextu.
3463 5205 3478 5207 _
3550 5201 3628 5207 ,,
3715 5197 3728 5207 .
3809 5192 3822 5207 .

2338 5208 2453 5278 (85)
2478 5210 2618 5277 Reg.
2644 5207 2879 5280 primus
2907 5207 3113 5280 etduo
3159 5206 3259 5280 alii
3295 5197 3731 5280 Combeﬁsiani
3782 5197 3847 5280 τίς

2269 5282 2499 5352 Χριστὸν
2518 5277 2886 5352 πιστευόντων,
2918 5279 2994 5336 ab
3022 5280 3096 5352 iis
3121 5279 3229 5352 qui
3280 5279 3344 5333 in
3402 5277 3700 5352 Christum
3736 5279 3848 5352 σζξςς

2270 5335 2440 5422 dunt.
2467 5335 2940 5422 Lectiooptim'a.
2974 5349 3088 5422 Alii
3112 5335 3379 5422 quinque
3410 5364 3554 5404 mss.
3602 5347 3658 5397 et
3717 5335 3847 5422 editi

2272 5420 2585 5481 ἡλπικότων.
2605 5420 2680 5476 ab
2694 5418 2765 5476 iis
2779 5423 2923 5490 quin
2936 5422 2999 5476 in
3015 5418 3321 5476 Christum
3347 5434 3503 5490 spem
3527 5418 3843 5490 reposucre.

2344 5439 2585 5480 πικοτων.
2605 5438 2765 5476 acus
2821 5438 2999 5476 mnm
3015 5438 3321 5476 onustum
3347 5438 3503 5490 spem
3527 5438 3620 5483 rep

2344 5494 2461 5563 (86)
2490 5493 2726 5549 Veteres
2754 5438 2988 5566 aliquot
3005 5490 3140 5548 libri
3167 5496 3258 5544 καὶ
3287 5488 3620 5564 ἑξεκαθάρθη.
