  <div class='ocr_page' id='page_1' title='image "/cluster/home/n/w/nwhite01/storage/ocr_20150623/31/hvd.32044048272629/185.png"; bbox 0 0 4076 6190; ppageno 0'>
   <div class='ocr_carea' id='block_1_1' title="bbox 513 265 616 322">
    <p class='ocr_par' dir='ltr' id='par_1_1' title="bbox 513 265 616 322">
     <span class='ocr_line' id='line_1_1' title="bbox 513 265 616 322; baseline 0.01 -1"><span class='ocrx_word' id='word_1_1' title='bbox 513 265 616 322; x_wconf 75' lang='lat'><strong>359</strong></span> 
     </span>
    </p>
   </div>
   <div class='ocr_carea' id='block_1_2' title="bbox 516 381 2176 458">
    <p class='ocr_par' dir='ltr' id='par_1_2' title="bbox 516 381 2176 458">
     <span class='ocr_line' id='line_1_2' title="bbox 516 381 2176 458; baseline -0.003 -15"><span class='ocrx_word' id='word_1_2' title='bbox 516 387 792 456; x_wconf 87' lang='lat' dir='ltr'><strong>verbera,</strong></span> <span class='ocrx_word' id='word_1_3' title='bbox 822 383 1074 443; x_wconf 90' lang='lat' dir='ltr'><strong>verbera</strong></span> <span class='ocrx_word' id='word_1_4' title='bbox 1096 388 1300 441; x_wconf 90' lang='lat' dir='ltr'><strong>autem</strong></span> <span class='ocrx_word' id='word_1_5' title='bbox 1327 382 1617 442; x_wconf 89' lang='lat' dir='ltr'><strong>vulnera:</strong></span> <span class='ocrx_word' id='word_1_6' title='bbox 1657 384 1922 458; x_wconf 89' lang='lat' dir='ltr'><strong>denique</strong></span> <span class='ocrx_word' id='word_1_7' title='bbox 1953 401 2027 440; x_wconf 82' lang='lat' dir='ltr'><strong>ex</strong></span> <span class='ocrx_word' id='word_1_8' title='bbox 2051 381 2176 441; x_wconf 87' lang='lat' dir='ltr'><strong>vul—</strong></span> 
     </span>
    </p>
   </div>
   <div class='ocr_carea' id='block_1_3' title="bbox 516 472 2178 548">
    <p class='ocr_par' dir='ltr' id='par_1_3' title="bbox 516 472 2178 548">
     <span class='ocr_line' id='line_1_3' title="bbox 516 472 2178 548; baseline -0.003 -16"><span class='ocrx_word' id='word_1_9' title='bbox 516 476 765 533; x_wconf 90' lang='lat' dir='ltr'><strong>neribus</strong></span> <span class='ocrx_word' id='word_1_10' title='bbox 794 490 961 531; x_wconf 91' lang='lat' dir='ltr'><strong>mors</strong></span> <span class='ocrx_word' id='word_1_11' title='bbox 996 473 1134 546; x_wconf 90' lang='lat' dir='ltr'><strong>ipsa</strong></span> <span class='ocrx_word' id='word_1_12' title='bbox 1158 473 1522 546; x_wconf 90' lang='lat' dir='ltr'><strong>plerumque</strong></span> <span class='ocrx_word' id='word_1_13' title='bbox 1554 478 1845 548; x_wconf 80' lang='lat' dir='ltr'><strong>sequitur.</strong></span> <span class='ocrx_word' id='word_1_14' title='bbox 1890 472 2110 531; x_wconf 81' lang='lat' dir='ltr'><strong>Malum</strong></span> <span class='ocrx_word' id='word_1_15' title='bbox 2139 487 2178 528; x_wconf 91' lang='lat' dir='ltr'><strong>a</strong></span> 
     </span>
    </p>
   </div>
   <div class='ocr_carea' id='block_1_4' title="bbox 515 561 2179 639">
    <p class='ocr_par' dir='ltr' id='par_1_4' title="bbox 515 561 2179 639">
     <span class='ocr_line' id='line_1_4' title="bbox 515 561 2179 639; baseline -0.002 -17"><span class='ocrx_word' id='word_1_16' title='bbox 515 565 716 639; x_wconf 88' lang='lat' dir='ltr'><strong>prima</strong></span> <span class='ocrx_word' id='word_1_17' title='bbox 743 565 973 635; x_wconf 81' lang='lat' dir='ltr'><strong>origine</strong></span> <span class='ocrx_word' id='word_1_18' title='bbox 1004 561 1423 632; x_wconf 88' lang='lat' dir='ltr'><strong>cohibeamus,</strong></span> <span class='ocrx_word' id='word_1_19' title='bbox 1445 563 1598 621; x_wconf 91' lang='lat' dir='ltr'><strong>iram</strong></span> <span class='ocrx_word' id='word_1_20' title='bbox 1618 567 1744 620; x_wconf 91' lang='lat' dir='ltr'><strong>arte</strong></span> <span class='ocrx_word' id='word_1_21' title='bbox 1764 562 1931 620; x_wconf 91' lang='lat' dir='ltr'><strong>omni</strong></span> <span class='ocrx_word' id='word_1_22' title='bbox 1956 578 2029 618; x_wconf 82' lang='lat' dir='ltr'><strong>ex</strong></span> <span class='ocrx_word' id='word_1_23' title='bbox 2048 561 2179 618; x_wconf 89' lang='lat' dir='ltr'><strong>ani-</strong></span> 
     </span>
    </p>
   </div>
   <div class='ocr_carea' id='block_1_5' title="bbox 516 650 2178 727">
    <p class='ocr_par' dir='ltr' id='par_1_5' title="bbox 516 650 2178 727">
     <span class='ocr_line' id='line_1_5' title="bbox 516 650 2178 727; baseline -0.002 -17"><span class='ocrx_word' id='word_1_24' title='bbox 516 653 634 710; x_wconf 89' lang='lat' dir='ltr'><strong>mis</strong></span> <span class='ocrx_word' id='word_1_25' title='bbox 655 652 970 727; x_wconf 88' lang='lat' dir='ltr'><strong>pellentcs.</strong></span> <span class='ocrx_word' id='word_1_26' title='bbox 998 650 1085 707; x_wconf 90' lang='lat' dir='ltr'><strong>lta</strong></span> <span class='ocrx_word' id='word_1_27' title='bbox 1104 650 1268 706; x_wconf 91' lang='lat' dir='ltr'><strong>enim</strong></span> <span class='ocrx_word' id='word_1_28' title='bbox 1286 650 1450 708; x_wconf 89' lang='lat' dir='ltr'><strong>mala</strong></span> <span class='ocrx_word' id='word_1_29' title='bbox 1469 651 1735 724; x_wconf 89' lang='lat' dir='ltr'><strong>plurima</strong></span> <span class='ocrx_word' id='word_1_30' title='bbox 1753 667 1876 708; x_wconf 90' lang='lat' dir='ltr'><strong>una</strong></span> <span class='ocrx_word' id='word_1_31' title='bbox 1901 667 2042 708; x_wconf 88' lang='lat' dir='ltr'><strong>cum</strong></span> <span class='ocrx_word' id='word_1_32' title='bbox 2060 650 2178 707; x_wconf 91' lang='lat' dir='ltr'><strong>hoc</strong></span> 
     </span>
    </p>
   </div>
   <div class='ocr_carea' id='block_1_6' title="bbox 516 738 2176 814">
    <p class='ocr_par' dir='ltr' id='par_1_6' title="bbox 516 738 2176 814">
     <span class='ocr_line' id='line_1_6' title="bbox 516 738 2176 814; baseline -0.003 -15"><span class='ocrx_word' id='word_1_33' title='bbox 516 742 682 810; x_wconf 87' lang='lat' dir='ltr'><strong>vitio,</strong></span> <span class='ocrx_word' id='word_1_34' title='bbox 706 745 1002 812; x_wconf 89' lang='lat' dir='ltr'><strong>tanquam</strong></span> <span class='ocrx_word' id='word_1_35' title='bbox 1023 755 1160 795; x_wconf 91' lang='lat' dir='ltr'><strong>cum</strong></span> <span class='ocrx_word' id='word_1_36' title='bbox 1182 738 1383 796; x_wconf 82' lang='lat' dir='ltr'><strong>radice</strong></span> <span class='ocrx_word' id='word_1_37' title='bbox 1405 744 1585 813; x_wconf 90' lang='lat' dir='ltr'><strong>atque</strong></span> <span class='ocrx_word' id='word_1_38' title='bbox 1604 739 1924 814; x_wconf 90' lang='lat' dir='ltr'><strong>principio,</strong></span> <span class='ocrx_word' id='word_1_39' title='bbox 1945 738 2176 796; x_wconf 86' lang='lat' dir='ltr'><strong>exscin-</strong></span> 
     </span>
    </p>
   </div>
   <div class='ocr_carea' id='block_1_7' title="bbox 518 828 2178 903">
    <p class='ocr_par' dir='ltr' id='par_1_7' title="bbox 518 828 2178 903">
     <span class='ocr_line' id='line_1_7' title="bbox 518 828 2178 903; baseline -0.002 -15"><span class='ocrx_word' id='word_1_40' title='bbox 518 832 658 889; x_wconf 85' lang='lat' dir='ltr'><strong>dere</strong></span> <span class='ocrx_word' id='word_1_41' title='bbox 686 829 1043 903; x_wconf 85' lang='lat' dir='ltr'><strong>poterimus.</strong></span> <span class='ocrx_word' id='word_1_42' title='bbox 1072 828 1369 885; x_wconf 84' lang='lat' dir='ltr'><strong>Maledixit</strong></span> <span class='ocrx_word' id='word_1_43' title='bbox 1387 828 1415 885; x_wconf 74' lang='lat' dir='ltr'><strong>‘I</strong></span> <span class='ocrx_word' id='word_1_44' title='bbox 1440 829 1525 886; x_wconf 88' lang='lat' dir='ltr'><strong>Tu</strong></span> <span class='ocrx_word' id='word_1_45' title='bbox 1542 829 1895 887; x_wconf 88' lang='lat' dir='ltr'><strong>benedicas.</strong></span> <span class='ocrx_word' id='word_1_46' title='bbox 1925 831 2178 885; x_wconf 86' lang='lat' dir='ltr'><strong>Percus-</strong></span> 
     </span>
    </p>
   </div>
   <div class='ocr_carea' id='block_1_8' title="bbox 519 917 2175 991">
    <p class='ocr_par' dir='ltr' id='par_1_8' title="bbox 519 917 2175 991">
     <span class='ocr_line' id='line_1_8' title="bbox 519 917 2175 991; baseline -0.002 -15"><span class='ocrx_word' id='word_1_47' title='bbox 519 920 642 977; x_wconf 85' lang='lat' dir='ltr'><strong>sit?</strong></span> <span class='ocrx_word' id='word_1_48' title='bbox 671 921 756 975; x_wconf 93' lang='lat' dir='ltr'><strong>Tu</strong></span> <span class='ocrx_word' id='word_1_49' title='bbox 785 917 1032 973; x_wconf 88' lang='lat' dir='ltr'><strong>sustine.</strong></span> <span class='ocrx_word' id='word_1_50' title='bbox 1064 917 1347 987; x_wconf 74' lang='lat' dir='ltr'><strong>Despicit,</strong></span> <span class='ocrx_word' id='word_1_51' title='bbox 1378 921 1555 991; x_wconf 82' lang='lat' dir='ltr'><strong>teque</strong></span> <span class='ocrx_word' id='word_1_52' title='bbox 1575 917 1719 975; x_wconf 82' lang='lat' dir='ltr'><strong>facit</strong></span> <span class='ocrx_word' id='word_1_53' title='bbox 1738 917 1909 975; x_wconf 87' lang='lat' dir='ltr'><strong>nihili</strong></span> <span class='ocrx_word' id='word_1_54' title='bbox 1928 919 1957 974; x_wconf 83' lang='lat'><strong>?</strong></span> <span class='ocrx_word' id='word_1_55' title='bbox 1985 919 2070 974; x_wconf 91' lang='lat' dir='ltr'><strong>Tu</strong></span> <span class='ocrx_word' id='word_1_56' title='bbox 2089 921 2175 975; x_wconf 84' lang='lat' dir='ltr'><strong>te-</strong></span> 
     </span>
    </p>
   </div>
   <div class='ocr_carea' id='block_1_9' title="bbox 517 1004 2175 1075">
    <p class='ocr_par' dir='ltr' id='par_1_9' title="bbox 517 1004 2175 1075">
     <span class='ocr_line' id='line_1_9' title="bbox 517 1004 2175 1075; baseline -0.001 -13"><span class='ocrx_word' id='word_1_57' title='bbox 517 1020 657 1062; x_wconf 89' lang='lat' dir='ltr'><strong>cum</strong></span> <span class='ocrx_word' id='word_1_58' title='bbox 707 1005 908 1075; x_wconf 89' lang='lat' dir='ltr'><strong>cogita</strong></span> <span class='ocrx_word' id='word_1_59' title='bbox 954 1009 1231 1061; x_wconf 86' lang='lat' dir='ltr'><strong>constare</strong></span> <span class='ocrx_word' id='word_1_60' title='bbox 1280 1009 1338 1060; x_wconf 90' lang='lat' dir='ltr'><strong>te</strong></span> <span class='ocrx_word' id='word_1_61' title='bbox 1394 1020 1468 1061; x_wconf 83' lang='lat' dir='ltr'><strong>ex</strong></span> <span class='ocrx_word' id='word_1_62' title='bbox 1512 1009 1694 1072; x_wconf 90' lang='lat' dir='ltr'><strong>terra,</strong></span> <span class='ocrx_word' id='word_1_63' title='bbox 1743 1021 1815 1063; x_wconf 89' lang='lat' dir='ltr'><strong>ac</strong></span> <span class='ocrx_word' id='word_1_64' title='bbox 1869 1020 2082 1062; x_wconf 86' lang='lat' dir='ltr'><strong>rursus</strong></span> <span class='ocrx_word' id='word_1_65' title='bbox 2110 1004 2175 1061; x_wconf 92' lang='lat' dir='ltr'><strong>in</strong></span> 
     </span>
    </p>
   </div>
   <div class='ocr_carea' id='block_1_10' title="bbox 514 1092 2175 1167">
    <p class='ocr_par' dir='ltr' id='par_1_10' title="bbox 514 1092 2175 1167">
     <span class='ocr_line' id='line_1_10' title="bbox 514 1092 2175 1167; baseline -0.001 -16"><span class='ocrx_word' id='word_1_66' title='bbox 514 1100 737 1151; x_wconf 89' lang='lat' dir='ltr'><strong>terram</strong></span> <span class='ocrx_word' id='word_1_67' title='bbox 760 1109 1146 1150; x_wconf 88' lang='lat' dir='ltr'><strong>reversurum</strong></span> <span class='ocrx_word' id='word_1_68' title='bbox 1171 1094 1242 1146; x_wconf 79' lang='grc'><strong>³⁸.</strong></span> <span class='ocrx_word' id='word_1_69' title='bbox 1296 1092 1577 1167; x_wconf 88' lang='lat' dir='ltr'><strong>Quisquis</strong></span> <span class='ocrx_word' id='word_1_70' title='bbox 1621 1094 1783 1151; x_wconf 89' lang='lat' dir='ltr'><strong>enim</strong></span> <span class='ocrx_word' id='word_1_71' title='bbox 1834 1093 2175 1151; x_wconf 84' lang='lat' dir='ltr'><strong>rationibus</strong></span> 
     </span>
    </p>
   </div>
   <div class='ocr_carea' id='block_1_11' title="bbox 514 1181 2175 1259">
    <p class='ocr_par' dir='ltr' id='par_1_11' title="bbox 514 1181 2175 1259">
     <span class='ocr_line' id='line_1_11' title="bbox 514 1181 2175 1259; baseline 0.001 -21"><span class='ocrx_word' id='word_1_72' title='bbox 514 1181 814 1255; x_wconf 78' lang='lat' dir='ltr'><strong>ejusmodi</strong></span> <span class='ocrx_word' id='word_1_73' title='bbox 863 1181 1272 1255; x_wconf 62' lang='lat' dir='ltr'><strong>praemunierit</strong></span> <span class='ocrx_word' id='word_1_74' title='bbox 1308 1182 1722 1255; x_wconf 85' lang='lat' dir='ltr'><strong>semetipsum.</strong></span> <span class='ocrx_word' id='word_1_75' title='bbox 1773 1181 2175 1259; x_wconf 83' lang='lat' dir='ltr'><strong>ignominiam</strong></span> 
     </span>
    </p>
   </div>
   <div class='ocr_carea' id='block_1_12' title="bbox 513 1266 2176 1344">
    <p class='ocr_par' dir='ltr' id='par_1_12' title="bbox 513 1266 2176 1344">
     <span class='ocr_line' id='line_1_12' title="bbox 513 1266 2176 1344; baseline -0.003 -17"><span class='ocrx_word' id='word_1_76' title='bbox 513 1285 948 1344; x_wconf 88' lang='lat' dir='ltr'><strong>quamcunque</strong></span> <span class='ocrx_word' id='word_1_77' title='bbox 996 1269 1326 1341; x_wconf 91' lang='lat' dir='ltr'><strong>comperiet</strong></span> <span class='ocrx_word' id='word_1_78' title='bbox 1370 1269 1616 1326; x_wconf 79' lang='lat' dir='ltr'><strong>veritate</strong></span> <span class='ocrx_word' id='word_1_79' title='bbox 1661 1268 2029 1325; x_wconf 86' lang='lat' dir='ltr'><strong>inferiorem.</strong></span> <span class='ocrx_word' id='word_1_80' title='bbox 2081 1266 2176 1323; x_wconf 89' lang='lat' dir='ltr'><strong>Sic</strong></span> 
     </span>
    </p>
   </div>
   <div class='ocr_carea' id='block_1_13' title="bbox 515 1353 2176 1431">
    <p class='ocr_par' dir='ltr' id='par_1_13' title="bbox 515 1353 2176 1431">
     <span class='ocr_line' id='line_1_13' title="bbox 515 1353 2176 1431; baseline -0.004 -15"><span class='ocrx_word' id='word_1_81' title='bbox 515 1374 784 1431; x_wconf 87' lang='lat' dir='ltr'><strong>namque</strong></span> <span class='ocrx_word' id='word_1_82' title='bbox 814 1373 886 1413; x_wconf 93' lang='lat' dir='ltr'><strong>eo</strong></span> <span class='ocrx_word' id='word_1_83' title='bbox 925 1356 1108 1413; x_wconf 88' lang='lat' dir='ltr'><strong>etiam</strong></span> <span class='ocrx_word' id='word_1_84' title='bbox 1157 1357 1461 1427; x_wconf 81' lang='lat' dir='ltr'><strong>redigetur</strong></span> <span class='ocrx_word' id='word_1_85' title='bbox 1503 1357 1805 1425; x_wconf 90' lang='lat' dir='ltr'><strong>inimicus,</strong></span> <span class='ocrx_word' id='word_1_86' title='bbox 1859 1361 1924 1414; x_wconf 89' lang='lat' dir='ltr'><strong>ut</strong></span> <span class='ocrx_word' id='word_1_87' title='bbox 1967 1353 2176 1412; x_wconf 88' lang='lat' dir='ltr'><strong>ulcisci</strong></span> 
     </span>
    </p>
   </div>
   <div class='ocr_carea' id='block_1_14' title="bbox 518 1445 2176 1518">
    <p class='ocr_par' dir='ltr' id='par_1_14' title="bbox 518 1445 2176 1518">
     <span class='ocr_line' id='line_1_14' title="bbox 518 1445 2176 1518; baseline -0.001 -15"><span class='ocrx_word' id='word_1_88' title='bbox 518 1464 582 1504; x_wconf 94' lang='lat' dir='ltr'><strong>se</strong></span> <span class='ocrx_word' id='word_1_89' title='bbox 611 1445 776 1503; x_wconf 90' lang='lat' dir='ltr'><strong>nullo</strong></span> <span class='ocrx_word' id='word_1_90' title='bbox 807 1445 996 1502; x_wconf 91' lang='lat' dir='ltr'><strong>modo</strong></span> <span class='ocrx_word' id='word_1_91' title='bbox 1021 1446 1235 1518; x_wconf 89' lang='lat' dir='ltr'><strong>possit,</strong></span> <span class='ocrx_word' id='word_1_92' title='bbox 1263 1462 1403 1503; x_wconf 89' lang='lat' dir='ltr'><strong>eum</strong></span> <span class='ocrx_word' id='word_1_93' title='bbox 1434 1451 1490 1503; x_wconf 89' lang='lat' dir='ltr'><strong>te</strong></span> <span class='ocrx_word' id='word_1_94' title='bbox 1518 1447 1600 1503; x_wconf 87' lang='lat' dir='ltr'><strong>sis</strong></span> <span class='ocrx_word' id='word_1_95' title='bbox 1627 1445 2007 1504; x_wconf 87' lang='lat' dir='ltr'><strong>contumeliis</strong></span> <span class='ocrx_word' id='word_1_96' title='bbox 2033 1459 2176 1502; x_wconf 90' lang='lat' dir='ltr'><strong>con-</strong></span> 
     </span>
    </p>
   </div>
   <div class='ocr_carea' id='block_1_15' title="bbox 515 1533 2175 1608">
    <p class='ocr_par' dir='ltr' id='par_1_15' title="bbox 515 1533 2175 1608">
     <span class='ocr_line' id='line_1_15' title="bbox 515 1533 2175 1608; baseline -0.001 -17"><span class='ocrx_word' id='word_1_97' title='bbox 515 1535 806 1607; x_wconf 90' lang='lat' dir='ltr'><strong>viciisque</strong></span> <span class='ocrx_word' id='word_1_98' title='bbox 830 1533 1279 1591; x_wconf 88' lang='lat' dir='ltr'><strong>invulneratum</strong></span> <span class='ocrx_word' id='word_1_99' title='bbox 1311 1534 1727 1592; x_wconf 64' lang='lat' dir='ltr'><strong>exhibiturus.‘</strong></span> <span class='ocrx_word' id='word_1_100' title='bbox 1781 1534 1930 1608; x_wconf 91' lang='lat' dir='ltr'><strong>quin</strong></span> <span class='ocrx_word' id='word_1_101' title='bbox 1967 1539 2027 1591; x_wconf 92' lang='lat' dir='ltr'><strong>et</strong></span> <span class='ocrx_word' id='word_1_102' title='bbox 2044 1533 2175 1607; x_wconf 92' lang='lat' dir='ltr'><strong>ipse</strong></span> 
     </span>
    </p>
   </div>
   <div class='ocr_carea' id='block_1_16' title="bbox 516 1622 2175 1697">
    <p class='ocr_par' dir='ltr' id='par_1_16' title="bbox 516 1622 2175 1697">
     <span class='ocr_line' id='line_1_16' title="bbox 516 1622 2175 1697; baseline -0.001 -17"><span class='ocrx_word' id='word_1_103' title='bbox 516 1638 809 1693; x_wconf 83' lang='lat' dir='ltr'><strong>magnam</strong></span> <span class='ocrx_word' id='word_1_104' title='bbox 832 1622 1083 1695; x_wconf 90' lang='lat' dir='ltr'><strong>parabis</strong></span> <span class='ocrx_word' id='word_1_105' title='bbox 1107 1623 1407 1695; x_wconf 63' lang='lat' dir='ltr'><strong>patientiae</strong></span> <span class='ocrx_word' id='word_1_106' title='bbox 1442 1640 1756 1689; x_wconf 88' lang='lat' dir='ltr'><strong>coronam,</strong></span> <span class='ocrx_word' id='word_1_107' title='bbox 1797 1623 1903 1697; x_wconf 91' lang='lat' dir='ltr'><strong>qui</strong></span> <span class='ocrx_word' id='word_1_108' title='bbox 1930 1622 2175 1679; x_wconf 87' lang='lat' dir='ltr'><strong>alterius</strong></span> 
     </span>
    </p>
   </div>
   <div class='ocr_carea' id='block_1_17' title="bbox 514 1710 2175 1785">
    <p class='ocr_par' dir='ltr' id='par_1_17' title="bbox 514 1710 2175 1785">
     <span class='ocr_line' id='line_1_17' title="bbox 514 1710 2175 1785; baseline -0.001 -17"><span class='ocrx_word' id='word_1_109' title='bbox 514 1711 823 1768; x_wconf 86' lang='lat' dir='ltr'><strong>insaniam</strong></span> <span class='ocrx_word' id='word_1_110' title='bbox 845 1710 1230 1768; x_wconf 86' lang='lat' dir='ltr'><strong>occasionem</strong></span> <span class='ocrx_word' id='word_1_111' title='bbox 1254 1717 1372 1769; x_wconf 76' lang='lat' dir='ltr'><strong>tuae</strong></span> <span class='ocrx_word' id='word_1_112' title='bbox 1392 1712 1798 1785; x_wconf 60' lang='lat' dir='ltr'><strong>philosophias</strong></span> <span class='ocrx_word' id='word_1_113' title='bbox 1823 1710 2175 1770; x_wconf 67' lang='lat' dir='ltr'><strong>exercendas</strong></span> 
     </span>
    </p>
   </div>
   <div class='ocr_carea' id='block_1_18' title="bbox 515 1799 2178 1871">
    <p class='ocr_par' dir='ltr' id='par_1_18' title="bbox 515 1799 2178 1871">
     <span class='ocr_line' id='line_1_18' title="bbox 515 1799 2178 1871; baseline 0 -14"><span class='ocrx_word' id='word_1_114' title='bbox 515 1800 723 1857; x_wconf 89' lang='lat' dir='ltr'><strong>facias.</strong></span> <span class='ocrx_word' id='word_1_115' title='bbox 760 1802 977 1871; x_wconf 83' lang='lat' dir='ltr'><strong>Quare,</strong></span> <span class='ocrx_word' id='word_1_116' title='bbox 1011 1799 1062 1856; x_wconf 90' lang='lat' dir='ltr'><strong>si</strong></span> <span class='ocrx_word' id='word_1_117' title='bbox 1092 1800 1240 1857; x_wconf 89' lang='lat' dir='ltr'><strong>mihi</strong></span> <span class='ocrx_word' id='word_1_118' title='bbox 1272 1801 1458 1858; x_wconf 87' lang='lat' dir='ltr'><strong>ﬁdem</strong></span> <span class='ocrx_word' id='word_1_119' title='bbox 1484 1801 1696 1866; x_wconf 84' lang='lat' dir='ltr'><strong>habes,</strong></span> <span class='ocrx_word' id='word_1_120' title='bbox 1722 1800 1903 1858; x_wconf 81' lang='lat' dir='ltr'><strong>illatis</strong></span> <span class='ocrx_word' id='word_1_121' title='bbox 1952 1799 2056 1859; x_wconf 84' lang='lat' dir='ltr'><strong>tibi</strong></span> <span class='ocrx_word' id='word_1_122' title='bbox 2090 1799 2178 1857; x_wconf 89' lang='lat' dir='ltr'><strong>in-</strong></span> 
     </span>
    </p>
   </div>
   <div class='ocr_carea' id='block_1_19' title="bbox 516 1888 2176 1962">
    <p class='ocr_par' dir='ltr' id='par_1_19' title="bbox 516 1888 2176 1962">
     <span class='ocr_line' id='line_1_19' title="bbox 516 1888 2176 1962; baseline 0.001 -18"><span class='ocrx_word' id='word_1_123' title='bbox 516 1889 692 1961; x_wconf 89' lang='lat' dir='ltr'><strong>juriis</strong></span> <span class='ocrx_word' id='word_1_124' title='bbox 721 1888 949 1962; x_wconf 88' lang='lat' dir='ltr'><strong>aliquid</strong></span> <span class='ocrx_word' id='word_1_125' title='bbox 975 1889 1157 1945; x_wconf 88' lang='lat' dir='ltr'><strong>etiam</strong></span> <span class='ocrx_word' id='word_1_126' title='bbox 1187 1889 1397 1946; x_wconf 87' lang='lat' dir='ltr'><strong>addes.</strong></span> <span class='ocrx_word' id='word_1_127' title='bbox 1430 1889 1769 1947; x_wconf 90' lang='lat' dir='ltr'><strong>Obscurum</strong></span> <span class='ocrx_word' id='word_1_128' title='bbox 1807 1895 1862 1946; x_wconf 92' lang='lat' dir='ltr'><strong>te</strong></span> <span class='ocrx_word' id='word_1_129' title='bbox 1892 1890 2063 1957; x_wconf 84' lang='lat' dir='ltr'><strong>dixit,</strong></span> <span class='ocrx_word' id='word_1_130' title='bbox 2089 1890 2176 1946; x_wconf 87' lang='lat' dir='ltr'><strong>in-</strong></span> 
     </span>
    </p>
   </div>
   <div class='ocr_carea' id='block_1_20' title="bbox 522 1978 2177 2053">
    <p class='ocr_par' dir='ltr' id='par_1_20' title="bbox 522 1978 2177 2053">
     <span class='ocr_line' id='line_1_20' title="bbox 522 1978 2177 2053; baseline 0.001 -19"><span class='ocrx_word' id='word_1_131' title='bbox 522 1978 906 2052; x_wconf 88' lang='lat' dir='ltr'><strong>gloriumque</strong></span> <span class='ocrx_word' id='word_1_132' title='bbox 931 1983 990 2036; x_wconf 91' lang='lat' dir='ltr'><strong>et</strong></span> <span class='ocrx_word' id='word_1_133' title='bbox 1015 1978 1185 2036; x_wconf 88' lang='lat' dir='ltr'><strong>nihili</strong></span> <span class='ocrx_word' id='word_1_134' title='bbox 1209 1979 1544 2050; x_wconf 86' lang='lat' dir='ltr'><strong>hominem,</strong></span> <span class='ocrx_word' id='word_1_135' title='bbox 1568 1980 1673 2053; x_wconf 89' lang='lat' dir='ltr'><strong>qui</strong></span> <span class='ocrx_word' id='word_1_136' title='bbox 1692 1979 1906 2037; x_wconf 89' lang='lat' dir='ltr'><strong>inﬁmo</strong></span> <span class='ocrx_word' id='word_1_137' title='bbox 1922 1979 2058 2036; x_wconf 91' lang='lat' dir='ltr'><strong>loco</strong></span> <span class='ocrx_word' id='word_1_138' title='bbox 2072 1994 2177 2036; x_wconf 89' lang='lat' dir='ltr'><strong>na-</strong></span> 
     </span>
    </p>
   </div>
   <div class='ocr_carea' id='block_1_21' title="bbox 521 2067 2177 2141">
    <p class='ocr_par' dir='ltr' id='par_1_21' title="bbox 521 2067 2177 2141">
     <span class='ocr_line' id='line_1_21' title="bbox 521 2067 2177 2141; baseline 0 -16"><span class='ocrx_word' id='word_1_139' title='bbox 521 2072 615 2125; x_wconf 90' lang='lat' dir='ltr'><strong>tus</strong></span> <span class='ocrx_word' id='word_1_140' title='bbox 641 2067 766 2125; x_wconf 83' lang='lat' dir='ltr'><strong>sit?</strong></span> <span class='ocrx_word' id='word_1_141' title='bbox 806 2070 890 2125; x_wconf 89' lang='lat' dir='ltr'><strong>Tu</strong></span> <span class='ocrx_word' id='word_1_142' title='bbox 921 2068 1181 2141; x_wconf 91' lang='lat' dir='ltr'><strong>teipsum</strong></span> <span class='ocrx_word' id='word_1_143' title='bbox 1209 2073 1429 2126; x_wconf 91' lang='lat' dir='ltr'><strong>terram</strong></span> <span class='ocrx_word' id='word_1_144' title='bbox 1450 2083 1522 2125; x_wconf 90' lang='lat' dir='ltr'><strong>ac</strong></span> <span class='ocrx_word' id='word_1_145' title='bbox 1551 2069 1816 2125; x_wconf 90' lang='lat' dir='ltr'><strong>cinerem</strong></span> <span class='ocrx_word' id='word_1_146' title='bbox 1856 2068 2059 2126; x_wconf 88' lang='lat' dir='ltr'><strong>dicito.</strong></span> <span class='ocrx_word' id='word_1_147' title='bbox 2108 2068 2177 2125; x_wconf 91' lang='lat' dir='ltr'><strong>ll-</strong></span> 
     </span>
    </p>
   </div>
   <div class='ocr_carea' id='block_1_22' title="bbox 517 2155 2176 2232">
    <p class='ocr_par' dir='ltr' id='par_1_22' title="bbox 517 2155 2176 2232">
     <span class='ocr_line' id='line_1_22' title="bbox 517 2155 2176 2232; baseline 0.001 -19"><span class='ocrx_word' id='word_1_148' title='bbox 517 2155 768 2213; x_wconf 89' lang='lat' dir='ltr'><strong>lustrior</strong></span> <span class='ocrx_word' id='word_1_149' title='bbox 796 2173 919 2213; x_wconf 88' lang='lat' dir='ltr'><strong>non</strong></span> <span class='ocrx_word' id='word_1_150' title='bbox 947 2173 1012 2213; x_wconf 92' lang='lat' dir='ltr'><strong>es</strong></span> <span class='ocrx_word' id='word_1_151' title='bbox 1050 2162 1217 2230; x_wconf 87' lang='lat' dir='ltr'><strong>patre</strong></span> <span class='ocrx_word' id='word_1_152' title='bbox 1238 2162 1446 2214; x_wconf 90' lang='lat' dir='ltr'><strong>nostro</strong></span> <span class='ocrx_word' id='word_1_153' title='bbox 1471 2157 1800 2225; x_wconf 79' lang='lat' dir='ltr'><strong>Abraham,</strong></span> <span class='ocrx_word' id='word_1_154' title='bbox 1824 2157 1930 2232; x_wconf 88' lang='lat' dir='ltr'><strong>qui</strong></span> <span class='ocrx_word' id='word_1_155' title='bbox 1961 2158 2176 2231; x_wconf 89' lang='lat' dir='ltr'><strong>seipse</strong></span> 
     </span>
    </p>
   </div>
   <div class='ocr_carea' id='block_1_23' title="bbox 518 2246 2175 2320">
    <p class='ocr_par' dir='ltr' id='par_1_23' title="bbox 518 2246 2175 2320">
     <span class='ocr_line' id='line_1_23' title="bbox 518 2246 2175 2320; baseline 0 -17"><span class='ocrx_word' id='word_1_156' title='bbox 518 2246 602 2303; x_wconf 89' lang='lat' dir='ltr'><strong>ita</strong></span> <span class='ocrx_word' id='word_1_157' title='bbox 628 2246 956 2320; x_wconf 85' lang='lat' dir='ltr'><strong>appellavit</strong></span> <span class='ocrx_word' id='word_1_158' title='bbox 974 2249 1044 2303; x_wconf 74' lang='grc'><strong>³³.</strong></span> <span class='ocrx_word' id='word_1_159' title='bbox 1078 2246 1393 2303; x_wconf 90' lang='lat' dir='ltr'><strong>Indoctum</strong></span> <span class='ocrx_word' id='word_1_160' title='bbox 1420 2252 1479 2303; x_wconf 89' lang='lat' dir='ltr'><strong>et</strong></span> <span class='ocrx_word' id='word_1_161' title='bbox 1506 2263 1837 2320; x_wconf 90' lang='lat' dir='ltr'><strong>pauperem</strong></span> <span class='ocrx_word' id='word_1_162' title='bbox 1868 2252 1925 2304; x_wconf 90' lang='lat' dir='ltr'><strong>et</strong></span> <span class='ocrx_word' id='word_1_163' title='bbox 1950 2247 2175 2305; x_wconf 83' lang='lat' dir='ltr'><strong>nullius</strong></span> 
     </span>
    </p>
   </div>
   <div class='ocr_carea' id='block_1_24' title="bbox 518 2334 2177 2409">
    <p class='ocr_par' dir='ltr' id='par_1_24' title="bbox 518 2334 2177 2409">
     <span class='ocr_line' id='line_1_24' title="bbox 518 2334 2177 2409; baseline 0.001 -17"><span class='ocrx_word' id='word_1_164' title='bbox 518 2335 694 2409; x_wconf 88' lang='lat' dir='ltr'><strong>pretii</strong></span> <span class='ocrx_word' id='word_1_165' title='bbox 718 2340 774 2391; x_wconf 91' lang='lat' dir='ltr'><strong>te</strong></span> <span class='ocrx_word' id='word_1_166' title='bbox 803 2335 953 2391; x_wconf 80' lang='lat' dir='ltr'><strong>dixit</strong></span> <span class='ocrx_word' id='word_1_167' title='bbox 976 2334 1005 2392; x_wconf 90' lang='lat'><strong>?</strong></span> <span class='ocrx_word' id='word_1_168' title='bbox 1040 2337 1125 2391; x_wconf 88' lang='lat' dir='ltr'><strong>Tu</strong></span> <span class='ocrx_word' id='word_1_169' title='bbox 1148 2340 1203 2390; x_wconf 88' lang='lat' dir='ltr'><strong>te</strong></span> <span class='ocrx_word' id='word_1_170' title='bbox 1225 2335 1395 2392; x_wconf 89' lang='lat' dir='ltr'><strong>dicas</strong></span> <span class='ocrx_word' id='word_1_171' title='bbox 1420 2351 1710 2405; x_wconf 90' lang='lat' dir='ltr'><strong>vermem,</strong></span> <span class='ocrx_word' id='word_1_172' title='bbox 1737 2340 1919 2409; x_wconf 90' lang='lat' dir='ltr'><strong>teque</strong></span> <span class='ocrx_word' id='word_1_173' title='bbox 1939 2352 2013 2393; x_wconf 79' lang='lat' dir='ltr'><strong>ex</strong></span> <span class='ocrx_word' id='word_1_174' title='bbox 2032 2341 2177 2393; x_wconf 89' lang='lat' dir='ltr'><strong>ster-</strong></span> 
     </span>
    </p>
   </div>
   <div class='ocr_carea' id='block_1_25' title="bbox 519 2422 2166 2498">
    <p class='ocr_par' dir='ltr' id='par_1_25' title="bbox 519 2422 2166 2498">
     <span class='ocr_line' id='line_1_25' title="bbox 519 2422 2166 2498; baseline 0.002 -18"><span class='ocrx_word' id='word_1_175' title='bbox 519 2439 656 2480; x_wconf 91' lang='lat' dir='ltr'><strong>core</strong></span> <span class='ocrx_word' id='word_1_176' title='bbox 676 2423 902 2480; x_wconf 91' lang='lat' dir='ltr'><strong>habere</strong></span> <span class='ocrx_word' id='word_1_177' title='bbox 927 2422 1251 2494; x_wconf 86' lang='lat' dir='ltr'><strong>originem,</strong></span> <span class='ocrx_word' id='word_1_178' title='bbox 1279 2423 1522 2481; x_wconf 90' lang='lat' dir='ltr'><strong>Davidis</strong></span> <span class='ocrx_word' id='word_1_179' title='bbox 1549 2423 1735 2482; x_wconf 87' lang='lat' dir='ltr'><strong>verba</strong></span> <span class='ocrx_word' id='word_1_180' title='bbox 1764 2440 2069 2498; x_wconf 89' lang='lat' dir='ltr'><strong>usurpans</strong></span> <span class='ocrx_word' id='word_1_181' title='bbox 2091 2426 2166 2483; x_wconf 79' lang='grc'><strong>³³.</strong></span> 
     </span>
    </p>
   </div>
   <div class='ocr_carea' id='block_1_26' title="bbox 518 2511 2173 2586">
    <p class='ocr_par' dir='ltr' id='par_1_26' title="bbox 518 2511 2173 2586">
     <span class='ocr_line' id='line_1_26' title="bbox 518 2511 2173 2586; baseline 0.002 -17"><span class='ocrx_word' id='word_1_182' title='bbox 518 2513 618 2569; x_wconf 84' lang='lat' dir='ltr'><strong>His</strong></span> <span class='ocrx_word' id='word_1_183' title='bbox 642 2512 827 2569; x_wconf 80' lang='lat' dir='ltr'><strong>etiam</strong></span> <span class='ocrx_word' id='word_1_184' title='bbox 848 2511 1207 2585; x_wconf 67' lang='lat' dir='ltr'><strong>praeclarum</strong></span> <span class='ocrx_word' id='word_1_185' title='bbox 1242 2512 1361 2584; x_wconf 79' lang='lat'><strong>86</strong></span> <span class='ocrx_word' id='word_1_186' title='bbox 1401 2512 1619 2585; x_wconf 85' lang='lat' dir='ltr'><strong>Moysis</strong></span> <span class='ocrx_word' id='word_1_187' title='bbox 1671 2512 1909 2570; x_wconf 86' lang='lat' dir='ltr'><strong>facinus</strong></span> <span class='ocrx_word' id='word_1_188' title='bbox 1958 2513 2173 2586; x_wconf 90' lang='lat' dir='ltr'><strong>adjice.</strong></span> 
     </span>
    </p>
   </div>
   <div class='ocr_carea' id='block_1_27' title="bbox 518 2600 2176 2671">
    <p class='ocr_par' dir='ltr' id='par_1_27' title="bbox 518 2600 2176 2671">
     <span class='ocr_line' id='line_1_27' title="bbox 518 2600 2176 2671; baseline 0.002 -15"><span class='ocrx_word' id='word_1_189' title='bbox 518 2601 620 2657; x_wconf 89' lang='lat' dir='ltr'><strong>llle</strong></span> <span class='ocrx_word' id='word_1_190' title='bbox 649 2600 729 2657; x_wconf 88' lang='lat' dir='ltr'><strong>ab</strong></span> <span class='ocrx_word' id='word_1_191' title='bbox 766 2605 967 2658; x_wconf 81' lang='lat' dir='ltr'><strong>Aaron</strong></span> <span class='ocrx_word' id='word_1_192' title='bbox 996 2606 1052 2658; x_wconf 91' lang='lat' dir='ltr'><strong>et</strong></span> <span class='ocrx_word' id='word_1_193' title='bbox 1097 2601 1278 2659; x_wconf 77' lang='lat' dir='ltr'><strong>Maria</strong></span> <span class='ocrx_word' id='word_1_194' title='bbox 1306 2600 1642 2658; x_wconf 89' lang='lat' dir='ltr'><strong>maledictis</strong></span> <span class='ocrx_word' id='word_1_195' title='bbox 1668 2600 2000 2671; x_wconf 89' lang='lat' dir='ltr'><strong>lacessitus,</strong></span> <span class='ocrx_word' id='word_1_196' title='bbox 2049 2618 2176 2660; x_wconf 92' lang='lat' dir='ltr'><strong>non</strong></span> 
     </span>
    </p>
   </div>
   <div class='ocr_carea' id='block_1_28' title="bbox 517 2688 2177 2764">
    <p class='ocr_par' dir='ltr' id='par_1_28' title="bbox 517 2688 2177 2764">
     <span class='ocr_line' id='line_1_28' title="bbox 517 2688 2177 2764; baseline 0.002 -18"><span class='ocrx_word' id='word_1_197' title='bbox 517 2690 709 2747; x_wconf 85' lang='lat' dir='ltr'><strong>Deum</strong></span> <span class='ocrx_word' id='word_1_198' title='bbox 739 2688 1031 2746; x_wconf 84' lang='lat' dir='ltr'><strong>adversus</strong></span> <span class='ocrx_word' id='word_1_199' title='bbox 1054 2705 1159 2747; x_wconf 88' lang='lat' dir='ltr'><strong>eos</strong></span> <span class='ocrx_word' id='word_1_200' title='bbox 1186 2689 1607 2763; x_wconf 82' lang='lat' dir='ltr'><strong>interpellavit,</strong></span> <span class='ocrx_word' id='word_1_201' title='bbox 1642 2691 1749 2747; x_wconf 90' lang='lat' dir='ltr'><strong>sed</strong></span> <span class='ocrx_word' id='word_1_202' title='bbox 1778 2706 1890 2764; x_wconf 94' lang='lat' dir='ltr'><strong>pro</strong></span> <span class='ocrx_word' id='word_1_203' title='bbox 1927 2691 2011 2748; x_wconf 88' lang='lat' dir='ltr'><strong>eis</strong></span> <span class='ocrx_word' id='word_1_204' title='bbox 2042 2706 2177 2750; x_wconf 85' lang='lat' dir='ltr'><strong>ora-</strong></span> 
     </span>
    </p>
   </div>
   <div class='ocr_carea' id='block_1_29' title="bbox 513 2777 2174 2852">
    <p class='ocr_par' dir='ltr' id='par_1_29' title="bbox 513 2777 2174 2852">
     <span class='ocr_line' id='line_1_29' title="bbox 513 2777 2174 2852; baseline 0.004 -19"><span class='ocrx_word' id='word_1_205' title='bbox 513 2777 685 2833; x_wconf 68' lang='lat' dir='ltr'><strong>vit“.</strong></span> <span class='ocrx_word' id='word_1_206' title='bbox 737 2780 1007 2843; x_wconf 91' lang='lat' dir='ltr'><strong>Quorum</strong></span> <span class='ocrx_word' id='word_1_207' title='bbox 1037 2778 1233 2834; x_wconf 84' lang='lat' dir='ltr'><strong>mavis</strong></span> <span class='ocrx_word' id='word_1_208' title='bbox 1264 2794 1394 2835; x_wconf 84' lang='lat' dir='ltr'><strong>esse</strong></span> <span class='ocrx_word' id='word_1_209' title='bbox 1422 2778 1782 2852; x_wconf 90' lang='lat' dir='ltr'><strong>discipulus,</strong></span> <span class='ocrx_word' id='word_1_210' title='bbox 1824 2780 2174 2839; x_wconf 86' lang='lat' dir='ltr'><strong>virorumne</strong></span> 
     </span>
    </p>
   </div>
   <div class='ocr_carea' id='block_1_30' title="bbox 515 2865 2173 2944">
    <p class='ocr_par' dir='ltr' id='par_1_30' title="bbox 515 2865 2173 2944">
     <span class='ocr_line' id='line_1_30' title="bbox 515 2865 2173 2944; baseline 0.003 -23"><span class='ocrx_word' id='word_1_211' title='bbox 515 2866 638 2921; x_wconf 92' lang='lat' dir='ltr'><strong>Deo</strong></span> <span class='ocrx_word' id='word_1_212' title='bbox 667 2870 981 2935; x_wconf 86' lang='lat' dir='ltr'><strong>gratorum</strong></span> <span class='ocrx_word' id='word_1_213' title='bbox 1005 2865 1470 2939; x_wconf 90' lang='lat' dir='ltr'><strong>beatorumque,</strong></span> <span class='ocrx_word' id='word_1_214' title='bbox 1503 2882 1581 2924; x_wconf 90' lang='lat' dir='ltr'><strong>an</strong></span> <span class='ocrx_word' id='word_1_215' title='bbox 1610 2867 1930 2925; x_wconf 90' lang='lat' dir='ltr'><strong>hominum</strong></span> <span class='ocrx_word' id='word_1_216' title='bbox 1963 2869 2173 2944; x_wconf 89' lang='lat' dir='ltr'><strong>spiritu</strong></span> 
     </span>
    </p>
   </div>
   <div class='ocr_carea' id='block_1_31' title="bbox 514 2951 2175 3026">
    <p class='ocr_par' dir='ltr' id='par_1_31' title="bbox 514 2951 2175 3026">
     <span class='ocr_line' id='line_1_31' title="bbox 514 2951 2175 3026; baseline 0.004 -18"><span class='ocrx_word' id='word_1_217' title='bbox 514 2951 795 3024; x_wconf 66' lang='lat' dir='ltr'><strong>nequitiae</strong></span> <span class='ocrx_word' id='word_1_218' title='bbox 836 2952 1260 3026; x_wconf 84' lang='lat' dir='ltr'><strong>expletorum?</strong></span> <span class='ocrx_word' id='word_1_219' title='bbox 1313 2955 1461 3011; x_wconf 92' lang='lat' dir='ltr'><strong>Cum</strong></span> <span class='ocrx_word' id='word_1_220' title='bbox 1498 2955 1790 3013; x_wconf 84' lang='lat' dir='ltr'><strong>invaserit</strong></span> <span class='ocrx_word' id='word_1_221' title='bbox 1824 2960 1881 3014; x_wconf 91' lang='lat' dir='ltr'><strong>te</strong></span> <span class='ocrx_word' id='word_1_222' title='bbox 1919 2956 2175 3015; x_wconf 88' lang='lat' dir='ltr'><strong>convicii</strong></span> 
     </span>
    </p>
   </div>
   <div class='ocr_carea' id='block_1_32' title="bbox 512 3039 2172 3117">
    <p class='ocr_par' dir='ltr' id='par_1_32' title="bbox 512 3039 2172 3117">
     <span class='ocr_line' id='line_1_32' title="bbox 512 3039 2172 3117; baseline 0.005 -22"><span class='ocrx_word' id='word_1_223' title='bbox 512 3039 831 3110; x_wconf 83' lang='lat' dir='ltr'><strong>ingerendi</strong></span> <span class='ocrx_word' id='word_1_224' title='bbox 860 3041 1129 3111; x_wconf 89' lang='lat' dir='ltr'><strong>tentatio,</strong></span> <span class='ocrx_word' id='word_1_225' title='bbox 1168 3047 1321 3114; x_wconf 90' lang='lat' dir='ltr'><strong>puta</strong></span> <span class='ocrx_word' id='word_1_226' title='bbox 1358 3042 1622 3115; x_wconf 91' lang='lat' dir='ltr'><strong>teipsum</strong></span> <span class='ocrx_word' id='word_1_227' title='bbox 1651 3042 1919 3117; x_wconf 90' lang='lat' dir='ltr'><strong>probari,</strong></span> <span class='ocrx_word' id='word_1_228' title='bbox 1966 3049 2172 3103; x_wconf 91' lang='lat' dir='ltr'><strong>utrum</strong></span> 
     </span>
    </p>
   </div>
   <div class='ocr_carea' id='block_1_33' title="bbox 512 3128 2175 3207">
    <p class='ocr_par' dir='ltr' id='par_1_33' title="bbox 512 3128 2175 3207">
     <span class='ocr_line' id='line_1_33' title="bbox 512 3128 2175 3207; baseline 0.004 -22"><span class='ocrx_word' id='word_1_229' title='bbox 512 3144 622 3202; x_wconf 88' lang='lat' dir='ltr'><strong>per</strong></span> <span class='ocrx_word' id='word_1_230' title='bbox 641 3128 993 3202; x_wconf 87' lang='lat' dir='ltr'><strong>patientiam</strong></span> <span class='ocrx_word' id='word_1_231' title='bbox 1020 3130 1100 3186; x_wconf 90' lang='lat' dir='ltr'><strong>ad</strong></span> <span class='ocrx_word' id='word_1_232' title='bbox 1120 3130 1307 3187; x_wconf 92' lang='lat' dir='ltr'><strong>Deum</strong></span> <span class='ocrx_word' id='word_1_233' title='bbox 1328 3130 1608 3201; x_wconf 77' lang='lat' dir='ltr'><strong>accedas,</strong></span> <span class='ocrx_word' id='word_1_234' title='bbox 1636 3147 1714 3189; x_wconf 93' lang='lat' dir='ltr'><strong>an</strong></span> <span class='ocrx_word' id='word_1_235' title='bbox 1736 3148 1844 3207; x_wconf 90' lang='lat' dir='ltr'><strong>per</strong></span> <span class='ocrx_word' id='word_1_236' title='bbox 1859 3133 2015 3191; x_wconf 90' lang='lat' dir='ltr'><strong>iram</strong></span> <span class='ocrx_word' id='word_1_237' title='bbox 2035 3150 2175 3192; x_wconf 90' lang='lat' dir='ltr'><strong>con-</strong></span> 
     </span>
    </p>
   </div>
   <div class='ocr_carea' id='block_1_34' title="bbox 511 3217 2170 3291">
    <p class='ocr_par' dir='ltr' id='par_1_34' title="bbox 511 3217 2170 3291">
     <span class='ocr_line' id='line_1_34' title="bbox 511 3217 2170 3291; baseline 0.004 -17"><span class='ocrx_word' id='word_1_238' title='bbox 511 3217 712 3288; x_wconf 87' lang='lat' dir='ltr'><strong>fugias</strong></span> <span class='ocrx_word' id='word_1_239' title='bbox 734 3217 811 3273; x_wconf 89' lang='lat' dir='ltr'><strong>ad</strong></span> <span class='ocrx_word' id='word_1_240' title='bbox 832 3217 1271 3276; x_wconf 89' lang='lat' dir='ltr'><strong>adversarium.</strong></span> <span class='ocrx_word' id='word_1_241' title='bbox 1299 3220 1383 3276; x_wconf 91' lang='lat' dir='ltr'><strong>Da</strong></span> <span class='ocrx_word' id='word_1_242' title='bbox 1398 3220 1865 3291; x_wconf 85' lang='lat' dir='ltr'><strong>cogitationibus</strong></span> <span class='ocrx_word' id='word_1_243' title='bbox 1886 3222 2001 3279; x_wconf 90' lang='lat' dir='ltr'><strong>tuis</strong></span> <span class='ocrx_word' id='word_1_244' title='bbox 2020 3226 2170 3280; x_wconf 91' lang='lat' dir='ltr'><strong>tem-</strong></span> 
     </span>
    </p>
   </div>
   <div class='ocr_carea' id='block_1_35' title="bbox 511 3307 2171 3384">
    <p class='ocr_par' dir='ltr' id='par_1_35' title="bbox 511 3307 2171 3384">
     <span class='ocr_line' id='line_1_35' title="bbox 511 3307 2171 3384; baseline 0.004 -23"><span class='ocrx_word' id='word_1_245' title='bbox 511 3321 630 3379; x_wconf 89' lang='lat' dir='ltr'><strong>pus</strong></span> <span class='ocrx_word' id='word_1_246' title='bbox 662 3311 894 3378; x_wconf 85' lang='lat' dir='ltr'><strong>partem</strong></span> <span class='ocrx_word' id='word_1_247' title='bbox 913 3307 1208 3379; x_wconf 89' lang='lat' dir='ltr'><strong>optimam</strong></span> <span class='ocrx_word' id='word_1_248' title='bbox 1235 3307 1514 3379; x_wconf 89' lang='lat' dir='ltr'><strong>eligendi.</strong></span> <span class='ocrx_word' id='word_1_249' title='bbox 1544 3315 1658 3367; x_wconf 84' lang='lat' dir='ltr'><strong>Aut</strong></span> <span class='ocrx_word' id='word_1_250' title='bbox 1682 3310 1844 3366; x_wconf 90' lang='lat' dir='ltr'><strong>enim</strong></span> <span class='ocrx_word' id='word_1_251' title='bbox 1873 3311 2171 3384; x_wconf 89' lang='lat' dir='ltr'><strong>profueris</strong></span> 
     </span>
    </p>
   </div>
   <div class='ocr_carea' id='block_1_36' title="bbox 511 3393 2172 3471">
    <p class='ocr_par' dir='ltr' id='par_1_36' title="bbox 511 3393 2172 3471">
     <span class='ocr_line' id='line_1_36' title="bbox 511 3393 2172 3471; baseline 0.004 -21"><span class='ocrx_word' id='word_1_252' title='bbox 511 3393 597 3450; x_wconf 90' lang='lat' dir='ltr'><strong>illi</strong></span> <span class='ocrx_word' id='word_1_253' title='bbox 616 3404 726 3468; x_wconf 83' lang='lat' dir='ltr'><strong>per</strong></span> <span class='ocrx_word' id='word_1_254' title='bbox 760 3395 1246 3452; x_wconf 83' lang='lat' dir='ltr'><strong>mansuetudinis</strong></span> <span class='ocrx_word' id='word_1_255' title='bbox 1277 3397 1622 3471; x_wconf 80' lang='lat' dir='ltr'><strong>exemplum</strong></span> <span class='ocrx_word' id='word_1_256' title='bbox 1649 3415 1662 3454; x_wconf 91' lang='lat'><strong>:</strong></span> <span class='ocrx_word' id='word_1_257' title='bbox 1712 3404 1837 3471; x_wconf 92' lang='lat' dir='ltr'><strong>aut,</strong></span> <span class='ocrx_word' id='word_1_258' title='bbox 1859 3398 2010 3457; x_wconf 91' lang='lat' dir='ltr'><strong>dum</strong></span> <span class='ocrx_word' id='word_1_259' title='bbox 2030 3416 2172 3457; x_wconf 90' lang='lat' dir='ltr'><strong>con-</strong></span> 
     </span>
    </p>
   </div>
   <div class='ocr_carea' id='block_1_37' title="bbox 512 3493 2171 3564">
    <p class='ocr_par' dir='ltr' id='par_1_37' title="bbox 512 3493 2171 3564">
     <span class='ocr_line' id='line_1_37' title="bbox 512 3493 2171 3564; baseline 0.007 -19"><span class='ocrx_word' id='word_1_260' title='bbox 512 3493 766 3562; x_wconf 91' lang='lat' dir='ltr'><strong>temnes,</strong></span> <span class='ocrx_word' id='word_1_261' title='bbox 798 3508 939 3549; x_wconf 92' lang='lat' dir='ltr'><strong>eum</strong></span> <span class='ocrx_word' id='word_1_262' title='bbox 960 3493 1204 3564; x_wconf 84' lang='lat' dir='ltr'><strong>gravius</strong></span> <span class='ocrx_word' id='word_1_263' title='bbox 1233 3494 1541 3554; x_wconf 88' lang='lat' dir='ltr'><strong>ulciscere.</strong></span> <span class='ocrx_word' id='word_1_264' title='bbox 1569 3495 1723 3562; x_wconf 88' lang='lat' dir='ltr'><strong>Quid</strong></span> <span class='ocrx_word' id='word_1_265' title='bbox 1748 3496 1907 3553; x_wconf 90' lang='lat' dir='ltr'><strong>enim</strong></span> <span class='ocrx_word' id='word_1_266' title='bbox 1924 3496 2171 3556; x_wconf 90' lang='lat' dir='ltr'><strong>inimico</strong></span> 
     </span>
    </p>
   </div>
   <div class='ocr_carea' id='block_1_38' title="bbox 511 3581 2169 3659">
    <p class='ocr_par' dir='ltr' id='par_1_38' title="bbox 511 3581 2169 3659">
     <span class='ocr_line' id='line_1_38' title="bbox 511 3581 2169 3659; baseline 0.006 -23"><span class='ocrx_word' id='word_1_267' title='bbox 511 3581 792 3638; x_wconf 86' lang='lat' dir='ltr'><strong>acerbius</strong></span> <span class='ocrx_word' id='word_1_268' title='bbox 818 3598 951 3639; x_wconf 89' lang='lat' dir='ltr'><strong>esse</strong></span> <span class='ocrx_word' id='word_1_269' title='bbox 985 3589 1203 3656; x_wconf 87' lang='lat' dir='ltr'><strong>potest,</strong></span> <span class='ocrx_word' id='word_1_270' title='bbox 1238 3601 1428 3659; x_wconf 90' lang='lat' dir='ltr'><strong>quam</strong></span> <span class='ocrx_word' id='word_1_271' title='bbox 1469 3585 1517 3642; x_wconf 94' lang='lat' dir='ltr'><strong>si</strong></span> <span class='ocrx_word' id='word_1_272' title='bbox 1541 3585 1855 3645; x_wconf 90' lang='lat' dir='ltr'><strong>inimicum</strong></span> <span class='ocrx_word' id='word_1_273' title='bbox 1884 3604 2063 3645; x_wconf 88' lang='lat' dir='ltr'><strong>suum</strong></span> <span class='ocrx_word' id='word_1_274' title='bbox 2083 3588 2169 3646; x_wconf 86' lang='lat' dir='ltr'><strong>vi-</strong></span> 
     </span>
    </p>
   </div>
   <div class='ocr_carea' id='block_1_39' title="bbox 508 3669 2169 3748">
    <p class='ocr_par' dir='ltr' id='par_1_39' title="bbox 508 3669 2169 3748">
     <span class='ocr_line' id='line_1_39' title="bbox 508 3669 2169 3748; baseline 0.006 -22"><span class='ocrx_word' id='word_1_275' title='bbox 508 3669 650 3727; x_wconf 87' lang='lat' dir='ltr'><strong>deat</strong></span> <span class='ocrx_word' id='word_1_276' title='bbox 669 3670 905 3744; x_wconf 89' lang='lat' dir='ltr'><strong>injuriis</strong></span> <span class='ocrx_word' id='word_1_277' title='bbox 937 3688 1007 3729; x_wconf 90' lang='lat' dir='ltr'><strong>ac</strong></span> <span class='ocrx_word' id='word_1_278' title='bbox 1028 3674 1404 3731; x_wconf 90' lang='lat' dir='ltr'><strong>contumeliis</strong></span> <span class='ocrx_word' id='word_1_279' title='bbox 1433 3675 1807 3748; x_wconf 89' lang='lat' dir='ltr'><strong>superiorem</strong></span> <span class='ocrx_word' id='word_1_280' title='bbox 1827 3676 1856 3734; x_wconf 82' lang='lat'><strong>?</strong></span> <span class='ocrx_word' id='word_1_281' title='bbox 1884 3678 2169 3736; x_wconf 84' lang='lat' dir='ltr'><strong>Animum</strong></span> 
     </span>
    </p>
   </div>
   <div class='ocr_carea' id='block_1_40' title="bbox 508 3758 2169 3836">
    <p class='ocr_par' dir='ltr' id='par_1_40' title="bbox 508 3758 2169 3836">
     <span class='ocr_line' id='line_1_40' title="bbox 508 3758 2169 3836; baseline 0.006 -21"><span class='ocrx_word' id='word_1_282' title='bbox 508 3773 585 3815; x_wconf 89' lang='lat' dir='ltr'><strong>ne</strong></span> <span class='ocrx_word' id='word_1_283' title='bbox 617 3758 893 3832; x_wconf 87' lang='lat' dir='ltr'><strong>abjicias,</strong></span> <span class='ocrx_word' id='word_1_284' title='bbox 916 3777 1112 3836; x_wconf 91' lang='lat' dir='ltr'><strong>neque</strong></span> <span class='ocrx_word' id='word_1_285' title='bbox 1133 3763 1411 3836; x_wconf 87' lang='lat' dir='ltr'><strong>partiaris</strong></span> <span class='ocrx_word' id='word_1_286' title='bbox 1439 3763 1631 3821; x_wconf 85' lang='lat' dir='ltr'><strong>ullum</strong></span> <span class='ocrx_word' id='word_1_287' title='bbox 1659 3764 1741 3822; x_wconf 90' lang='lat' dir='ltr'><strong>ad</strong></span> <span class='ocrx_word' id='word_1_288' title='bbox 1771 3770 1825 3823; x_wconf 91' lang='lat' dir='ltr'><strong>te</strong></span> <span class='ocrx_word' id='word_1_289' title='bbox 1855 3781 2169 3825; x_wconf 87' lang='lat' dir='ltr'><strong>accessum</strong></span> 
     </span>
    </p>
   </div>
   <div class='ocr_carea' id='block_1_41' title="bbox 472 3848 2170 3924">
    <p class='ocr_par' dir='ltr' id='par_1_41' title="bbox 472 3848 2170 3924">
     <span class='ocr_line' id='line_1_41' title="bbox 472 3848 2170 3924; baseline 0.008 -21"><span class='ocrx_word' id='word_1_290' title='bbox 472 3848 1016 3907; x_wconf 88' lang='lat' dir='ltr'><strong>-conviciatoribus</strong></span> <span class='ocrx_word' id='word_1_291' title='bbox 1045 3855 1272 3924; x_wconf 88' lang='lat' dir='ltr'><strong>patere.</strong></span> <span class='ocrx_word' id='word_1_292' title='bbox 1314 3854 1448 3910; x_wconf 91' lang='lat' dir='ltr'><strong>Sine</strong></span> <span class='ocrx_word' id='word_1_293' title='bbox 1478 3869 1620 3910; x_wconf 89' lang='lat' dir='ltr'><strong>eum</strong></span> <span class='ocrx_word' id='word_1_294' title='bbox 1662 3853 1886 3913; x_wconf 84' lang='lat' dir='ltr'><strong>frustra</strong></span> <span class='ocrx_word' id='word_1_295' title='bbox 1932 3861 1988 3914; x_wconf 90' lang='lat' dir='ltr'><strong>te</strong></span> <span class='ocrx_word' id='word_1_296' title='bbox 2026 3856 2170 3916; x_wconf 81' lang='lat' dir='ltr'><strong>alla-</strong></span> 
     </span>
    </p>
   </div>
   <div class='ocr_carea' id='block_1_42' title="bbox 507 3938 2167 4019">
    <p class='ocr_par' dir='ltr' id='par_1_42' title="bbox 507 3938 2167 4019">
     <span class='ocr_line' id='line_1_42' title="bbox 507 3938 2167 4019; baseline 0.007 -27"><span class='ocrx_word' id='word_1_297' title='bbox 507 3939 686 4009; x_wconf 89' lang='lat' dir='ltr'><strong>trare,</strong></span> <span class='ocrx_word' id='word_1_298' title='bbox 708 3938 1125 4013; x_wconf 88' lang='lat' dir='ltr'><strong>disrumpatur</strong></span> <span class='ocrx_word' id='word_1_299' title='bbox 1146 3940 1209 3997; x_wconf 94' lang='lat' dir='ltr'><strong>in</strong></span> <span class='ocrx_word' id='word_1_300' title='bbox 1234 3941 1580 4014; x_wconf 88' lang='lat' dir='ltr'><strong>semetipso.</strong></span> <span class='ocrx_word' id='word_1_301' title='bbox 1614 3944 1684 4001; x_wconf 90' lang='lat' dir='ltr'><strong>Ut</strong></span> <span class='ocrx_word' id='word_1_302' title='bbox 1709 3945 1871 4000; x_wconf 91' lang='lat' dir='ltr'><strong>enim</strong></span> <span class='ocrx_word' id='word_1_303' title='bbox 1901 3944 2007 4019; x_wconf 88' lang='lat' dir='ltr'><strong>qui</strong></span> <span class='ocrx_word' id='word_1_304' title='bbox 2033 3961 2167 4003; x_wconf 90' lang='lat' dir='ltr'><strong>ver-</strong></span> 
     </span>
    </p>
   </div>
   <div class='ocr_carea' id='block_1_43' title="bbox 505 4024 2166 4108">
    <p class='ocr_par' dir='ltr' id='par_1_43' title="bbox 505 4024 2166 4108">
     <span class='ocr_line' id='line_1_43' title="bbox 505 4024 2166 4108; baseline 0.007 -26"><span class='ocrx_word' id='word_1_305' title='bbox 505 4024 679 4085; x_wconf 87' lang='lat' dir='ltr'><strong>berat</strong></span> <span class='ocrx_word' id='word_1_306' title='bbox 718 4044 902 4085; x_wconf 88' lang='lat' dir='ltr'><strong>sensu</strong></span> <span class='ocrx_word' id='word_1_307' title='bbox 951 4034 1275 4098; x_wconf 82' lang='lat' dir='ltr'><strong>carentem,</strong></span> <span class='ocrx_word' id='word_1_308' title='bbox 1326 4031 1441 4089; x_wconf 89' lang='lat' dir='ltr'><strong>sibi</strong></span> <span class='ocrx_word' id='word_1_309' title='bbox 1482 4030 1613 4105; x_wconf 88' lang='lat' dir='ltr'><strong>ipse</strong></span> <span class='ocrx_word' id='word_1_310' title='bbox 1652 4032 1879 4104; x_wconf 86' lang='lat' dir='ltr'><strong>irrogat</strong></span> <span class='ocrx_word' id='word_1_311' title='bbox 1918 4050 2166 4108; x_wconf 70' lang='lat' dir='ltr'><strong>poenam</strong></span> 
     </span>
    </p>
   </div>
   <div class='ocr_carea' id='block_1_44' title="bbox 507 4118 2167 4197">
    <p class='ocr_par' dir='ltr' id='par_1_44' title="bbox 507 4118 2167 4197">
     <span class='ocr_line' id='line_1_44' title="bbox 507 4118 2167 4197; baseline 0.007 -25"><span class='ocrx_word' id='word_1_312' title='bbox 507 4121 678 4185; x_wconf 86' lang='lat' dir='ltr'><strong>(nam</strong></span> <span class='ocrx_word' id='word_1_313' title='bbox 700 4133 812 4174; x_wconf 90' lang='lat' dir='ltr'><strong>nec</strong></span> <span class='ocrx_word' id='word_1_314' title='bbox 832 4118 1069 4175; x_wconf 87' lang='lat' dir='ltr'><strong>hostem</strong></span> <span class='ocrx_word' id='word_1_315' title='bbox 1107 4119 1431 4189; x_wconf 88' lang='lat' dir='ltr'><strong>ulciscitur,</strong></span> <span class='ocrx_word' id='word_1_316' title='bbox 1458 4136 1571 4177; x_wconf 89' lang='lat' dir='ltr'><strong>nec</strong></span> <span class='ocrx_word' id='word_1_317' title='bbox 1605 4120 1759 4179; x_wconf 90' lang='lat' dir='ltr'><strong>iram</strong></span> <span class='ocrx_word' id='word_1_318' title='bbox 1801 4123 2034 4197; x_wconf 88' lang='lat' dir='ltr'><strong>sedat):</strong></span> <span class='ocrx_word' id='word_1_319' title='bbox 2082 4125 2167 4183; x_wconf 86' lang='lat' dir='ltr'><strong>ita</strong></span> 
     </span>
    </p>
   </div>
   <div class='ocr_carea' id='block_1_45' title="bbox 505 4204 2164 4289">
    <p class='ocr_par' dir='ltr' id='par_1_45' title="bbox 505 4204 2164 4289">
     <span class='ocr_line' id='line_1_45' title="bbox 505 4204 2164 4289; baseline 0.007 -28"><span class='ocrx_word' id='word_1_320' title='bbox 505 4204 785 4279; x_wconf 89' lang='lat' dir='ltr'><strong>quisquis</strong></span> <span class='ocrx_word' id='word_1_321' title='bbox 819 4207 1133 4265; x_wconf 90' lang='lat' dir='ltr'><strong>hominem</strong></span> <span class='ocrx_word' id='word_1_322' title='bbox 1161 4209 1266 4282; x_wconf 91' lang='lat' dir='ltr'><strong>qui</strong></span> <span class='ocrx_word' id='word_1_323' title='bbox 1296 4209 1531 4281; x_wconf 91' lang='lat' dir='ltr'><strong>injuriis</strong></span> <span class='ocrx_word' id='word_1_324' title='bbox 1549 4225 1676 4267; x_wconf 91' lang='lat' dir='ltr'><strong>non</strong></span> <span class='ocrx_word' id='word_1_325' title='bbox 1706 4215 2001 4284; x_wconf 87' lang='lat' dir='ltr'><strong>movetur,</strong></span> <span class='ocrx_word' id='word_1_326' title='bbox 2023 4229 2164 4289; x_wconf 86' lang='lat' dir='ltr'><strong>pro-</strong></span> 
     </span>
    </p>
   </div>
   <div class='ocr_carea' id='block_1_46' title="bbox 505 4291 2165 4374">
    <p class='ocr_par' dir='ltr' id='par_1_46' title="bbox 505 4291 2165 4374">
     <span class='ocr_line' id='line_1_46' title="bbox 505 4291 2165 4374; baseline 0.008 -25"><span class='ocrx_word' id='word_1_327' title='bbox 505 4291 632 4350; x_wconf 89' lang='lat' dir='ltr'><strong>bris</strong></span> <span class='ocrx_word' id='word_1_328' title='bbox 674 4311 748 4352; x_wconf 91' lang='lat' dir='ltr'><strong>ac</strong></span> <span class='ocrx_word' id='word_1_329' title='bbox 786 4295 1123 4354; x_wconf 88' lang='lat' dir='ltr'><strong>maledictis</strong></span> <span class='ocrx_word' id='word_1_330' title='bbox 1165 4297 1424 4368; x_wconf 90' lang='lat' dir='ltr'><strong>lacessit,</strong></span> <span class='ocrx_word' id='word_1_331' title='bbox 1463 4299 1516 4355; x_wconf 89' lang='lat' dir='ltr'><strong>is</strong></span> <span class='ocrx_word' id='word_1_332' title='bbox 1556 4300 1945 4374; x_wconf 86' lang='lat' dir='ltr'><strong>cupiditatem</strong></span> <span class='ocrx_word' id='word_1_333' title='bbox 1987 4320 2165 4362; x_wconf 88' lang='lat' dir='ltr'><strong>suam</strong></span> 
     </span>
    </p>
   </div>
   <div class='ocr_carea' id='block_1_47' title="bbox 506 4383 2164 4465">
    <p class='ocr_par' dir='ltr' id='par_1_47' title="bbox 506 4383 2164 4465">
     <span class='ocr_line' id='line_1_47' title="bbox 506 4383 2164 4465; baseline 0.008 -27"><span class='ocrx_word' id='word_1_334' title='bbox 506 4383 691 4463; x_wconf 87' lang='lat' dir='ltr'><strong>solari</strong></span> <span class='ocrx_word' id='word_1_335' title='bbox 716 4398 786 4439; x_wconf 89' lang='lat' dir='ltr'><strong>ac</strong></span> <span class='ocrx_word' id='word_1_336' title='bbox 814 4385 1045 4442; x_wconf 90' lang='lat' dir='ltr'><strong>mollire</strong></span> <span class='ocrx_word' id='word_1_337' title='bbox 1074 4401 1197 4442; x_wconf 91' lang='lat' dir='ltr'><strong>non</strong></span> <span class='ocrx_word' id='word_1_338' title='bbox 1227 4391 1443 4460; x_wconf 90' lang='lat' dir='ltr'><strong>potest.</strong></span> <span class='ocrx_word' id='word_1_339' title='bbox 1476 4389 1715 4462; x_wconf 90' lang='lat' dir='ltr'><strong>Contra,</strong></span> <span class='ocrx_word' id='word_1_340' title='bbox 1749 4390 1833 4448; x_wconf 91' lang='lat' dir='ltr'><strong>uti</strong></span> <span class='ocrx_word' id='word_1_341' title='bbox 1862 4390 2010 4465; x_wconf 80' lang='lat' dir='ltr'><strong>dixi,</strong></span> <span class='ocrx_word' id='word_1_342' title='bbox 2036 4392 2164 4451; x_wconf 90' lang='lat' dir='ltr'><strong>dis-</strong></span> 
     </span>
    </p>
   </div>
   <div class='ocr_carea' id='block_1_48' title="bbox 505 4472 2167 4553">
    <p class='ocr_par' dir='ltr' id='par_1_48' title="bbox 505 4472 2167 4553">
     <span class='ocr_line' id='line_1_48' title="bbox 505 4472 2167 4553; baseline 0.009 -26"><span class='ocrx_word' id='word_1_343' title='bbox 505 4472 826 4545; x_wconf 91' lang='lat' dir='ltr'><strong>rumpitur.</strong></span> <span class='ocrx_word' id='word_1_344' title='bbox 860 4474 1046 4540; x_wconf 87' lang='lat' dir='ltr'><strong>Qualc</strong></span> <span class='ocrx_word' id='word_1_345' title='bbox 1072 4476 1232 4532; x_wconf 90' lang='lat' dir='ltr'><strong>enim</strong></span> <span class='ocrx_word' id='word_1_346' title='bbox 1258 4492 1485 4535; x_wconf 89' lang='lat' dir='ltr'><strong>nomen</strong></span> <span class='ocrx_word' id='word_1_347' title='bbox 1502 4483 1756 4553; x_wconf 91' lang='lat' dir='ltr'><strong>uterque</strong></span> <span class='ocrx_word' id='word_1_348' title='bbox 1775 4486 2037 4540; x_wconf 88' lang='lat' dir='ltr'><strong>vestrum</strong></span> <span class='ocrx_word' id='word_1_349' title='bbox 2050 4488 2167 4543; x_wconf 85' lang='lat' dir='ltr'><strong>sta-</strong></span> 
     </span>
    </p>
   </div>
   <div class='ocr_carea' id='block_1_49' title="bbox 505 4559 2164 4646">
    <p class='ocr_par' dir='ltr' id='par_1_49' title="bbox 505 4559 2164 4646">
     <span class='ocr_line' id='line_1_49' title="bbox 505 4559 2164 4646; baseline 0.01 -30"><span class='ocrx_word' id='word_1_350' title='bbox 505 4559 613 4617; x_wconf 90' lang='lat' dir='ltr'><strong>tim</strong></span> <span class='ocrx_word' id='word_1_351' title='bbox 643 4560 722 4617; x_wconf 90' lang='lat' dir='ltr'><strong>ab</strong></span> <span class='ocrx_word' id='word_1_352' title='bbox 752 4560 826 4617; x_wconf 91' lang='lat' dir='ltr'><strong>iis</strong></span> <span class='ocrx_word' id='word_1_353' title='bbox 857 4562 963 4634; x_wconf 88' lang='lat' dir='ltr'><strong>qui</strong></span> <span class='ocrx_word' id='word_1_354' title='bbox 993 4563 1233 4634; x_wconf 87' lang='lat' dir='ltr'><strong>absunt,</strong></span> <span class='ocrx_word' id='word_1_355' title='bbox 1281 4568 1720 4640; x_wconf 85' lang='lat' dir='ltr'><strong>consequitur?</strong></span> <span class='ocrx_word' id='word_1_356' title='bbox 1766 4569 1867 4628; x_wconf 87' lang='lat' dir='ltr'><strong>Ille</strong></span> <span class='ocrx_word' id='word_1_357' title='bbox 1914 4572 2164 4646; x_wconf 90' lang='lat' dir='ltr'><strong>quidem</strong></span> 
     </span>
    </p>
   </div>
   <div class='ocr_carea' id='block_1_50' title="bbox 504 4648 2164 4730">
    <p class='ocr_par' dir='ltr' id='par_1_50' title="bbox 504 4648 2164 4730">
     <span class='ocr_line' id='line_1_50' title="bbox 504 4648 2164 4730; baseline 0.01 -25"><span class='ocrx_word' id='word_1_358' title='bbox 504 4648 981 4707; x_wconf 89' lang='lat' dir='ltr'><strong>contumeliosus</strong></span> <span class='ocrx_word' id='word_1_359' title='bbox 1028 4652 1216 4722; x_wconf 88' lang='lat' dir='ltr'><strong>audit,</strong></span> <span class='ocrx_word' id='word_1_360' title='bbox 1250 4659 1317 4712; x_wconf 93' lang='lat' dir='ltr'><strong>tu</strong></span> <span class='ocrx_word' id='word_1_361' title='bbox 1340 4671 1484 4714; x_wconf 88' lang='lat' dir='ltr'><strong>vero</strong></span> <span class='ocrx_word' id='word_1_362' title='bbox 1527 4659 1960 4730; x_wconf 84' lang='lat' dir='ltr'><strong>magnanimus</strong></span> <span class='ocrx_word' id='word_1_363' title='bbox 1993 4678 2008 4730; x_wconf 89' lang='lat'><strong>;</strong></span> <span class='ocrx_word' id='word_1_364' title='bbox 2064 4662 2164 4722; x_wconf 85' lang='lat' dir='ltr'><strong>ille</strong></span> 
     </span>
    </p>
   </div>
   <div class='ocr_carea' id='block_1_51' title="bbox 444 4738 2165 4817">
    <p class='ocr_par' dir='ltr' id='par_1_51' title="bbox 444 4738 2165 4817">
     <span class='ocr_line' id='line_1_51' title="bbox 444 4738 2165 4817; baseline 0.006 -16"><span class='ocrx_word' id='word_1_365' title='bbox 444 4798 447 4801; x_wconf 35' lang='grc' dir='ltr'><strong>λ</strong></span> <span class='ocrx_word' id='word_1_366' title='bbox 504 4738 836 4797; x_wconf 88' lang='lat' dir='ltr'><strong>iracundus</strong></span> <span class='ocrx_word' id='word_1_367' title='bbox 867 4743 924 4797; x_wconf 90' lang='lat' dir='ltr'><strong>et</strong></span> <span class='ocrx_word' id='word_1_368' title='bbox 953 4757 1255 4811; x_wconf 86' lang='lat' dir='ltr'><strong>morosus,</strong></span> <span class='ocrx_word' id='word_1_369' title='bbox 1284 4747 1349 4802; x_wconf 90' lang='lat' dir='ltr'><strong>tu</strong></span> <span class='ocrx_word' id='word_1_370' title='bbox 1377 4746 1616 4817; x_wconf 87' lang='lat' dir='ltr'><strong>patiens</strong></span> <span class='ocrx_word' id='word_1_371' title='bbox 1643 4752 1702 4806; x_wconf 92' lang='lat' dir='ltr'><strong>et</strong></span> <span class='ocrx_word' id='word_1_372' title='bbox 1742 4749 1941 4808; x_wconf 90' lang='lat' dir='ltr'><strong>mitis:</strong></span> <span class='ocrx_word' id='word_1_373' title='bbox 1991 4751 2165 4812; x_wconf 91' lang='lat' dir='ltr'><strong>illum</strong></span> 
     </span>
    </p>
   </div>
   <div class='ocr_carea' id='block_1_52' title="bbox 504 4827 2166 4914">
    <p class='ocr_par' dir='ltr' id='par_1_52' title="bbox 504 4827 2166 4914">
     <span class='ocr_line' id='line_1_52' title="bbox 504 4827 2166 4914; baseline 0.011 -31"><span class='ocrx_word' id='word_1_374' title='bbox 504 4827 822 4902; x_wconf 79' lang='lat' dir='ltr'><strong>paenitebit</strong></span> <span class='ocrx_word' id='word_1_375' title='bbox 861 4828 1185 4902; x_wconf 91' lang='lat' dir='ltr'><strong>dictorum,</strong></span> <span class='ocrx_word' id='word_1_376' title='bbox 1216 4835 1272 4888; x_wconf 88' lang='lat' dir='ltr'><strong>te</strong></span> <span class='ocrx_word' id='word_1_377' title='bbox 1329 4848 1471 4892; x_wconf 89' lang='lat' dir='ltr'><strong>vero</strong></span> <span class='ocrx_word' id='word_1_378' title='bbox 1500 4850 1819 4910; x_wconf 90' lang='lat' dir='ltr'><strong>nunquam</strong></span> <span class='ocrx_word' id='word_1_379' title='bbox 1847 4841 2166 4914; x_wconf 74' lang='lat' dir='ltr'><strong>paenitebit</strong></span> 
     </span>
    </p>
   </div>
   <div class='ocr_carea' id='block_1_53' title="bbox 504 4917 764 4975">
    <p class='ocr_par' dir='ltr' id='par_1_53' title="bbox 504 4917 764 4975">
     <span class='ocr_line' id='line_1_53' title="bbox 504 4917 764 4975; baseline -0.004 0"><span class='ocrx_word' id='word_1_380' title='bbox 504 4917 764 4975; x_wconf 89' lang='lat' dir='ltr'><strong>virtutis.</strong></span> 
     </span>
    </p>
   </div>
   <div class='ocr_carea' id='block_1_54' title="bbox 573 5004 2167 5082">
    <p class='ocr_par' dir='ltr' id='par_1_54' title="bbox 573 5004 2167 5082">
     <span class='ocr_line' id='line_1_54' title="bbox 573 5004 2167 5082; baseline 0.013 -20"><span class='ocrx_word' id='word_1_381' title='bbox 573 5009 631 5064; x_wconf 78' lang='grc'><strong>4.</strong></span> <span class='ocrx_word' id='word_1_382' title='bbox 666 5004 822 5074; x_wconf 90' lang='lat' dir='ltr'><strong>Quid</strong></span> <span class='ocrx_word' id='word_1_383' title='bbox 843 5006 1053 5065; x_wconf 90' lang='lat' dir='ltr'><strong>attinet</strong></span> <span class='ocrx_word' id='word_1_384' title='bbox 1074 5006 1253 5082; x_wconf 89' lang='lat' dir='ltr'><strong>plura</strong></span> <span class='ocrx_word' id='word_1_385' title='bbox 1276 5008 1475 5069; x_wconf 90' lang='lat' dir='ltr'><strong>dicere</strong></span> <span class='ocrx_word' id='word_1_386' title='bbox 1495 5013 1524 5070; x_wconf 84' lang='lat'><strong>?</strong></span> <span class='ocrx_word' id='word_1_387' title='bbox 1569 5014 1714 5073; x_wconf 82' lang='lat' dir='ltr'><strong>Huic</strong></span> <span class='ocrx_word' id='word_1_388' title='bbox 1742 5018 2167 5082; x_wconf 89' lang='lat' dir='ltr'><strong>maledicentia</strong></span> 
     </span>
    </p>
   </div>
   <div class='ocr_carea' id='block_1_55' title="bbox 507 5094 2165 5176">
    <p class='ocr_par' dir='ltr' id='par_1_55' title="bbox 507 5094 2165 5176">
     <span class='ocr_line' id='line_1_55' title="bbox 507 5094 2165 5176; baseline 0.012 -24"><span class='ocrx_word' id='word_1_389' title='bbox 507 5094 734 5154; x_wconf 91' lang='lat' dir='ltr'><strong>claudit</strong></span> <span class='ocrx_word' id='word_1_390' title='bbox 758 5111 1014 5167; x_wconf 88' lang='lat' dir='ltr'><strong>regnum</strong></span> <span class='ocrx_word' id='word_1_391' title='bbox 1062 5097 1376 5169; x_wconf 63' lang='lat' dir='ltr'><strong>calorum,</strong></span> <span class='ocrx_word' id='word_1_392' title='bbox 1429 5101 1656 5176; x_wconf 90' lang='lat' dir='ltr'><strong>quippe</strong></span> <span class='ocrx_word' id='word_1_393' title='bbox 1705 5106 1997 5169; x_wconf 79' lang='lat' dir='ltr'><strong>Maledici</strong></span> <span class='ocrx_word' id='word_1_394' title='bbox 2043 5113 2165 5171; x_wconf 64' lang='lat' dir='ltr'><strong>ha?-</strong></span> 
     </span>
    </p>
   </div>
   <div class='ocr_carea' id='block_1_56' title="bbox 582 5222 1679 5300">
    <p class='ocr_par' dir='ltr' id='par_1_56' title="bbox 582 5222 1679 5300">
     <span class='ocr_line' id='line_1_56' title="bbox 582 5222 1679 5300; baseline 0.007 -23"><span class='ocrx_word' id='word_1_395' title='bbox 582 5222 629 5257; x_wconf 81' lang='grc'><strong>²¹</strong></span> <span class='ocrx_word' id='word_1_396' title='bbox 672 5223 816 5278; x_wconf 90' lang='lat' dir='ltr'><strong>Gen.</strong></span> <span class='ocrx_word' id='word_1_397' title='bbox 844 5236 928 5290; x_wconf 83' lang='grc' dir='ltr'>ιιι,</span> <span class='ocrx_word' id='word_1_398' title='bbox 966 5226 1051 5279; x_wconf 86' lang='grc'><strong>19.</strong></span> <span class='ocrx_word' id='word_1_399' title='bbox 1129 5224 1178 5259; x_wconf 82' lang='grc'>²²</span> <span class='ocrx_word' id='word_1_400' title='bbox 1217 5225 1362 5281; x_wconf 87' lang='lat' dir='ltr'><strong>Gen.</strong></span> <span class='ocrx_word' id='word_1_401' title='bbox 1393 5241 1557 5300; x_wconf 81' lang='lat' dir='ltr'><strong>xvm,</strong></span> <span class='ocrx_word' id='word_1_402' title='bbox 1589 5229 1679 5287; x_wconf 87' lang='lat'><strong>27.</strong></span> 
     </span>
    </p>
   </div>
   <div class='ocr_carea' id='block_1_57' title="bbox 582 5337 1595 5420">
    <p class='ocr_par' dir='ltr' id='par_1_57' title="bbox 582 5337 1595 5420">
     <span class='ocr_line' id='line_1_57' title="bbox 582 5337 1595 5420; baseline 0.008 -21"><span class='ocrx_word' id='word_1_403' title='bbox 582 5344 661 5420; x_wconf 82' lang='grc'><strong>(6)</strong></span> <span class='ocrx_word' id='word_1_404' title='bbox 692 5337 839 5420; x_wconf 65' lang='lat' dir='ltr'><strong>Beg.</strong></span> <span class='ocrx_word' id='word_1_405' title='bbox 875 5345 1109 5420; x_wconf 80' lang='lat' dir='ltr'><strong>primus</strong></span> <span class='ocrx_word' id='word_1_406' title='bbox 1135 5346 1194 5420; x_wconf 20' lang='grc' dir='ltr'>,ἐκ</span> <span class='ocrx_word' id='word_1_407' title='bbox 1218 5357 1317 5420; x_wconf 80' lang='grc' dir='ltr'>γῆς</span> <span class='ocrx_word' id='word_1_408' title='bbox 1346 5350 1595 5415; x_wconf 78' lang='grc' dir='ltr'>ὑπέστης.</span> 
     </span>
    </p>
   </div>
   <div class='ocr_carea' id='block_1_58' title="bbox 580 5414 2157 5558">
    <p class='ocr_par' dir='ltr' id='par_1_58' title="bbox 580 5414 2157 5558">
     <span class='ocr_line' id='line_1_58' title="bbox 580 5414 2157 5558; baseline 0.013 -89"><span class='ocrx_word' id='word_1_409' title='bbox 580 5415 663 5558; x_wconf 46' lang='grc' dir='ltr'><strong>ἒἹ)</strong></span> <span class='ocrx_word' id='word_1_410' title='bbox 695 5414 978 5499; x_wconf 54' lang='grc' dir='ltr'><strong>81ᾱῖῑιές8.⁸</strong></span> <span class='ocrx_word' id='word_1_411' title='bbox 999 5414 1269 5505; x_wconf 64' lang='lat' dir='ltr'><strong>plerique</strong></span> <span class='ocrx_word' id='word_1_412' title='bbox 1298 5436 1536 5507; x_wconf 79' lang='lat' dir='ltr'><strong>omnes.</strong></span> <span class='ocrx_word' id='word_1_413' title='bbox 1560 5414 1717 5483; x_wconf 15' lang='lat' dir='ltr'><strong>iEditi</strong></span> <span class='ocrx_word' id='word_1_414' title='bbox 1744 5431 2039 5507; x_wconf 85' lang='grc' dir='ltr'>προχωρείς</span> <span class='ocrx_word' id='word_1_415' title='bbox 2065 5443 2157 5506; x_wconf 86' lang='grc' dir='ltr'>τῷ.</span> 
     </span>
     <span class='ocr_line' id='line_1_59' title="bbox 602 5484 2157 5558; baseline 0.005 -19"><span class='ocrx_word' id='word_1_416' title='bbox 602 5485 657 5556; x_wconf 92' lang='grc'>8)</span> <span class='ocrx_word' id='word_1_417' title='bbox 693 5484 860 5543; x_wconf 82' lang='lat' dir='ltr'><strong>Colb.</strong></span> <span class='ocrx_word' id='word_1_418' title='bbox 887 5502 1125 5558; x_wconf 81' lang='lat' dir='ltr'><strong>primus</strong></span> <span class='ocrx_word' id='word_1_419' title='bbox 1149 5510 1394 5558; x_wconf 81' lang='grc' dir='ltr'>απρακτα</span> <span class='ocrx_word' id='word_1_420' title='bbox 1425 5514 1535 5554; x_wconf 89' lang='grc' dir='ltr'>σοι.</span> <span class='ocrx_word' id='word_1_421' title='bbox 1592 5496 1821 5557; x_wconf 82' lang='lat' dir='ltr'><strong>Ibidem</strong></span> <span class='ocrx_word' id='word_1_422' title='bbox 1860 5504 1999 5558; x_wconf 52' lang='lat' dir='ltr'><strong>nem</strong></span> <span class='ocrx_word' id='word_1_423' title='bbox 2045 5506 2157 5558; x_wconf 66' lang='grc' dir='ltr'><strong>οι-ξ-</strong></span> 
     </span>
    </p>
   </div>
   <div class='ocr_carea' id='block_1_59' title="bbox 602 5484 2160 5578">
    <p class='ocr_par' dir='ltr' id='par_1_59' title="bbox 602 5484 2160 5578">
     <span class='ocr_line' id='line_1_60' title="bbox 602 5484 2160 5578; baseline 0.014 -39"><span class='ocrx_word' id='word_1_424' title='bbox 602 5485 657 5556; x_wconf 92' lang='grc'>8)</span> <span class='ocrx_word' id='word_1_425' title='bbox 693 5484 860 5543; x_wconf 82' lang='lat' dir='ltr'><strong>Colb.</strong></span> <span class='ocrx_word' id='word_1_426' title='bbox 887 5484 1125 5559; x_wconf 82' lang='lat' dir='ltr'><strong>primus</strong></span> <span class='ocrx_word' id='word_1_427' title='bbox 1149 5484 1394 5566; x_wconf 72' lang='grc' dir='ltr'>ἄπρακτά</span> <span class='ocrx_word' id='word_1_428' title='bbox 1425 5514 1535 5554; x_wconf 88' lang='grc' dir='ltr'>σοι.</span> <span class='ocrx_word' id='word_1_429' title='bbox 1592 5484 1821 5557; x_wconf 82' lang='lat' dir='ltr'><strong>Ibidem</strong></span> <span class='ocrx_word' id='word_1_430' title='bbox 1846 5484 2160 5578; x_wconf 44' lang='lat' dir='ltr'><strong>&#39;l&#39;le&#39;g.&#39;pri;</strong></span> 
     </span>
    </p>
   </div>
   <div class='ocr_carea' id='block_1_60' title="bbox 1884 253 2496 317">
    <p class='ocr_par' dir='ltr' id='par_1_60' title="bbox 1884 253 2496 317">
     <span class='ocr_line' id='line_1_61' title="bbox 1884 253 2496 317; baseline -0.011 0"><span class='ocrx_word' id='word_1_431' title='bbox 1884 260 1942 317; x_wconf 88' lang='lat' dir='ltr'><strong>S.</strong></span> <span class='ocrx_word' id='word_1_432' title='bbox 1984 256 2236 315; x_wconf 76' lang='lat' dir='ltr'><strong>BASlLll</strong></span> <span class='ocrx_word' id='word_1_433' title='bbox 2273 253 2496 312; x_wconf 79' lang='lat' dir='ltr'><strong>MAGNI</strong></span> 
     </span>
    </p>
   </div>
   <div class='ocr_carea' id='block_1_61' title="bbox 1756 5233 2234 5305">
    <p class='ocr_par' dir='ltr' id='par_1_61' title="bbox 1756 5233 2234 5305">
     <span class='ocr_line' id='line_1_62' title="bbox 1756 5233 2234 5305; baseline 0.013 -16"><span class='ocrx_word' id='word_1_434' title='bbox 1756 5233 1805 5268; x_wconf 74' lang='grc'>³³</span> <span class='ocrx_word' id='word_1_435' title='bbox 1844 5234 2000 5294; x_wconf 86' lang='lat' dir='ltr'><strong>Psal.</strong></span> <span class='ocrx_word' id='word_1_436' title='bbox 2031 5253 2149 5305; x_wconf 72' lang='lat' dir='ltr'><strong>xxx,</strong></span> <span class='ocrx_word' id='word_1_437' title='bbox 2182 5243 2234 5295; x_wconf 91' lang='lat'><strong>7.</strong></span> 
     </span>
    </p>
   </div>
   <div class='ocr_carea' id='block_1_62' title="bbox 3773 251 3885 305">
    <p class='ocr_par' dir='ltr' id='par_1_62' title="bbox 3773 251 3885 305">
     <span class='ocr_line' id='line_1_63' title="bbox 3773 251 3885 305; baseline 0 -1"><span class='ocrx_word' id='word_1_438' title='bbox 3773 251 3885 305; x_wconf 86' lang='lat'><strong>360</strong></span> 
     </span>
    </p>
   </div>
   <div class='ocr_carea' id='block_1_63' title="bbox 2205 366 3894 455">
    <p class='ocr_par' dir='ltr' id='par_1_63' title="bbox 2205 366 3894 455">
     <span class='ocr_line' id='line_1_64' title="bbox 2205 366 3894 455; baseline -0.008 -18"><span class='ocrx_word' id='word_1_439' title='bbox 2205 383 2255 437; x_wconf 84' lang='lat' dir='ltr'><strong>A</strong></span> <span class='ocrx_word' id='word_1_440' title='bbox 2285 383 2438 455; x_wconf 81' lang='grc' dir='ltr'>μάχη</span> <span class='ocrx_word' id='word_1_441' title='bbox 2499 375 2559 433; x_wconf 72' lang='grc' dir='ltr'>δὲ</span> <span class='ocrx_word' id='word_1_442' title='bbox 2596 383 2748 452; x_wconf 85' lang='grc' dir='ltr'>γεννᾷ</span> <span class='ocrx_word' id='word_1_443' title='bbox 2775 373 3061 452; x_wconf 72' lang='grc' dir='ltr'><strong>λοιδορίας,</strong></span> <span class='ocrx_word' id='word_1_444' title='bbox 3095 374 3149 427; x_wconf 88' lang='grc' dir='ltr'>αἰ</span> <span class='ocrx_word' id='word_1_445' title='bbox 3175 366 3235 426; x_wconf 73' lang='grc' dir='ltr'><strong>δε</strong></span> <span class='ocrx_word' id='word_1_446' title='bbox 3264 366 3526 447; x_wconf 81' lang='grc' dir='ltr'>λόιδορίαι</span> <span class='ocrx_word' id='word_1_447' title='bbox 3549 370 3771 444; x_wconf 76' lang='grc' dir='ltr'>πληγὰς,</span> <span class='ocrx_word' id='word_1_448' title='bbox 3832 374 3894 425; x_wconf 85' lang='grc' dir='ltr'>αἱ</span> 
     </span>
    </p>
   </div>
   <div class='ocr_carea' id='block_1_64' title="bbox 2286 460 3893 545">
    <p class='ocr_par' dir='ltr' id='par_1_64' title="bbox 2286 460 3893 545">
     <span class='ocr_line' id='line_1_65' title="bbox 2286 460 3893 545; baseline -0.006 -23"><span class='ocrx_word' id='word_1_449' title='bbox 2286 466 2346 523; x_wconf 70' lang='grc' dir='ltr'>δὲ</span> <span class='ocrx_word' id='word_1_450' title='bbox 2400 468 2599 541; x_wconf 80' lang='grc' dir='ltr'>πληγαὶ</span> <span class='ocrx_word' id='word_1_451' title='bbox 2648 471 2941 545; x_wconf 83' lang='grc' dir='ltr'>τραύματα,</span> <span class='ocrx_word' id='word_1_452' title='bbox 3018 463 3073 516; x_wconf 82' lang='grc' dir='ltr'>ἐκ</span> <span class='ocrx_word' id='word_1_453' title='bbox 3134 460 3193 517; x_wconf 76' lang='grc' dir='ltr'><strong>δε</strong></span> <span class='ocrx_word' id='word_1_454' title='bbox 3261 464 3567 538; x_wconf 71' lang='grc' dir='ltr'>τραυμάτων</span> <span class='ocrx_word' id='word_1_455' title='bbox 3642 460 3893 522; x_wconf 74' lang='grc' dir='ltr'><strong>πολλάκις</strong></span> 
     </span>
    </p>
   </div>
   <div class='ocr_carea' id='block_1_65' title="bbox 2287 549 3889 632">
    <p class='ocr_par' dir='ltr' id='par_1_65' title="bbox 2287 549 3889 632">
     <span class='ocr_line' id='line_1_66' title="bbox 2287 549 3889 632; baseline -0.007 -19"><span class='ocrx_word' id='word_1_456' title='bbox 2287 561 2518 613; x_wconf 77' lang='grc' dir='ltr'><strong>θάνατοι.</strong></span> <span class='ocrx_word' id='word_1_457' title='bbox 2553 558 2681 612; x_wconf 86' lang='grc' dir='ltr'>Ἀπό</span> <span class='ocrx_word' id='word_1_458' title='bbox 2718 566 2807 619; x_wconf 84' lang='grc' dir='ltr'>τῆς</span> <span class='ocrx_word' id='word_1_459' title='bbox 2855 561 3060 632; x_wconf 84' lang='grc' dir='ltr'>πρώτης</span> <span class='ocrx_word' id='word_1_460' title='bbox 3112 551 3284 628; x_wconf 82' lang='grc' dir='ltr'>ἀρχῆς</span> <span class='ocrx_word' id='word_1_461' title='bbox 3334 555 3390 605; x_wconf 88' lang='grc' dir='ltr'>τὸ</span> <span class='ocrx_word' id='word_1_462' title='bbox 3439 553 3598 603; x_wconf 86' lang='grc' dir='ltr'>κακόν</span> <span class='ocrx_word' id='word_1_463' title='bbox 3651 549 3889 623; x_wconf 76' lang='grc' dir='ltr'>ἐπίσχω-</span> 
     </span>
    </p>
   </div>
   <div class='ocr_carea' id='block_1_66' title="bbox 2283 637 3886 722">
    <p class='ocr_par' dir='ltr' id='par_1_66' title="bbox 2283 637 3886 722">
     <span class='ocr_line' id='line_1_67' title="bbox 2283 637 3886 722; baseline -0.004 -23"><span class='ocrx_word' id='word_1_464' title='bbox 2283 666 2395 720; x_wconf 89' lang='grc' dir='ltr'>μεν,</span> <span class='ocrx_word' id='word_1_465' title='bbox 2424 650 2516 705; x_wconf 76' lang='grc' dir='ltr'><strong>τήν</strong></span> <span class='ocrx_word' id='word_1_466' title='bbox 2549 646 2709 722; x_wconf 83' lang='grc' dir='ltr'>ὀργὴν</span> <span class='ocrx_word' id='word_1_467' title='bbox 2754 646 2900 717; x_wconf 76' lang='grc' dir='ltr'>πάσῃ</span> <span class='ocrx_word' id='word_1_468' title='bbox 2951 648 3169 716; x_wconf 78' lang='grc' dir='ltr'><strong>μηχανῇ</strong></span> <span class='ocrx_word' id='word_1_469' title='bbox 3224 648 3322 692; x_wconf 85' lang='grc' dir='ltr'>τῶν</span> <span class='ocrx_word' id='word_1_470' title='bbox 3374 637 3567 711; x_wconf 76' lang='grc' dir='ltr'>ψυχῶν</span> <span class='ocrx_word' id='word_1_471' title='bbox 3621 637 3886 701; x_wconf 80' lang='grc' dir='ltr'><strong>ἐξελόντες.</strong></span> 
     </span>
    </p>
   </div>
   <div class='ocr_carea' id='block_1_67' title="bbox 2284 728 3886 810">
    <p class='ocr_par' dir='ltr' id='par_1_67' title="bbox 2284 728 3886 810">
     <span class='ocr_line' id='line_1_68' title="bbox 2284 728 3886 810; baseline -0.007 -22"><span class='ocrx_word' id='word_1_472' title='bbox 2284 736 2436 788; x_wconf 76' lang='grc' dir='ltr'>Οὕτω</span> <span class='ocrx_word' id='word_1_473' title='bbox 2490 736 2592 810; x_wconf 81' lang='grc' dir='ltr'><strong>γὰρ</strong></span> <span class='ocrx_word' id='word_1_474' title='bbox 2642 733 2702 787; x_wconf 81' lang='grc' dir='ltr'>ἂν</span> <span class='ocrx_word' id='word_1_475' title='bbox 2762 730 3068 804; x_wconf 85' lang='grc' dir='ltr'>δυνηθείμεν</span> <span class='ocrx_word' id='word_1_476' title='bbox 3130 732 3195 783; x_wconf 89' lang='grc' dir='ltr'><strong>τά</strong></span> <span class='ocrx_word' id='word_1_477' title='bbox 3245 728 3463 782; x_wconf 83' lang='grc' dir='ltr'>πλεῖστα</span> <span class='ocrx_word' id='word_1_478' title='bbox 3518 735 3616 780; x_wconf 88' lang='grc' dir='ltr'>τῶν</span> <span class='ocrx_word' id='word_1_479' title='bbox 3688 735 3886 794; x_wconf 86' lang='grc' dir='ltr'>κακῶν,</span> 
     </span>
    </p>
   </div>
   <div class='ocr_carea' id='block_1_68' title="bbox 2283 818 3889 899">
    <p class='ocr_par' dir='ltr' id='par_1_68' title="bbox 2283 818 3889 899">
     <span class='ocr_line' id='line_1_69' title="bbox 2283 818 3889 899; baseline -0.005 -24"><span class='ocrx_word' id='word_1_480' title='bbox 2283 825 2457 899; x_wconf 81' lang='grc' dir='ltr'>ὥσπερ</span> <span class='ocrx_word' id='word_1_481' title='bbox 2486 824 2608 898; x_wconf 74' lang='grc' dir='ltr'>ῥίζῃ</span> <span class='ocrx_word' id='word_1_482' title='bbox 2644 826 2746 875; x_wconf 78' lang='grc' dir='ltr'>τινὶ</span> <span class='ocrx_word' id='word_1_483' title='bbox 2779 827 2869 875; x_wconf 86' lang='grc' dir='ltr'>καὶ</span> <span class='ocrx_word' id='word_1_484' title='bbox 2898 820 3066 896; x_wconf 73' lang='grc' dir='ltr'>ἀρχῇ,</span> <span class='ocrx_word' id='word_1_485' title='bbox 3097 826 3168 890; x_wconf 86' lang='grc' dir='ltr'><strong>τῷ</strong></span> <span class='ocrx_word' id='word_1_486' title='bbox 3215 819 3371 870; x_wconf 80' lang='grc' dir='ltr'><strong>πάθει</strong></span> <span class='ocrx_word' id='word_1_487' title='bbox 3424 818 3588 887; x_wconf 85' lang='grc' dir='ltr'>τούτῳ</span> <span class='ocrx_word' id='word_1_488' title='bbox 3639 834 3889 869; x_wconf 88' lang='grc' dir='ltr'>συνεκτε-</span> 
     </span>
    </p>
   </div>
   <div class='ocr_carea' id='block_1_69' title="bbox 2281 905 3889 988">
    <p class='ocr_par' dir='ltr' id='par_1_69' title="bbox 2281 905 3889 988">
     <span class='ocr_line' id='line_1_70' title="bbox 2281 905 3889 988; baseline -0.006 -22"><span class='ocrx_word' id='word_1_489' title='bbox 2281 921 2415 986; x_wconf 83' lang='grc' dir='ltr'>μεῖν.</span> <span class='ocrx_word' id='word_1_490' title='bbox 2450 909 2787 988; x_wconf 83' lang='grc' dir='ltr'>Ἐλοιδόρησε</span> <span class='ocrx_word' id='word_1_491' title='bbox 2818 928 2831 979; x_wconf 87' lang='grc'><strong>;</strong></span> <span class='ocrx_word' id='word_1_492' title='bbox 2868 915 2933 963; x_wconf 83' lang='grc' dir='ltr'><strong>σύ</strong></span> <span class='ocrx_word' id='word_1_493' title='bbox 2965 906 3025 963; x_wconf 75' lang='grc' dir='ltr'><strong>δε</strong></span> <span class='ocrx_word' id='word_1_494' title='bbox 3054 908 3357 980; x_wconf 73' lang='grc' dir='ltr'>εύλόγησον.</span> <span class='ocrx_word' id='word_1_495' title='bbox 3418 905 3710 963; x_wconf 84' lang='grc' dir='ltr'>Ἐτύπτησε</span> <span class='ocrx_word' id='word_1_496' title='bbox 3739 921 3753 972; x_wconf 87' lang='lat'><strong>;</strong></span> <span class='ocrx_word' id='word_1_497' title='bbox 3818 908 3889 957; x_wconf 79' lang='grc' dir='ltr'><strong><em>σύ</em></strong></span> 
     </span>
    </p>
   </div>
   <div class='ocr_carea' id='block_1_70' title="bbox 2284 991 3887 1073">
    <p class='ocr_par' dir='ltr' id='par_1_70' title="bbox 2284 991 3887 1073">
     <span class='ocr_line' id='line_1_71' title="bbox 2284 991 3887 1073; baseline -0.006 -18"><span class='ocrx_word' id='word_1_498' title='bbox 2284 998 2344 1055; x_wconf 66' lang='grc' dir='ltr'>δὲ</span> <span class='ocrx_word' id='word_1_499' title='bbox 2373 1003 2665 1073; x_wconf 75' lang='grc' dir='ltr'>ὑπόμεινον.</span> <span class='ocrx_word' id='word_1_500' title='bbox 2694 1002 2939 1054; x_wconf 85' lang='grc' dir='ltr'>Διαπτύει</span> <span class='ocrx_word' id='word_1_501' title='bbox 2979 1003 3069 1051; x_wconf 86' lang='grc' dir='ltr'>καὶ</span> <span class='ocrx_word' id='word_1_502' title='bbox 3101 1000 3157 1050; x_wconf 90' lang='grc' dir='ltr'>τὸ</span> <span class='ocrx_word' id='word_1_503' title='bbox 3189 991 3356 1070; x_wconf 71' lang='grc' dir='ltr'>μηδὲν</span> <span class='ocrx_word' id='word_1_504' title='bbox 3386 996 3592 1066; x_wconf 73' lang='grc' dir='ltr'>ἡγεῖταί</span> <span class='ocrx_word' id='word_1_505' title='bbox 3650 1012 3709 1046; x_wconf 89' lang='grc' dir='ltr'><strong>σε</strong></span> <span class='ocrx_word' id='word_1_506' title='bbox 3739 1010 3755 1062; x_wconf 83' lang='lat'><strong>;</strong></span> <span class='ocrx_word' id='word_1_507' title='bbox 3817 996 3887 1046; x_wconf 80' lang='grc' dir='ltr'>σὺ</span> 
     </span>
    </p>
   </div>
   <div class='ocr_carea' id='block_1_71' title="bbox 2284 1084 3885 1157">
    <p class='ocr_par' dir='ltr' id='par_1_71' title="bbox 2284 1084 3885 1157">
     <span class='ocr_line' id='line_1_72' title="bbox 2284 1084 3885 1157; baseline -0.002 -14"><span class='ocrx_word' id='word_1_508' title='bbox 2284 1087 2343 1143; x_wconf 68' lang='grc' dir='ltr'><strong>δε</strong></span> <span class='ocrx_word' id='word_1_509' title='bbox 2372 1093 2564 1143; x_wconf 82' lang='grc' dir='ltr'>ἔννοιαν</span> <span class='ocrx_word' id='word_1_510' title='bbox 2593 1090 2716 1143; x_wconf 81' lang='grc' dir='ltr'>λάϐε</span> <span class='ocrx_word' id='word_1_511' title='bbox 2760 1095 2999 1156; x_wconf 80' lang='grc' dir='ltr'>σεαυτοῦ,</span> <span class='ocrx_word' id='word_1_512' title='bbox 3052 1088 3130 1140; x_wconf 86' lang='grc' dir='ltr'>ὅτι</span> <span class='ocrx_word' id='word_1_513' title='bbox 3186 1084 3242 1138; x_wconf 73' lang='grc' dir='ltr'>ἐκ</span> <span class='ocrx_word' id='word_1_514' title='bbox 3288 1092 3385 1157; x_wconf 82' lang='grc' dir='ltr'>γῆς</span> <span class='ocrx_word' id='word_1_515' title='bbox 3436 1085 3727 1157; x_wconf 76' lang='grc' dir='ltr'>ὑφέστηκας</span> <span class='ocrx_word' id='word_1_516' title='bbox 3779 1085 3885 1155; x_wconf 86' lang='grc'><strong>(6),</strong></span> 
     </span>
    </p>
   </div>
   <div class='ocr_carea' id='block_1_72' title="bbox 2281 1173 3889 1252">
    <p class='ocr_par' dir='ltr' id='par_1_72' title="bbox 2281 1173 3889 1252">
     <span class='ocr_line' id='line_1_73' title="bbox 2281 1173 3889 1252; baseline -0.006 -19"><span class='ocrx_word' id='word_1_517' title='bbox 2281 1185 2371 1233; x_wconf 81' lang='grc' dir='ltr'><strong>καὶ</strong></span> <span class='ocrx_word' id='word_1_518' title='bbox 2414 1179 2482 1240; x_wconf 82' lang='grc' dir='ltr'><strong>εἰς</strong></span> <span class='ocrx_word' id='word_1_519' title='bbox 2504 1187 2604 1252; x_wconf 78' lang='grc' dir='ltr'>γῆν</span> <span class='ocrx_word' id='word_1_520' title='bbox 2660 1178 2813 1233; x_wconf 87' lang='grc' dir='ltr'>πάλιν</span> <span class='ocrx_word' id='word_1_521' title='bbox 2873 1176 3202 1249; x_wconf 75' lang='grc' dir='ltr'>ἀναλυθήσῃ,</span> <span class='ocrx_word' id='word_1_522' title='bbox 3259 1173 3320 1227; x_wconf 85' lang='grc' dir='ltr'>Ὀ</span> <span class='ocrx_word' id='word_1_523' title='bbox 3371 1174 3473 1248; x_wconf 81' lang='grc' dir='ltr'><strong>γὰρ</strong></span> <span class='ocrx_word' id='word_1_524' title='bbox 3525 1174 3721 1233; x_wconf 83' lang='grc' dir='ltr'>τούτοις</span> <span class='ocrx_word' id='word_1_525' title='bbox 3779 1179 3889 1232; x_wconf 86' lang='grc' dir='ltr'>τοῖς</span> 
     </span>
    </p>
   </div>
   <div class='ocr_carea' id='block_1_73' title="bbox 2281 1259 3890 1342">
    <p class='ocr_par' dir='ltr' id='par_1_73' title="bbox 2281 1259 3890 1342">
     <span class='ocr_line' id='line_1_74' title="bbox 2281 1259 3890 1342; baseline -0.005 -21"><span class='ocrx_word' id='word_1_526' title='bbox 2281 1268 2451 1341; x_wconf 93' lang='grc' dir='ltr'>λόγοις</span> <span class='ocrx_word' id='word_1_527' title='bbox 2482 1268 2661 1321; x_wconf 81' lang='grc' dir='ltr'>ἑαυτὸν</span> <span class='ocrx_word' id='word_1_528' title='bbox 2708 1270 3098 1342; x_wconf 80' lang='grc' dir='ltr'>προκατασχὼν</span> <span class='ocrx_word' id='word_1_529' title='bbox 3148 1269 3325 1317; x_wconf 85' lang='grc' dir='ltr'>πᾶσαν</span> <span class='ocrx_word' id='word_1_530' title='bbox 3375 1259 3591 1334; x_wconf 77' lang='grc' dir='ltr'>ἀτιμίαν</span> <span class='ocrx_word' id='word_1_531' title='bbox 3638 1259 3890 1313; x_wconf 78' lang='grc' dir='ltr'>ἐλάττονα</span> 
     </span>
    </p>
   </div>
   <div class='ocr_carea' id='block_1_74' title="bbox 2282 1347 3887 1432">
    <p class='ocr_par' dir='ltr' id='par_1_74' title="bbox 2282 1347 3887 1432">
     <span class='ocr_line' id='line_1_75' title="bbox 2282 1347 3887 1432; baseline -0.006 -22"><span class='ocrx_word' id='word_1_532' title='bbox 2282 1359 2493 1432; x_wconf 75' lang='grc' dir='ltr'><strong>εὑρήσει</strong></span> <span class='ocrx_word' id='word_1_533' title='bbox 2521 1364 2614 1417; x_wconf 82' lang='grc' dir='ltr'>τῆς</span> <span class='ocrx_word' id='word_1_534' title='bbox 2639 1355 2896 1417; x_wconf 86' lang='grc' dir='ltr'>ἀληθείας,</span> <span class='ocrx_word' id='word_1_535' title='bbox 2949 1354 3101 1407; x_wconf 84' lang='grc' dir='ltr'>Οὖτω</span> <span class='ocrx_word' id='word_1_536' title='bbox 3154 1354 3257 1426; x_wconf 79' lang='grc' dir='ltr'><strong>γὰρ</strong></span> <span class='ocrx_word' id='word_1_537' title='bbox 3287 1355 3377 1404; x_wconf 81' lang='grc' dir='ltr'>καὶ</span> <span class='ocrx_word' id='word_1_538' title='bbox 3405 1358 3475 1422; x_wconf 90' lang='grc' dir='ltr'><strong>τῷ</strong></span> <span class='ocrx_word' id='word_1_539' title='bbox 3506 1348 3683 1425; x_wconf 77' lang='grc' dir='ltr'>ἐχθρῷ</span> <span class='ocrx_word' id='word_1_540' title='bbox 3738 1347 3887 1422; x_wconf 82' lang='grc' dir='ltr'>ἀμή-</span> 
     </span>
    </p>
   </div>
   <div class='ocr_carea' id='block_1_75' title="bbox 2280 1438 3886 1519">
    <p class='ocr_par' dir='ltr' id='par_1_75' title="bbox 2280 1438 3886 1519">
     <span class='ocr_line' id='line_1_76' title="bbox 2280 1438 3886 1519; baseline -0.006 -20"><span class='ocrx_word' id='word_1_541' title='bbox 2280 1465 2445 1519; x_wconf 84' lang='grc' dir='ltr'>χανον</span> <span class='ocrx_word' id='word_1_542' title='bbox 2497 1446 2908 1505; x_wconf 81' lang='grc' dir='ltr'>κατασκευάσεις</span> <span class='ocrx_word' id='word_1_543' title='bbox 2962 1446 3056 1502; x_wconf 83' lang='grc' dir='ltr'><strong>τήν</strong></span> <span class='ocrx_word' id='word_1_544' title='bbox 3122 1438 3343 1515; x_wconf 77' lang='grc' dir='ltr'>ἄμυναν,</span> <span class='ocrx_word' id='word_1_545' title='bbox 3389 1441 3613 1514; x_wconf 80' lang='grc' dir='ltr'>ἄτρωτον</span> <span class='ocrx_word' id='word_1_546' title='bbox 3668 1441 3886 1492; x_wconf 87' lang='grc' dir='ltr'>σεαυτὸν</span> 
     </span>
    </p>
   </div>
   <div class='ocr_carea' id='block_1_76' title="bbox 2282 1530 3886 1610">
    <p class='ocr_par' dir='ltr' id='par_1_76' title="bbox 2282 1530 3886 1610">
     <span class='ocr_line' id='line_1_77' title="bbox 2282 1530 3886 1610; baseline -0.006 -22"><span class='ocrx_word' id='word_1_547' title='bbox 2282 1543 2395 1597; x_wconf 86' lang='grc' dir='ltr'>ταῖς</span> <span class='ocrx_word' id='word_1_548' title='bbox 2444 1530 2732 1610; x_wconf 72' lang='grc' dir='ltr'>λοιδορίαις</span> <span class='ocrx_word' id='word_1_549' title='bbox 2790 1530 2993 1593; x_wconf 85' lang='grc' dir='ltr'>δεικνύς</span> <span class='ocrx_word' id='word_1_550' title='bbox 3023 1552 3037 1566; x_wconf 76' lang='grc' dir='ltr'><strong>ο</strong></span> <span class='ocrx_word' id='word_1_551' title='bbox 3114 1535 3204 1584; x_wconf 83' lang='grc' dir='ltr'>καὶ</span> <span class='ocrx_word' id='word_1_552' title='bbox 3277 1537 3479 1601; x_wconf 79' lang='grc' dir='ltr'>σεαυτῷ</span> <span class='ocrx_word' id='word_1_553' title='bbox 3553 1532 3716 1602; x_wconf 75' lang='grc' dir='ltr'>μέγαν</span> <span class='ocrx_word' id='word_1_554' title='bbox 3789 1536 3886 1589; x_wconf 77' lang='grc' dir='ltr'>τῆς</span> 
     </span>
    </p>
   </div>
   <div class='ocr_carea' id='block_1_77' title="bbox 2284 1617 3887 1699">
    <p class='ocr_par' dir='ltr' id='par_1_77' title="bbox 2284 1617 3887 1699">
     <span class='ocr_line' id='line_1_78' title="bbox 2284 1617 3887 1699; baseline -0.006 -22"><span class='ocrx_word' id='word_1_555' title='bbox 2284 1625 2545 1697; x_wconf 78' lang='grc' dir='ltr'>ὑπομονῆς</span> <span class='ocrx_word' id='word_1_556' title='bbox 2582 1622 2913 1699; x_wconf 83' lang='grc' dir='ltr'>προξενήσεις</span> <span class='ocrx_word' id='word_1_557' title='bbox 2952 1624 3037 1674; x_wconf 86' lang='grc' dir='ltr'><strong>τόν</strong></span> <span class='ocrx_word' id='word_1_558' title='bbox 3092 1623 3358 1693; x_wconf 73' lang='grc' dir='ltr'>στέφανον,</span> <span class='ocrx_word' id='word_1_559' title='bbox 3406 1621 3499 1677; x_wconf 77' lang='grc' dir='ltr'><strong>τήν</strong></span> <span class='ocrx_word' id='word_1_560' title='bbox 3552 1617 3721 1693; x_wconf 81' lang='grc' dir='ltr'>ἐτέρου</span> <span class='ocrx_word' id='word_1_561' title='bbox 3773 1637 3887 1690; x_wconf 87' lang='grc' dir='ltr'>μα-</span> 
     </span>
    </p>
   </div>
   <div class='ocr_carea' id='block_1_78' title="bbox 2285 1706 3885 1789">
    <p class='ocr_par' dir='ltr' id='par_1_78' title="bbox 2285 1706 3885 1789">
     <span class='ocr_line' id='line_1_79' title="bbox 2285 1706 3885 1789; baseline -0.004 -23"><span class='ocrx_word' id='word_1_562' title='bbox 2285 1719 2397 1766; x_wconf 86' lang='grc' dir='ltr'>νίαν</span> <span class='ocrx_word' id='word_1_563' title='bbox 2456 1711 2691 1789; x_wconf 76' lang='grc' dir='ltr'>ἀφορμήν</span> <span class='ocrx_word' id='word_1_564' title='bbox 2745 1711 2934 1772; x_wconf 85' lang='grc' dir='ltr'>οἰκείας</span> <span class='ocrx_word' id='word_1_565' title='bbox 2982 1709 3286 1783; x_wconf 71' lang='grc' dir='ltr'>φιλοσοφίας</span> <span class='ocrx_word' id='word_1_566' title='bbox 3327 1710 3647 1781; x_wconf 86' lang='grc' dir='ltr'>ποιούμενος.</span> <span class='ocrx_word' id='word_1_567' title='bbox 3700 1706 3885 1778; x_wconf 63' lang='lat' dir='ltr'><strong>&quot;ﬂata,</strong></span> 
     </span>
    </p>
   </div>
   <div class='ocr_carea' id='block_1_79' title="bbox 2287 1795 3882 1876">
    <p class='ocr_par' dir='ltr' id='par_1_79' title="bbox 2287 1795 3882 1876">
     <span class='ocr_line' id='line_1_80' title="bbox 2287 1795 3882 1876; baseline -0.005 -20"><span class='ocrx_word' id='word_1_568' title='bbox 2287 1802 2347 1855; x_wconf 75' lang='grc' dir='ltr'><strong>διν</strong></span> <span class='ocrx_word' id='word_1_569' title='bbox 2379 1801 2492 1876; x_wconf 85' lang='grc' dir='ltr'>ἐμοὶ</span> <span class='ocrx_word' id='word_1_570' title='bbox 2520 1804 2695 1875; x_wconf 67' lang='grc' dir='ltr'>πείθῃ,</span> <span class='ocrx_word' id='word_1_571' title='bbox 2728 1806 2818 1854; x_wconf 85' lang='grc' dir='ltr'>καὶ</span> <span class='ocrx_word' id='word_1_572' title='bbox 2871 1796 3253 1872; x_wconf 72' lang='grc' dir='ltr'>ἐπιδαψιλεύσῃ</span> <span class='ocrx_word' id='word_1_573' title='bbox 3286 1805 3386 1850; x_wconf 88' lang='grc' dir='ltr'>τῶν</span> <span class='ocrx_word' id='word_1_574' title='bbox 3417 1795 3630 1872; x_wconf 75' lang='grc' dir='ltr'>ὕϐρεων.</span> <span class='ocrx_word' id='word_1_575' title='bbox 3686 1795 3882 1869; x_wconf 75' lang='grc' dir='ltr'><strong>Ἀφανῆ</strong></span> 
     </span>
    </p>
   </div>
   <div class='ocr_carea' id='block_1_80' title="bbox 2290 1881 3888 1961">
    <p class='ocr_par' dir='ltr' id='par_1_80' title="bbox 2290 1881 3888 1961">
     <span class='ocr_line' id='line_1_81' title="bbox 2290 1881 3888 1961; baseline -0.006 -16"><span class='ocrx_word' id='word_1_576' title='bbox 2290 1912 2348 1945; x_wconf 93' lang='grc' dir='ltr'><strong>σε</strong></span> <span class='ocrx_word' id='word_1_577' title='bbox 2377 1889 2503 1959; x_wconf 84' lang='grc' dir='ltr'>εἶπε;</span> <span class='ocrx_word' id='word_1_578' title='bbox 2535 1895 2626 1943; x_wconf 80' lang='grc' dir='ltr'>καὶ</span> <span class='ocrx_word' id='word_1_579' title='bbox 2654 1887 2864 1957; x_wconf 80' lang='grc' dir='ltr'>ἄδοξον,</span> <span class='ocrx_word' id='word_1_580' title='bbox 2897 1894 2988 1941; x_wconf 89' lang='grc' dir='ltr'>καὶ</span> <span class='ocrx_word' id='word_1_581' title='bbox 3034 1884 3239 1961; x_wconf 82' lang='grc' dir='ltr'>μηδένα</span> <span class='ocrx_word' id='word_1_582' title='bbox 3287 1882 3594 1959; x_wconf 74' lang='grc' dir='ltr'>μηδαμόθεν</span> <span class='ocrx_word' id='word_1_583' title='bbox 3627 1901 3641 1952; x_wconf 90' lang='grc'><strong>;</strong></span> <span class='ocrx_word' id='word_1_584' title='bbox 3703 1887 3768 1937; x_wconf 85' lang='grc' dir='ltr'><strong>σύ</strong></span> <span class='ocrx_word' id='word_1_585' title='bbox 3823 1881 3888 1937; x_wconf 65' lang='grc' dir='ltr'>δε</span> 
     </span>
    </p>
   </div>
   <div class='ocr_carea' id='block_1_81' title="bbox 2284 1973 3887 2053">
    <p class='ocr_par' dir='ltr' id='par_1_81' title="bbox 2284 1973 3887 2053">
     <span class='ocr_line' id='line_1_82' title="bbox 2284 1973 3887 2053; baseline -0.006 -19"><span class='ocrx_word' id='word_1_586' title='bbox 2284 1988 2383 2053; x_wconf 79' lang='grc' dir='ltr'>γῆν</span> <span class='ocrx_word' id='word_1_587' title='bbox 2410 1980 2516 2034; x_wconf 76' lang='grc' dir='ltr'><strong>εἰπέ</strong></span> <span class='ocrx_word' id='word_1_588' title='bbox 2544 1985 2634 2032; x_wconf 83' lang='grc' dir='ltr'>καὶ</span> <span class='ocrx_word' id='word_1_589' title='bbox 2666 1975 2863 2032; x_wconf 87' lang='grc' dir='ltr'>σποδὸν</span> <span class='ocrx_word' id='word_1_590' title='bbox 2897 1982 3134 2031; x_wconf 87' lang='grc' dir='ltr'>σεαυτόν.</span> <span class='ocrx_word' id='word_1_591' title='bbox 3191 1974 3302 2028; x_wconf 80' lang='grc' dir='ltr'><strong>Ούκ</strong></span> <span class='ocrx_word' id='word_1_592' title='bbox 3358 1973 3403 2028; x_wconf 83' lang='grc' dir='ltr'>εἶ</span> <span class='ocrx_word' id='word_1_593' title='bbox 3456 1977 3754 2049; x_wconf 82' lang='grc' dir='ltr'>σεμνότερος</span> <span class='ocrx_word' id='word_1_594' title='bbox 3790 1980 3887 2025; x_wconf 90' lang='grc' dir='ltr'><strong>τοῦ</strong></span> 
     </span>
    </p>
   </div>
   <div class='ocr_carea' id='block_1_82' title="bbox 2284 2061 3884 2145">
    <p class='ocr_par' dir='ltr' id='par_1_82' title="bbox 2284 2061 3884 2145">
     <span class='ocr_line' id='line_1_83' title="bbox 2284 2061 3884 2145; baseline -0.004 -22"><span class='ocrx_word' id='word_1_595' title='bbox 2284 2064 2475 2145; x_wconf 83' lang='grc' dir='ltr'>πατρὸς</span> <span class='ocrx_word' id='word_1_596' title='bbox 2527 2070 2672 2142; x_wconf 74' lang='grc' dir='ltr'>ἡμῶν</span> <span class='ocrx_word' id='word_1_597' title='bbox 2745 2066 3004 2143; x_wconf 77' lang='grc' dir='ltr'>Ἀϐραὰμ,</span> <span class='ocrx_word' id='word_1_598' title='bbox 3058 2065 3111 2127; x_wconf 88' lang='grc' dir='ltr'>ὃς</span> <span class='ocrx_word' id='word_1_599' title='bbox 3164 2063 3343 2117; x_wconf 77' lang='grc' dir='ltr'>ἑαυτὸν</span> <span class='ocrx_word' id='word_1_600' title='bbox 3395 2071 3563 2116; x_wconf 85' lang='grc' dir='ltr'>ταῦτα</span> <span class='ocrx_word' id='word_1_601' title='bbox 3618 2061 3884 2117; x_wconf 87' lang='grc' dir='ltr'>ἀπεκάλει.</span> 
     </span>
    </p>
   </div>
   <div class='ocr_carea' id='block_1_83' title="bbox 2286 2148 3887 2233">
    <p class='ocr_par' dir='ltr' id='par_1_83' title="bbox 2286 2148 3887 2233">
     <span class='ocr_line' id='line_1_84' title="bbox 2286 2148 3887 2233; baseline -0.006 -19"><span class='ocrx_word' id='word_1_602' title='bbox 2286 2159 2489 2233; x_wconf 85' lang='grc' dir='ltr'>Ἀμαθῆ</span> <span class='ocrx_word' id='word_1_603' title='bbox 2524 2164 2613 2212; x_wconf 82' lang='grc' dir='ltr'>καὶ</span> <span class='ocrx_word' id='word_1_604' title='bbox 2643 2161 2859 2231; x_wconf 87' lang='grc' dir='ltr'>πτωχόν</span> <span class='ocrx_word' id='word_1_605' title='bbox 2884 2162 2975 2210; x_wconf 85' lang='grc' dir='ltr'>καὶ</span> <span class='ocrx_word' id='word_1_606' title='bbox 3018 2164 3109 2209; x_wconf 86' lang='grc' dir='ltr'><strong>τοῦ</strong></span> <span class='ocrx_word' id='word_1_607' title='bbox 3161 2151 3382 2229; x_wconf 85' lang='grc' dir='ltr'>μηδενὸς</span> <span class='ocrx_word' id='word_1_608' title='bbox 3435 2153 3625 2221; x_wconf 56' lang='lat' dir='ltr'><strong>aliter;</strong></span> <span class='ocrx_word' id='word_1_609' title='bbox 3696 2156 3762 2205; x_wconf 76' lang='grc' dir='ltr'>σὺ</span> <span class='ocrx_word' id='word_1_610' title='bbox 3825 2148 3887 2205; x_wconf 83' lang='grc' dir='ltr'><strong>δέ</strong></span> 
     </span>
    </p>
   </div>
   <div class='ocr_carea' id='block_1_84' title="bbox 2288 2239 3885 2319">
    <p class='ocr_par' dir='ltr' id='par_1_84' title="bbox 2288 2239 3885 2319">
     <span class='ocr_line' id='line_1_85' title="bbox 2288 2239 3885 2319; baseline -0.005 -18"><span class='ocrx_word' id='word_1_611' title='bbox 2288 2248 2536 2306; x_wconf 78' lang='grc' dir='ltr'>σκώληκα</span> <span class='ocrx_word' id='word_1_612' title='bbox 2585 2249 2799 2300; x_wconf 87' lang='grc' dir='ltr'>σεαυτόν</span> <span class='ocrx_word' id='word_1_613' title='bbox 2857 2246 2984 2313; x_wconf 69' lang='grc' dir='ltr'>εἰπε,</span> <span class='ocrx_word' id='word_1_614' title='bbox 3036 2249 3126 2298; x_wconf 80' lang='grc' dir='ltr'><strong>καὶ</strong></span> <span class='ocrx_word' id='word_1_615' title='bbox 3172 2239 3273 2296; x_wconf 84' lang='grc' dir='ltr'>ἀπὸ</span> <span class='ocrx_word' id='word_1_616' title='bbox 3326 2248 3542 2319; x_wconf 86' lang='grc' dir='ltr'>κοπρίας</span> <span class='ocrx_word' id='word_1_617' title='bbox 3600 2244 3741 2314; x_wconf 81' lang='grc' dir='ltr'>ἔχειν</span> <span class='ocrx_word' id='word_1_618' title='bbox 3787 2244 3885 2299; x_wconf 78' lang='grc' dir='ltr'><strong>τήν</strong></span> 
     </span>
    </p>
   </div>
   <div class='ocr_carea' id='block_1_85' title="bbox 2282 2330 3886 2410">
    <p class='ocr_par' dir='ltr' id='par_1_85' title="bbox 2282 2330 3886 2410">
     <span class='ocr_line' id='line_1_86' title="bbox 2282 2330 3886 2410; baseline -0.006 -19"><span class='ocrx_word' id='word_1_619' title='bbox 2282 2342 2503 2410; x_wconf 83' lang='grc' dir='ltr'>γένεσιν,</span> <span class='ocrx_word' id='word_1_620' title='bbox 2534 2338 2603 2390; x_wconf 89' lang='grc' dir='ltr'><strong>τά</strong></span> <span class='ocrx_word' id='word_1_621' title='bbox 2628 2342 2719 2389; x_wconf 86' lang='grc' dir='ltr'><strong>τοῦ</strong></span> <span class='ocrx_word' id='word_1_622' title='bbox 2766 2330 2933 2388; x_wconf 75' lang='grc' dir='ltr'>Δαϐὶδ</span> <span class='ocrx_word' id='word_1_623' title='bbox 2975 2333 3134 2407; x_wconf 81' lang='grc' dir='ltr'>λέγων</span> <span class='ocrx_word' id='word_1_624' title='bbox 3162 2332 3391 2407; x_wconf 82' lang='grc' dir='ltr'>ῥήματα.</span> <span class='ocrx_word' id='word_1_625' title='bbox 3443 2333 3655 2391; x_wconf 80' lang='grc' dir='ltr'>Τούτοις</span> <span class='ocrx_word' id='word_1_626' title='bbox 3707 2334 3886 2406; x_wconf 88' lang='grc' dir='ltr'>πρόσ-</span> 
     </span>
    </p>
   </div>
   <div class='ocr_carea' id='block_1_86' title="bbox 2287 2417 3885 2494">
    <p class='ocr_par' dir='ltr' id='par_1_86' title="bbox 2287 2417 3885 2494">
     <span class='ocr_line' id='line_1_87' title="bbox 2287 2417 3885 2494; baseline -0.005 -16"><span class='ocrx_word' id='word_1_627' title='bbox 2287 2427 2364 2487; x_wconf 88' lang='grc' dir='ltr'><strong>θες</strong></span> <span class='ocrx_word' id='word_1_628' title='bbox 2391 2430 2482 2478; x_wconf 84' lang='grc' dir='ltr'>καὶ</span> <span class='ocrx_word' id='word_1_629' title='bbox 2508 2428 2566 2478; x_wconf 88' lang='grc' dir='ltr'>τὸ</span> <span class='ocrx_word' id='word_1_630' title='bbox 2593 2431 2684 2478; x_wconf 86' lang='grc' dir='ltr'><strong>τοῦ</strong></span> <span class='ocrx_word' id='word_1_631' title='bbox 2714 2426 2983 2483; x_wconf 81' lang='grc' dir='ltr'>Μωῦσέως</span> <span class='ocrx_word' id='word_1_632' title='bbox 3011 2420 3185 2475; x_wconf 87' lang='grc' dir='ltr'>καλόν.</span> <span class='ocrx_word' id='word_1_633' title='bbox 3240 2419 3478 2487; x_wconf 83' lang='grc' dir='ltr'>Ἐκεῖνος,</span> <span class='ocrx_word' id='word_1_634' title='bbox 3529 2419 3629 2471; x_wconf 74' lang='grc' dir='ltr'>ὑπὸ</span> <span class='ocrx_word' id='word_1_635' title='bbox 3683 2417 3885 2494; x_wconf 84' lang='grc' dir='ltr'>Ἀαρὼν</span> 
     </span>
    </p>
   </div>
   <div class='ocr_carea' id='block_1_87' title="bbox 2283 2500 3888 2589">
    <p class='ocr_par' dir='ltr' id='par_1_87' title="bbox 2283 2500 3888 2589">
     <span class='ocr_line' id='line_1_88' title="bbox 2283 2500 3888 2589; baseline -0.006 -22"><span class='ocrx_word' id='word_1_636' title='bbox 2283 2519 2373 2567; x_wconf 86' lang='grc' dir='ltr'>καὶ</span> <span class='ocrx_word' id='word_1_637' title='bbox 2417 2518 2622 2589; x_wconf 86' lang='grc' dir='ltr'>Μαρίας</span> <span class='ocrx_word' id='word_1_638' title='bbox 2645 2509 2989 2588; x_wconf 85' lang='grc' dir='ltr'>λοιδορηθεὶς,</span> <span class='ocrx_word' id='word_1_639' title='bbox 3023 2510 3081 2563; x_wconf 78' lang='grc' dir='ltr'><strong>ού</strong></span> <span class='ocrx_word' id='word_1_640' title='bbox 3112 2500 3422 2580; x_wconf 84' lang='grc' dir='ltr'>κατενέτυχε</span> <span class='ocrx_word' id='word_1_641' title='bbox 3450 2515 3523 2579; x_wconf 87' lang='grc' dir='ltr'><strong>τῷ</strong></span> <span class='ocrx_word' id='word_1_642' title='bbox 3563 2514 3696 2579; x_wconf 85' lang='grc' dir='ltr'>Θεῷ,</span> <span class='ocrx_word' id='word_1_643' title='bbox 3754 2504 3888 2559; x_wconf 80' lang='grc' dir='ltr'><strong>ἀλλά</strong></span> 
     </span>
    </p>
   </div>
   <div class='ocr_carea' id='block_1_88' title="bbox 2282 2591 3887 2679">
    <p class='ocr_par' dir='ltr' id='par_1_88' title="bbox 2282 2591 3887 2679">
     <span class='ocr_line' id='line_1_89' title="bbox 2282 2591 3887 2679; baseline -0.005 -24"><span class='ocrx_word' id='word_1_644' title='bbox 2282 2605 2619 2679; x_wconf 83' lang='grc' dir='ltr'>προσηύχετο</span> <span class='ocrx_word' id='word_1_645' title='bbox 2649 2602 2776 2676; x_wconf 72' lang='grc' dir='ltr'>ύπερ</span> <span class='ocrx_word' id='word_1_646' title='bbox 2809 2600 2996 2654; x_wconf 71' lang='grc' dir='ltr'>αὐτῶν.</span> <span class='ocrx_word' id='word_1_647' title='bbox 3050 2603 3211 2652; x_wconf 90' lang='grc' dir='ltr'>Τίνων</span> <span class='ocrx_word' id='word_1_648' title='bbox 3244 2595 3423 2671; x_wconf 81' lang='grc' dir='ltr'>βούλει</span> <span class='ocrx_word' id='word_1_649' title='bbox 3470 2597 3704 2669; x_wconf 83' lang='grc' dir='ltr'>μαθητής</span> <span class='ocrx_word' id='word_1_650' title='bbox 3754 2591 3887 2647; x_wconf 85' lang='grc' dir='ltr'>εἶναι</span> 
     </span>
    </p>
   </div>
   <div class='ocr_carea' id='block_1_89' title="bbox 2283 2682 3885 2766">
    <p class='ocr_par' dir='ltr' id='par_1_89' title="bbox 2283 2682 3885 2766">
     <span class='ocr_line' id='line_1_90' title="bbox 2283 2682 3885 2766; baseline -0.006 -21"><span class='ocrx_word' id='word_1_651' title='bbox 2283 2692 2492 2766; x_wconf 81' lang='grc' dir='ltr'>μᾶλλον,</span> <span class='ocrx_word' id='word_1_652' title='bbox 2525 2699 2623 2746; x_wconf 84' lang='grc' dir='ltr'>τῶν</span> <span class='ocrx_word' id='word_1_653' title='bbox 2657 2690 2898 2764; x_wconf 75' lang='grc' dir='ltr'>θεοφιλῶν</span> <span class='ocrx_word' id='word_1_654' title='bbox 2951 2693 3041 2742; x_wconf 79' lang='grc' dir='ltr'>καὶ</span> <span class='ocrx_word' id='word_1_655' title='bbox 3095 2692 3366 2764; x_wconf 86' lang='grc' dir='ltr'>μακαρίων</span> <span class='ocrx_word' id='word_1_656' title='bbox 3424 2682 3644 2762; x_wconf 83' lang='grc' dir='ltr'>ἀνδρῶν,</span> <span class='ocrx_word' id='word_1_657' title='bbox 3704 2685 3733 2744; x_wconf 77' lang='grc' dir='ltr'><strong><em>ἦ</em></strong></span> <span class='ocrx_word' id='word_1_658' title='bbox 3782 2692 3885 2738; x_wconf 83' lang='grc' dir='ltr'>τῶν</span> 
     </span>
    </p>
   </div>
   <div class='ocr_carea' id='block_1_90' title="bbox 2214 1668 2255 1723">
    <p class='ocr_par' dir='ltr' id='par_1_90' title="bbox 2214 1668 2255 1723">
     <span class='ocr_line' id='line_1_91' title="bbox 2214 1668 2255 1723; baseline 0 0"><span class='ocrx_word' id='word_1_659' title='bbox 2214 1668 2255 1723; x_wconf 86' lang='grc' dir='ltr'>Β</span> 
     </span>
    </p>
   </div>
   <div class='ocr_carea' id='block_1_91' title="bbox 2282 2773 3884 2853">
    <p class='ocr_par' dir='ltr' id='par_1_91' title="bbox 2282 2773 3884 2853">
     <span class='ocr_line' id='line_1_92' title="bbox 2282 2773 3884 2853; baseline -0.007 -18"><span class='ocrx_word' id='word_1_660' title='bbox 2282 2781 2382 2835; x_wconf 84' lang='grc' dir='ltr'>ὑπὸ</span> <span class='ocrx_word' id='word_1_661' title='bbox 2430 2788 2523 2835; x_wconf 87' lang='grc' dir='ltr'><strong>τοῦ</strong></span> <span class='ocrx_word' id='word_1_662' title='bbox 2573 2782 2857 2853; x_wconf 77' lang='grc' dir='ltr'>πνεύματος</span> <span class='ocrx_word' id='word_1_663' title='bbox 2928 2786 3018 2840; x_wconf 78' lang='grc' dir='ltr'>τῆς</span> <span class='ocrx_word' id='word_1_664' title='bbox 3102 2780 3353 2853; x_wconf 84' lang='grc' dir='ltr'>πονηρίας</span> <span class='ocrx_word' id='word_1_665' title='bbox 3426 2773 3884 2849; x_wconf 72' lang='grc' dir='ltr'>πεπληρωμένωνς</span> 
     </span>
    </p>
   </div>
   <div class='ocr_carea' id='block_1_92' title="bbox 2280 2862 3890 2942">
    <p class='ocr_par' dir='ltr' id='par_1_92' title="bbox 2280 2862 3890 2942">
     <span class='ocr_line' id='line_1_93' title="bbox 2280 2862 3890 2942; baseline -0.005 -19"><span class='ocrx_word' id='word_1_666' title='bbox 2280 2869 2441 2923; x_wconf 86' lang='grc' dir='ltr'>Ὀταν</span> <span class='ocrx_word' id='word_1_667' title='bbox 2493 2888 2578 2922; x_wconf 91' lang='grc' dir='ltr'><strong>σοι</strong></span> <span class='ocrx_word' id='word_1_668' title='bbox 2629 2870 2815 2941; x_wconf 79' lang='grc' dir='ltr'>κινηθῇ</span> <span class='ocrx_word' id='word_1_669' title='bbox 2870 2875 2960 2928; x_wconf 79' lang='grc' dir='ltr'>τῆς</span> <span class='ocrx_word' id='word_1_670' title='bbox 3005 2862 3270 2942; x_wconf 85' lang='grc' dir='ltr'>λοιδορίας</span> <span class='ocrx_word' id='word_1_671' title='bbox 3320 2866 3627 2940; x_wconf 84' lang='grc' dir='ltr'>πειρασμὸς,</span> <span class='ocrx_word' id='word_1_672' title='bbox 3690 2865 3890 2936; x_wconf 75' lang='grc' dir='ltr'>νόμιζα</span> 
     </span>
    </p>
   </div>
   <div class='ocr_carea' id='block_1_93' title="bbox 2282 2950 3887 3036">
    <p class='ocr_par' dir='ltr' id='par_1_93' title="bbox 2282 2950 3887 3036">
     <span class='ocr_line' id='line_1_94' title="bbox 2282 2950 3887 3036; baseline -0.007 -23"><span class='ocrx_word' id='word_1_673' title='bbox 2282 2960 2553 3036; x_wconf 89' lang='grc' dir='ltr'>κρίνεσθαι</span> <span class='ocrx_word' id='word_1_674' title='bbox 2636 2959 2870 3024; x_wconf 86' lang='grc' dir='ltr'>σεαυτόν,</span> <span class='ocrx_word' id='word_1_675' title='bbox 2940 2959 3154 3031; x_wconf 85' lang='grc' dir='ltr'>πότερον</span> <span class='ocrx_word' id='word_1_676' title='bbox 3236 2950 3332 3007; x_wconf 81' lang='grc' dir='ltr'>διὰ</span> <span class='ocrx_word' id='word_1_677' title='bbox 3378 2960 3469 3013; x_wconf 81' lang='grc' dir='ltr'>τῆς</span> <span class='ocrx_word' id='word_1_678' title='bbox 3519 2952 3887 3027; x_wconf 84' lang='grc' dir='ltr'>μακροθυμίας</span> 
     </span>
    </p>
   </div>
   <div class='ocr_carea' id='block_1_94' title="bbox 2280 3039 3887 3125">
    <p class='ocr_par' dir='ltr' id='par_1_94' title="bbox 2280 3039 3887 3125">
     <span class='ocr_line' id='line_1_95' title="bbox 2280 3039 3887 3125; baseline -0.006 -24"><span class='ocrx_word' id='word_1_679' title='bbox 2280 3054 2614 3125; x_wconf 84' lang='grc' dir='ltr'>προσχωρείς</span> <span class='ocrx_word' id='word_1_680' title='bbox 2637 3054 2709 3117; x_wconf 86' lang='grc' dir='ltr'><strong>τῷ</strong></span> <span class='ocrx_word' id='word_1_681' title='bbox 2736 3046 2817 3118; x_wconf 86' lang='lat'><strong>(7)</strong></span> <span class='ocrx_word' id='word_1_682' title='bbox 2871 3052 2984 3115; x_wconf 87' lang='grc' dir='ltr'>Θεῷ</span> <span class='ocrx_word' id='word_1_683' title='bbox 3014 3043 3044 3103; x_wconf 80' lang='grc' dir='ltr'>ἢ</span> <span class='ocrx_word' id='word_1_684' title='bbox 3080 3039 3176 3096; x_wconf 81' lang='grc' dir='ltr'><strong>διὰ</strong></span> <span class='ocrx_word' id='word_1_685' title='bbox 3223 3050 3313 3103; x_wconf 80' lang='grc' dir='ltr'>τῆς</span> <span class='ocrx_word' id='word_1_686' title='bbox 3366 3040 3523 3117; x_wconf 81' lang='grc' dir='ltr'>ὀργῆς</span> <span class='ocrx_word' id='word_1_687' title='bbox 3576 3039 3887 3115; x_wconf 77' lang='grc' dir='ltr'>ἀποτρέχεις</span> 
     </span>
    </p>
   </div>
   <div class='ocr_carea' id='block_1_95' title="bbox 2281 3129 3887 3214">
    <p class='ocr_par' dir='ltr' id='par_1_95' title="bbox 2281 3129 3887 3214">
     <span class='ocr_line' id='line_1_96' title="bbox 2281 3129 3887 3214; baseline -0.006 -23"><span class='ocrx_word' id='word_1_688' title='bbox 2281 3140 2408 3214; x_wconf 89' lang='grc' dir='ltr'>πρὸς</span> <span class='ocrx_word' id='word_1_689' title='bbox 2435 3140 2520 3191; x_wconf 88' lang='grc' dir='ltr'>τὸν</span> <span class='ocrx_word' id='word_1_690' title='bbox 2543 3132 2830 3189; x_wconf 88' lang='grc' dir='ltr'>ἀντίδικον.</span> <span class='ocrx_word' id='word_1_691' title='bbox 2892 3136 2983 3195; x_wconf 86' lang='grc' dir='ltr'>Δός</span> <span class='ocrx_word' id='word_1_692' title='bbox 3034 3135 3215 3209; x_wconf 87' lang='grc' dir='ltr'>καιρόν</span> <span class='ocrx_word' id='word_1_693' title='bbox 3265 3138 3373 3192; x_wconf 87' lang='grc' dir='ltr'>τοῖς</span> <span class='ocrx_word' id='word_1_694' title='bbox 3418 3129 3689 3203; x_wconf 72' lang='grc' dir='ltr'>λογισμοῖς</span> <span class='ocrx_word' id='word_1_695' title='bbox 3730 3148 3887 3182; x_wconf 86' lang='grc' dir='ltr'>σεαυ-</span> 
     </span>
    </p>
   </div>
   <div class='ocr_carea' id='block_1_96' title="bbox 2278 3216 3885 3298">
    <p class='ocr_par' dir='ltr' id='par_1_96' title="bbox 2278 3216 3885 3298">
     <span class='ocr_line' id='line_1_97' title="bbox 2278 3216 3885 3298; baseline -0.006 -18"><span class='ocrx_word' id='word_1_696' title='bbox 2278 3234 2370 3280; x_wconf 85' lang='grc' dir='ltr'>τοῦ</span> <span class='ocrx_word' id='word_1_697' title='bbox 2398 3230 2493 3285; x_wconf 80' lang='grc' dir='ltr'>τὴν</span> <span class='ocrx_word' id='word_1_698' title='bbox 2534 3223 2736 3298; x_wconf 83' lang='grc' dir='ltr'>ἀγαθὴν</span> <span class='ocrx_word' id='word_1_699' title='bbox 2766 3222 3074 3287; x_wconf 78' lang='grc' dir='ltr'>ἐκλέξασθαι</span> <span class='ocrx_word' id='word_1_700' title='bbox 3102 3216 3316 3298; x_wconf 85' lang='grc' dir='ltr'>μερίδα.</span> <span class='ocrx_word' id='word_1_701' title='bbox 3366 3218 3434 3272; x_wconf 67' lang='grc' dir='ltr'><strong>’Π</strong></span> <span class='ocrx_word' id='word_1_702' title='bbox 3481 3221 3584 3293; x_wconf 79' lang='grc' dir='ltr'><strong>γὰρ</strong></span> <span class='ocrx_word' id='word_1_703' title='bbox 3614 3217 3885 3291; x_wconf 71' lang='grc' dir='ltr'>ὠφελησάς</span> 
     </span>
    </p>
   </div>
   <div class='ocr_carea' id='block_1_97' title="bbox 2278 3306 3884 3386">
    <p class='ocr_par' dir='ltr' id='par_1_97' title="bbox 2278 3306 3884 3386">
     <span class='ocr_line' id='line_1_98' title="bbox 2278 3306 3884 3386; baseline -0.006 -18"><span class='ocrx_word' id='word_1_704' title='bbox 2278 3335 2329 3368; x_wconf 90' lang='grc' dir='ltr'><strong>τι</strong></span> <span class='ocrx_word' id='word_1_705' title='bbox 2354 3313 2586 3367; x_wconf 86' lang='grc' dir='ltr'>κάκεῖνον</span> <span class='ocrx_word' id='word_1_706' title='bbox 2615 3321 2686 3384; x_wconf 86' lang='grc' dir='ltr'><strong>τῷ</strong></span> <span class='ocrx_word' id='word_1_707' title='bbox 2723 3308 3074 3385; x_wconf 76' lang='grc' dir='ltr'>ὑποδείγματι</span> <span class='ocrx_word' id='word_1_708' title='bbox 3118 3318 3209 3372; x_wconf 79' lang='grc' dir='ltr'>τῆς</span> <span class='ocrx_word' id='word_1_709' title='bbox 3256 3312 3567 3386; x_wconf 85' lang='grc' dir='ltr'>πραότητος,</span> <span class='ocrx_word' id='word_1_710' title='bbox 3626 3308 3656 3367; x_wconf 77' lang='grc' dir='ltr'><strong>ᾖ</strong></span> <span class='ocrx_word' id='word_1_711' title='bbox 3711 3306 3884 3380; x_wconf 82' lang='grc' dir='ltr'>χαλε-</span> 
     </span>
    </p>
   </div>
   <div class='ocr_carea' id='block_1_98' title="bbox 2278 3394 3885 3480">
    <p class='ocr_par' dir='ltr' id='par_1_98' title="bbox 2278 3394 3885 3480">
     <span class='ocr_line' id='line_1_99' title="bbox 2278 3394 3885 3480; baseline -0.004 -23"><span class='ocrx_word' id='word_1_712' title='bbox 2278 3409 2507 3480; x_wconf 83' lang='grc' dir='ltr'>πώτερον</span> <span class='ocrx_word' id='word_1_713' title='bbox 2538 3404 2718 3477; x_wconf 79' lang='grc' dir='ltr'>ἠμύνω</span> <span class='ocrx_word' id='word_1_714' title='bbox 2762 3398 2857 3455; x_wconf 85' lang='grc' dir='ltr'><strong>διὰ</strong></span> <span class='ocrx_word' id='word_1_715' title='bbox 2906 3409 2998 3463; x_wconf 81' lang='grc' dir='ltr'>τῆς</span> <span class='ocrx_word' id='word_1_716' title='bbox 3045 3398 3348 3475; x_wconf 69' lang='grc' dir='ltr'>ὑπεροψίας.</span> <span class='ocrx_word' id='word_1_717' title='bbox 3405 3402 3469 3451; x_wconf 84' lang='grc' dir='ltr'><strong>Τί</strong></span> <span class='ocrx_word' id='word_1_718' title='bbox 3522 3399 3625 3473; x_wconf 85' lang='grc' dir='ltr'><strong>γάρ</strong></span> <span class='ocrx_word' id='word_1_719' title='bbox 3677 3394 3739 3448; x_wconf 82' lang='grc' dir='ltr'><strong>ἀν</strong></span> <span class='ocrx_word' id='word_1_720' title='bbox 3786 3400 3885 3468; x_wconf 79' lang='grc' dir='ltr'>γί-</span> 
     </span>
    </p>
   </div>
   <div class='ocr_carea' id='block_1_99' title="bbox 2278 3483 3883 3569">
    <p class='ocr_par' dir='ltr' id='par_1_99' title="bbox 2278 3483 3883 3569">
     <span class='ocr_line' id='line_1_100' title="bbox 2278 3483 3883 3569; baseline -0.006 -23"><span class='ocrx_word' id='word_1_721' title='bbox 2278 3512 2418 3546; x_wconf 88' lang='grc' dir='ltr'>νοιτο</span> <span class='ocrx_word' id='word_1_722' title='bbox 2443 3489 2813 3569; x_wconf 78' lang='grc' dir='ltr'>ὀδυνηρότερον</span> <span class='ocrx_word' id='word_1_723' title='bbox 2867 3497 2940 3562; x_wconf 90' lang='grc' dir='ltr'><strong>τῷ</strong></span> <span class='ocrx_word' id='word_1_724' title='bbox 2984 3487 3184 3565; x_wconf 74' lang='grc' dir='ltr'>ἐχθρῷ,</span> <span class='ocrx_word' id='word_1_725' title='bbox 3233 3488 3263 3548; x_wconf 77' lang='grc' dir='ltr'><strong><em>ἦ</em></strong></span> <span class='ocrx_word' id='word_1_726' title='bbox 3313 3490 3402 3540; x_wconf 88' lang='grc' dir='ltr'><strong>τόν</strong></span> <span class='ocrx_word' id='word_1_727' title='bbox 3448 3485 3641 3562; x_wconf 69' lang='grc' dir='ltr'>ἐχθρὸν</span> <span class='ocrx_word' id='word_1_728' title='bbox 3692 3483 3883 3538; x_wconf 81' lang='grc' dir='ltr'>ἐαυτοῦ</span> 
     </span>
    </p>
   </div>
   <div class='ocr_carea' id='block_1_100' title="bbox 2279 3574 3883 3659">
    <p class='ocr_par' dir='ltr' id='par_1_100' title="bbox 2279 3574 3883 3659">
     <span class='ocr_line' id='line_1_101' title="bbox 2279 3574 3883 3659; baseline -0.006 -24"><span class='ocrx_word' id='word_1_729' title='bbox 2279 3583 2403 3659; x_wconf 80' lang='grc' dir='ltr'>όρᾷν</span> <span class='ocrx_word' id='word_1_730' title='bbox 2477 3580 2671 3657; x_wconf 75' lang='grc' dir='ltr'>ὕϐρεων</span> <span class='ocrx_word' id='word_1_731' title='bbox 2745 3577 3108 3655; x_wconf 67' lang='grc' dir='ltr'>ὑψηλότερον;</span> <span class='ocrx_word' id='word_1_732' title='bbox 3176 3580 3263 3636; x_wconf 80' lang='grc' dir='ltr'><strong>Μὴ</strong></span> <span class='ocrx_word' id='word_1_733' title='bbox 3313 3574 3610 3649; x_wconf 72' lang='grc' dir='ltr'>καταϐάλῃς</span> <span class='ocrx_word' id='word_1_734' title='bbox 3656 3581 3883 3627; x_wconf 79' lang='grc' dir='ltr'>σεαυτοῦ</span> 
     </span>
    </p>
   </div>
   <div class='ocr_carea' id='block_1_101' title="bbox 2277 3663 3885 3745">
    <p class='ocr_par' dir='ltr' id='par_1_101' title="bbox 2277 3663 3885 3745">
     <span class='ocr_line' id='line_1_102' title="bbox 2277 3663 3885 3745; baseline -0.005 -21"><span class='ocrx_word' id='word_1_735' title='bbox 2277 3675 2373 3730; x_wconf 76' lang='grc' dir='ltr'><strong>τήν</strong></span> <span class='ocrx_word' id='word_1_736' title='bbox 2447 3675 2680 3745; x_wconf 84' lang='grc' dir='ltr'>γνώμην,</span> <span class='ocrx_word' id='word_1_737' title='bbox 2749 3665 2889 3743; x_wconf 66' lang='grc' dir='ltr'>μηδὲ</span> <span class='ocrx_word' id='word_1_738' title='bbox 2971 3666 3184 3740; x_wconf 77' lang='grc' dir='ltr'>ἀνάσχῃ</span> <span class='ocrx_word' id='word_1_739' title='bbox 3231 3666 3474 3739; x_wconf 79' lang='grc' dir='ltr'>γενέσθαι</span> <span class='ocrx_word' id='word_1_740' title='bbox 3520 3663 3722 3737; x_wconf 77' lang='grc' dir='ltr'>ἐφικτός</span> <span class='ocrx_word' id='word_1_741' title='bbox 3773 3670 3885 3725; x_wconf 87' lang='grc' dir='ltr'>τοῖς</span> 
     </span>
    </p>
   </div>
   <div class='ocr_carea' id='block_1_102' title="bbox 2278 3754 3886 3838">
    <p class='ocr_par' dir='ltr' id='par_1_102' title="bbox 2278 3754 3886 3838">
     <span class='ocr_line' id='line_1_103' title="bbox 2278 3754 3886 3838; baseline -0.004 -25"><span class='ocrx_word' id='word_1_742' title='bbox 2278 3760 2607 3838; x_wconf 77' lang='grc' dir='ltr'>ὑϐρίζουσιν.</span> <span class='ocrx_word' id='word_1_743' title='bbox 2689 3758 2882 3813; x_wconf 74' lang='grc' dir='ltr'>Ἐασον</span> <span class='ocrx_word' id='word_1_744' title='bbox 2953 3755 3105 3811; x_wconf 71' lang='grc' dir='ltr'>αὐτόν</span> <span class='ocrx_word' id='word_1_745' title='bbox 3176 3756 3421 3831; x_wconf 82' lang='grc' dir='ltr'>ἄπρακτά</span> <span class='ocrx_word' id='word_1_746' title='bbox 3473 3772 3568 3806; x_wconf 91' lang='grc' dir='ltr'><strong>σου</strong></span> <span class='ocrx_word' id='word_1_747' title='bbox 3619 3754 3697 3825; x_wconf 87' lang='grc'><strong>(8)</strong></span> <span class='ocrx_word' id='word_1_748' title='bbox 3754 3754 3886 3807; x_wconf 86' lang='grc' dir='ltr'>καθ-</span> 
     </span>
    </p>
   </div>
   <div class='ocr_carea' id='block_1_103' title="bbox 2279 3842 3885 3922">
    <p class='ocr_par' dir='ltr' id='par_1_103' title="bbox 2279 3842 3885 3922">
     <span class='ocr_line' id='line_1_104' title="bbox 2279 3842 3885 3922; baseline -0.005 -20"><span class='ocrx_word' id='word_1_749' title='bbox 2279 3849 2514 3903; x_wconf 87' lang='grc' dir='ltr'>υλακτείν</span> <span class='ocrx_word' id='word_1_750' title='bbox 2547 3870 2560 3884; x_wconf 89' lang='grc'><strong>·</strong></span> <span class='ocrx_word' id='word_1_751' title='bbox 2613 3846 2687 3922; x_wconf 70' lang='grc' dir='ltr'><strong>ἐφ’</strong></span> <span class='ocrx_word' id='word_1_752' title='bbox 2734 3848 2899 3918; x_wconf 74' lang='grc' dir='ltr'>ἑαυτῷ</span> <span class='ocrx_word' id='word_1_753' title='bbox 2954 3842 2990 3899; x_wconf 92' lang='grc' dir='ltr'><strong>δ</strong></span> <span class='ocrx_word' id='word_1_754' title='bbox 2996 3843 3386 3922; x_wconf 78' lang='grc' dir='ltr'>ιαρρηγνύσθω.</span> <span class='ocrx_word' id='word_1_755' title='bbox 3440 3842 3640 3916; x_wconf 82' lang='grc' dir='ltr'>Ὠσπερ</span> <span class='ocrx_word' id='word_1_756' title='bbox 3695 3843 3800 3917; x_wconf 83' lang='grc' dir='ltr'><strong>γὰρ</strong></span> <span class='ocrx_word' id='word_1_757' title='bbox 3855 3843 3885 3895; x_wconf 93' lang='grc' dir='ltr'><strong>ό</strong></span> 
     </span>
    </p>
   </div>
   <div class='ocr_carea' id='block_1_104' title="bbox 2277 3932 3887 4012">
    <p class='ocr_par' dir='ltr' id='par_1_104' title="bbox 2277 3932 3887 4012">
     <span class='ocr_line' id='line_1_105' title="bbox 2277 3932 3887 4012; baseline -0.003 -21"><span class='ocrx_word' id='word_1_758' title='bbox 2277 3942 2480 3993; x_wconf 87' lang='grc' dir='ltr'>τύπτων</span> <span class='ocrx_word' id='word_1_759' title='bbox 2531 3942 2619 3993; x_wconf 86' lang='grc' dir='ltr'>τὸν</span> <span class='ocrx_word' id='word_1_760' title='bbox 2671 3941 2743 4012; x_wconf 78' lang='grc' dir='ltr'><strong>μή</strong></span> <span class='ocrx_word' id='word_1_761' title='bbox 2804 3936 3060 4009; x_wconf 83' lang='grc' dir='ltr'>ἀλγοῦντα</span> <span class='ocrx_word' id='word_1_762' title='bbox 3129 3935 3308 3989; x_wconf 80' lang='grc' dir='ltr'>ἑαυτὸν</span> <span class='ocrx_word' id='word_1_763' title='bbox 3391 3940 3696 4008; x_wconf 84' lang='grc' dir='ltr'>τιμωρεῖται</span> <span class='ocrx_word' id='word_1_764' title='bbox 3745 3932 3887 4004; x_wconf 74' lang='grc' dir='ltr'>(οὔτε</span> 
     </span>
    </p>
   </div>
   <div class='ocr_carea' id='block_1_105' title="bbox 2274 4018 3887 4103">
    <p class='ocr_par' dir='ltr' id='par_1_105' title="bbox 2274 4018 3887 4103">
     <span class='ocr_line' id='line_1_106' title="bbox 2274 4018 3887 4103; baseline -0.006 -22"><span class='ocrx_word' id='word_1_765' title='bbox 2274 4029 2378 4102; x_wconf 81' lang='grc' dir='ltr'><strong>γὰρ</strong></span> <span class='ocrx_word' id='word_1_766' title='bbox 2430 4029 2515 4081; x_wconf 86' lang='grc' dir='ltr'>τὸν</span> <span class='ocrx_word' id='word_1_767' title='bbox 2576 4025 2768 4103; x_wconf 78' lang='grc' dir='ltr'>ἐχθρόν</span> <span class='ocrx_word' id='word_1_768' title='bbox 2826 4026 3076 4099; x_wconf 69' lang='grc' dir='ltr'>ἠμύνατο,</span> <span class='ocrx_word' id='word_1_769' title='bbox 3131 4028 3222 4077; x_wconf 87' lang='grc' dir='ltr'><strong>καὶ</strong></span> <span class='ocrx_word' id='word_1_770' title='bbox 3276 4026 3363 4075; x_wconf 89' lang='grc' dir='ltr'><strong>τόν</strong></span> <span class='ocrx_word' id='word_1_771' title='bbox 3431 4024 3591 4094; x_wconf 89' lang='grc' dir='ltr'>θυμόν</span> <span class='ocrx_word' id='word_1_772' title='bbox 3644 4019 3738 4073; x_wconf 77' lang='grc' dir='ltr'>οὐκ</span> <span class='ocrx_word' id='word_1_773' title='bbox 3784 4018 3887 4072; x_wconf 79' lang='grc' dir='ltr'><strong>ἁν-</strong></span> 
     </span>
    </p>
   </div>
   <div class='ocr_carea' id='block_1_106' title="bbox 2279 4107 3887 4188">
    <p class='ocr_par' dir='ltr' id='par_1_106' title="bbox 2279 4107 3887 4188">
     <span class='ocr_line' id='line_1_107' title="bbox 2279 4107 3887 4188; baseline -0.004 -18"><span class='ocrx_word' id='word_1_774' title='bbox 2279 4116 2545 4186; x_wconf 83' lang='grc' dir='ltr'>ἑπαυσεν).</span> <span class='ocrx_word' id='word_1_775' title='bbox 2596 4117 2756 4178; x_wconf 77' lang='grc' dir='ltr'>οὕτως</span> <span class='ocrx_word' id='word_1_776' title='bbox 2785 4116 2812 4169; x_wconf 90' lang='grc' dir='ltr'><strong>ό</strong></span> <span class='ocrx_word' id='word_1_777' title='bbox 2841 4118 2925 4168; x_wconf 90' lang='grc' dir='ltr'>τὸν</span> <span class='ocrx_word' id='word_1_778' title='bbox 2984 4109 3323 4188; x_wconf 83' lang='grc' dir='ltr'>ἀλοιδόρητον</span> <span class='ocrx_word' id='word_1_779' title='bbox 3382 4107 3650 4173; x_wconf 72' lang='grc' dir='ltr'>ὀνειδίζων</span> <span class='ocrx_word' id='word_1_780' title='bbox 3700 4128 3887 4186; x_wconf 86' lang='grc' dir='ltr'>παρα-</span> 
     </span>
    </p>
   </div>
   <div class='ocr_carea' id='block_1_107' title="bbox 2212 2911 2255 2967">
    <p class='ocr_par' dir='ltr' id='par_1_107' title="bbox 2212 2911 2255 2967">
     <span class='ocr_line' id='line_1_108' title="bbox 2212 2911 2255 2967; baseline 0 0"><span class='ocrx_word' id='word_1_781' title='bbox 2212 2911 2255 2967; x_wconf 88' lang='lat' dir='ltr'>C</span> 
     </span>
    </p>
   </div>
   <div class='ocr_carea' id='block_1_108' title="bbox 2200 4157 2245 4213">
    <p class='ocr_par' dir='ltr' id='par_1_108' title="bbox 2200 4157 2245 4213">
     <span class='ocr_line' id='line_1_109' title="bbox 2200 4157 2245 4213; baseline 0 0"><span class='ocrx_word' id='word_1_782' title='bbox 2200 4157 2245 4213; x_wconf 91' lang='lat' dir='ltr'><strong>D</strong></span> 
     </span>
    </p>
   </div>
   <div class='ocr_carea' id='block_1_109' title="bbox 2276 4198 3886 4281">
    <p class='ocr_par' dir='ltr' id='par_1_109' title="bbox 2276 4198 3886 4281">
     <span class='ocr_line' id='line_1_110' title="bbox 2276 4198 3886 4281; baseline -0.004 -22"><span class='ocrx_word' id='word_1_783' title='bbox 2276 4208 2469 4280; x_wconf 86' lang='grc' dir='ltr'>μυθίαν</span> <span class='ocrx_word' id='word_1_784' title='bbox 2519 4205 2680 4281; x_wconf 81' lang='grc' dir='ltr'>εύρεῖν</span> <span class='ocrx_word' id='word_1_785' title='bbox 2734 4211 2826 4258; x_wconf 87' lang='grc' dir='ltr'><strong>τοῦ</strong></span> <span class='ocrx_word' id='word_1_786' title='bbox 2877 4205 3076 4266; x_wconf 86' lang='grc' dir='ltr'>πάθους</span> <span class='ocrx_word' id='word_1_787' title='bbox 3128 4200 3186 4255; x_wconf 79' lang='grc' dir='ltr'><strong>ού</strong></span> <span class='ocrx_word' id='word_1_788' title='bbox 3259 4198 3501 4257; x_wconf 85' lang='grc' dir='ltr'>δύναται.</span> <span class='ocrx_word' id='word_1_789' title='bbox 3574 4198 3886 4253; x_wconf 77' lang='grc' dir='ltr'>Τούναντίον</span> 
     </span>
    </p>
   </div>
   <div class='ocr_carea' id='block_1_110' title="bbox 2275 4287 3890 4370">
    <p class='ocr_par' dir='ltr' id='par_1_110' title="bbox 2275 4287 3890 4370">
     <span class='ocr_line' id='line_1_111' title="bbox 2275 4287 3890 4370; baseline -0.004 -22"><span class='ocrx_word' id='word_1_790' title='bbox 2275 4297 2366 4368; x_wconf 69' lang='grc' dir='ltr'>μὲν</span> <span class='ocrx_word' id='word_1_791' title='bbox 2397 4292 2506 4365; x_wconf 80' lang='grc' dir='ltr'>οὖν,</span> <span class='ocrx_word' id='word_1_792' title='bbox 2560 4295 2681 4370; x_wconf 86' lang='grc' dir='ltr'>ὅπερ</span> <span class='ocrx_word' id='word_1_793' title='bbox 2734 4296 2877 4367; x_wconf 73' lang='grc' dir='ltr'>ἔφην,</span> <span class='ocrx_word' id='word_1_794' title='bbox 2927 4297 3017 4345; x_wconf 88' lang='grc' dir='ltr'>καὶ</span> <span class='ocrx_word' id='word_1_795' title='bbox 3077 4288 3399 4368; x_wconf 85' lang='grc' dir='ltr'>διαπρίεται.</span> <span class='ocrx_word' id='word_1_796' title='bbox 3450 4289 3614 4349; x_wconf 72' lang='grc' dir='ltr'>Εὐθὺς</span> <span class='ocrx_word' id='word_1_797' title='bbox 3662 4288 3765 4365; x_wconf 78' lang='grc' dir='ltr'>γὰρ</span> <span class='ocrx_word' id='word_1_798' title='bbox 3825 4287 3890 4342; x_wconf 71' lang='grc' dir='ltr'>ἐκ</span> 
     </span>
    </p>
   </div>
   <div class='ocr_carea' id='block_1_111' title="bbox 2274 4379 3885 4459">
    <p class='ocr_par' dir='ltr' id='par_1_111' title="bbox 2274 4379 3885 4459">
     <span class='ocr_line' id='line_1_112' title="bbox 2274 4379 3885 4459; baseline -0.006 -22"><span class='ocrx_word' id='word_1_799' title='bbox 2274 4392 2374 4437; x_wconf 85' lang='grc' dir='ltr'>τῶν</span> <span class='ocrx_word' id='word_1_800' title='bbox 2426 4386 2692 4459; x_wconf 84' lang='grc' dir='ltr'>παρόντων</span> <span class='ocrx_word' id='word_1_801' title='bbox 2749 4383 2836 4435; x_wconf 87' lang='grc' dir='ltr'>οἶα</span> <span class='ocrx_word' id='word_1_802' title='bbox 2890 4381 3122 4458; x_wconf 81' lang='grc' dir='ltr'>ἑκάτερος</span> <span class='ocrx_word' id='word_1_803' title='bbox 3178 4382 3321 4454; x_wconf 77' lang='grc' dir='ltr'>ὑμῶν</span> <span class='ocrx_word' id='word_1_804' title='bbox 3377 4379 3885 4455; x_wconf 74' lang='grc' dir='ltr'>προσαγορεύεταις</span> 
     </span>
    </p>
   </div>
   <div class='ocr_carea' id='block_1_112' title="bbox 2272 4463 3889 4549">
    <p class='ocr_par' dir='ltr' id='par_1_112' title="bbox 2272 4463 3889 4549">
     <span class='ocr_line' id='line_1_113' title="bbox 2272 4463 3889 4549; baseline -0.004 -23"><span class='ocrx_word' id='word_1_805' title='bbox 2272 4463 2332 4526; x_wconf 65' lang='grc' dir='ltr'><strong><em>Ὀ</em></strong></span> <span class='ocrx_word' id='word_1_806' title='bbox 2356 4475 2446 4548; x_wconf 72' lang='grc' dir='ltr'><strong>μεν</strong></span> <span class='ocrx_word' id='word_1_807' title='bbox 2475 4469 2734 4549; x_wconf 87' lang='grc' dir='ltr'>λοίδορος,</span> <span class='ocrx_word' id='word_1_808' title='bbox 2783 4473 2848 4524; x_wconf 81' lang='grc' dir='ltr'>σὺ</span> <span class='ocrx_word' id='word_1_809' title='bbox 2902 4467 2962 4524; x_wconf 70' lang='grc' dir='ltr'>δὲ</span> <span class='ocrx_word' id='word_1_810' title='bbox 2990 4468 3360 4543; x_wconf 66' lang='grc' dir='ltr'>μεγαλόψυχος</span> <span class='ocrx_word' id='word_1_811' title='bbox 3388 4490 3401 4503; x_wconf 80' lang='lat'><strong>-</strong></span> <span class='ocrx_word' id='word_1_812' title='bbox 3457 4472 3484 4520; x_wconf 93' lang='grc' dir='ltr'><strong>ό</strong></span> <span class='ocrx_word' id='word_1_813' title='bbox 3531 4469 3620 4540; x_wconf 67' lang='grc' dir='ltr'><strong>μεν</strong></span> <span class='ocrx_word' id='word_1_814' title='bbox 3675 4464 3889 4542; x_wconf 85' lang='grc' dir='ltr'>ὀργίλος</span> 
     </span>
    </p>
   </div>
   <div class='ocr_carea' id='block_1_113' title="bbox 2274 4555 3887 4635">
    <p class='ocr_par' dir='ltr' id='par_1_113' title="bbox 2274 4555 3887 4635">
     <span class='ocr_line' id='line_1_114' title="bbox 2274 4555 3887 4635; baseline -0.004 -20"><span class='ocrx_word' id='word_1_815' title='bbox 2274 4565 2364 4616; x_wconf 85' lang='grc' dir='ltr'>καὶ</span> <span class='ocrx_word' id='word_1_816' title='bbox 2388 4561 2635 4635; x_wconf 83' lang='grc' dir='ltr'>χαλεπός,</span> <span class='ocrx_word' id='word_1_817' title='bbox 2692 4564 2760 4612; x_wconf 81' lang='grc' dir='ltr'>σὺ</span> <span class='ocrx_word' id='word_1_818' title='bbox 2814 4555 2873 4612; x_wconf 69' lang='grc' dir='ltr'><strong>δε</strong></span> <span class='ocrx_word' id='word_1_819' title='bbox 2920 4561 3253 4635; x_wconf 87' lang='grc' dir='ltr'>μακρόθυμος</span> <span class='ocrx_word' id='word_1_820' title='bbox 3307 4562 3398 4611; x_wconf 78' lang='grc' dir='ltr'>καὶ</span> <span class='ocrx_word' id='word_1_821' title='bbox 3448 4562 3651 4633; x_wconf 86' lang='grc' dir='ltr'>πρᾶος·</span> <span class='ocrx_word' id='word_1_822' title='bbox 3701 4556 3728 4607; x_wconf 90' lang='grc' dir='ltr'><strong>ό</strong></span> <span class='ocrx_word' id='word_1_823' title='bbox 3785 4557 3887 4627; x_wconf 65' lang='grc' dir='ltr'>μὲν</span> 
     </span>
    </p>
   </div>
   <div class='ocr_carea' id='block_1_114' title="bbox 2275 4640 3889 4726">
    <p class='ocr_par' dir='ltr' id='par_1_114' title="bbox 2275 4640 3889 4726">
     <span class='ocr_line' id='line_1_115' title="bbox 2275 4640 3889 4726; baseline -0.004 -22"><span class='ocrx_word' id='word_1_824' title='bbox 2275 4655 2661 4726; x_wconf 86' lang='grc' dir='ltr'>μεταγνώσεται</span> <span class='ocrx_word' id='word_1_825' title='bbox 2726 4647 2803 4722; x_wconf 74' lang='grc' dir='ltr'><strong>ἐφ’</strong></span> <span class='ocrx_word' id='word_1_826' title='bbox 2867 4648 2941 4709; x_wconf 74' lang='grc' dir='ltr'>οἷς</span> <span class='ocrx_word' id='word_1_827' title='bbox 3016 4646 3319 4721; x_wconf 74' lang='grc' dir='ltr'>ἐφθέγξατο,</span> <span class='ocrx_word' id='word_1_828' title='bbox 3397 4650 3464 4700; x_wconf 82' lang='grc' dir='ltr'>σὺ</span> <span class='ocrx_word' id='word_1_829' title='bbox 3518 4641 3577 4698; x_wconf 66' lang='grc' dir='ltr'>δι</span> <span class='ocrx_word' id='word_1_830' title='bbox 3629 4640 3889 4698; x_wconf 71' lang='grc' dir='ltr'>οὐδέποτε</span> 
     </span>
    </p>
   </div>
   <div class='ocr_carea' id='block_1_115' title="bbox 2279 4736 3067 4816">
    <p class='ocr_par' dir='ltr' id='par_1_115' title="bbox 2279 4736 3067 4816">
     <span class='ocr_line' id='line_1_116' title="bbox 2279 4736 3067 4816; baseline 0 -22"><span class='ocrx_word' id='word_1_831' title='bbox 2279 4739 2609 4816; x_wconf 70' lang='grc' dir='ltr'>μεταμελήσῃ</span> <span class='ocrx_word' id='word_1_832' title='bbox 2643 4739 2721 4813; x_wconf 87' lang='grc'>(9)</span> <span class='ocrx_word' id='word_1_833' title='bbox 2741 4746 2834 4801; x_wconf 84' lang='grc' dir='ltr'>τῆς</span> <span class='ocrx_word' id='word_1_834' title='bbox 2864 4736 3067 4813; x_wconf 80' lang='grc' dir='ltr'>ἀρετῆς.</span> 
     </span>
    </p>
   </div>
   <div class='ocr_carea' id='block_1_116' title="bbox 2344 5015 3886 5098">
    <p class='ocr_par' dir='ltr' id='par_1_116' title="bbox 2344 5015 3886 5098">
     <span class='ocr_line' id='line_1_117' title="bbox 2344 5015 3886 5098; baseline -0.006 -17"><span class='ocrx_word' id='word_1_835' title='bbox 2344 5026 2399 5083; x_wconf 82' lang='grc'><strong>4.</strong></span> <span class='ocrx_word' id='word_1_836' title='bbox 2444 5029 2508 5081; x_wconf 90' lang='grc' dir='ltr'><strong>Τί</strong></span> <span class='ocrx_word' id='word_1_837' title='bbox 2535 5020 2708 5079; x_wconf 86' lang='grc' dir='ltr'>δεῖτά</span> <span class='ocrx_word' id='word_1_838' title='bbox 2734 5022 2898 5079; x_wconf 84' lang='grc' dir='ltr'>πολλὰ</span> <span class='ocrx_word' id='word_1_839' title='bbox 2927 5022 3091 5098; x_wconf 73' lang='grc' dir='ltr'>λέγειν</span> <span class='ocrx_word' id='word_1_840' title='bbox 3121 5039 3135 5091; x_wconf 91' lang='grc'><strong>;</strong></span> <span class='ocrx_word' id='word_1_841' title='bbox 3190 5027 3274 5095; x_wconf 85' lang='grc' dir='ltr'><strong>Τῷ</strong></span> <span class='ocrx_word' id='word_1_842' title='bbox 3325 5023 3417 5096; x_wconf 69' lang='grc' dir='ltr'><strong>μεν</strong></span> <span class='ocrx_word' id='word_1_843' title='bbox 3462 5015 3731 5075; x_wconf 73' lang='grc' dir='ltr'>ἀπέκλεισε</span> <span class='ocrx_word' id='word_1_844' title='bbox 3780 5022 3886 5081; x_wconf 73' lang='grc' dir='ltr'><strong>τήν</strong></span> 
     </span>
    </p>
   </div>
   <div class='ocr_carea' id='block_1_117' title="bbox 2274 5105 3885 5189">
    <p class='ocr_par' dir='ltr' id='par_1_117' title="bbox 2274 5105 3885 5189">
     <span class='ocr_line' id='line_1_118' title="bbox 2274 5105 3885 5189; baseline -0.006 -20"><span class='ocrx_word' id='word_1_845' title='bbox 2274 5123 2371 5169; x_wconf 87' lang='grc' dir='ltr'>τῶν</span> <span class='ocrx_word' id='word_1_846' title='bbox 2419 5115 2646 5189; x_wconf 74' lang='grc' dir='ltr'>οὐρανῶν</span> <span class='ocrx_word' id='word_1_847' title='bbox 2696 5113 2969 5188; x_wconf 81' lang='grc' dir='ltr'>βασιλείαν</span> <span class='ocrx_word' id='word_1_848' title='bbox 3022 5114 3052 5171; x_wconf 82' lang='grc' dir='ltr'><strong>ή</strong></span> <span class='ocrx_word' id='word_1_849' title='bbox 3111 5107 3354 5188; x_wconf 85' lang='grc' dir='ltr'>λοιδορία</span> <span class='ocrx_word' id='word_1_850' title='bbox 3383 5131 3398 5145; x_wconf 75' lang='grc' dir='ltr'><strong><em>ο</em></strong></span> <span class='ocrx_word' id='word_1_851' title='bbox 3459 5105 3712 5182; x_wconf 84' lang='grc' dir='ltr'>Λοίδοροι</span> <span class='ocrx_word' id='word_1_852' title='bbox 3769 5110 3885 5185; x_wconf 74' lang='grc' dir='ltr'><strong>γὰρ</strong></span> 
     </span>
    </p>
   </div>
   <div class='ocr_carea' id='block_1_118' title="bbox 2312 5241 2995 5311">
    <p class='ocr_par' dir='ltr' id='par_1_118' title="bbox 2312 5241 2995 5311">
     <span class='ocr_line' id='line_1_119' title="bbox 2312 5241 2995 5311; baseline -0.004 -13"><span class='ocrx_word' id='word_1_853' title='bbox 2312 5241 2361 5276; x_wconf 74' lang='grc'>²⁴</span> <span class='ocrx_word' id='word_1_854' title='bbox 2391 5242 2568 5298; x_wconf 86' lang='lat' dir='ltr'><strong>Num.</strong></span> <span class='ocrx_word' id='word_1_855' title='bbox 2594 5255 2698 5310; x_wconf 81' lang='lat' dir='ltr'><strong>xu,</strong></span> <span class='ocrx_word' id='word_1_856' title='bbox 2753 5243 2774 5297; x_wconf 81' lang='grc'><strong>1</strong></span> <span class='ocrx_word' id='word_1_857' title='bbox 2822 5254 2995 5311; x_wconf 88' lang='lat' dir='ltr'><strong>seqq.</strong></span> 
     </span>
    </p>
   </div>
   <div class='ocr_carea' id='block_1_119' title="bbox 2271 5364 2758 5438">
    <p class='ocr_par' dir='ltr' id='par_1_119' title="bbox 2271 5364 2758 5438">
     <span class='ocr_line' id='line_1_120' title="bbox 2271 5364 2758 5438; baseline -0.004 -16"><span class='ocrx_word' id='word_1_858' title='bbox 2271 5380 2406 5421; x_wconf 90' lang='lat' dir='ltr'><strong>mus</strong></span> <span class='ocrx_word' id='word_1_859' title='bbox 2436 5364 2514 5438; x_wconf 77' lang='grc' dir='ltr'><strong>ἐφ’</strong></span> <span class='ocrx_word' id='word_1_860' title='bbox 2552 5365 2758 5438; x_wconf 80' lang='grc' dir='ltr'>ἑαυτοῦ.</span> 
     </span>
    </p>
   </div>
   <div class='ocr_carea' id='block_1_120' title="bbox 2341 5429 3591 5518">
    <p class='ocr_par' dir='ltr' id='par_1_120' title="bbox 2341 5429 3591 5518">
     <span class='ocr_line' id='line_1_121' title="bbox 2341 5429 3591 5518; baseline -0.005 -27"><span class='ocrx_word' id='word_1_861' title='bbox 2341 5437 2418 5508; x_wconf 88' lang='lat'><strong>(9)</strong></span> <span class='ocrx_word' id='word_1_862' title='bbox 2445 5429 2589 5507; x_wconf 72' lang='lat' dir='ltr'><strong>Reg.</strong></span> <span class='ocrx_word' id='word_1_863' title='bbox 2620 5436 2854 5509; x_wconf 84' lang='lat' dir='ltr'><strong>primus</strong></span> <span class='ocrx_word' id='word_1_864' title='bbox 2889 5431 3139 5518; x_wconf 69' lang='grc' dir='ltr'>οὐδέποτε</span> <span class='ocrx_word' id='word_1_865' title='bbox 3167 5429 3591 5506; x_wconf 68' lang='grc' dir='ltr'>μεταμελητήση.</span> 
     </span>
    </p>
   </div>
  </div>
