4076 6190
573 174 674 228 363
1980 173 2039 229 S.
2081 172 2330 228 BASILII
2359 175 2576 232 MAGNI
3823 191 3927 246 354

571 309 674 350 sus
713 309 778 351 es
835 294 897 350 in
952 293 1276 361 mundum,
1307 293 1632 368 nudusque
1681 310 1744 350 es
1773 309 2128 364 egressurus
2171 296 2184 330 ¹

2335 299 2400 348 τὰ
2430 297 2690 371 εἰρημένα.
2718 305 2805 360 Τίς
2851 319 2970 353 ποτε
3019 299 3234 373 ἀπήχθη
3289 300 3384 356 διὰ
3426 311 3602 359 πενίαν
3631 309 3697 370 εἰς
3724 307 3926 384 δεσμω-

571 383 721 449 Quid
741 389 942 440 autem
971 384 1138 440 nudo
1169 384 1495 456 pauperies
1525 384 1651 440 est?
1670 383 1821 440 Nihil
1852 399 2034 453 grave
2057 384 2184 440 aud;

2331 391 2507 462 τὴριον
2554 403 2568 456 ;
2619 389 2693 440 Oi}
2740 392 2797 442 τὸ
2840 391 3084 443 πένεσθαι
3137 389 3506 463 ἐπονείδιστον,
3560 395 3684 451 ἀλλά
3730 383 3919 474 167p?)

566 472 722 545 visti,
769 473 884 530 nisi
928 473 1093 546 quod
1125 488 1198 529 ea
1226 488 1363 545 quae
1403 473 1564 529 dicta
1603 477 1764 542 sunt,
1796 481 1902 528 tua
1932 472 2118 529 solius
2165 490 2184 529 ε

2332 480 2495 551 φέρειν
2526 477 2738 550 εὐγενῶς
2787 483 2878 539 τὴν
2927 484 3124 536 πενίαν.
3176 487 3454 543 Μνήσθητι
3502 495 3592 539 τοῦ
3643 494 3918 543 Δεσπότου·

565 563 812 636 propria
827 563 1084 618 duxeris.
1109 561 1250 627 Quis
1267 577 1541 635 unquam
1564 563 1644 618 ob
1672 567 2093 635 paupertatem
2116 561 2184 619 aL

2329 565 2406 617 ὁτι
2456 565 2708 628 Πλούσιος
2751 570 2839 636 ὧν,
2890 567 3190 642 ἐπτώχευσε
3239 569 3298 624 δί
3348 574 3503 647 ἡμᾶς.
3566 575 3682 629 Ἐἀν
3728 579 3922 654 ἄφρονά

565 651 780 708 ductus
809 656 898 708 est
923 651 982 707 in
1011 667 1312 707 carcerem
1335 651 1361 705 ?
1394 653 1731 724 Pauperem
1776 668 1905 707 esse
1933 667 2056 708 non
2088 667 2184 723 prc

2331 673 2387 706 σε
2447 661 2535 708 καὶ
2618 655 2792 731 ἀμαθῆ
2879 663 3307 736 προσαγορεύσῃ,
3392 665 3762 738 ύπομνήσθητι
3799 651 3918 721 ’τῶν

561 739 813 796 brosum
836 744 946 808 est,
975 740 1082 795 sed
1120 744 1542 812 paupertatem
1576 756 1865 810 generose
1894 756 2017 796 non
2043 740 2184 797 ferre

2328 741 2631 798 Ἰουδαίκῶν
2679 746 2891 822 ὕϐρεων,
2941 750 3019 810 αἷς
3062 753 3156 808 τὴν
3210 749 3456 812 ἀληθινὴν
3501 759 3684 828 σοφίαν
3730 755 3920 811 ἐλοιδο-

561 832 782 889 Memor
823 835 952 886 esto
998 830 1251 898 Domini,
1285 831 1400 898 Qui
1427 847 1561 887 cum
1589 832 1748 888 dives
1771 838 1938 900 esset,
1966 836 2218 901 propter

558 935 662 977 nos
691 935 910 990 egenus
933 921 1142 989 factus
1173 925 1257 976 est
1285 922 1353 976 ’9.
1378 919 1636 975 Stultum
1663 925 1718 976 te
1740 925 1796 976 et
1823 919 2138 976 indoctum
2165 920 2214 976 si

556 1008 891 1081 appellarit,
921 1009 1268 1064 memineris
1299 1025 1508 1064 earum
1537 1025 1673 1082 quae
1705 1024 1741 1065 a
1768 1009 1990 1065 Judaais
2015 1009 2074 1064 in
2106 1024 2214 1065 ve-

553 1113 686 1154 ram
720 1097 1082 1170 sapientiam
1109 1098 1286 1169 jactae
1319 1102 1478 1166 sunt,
1503 1097 1861 1164 injuriarum
1895 1115 1908 1153 :
1940 1098 2212 1154 Samari-

553 1191 734 1243 tanus
756 1202 834 1258 es,
866 1192 921 1243 et
947 1187 1308 1243 dtemonium
1334 1187 1513 1243 habes
1545 1187 1613 1242 ³ο.
1642 1186 1816 1252 Quod
1841 1186 1889 1241 si
1914 1186 2206 1253 irasceris,

553 1276 928 1334 conﬁrmasti
960 1275 1207 1347 probra.
1241 1274 1468 1348 Ecquid
1499 1275 1660 1330 enim
1688 1275 1922 1332 stultius
1949 1281 2040 1332 est
2065 1276 2155 1332 ira
2181 1277 2210 1333 ?

554 1366 651 1424 Sin
685 1371 891 1422 autem
922 1364 1283 1437 tranquillus
1309 1370 1365 1420 et
1387 1364 1515 1420 sine
1540 1364 1629 1421 ira
1656 1365 2087 1437 permanseris,
2119 1365 2207 1421 in-

551 1454 705 1510 cutis
729 1453 1029 1526 pudorem
1079 1452 1488 1520 conviciatori,
1523 1469 1662 1509 eum
1693 1454 2080 1526 prudentiam
2117 1469 2206 1510 re-

547 1543 686 1615 ipsa
702 1541 1036 1599 ostenderis
1060 1545 1241 1614 atque
1262 1540 1644 1598 modestiam.
1665 1545 1866 1599 Caesus
1885 1541 2076 1615 alapis
2098 1543 2207 1600 es?

2322 838 2571 908 ρήσαντο.
2623 843 2943 911 Σαμαρειτης
2991 835 3052 905 εἴ,
3109 844 3196 892 καὶ
3264 837 3536 915 δαιμόνιον
3585 847 3744 918 ἔχεις.
3803 846 3916 901 Ἐὰν

2322 925 2412 1012 μὲν
2463 921 2550 1012 οὖν
2608 923 2878 999 ὀργισθῇς,
2949 925 3262 990 ἐϐεϐαίωσας
3314 933 3378 982 τὰ
3445 929 3642 990 ὀνείδη·
3701 939 3753 987 τί
3815 938 3914 1012 γάρ

2321 1009 2478 1087 ὀργῆς
2522 1011 2931 1089 ἀφρονέστερον;
2982 1015 3068 1068 ἐὰν
3114 1014 3173 1070 δὲ
3217 1023 3396 1093 μείνῃς
3422 1019 3690 1097 ἀόργητος,
3734 1009 3916 1096 fiala-

2319 1122 2405 1162 νας
2441 1105 2528 1154 τὸν
2581 1102 2892 1177 ὑϐρίσαντα,
2944 1107 3076 1180 ἔργῳ
3121 1111 3214 1165 τὴν
3265 1114 3604 1184 σωφροσύνην
3655 1110 3916 1176 ἐπιδειξά-

2318 1210 2482 1264 μενος.
2525 1190 2915 1266 Ἐῤῥαπίσθης;
2961 1199 3050 1246 καὶ
3096 1197 3196 1271 ’γὰρ
3230 1202 3320 1250 καὶ
3353 1200 3378 1250 6
3427 1203 3632 1274 Κύριος.
3681 1200 3916 1254 Ἐνεπτύ-

2320 1281 2484 1346 σθης;
2528 1281 2746 1356 καὶγὰρ
2779 1282 2805 1334 6
2854 1287 3116 1345 Δεσπότης
3161 1287 3327 1358 ἡμῶν.
3378 1292 3453 1340 Οὐ
3479 1291 3580 1364 γὰρ
3623 1289 3914 1365 ἀπέστρεψε

2312 1369 2370 1421 τὸ
2459 1373 2735 1444 πρόσωπον
2800 1370 2912 1442 (16)
3004 1371 3104 1426 ἀπὸ
3193 1375 3456 1448 αἰσχύνης
3508 1379 3912 1453 ἐμπτνσμάτων.

2316 1455 2802 1531 Ἐσυκοφαντὴθης;
2857 1465 2946 1514 καὶ
2985 1464 3087 1537 γὰρ
3132 1468 3221 1518 καὶ
3266 1465 3292 1517 ὀ
3331 1472 3526 1542 κριτής.
3570 1469 3913 1544 Περιίῤῥηξάν

2318 1565 2412 1598 σου
2441 1550 2526 1599 τὸν
2573 1553 2892 1620 χιτωνίσκον
2926 1566 2940 1617 ;
2994 1549 3291 1608 Ἀπέδυσάν
3335 1576 3438 1629 μου
3470 1563 3560 1611 καὶ
3583 1562 3670 1611 τὸν
3701 1561 3908 1634 Κύριον,

547 1643 620 1696 At
645 1639 800 1696 enim
825 1640 1116 1696 Dominus
1137 1655 1402 1712 quoque.
1438 1639 1691 1696 lnfectus
1721 1655 1786 1697 es
1817 1639 2008 1712 sputis
2028 1640 2056 1694 ?
2088 1639 2184 1696 Sec'

2315 1640 2405 1688 καὶ
2451 1632 2812 1712 διεμερίσαντο
2841 1641 2908 1691 τὰ
2939 1642 3122 1713 ἱμάτια
3151 1642 3311 1696 αὐτοῦ
3355 1645 3572 1708 ἑαυτοῖς.
3607 1651 3767 1700 Οὔπω
3795 1667 3915 1700 κατ-

548 1733 604 1785 et
641 1727 932 1785 Dominus
956 1734 1175 1785 noster.
1204 1729 1338 1784 Non
1364 1728 1524 1785 enim
1551 1731 1768 1786 avertit
1788 1729 2011 1800 faciem
2031 1745 2203 1786 suam

548 1834 583 1878 α
606 1819 954 1890 confusione
975 1825 1293 1889 sputorum
1327 1820 1396 1876 ⁸¹.
1429 1820 1678 1876 Struetae
1711 1818 1818 1874 tibi
1864 1823 2003 1875 sunt
2029 1835 2203 1891 syco-

2317 1727 2539 1801 εκρίθης,
2600 1729 2744 1780 οὔπω
2793 1727 3140 1805 ἐσταυρώθης.
3199 1732 3369 1787 Πολλά
3430 1755 3513 1789 σοι
3577 1736 3758 1812 λείπει,
3829 1746 3916 1796 ἵνα

2315 1817 2518 1889 φθάσῃς
2540 1815 2696 1870 αὐτοῦ
2722 1821 2847 1893 πρὸς
2867 1823 2961 1878 τὴν
2982 1824 3117 1893 μίμη
3128 1841 3231 1877 σιν.

544 1917 811 1992 phantiae
841 1916 866 1971 7
897 1917 1106 1991 Utique
1138 1921 1196 1972 et
1217 1915 1430 1988 judici.
1465 1916 1841 1973 Disciderunt
1870 1920 2039 1973 tuam
2068 1918 2338 1974 tunicam
2360 1915 2388 1970 ?
2427 1917 2730 1972 Exuerunt
2773 1915 2955 1973 etiam
2985 1920 3308 1979 Dominum
3338 1939 3564 1997 meum,
3605 1932 3662 1986 et
3695 1931 3913 1990 divise-

545 2012 686 2064 runt
712 2007 864 2064 inter
893 2022 956 2062 se
995 2007 1125 2078 ejus
1151 2007 1508 2062 vestimenta
1561 2007 1632 2064 ⁸³.
1679 2005 1959 2063 Nondum
1989 2006 2437 2064 condemnatus
2490 2020 2578 2076 es,
2625 2004 2900 2064 nondum
2931 2008 3277 2068 cruciﬁxus.
3309 2013 3536 2073 Desunt
3560 2017 3668 2076 tibi
3698 2021 3906 2088 multa.

544 2100 611 2153 ut
641 2095 958 2169 pervenias
991 2095 1070 2152 ad
1099 2094 1291 2168 ipsius
1317 2094 1738 2153 imitationem.

618 2189 669 2242 5.
694 2185 960 2242 Subeant
981 2184 1256 2241 animum
1278 2188 1450 2240 tuum
1468 2184 1688 2241 horum
1711 2183 1975 2255 singula,
2017 2189 2198 2259 atque

544 2274 1111 2334 exeandeseentiam
1151 2289 1221 2330 ac
1249 2277 1545 2330 tumorem
1577 2275 2001 2346 eomprimant.
2034 2274 2198 2345 Ejus-

542 2365 711 2424 modi
741 2365 902 2422 enim
945 2363 1418 2437 praeparationes
1461 2362 1953 2435 affectionesque,
1997 2362 2197 2420 cordis

542 2455 718 2528 quasi
753 2454 944 2512 saltus
986 2469 1057 2509 ac
1095 2453 1310 2526 pulsus
1349 2451 1778 2523 rescindentes,
1821 2456 2086 2508 mentem
2116 2452 2197 2509 ad

542 2544 948 2601 constantiam
981 2557 1052 2598 ac
1080 2539 1546 2613 trauquilitatem
1578 2539 1895 2596 reducunt.
1944 2543 2009 2596 Et
2048 2555 2194 2597 sane

541 2632 659 2690 hoc
688 2631 967 2706 estquod
996 2630 1222 2686 dictum
1253 2635 1344 2686 est
1373 2647 1409 2686 a
1447 2628 1669 2685 Davide
1702 2645 1716 2683 :
1745 2630 2011 2685 Paratus
2039 2644 2192 2700 sum,

543 2726 599 2778 et
620 2737 742 2778 non
764 2737 894 2776 sum
928 2720 1207 2777 turbatus
1230 2720 1298 2773 ³³.
1333 2721 1578 2791 Oportet
1603 2718 1781 2788 igitur
1810 2733 2194 2790 compescere

541 2814 599 2868 te
622 2810 906 2866 insanum
935 2825 1006 2866 ac
1036 2807 1359 2864 vecordem
1397 2807 1584 2863 animi
1609 2811 1866 2876 motum,
1895 2807 2195 2880 exemplo-

541 2914 678 2957 rum
709 2915 844 2972 quae
885 2915 921 2954 ο,
949 2898 1140 2954 beatis
1169 2898 1314 2954 viris
1360 2896 1564 2952 relicta
1603 2901 1762 2966 sunt,
1814 2912 2146 2953 memorem
2177 2913 2191 2953 :

541 2988 852 3063 quomodo
881 2987 1101 3044 scilicet
1129 3002 1393 3056 magnus
1418 2985 1514 3041 ille
1546 2985 1735 3042 David
1771 2985 2190 3058 petulantiam.

541 3078 735 3135 Semei
751 3075 1538 3150 mensuetepertulerit.Non
1561 3073 1720 3130 enim
1743 3079 1985 3147 tempus
2007 3075 2197 3132 dabat

542 3163 1373 3236 commotioniiraa,siquidem
1387 3163 1808 3233 cogitationem
1822 3179 1998 3219 suam
2011 3167 2195 3220 trans-

541 3254 774 3313 ferebat
801 3257 862 3311 in
893 3257 1102 3310 Deum.
1134 3253 1228 3308 Ait
1248 3252 1531 3307 nimirum
1559 3268 1571 3307 :
1595 3253 1886 3308 Dominus
1909 3253 2064 3308 dixit
2093 3253 2194 3309 Se-

539 3346 674 3415 mei,
702 3350 767 3400 ut
788 3343 1167 3400 malediceret
1189 3342 1411 3398 Davidi
1430 3343 1499 3399 ³⁵.
1523 3343 1900 3412 Quapropter
1927 3357 2066 3396 cum
2090 3357 2194 3396 vo-

539 3438 776 3491 caretur
803 3432 888 3489 vir
912 3431 1301 3503 sanguinum,
1334 3431 1452 3501 88
1485 3429 1651 3486 etvir
1697 3428 1962 3502 iniquus,
2003 3429 2191 3485 baud-

536 3538 853 3597 quaquam
885 3521 936 3578 ei
979 3519 1361 3576 succensuit:
1399 3519 1505 3575 sed
1543 3535 1605 3575 se
1644 3519 1772 3592 ipse
1806 3517 2186 3588 humiliabat,

535 3614 711 3688 quasi
731 3613 865 3684 jure
895 3627 966 3668 ac
987 3611 1199 3667 merito
1230 3609 1563 3666 maledictis
1588 3608 2089 3682 contumeliisque
2108 3608 2188 3665 la-

534 3702 804 3760 cessitus.
833 3703 967 3757 Jam
995 3715 1139 3756 vero
1179 3698 1300 3755 duo
1332 3700 1462 3755 haec
1490 3714 1563 3754 ex
1593 3699 1799 3754 animo
1831 3702 1934 3754 tuo
1967 3697 2180 3768 exime,

530 3807 643 3850 nec
664 3789 1298 3866 teipsumjudicaveris
1319 3789 1558 3858 magnis
1576 3788 1758 3846 rebus
1781 3787 2054 3858 dignum,
2075 3803 2186 3843 nec

531 3897 907 3956 quemquam
932 3879 1250 3935 hominum
1281 3878 1524 3933 duxeris
1553 3877 1659 3933 tibi
1688 3876 1974 3946 dignitate
2005 3876 2182 3946 longe

526 3971 874 4028 inferiorem
903 3985 1051 4025 esse.
1083 3968 1175 4025 Sic
1196 3967 1380 4033 enim,
1403 3966 1538 4022 licet
1555 3965 1890 4037 ignominia
1912 3965 2178 4038 appetiti,

523 4075 844 4133 nunquam
856 4058 934 4114 ad
950 4058 1102 4114 iram
1119 4054 1573 4112 concitabimur.
1590 4056 1776 4110 Grave
1789 4053 2038 4125 quidem
2058 4054 2181 4110 fue-

520 4150 616 4218 rit,
639 4149 950 4206 hominem
970 4143 1279 4202 beneﬁciis
1302 4144 1604 4210 affectum,
1627 4143 1925 4214 donisque
1953 4159 2022 4199 ac
2047 4159 2178 4214 gra-

520 4239 616 4296 tiis
631 4237 913 4296 maximis
928 4236 1283 4306 obligatum,
1298 4238 1513 4306 praeter
1528 4233 1744 4304 ingrati
1757 4233 1944 4288 animi
1962 4234 2176 4290 vitium

518 4329 720 4385 adhuc
739 4342 987 4401 quoque
1005 4325 1082 4381 ad
1099 4324 1439 4381 convicium
1457 4327 1635 4395 atque
1657 4322 1734 4379 ad
1752 4323 2169 4397 ignominiam,

2378 2187 2430 2238 5.
2501 2182 2708 2236 Τούτων
2761 2184 2964 2237 ἕκαντον
3053 2187 3387 2264 ὑποτρεχέτω
3467 2212 3561 2247 σου
3617 2200 3713 2256 τὴν
3793 2195 3908 2254 διά-

2303 2290 2446 2325 νοιαν
2487 2270 2618 2342 (17),
2658 2277 2747 2326 καὶ
2785 2273 3170 2330 καταστελλέτω
3216 2283 3311 2364 τὴν
3350 2280 3654 2355 φλεγμονὴν.
3699 2288 3763 2340 Ai
3807 2291 3905 2364 γὰρ

2303 2367 2547 2414 τοιαῦται
2593 2368 3028 2436 προπαρασκευαὶ
3072 2371 3162 2419 καὶ
3212 2363 3496 2438 διαθέσεις,
3558 2375 3663 2426 οἷον
3719 2375 3906 2437 πηδή-

2305 2469 2447 2523 ματα
2496 2457 2590 2512 τῆς
2646 2448 2876 2525 καρδίας
2939 2458 3029 2506 καὶ
3097 2462 3366 2530 σφυγμούς
3433 2459 3773 2537 ἀφαιροῦσαι,
3833 2469 3906 2529 είς

2305 2539 2608 2592 εὐστάθειαν
2655 2544 2745 2593 καὶ
2784 2540 3012 2612 γαλήνην
3063 2547 3185 2607 τοὺς
3230 2545 3513 2622 λογισμούς
3562 2551 3901 2626 ἔπανάγουσυ

2307 2631 2408 2680 Καὶ
2456 2627 2794 2718 1013766071»
2822 2632 2926 2704 οἶρα
2962 2634 3021 2684 τό
3061 2633 3161 2686 ύπό
3203 2643 3295 2688 τοῦ
3335 2641 3447 2708 (18)
3487 2638 3654 2694 Δαϐἱδ
3690 2643 3905 2718 εἰρημέ..

2303 2735 2406 2768 νον·
2480 2718 2560 2769 ὅτι
2631 2717 3008 2791 Ἠτοιμάσθην,
3081 2726 3172 2776 καὶ
3239 2725 3334 2778 οὐκ
3407 2717 3742 2803 ἐταράχθην.
3810 2717 3910 2788 νΔεῖ

2304 2810 2474 2858 τοίνυν
2513 2809 2570 2859 τὸ
2613 2811 2830 2880 μανικὸν
2871 2814 2961 2863 καὶ
3008 2812 3292 2872 ἔκπληκτον
3335 2820 3531 2891 κίνημα
3574 2829 3672 2883 τῆς
3716 2821 3906 2896 ψυχῆς

2305 2894 2664 2948 καταστέλλειν
2708 2905 2769 2970 τῇ
2818 2903 2996 2973 μνήμῃ
3061 2908 3161 2952 τῶν
3207 2909 3478 2978 μακαρίων
3526 2904 3729 2984 ἀνδρῶν
3768 2894 3906 2964 ύπο-

2309 2979 2625 3056 δειγμάτων·
2664 2993 2772 3047 πῶς
2827 2987 2853 3037 6
2902 2990 3065 3059 μέγας
3111 2988 3279 3044 Δαϐἱδ
3307 2995 3484 3067 πράως
3527 2979 3766 3070 ἠνείχετο
3808 3008 3906 3064 τῆς

2305 3078 2575 3146 παροινίας
2614 3077 2705 3125 τού
2735 3079 2922 3147 Σεμεεί.
2964 3075 3040 3128 Ού
3087 3081 3188 3152 ’γάρ
3221 3077 3404 3135 ἐδίδου
3454 3089 3633 3158 καιρὸν
3672 3095 3734 3161 τῇ
3767 3090 3902 3164 ὀργῇ

2303 3164 2598 3229 κινηθῆναι,
2639 3166 2771 3236 πρὸς
2797 3168 2884 3216 τὸν
2915 3168 3040 3218 Οεόν
3086 3174 3382 3245 μεταφέρων
3411 3176 3505 3231 τὴν
3536 3176 3726 3229 ἔννοιαν
3768 3179 3904 3251 (19)ο

2304 3251 2384 3302 ὅτι
2432 3254 2642 3325 Κύριος,
2694 3259 2820 3321 εἶπε,
2873 3259 3025 3326 φησὶ,
3085 3265 3156 3328 τῷ
3211 3265 3378 3331 Σεμεεὶ
3427 3268 3759 3339 καταρᾶσθαι
3810 3272 3903 3321 τὸν

2303 3336 2489 3393 Δαϐίδ.
2557 3345 2738 3415 Διόπερ
2817 3340 3016 3394 ἀκούων
3073 3347 3306 3419 αἱμάτων
3373 3348 3523 3426 ἀνὴρ,
3563 3336 3680 3406 -καὶ
3767 3353 3900 3430 ἀνὴρ

2299 3430 2616 3501 παράνομος,
2695 3429 2789 3482 οὐκ
2854 3430 3026 3506 ἐκείνῳ
3102 3433 3459 3508 ἐχαλέπαινεν,
3540 3440 3652 3495 ἀλλ’
3716 3429 3899 3498 ἑαυτὸν

2300 3517 2585 3588 ἐταπείνου,
2649 3521 2720 3582 ὡς
2774 3525 2908 3575 κατά
2965 3528 3058 3583 τὴν
3131 3524 3278 3590 ἀξίαν
3345 3529 3486 3602 αύτῷ
3541 3539 3636 3596 τῆς
3702 3533 3901 3608 ὕϐρεως

2298 3606 2612 3671 ἀπαντώσης
2669 3611 2803 3683 (20).
2872 3615 2971 3665 Δύο
3030 3610 3098 3672 δὴ
3159 3623 3326 3670 ταῦτα
3388 3620 3587 3693 περίελε
3649 3606 3895 3693 σεαντοῦ,

2295 3702 2428 3769 μήτε
2470 3717 2684 3752 σεαυτον
2732 3699 2964 3772 μεγάλων
3010 3702 3155 3765 ἄξιον
3201 3711 3402 3781 κρίνῃς,
3451 3715 3583 3781 μήτε
3613 3709 3900 3783 ἀνθρώπων

2293 3789 2409 3838 τινὰ
2450 3790 2592 3862 παρὰ
2657 3788 2784 3841 πολύ
2841 3789 3186 3846 ἐλαττοῦσθαι
3244 3815 3339 3848 σου
3391 3801 3526 3851 κατά
3581 3805 3676 3859 τὴν
3743 3800 3901 3866 ἀξίαν

2292 3881 2533 3949 νομίσῃς.
2595 3878 2749 3930 Οὕτω
2803 3880 2905 3953 ’γὰρ
2954 3878 3204 3936 οὐδέποτε
3251 3885 3276 3936 6
3328 3887 3491 3960 θυμὸς
3533 3887 3580 3940 ἐν
3628 3895 3746 3953 ταὶς
3794 3890 3900 3945 ἕπ-

2292 3971 2566 4039 αγομέναις
2619 3968 2744 4040 ἡμῖν
2801 3965 3036 4042 ἀτιμίαις
3085 3970 3522 4034 ἐπαναστήσεται·
3582 3983 3752 4032 Δεινόν
3798 3983 3901 4053 μὲν

2289 4058 2374 4107 τὸν
2423 4055 2835 4128 εὐεργετηθέντα,
2881 4063 2970 4112 καὶ
3000 4067 3116 4123 ταῖς
3160 4067 3437 4135 μεγίσταις
3480 4067 3755 4142 ὑπόχρεων
3783 4071 3898 4142 χά-

2286 4163 2421 4220 ρισι,
2471 4148 2601 4219 πρὸς
2643 4144 2715 4218 τῷ
2759 4145 3038 4222 ἀχαρίστῳ
3086 4153 3162 4205 ἔτι
3199 4159 3288 4207 καὶ
3327 4155 3524 4230 ὕϐρεως
3551 4163 3641 4211 καὶ
3673 4157 3900 4233 ἀτιμίας

2285 4235 2561 4309 κατάρξαι.
2611 4241 2779 4290 Δεινόν
2833 4242 2943 4311 μὲν,
2985 4239 3112 4293 ἀλλά
3163 4251 3235 4314 τῷ
3281 4253 3517 4300 ποιοῦντι
3553 4249 3731 4321 μεῖζόν
3770 4248 3899 4305 ἔστι

2284 4328 2443 4378 κακὸν
2494 4324 2523 4384 ἢ
2563 4333 2636 4397 τῷ
2683 4329 2971 4399 πάσχοντι.
3022 4328 3240 4395 Ἐκεῖνος
3286 4335 3561 4410 ύόριζέτω·
3607 4342 3671 4390 σὺ
3721 4335 3781 4392 δὲ
3804 4345 3891 4412 μὴ

514 4417 779 4490 priorem
809 4431 1133 4472 recurrere.
1168 4415 1354 4470 Grave
1375 4411 1553 4485 plane
1579 4416 1704 4468 est:
1735 4411 1840 4467 sed
1870 4411 2017 4468 illud
2047 4428 2172 4470 ma-

2300 4414 2522 4488 ὓϐρίξου.
2579 4417 2870 4488 Γυμνάσιόν
2923 4437 3006 4471 σοι
3070 4423 3200 4496 πρὸς
3254 4423 3557 4498 φιλοσοφίαν
3625 4430 3759 4481 ἔστω
3816 4433 3898 4484 τὰ

585 4543 634 4582 ³⁸
673 4541 786 4599 Job
832 4557 872 4610 ι,
919 4544 1008 4596 21.

514 4629 706 4684 cxvut,
740 4617 827 4670 60.
904 4612 952 4647 δι
979 4613 1027 4666 li
1055 4613 1198 4682 Reg.
1229 4627 1350 4678 xw,
1385 4613 1469 4666 10.

580 4715 697 4784 (16)
728 4714 867 4781 Reg.
902 4709 1131 4784 primus
1162 4713 1440 4784 πρόσωπον
1481 4707 1660 4764 αὐτοῦ.
1684 4711 1814 4766 Mox
1845 4708 2008 4766 idem
2037 4725 2152 4766 ms.

508 4785 674 4840 πολλά
706 4803 789 4837 σοι
815 4784 999 4840 λείψει.

507 4923 543 4983 ὃ
581 4857 688 4927 (17)
733 4850 975 4927 Antiqui
1005 4852 1128 4910 duo
1165 4850 1304 4908 libri
1349 4850 1566 4906 ἕκαστον
1611 4852 1904 4928 ύποτρέχον
1938 4872 2031 4906 σον
2067 4858 2155 4912 τὴν

549 4949 763 4983 ιανοιαν.

549 4949 763 4983 ιανοιαν.

573 5002 690 5070 (18)
723 5002 956 5055 Veteres
985 4995 1210 5070 aliquot
1238 4994 1372 5051 libri
1402 4997 1543 5070 παρά
1567 5002 1679 5070 τοῦ.
1706 4994 1821 5070 Nec
1850 4993 1933 5070 ita
1962 4996 2152 5070 multo

499 5067 638 5144 post
666 5067 788 5128 duo
817 5086 964 5144 mss.
987 5067 1385 5144 καζὲμπληκτον
1407 5067 1620 5140 κίνημα.
1649 5067 1913 5124 Subinde
1936 5067 2072 5144 editi
2096 5071 2153 5124 et

501 5133 668 5199 Colb.
704 5142 911 5198 tertius
960 5146 1016 5195 et
1045 5133 1222 5194 Cdisi.
1267 5145 1443 5212 μνήμῃ
1484 5133 1582 5190 τῶν
1626 5143 1893 5212 μακαρίων
1930 5133 2148 5190 ὑποδει-

497 5217 727 5285 γμάτων,
781 5214 1197 5285 recordatione
1234 5211 1554 5285 ‘beatorum
1593 5211 2024 5277 exemplorum.
2080 5215 2149 5265 At

496 5281 642 5339 vero
673 5284 839 5341 Colb.
871 5284 1102 5354 primus
1133 5288 1188 5337 et
1214 5281 1336 5337 duo
1365 5281 1523 5349 Regii
1547 5287 1720 5354 μνήμῃ
1748 5289 1845 5354 τῷν
1876 5285 2145 5354 μακαρίων

495 5353 956 5428 παραγγελμάτων,
981 5355 1398 5428 recordatione
1425 5353 1728 5428 beatorum
1761 5353 2143 5407 documento-

492 5424 966 5497 ru'mg'Denique
1007 5425 1177 5497 _Colb.
1244 5424 1556 5497 secundus
1594 5427 1769 5497 μνήμῃ
1821 5431 1920 5497 τῷν
1975 5443 2143 5494 μακαο

493 5502 616 5550 οίων
649 5493 849 5570 ἀνδρῶν
868 5492 1310 5568 Ὄποδειγμάτων,
1341 5492 1758 5552 recordatione
1787 5492 2135 5552 relictarum

1085 4541 1132 4575 ²⁹
1166 4539 1214 4595 ΙΙ
1246 4541 1375 4595 Cor.
1407 4553 1528 4609 vm,
1561 4541 1613 4594 9.

1691 4537 1738 4572 3°
1781 4535 1958 4596 Joan.
2003 4552 2122 4608 vui,
2169 4541 2260 4596 48.

2339 4541 2382 4576 ³³
2417 4539 2529 4598 Isa.
2575 4556 2628 4605 L,
2679 4539 2731 4598 6.
2809 4542 2856 4579 ³²
2901 4545 3099 4603 Matth.
3131 4564 3311 4619 xxvii,
3344 4553 3434 4623 31,
3461 4553 3550 4610 35.
3629 4554 3678 4590 ³³
3719 4555 3892 4614 Psal.

2267 4710 2516 4798 docetis
2545 4712 2686 4798 viris
2716 4715 3121 4786 exemplorum
3148 4736 3160 4776 :
3183 4737 3320 4795 quae
3351 4724 3657 4798 scriptura
3675 4727 3894 4788 verior

2265 4783 2454 4838 videri
2484 4788 2703 4853 potest.

2336 4855 2452 4944 (19‘)
2477 4855 2668 4941 Dditio
2703 4857 2889 4944 Basili
2913 4863 3434 4944 etnostriseptem
3474 4885 3622 4926 mss.
3655 4877 3890 4944 μεταφέ-

2262 4944 2364 5009 ρων
2379 4930 2477 5009 ,τὴν
2500 4930 2711 5009 ξννοιαν,
2733 4931 3157 5009 cogitationem
3180 4930 3555 5008 transferens
3577 4945 3636 4998 in
3655 4930 3882 5002 'Deui'n.

2262 4999 2474 5078 ξτῖαἱῒὶοΔ
2505 4999 3032 5078 Ρᾶτὶεημεταφέρων
3093 5012 3188 5064 τὴν
3247 4999 3438 5078 αἰτίαν,
3485 5016 3579 5070 rei
3621 4999 3885 5074 σαιὶεαὴε

2261 5070 2639 5149 transferens
2692 5070 2754 5127 in
2803 5070 2990 5149 Deam
3029 5092 3040 5126 :
3095 5081 3262 5149 quod
3311 5070 3528 5139 melius
3567 5070 3698 5142 esse
3741 5070 3887 5146 non

2257 5152 2435 5227 nego.
2489 5142 2601 5198 Sed
2632 5159 2754 5227 quo
2786 5145 2998 5227 melior
3041 5142 3285 5227 esihasc
3314 5149 3510 5226 lectio,
3551 5172 3622 5212 eo
3663 5142 3884 5227 magi;

2256 5211 2402 5301 mihi
2435 5211 2715 5301 suspecta
2745 5221 2852 5301 est.
2890 5219 3341 5301 Vereornenim,
3386 5242 3459 5301 ne
3494 5211 3883 5301 Itypiogirap’t—z—i

2253 5297 2467 5372 vocem
2489 5287 2611 5340 non
2642 5285 2721 5341 ita
2752 5285 3038 5372 idoneam
3069 5290 3187 5349 alia
3207 5300 3264 5350 et
3285 5285 3607 5356 melioreét
3628 5285 3882 5372 {pubi-5

2252 5353 2327 5408 de
2362 5372 2473 5410 suo
2515 5359 2961 5414 commutarint.

2321 5427 2436 5500 (20)
2471 5427 2632 5485 Colb.
2667 5429 2900 5500 primus
2929 5431 3208 5496 ὑπαντώση
3222 5455 3260 5500 ς.
