4076 6190
157 207 256 258 365

1338 201 1634 257 HOMILIA
1679 199 2047 256 ADVERSUS
2093 201 2346 257 IRATOS

3415 209 3521 264 366

152 327 380 399 ῥήματα.
444 324 562 379 Ἐὰν
609 329 678 398 μὴ
733 321 970 398 δηχθῇς,
1020 326 1244 402 ἄτρωτος
1288 322 1349 381 εἶ.
1405 328 1506 379 Εάν
1565 322 1625 378 δὲ
1672 330 1763 379 καὶ

1873 322 1995 380 lum
2021 324 2221 396 majus
2252 327 2340 381 est
2360 322 2599 381 facienti
2626 339 2815 398 quam
2846 326 3116 399 patienti.
3145 329 3523 389 Convicietur

153 417 318 488 πάθῃς
341 435 393 467 τι
417 419 514 473 τὴν
541 414 750 488 ψυχὴν,
784 414 831 468 ἐν
861 423 1063 486 σεαυτῷ
1112 419 1352 488 κάτασχε
1399 420 1458 468 τό
1506 415 1759 489 λυπηρόν.

153 502 350 576 Ἐνέμοὶ
397 505 527 580 γὰρ,
588 509 766 576 φησὶν,
820 501 1090 579 ἐταράχθη
1145 506 1174 562 ἦ
1221 501 1421 580 κάρδία
1465 525 1586 578 μου.
1617 523 1762 556 τουτ-

153 591 308 662 ἐστιν,
362 593 422 645 ού
480 590 700 651 διεδόθη
753 597 880 669 πρὸς
920 597 979 647 τὸ
1029 593 1122 656 ἔξω
1176 595 1442 663 τὸπάθος,
1477 593 1622 645 ἀλλ”
1652 593 1759 645 οἷόν

149 702 197 734 τι
248 691 396 756 κῦμα
441 687 569 736 εἵσω
593 692 690 736 τῶν
751 683 1000 755 αἰγιαλῶν
1045 683 1401 736 κατακλασθὲν
1446 682 1755 759 ἐστορέσθη.

151 774 556 844 Καθησύχασόν
582 793 671 845 μοι
697 777 791 832 τὴν
817 769 1042 849 καρδίαν
1073 772 1398 826 ύλακτοῦσαν
1429 778 1520 825 καὶ
1552 771 1760 847 ἀγριαί-

147 881 359 918 νουσαν.
419 860 690 917 Αἰδείσθω
736 865 803 915 τά
839 863 981 921 πάθη
1022 870 1114 915 τού
1145 861 1192 914 ἓν
1222 868 1307 916 σοὶ
1335 863 1492 936 λόγου
1521 867 1616 920 τὴν
1649 861 1758 914 ἐπι-

149 954 376 1022 φάνειαν,
436 953 614 1027 ὧσπερ
657 955 717 1004 τὸ
766 950 817 1004 ἐν
859 957 1043 1004 παισὶν
1083 953 1305 1005 ἄτακτον
1338 949 1523 1028 ἀνδρὸς
1555 948 1756 1003 αἰδεσί-

147 1061 242 1113 μου
295 1046 624 1114 παρουσίαν.
683 1049 797 1103 Πῶς
852 1040 914 1094 ἂν
963 1038 1049 1094 οὖν
1097 1043 1403 1116 ἐκφύγοιμεν
1447 1045 1542 1100 τὴν
1582 1039 1637 1092 ἐκ
1661 1047 1754 1093 τοῦ

149 1130 462 1202 ὀργίζεσθαι
514 1129 756 1203 βλάϐηνς
824 1130 942 1185 Ἐὰν
992 1137 1249 1204 πείσωμεν
1300 1135 1386 1184 τὸν
1444 1131 1604 1204 θυμόν
1678 1132 1750 1202 μὴ

147 1219 532 1294 προλαμϐάνειν
583 1224 700 1282 τούς
753 1220 1060 1293 λογισμούς,
1112 1219 1240 1273 ἀλλά
1301 1223 1486 1274 τούτου
1551 1227 1752 1294 πρῶτον

148 1308 531 1382 ἐπιμελώμεθα,
583 1311 648 1371 ὡς
704 1306 966 1382 μηδέποτε
1017 1310 1170 1363 αύτὸν
1227 1314 1594 1386 προεκτρέχειν
1662 1315 1753 1368 τῆς

150 1396 420 1461 διανοίαςο
501 1403 704 1472 ἔχωμεν
788 1397 848 1453 δὲ
918 1403 1090 1476 ὥσπερ
1159 1402 1314 1453 ἵππον
1389 1399 1751 1471 ύνεζευγμένον

150 1491 289 1562 ἑμῖν,
323 1495 417 1542 καὶ
451 1491 559 1542 οἷον
608 1490 809 1562 χαλινῷ
841 1511 945 1542 τινι
973 1498 1045 1562 τῷ
1095 1489 1232 1562 λόγῳ
1289 1489 1602 1556 καταπειθῆ,
1653 1507 1753 1560 μη-

153 1575 320 1651 δαμοῦ
374 1589 472 1640 τῆς
527 1579 720 1643 τάξεως
750 1579 1053 1632 ίκϐαίνοντα
1090 1588 1178 1640 τῆς
1233 1578 1442 1648 οἰκείας,
1504 1576 1751 1650 ἀγόμενον

151 1665 206 1722 δὲ
371 1676 469 1722 τοῦ
493 1668 673 1740 λόγου,
710 1668 781 1741 ἐφ’
829 1671 950 1744 ὅπερ
1006 1667 1066 1720 ἄν
1113 1670 1416 1740 καθηγῆται
1443 1671 1581 1738 (21).
1636 1665 1752 1720 Ἔτι
1787 1695 1831 1748 Β

150 1762 244 1832 γὰρ
300 1763 431 1834 πρὸς
481 1759 647 1812 πολλὰ
701 1767 799 1811 τῶν
852 1767 943 1820 τῆς
997 1757 1177 1835 ἀρετῆς
1239 1761 1399 1834 ἔργων
1457 1753 1753 1815 ἐπιτήδειον

154 1852 292 1921 ἐμῶν
321 1857 418 1909 τῆς
457 1849 643 1921 ψυχῆς
671 1852 728 1902 τό
767 1845 1056 1922 θυμοειδὲς,
1095 1851 1238 1917 ὅταν,
1279 1849 1452 1923 ὥσπερ
1483 1867 1560 1908 τις
1591 1865 1756 1920 στρα-

153 1944 354 2009 τιώτης,
385 1940 537 2014 παρὰ
564 1947 638 2009 τῷ
672 1946 953 2012 στρατηγῷ
997 1941 1063 1991 τὰ
1103 1938 1237 1990 ὅπλα
1268 1939 1490 2010 θέμενος,
1541 1935 1757 2009 ἑτοίμως

157 2023 233 2078 ἑ.τί
257 2029 325 2079 τόι
355 2026 817 2102 παραγγελλόμενα
869 2028 958 2087 τὰς
1007 2025 1250 2099 βοηθείας
1292 2029 1618 2102 παρέχηται,
1667 2027 1758 2076 καὶ

161 2119 441 2189 σύμμαχος
592 2124 664 2186 τῷ
715 2115 851 2189 λόγῳ
906 2117 1043 2168 κατά
1095 2123 1186 2176 τῆς
1233 2115 1507 2188 ἁμαρτίας.
1561 2121 1757 2189 Νεῦρον

157 2208 253 2278 γὰρ
309 2206 423 2258 ἐστι
471 2213 562 2266 τῆς
605 2205 788 2277 ψυχῆς
837 2206 862 2257 ό
904 2207 1082 2278 θυμὸς,
1135 2209 1277 2259 τόνον
1321 2204 1452 2277 αὐτῇ
1508 2206 1635 2279 πρὸς
1663 2207 1757 2260 τὴν

156 2302 246 2345 τῶν
276 2293 451 2344 καλῶν
484 2295 724 2346 ἔνστασιν
767 2291 1012 2365 ἐμποιῶν.
1062 2293 1122 2345 Εἰ
1143 2295 1244 2369 γὰρ
1303 2312 1426 2346 ποτε
1461 2290 1612 2344 λάϐοι
1659 2290 1758 2342 αύ-

157 2387 244 2441 τὶν
276 2382 364 2454 ὑφ’
389 2378 589 2443 ἡδονῆς
615 2381 934 2448 ἐκλυθεῖσα-ι,
979 2384 1134 2435 οἱονεὶ
1187 2381 1330 2455 βαφῇ
1388 2377 1616 2455 σιδήρου
1646 2381 1756 2450 (22)

161 2477 456 2542 στομώσας,
492 2471 759 2546 αὐστηρὰν
799 2471 961 2529 αὐτὴν
1008 2476 1098 2524 καὶ
1128 2467 1369 2546 ἀνδρείαν
1419 2469 1474 2522 ἐκ
1524 2468 1760 2542 μαλακῆς

157 2562 289 2631 ἄγαν
338 2565 431 2614 καὶ
487 2558 748 2632 ἀνειμένης
789 2559 1047 2618 ἐποίησεν.
1130 2560 1204 2612 Ού
1255 2563 1380 2634 γὰρ,
1437 2559 1481 2612 εί
1536 2563 1608 2631 μὴ
1643 2561 1760 2630 (23)

163 2651 454 2722 θυμωθείης
500 2651 638 2701 κατά
685 2655 776 2701 τοῦ
815 2656 1065 2724 πονηροῦ,
1108 2645 1330 2702 δυνατόν
1385 2667 1471 2701 σοι
1525 2655 1760 2720 μισῆσαι

163 2739 312 2790 αὗτόν
342 2741 471 2790 ὅσον
495 2738 659 2800 ἀξιον.
693 2743 777 2790 Δεῖ
811 2740 935 2810 γὰρ,
986 2739 1159 2812 οἶμαι,
1203 2743 1296 2796 τὴν
1348 2731 1496 2795 ἴσην’
1519 2732 1759 2794 σπουδὴν

165 2829 300 2898 ἔχειν
357 2831 481 2901 περί
529 2845 586 2879 τε
626 2831 720 2885 τὴν
783 2825 989 2898 ἀγάπην
1038 2835 1127 2888 τῆς
1179 2826 1358 2903 ἀρετῆς
1404 2830 1495 2879 καὶ
1545 2829 1663 2900 περὶ
1700 2827 1760 2877 τὸ

165 2925 313 2988 μῖσος
368 2925 465 2977 τῆς
518 2915 792 2989 ἁμαρτίας.
861 2919 993 2989 Πρὸς
1046 2917 1166 2992 ὅπερ
1219 2916 1451 2990 μάλιστα
1493 2920 1762 2990 χρήσιμος
1795 2958 1836 3016 C

167 3008 190 3058 ό
231 3009 392 3078 θυμός
426 3026 441 3039 ο
476 3001 687 3058 ἐπειδὰν
743 3007 849 3059 οἷον
904 3008 1040 3057 κύων
1087 3009 1314 3078 ποιμένι,
1364 3005 1524 3065 ούτως
1550 3006 1575 3056 ό
1603 3006 1762 3078 θυμὸς

164 3103 232 3165 τῷ
260 3095 504 3168 λογισμῷ
535 3099 901 3168 παρεπόμενος,
944 3101 1103 3169 πρᾶος
1159 3098 1281 3168 μένῃ
1337 3095 1452 3165 (24)
1504 3099 1594 3147 καὶ
1638 3111 1762 3165 χει-

165 3187 351 3259 ροήθης
378 3192 488 3245 τοῖς
513 3184 790 3256 ὠφελοῦσι,
842 3189 932 3237 καὶ
989 3183 1327 3244 εύανάκλητος
1377 3191 1447 3254 τῷ
1498 3181 1759 3256 λογισμῷ,

166 3277 283 3348 πρὸς
331 3278 426 3346 μὲν
479 3277 578 3331 τὸν
634 3271 898 3347 ἀλλοτρίαν
950 3277 1040 3325 καὶ
1106 3277 1275 3345 φωνὴν
1343 3276 1435 3324 καὶ
1499 3271 1618 3343 ὄψιν
1689 3270 1764 3333 ἐξ·

170 3361 646 3437 αγριούμενος,κᾶν
701 3365 972 3437 θεραπείαν
1021 3365 1160 3434 ἔχειν
1201 3359 1358 3436 δοκῇ,
1407 3368 1499 3415 τοῦ
1555 3357 1615 3414 δε
1647 3380 1766 3413 συν-

171 3454 316 3512 ήθους
367 3452 511 3523 αύτῷ
562 3457 652 3503 καὶ
720 3451 868 3523 φίλου
939 3450 1307 3523 ἐμϐοήσαντος,
1387 3451 1762 3507 ὑποπτήσσων.

173 3543 300 3598 Αὕτη
332 3540 533 3614 ἀρίστη
567 3539 680 3593 ἐστὶ
718 3544 808 3592 καὶ
848 3543 1088 3616 ἔμμετρος
1119 3541 1228 3613 (25)
1271 3547 1345 3610 τῷ
1395 3544 1624 3615 φρονίμῳ
1675 3546 1767 3599 τῆς

171 3630 342 3702 xtuli;
366 3635 518 3705 μέρει
543 3631 686 3704 παρὰ
713 3636 806 3682 τοῦ
835 3625 1139 3702 θυμοειδοῦς
1169 3631 1199 3688 ἡ
1252 3633 1521 3704 συνεργία.
1579 3627 1637 3680 ’0
1665 3630 1767 3702 γὰρ

169 3729 390 3782 τοιοῦτος
419 3717 764 3781 ἀδιάλλακτος
793 3722 940 3773 ἔσται
966 3728 1069 3782 τοῖς
1100 3719 1386 3781 ἐπιϐούλοις
1428 3724 1518 3772 καὶ
1565 3720 1768 3772 ἄσπον-

172 3807 290 3872 δος·
336 3806 610 3883 μηδέποτε
651 3814 747 3869 τὴν
793 3813 922 3886 πρὸς
962 3813 1022 3863 τὸ
1067 3808 1299 3882 βλάπτον
1343 3803 1770 3882 φιλιανκαταδε-

168 3907 408 3974 χόμτδος,
479 3899 611 3951 ἀλλά
669 3903 767 3958 τὴν
844 3898 1110 3952 ἐπίϐουλον
1170 3895 1366 3958 ἡδονὴν
1423 3901 1597 3973 ὥσπερ
1655 3899 1773 3950 τινὰ

167 3989 313 4043 λύκον
344 3990 588 4042 ὑλακτῶν
630 3987 710 4042 ἀεὶ
740 3993 830 4042 καὶ
863 3990 1209 4063 σπαράσσων.
1263 3995 1509 4042 Τοιοῦτον
1553 3991 1642 4060 μὲν
1700 3983 1767 4045 δὴ

166 4086 220 4132 τό
265 4079 369 4132 ἀπὸ
415 4081 587 4152 θυμοῦ
617 4078 870 4152 ὠφέλιμον
909 4085 1014 4138 τοῖς
1062 4074 1234 4131 εἰδόσι
1286 4078 1770 4150 μεταχειρίζεσθαι.

1867 413 2002 469 ille:
2035 417 2099 470 tu
2127 429 2266 470 vero
2296 430 2390 469 me
2421 413 2778 470 conviciare.
2829 415 2955 472 Sint
3012 417 3116 473 tibi
3164 419 3294 490 ejus
3332 420 3522 478 verba

1867 504 2210 560 exercitatio
2240 505 2317 560 ad
2348 504 2818 578 philosophiam.
2844 507 2901 563 Si
2933 507 3142 581 iniquo
3168 510 3376 568 animo
3395 527 3518 568 non

1865 593 2044 662 feras,
2074 593 2292 650 vulnus
2320 594 2550 650 nullum
2581 595 2862 668 accepisti
2887 613 2900 664 ;
2936 597 3028 652 sin
3049 598 3365 670 quidpiam
3387 602 3518 657 ani-

1864 699 1968 740 mo
1993 683 2238 757 pateris,
2266 683 2566 740 tristitiam
2612 685 2772 740 intra
2818 685 3078 758 teipsum
3126 689 3386 746 contine.
3441 690 3517 747 In

1863 789 1976 844 me,
2007 774 2192 843 enim,
2222 773 2437 845 inquit,
2471 774 2782 830 turbatum
2814 780 2900 831 est
2930 790 3033 832 cor
3056 779 3313 833 meum“
3341 795 3355 834 :
3401 779 3517 836 hoc

1864 867 1970 931 est,
2001 880 2125 920 non
2157 863 2318 919 foras
2347 863 2568 935 prodiit
2605 863 2876 934 affectus,
2926 865 3032 921 sed
3081 867 3258 938 quasi
3295 867 3514 924 ﬂuctus

1861 953 2112 1026 quidam
2141 953 2298 1008 intra
2325 952 2524 1010 littora
2554 952 2865 1009 diﬁ‘ractus
2897 955 3189 1012 consedit.
3217 956 3514 1013 Allatran-

1859 1046 1982 1099 tem
1996 1047 2052 1098 et
2063 1042 2487 1098 exacerbatum
2501 1043 2775 1098 animum
2790 1043 2967 1099 velim
2984 1044 3515 1103 sedes.Reverean-

1862 1133 1957 1187 tur
1986 1130 2238 1187 aﬂ‘ectus
2270 1131 2353 1186 tui
2383 1135 2694 1203 aspectum
2738 1132 3006 1201 rationis,
3051 1148 3175 1189 non
3219 1149 3390 1190 secus
3440 1151 3512 1191 ac

1860 1219 2051 1292 pueri,
2085 1219 2134 1275 si
2171 1219 2588 1275 immodestius
2630 1236 2692 1275 se
2723 1225 2954 1291 gerant,
3009 1221 3120 1276 viri
3155 1222 3511 1279 venerabilis

1858 1308 2274 1381 praesentiam.
2315 1308 2424 1374 Qui
2454 1309 2635 1378 igitur
2654 1307 2978 1365 iracundia:
2998 1324 3220 1368 noxam
3249 1311 3510 1382 effugere

1859 1397 2243 1470 poterimus?
2292 1398 2346 1454 Si
2397 1398 2499 1453 iraa
2554 1397 2946 1469 suaserimus,
2992 1402 3057 1454 ut
3100 1414 3176 1454 ne
3211 1400 3509 1458 rationem
3593 1389 3603 1396 ”

1858 1492 2194 1560 praevertat,
2229 1488 2351 1544 imo
2380 1488 2441 1543 in
2472 1487 2741 1560 primum
2771 1503 2978 1543 curam
3019 1487 3514 1563 diligentiamque

1859 1591 2188 1648 ponamus,
2214 1582 2281 1633 ut
2299 1591 2616 1648 nunquam
2637 1582 2965 1650 praecurrat
2984 1582 3272 1644 mentem,
3287 1578 3392 1634 sed
3413 1593 3518 1651 po-

1860 1665 1977 1722 tius
1991 1665 2330 1721 habeamus
2343 1665 2507 1720 illam
2520 1665 2699 1721 veluti
2715 1681 2937 1738 equum
2955 1665 3132 1722 nobis
3151 1667 3514 1741 subjectum,

1861 1760 1917 1812 et
1940 1754 2157 1811 rationi
2188 1759 2482 1825 tanquam
2514 1753 2756 1809 cuidam
2780 1754 2950 1810 freno
2979 1753 3517 1828 obtemperantem,

1860 1859 1974 1902 nec
1991 1858 2256 1914 usquam
2282 1846 2453 1898 extra
2475 1858 2653 1897 suum
2677 1841 2872 1920 ipsius
2890 1843 3166 1899 ordinem
3193 1845 3516 1914 egredien-

1862 1937 2005 2000 tem,
2028 1932 2135 1988 sed
2155 1948 2192 1990 a
2207 1931 2456 2002 ratione,
2482 1921 2944 2004 qubviScunque
2969 1933 3438 2004 praeeat,abduci
3457 1949 3520 1990 se

1865 2023 2180 2080 sinentem.
2216 2025 2365 2078 Nam
2387 2021 2572 2078 animi
2602 2022 2789 2077 nostri
2820 2021 2910 2078 ira
2936 2021 3158 2078 idonea
3177 2028 3266 2080 est
3285 2028 3340 2080 et
3359 2023 3522 2080 utilis

1864 2113 1945 2171 ad
1965 2111 2157 2169 multa
2185 2111 2422 2168 virtutis
2452 2125 2658 2183 opera,
2693 2125 2833 2166 cum
2873 2110 3098 2168 scilicet
3142 2111 3308 2168 velut
3347 2112 3522 2170 miles

1867 2201 2104 2274 aliquis,
2121 2200 2410 2272 depositis
2432 2198 2600 2272 apud
2619 2199 2837 2255 ducem
2860 2199 3066 2268 armis,
3081 2205 3521 2275 prompte,quo

1863 2294 2237 2364 praeceptum
2266 2289 2462 2356 fuerit,
2489 2289 2717 2345 venerit
2739 2289 3074 2362 suppetias,
3099 2294 3154 2346 et
3178 2291 3398 2347 rationi
3419 2291 3523 2348 ad-

1864 2395 2075 2444 versus
2102 2381 2419 2452 peccatum
2459 2393 2640 2450 opem
2689 2376 2903 2435 tulerit.
2957 2381 3053 2435 Est
3100 2380 3263 2436 enim
3301 2381 3522 2438 anima:

1865 2467 2211 2536 nervusira,
2233 2466 2420 2523 robur
2448 2467 2500 2523 ei
2531 2471 2587 2522 et
2605 2469 2762 2522 vires
2784 2467 2863 2522 ad
2883 2467 3077 2524 bonas
3102 2484 3201 2524 res
3224 2470 3524 2525 instanter

1865 2561 2439 2630 perseveranterque
2465 2555 2741 2626 agendas
2768 2555 3128 2612 ministrans.
3153 2557 3446 2613 Nimirum
3469 2557 3524 2613 si

1865 2647 2115 2720 quando
2136 2647 2405 2703 animam
2431 2661 2554 2719 prae
2575 2645 2879 2718 voluptate
2901 2645 3236 2703 exsolutam
3260 2646 3525 2704 offende-

1864 2736 1962 2805 rit,
1984 2751 2120 2792 eam
2146 2735 2535 2792 consolidans
2564 2733 2702 2790 ferri
2731 2735 2907 2807 quasi
2937 2735 3199 2791 tinctura
3227 2735 3524 2808 quadam,

1867 2830 2173 2883 austeram
2205 2830 2262 2881 et
2297 2825 2513 2882 fortem
2539 2840 2612 2880 ex
2634 2823 2812 2880 valde
2853 2823 3018 2880 molli
3044 2839 3241 2898 exque
3271 2824 3529 2881 remissa

1867 2914 2088 2972 reddit.
2121 2916 2322 2986 Neque
2345 2913 2528 2982 enim,
2551 2911 2665 2968 nisi
2692 2913 2782 2968 ira
2802 2913 3034 2969 excand
3045 2914 3205 2969 ueris
3232 2913 3526 2970 adversus

1868 3003 2203 3070 diabolum,
2238 3002 2366 3058 ﬁeri
2395 3018 2666 3076 unquam
2690 3007 2908 3074 potest,
2933 3007 2998 3058 ut
3022 3019 3162 3059 eum
3184 3019 3294 3076 pro
3317 3004 3530 3060 merito

1867 3093 2090 3152 oderis.
2119 3095 2363 3166 Oportet
2379 3092 2559 3153 enim,
2578 3091 2816 3164 opinor,
2839 3096 3006 3148 tanto
3028 3093 3228 3150 studio
3255 3093 3529 3149 virtutem

1869 3182 2084 3252 amari,
2101 3186 2330 3255 quanto
2346 3180 2487 3237 odio
2499 3185 2738 3252 oportet
2758 3185 3074 3253 peccatum
3097 3179 3531 3247 haberi.Quam

1867 3272 1930 3329 in
1970 3288 2099 3328 rem
2134 3271 2223 3327 ira
2253 3270 2412 3326 utilis
2440 3275 2528 3326 est
2552 3269 2816 3326 maxime
2840 3288 2853 3339 ;
2879 3285 3020 3326 cum
3047 3274 3112 3326 ut
3133 3270 3301 3328 canis
3336 3277 3535 3344 pasto-

1867 3378 2021 3426 rem,
2043 3361 2124 3417 ita
2148 3361 2236 3416 ira
2257 3361 2553 3417 rationem
2585 3364 2809 3428 secuta,
2861 3361 3022 3416 mitis
3072 3367 3447 3434 permaneat,
3477 3367 3536 3420 et

1871 3451 2174 3522 morigera
2188 3449 2899 3525 juvantibus,possitque
2920 3449 3095 3507 facile
3121 3466 3157 3507 a
3177 3454 3410 3508 ratione
3435 3468 3535 3508 re-

1872 3539 2041 3597 duci:
2093 3545 2301 3595 contra
2325 3538 2408 3595 ad
2437 3539 2702 3595 alienam
2729 3543 2855 3594 tum
2886 3554 3123 3608 vocem,
3158 3545 3286 3596 tum
3316 3541 3536 3599 faciem

1874 3633 2282 3702 exasperetur,
2333 3627 2569 3683 etiamsi
2609 3633 2864 3700 utraque
2894 3626 3265 3700 obsequiosa
3289 3645 3425 3686 esse
3447 3631 3534 3685 vi-

1875 3719 2108 3774 deatur.
2137 3716 2249 3774 Sed
2273 3716 2325 3771 si
2354 3715 2640 3773 inclamet
2670 3715 2988 3772 familiaris
3011 3717 3538 3791 etamicus,pavet

1875 3806 2304 3878 formidatque.
2329 3805 2639 3878 Optimum
2677 3811 2857 3878 atque
2871 3805 2989 3877 89
3011 3806 3291 3878 prudenti
3313 3807 3533 3864 animm

1876 3895 2034 3970 parti
2054 3893 2763 3951 accommodatissimum
2776 3899 2865 3950 est
2883 3894 3177 3950 auxilium
3194 3895 3346 3951 illud
3367 3896 3536 3968 quod

1879 3986 1958 4042 ab
1978 3985 2272 4041 irascente
2299 3981 2486 4038 animi
2512 3988 2682 4055 parte
2709 3983 3032 4038 confertur.
3075 3985 3224 4039 Nam
3267 3984 3374 4057 qui
3402 3985 3537 4041 talis

1878 4073 2075 4141 fuerit,
2104 4088 2422 4146 nunquam
2445 4087 2585 4128 cum
2608 4071 3038 4128 insidiantibus
3059 4071 3120 4128 in
3160 4073 3416 4144 gratiam
3463 4090 3538 4130 ac

167 4169 302 4223 Ἐπεὶ
381 4173 478 4221 καὶ
548 4177 647 4220 τῶν
703 4167 869 4221 ἄλλων
924 4163 1191 4241 δυνάμεων
1247 4166 1435 4225 ἕκαστη
1491 4168 1633 4239 παρὰ
1686 4168 1769 4218 τόν

1880 4162 2272 4220 concordiam
2291 4161 2632 4233 reducetur,
2647 4161 2877 4218 nullam
2901 4177 3172 4234 unquam
3187 4179 3326 4218 cum
3337 4179 3400 4220 re
3413 4163 3541 4222 ulla

166 4263 354 4332 τρόπον
385 4266 482 4318 τῆς
514 4261 759 4332 χρήσεως
790 4257 820 4317 ἣ
854 4259 1014 4309 κακὸν
1043 4257 1072 4316 ἡ
1127 4255 1321 4329 ἀγαθόν
1363 4263 1436 4328 τῷ
1484 4258 1775 4328 κεκτημένῳ

167 4355 383 4419 γίνεται.
463 4348 615 4413 Οἷον,
682 4354 755 4417 τῷ
812 4344 1172 4420 ἕπιθυμητικῷ
1229 4353 1319 4407 τῆς
1372 4345 1556 4417 ψυχῆς
1608 4345 1634 4396 ό
1687 4347 1776 4416 μεν

171 4437 232 4498 εἰς
289 4437 594 4490 ἀπόλαυσιν
650 4440 838 4512 σαρκός
888 4441 980 4489 καὶ
1041 4445 1141 4489 τῶν
1215 4433 1519 4510 ἀκαθάρτων
1577 4431 1776 4492 ἡδονῶν

173 4525 623 4601 ἀποχρησάμενος
687 4522 970 4598 βδελυκτὸς
1017 4529 1106 4578 καὶ
1158 4522 1486 4592 ἀκόλαστος,
1514 4525 1539 4576 ό
1590 4520 1649 4576 δε
1695 4522 1780 4576 ἐπὶ

173 4621 260 4675 τὶν
318 4615 543 4688 ἀγάπην
589 4621 680 4668 τοῦ
734 4621 867 4669 Θεοῦ
920 4613 1130 4689 τρίψας,
1183 4618 1273 4667 καὶ
1305 4615 1422 4686 ,τὴν
1475 4612 1638 4690 ὄρεξιν
1679 4620 1780 4666 τῶν

241 4741 289 4778 ³⁵
311 4739 484 4799 Psal.
531 4756 700 4816 cmi,
729 4741 784 4800 4.

241 4865 362 4936 (2i)
385 4868 635 4939 Veteres
677 4865 909 4939 aliquot
953 4863 1096 4939 libri
1141 4865 1202 4919 ἂν
1251 4870 1569 4939 κατηγῆται.
1630 4864 1806 4923 Alius'

177 4951 288 4992 ms.
323 4944 385 5010 et
409 4937 562 4992 editi
591 4937 922 5010 καθηγεῖται.
975 4937 1202 4993 Ibidem
1235 4940 1376 5009 Reg.
1396 4937 1641 5010 primus
1675 4941 1788 4992 ἔστι

179 5013 274 5080 γὰρ
302 5005 394 5061 οὖν
422 5014 581 5083 πρός,
611 5005 775 5083 _Colb.
805 5009 1041 5083 primus
1069 5011 1183 5083 ἔστι
1205 5012 1304 5083 γὰρ
1322 5005 1472 5083 s95;-

249 5079 362 5148 (22)
392 5079 751 5148 ln'editione
784 5079 964 5135 Paris.
989 5079 1302 5136 oscitantia
1323 5079 1642 5148 operarum
1668 5097 1793 5136 cor-

185 5158 359 5275 ru‘pte
389 5150 617 5221 legitur
645 5147 885 5226 σίδηρον,
918 5149 1024 5206 ubi
1060 5168 1130 5207 ex
1170 5167 1319 5207 mss.
1355 5147 1679 5222 legendum
1705 5157 1796 5209 est

188 5241 240 5273 σι
279 5243 433 5275 ῑΰῦυ.

188 5241 307 5280 σιντ
321 5243 433 5278 SOU.

253 5281 727 5367 (εὲμιιιιάρογάρ
744 5293 1129 5366 εἰμή,οῑο.,εἰο
1144 5293 1564 5366 interpretatus
1579 5299 1666 5350 est
1684 5295 1798 5351 Vo-

187 5363 517 5421 laterranus
563 5363 870 5422 Nec'eni'm
919 5367 970 5420 si
1007 5373 1216 5438 contra
1252 5363 1624 5438 iniquitatem
1647 5367 1797 5422 desit

190 5438 527 5506 indignatio
543 5444 602 5494 et
618 5441 734 5505 ira,
752 5438 1041 5509 satiseam
1058 5435 1199 5509 odio
1211 5452 1326 5507 quo
1343 5435 1505 5494 decet
1523 5439 1802 5509 persequi

185 5511 403 5576 poteris
414 5525 438 5566 .·
456 5509 689 5583 quibus
703 5521 777 5566 ex
794 5507 998 5565 verbis
1009 5512 1172 5581 patet
1187 5507 1575 5581 interpretem
1589 5507 1801 5566 vocem

1880 4252 2063 4310 noxia
2074 4251 2404 4308 amicitiam
2417 4248 2874 4316 admittens,sed
2888 4249 3245 4307 insidiosam
3257 4252 3540 4326 volupta-

1883 4347 2002 4399 tem
2024 4340 2199 4414 quasi
2218 4339 2432 4412 lupum
2461 4339 2792 4412 quemdam
2809 4339 3034 4411 jugiter
3053 4339 3366 4412 allatrans,
3393 4343 3543 4402 dila-

1881 4432 2208 4502 niansque.
2243 4431 2376 4483 Haec
2405 4433 2494 4483 est
2523 4427 2700 4498 igitur
2728 4428 2830 4483 il‘tB
2861 4428 3082 4485 utilitas
3133 4430 3228 4499 iis,
3273 4432 3378 4505 qui
3425 4438 3543 4490 tra-

1883 4527 2044 4578 ctare
2071 4535 2210 4576 eam
2240 4534 2312 4574 ac
2344 4517 2650 4574 moderari
2672 4518 2966 4576 noverint.
3018 4522 3169 4578 Nam
3202 4527 3260 4579 et
3284 4522 3541 4580 aliarum

1883 4610 2236 4669 facultatum
2260 4607 2543 4682 quaelibet
2564 4623 2676 4682 pro
2695 4609 2904 4667 utendi
2927 4609 3090 4669 molo
3116 4617 3221 4669 aut
3238 4613 3420 4683 male,
3441 4617 3548 4672 aut

1899 4863 2637 4942 noanpoisumpsissenpro
2659 4863 2916 4942 remala
2944 4867 3000 4922 et
3027 4862 3257 4942 iniqua.
3286 4861 3401 4942 Sed
3423 4877 3547 4918 non

1897 4933 2322 5010 animadvertit
2342 4939 2430 4994 vir
2454 4933 2681 5010 alioqui
2710 4937 2925 5010 doctus
2955 4933 3168 5010 vocem
3194 4933 3371 5010 αὐτόν,
3411 4949 3550 5010 qua;

1897 5015 1955 5065 et
1994 5012 2054 5065 in
2085 5009 2260 5065 editis
2293 5014 2350 5064 et
2378 5011 2436 5065 in
2476 5003 2620 5064 mss’.
2655 5008 2890 5078 legitur,
2946 5005 3130 5078 aliud
3157 5003 3450 5078 suadere:
3484 5006 3553 5059 Et

1900 5081 2060 5137 enim
2089 5081 2136 5136 si
2168 5081 2284 5152 hoc
2311 5080 2446 5136 loeo
2476 5096 2614 5152 vox,
2637 5074 2864 5152 πονηροῦ
2887 5076 3078 5152 accipi
3094 5074 3336 5152 deberet
3355 5090 3466 5152 pro
3488 5091 3553 5130 re

1900 5153 2129 5224 iniqua,
2174 5151 2322 5217 αύτό,
2363 5167 2494 5224 non?
2519 5145 2674 5202 αὐτόν
2707 5145 2997 5224 scripturn,
3021 5145 3254 5224 fuisset.
3281 5145 3553 5224 Dubium

1903 5215 2084 5292 igitur
2102 5215 2226 5278 non
2251 5215 2360 5291 est,
2397 5223 2543 5293 quin
2590 5215 3000 5293 voce__1:§vnpo'3
3047 5215 3293 5286 intelligi
3335 5215 3560 5275 debeat

1904 5287 2086 5351 totius
2111 5287 2443 5365 iniquitatis
2471 5306 2688 5363 parens
2719 5287 3020 5365 diabolus.

1979 5367 2088 5433 (24)
2116 5356 2307 5419 Edilio
2334 5356 2590 5434 utraque
2624 5365 2784 5433 πρᾶος
2810 5363 2959 5434 μένῃ.
3026 5356 3268 5416 Veteres
3296 5365 3562 5434 quatuor

1905 5429 2050 5513 libri
2069 5429 2229 5513 rrpfzo;
2257 5436 2347 5506 μεν

1984 5505 2269 5579 (25)’Βθεζ
2309 5505 2542 5578 primus
2570 5507 2660 5557 καὶ
2687 5505 2943 5577 εὔμετρος.
