4076 6190
585 157 688 211 367

581 275 737 336 bene
784 278 941 337 cedit
986 278 1337 353 possidenti.
1385 277 1653 351 Exempli
1699 293 1905 345 causa,
1957 275 2234 350 quisquis

580 369 1033 442 concupiscenti
1050 369 1235 425 animi
1256 372 1424 441 parte
1447 367 1526 424 ad
1553 368 1752 424 carnis
1771 367 2232 423 delectationem

580 464 638 516 et
660 459 738 516 ad
757 459 1139 533 impurarum
1160 457 1537 529 voluptatum
1557 473 1739 513 usum
1762 456 2047 525 abutitur,
2066 471 2233 511 exse-

579 549 822 606 crabilis
842 554 932 606 est
952 554 1009 605 et
1035 547 1416 621 impudicus;
1446 548 1553 621 qui
1574 564 1715 605 vero
1745 564 1881 604 eam
1905 547 1984 603 ad
2007 546 2107 602 Dei
2136 545 2229 601 di-

572 637 893 695 lectionem
912 637 1168 704 verterit,
1184 636 1331 693 etad
1343 641 1705 694 aeternorum
1720 645 2022 694 bonorum
2038 650 2226 708 appe-

573 727 863 796 titionem,
890 727 939 783 is
959 726 1185 797 dignus
1215 731 1305 783 est
1334 727 1739 796 aemulatione,
1772 732 1830 784 et
1858 727 2098 783 beatus.
2156 727 2224 780 Et

1949 153 2021 224 s._
2048 150 2301 208 BASlLll
2339 153 2564 210 MAGNI

3819 166 3908 224 368

2267 280 2307 329 Α
2346 276 2563 330 αἰωνίων
2639 278 2868 351 ἀγαθῶν,
2924 280 3145 344 ζηλωτὸς
3191 287 3281 336 καὶ
3329 287 3585 361 μακάριος
3639 289 3772 361 (26).
3819 297 3908 346 Καὶ

2342 367 2495 419 πάλιν
2558 373 2615 422 τὸ
2672 370 2969 452 λογιστικὸν
3019 373 3044 423 6
3091 375 3181 444 μὲν
3233 373 3397 435 καλῶς
3447 381 3911 454 μεταχειριζόμενος

2344 457 2583 530 φρόνιμός
2636 457 2748 510 ἐστι
2800 465 2889 511 xui
2921 466 3125 521 συνετός
3153 482 3164 495 ·
3216 463 3242 513 6
3274 459 3333 515 δὲ
3363 463 3446 516 ἐπὶ
3477 463 3647 540 βλάϐῃ
3679 488 3777 520 των
3800 470 3909 530 πλη-

2344 549 2455 596 σίον
2504 547 2809 620 ὴκονημένος
2863 552 2948 602 τὸν
3017 557 3157 617 νοῦν,
3233 560 3583 629 κακεντρεχής
3661 556 3770 611 ἐστι
3829 566 3909 615 καὶ

2338 644 2627 712 κακοῦργος
2642 681 2655 693 .

2259 738 2473 780 rursus
2516 727 2622 799 qui
2656 729 3016 787 rationalem
3056 731 3240 789 animi
3274 737 3508 806 partem
3539 736 3728 809 probe
3756 740 3906 810 regit,

573 816 838 890 prudens
868 820 955 873 est
983 832 1055 873 ac
1080 816 1324 889 sapiens
1348 835 1361 885 ;
1393 817 1500 889 qui
1528 833 1671 873 vero
1702 816 1763 874 in
1788 816 2050 889 proximi
2080 812 2408 888 perniciem
2434 821 2698 874 mentem
2726 824 2969 877 acutam
2994 821 3198 890 habet,
3227 824 3390 881 vafer
3408 830 3497 882 est
3517 832 3575 883 et
3594 827 3908 890 maleﬁcus.

645 911 697 964 6.
729 905 1109 977 Absitigitur,
1140 910 1203 962 ut
1232 922 1304 962 ea
1324 922 1462 979 quae
1491 906 1669 963 nobis
1691 906 1838 963 data
1866 911 2006 962 sunt
2025 904 2104 962 ad
2136 921 2230 962 sa-

570 995 758 1054 lutem
778 1012 818 1052 a
847 996 1191 1071 Conditore,
1223 995 1607 1053 occasionem
1631 996 1808 1053 nobis
1830 995 1978 1068 ipsis
2002 995 2234 1068 peccati

570 1085 870 1144 faciamus
896 1086 908 1141 l
934 1086 1019 1141 Ita
1034 1086 1124 1141 ira
1138 1101 1386 1158 quoque
1407 1101 1547 1141 cum
1568 1089 1806 1159 oportet
1829 1089 1887 1141 et
1911 1090 1976 1140 ut
1994 1089 2234 1157 oportet

570 1179 900 1243 commota,
923 1173 1104 1230 efﬁcit
1122 1173 1328 1240 robur,
1344 1173 1821 1247 patientiamque
1844 1179 1901 1231 et
1921 1174 2228 1230 continen-

568 1264 716 1321 tiam
741 1280 755 1320 :
789 1262 897 1319 sed
926 1278 1068 1318 cum
1089 1262 1212 1332 agit
1232 1267 1450 1334 praeter
1472 1266 1700 1320 rectam
1725 1264 2040 1335 rationem,
2062 1262 2222 1320 insa-

566 1353 670 1410 nia
698 1352 786 1411 ﬁt.
831 1353 1213 1424 Quapropter
1240 1367 1353 1407 nos
1379 1351 1558 1408 etiam
1584 1352 1857 1408 Psalmus
1889 1352 2177 1410 admonet
2204 1369 2218 1408 :

566 1441 934 1510 Irascimini,
956 1446 1011 1497 et
1031 1441 1218 1497 nolite
1233 1442 1565 1510 peccare“.
1623 1442 1777 1507 Quin
1823 1445 1880 1498 et
1929 1442 2222 1499 Dominus

2402 908 2455 959 6.
2488 911 2572 963 Μὴ
2630 903 2697 965 δὴ
2755 905 2844 961 οὖν
2893 913 2960 962 τὰ
3010 914 3136 985 πρὸς
3186 919 3447 988 σωτηρίαν
3492 916 3618 989 ἡμῖν
3675 914 3911 993 δεδομένα

2330 995 2473 1068 παρά
2499 1002 2589 1047 τοῦ
2619 1002 2889 1060 κτίσαντος
2942 997 3178 1075 ἀφορμὴν
3231 1002 3430 1064 ἑαυτοῖς
3478 1004 3731 1080 ἁμαρτίας
3772 1015 3909 1068 ποιή-

2332 1101 2518 1156 σωμεν.
2550 1086 2699 1138 Οὕτω
2718 1083 2785 1148 δὴ
2818 1093 2908 1141 καὶ
2938 1090 2963 1141 6
2991 1091 3167 1162 θυμὸς,
3197 1094 3280 1144 ὅτε
3311 1089 3413 1163 δεῖ,
3445 1100 3536 1148 xui
3564 1097 3631 1157 ὡς
3656 1093 3737 1150 δεῖ
3755 1103 3911 1151 κινού-

2327 1192 2491 1244 μενος,
2534 1171 2753 1250 ἀνδρίαν
2799 1186 2938 1231 ποιεῖ
2990 1170 3078 1232 xui
3126 1182 3390 1254 ὑπομονὴν
3444 1189 3534 1237 καὶ
3582 1186 3905 1260 ἐγκράτειαν·

2325 1262 2470 1335 παρά
2533 1258 2592 1315 δὲ
2661 1268 2748 1316 τὸν
2800 1264 2949 1340 ὀρθὸν
3005 1266 3157 1338 λόγον
3209 1269 3444 1345 ἐνεργῶν,
3499 1258 3907 1347 μανία-γίνεται.

2325 1352 2603 1442 ᾼιάῗτοῦτο
2629 1359 2719 1406 καὶ
2748 1357 2883 1428 ἡμᾶς
2930 1357 2955 1407 6
3005 1356 3211 1430 Ψαλμός
3252 1362 3478 1414 νουθετεῖ
3532 1366 3640 1427 «27)
3665 1385 3679 1398 ’
3735 1365 3908 1442 Ὀργί-

2327 1438 2499 1528 ζεσθε,
2559 1446 2650 1494 καὶ
2700 1448 2771 1515 μὴ
2828 1443 3162 1518 ἁμαρτάνετε.
3230 1453 3331 1500 Καὶ
3387 1450 3413 1501 6
3473 1454 3658 1526 Κύριος
3704 1438 3909 1528 τῷτμξν

565 1536 632 1588 ut
659 1530 883 1586 frustra
907 1528 1189 1586 irascenti
1220 1529 1521 1600 judicium
1549 1530 1951 1588 minitatur”:
1996 1530 2081 1587 sic
2108 1531 2209 1600 ira,

2325 1527 2644 1603 ὁργίζομένῳ
2705 1531 2813 1591 εἰκῆ
2869 1537 2962 1592 τὴν
3019 1539 3193 1609 κρίσιν
3251 1536 3669 1593 ἐπανατείνεται·
3743 1527 3908 1599 τὸῗδε

564 1624 630 1676 ut
647 1619 729 1676 ita
748 1617 972 1688 dicam,
994 1618 1125 1675 vice
1148 1618 1577 1676 medicamenti
1607 1619 1686 1676 ad
1708 1636 1779 1677 ea
1799 1636 1936 1692 quae
1961 1624 2218 1693 oportet,
2261 1654 2277 1670 κ

560 1708 649 1766 uti
675 1724 800 1765 non
829 1707 1134 1780 prohibet.
1166 1707 1319 1764 Illud
1348 1708 1510 1765 enim
1536 1730 1550 1765 :
1580 1710 1970 1767 Inimicitiam
1994 1724 2216 1780 ponam

557 1800 720 1856 inter
748 1803 804 1855 te
841 1802 897 1855 et
933 1799 1361 1868 serpentem”;
1405 1798 1548 1855 item
1588 1798 1766 1856 illud:
1812 1800 2054 1856 Inimici
2086 1800 2215 1856 sitis

556 1889 916 1948 Madianitis
931 1889 1005 1955 ³9,
1047 1888 1322 1946 docentis
1353 1892 1462 1957 est,
1502 1888 1823 1946 iracundia
1846 1889 2010 1946 velut
2029 1888 2215 1946 armis

555 1980 853 2038 utendum
885 1996 1037 2036 esse.
1084 1981 1279 2046 Quare
1327 1982 1563 2052 Moyses
1586 1980 1909 2038 hominum
1937 1980 2213 2038 omnium

555 2069 1161 2139 mansuetissimus“,
1182 2068 1587 2126 idololatriam
1614 2069 2212 2139 ulturus,Levitarum

552 2168 775 2218 manus
806 2158 886 2216 ad
900 2158 1165 2239 .fratrum
1188 2157 1416 2215 caedem
1436 2159 1712 2216 armavit.
1743 2160 1962 2228 Ponat,
1993 2158 2207 2232 inquit,

552 2251 962 2322 unusquisque
974 2248 1448 2319 gladiumsuper
1454 2250 1658 2318 femur
1667 2264 1863 2318 suum,
1878 2254 1932 2305 et
1956 2249 2212 2305 transite

552 2355 592 2397 a
605 2345 789 2411 porta
808 2338 890 2394 ad
900 2343 1166 2407 portam,
1189 2342 1246 2394 et
1265 2338 1456 2394 redite
1469 2352 1581 2407 per
1605 2344 1810 2395 castra
1830 2356 1853 2392 .·
1882 2344 1936 2395 et
1959 2338 2210 2395 occidite

552 2429 958 2501 unusquisque
973 2427 1232 2497 fratrem
1252 2442 1445 2495 suum,
1461 2432 1513 2483 et
1538 2428 1944 2498 unusquisque
1957 2428 2210 2497 propin-

553 2533 740 2591 quum
760 2532 959 2587 suum,
986 2521 1041 2572 et
1067 2516 1477 2588 unusquisque
1494 2516 1845 2585 proximum
1861 2531 2033 2572 suum
2051 2518 2119 2570 ιι.
2142 2517 2209 2572 Ει

550 2606 741 2681 paulo
767 2609 926 2679 post,
950 2606 1028 2662 Et
1050 2606 1233 2676 dixit,
1265 2605 1481 2678 inquit,
1526 2606 1803 2677 Moyses:
1848 2606 2208 2676 Implevistis

551 2712 768 2754 manus
781 2703 1008 2753 vestras
1022 2695 1196 2752 hodie
1207 2696 1460 2752 Domino
1470 2737 1483 2760 ,
1497 2697 1904 2768 unusquisque
1914 2698 1977 2752 in
1987 2697 2139 2767 ﬁlio,
2152 2701 2209 2754 et

552 2785 615 2841 in
628 2786 838 2855 fratre
856 2799 984 2853 suo,
1006 2789 1073 2838 ut
1092 2783 1269 2839 detur
1286 2798 1467 2852 super
1485 2798 1587 2840 vos
1608 2784 1930 2841 benedictio
1952 2786 2016 2836 ⁸³.
2055 2783 2211 2850 Quid

552 2887 700 2929 vero
725 2870 1400 2942 Phineemjustiﬁcavit?
1420 2874 1628 2927 Nonne
1633 2871 1799 2943 justa
1817 2873 1907 2930 ira
1918 2872 2210 2930 adversus

556 2959 952 3019 scortatores?
971 2959 1075 3033 qui
1094 2959 1320 3033 alioqui
1334 2975 1630 3033 perquam
1652 2961 1813 3017 mitis
1833 2977 1906 3018 ac
1925 2978 2208 3019 mansue-

555 3056 673 3121 tus,
705 3054 1110 3124 posteaquam
1139 3049 1382 3106 Zambri
1411 3066 1551 3106 cum
1592 3055 1794 3108 scorto
1831 3051 2211 3109 Madianitide

553 3139 761 3216 palam
781 3144 839 3197 et
866 3139 995 3195 sine
1013 3138 1380 3196 verecundia
1406 3143 1731 3197 coeuntem
1755 3140 2026 3209 vidisset,
2053 3141 2208 3198 adeo

554 3235 625 3287 ut
639 3245 716 3286 ne
745 3232 1134 3299 contegerent
1159 3228 1409 3301 quidem
1431 3228 1814 3300 turpitudinis
1836 3246 1961 3285 suae
1981 3230 2206 3287 infame

554 3317 991 3393 spectaculum,
1005 3317 1256 3374 hocnon
1268 3316 1688 3389 perferens,ira
1698 3323 2039 3390 opportune
2055 3335 2205 3378 usus

553 3413 664 3478 est,
685 3412 942 3480 utroque
957 3406 1443 3463 hastatransﬁxo
1460 3406 1527 3463 ⁸³.
1554 3406 1797 3464 Samuel
1816 3412 2017 3464 autem
2036 3413 2207 3480 Agag

548 3510 759 3570 regem
777 3495 1042 3563 Amalec,
1070 3512 1108 3554 a
1138 3495 1312 3553 Saule
1330 3498 1549 3568 praeter
1567 3496 1928 3554 mandatum
1952 3498 2053 3554 Dei
2074 3514 2205 3555 ser-

550 3592 990 3655 vatum,nonne
1003 3585 1064 3642 in
1081 3585 1350 3641 medium
1367 3586 1834 3658 productumira
1843 3587 2009 3658 justa
2026 3587 2207 3645 inter-

551 3678 696 3735 emit
712 3677 760 3713 ⁸⁸
775 3677 805 3733 ?
844 3676 938 3734 Sic
963 3675 1056 3732 ira
1082 3674 1445 3747 plerumque
1464 3675 1773 3732 actionum
1793 3675 2096 3733 bonarum
2117 3681 2207 3736 est

550 3765 849 3823 ministra.
875 3767 1103 3821 Rursus
1138 3762 1359 3819 zelotes
1385 3762 1481 3819 ille
1520 3763 1676 3820 Elias
1721 3763 2204 3837 quadringentos

548 3854 995 3929 quinquaginta
1013 3853 1174 3909 viros
1194 3853 1565 3923 confusionis
1586 3853 1947 3921 sacerdotes,
1977 3859 2033 3911 et
2051 3871 2204 3927 qua-

549 3944 905 4015 dringentos
932 3944 1095 3999 viros
1125 3941 1471 3998 sacerdotes
1488 3940 1791 4013 lucorum,
1814 3958 2089 4000 mensam
2113 3945 2204 4000 Je-

547 4033 720 4091 zabel
748 4032 1153 4099 comedentes,
1194 4030 1645 4087 consultissima
1693 4047 1764 4088 ac
1811 4032 2070 4104 sapienti
2114 4033 2205 4091 ira

545 4123 611 4180 in
631 4123 809 4180 totius
839 4120 1072 4178 Israelis
1098 4119 1492 4176 commodum
1534 4120 1829 4177 interfecit
1849 4122 1916 4175 ⁸⁵.
1940 4121 2032 4177 Tu
2060 4138 2202 4180 vero

2324 1616 2400 1689 ἐφ’
2429 1617 2464 1669 ἃ
2490 1614 2572 1671 δεῖ
2618 1623 2919 1693 κεχρῆσθαι
2961 1630 3023 1695 τῇ
3058 1623 3211 1700 ὀργῇ,
3267 1629 3332 1687 ὡς
3378 1627 3427 1681 ἐν
3458 1634 3730 1703 φαρμάκου
3784 1629 3909 1687 εῖδει

2321 1706 2380 1759 οὐ
2429 1717 2782 1782 παραιτεῖται.
2822 1714 2891 1765 Τὸ
2945 1715 3070 1787 γὰρ,
3120 1713 3357 1792 Ἔχθραν
3413 1720 3560 1778 Θησω
3613 1719 3709 1774 ἀνά
3754 1727 3907 1796 μέσον

2322 1815 2417 1849 σου
2470 1802 2560 1851 xui
2614 1806 2707 1852 τοῦ
2755 1804 2909 1873 ὄφεως
2942 1822 2955 1836 ·
3011 1808 3100 1856 καὶ
3151 1808 3232 1877 τὸ,
3285 1805 3618 1883 Ἐχθραίνετε
3670 1820 3772 1874 τοῖς
3799 1821 3911 1868 Μα-

2320 1881 2596 1955 διηναίοις,
2684 1885 3032 1952 ὃιδάσκοντός
3112 1892 3226 1947 ἐστι
3288 1881 3589 1972 κεχρῆσθαι
3634 1908 3706 1971 τῷ
3762 1904 3908 1976 θυμῷ

2317 1976 2490 2051 ὥσπερ
2515 1976 2672 2051 ὅπλῳ.
2718 1981 2814 2032 Διά
2851 1988 3004 2034 τοῦτο
3033 1989 3260 2045 Μωῦσῆς
3317 1987 3343 2038 6
3380 1990 3584 2042 πάντων
3632 1989 3907 2067 ἀνθρώπων

2314 2070 2623 2137 πραότατος,
2687 2065 2907 2123 ἐκδικῶν
2963 2076 3058 2131 τὴν
3129 2070 3574 2152 εἰδωλολατρείαν,
3643 2065 3733 2142 τὰς
3804 2091 3908 2135 τῶν

2315 2159 2544 2207 Λευῑτῶν
2595 2165 2779 2232 χεῖρας
2865 2163 2991 2236 πρὸς
3063 2164 3149 2215 τὸν
3217 2172 3317 2216 τῶν
3366 2162 3596 2240 ἀδελφῶν
3640 2173 3784 2241 φόνον
3830 2170 3909 2235 ἐξ·

2313 2243 2528 2300 ὠπλισε.
2584 2249 2784 2315 Θέσθω,
2834 2254 2986 2322 φησὶ,
3060 2256 3153 2310 τὴν
3217 2253 3476 2328 ῥομφαίαν
3545 2258 3756 2321 ἕκαστος
3821 2260 3909 2314 ἐπὶ

2310 2335 2397 2385 τὸν
2445 2338 2612 2410 μηρὸν
2666 2336 2846 2405 αὐτοῦ,
2900 2343 2991 2392 καὶ
3043 2336 3267 2396 διέλθετε
3318 2342 3418 2398 ἀπὸ
3469 2347 3634 2410 πύλης
3680 2349 3747 2410 εἰς
3795 2353 3909 2403 πύ-

2311 2421 2428 2490 λην,
2460 2429 2551 2477 xui
2581 2423 2923 2500 ἀνακάμψατε
2953 2425 3046 2483 διὰ
3073 2439 3166 2493 τῆς
3218 2434 3544 2509 παρεμϐολῆς
3569 2459 3583 2472 ο
3641 2444 3730 2493 καὶ
3779 2438 3921 2494 ἀπο-

2311 2515 2542 2565 κτείνατε
2598 2514 2814 2576 ἕκαστος
2864 2520 2950 2569 τὸν
3007 2514 3227 2592 ἀδελφὸν
3289 2522 3469 2593 αὐτοῦ,
3537 2530 3627 2585 xui
3691 2528 3917 2591 ἕκαστος

2310 2603 2399 2652 τὸν
2450 2600 2673 2660 πλησίον
2726 2604 2908 2672 αὐτοῦ,
2962 2611 3051 2661 καὶ
3102 2609 3318 2672 ἕκαστος
3368 2617 3455 2666 τὸν
3503 2616 3726 2687 ἔγγιστα
3790 2620 3920 2692 (28)

2313 2689 2496 2746 αὐτοῦ.
2553 2697 2655 2746 Καὶ
2701 2694 2811 2766 μετ’
2861 2694 3011 2767 ὀλίγα
3042 2718 3056 2731 ο
3117 2704 3220 2752 Καὶ
3277 2697 3402 2765 εἷπε,
3447 2710 3598 2776 φησὶ,
3630 2689 3915 2769 Menidas;

2318 2778 2683 2856 Ἐπληρὼσατε
2756 2786 2848 2846 τὰς
2910 2792 3095 2862 χεῖρας
3163 2790 3305 2862 ὑμῶν
3380 2795 3492 2865 (29)
3554 2800 3779 2869 σήμερον
3839 2806 3922 2869 τῷ

2249 2903 2290 2961 C
2322 2873 2516 2942 Κυρίῳ,
2594 2871 2807 2935 ἕκαστος
2896 2873 2945 2926 ἐν
3024 2884 3096 2948 τῷ
3158 2881 3255 2950 υἱῷ
3319 2881 3503 2953 αὑτοῦ,
3567 2889 3657 2938 καὶ
3720 2886 3770 2939 ἐν
3839 2895 3925 2958 τῷ

2320 2955 2523 3032 ἀδελφῷ
2581 2963 2765 3032 αὐτοῦ,
2815 2960 3037 3024 δοθῆναι
3089 2967 3161 3041 ἐφ’
3219 2971 3351 3043 ὑμᾶς
3421 2973 3675 3047 εὐλογίαν.
3732 2980 3798 3031 Τί
3857 2955 3930 3031 6λέ

2314 3052 2399 3103 τὸν
2427 3053 2590 3112 Φινεὲς
2620 3048 2959 3121 ἐδικαίωσεν;
3009 3055 3131 3128 Οὐχ
3169 3059 3199 3117 ἡ
3253 3056 3437 3115 δικαία
3479 3062 3610 3139 ὀργὴ
3636 3068 3773 3118 κατὰ
3812 3076 3931 3120 τῶν

2313 3142 2745 3214 πορνευσάντων;
2787 3142 2857 3210 ὂς,
2887 3145 2954 3197 τὰ
2980 3144 3145 3198 πολλά
3194 3147 3420 3212 ἐπιεικὴς
3467 3153 3534 3204 ὧν
3582 3159 3671 3207 xui
3722 3163 3926 3230 πρᾶος,

2315 3226 2497 3315 ἐπειδὴ
2530 3226 2636 3283 εἶδε
2665 3235 2758 3290 την
2783 3238 3021 3308 πορνείαν
3072 3244 3165 3290 τοῦ
3212 3239 3417 3315 Ζαμϐρὶ
3441 3248 3531 3297 xui
3555 3252 3647 3306 τῆς
3696 3226 3935 3300 Μαδια-

2311 3314 2507 3408 uirida;
2577 3318 2869 3392 ἀναφανδὸν
2921 3329 3012 3377 καὶ
3056 3314 3556 3403 ἀπηρυθριασμένως
3609 3340 3929 3408 γινομένην,

2311 3404 2436 3461 οὐδὲ
2467 3408 2933 3481 σνγκαλνπτόντων
2972 3414 3139 3468 αὐτῶν
3168 3424 3260 3479 τῆς
3289 3418 3550 3492 αἰσχύνης
3595 3404 3693 3483 τὴν
3716 3404 3931 3498 ἀσχή-

2310 3516 2442 3571 μονα
2487 3500 2624 3568 θέαν,
2676 3499 2770 3552 οὐκ
2813 3499 3186 3577 ἀνασχόμενος,
3226 3507 3295 3569 εἰς
3350 3505 3466 3563 δέον
3508 3511 3781 3588 ἐχρήσατο
3842 3515 3931 3588 τῷ

2314 3589 2481 3677 ρνμῷ,
2524 3585 2597 3641 δι’
2646 3588 2833 3663 ἀμφοῖν
2884 3591 3069 3655 ἐλάσας
3114 3599 3203 3648 τὸν
3244 3585 3612 3673 σειρομάοτην.
3663 3585 3931 3677 Σαμουὴλ

2312 3674 2372 3731 δὲ
2395 3681 2480 3730 τὸν
2513 3677 2679 3751 Ἀγὰγ
2703 3683 2789 3732 τὸν
2821 3678 3047 3753 βασιλέα
3069 3691 3162 3736 τοῦ
3207 3684 3445 3759 ’Δμαλὴκ
3486 3691 3584 3744 ὐπό
3624 3699 3716 3745 τοῦ
3734 3674 3932 3748 ’Σαοὺλ

2308 3770 2453 3855 παρὰ
2478 3771 2539 3821 τὸ
2569 3772 2888 3843 πρόσταγμα
2937 3778 3029 3824 τοῦ
3074 3781 3208 3827 Θεοῦ
3254 3781 3605 3853 περισωθέντα
3650 3782 3755 3855 οὐχ
3809 3786 3932 3839 ὑπὸ

2311 3850 2522 3944 δικαίας
2585 3857 2743 3932 ὀργῆς
2827 3860 2895 3920 εἰς
2973 3865 3130 3934 μέσον
3211 3850 3421 3938 ἀγαγὼν
3499 3850 3932 3944 κατεφόνενσενς

2311 3943 2463 4035 Οὕτω
2513 3950 2711 4017 γίνεται
2761 3947 3005 4012 πολλάκις
3064 3953 3091 4004 ὁ
3161 3955 3318 4027 θυμὸς
3393 3943 3637 4029 ἀγαθῶν
3671 3961 3936 4035 πράξεων

2309 4034 2586 4109 ὑπηρέτης.
2671 4036 2846 4099 Ἠλίας
2902 4035 2962 4093 δε
3018 4042 3043 4093 6
3098 4042 3353 4114 ζηλωτὴς,
3425 4034 3743 4108 πεντήκοντα
3826 4058 3939 4107 καὶ

2306 4131 2672 4220 τετρακοσίους
2722 4124 2915 4204 ἄνδρας
2973 4132 3117 4207 ἱερεῖς
3158 4143 3247 4195 τῆς
3294 4136 3575 4210 αἰσχύνης,
3616 4147 3706 4195 καὶ
3726 4159 3937 4220 τετρα-

544 4212 715 4269 fratri
730 4216 832 4268 tuo
848 4210 1124 4267 irasceris
1144 4213 1388 4273 temere,
1412 4224 1485 4264 ac
1506 4208 1632 4265 sine
1652 4226 1858 4266 causa.
1882 4212 2200 4276 Quomodo

2313 4218 2515 4276 κοσίονς
2571 4212 2766 4291 ἄνδρας
2820 4221 2965 4293 ἱερεῖς
3020 4230 3118 4274 τῶν
3172 4208 3396 4294 ἀλσῶν,
3445 4228 3709 4293 ἐσθίοντας
3792 4208 3934 4309 (δῦ)

546 4301 707 4358 enim
732 4300 861 4356 sine
877 4297 1443 4368 causa,cum,altero
1464 4296 1705 4356 aﬂlante
1726 4315 1797 4356 ac
1809 4308 2193 4375 provocante,

544 4389 717 4447 alteri
736 4393 938 4446 tamen
959 4393 1022 4445 tu
1051 4403 1409 4444 succenseas
1430 4386 1458 4443 ?
1504 4391 1700 4461 Atque
1723 4390 1887 4462 quod
1907 4406 2089 4448 canes
2114 4392 2199 4450 fa-

544 4478 777 4549 ctitant,
795 4477 943 4535 facis
966 4496 980 4534 :
1012 4478 1119 4551 qui
1136 4476 1374 4550 lapides
1395 4478 1695 4549 mordent,
1718 4496 1857 4536 cum
1878 4470 2002 4538 non
2024 4482 2196 4539 attin-

543 4572 692 4643 gant
707 4568 1145 4641 projicientem.
1172 4568 1284 4635 Qui
1301 4567 1642 4639 instigatur,
1680 4569 2038 4628 miserabilis
2068 4576 2191 4640 est;

2304 4305 2566 4397 τράπεζαν
2640 4306 2883 4375 Ἰεζάϐελ,
2940 4308 3280 4386 λελογισμένῳ
3324 4317 3472 4390 θυμῷ
3528 4325 3617 4372 καὶ
3672 4305 3933 4397 σώφρονι

2306 4393 2374 4455 εὶς
2434 4390 2605 4467 ὄφελος
2658 4400 2845 4457 παντὸς
2904 4406 2997 4452 τοῦ
3055 4400 3269 4477 Ἰσραὴλ
3331 4406 3641 4465 ἐθανάτωσε.
3856 4410 3933 4468 δε

2305 4481 2492 4556 ὀργίζῃ
2520 4492 2592 4554 τῷ
2625 4481 2827 4558 ἀδελφῷ
2859 4505 2954 4540 σον
2986 4489 3119 4549 εἰκῆ.
3172 4498 3285 4555 Πῶς
3312 4496 3413 4571 γὰρ
3454 4495 3547 4551 οὐκ
3573 4499 3707 4569 εἰκῆ,
3739 4500 3931 4556 ἄλλον

2303 4572 2621 4649 ἐνεργοῦντος
2672 4573 2808 4649 ἄλλῳ
2847 4576 3179 4650 χαλεπαίνων
3225 4582 3417 4655 αὐτός;
3473 4593 3574 4643 Καὶ
3623 4597 3793 4653 ποιεῖς
3854 4596 3930 4646 τὸ

614 4748 663 4786 ³⁸
691 4745 848 4805 Psal.
881 4762 958 4818 Iv,
993 4749 1045 4803 5.
1122 4746 1167 4782 ³⁷
1192 4744 1395 4803 Matth.
1416 4761 1477 4814 v,
1516 4748 1606 4801 22.
1684 4747 1732 4783 ³⁸
1764 4748 1905 4803 Gen.
1938 4764 2024 4816 in,
2062 4753 2148 4806 l5.

2313 4752 2643 4845 Sumxnv,
2676 4755 2768 4812 17.
2844 4755 2893 4793 ⁸ο
2918 4759 3091 4819 Num.
3125 4776 3227 4833 xn,
3256 4764 3309 4820 3.
3387 4761 3432 4802 ⁸¹
3461 4763 3649 4827 Exod.
3706 4784 3926 4845 xxxu,

708 4839 756 4875 ⁸³
786 4836 934 4895 ibid.
956 4836 1049 4895 29.
1125 4836 1174 4872 ⁸³
1203 4837 1382 4895 Νιιω.
1411 4850 1548 4906 xxv,
1582 4838 1635 4892 8.

539 4843 634 4900 27.

611 5017 914 5091 (26)Colb.
946 5015 1153 5074 tertius
1176 5017 1267 5068 καὶ
1322 5016 1666 5090 μακαριστός,
1716 5013 1926 5073 beatus
1960 5016 2186 5087 ρνιεάί.

536 5093 1238 5248 ἴᾚιξῗὲθειρξὶωηελεῐ
1264 5157 1664 5248 9°}b-.£er£i“3
1703 5160 1797 5248 Διᾲ
1824 5168 1977 5248 τῗῦτθ
2024 5165 2114 5214 καὶ
2139 5162 2185 5248 μό

534 5229 1015 5307 Ψαλμῳδὸς’ἡμᾶς
1059 5233 1289 5285 νουθετεῖ
1328 5229 1652 5304 ὀργίζεσθαι,
1692 5236 1781 5284 καὶ
1818 5237 1889 5305 μὴ
1941 5233 2183 5309 ἁμαρτά-

563 5325 651 5359 ειν.

531 5325 714 5458 πιῖέὸ)
738 5374 829 5458 Sic
855 5391 1006 5458 mss.
1045 5372 1575 5458 pleriqueomnes.
1631 5372 1778 5430 Editi
1823 5371 2180 5458 uidebant)-

528 5457 621 5503 τοῦ
650 5446 893 5518 πλησίον,
924 5449 1014 5498 καὶ
1045 5446 1258 5506 ἕκαστος
1288 5448 1373 5498 τὸν
1400 5448 1617 5518 ἔγγιστα
1645 5462 1658 5501 :
1692 5447 1859 5518 quod
1896 5446 2179 5503 mutilum

1713 4837 1762 4874 ⁸⁸
1793 4837 1815 4891 Ι
1844 4840 1985 4908 Reg.
2017 4854 2111 4910 xv,
2144 4843 2235 4898 33.

2311 4840 2359 4877 ⁸⁵
2381 4844 2453 4897 Ill
2480 4843 2623 4913 Reg.
2655 4858 2815 4912 xvm,
2845 4848 3038 4905 22-40.

2292 5022 2421 5076 erat
2439 5024 2495 5077 et
2516 5036 2823 5080 mancum.

2365 5094 2922 5184 t29lllunclocum,
2953 5096 3317 5184 Ἐπληρώσατε
3365 5104 3455 5166 *ἀς
3495 5112 3689 5184 χεῖρας.
3725 5108 3897 5184 ὑμῶν

2291 5159 2426 5250 etc”
2460 5159 2829 5247 implevisti}:
2876 5159 3089 5250 manus
3113 5159 3377 5248 'vestras,
3435 5159 3596 5250 ἐπεί

2291 5236 2545 5297 Ducaeus
2572 5237 2631 5291 in
2665 5238 2791 5294 suis
2816 5240 2996 5298 notis.

2359 5308 2471 5376 (30)
2504 5307 2669 5386 Regii
2689 5308 2811 5386 dpq
2860 5317 2915 5366 et
2961 5311 3126 5386 Colb.
3160 5315 3395 5386 primus
3432 5324 3757 5382 πεντήκοντα
3812 5328 3929 5385 καὶ

2254 5414 2259 5417 _
2287 5384 2651 5465 ἷεὶῖραίιοσίους
2709 5373 2940 5465 ἄνδρας..
2970 5385 3139 5465 ξερέων
3161 5373 3295 5440 ’τῶν
3346 5389 3534 5462 ἀλσῶν,
3599 5373 3928 5465 ἐσθίονταςῖ

2284 5448 2395 5508 Alii
2422 5450 2545 5507 duo
2581 5468 2732 5507 mss.
2764 5448 2823 5510 et
2849 5454 2992 5512 editi
3012 5448 3079 5513 ἰιι
3106 5457 3169 5514 in
3195 5466 3493 5534 contextu,
3521 5448 3739 5529 'fusius.
