4076 6190
169 331 272 385 369

1355 322 1651 381 HOMILIA
1688 316 2055 375 ADVERSUS
2103 316 2358 373 IRATOS

3437 312 3543 367 370

168 462 263 506 τῶν
292 459 466 506 κυνῶν
494 472 510 486 ο
551 450 600 505 οἳ
636 453 756 513 τοὺς
806 451 981 513 λίθους
1026 448 1299 519 δάκνουσι,
1355 455 1448 502 τοῦ
1503 445 1769 521 βάλλοντος

1883 439 1990 514 qui
2000 454 2140 496 vero
2154 437 2565 508 instigat,odio
2575 438 2666 493 est
2674 432 3167 492 habendus.llluc
3177 432 3331 490 iram
3346 434 3541 491 trans-

168 543 222 597 οὗ
275 547 732 618 προσαπτόμενοι.
794 541 853 595 Ὀ
921 542 1273 618 ἐνεργούμενος
1330 538 1534 598 ἐλεεινός
1566 558 1578 570 ·
1636 537 1661 587 ὁ
1717 530 1777 586 δὲ

169 633 381 706 ἐνεργῶν
436 637 681 705 μιπτός.
743 632 883 685 Ἐκεῖ
933 636 1021 685 τὸν
1080 634 1239 704 θυμὸν
1298 631 1510 704 μετάθες
1558 627 1639 680 ἐπὶ
1686 627 1773 678 τὸν

166 722 616 798 ἆνθρωποκτόνον,
647 726 735 776 τὸν
766 731 858 776 τοῦ
883 718 1111 794 ψεύδους
1140 725 1357 793 πατέρα,
1410 722 1498 772 τὸν
1551 717 1772 791 ἐργάτην

166 821 251 873 τῆς
281 812 550 889 ἁμαρτίας
575 834 589 848 ·
641 821 716 884 τῷ
758 809 818 866 δε
857 808 1062 886 ἀδελφῷ
1099 817 1188 865 καὶ
1246 810 1615 884 συμπάθησον,
1669 808 1771 875 ὅτι,

167 902 244 954 ἑὼ
298 902 544 976 ἐπιμείνη
720 902 975 975 ἁμαρτία,
1030 904 1160 974 μετὰ
1194 907 1287 953 τοῦ
1336 895 1582 951 διαϐόλου
1610 914 1774 970 παρα-

168 987 461 1048 δοθήσεται
507 999 583 1062 τῷ
636 991 827 1061 αἰωνίῳ
884 1010 1033 1063 πυρι.
1081 989 1280 1062 Ὠσπερ
1338 984 1397 1041 δί
1449 989 1515 1039 τὰ
1545 985 1774 1058 ὀνόματα

166 1077 399 1156 διάφορα
425 1082 599 1153 θυμοῦ
628 1084 719 1132 καὶ
749 1079 925 1156 ὀργῆς,
957 1080 1090 1131 οὕτω
1114 1085 1202 1131 καὶ
1231 1081 1298 1131 τὰ
1322 1077 1409 1130 ὑπ’
1463 1075 1629 1129 αὐτῶν
1677 1093 1773 1133 ση-

164 1173 455 1242 μαινόμενα
506 1169 749 1222 πλεῖστον
802 1167 1031 1227 ἀλλήλων
1105 1164 1358 1244 διαφέρει.
1430 1165 1586 1220 Ἐστι
1666 1165 1767 1237 γὰρ

168 1261 321 1331 θυμὸς
351 1260 449 1332 μὲν
484 1260 590 1312 οἷον
620 1258 797 1330 ἔξαψίς
820 1278 896 1319 τις
947 1262 1038 1311 καὶ
1081 1256 1427 1330 ἀναθυμίασις
1487 1255 1627 1318 ὀξεῖα
1676 1254 1768 1307 τού

162 1350 399 1409 πάθους·
465 1347 599 1423 ὀργὴ
660 1344 720 1403 δε
768 1351 984 1421 ἔμμονος
1034 1348 1168 1406 λύπη
1224 1352 1313 1399 καὶ
1365 1348 1498 1419 ὁρμὴ
1547 1342 1770 1420 διαρκὴς

163 1440 400 1510 τρὶςτήν
450 1446 554 1490 τῶν
582 1434 916 1496 ἠδικηκότων
958 1433 1248 1507 ἀντίδοσιν,
1302 1437 1475 1511 ὥσπερ
1531 1434 1770 1509 ὀργώσης

164 1534 248 1586 ’ἧς
269 1525 467 1598 ψυχῆς
516 1530 642 1603 πρὸς
687 1532 779 1585 τὴν
825 1528 1047 1600 ἄμυναν.
1102 1523 1312 1581 Εἱδέναι
1362 1521 1449 1578 οὖν
1497 1527 1630 1597 χρὴ,
1690 1524 1769 1575 ὅτι

166 1616 274 1669 κατ’
334 1614 633 1690 ἀμφοτέρας
683 1617 772 1677 τὰς
828 1612 1088 1677 διαθέσεις
1140 1613 1531 1689 πλημμελοῦσιν
1584 1613 1634 1665 οἱ
1684 1611 1772 1663 ἄν-

172 1705 367 1777 θρωποι
398 1724 415 1739 ·
482 1704 774 1782 ἣομανικῶς
801 1709 893 1757 καὶ
950 1702 1248 1777 ἐμπλήκτως
1298 1704 1434 1755 κατὰ
1486 1709 1586 1755 τῶν
1637 1718 1770 1775 παρ-

1881 528 1970 593 fer
1996 529 2061 584 in
2087 527 2476 592 homicidam,
2499 524 2802 583 mendacii
2821 528 3079 597 patrem,
3102 522 3392 580 artiﬁcem
3404 538 3542 595 pec-

1882 618 2025 689 cati;
2085 617 2283 673 fratris
2330 632 2471 672 vero
2521 616 2721 688 potius
2778 613 3266 679 commiseresce,
3302 613 3421 683 90
3468 627 3541 669 eo

1880 706 2049 780 quod
2074 706 2124 761 si
2153 707 2213 762 in
2243 710 2492 777 peccato
2524 703 2942 778 permanserit,
2983 717 3109 757 una
3129 717 3270 757 cum
3293 700 3540 758 diabolo

1878 795 2005 866 igni
2034 800 2257 851 aeterno
2286 794 2617 852 tradendus
2648 795 2743 849 sit.
2763 790 3295 859 Quemadmodum
3314 794 3530 847 autem

1878 884 2118 941 diversa
2139 887 2281 939 sunt
2307 882 2741 952 indignationis
2762 886 2819 938 et
2845 882 2946 938 irae
2966 878 3220 936 nomina
3243 895 3257 933 :
3289 878 3373 934 ita
3391 893 3540 951 quo-

1876 989 1995 1046 que
2027 972 2313 1044 subjectae
2339 971 2530 1045 ipsius
2574 972 2876 1037 notiones,
2925 969 3257 1042 plurimum
3285 967 3441 1024 inter
3471 982 3538 1023 se

1876 1062 2182 1120 differunt.
2215 1062 2555 1131 Indignatio
2576 1061 2738 1117 enim
2764 1059 2940 1132 quasi
2959 1056 3244 1131 quaedam
3265 1055 3535 1113 incensio

1875 1156 1969 1208 est
1995 1167 2066 1207 ac
2088 1150 2402 1222 repentina
2431 1149 2679 1206 affectus
2698 1147 3028 1217 exhalatio;
3074 1146 3166 1202 ira
3178 1160 3343 1214 vero,
3360 1143 3537 1202 dolor

1875 1244 2642 1312 constans,perpetuusque
2655 1237 2956 1310 appetitus
2966 1235 3116 1291 vicis
3130 1232 3534 1306 rependendte

1872 1329 2256 1396 nocentibus,
2286 1328 2490 1384 anima
2533 1326 2696 1383 velut
2730 1327 2791 1383 in
2820 1325 3152 1382 vindictam
3195 1323 3525 1395 pruriente.

1878 1419 2034 1475 Scire
2064 1418 2265 1489 itaque
2290 1432 2490 1488 operae
2516 1416 2775 1489 pretium
2806 1419 2914 1483 est,
2938 1412 3107 1486 quod
3138 1410 3355 1468 affectu
3374 1415 3538 1467 utro-

1874 1523 1993 1580 que
2014 1510 2271 1580 peccant
2296 1505 2596 1572 homines,
2626 1508 2732 1561 aut
2750 1503 2971 1561 furiose
2991 1518 3062 1558 ac
3082 1506 3302 1557 temere
3321 1498 3534 1557 adver-

1875 1612 1980 1652 sus
2004 1596 2303 1652 irritantes
2334 1593 2644 1661 commoti,
2679 1598 2785 1649 aut
2808 1608 2916 1665 per
2944 1590 3120 1648 dolos
3162 1605 3234 1646 ac
3285 1587 3535 1645 insidias

1875 1700 1980 1742 eos
2007 1684 2112 1759 qui
2139 1682 2287 1756 ipsis
2329 1682 2673 1740 molestiam
2714 1680 3022 1749 exhibent,
3061 1676 3536 1737 circumvenien-

169 1770 450 1857 οξυνόντων
628 1796 940 1867 κινούμενοι,
972 1770 1028 1854 ’ἦ
1088 1789 1306 1868 δολερῶς
1356 1796 1446 1845 καὶ
1494 1770 1769 1852 ἐπιϐούλως

1878 1778 2001 1833 tes:
2033 1789 2173 1848 quae
2198 1771 2323 1831 duo
2353 1771 2629 1832 cavenda
2656 1770 2838 1830 nobis
2869 1775 3033 1829 sunt.

170 1886 281 1943 τοὺς
303 1882 650 1945 λυπήσαντας
674 1879 1014 1961 ἐνεδρεύοντες
1042 1904 1055 1918 ·
1102 1883 1230 1961 άπερ
1291 1881 1556 1958 ἀμρὸτερα
1611 1879 1769 1956 φυλη·

170 1976 311 2025 3160':
336 1974 489 2045 ἡμῖν.
820 1978 825 1983 ’

231 2065 286 2116 7.
315 2068 432 2123 Πῶς
458 2060 521 2113 ἄν
551 2058 640 2114 οὖν
670 2066 740 2136 μὴ
773 2068 968 2115 κινοῖτο
996 2065 1123 2138 πρὸς
1150 2062 1185 2114 ἆ
1208 2065 1278 2136 μὴ
1314 2058 1398 2116 δεῖ
1446 2064 1506 2116 τὸ
1557 2062 1720 2123 πάθος
1750 2075 1765 2129 ;

168 2153 321 2215 Πῶς;
365 2149 426 2204 Εἰ
484 2147 926 2225 προπαιδευθείης
963 2152 1074 2223 (32)
1126 2154 1219 2210 τὴν
1269 2152 1768 2225 ταπεινοφροσύνην,

168 2239 226 2298 ἑν
254 2240 282 2291 ὁ
309 2242 503 2314 Κύριος
530 2245 622 2293 καὶ
666 2239 803 2313 λόγῳ
834 2238 1131 2309 διετάξατο,
1172 2245 1262 2294 καὶ
1292 2242 1425 2316 ᾕογῳ
1484 2236 1720 2302 ὑπέδειξε
1751 2259 1766 2273 ο

166 2334 249 2380 νῦν
456 2328 621 2401 λέγων
655 2350 667 2363 ·
720 2327 780 2382 Ὀ
849 2329 1001 2383 θέλων
1054 2328 1103 2383 έν
1178 2330 1299 2402 ὑμῖν
1366 2325 1496 2381 εἷναι
1568 2335 1770 2402 πρῶτος

168 2418 297 2469 ἔστω
322 2418 533 2470 πάντων
563 2420 790 2490 ἔσχατος
821 2439 835 2452 ·
897 2425 987 2472 νῦν
1041 2414 1100 2473 δε
1145 2420 1319 2494 πράως
1369 2422 1459 2471 και
1517 2415 1770 2479 ἀκινήτως

165 2513 253 2559 τοῦ
306 2510 593 2569 τύπτοντος
641 2506 967 2582 ἀνεχόμενος.
1020 2506 1078 2561 Ὀ
1141 2511 1243 2583 γὰρ
1298 2506 1515 2582 ούρανοῦ
1545 2512 1635 2560 καὶ
1672 2514 1771 2578 γῆς

166 2601 388 2657 ποιητής
465 2601 557 2650 καὶ
610 2593 886 2662 δεσπότης,
943 2598 969 2651 ὁ
1022 2600 1166 2672 παρὰ
1214 2599 1389 2659 πάσης
1438 2604 1529 2657 τῆς
1584 2604 1771 2657 νοητῆς

164 2685 571 2751 καῖαίσθητῆς
621 2690 836 2748 κτίσεως
882 2690 1346 2763 προσκυνούμενος,
1401 2688 1428 2739 ὁ
1480 2689 1649 2762 Φέρων
1704 2688 1773 2738 τὰ

169 2777 458 2848 σύμπαντα
522 2783 598 2845 τῷ
667 2777 867 2850 ῥήματι
940 2784 1032 2837 τῆς
1101 2772 1367 2850 δυνάμεως
1424 2776 1537 2849 (33)
1586 2774 1769 2844 αὐτοῦ,

167 2863 294 2935 οὐχὶ
349 2864 529 2924 ζῶντα
573 2864 793 2938 ἔπεμψεν
845 2864 999 2917 αὑτὸν
1058 2864 1124 2926 εἰς
1179 2869 1267 2918 τὸν
1320 2860 1478 2937 ᾅδην,
1536 2872 1629 2925 τῆς
1672 2870 1771 2935 ’γῆς

168 2951 558 3028 {sauppe-[aiam
572 2962 644 3025 τῷ
672 2950 939 3023 δυσσεϐεῖ,
968 2952 1097 3007 ἀλλά
1119 2956 1345 3008 νουθετεῖ
1370 2959 1460 3007 καὶ
1487 2950 1522 3006 δ
1528 2950 1767 3007 ιδάσκειο

168 3041 225 3095 εἰ
277 3050 458 3103 κακῶς
513 3042 761 3111 ἐλάλησα,
814 3046 1151 3118 μαρτύρησον
1201 3049 1321 3120 περὶ
1391 3051 1482 3098 τοῦ
1559 3050 1723 3097 κακοῦ
1751 3062 1767 3078 ⁸

170 3130 213 3183 εἰ
238 3126 299 3183 δε
324 3131 520 3200 καλῶς,
558 3136 612 3184 τί
642 3151 706 3205 με
730 3129 931 3208 dipsas;
987 3134 1104 3187 Ἐὰν
1153 3136 1255 3209 γὰρ
1306 3134 1516 3207 ἐθισθῇς
1565 3136 1770 3187 πάντων

170 3221 395 3291 ἔσχατος
450 3218 584 3274 εἶναι
627 3224 763 3275 κατὰ
811 3226 907 3281 τὴν
965 3222 1168 3282 ἐντολήν
1224 3231 1316 3276 τοῦ
1371 3228 1586 3299 Κυρίου,
1644 3228 1770 3277 πότε

172 3308 552 3382 ἀγανακτήσεις
591 3314 656 3372 ὡς
677 3314 823 3385 παρά
849 3300 944 3371 τὴν
975 3311 1118 3376 ἀξίαν
1147 3312 1557 3386 καθυϐρισμένος
1607 3314 1724 3387 (34)
1752 3330 1765 3381 ;

170 3397 322 3451 Ὀταν
349 3418 413 3453 σε
441 3396 660 3452 παιδίον
700 3403 886 3460 νήπιον
936 3398 1247 3476 λοιδορὴση,
1288 3401 1502 3474 γέλωτος
1532 3401 1768 3477 ἀφορμὴν

171 3497 285 3562 ποιῇ
316 3492 388 3542 τὰ
411 3486 820 3566 λοιδορήματα·
869 3495 961 3544 καὶ
1012 3492 1134 3543 ὅταν
1190 3493 1292 3543 ὑπὸ
1341 3488 1630 3566 φρενίτιδος
1687 3492 1769 3556 ἐξ·

172 3584 394 3640 εοτηκὼς
449 3584 547 3638 τήν
599 3577 839 3633 διάνοιαν
894 3582 1180 3653 φθέγγηται
1245 3581 1459 3655 ῥήματα
1538 3579 1765 3655 ἀτιμίας,

169 3666 367 3722 atavo-1
398 3672 507 3743 ἡγῇ
543 3669 734 3742 μᾶλλον
760 3671 788 3729 ἦ
818 3675 1005 3743 μίσους
1030 3670 1191 3734 ἄξιον.
1228 3671 1302 3723 0'3
1341 3675 1511 3723 τοίνυν
1561 3674 1631 3724 τὰ
1678 3673 1772 3747 ῥή-

164 3777 301 3829 ματα
328 3764 532 3831 πέφυκε
561 3762 650 3822 τὰς
677 3759 840 3821 λύπας
869 3767 1047 3827 κινεῖν,
1099 3759 1207 3812 ἀλλ’
1258 3762 1287 3818 ἡ
1348 3763 1482 3812 κατὰ
1526 3767 1618 3813 τοῦ
1667 3760 1772 3813 λοι-

165 3842 493 3921 δορήσαντος
543 3849 679 3921 ἡμᾶς
725 3848 1008 3922 ὑπεροψία,
1034 3854 1122 3901 καὶ
1151 3851 1181 3908 ἡ
1216 3849 1437 3902 ἑκάστου
1486 3854 1604 3925 περὶ
1657 3849 1772 3902 ἐαυ-

162 3944 242 3992 τὸν
275 3944 570 4012 φαντασία.
587 3945 749 3991 Ὥστε
770 3937 830 3989 ἂν
861 3936 1045 4012 ἀφέλῃς
1070 3948 1161 3999 τῆς
1187 3938 1370 3992 ἑαυτοῦ
1405 3940 1509 4010 (35)
1540 3936 1771 4014 διανοίας

159 4034 353 4083 τούτων
387 4028 653 4102 ἑκάτερον,
684 4027 845 4103 φόρος
875 4027 1015 4081 ἐστὶν
1037 4027 1195 4089 ἄλλως
1227 4024 1465 4089 διακενῆς
1508 4033 1657 4101 ἠχῶν
1705 4032 1772 4082 τὰ

159 4124 435 4193 φερόμενα.
466 4124 708 4175 ,Παῦσαι
764 4114 853 4169 οὖν
912 4116 1013 4169 ἀπὸ
1061 4118 1241 4193 ὀργῆς,
1319 4123 1408 4171 καὶ
1460 4118 1770 4191 ἐγκατάλιπε

161 4209 342 4280 θυμὸν,
390 4209 479 4259 ἱνα
510 4209 678 4280 φύγῃς
728 4215 819 4267 τῆς
878 4206 1035 4280 ὀργῆς
1076 4213 1170 4266 τήν
1217 4216 1419 4282 πεῖραν,
1468 4217 1559 4268 τῆς
1617 4208 1769 4261 Ἀπο-

158 4298 559 4369 ιαλνπτομένης
641 4294 729 4347 ἀπ’
814 4295 1034 4371 ούρανοῦ
1121 4296 1203 4349 ἐπὶ
1278 4302 1452 4349 πᾶσαν
1528 4296 1765 4351 ἀσέϐειαν

1945 2065 1999 2118 7.
2031 2058 2145 2126 Qui
2199 2057 2383 2130 igitur
2427 2056 2560 2115 ﬁeri
2607 2056 2845 2131 poterit,
2893 2057 2961 2112 ut
3010 2052 3398 2114 turbulentus
3432 2051 3535 2110 ille

1876 2149 2129 2208 affectus
2186 2148 2268 2207 ad
2307 2163 2380 2206 ea
2427 2162 2565 2220 quae
2605 2161 2729 2204 non
2773 2148 3035 2218 oportet,
3081 2159 3209 2202 non
3254 2142 3535 2201 cieatur?

1875 2238 2194 2309 Quomodo
2220 2238 2329 2295 ?Si
2359 2237 2543 2294 fueris
2590 2236 2757 2310 prius
2809 2234 3216 2292 humilitatem
3257 2232 3534 2305 edoctus,

1873 2345 2064 2404 quam
2089 2328 2382 2385 Dominus
2410 2331 2467 2384 et
2496 2326 2698 2383 verbis
2723 2325 3031 2399 praecepit,
3061 2327 3117 2381 et
3145 2338 3210 2381 re
3238 2322 3527 2381 ostendit.

1876 2419 2106 2492 Quippe
2133 2418 2318 2475 modo
2339 2416 2515 2474 dicit:
2542 2416 2658 2484 Qui
2676 2415 2806 2473 vult
2827 2416 2989 2472 inter
3014 2429 3116 2471 vos
3135 2414 3369 2485 primus
3394 2427 3534 2481 esse,

1872 2510 1950 2565 sit
1971 2509 2233 2565 omnium
2246 2513 2587 2579 postremus
2600 2508 2676 2561 ὀδε
2701 2505 2887 2562 modo
2908 2519 3052 2560 vero
3102 2503 3379 2561 toleravit
3417 2516 3541 2559 ca:-

1875 2597 2121 2655 dentem
2145 2596 2265 2653 leni
2291 2598 2497 2655 animo
2515 2600 2696 2669 atque
2725 2594 2979 2651 immoto
2996 2595 3065 2649 ‘7.
3088 2596 3239 2650 Nam
3260 2591 3395 2649 coeli
3416 2597 3537 2649 ter-

1873 2703 2081 2761 raaque
2112 2686 2390 2744 conditor
2415 2703 2486 2743 ac
2516 2685 2831 2750 dominus,
2861 2683 2967 2758 qui
2997 2698 3034 2741 a
3063 2687 3341 2740 creatura
3368 2681 3539 2739 omni

1875 2780 2005 2835 tam
2036 2776 2332 2849 spirituali
2361 2792 2550 2850 quam
2588 2775 2652 2832 in
2684 2789 2929 2831 sensum
2956 2772 3196 2830 cadenti
3224 2771 3535 2844 adoratur,

1875 2866 2141 2923 Portans
2164 2867 2367 2923 omnia
2396 2866 2573 2922 verbo
2602 2865 2850 2921 virtutis
2883 2863 3085 2929 suae“,
3118 2876 3539 2936 percussorem

1876 2970 2003 3012 non
2031 2954 2194 3011 misit
2219 2956 2428 3011 vivum
2460 2954 2522 3010 in
2552 2954 2799 3023 inferos,
2830 2956 2992 3009 terra
3029 2951 3108 3008 ad
3137 2951 3397 3024 impium
3427 2950 3542 3008 de-

1878 3043 2253 3115 glutiendum
2284 3042 2645 3109 dehiscente,
2677 3041 2785 3098 sed
2823 3040 3289 3098 commonefacit
3328 3055 3401 3097 ac
3429 3039 3540 3098 do-

1810 3163 1850 3219 C
1879 3138 1999 3190 cet:
2030 3132 2097 3189 Si
2114 3133 2270 3189 male
2304 3133 2539 3189 locutus
2568 3147 2722 3200 sum,
2747 3132 3148 3187 testimonium
3177 3129 3431 3201 perhibe
3465 3129 3540 3187 de

1876 3224 2069 3295 malo;
2098 3223 2153 3279 si
2180 3227 2377 3279 autem
2410 3223 2574 3287 bene,
2597 3220 2744 3293 quid
2780 3236 2872 3277 me
2909 3220 3191 3277 credis"?
3232 3219 3461 3277 Etenim
3487 3218 3539 3277 si

1872 3313 2048 3385 juxta
2073 3316 2446 3387 praeceptum
2468 3310 2705 3368 Domini
2733 3314 3077 3384 postremus
3107 3310 3385 3366 omnium
3405 3323 3539 3366 esse

1879 3401 2219 3459 assueveris
2230 3443 2243 3467 ,
2255 3399 2652 3473 quandonam
2671 3397 3090 3470 indignabere,
3103 3398 3280 3471 quasi
3291 3398 3373 3454 sis
3387 3413 3540 3471 prae-

1877 3494 1968 3548 ter
1995 3490 2358 3560 dignitatem
2390 3486 2771 3546 contumeliis
2801 3487 3162 3543 divexatus?
3191 3486 3342 3543 Cum
3385 3502 3539 3559 puer

1875 3582 2170 3655 parvulus
2200 3579 2309 3635 tibi
2341 3578 2737 3643 conviciatur,
2785 3575 3061 3633 convicia
3106 3576 3253 3632 facis
3298 3576 3537 3633 ridendi

1876 3669 2223 3727 materiam:
2273 3669 2610 3741 quinetiam
2652 3682 2794 3723 cum
2841 3665 2977 3738 quis
3024 3680 3149 3738 prae
3194 3663 3535 3737 phrenitide

1876 3763 2077 3817 mente
2106 3758 2343 3831 lapsus,
2375 3757 2563 3814 verba
2590 3756 2997 3827 ignominiosa
3032 3754 3321 3826 loquitur,
3360 3754 3534 3811 ducis

1875 3848 2046 3906 illum
2074 3848 2490 3905 misericordia
2510 3863 2697 3921 quam
2723 3846 2864 3903 odio
2882 3844 3246 3916 digniorem.
3272 3845 3400 3900 Non
3426 3844 3534 3914 igi-

1878 3944 1972 3995 tur
2000 3938 2187 3995 verba
2206 3938 2365 4011 ipsa,
2392 3937 2497 3992 sed
2516 3951 2836 4005 insurgens
2865 3935 3156 3991 adversus
3176 3932 3535 3990 conviciato-

1876 4042 2003 4084 rem
2035 4027 2341 4100 superbia,
2364 4031 2421 4083 et
2450 4026 2744 4099 cujusque
2774 4025 2849 4081 de
2880 4040 2942 4080 se
2988 4023 3121 4096 ipso
3167 4022 3530 4080 existimatio

1876 4117 2221 4174 molestiam
2252 4132 2323 4173 ac
2351 4116 2661 4187 negotium
2694 4114 2888 4171 solent
2906 4113 3226 4170 facessere.
3256 4115 3450 4179 Quare
3479 4113 3531 4170 si

1873 4209 2199 4279 utrumque
2224 4206 2443 4261 horum
2466 4221 2539 4261 ex
2559 4204 2764 4261 animo
2785 4204 3115 4269 exemeris;
3143 4218 3215 4259 ea
3239 4217 3375 4275 qua:
3394 4217 3531 4275 pro-

1870 4295 2167 4364 feruntur,
2198 4295 2282 4352 nil
2311 4294 2477 4351 aliud
2507 4299 2665 4363 sunt,
2696 4293 2811 4349 nisi
2833 4293 3069 4350 sonitus
3100 4291 3322 4349 frustra
3347 4307 3418 4348 ac
3448 4296 3530 4349 te-

158 4394 241 4439 m
286 4383 514 4438 ἀδικίαν
575 4381 876 4458 ἀνθρώπων.
931 4384 1044 4437 Ἐὰν
1099 4388 1199 4460 γὰρ
1253 4384 1490 4459 λογισμῲ
1541 4393 1765 4462 σώφρονι

1878 4400 2037 4442 mere
2058 4384 2275 4441 editus.
2309 4385 2525 4440 Desine
2542 4382 2720 4455 igitur
2745 4382 2819 4440 ab
2841 4384 2957 4455 ira,
2982 4388 3035 4440 et
3057 4382 3405 4454 derelinque
3421 4386 3528 4454 [u-

158 4475 383 4550 irtutis
418 4472 659 4546 δυνηθῇς
686 4479 779 4533 τήν
808 4476 1000 4548 πικρὰν
1049 4475 1201 4549 ῥίζαν
1238 4483 1329 4528 τοῦ
1363 4478 1548 4549 θυμοῦ,
1602 4477 1766 4531 πολλὰ

158 4573 251 4615 τῶν
280 4567 471 4618 παθῶν
506 4583 571 4637 τη
627 4562 769 4637 ἀρχῇ
820 4566 985 4636 ταύτῃ
1042 4570 1460 4639 συναναιρησεις.
1510 4569 1611 4617 Καὶ
1660 4569 1761 4640 γὰρ

157 4657 211 4705 τὸ
268 4651 489 4728 δολερὸν
559 4659 651 4705 καὶ
702 4654 950 4722 ὕποπτον,
996 4657 1085 4706 καὶ
1116 4655 1333 4706 ἄπιστον
1356 4660 1445 4706 καὶ
1492 4657 1760 4723 κακόηθες,

160 4748 245 4795 ui
284 4741 564 4797 ἐπίϐουλον
594 4745 684 4796 καὶ
715 4744 904 4817 θρασύ,
958 4748 1048 4797 καὶ
1102 4749 1202 4796 πᾶν
1258 4746 1316 4796 τὸ
1370 4752 1467 4796 τῶν
1517 4747 1760 4798 τοιούτων

225 4899 273 4932 ⁸⁸
301 4898 489 4953 Μαι-ο.
543 4909 621 4962 ix,
662 4897 753 4951 34.

161 4984 203 5020 ⁸⁸
234 4987 411 5041 Rom.
442 5001 487 5052 ι,
529 4986 617 5039 18.

228 5114 335 5177 (3t)
367 5106 627 5182 Antiqui
655 5106 778 5163 duo
806 5107 941 5165 libri
968 5109 1383 5182 παροξυνάντων.

226 5186 351 5251 (3‘2),
376 5183 476 5238 Sic
508 5181 572 5236 in
602 5186 865 5251 quatuor
896 5181 1051 5237 mss.
1073 5182 1306 5251 legitur,
1337 5182 1399 5237 in
1431 5181 1604 5240 editis
1626 5199 1770 5241 vero

165 5250 204 5303 εἰ
230 5250 600 5331 παιδευθείης.
626 5250 763 5331 Mox
778 5266 919 5331 reg.
946 5250 1188 5331 Erimus,
1206 5256 1505 5331 κριίξργοις.

228 5329 341 5399 (33)
371 5327 641 5396 Utraque
668 5322 853 5378 editio
869 5322 1123 5399 et_C0isl.
1141 5330 1197 5380 et
1217 5322 1615 5399 colb.tertius
1643 5343 1772 5399 per-

166 5392 295 5451 inde
316 5392 379 5451 ut
398 5392 603 5452 textus
625 5410 801 5469 sacer
818 5402 895 5469 re;
909 5394 1108 5468 ῥήματι
1135 5405 1196 5469 τῆ
1210 5416 1231 5456 ς
1262 5393 1548 5469 δυνάμεως,
1595 5392 1770 5463 υένὸο

169 5470 399 5524 virtuti:
434 5483 583 5524 sua.
618 5473 693 5522 At
738 5468 902 5534 Regii
943 5468 1245 5522 secundus
1277 5474 1335 5524 et
1382 5468 1586 5526 tertius
1631 5486 1770 5525 cum

170 5538 317 5593 Colb.
342 5540 542 5613 primo
571 5546 645 5610 τῷ
666 5540 889 5613 νεύματι
917 5546 1007 5598 τῆς
1029 5534 1311 5612 δυνάμεως,
1355 5548 1509 5598 nutu
1532 5543 1771 5598 virtutis

172 5622 299 5679 sua,
319 5611 423 5669 seu
439 5611 738 5684 potentias
762 5622 917 5667 suta.

847 4894 891 4930 ‘7
932 4896 1101 4952 Joan.
1152 4911 1310 4966 xvm,
1359 4900 1449 4965 22,
1500 4899 1589 4954 23.

1686 4898 1733 4933 ⁸⁸
1766 4896 1949 4955 Hebr.
1989 4912 2029 4967 ι,
2083 4900 2135 4953 3.

1872 4491 2067 4532 rorem
2085 4476 2166 4531 3°:
2200 4478 2265 4529 ut
2292 4473 2395 4529 irae
2419 4471 2756 4545 periculum
2789 4471 3066 4543 effugias,
3096 4487 3236 4544 qua:
3265 4473 3353 4528 De
3377 4472 3526 4529 ca'lo

1871 4566 2180 4622 revelatur
2204 4579 2387 4633 super
2409 4578 2637 4619 omnem
2660 4563 3043 4632 impietatem,
3075 4569 3130 4619 et
3159 4562 3525 4632 injustztiam

1872 4655 2070 4712 homin
2082 4670 2180 4709 um
2198 4654 2265 4709 εί.
2300 4656 2448 4708 Nam
2471 4651 2520 4707 si
2546 4651 2794 4708 consilio
2816 4651 3097 4725 prudenti
3123 4666 3397 4707 amaram
3420 4650 3523 4706 iraa

1870 4744 2135 4801 radicem
2162 4742 2511 4800 exscindere
2538 4743 2788 4815 poteris,
2833 4742 2973 4799 vitia
3008 4756 3134 4798 non
3175 4755 3372 4814 pauca
3400 4755 3524 4799 una

2235 4897 2280 4932 ‘9
2311 4897 2482 4953 Joan.
2532 4912 2696 4966 xvm,
2738 4899 2827 4953 23.
2924 4895 2971 4931 ⁵ο
3002 4891 3156 4950 Psal.
3202 4906 3404 4964 xxxvx,
3463 4893 3519 4950 8.

1948 5111 2231 5184 (234)7863.
2258 5109 2493 5184 primus
2517 5108 2671 5184 f’cEim
2700 5108 3157 5184 καθυϐμζόμενος.
3205 5106 3524 5184 Aliquanto

1880 5178 2015 5271 post
2044 5178 2232 5239 'idem
2261 5178 2457 5239 'codex
2509 5180 2714 5235 ἐλεεινὸν
2746 5178 2967 5254 ἡγησαι.
2992 5178 3001 5183 ’
3025 5183 3165 5251 Reg.
3220 5178 3525 5238 secundus

1879 5274 2062 5395 1,732.3)
2092 5329 2229 5382 Tres
2261 5325 2472 5381 saltem
2513 5323 2742 5396 antiqui
2770 5322 2906 5379 libri
2951 5331 3043 5383 τῆς
3099 5331 3339 5380 σεαυτοῦ.
3376 5322 3529 5380 Editi

1880 5403 1936 5453 et
1966 5400 2104 5465 Reg.
2138 5399 2344 5453 tertius
2377 5397 2580 5451 ἑαυτοῦ.
2605 5399 2732 5452 Mox
2753 5411 2909 5450 unus
2936 5411 3089 5449 mss.
3118 5401 3329 5448 Παῦσαι
3356 5401 3528 5448 τοίνυν

1882 5467 2002 5549 απὸ.
2039 5469 2265 5549 Ibidem
2297 5468 2696 5549 Colb.__tertius
2724 5472 2815 5549 καὶ
2853 5465 3203 5549 ἐγκατάλειπε.
3260 5466 3530 5549 subinde

1880 5540 2072 5627 idem_
2092 5540 2284 5598 codex
2336 5544 2394 5597 et
2454 5540 2600 5611 Reg.
2646 5537 2890 5613 primus
2932 5537 3423 5613 ἀποκαλυπτομένης
3478 5537 3531 5603 ἐξ

1881 5630 2128 5686 ουρανων.
