4076 6190
570 351 671 404 371

1959 341 2015 398 S.
2057 339 2306 395 BASlLll
2344 336 2562 395 MAGNI

3809 338 3903 391 372

574 487 714 528 cum
744 470 861 527 hoc
889 467 1186 543 principio
1210 465 1598 539 exstirpabis.
1622 469 1772 523 Nam
1801 464 1999 529 dolus,
2033 463 2229 538 suspi-

2346 470 2570 538 πονηρῶν
2597 461 2708 533 (36)
2742 469 2957 534 σμῆνος,
2990 459 3186 518 ταύτης
3235 465 3330 518 τῆς
3371 457 3560 519 κακίας
3607 454 3744 510 ἐστὶν
3783 457 3903 513 ἀπο..

575 561 690 629 cio,
739 558 1088 625 inﬁdelitas,
1139 556 1485 626 malignitas
1531 556 1790 625 insidiae,
1841 553 2120 623 audacia,
2171 559 2230 614 et

577 665 758 708 omne
789 648 1072 704 similium
1096 645 1398 702 malorum
1428 660 1707 712 examen,
1739 643 1863 700 vitii
1892 643 2073 714 hujus
2103 659 2230 714 ger-

575 740 744 796 mina
762 741 921 793 sunt.
936 737 1130 801 Quare
1149 749 1227 790 ne
1242 749 1630 790 accersamus
1651 733 1831 790 nobis
1851 732 2081 789 malum
2101 737 2231 789 tan-

576 831 726 893 tum,
777 825 996 882 animae
1065 823 1505 893 aegritudinem,
1577 822 1827 879 rationis
1887 821 2225 892 caliginem,

577 913 1084 971 abalienationem
1105 928 1142 968 a
1164 915 1303 979 Deo,
1318 911 1778 968 necessitudinis
1795 911 2226 980 ignorantiam,

575 1002 720 1060 belli
750 1002 1135 1074 principium,
1179 999 1593 1058 calamitatum
1629 1000 1966 1069 cumulum,
1997 1000 2230 1056 malum

578 1091 921 1148 daemonem
943 1091 1091 1162 ipsis
1113 1089 1330 1147 animis
1351 1089 1570 1146 nostris
1584 1089 2021 1158 innascentem,
2035 1093 2094 1145 et
2112 1088 2231 1146 vel-

577 1186 644 1237 ut
658 1180 1074 1252 impudentem
1085 1178 1789 1252 quemdaminquilinum
1812 1178 2096 1234 interiora
2116 1193 2230 1234 no-

578 1273 702 1326 stra
727 1267 1590 1341 occupantem,atqueSpiritui
1606 1273 1815 1324 sancto
1827 1267 2058 1323 aditum
2078 1281 2232 1339 pras-

580 1358 945 1416 cludentem.
991 1357 1099 1413 Ubi
1128 1357 1290 1414 enim
1338 1362 1478 1413 sunt
1518 1357 1867 1426 inimicitiae,
1908 1357 2061 1424 lites,
2104 1356 2230 1425 iraa,

580 1449 746 1516 rixae,
806 1447 1244 1518 contentiones,
1296 1446 1591 1504 tumultus
1629 1446 1984 1519 irrequietos
2021 1447 2133 1517 91
2170 1445 2234 1501 in

581 1537 910 1593 animabus
937 1536 1250 1607 gignentes
1274 1554 1287 1592 :
1348 1535 1430 1591 ibi
1460 1535 1946 1592 mansuetudinis
1975 1535 2233 1608 Spiritus

580 1625 750 1682 haud
778 1624 1116 1697 requiescit.
1162 1625 1278 1681 Sed
1307 1624 1469 1681 beati
1496 1624 1661 1680 Pauli
1691 1624 2090 1680 admonitioni
2118 1624 2234 1680 ob-

581 1718 1012 1787 temperantes,
1026 1729 1272 1770 omncm
1291 1714 1444 1770 iram
1465 1718 1522 1770 et
1541 1714 2019 1784 indignationem
2044 1719 2100 1770 et
2118 1713 2234 1771 cla-

2337 553 2702 626 ϐλαστήματα,
2751 555 2835 608 Μὴ
2897 547 2965 608 δὴ
3016 549 3103 602 οὖν
3129 547 3480 620 ἕπεισοὶγωμεν
3512 547 3710 610 ἑαυτοῖς
3762 554 3901 602 κακὸν

2335 650 2582 696 τοσοῦτον
2617 663 2629 676 ·
2665 640 2956 716 ἀρρωστίαν
2985 637 3138 710 ψυχῆ
3152 657 3194 707 ς,
3227 641 3485 690 σκότωσιν
3515 635 3790 710 λογισμῶν,
3817 637 3903 692 ἀπὸ

2337 739 2470 787 Θεοῦ
2519 731 2876 806 ἀλλοτρίωσιν,
2936 728 3251 789 οἰκειότητος
3295 728 3526 798 ἄγνοιαν,
3567 723 3738 800 ἀρχὴν
3769 727 3905 782 πολέ-

2336 841 2457 896 μου,
2516 828 2793 895 συμφορῶν
2849 818 3125 892 πλήρωμα,
3187 813 3414 889 δαίμονα
3467 818 3689 889 πονηρὸν
3743 816 3905 881 αύταῖς

2336 912 2482 983 ἡμῶν
2547 916 2662 972 ταῖς
2741 907 2948 980 ψυχαῖς
3016 906 3384 979 ἐντικτόμωον,
3442 909 3534 957 καὶ
3591 905 3760 979 ὥσπερ
3807 909 3907 960 τινὰ

2337 1003 2528 1053 ἔνοικον
2560 994 2749 1057 ἀναιδῆ
2783 1000 3180 1070 προκατέχοντα
3211 997 3356 1068 ἡμῶν
3406 995 3473 1048 τά
3514 990 3680 1063 ἔνδον,
3727 999 3810 1049 καὶ
3846 1005 3909 1069 τῷ

2337 1089 2469 1161 ἁγίῳ
2500 1091 2761 1160 Πνεύματι
2790 1091 2882 1146 τὴν
2931 1083 3163 1160 πάροδον
3212 1084 3568 1140 ἀποκλείοντα.
3613 1083 3776 1138 Ὀπου
3820 1087 3910 1160 γὰρ

2340 1181 2550 1252 ἔχθραι,
2597 1181 2743 1252 ἕρεις,
2797 1179 2973 1249 θυμοὶ,
3016 1175 3250 1249 ἐριθεῖαι,
3302 1173 3625 1247 φιλονεικίαι,
3683 1173 3914 1250 θορύϐους

2340 1266 2628 1339 ἀσιγήτους
2661 1273 2776 1327 ταῖς
2822 1265 3030 1338 ψυχαῖς
3082 1263 3432 1337 ἔμποιοῦνταο
3483 1262 3585 1316 ἐκεῖ
3627 1267 3686 1316 τὸ
3732 1273 3916 1338 πνεῦμα

2339 1366 2433 1419 τῆς
2497 1357 2796 1430 πραΰτητος
2853 1355 2947 1407 ούκ
3004 1353 3342 1407 ἀναπαύεται.
3396 1355 3698 1416 Πεισθέντες
3751 1350 3806 1408 δὲ
3855 1362 3911 1426 τῇ

2339 1449 2640 1519 παραινέσει
2683 1453 2774 1498 τοῦ
2821 1449 3082 1518 μακαρίου
3132 1443 3359 1511 Παύλου,
3407 1450 3580 1498 πᾶσαν
3633 1443 3787 1517 ὀργὴν
3837 1449 3918 1498 καὶ

2343 1536 2504 1606 θυμὸν
2530 1537 2619 1586 καὶ
2647 1539 2876 1608 κραυγὴν
2904 1535 3104 1607 ἄρωμεν
3136 1531 3218 1605 ἀφ’
3251 1535 3395 1606 ἡμῶν
3428 1536 3519 1584 σύν
3559 1535 3703 1606 πάσῃ
3753 1537 3918 1606 κακίᾳ,

2340 1628 2430 1676 καὶ
2474 1625 2740 1696 γενώμεθα
2791 1623 2862 1685 εἰς
2893 1621 3138 1684 ἀλλήλους
3165 1627 3400 1696 χρηστοὶ
3427 1625 3518 1674 καὶ
3555 1622 3918 1694 εὔσπλαγχνοι,

2341 1711 2672 1785 ἀναμένοντες
2717 1717 2810 1771 τὴν
2854 1716 3115 1784 μακαρίαν
3164 1708 3352 1764 ἐλπίδα
3396 1715 3490 1770 τὴν
3547 1719 3658 1773 τοῖς
3720 1715 3920 1785 πραέσιν

581 1821 814 1861 morem
846 1820 985 1859 cum
1010 1803 1241 1860 malitia
1263 1804 1487 1860 omnia
1506 1804 1682 1859 nobis
1704 1803 1986 1860 tollamus
2007 1805 2079 1872 ⁵³,
2108 1803 2234 1859 etho

2346 1800 2722 1875 ἐπηγγελμένην
2795 1803 3082 1875 (Μακάριοι
3139 1804 3238 1874 φάρ
3293 1802 3342 1853 οἱ
3387 1807 3588 1875 πραεῖς,
3648 1802 3733 1854 ὅτι
3785 1799 3921 1853 αὐτοὶ

583 1896 936 1966 ciamurque
968 1894 1027 1948 in
1053 1910 1165 1950 nos
1193 1894 1454 1950 invicem
1483 1894 1737 1950 humani
1781 1910 1852 1950 ac
1899 1894 2233 1950 misericor-

581 1986 710 2050 des,
738 1987 1122 2055 expectantes
1147 1983 1390 2040 bcatam
1421 2000 1595 2056 spem
1624 1983 1956 2039 mansuetis
1982 1984 2236 2055 promis-

583 2090 720 2132 sam
747 2073 948 2145 (Beati
975 2071 1279 2144 siquidem
1317 2074 1506 2139 miles,
1560 2074 1844 2145 quoniam
1887 2072 2006 2143 ipsi
2045 2073 2235 2143 possi-

2343 1891 2800 1964 κληρονομήσουσι
2847 1895 2939 1950 τὴν
2991 1891 3134 1962 γῆν),
3212 1889 3260 1944 ἐν
3332 1899 3546 1964 Χριστῷ
3623 1889 3800 1949 Ἰησοῦ
3859 1896 3924 1960 τῷ

2346 1986 2520 2055 Κυρίῳ
2550 1983 2714 2053 ἡμῶν,
2748 1981 2786 2051 ᾧ
2813 1982 2842 2039 ἡ
2887 1977 3020 2044 δόξα
3071 1984 3160 2033 καὶ
3207 1981 3264 2032 τό
3319 1982 3510 2056 κράτος
3548 1981 3661 2052 (3‘7)
3705 1979 3775 2041 εἰς
3816 1981 3926 2039 τοὺς

2343 2075 2551 2133 αἰῶνας.
2582 2069 2764 2144 Ἀμήν.

582 2163 805 2223 debunt
836 2169 1061 2220 terram
1085 2163 1178 2233 ⁵³),
1209 2163 1272 2220 in
1302 2163 1532 2220 Christo
1561 2165 1699 2220 Jesu
1725 2161 1980 2220 Domino
2005 2167 2234 2232 nostro,
2260 2161 2358 2219 cui
2387 2160 2580 2233 gloria
2605 2164 2664 2218 et
2689 2160 3014 2235 imporium
3044 2160 3106 2218 in
3139 2160 3385 2218 saecula.
3413 2166 3625 2218 Amen.

1201 2473 1493 2531 HOMILIA
1532 2473 1619 2529 XI.

1224 2582 1310 2642 De
1329 2581 1560 2640 invidia
1573 2622 1587 2638 .

661 2698 711 2751 1.
743 2693 949 2750 Bonus
973 2693 1066 2749 est
1093 2693 1343 2760 Deus,et
1360 2690 1663 2748 bonorum
1682 2689 1756 2746 iis
1774 2689 1880 2764 qui
1901 2689 2071 2761 digni
2097 2692 2241 2750 sunt

585 2783 866 2853 largitor;
888 2781 1086 2838 malus
1098 2781 1498 2848 estdiabolus,
1521 2781 2008 2854 etcujuscunque
2027 2781 2242 2854 iniqui-

588 2873 728 2929 tatis
759 2871 989 2928 artifex.
1034 2873 1100 2926 Et
1139 2869 1664 2942 quemadmodum
1709 2885 1782 2926 ex
1824 2871 1988 2926 bono
2027 2886 2242 2928 conse-

590 2977 785 3036 quens
817 2964 930 3028 est,
952 2964 1017 3016 ut
1037 2959 1266 3015 invidia
1290 2964 1491 3015 careat
1515 2976 1528 3014 :
1557 2960 1644 3015 sic
1673 2959 1896 3016 invidia
1926 2960 2240 3019 diabolum

591 3051 882 3124 sequitur.
907 3052 1242 3107 Caveamus
1271 3048 1470 3119 igitur,
1499 3047 1732 3119 fratres,
1757 3049 1992 3105 invidiae
2013 3049 2240 3120 vitium,

591 3156 667 3198 ne
696 3140 843 3196 socii
881 3155 1136 3212 operum
1166 3137 1498 3194 adversarii
1527 3137 1880 3208 efﬁciamur,
1920 3155 2071 3196 neve
2103 3157 2244 3196 cum

589 3229 1116 3302 ipsoinveniamur
1125 3227 1354 3299 judicio
1364 3227 1578 3284 eodem
1592 3228 2000 3286 condemnati.
2015 3230 2246 3287 Etenim

593 3321 644 3376 si
673 3319 972 3392 superbus
993 3319 1052 3375 in
1081 3318 1378 3390 judicium
1415 3318 1626 3374 incidit
1653 3318 1902 3386 diaboli,
1932 3320 2246 3392 quomodo

589 3408 830 3466 invidus
851 3413 1130 3481 paratum
1149 3407 1393 3464 diabolo
1411 3407 1773 3480 supplicium
1793 3408 2038 3478 effugiet
2059 3410 2070 3464 l
2096 3413 2244 3466 Nam

592 3497 990 3570 perniciosius
1011 3495 1244 3552 nullum
1263 3495 1472 3552 vitium
1493 3495 1827 3554 innascitur
1844 3497 1904 3552 in
1925 3496 2244 3554 hominum

594 3588 832 3659 animis,
862 3603 1052 3661 quam
1077 3587 1306 3645 invidia
1337 3603 1469 3660 quae
1513 3591 1830 3645 extraneos
1861 3588 2108 3645 minime
2147 3588 2244 3645 lae-

589 3677 1032 3751 dens,primum
1054 3677 1282 3735 malum
1301 3682 1389 3735 cst
1408 3681 1464 3734 et
1482 3676 1880 3735 domesticum
1896 3677 2244 3737 habenti.Ut

662 3841 711 3878 ⁸³
736 3841 952 3915 Ephes.
978 3856 1058 3912 iv,
1089 3843 1180 3898 31.
1257 3839 1305 3876 ⁸³
1335 3840 1536 3897 Matth.
1569 3855 1625 3912 v,
1651 3841 1705 3899 4.

663 4004 774 4074 (36)
815 4001 987 4060 Colb.
1033 4000 1297 4075 primus:
1318 4002 1563 4054 τοιούτων
1607 4008 1889 4077 πονηριῶν.
1935 4000 2049 4058 Alii
2090 4017 2240 4063 mss,

590 4084 847 4151 πονηρῶν-

664 4143 773 4217 (3'7)
803 4148 867 4202 In
899 4150 1154 4218 utraque
1183 4143 1444 4218 editione
1491 4149 1632 4218 post
1677 4160 1890 4200 vocem
1937 4148 2128 4218 κράτος
2157 4162 2243 4202 se-

589 4214 860 4292 qu'untur
883 4214 1131 4292 ηιθυσύν
1156 4223 1228 4285 τῷ
1258 4214 1474 4292 ἀνάρχῳ
1494 4214 1666 4292 αὐτοῦ
1698 4221 1888 4292 Πατρὶ,
1919 4214 2008 4269 καὶ
2033 4225 2106 4289 τῷ
2136 4238 2240 4270 πα-

589 4286 750 4362 νάγίῳ
777 4294 866 4342 καὶ
895 4287 1075 4360 ἀγαθῷ
1123 4292 1213 4339 καὶ
1262 4286 1498 4357 ζωοποιῷ
1547 4289 1714 4340 αὐτῶν
1768 4286 2046 4360 Ιινεύματι,
2077 4286 2240 4348 ὀηνη

2947 2478 3191 2530 OMIAIA
3230 2478 3297 2529 IA
3316 2514 3336 2534 ο

2869 2586 2995 2659 Περὶ
3038 2585 3224 2657 φθόνου
3269 2583 3407 2656 (38).

2422 2693 2476 2749 1.
2524 2689 2794 2763 Ἀγαθόςό
2835 2696 2983 2758 Θεὸς,
3017 2697 3106 2745 καὶ
3137 2691 3342 2764 ἀγαθῶν
3371 2698 3481 2755 τοῖς
3509 2689 3679 2754 ἀξίοις
3706 2699 3934 2765 παρὲκτι-

2347 2783 2476 2844 κός·
2531 2786 2754 2856 πονηρὸς
2797 2782 2822 2834 ό
2871 2779 3134 2848 διάϐολος,
3184 2785 3274 2834 καὶ
3317 2785 3504 2844 κακίας
3546 2785 3802 2843 παντοίας
3848 2776 3936 2837 δη-

2349 2876 2618 2945 μιουργός.
2673 2875 2775 2926 Καὶ
2824 2875 2996 2945 ὥσπερ
3046 2874 3221 2926 ἕπεται
3273 2880 3344 2943 τῷ
3370 2869 3550 2943 ἀγαθῷ
3606 2872 3635 2930 ἠ
3707 2869 3934 2943 ἀφθονία,

2351 2961 2513 3022 οὕτως
2567 2960 2838 3015 ἀκολουθεῖ
2880 2970 2951 3034 τῷ
3007 2959 3234 3035 διαϐόλῳ
3280 2963 3310 3020 ἡ
3365 2960 3651 3034 βασκανία.
3705 2959 3938 3022 Φυλαξὼ-

2351 3055 2485 3127 μεθα
2513 3049 2623 3116 οὖν,
2657 3048 2888 3125 ἀδελφοὶ,
2922 3055 2979 3104 τὸ
3027 3053 3189 3113 πάθος
3235 3057 3327 3103 τοῦ
3385 3053 3592 3123 φθόνου,
3646 3054 3724 3123 μὴ
3775 3069 3940 3102 noua)—

2352 3149 2430 3197 νοὶ
2461 3152 2559 3195 τῶν
2590 3145 2748 3216 ἔργων
2796 3149 2887 3194 τοῦ
2932 3140 3282 3214 ἀντικειμένου
3323 3142 3608 3214 γενώμεθα,
3665 3145 3759 3194 καὶ
3804 3139 3940 3211 εύρε-

2280 3009 2323 3066 C

2357 3236 2519 3306 θῶμεν
2593 3241 2664 3303 τῷ
2733 3231 2874 3303 αύτῷ
2949 3228 3529 3302 συγκαταδικαζόμενοι
3601 3235 3842 3305 κρίματι.
3887 3226 3944 3281 Εἰ

2351 3324 2453 3396 γὰρ
2513 3323 2540 3374 ό
2585 3323 2835 3393 τυφωθεὶς
2892 3321 2962 3383 εἰς
3013 3320 3178 3394 κρῖμα
3232 3320 3470 3393 ἐμπίπτει
3530 3327 3620 3373 τοῦ
3679 3317 3940 3384 διαϐόλου,

2353 3421 2461 3475 πῶς
2517 3413 2544 3464 ό
2598 3413 2838 3485 φθονερὸς
2894 3413 2982 3469 τὴν
3035 3412 3424 3483 ἡτοιμασμένην
3480 3417 3553 3481 τῷ
3598 3405 3829 3480 διαϐόλῳ
3873 3426 3945 3459 τι-

2352 3506 2549 3576 μωρίαν
2601 3499 2941 3573 ἐκφεύξεταις
3011 3502 3201 3554 Φθόνου
3249 3502 3350 3574 ’γάρ
3404 3500 3570 3561 παθός
3625 3495 3782 3552 ούδὶν
3837 3495 3943 3549 ὀλε-

2356 3594 2627 3666 θριὼτερον
2654 3593 2770 3663 (39)
2806 3590 3013 3662 ψυχαῖς
3057 3589 3336 3664 ἀνθρώπων
3385 3587 3633 3662 ἐμφύεται
3657 3629 3672 3643 .
3723 3587 3798 3655 ὃς,
3829 3584 3942 3639 ἑλοί-

2351 3701 2524 3754 χιστα
2575 3683 2686 3754 (40)
2741 3680 2914 3736 λυπῶν
2965 3683 3087 3745 τοὺς
3134 3680 3333 3746 ἔξωθεν,
3393 3687 3595 3754 πρῶτον
3645 3680 3811 3732 κακὸν
3861 3677 3943 3728 καὶ

2349 4004 2468 4061 nisi
2497 4003 2702 4062 omnia
2732 4019 2830 4060 me
2860 4002 3095 4075 fallunt,
3135 4005 3370 4059 tantum
3409 4001 3582 4075 abest
3608 4005 3698 4075 ut
3735 3996 3948 4056 vocula

2351 4077 2464 4143 ούκ,
2493 4092 2680 4148 quam
2705 4076 3052 4131 addendam
3074 4074 3274 4148 censet
3297 4074 3720 4148 Combetisius,
3751 4086 3946 4148 neces-

2352 4142 2630 4217 saria'sit,
2655 4153 2719 4202 ut
2739 4149 2915 4202 etiam
2933 4148 3062 4218 ejus
3081 4145 3194 4202 loci
3209 4145 3562 4218 praeclaram
3587 4142 3945 4218 sententiam

2351 4216 2994 4292 prorsus’corrumpat.
3037 4216 3228 4292 Docet
3253 4217 3414 4274 enim
3457 4216 3947 4292 Basilius,_ex_tra:

2353 4281 2518 4362 neos.
2551 4307 2654 4362 seu
2682 4307 2786 4346 eos
2806 4281 3029 4362 quibus
3059 4289 3379 4362 invidetur,
3407 4286 3792 4362 nullomodo
3808 4281 3944 4362 laedi

590 4352 778 4417 Patre
802 4352 989 4430 ipsias
1016 4352 1259 4427 experte
1286 4352 1593 4428 principii,
1623 4367 1677 4416 et
1725 4352 2096 4432 sanctissimo
2145 4361 2242 4418 bo-
2274 4366 2317 4420 D
2353 4361 2577 4418 invidia
2598 4352 2874 4428 aliorum,
2897 4361 3117 4416 nedum
3143 4360 3504 4432 dicatipsos
3525 4359 3785 4432 aliorum
3805 4352 3944 4412 invi-

589 4447 784 4502 noque
812 4438 866 4488 et
904 4433 1138 4500 vivi/ica
1170 4431 1739 4502 ipsoruqupiritu:
1785 4434 1888 4485 sed
1938 4431 2084 4486 mihi
2133 4432 2243 4489 du-

587 4501 760 4573 bium
785 4517 906 4557 non
937 4507 1047 4568 est,
1069 4501 1183 4573 qui
1205 4505 1395 4555 totum
1424 4501 1592 4573 illud,
1627 4507 1720 4554 σύν
1741 4513 1832 4573 τῷ,
1859 4508 1991 4567 etc.,
2014 4503 2245 4561 haben-

588 4572 737 4628 dum
762 4573 838 4628 sit
865 4589 974 4643 pro
1005 4571 1422 4647 a_d_ditamento
1443 4571 1848 4629 librariorum.
1890 4578 2037 4647 Nam
2083 4592 2240 4647 prte-

586 4642 1054 4716 terquam’quod
1076 4642 1168 4697 hae
1187 4658 1364 4698 voces
1384 4643 1444 4716 in
1469 4648 1688 4700 nostris
1708 4661 1810 4700 sex
1834 4662 1978 4700 mss.
2002 4642 2238 4715 desunt,

585 4714 886 4771 orationes
909 4714 1058 4778 suas
1085 4718 1252 4768 tanto
1278 4714 1596 4770 verborum
1625 4717 1856 4771 ambitu
1880 4714 2240 4774 concludere

586 4801 704 4842 non
737 4786 888 4860 solet
919 4785 1199 4841 Basilius.
1242 4785 1486 4860 Accedit
1509 4788 1898 4860 etiam,quod
1916 4804 2044 4860 vox
2073 4791 2238 4841 πανά-

582 4877 716 4940 γιος,
742 4858 790 4940 si
815 4857 969 4940 bene
985 4857 1401 4928 commemini,
1425 4873 1740 4932 nunquam
1755 4857 1929 4932 apud
1948 4859 2237 4916 Basilium

579 4930 940 4988 inveniatur.

651 5002 758 5072 (38)
793 5001 930 5056 Vide
961 4999 1118 5075 infra
1149 4999 1343 5075 Ruﬁni
1378 4999 1954 5075 interpretationem,
2006 5019 2063 5075 p.
2099 5005 2229 5059 726.

651 5069 765 5148 (39⁷)
793 5077 952 5148 Reg._
970 5072 1203 5148 primus
1229 5069 1380 5125 οὐδὲν
1414 5069 1744 5148 ἀθλιῶτερον.
1941 5069 1948 5072 ’

648 5147 759 5214 (40)
789 5143 1187 5201 (Ιοῐηῦείὶςὶυε
1217 5143 1640 5200 asseveranter
1659 5147 1718 5199 in
1752 5161 1861 5199 suo
1885 5144 2235 5200 Ecclesiaste

575 5217 780 5287 Graeco
801 5217 1037 5272 dixerat
1057 5216 1367 5286 scripsisse
1394 5215 1672 5271 Basilium
1691 5216 1784 5266 οὐκ
1807 5215 2067 5287 ἐλάχιστα
2088 5233 2100 5270 :
2127 5216 2235 5272 sed

574 5286 634 5359 in
659 5304 769 5342 suo
791 5289 1018 5344 Basilio
1042 5289 1333 5359 recensita
1355 5287 1691 5359 modestius
1711 5286 1996 5359 loquitur,
2013 5302 2234 5359 nempe

572 5357 689 5430 hoc
724 5359 944 5430 modo:
972 5362 1131 5430 ,Num
1163 5358 1217 5420 ὃς
1246 5359 1339 5410 οὐκ
1371 5357 1650 5430 ἐλάχιστα.
1683 5357 2008 5430 Postquam
2031 5357 2232 5414 autem

569 5428 732 5484 hunc
749 5428 952 5502 locum
967 5429 1139 5502 bene,
1157 5435 1223 5502 ut
1239 5428 1509 5502 putabat,
1534 5447 1605 5485 eo
1627 5446 1748 5502 quo
1766 5428 2029 5485 diximus
2049 5431 2234 5485 modo

571 5500 1025 5560 emendaverat,
1059 5500 1146 5555 sic
1178 5500 1606 5571 interpretatus
1637 5500 1746 5562 est.
1780 5517 1909 5573 qua:
1957 5502 2229 5572 [invidia]

570 5587 705 5627 cum
727 5588 847 5626 non
866 5573 1178 5627 minimum
1201 5587 1295 5626 eos
1320 5574 1522 5638 laedat,
1550 5574 1656 5642 qui
1674 5581 1851 5628 extra
1891 5581 2054 5636 sunt,
2096 5577 2227 5640 pri-

567 5659 729 5700 mum
751 5645 978 5700 malum
1009 5648 1188 5714 atque
1210 5645 1525 5712 proprium
1557 5643 1800 5700 habenti
1825 5645 2074 5702 exsistit.
2093 5647 2228 5716 Sed,

2351 4434 2452 4489 dia
2477 4433 2609 4489 laedi
2637 4433 2916 4496 maxime,
2950 4429 3509 4495 seu,utCombefisii
3547 4429 3748 4485 verbis
3796 4432 3942 4491 utar,

2351 4522 2471 4578 non
2489 4507 2844 4578 minimum}
2856 4503 3010 4570 gitur
3030 4518 3240 4578 vocem
3263 4501 3524 4578 ἐλάχιστα
3542 4502 3638 4557 hic
3659 4501 3828 4573 apud
3851 4501 3948 4578 Ba-

2353 4576 2726 4632 siliumidem
2748 4575 2962 4638 valere,
2979 4573 3143 4646 quod
3161 4574 3325 4646 apud
3347 4573 3581 4646 Latinos
3604 4587 3819 4628 vocem
3842 4573 3944 4646 (nio

2350 4649 2528 4710 nime.
2561 4647 2886 4702 obscurum
2912 4639 3032 4701 non
3057 4650 3163 4701 est.
3202 4639 3371 4700 Unde
3415 4639 3950 4716 sicinterprctabi-

2351 4735 2506 4785 mur,
2521 4733 2654 4788 quer
2674 4717 2946 4789 [invidia]
2968 4724 3280 4773 cxlraneos
3297 4719 3523 4772 minine
3545 4712 3794 4789 laedens,
3832 4712 3948 4768 hoc

2350 4795 2457 4856 est,
2481 4785 2602 4861 non
2628 4785 2865 4861 (elidens.
2894 4785 3014 4842 Vox
3037 4797 3262 4861 πρῷτος,
3306 4804 3451 4861 quin
3487 4803 3614 4861 sine
3647 4785 3840 4861 dubio
3862 4796 3948 4861 er-

2349 4853 2522 4915 randi
2545 4875 2731 4914 causa
2757 4859 2864 4914 fuit
2886 4853 3266 4925 Combeﬁsio,
3291 4853 3410 4913 non
3440 4859 3521 4914 ita
3549 4856 3799 4925 intelligi
3844 4853 3946 4925 de-

2348 4929 2469 4999 bet,
2485 4937 2549 4986 ut
2571 4929 2794 5004 invidia
2816 4923 3282 5004 primumlmdat
3308 4930 3700 5004 invidentem,
3722 4923 3946 5004 deinde

2349 4996 2486 5058 eum
2510 5003 2602 5057 cui
2625 4996 2952 5056 invide-tur:
3000 5001 3105 5056 sed
3138 5001 3243 5066 sic,
3280 5006 3340 5056 ut
3363 5001 3592 5057 invidia
3619 4998 3852 5055 malum
3877 4996 3948 5066 sit

2347 5073 2704 5139 maximum,
2719 5080 2776 5128 et
2794 5072 2958 5145 quod
2982 5074 3134 5128 inter
3149 5064 3312 5126 mala
3335 5073 3561 5143 primas
3578 5071 3870 5145 obtineat.
3885 5064 3948 5120 ld

2347 5147 2506 5200 enim
2543 5145 2692 5200 siita
2721 5139 2842 5199 non
2870 5150 3043 5211 esset,
3072 5139 3374 5214 pugnaret
3411 5159 3619 5198 secum
3670 5139 3946 5214 Basilius,

2345 5218 2450 5288 qui
2472 5217 2782 5288 aliquanto
2803 5222 2958 5287 post,
2981 5211 3147 5288 num.
3170 5218 3226 5288 fi,
3248 5216 3332 5288 sic
3349 5215 3645 5286 loquitur:
3679 5213 3838 5288 Οῇτω
3857 5211 3946 5260 καὶ

2345 5281 2411 5340 τῖά
2439 5297 2529 5340 τοῦ
2557 5281 2745 5360 ᾦθόνου
2777 5281 3057 5360 κινήματα,
3092 5282 3243 5338 οὐδὲν
3266 5281 3546 5360 λυπούντα,
3590 5288 3676 5336 τὸν
3709 5281 3948 5360 βασκαι-

2344 5356 2573 5432 νὸμενον,
2603 5359 2762 5411 αὑτοῦ
2789 5356 2986 5429 nini/ai
3016 5363 3244 5429 γίνονται
3271 5365 3362 5410 τού
3387 5356 3676 5430 βασκάνου,
3696 5357 3787 5432 ita
3805 5366 3949 5432 q_u_o-

2344 5425 2456 5502 qae
2476 5433 2718 5488 invidia:
2743 5425 2934 5486 motas
2955 5425 3114 5502 nihil
3137 5425 3410 5484 (edentes
3432 5445 3560 5484 eum
3593 5434 3690 5484 cui
3709 5425 3947 5502 invides

2344 5495 2464 5575 ίαν,
2487 5504 2689 5570 plaga:
2717 5504 2872 5575 ﬁant
2910 5501 3413 5575 invidentis.__Nec
3452 5495 3946 5575 praetereundum

2342 5573 2598 5700 sileéitio.
2622 5573 2897 5628 voculam
2919 5573 3012 5625 οὐκ
3042 5578 3100 5628 et
3126 5572 3187 5628 in
3213 5572 3388 5628 editis
3414 5571 3471 5627 et
3497 5571 3558 5628 in
3598 5585 3740 5626 mss.
3788 5571 3950 5640 pari-

2366 5662 2427 5700 er
2485 5661 2673 5700 eesse.

2342 5651 2427 5701 ter
2439 5651 2673 5701 deesse.
