4076 6190
190 285 297 341 373

1526 279 1825 339 HOMILIA
1864 280 1957 336 DE
1995 279 2277 336 INVIDIA.

3462 282 3566 340 374

190 406 385 461 οἰκεῖόν
430 402 550 458 ἔστι
589 410 662 475 τῷ
705 406 1016 478 κεκτημένῳ.
1065 402 1264 480 Ὠσπερ
1307 406 1409 480 γὰρ
1453 405 1526 467 ἰὸς
1559 407 1676 479 (41)
1722 408 1790 457 σί-

1911 404 2072 460 enim
2099 402 2315 475 rubigo
2344 402 2590 475 ferrum,
2622 402 2705 460 ita
2733 402 2964 462 invidia
2984 403 3269 461 infectam
3289 404 3425 479 ipsa
3441 405 3568 463 ani-

191 492 380 571 δηρον,
413 494 580 556 ούτῶς
625 499 651 547 ὁ
682 495 862 566 φθόνος
886 496 981 553 τὴν
1028 497 1258 567 ἔχουσαν
1317 495 1468 548 αὐτόν
1496 494 1684 567 ψυχὴν
1715 492 1799 557 ἐξ·

189 584 488 638 αναλίσκει.
534 582 739 637 Μᾶλλον
790 579 850 636 δε
898 585 1071 659 ὥσπερ
1123 586 1211 645 τάς
1259 580 1475 657 ἐχίδνας
1532 589 1661 657 φασὶ
1707 588 1798 642 τὴν

188 680 483 733 κυήσασαν
533 671 690 732 αύτάς
734 675 969 746 γαστέρα
1010 669 1044 725 δ
1050 674 1347 734 ιεσθιούσας
1394 672 1796 745 ἀπογεννᾶσθαι,

188 762 327 816 οὕτω
376 766 473 815 καὶ
520 760 548 814 ὁ
587 763 766 834 φθόνος
812 764 907 820 τὴν
948 757 1240 815 ὠδίνουσαν
1287 761 1442 815 αύτόν
1484 762 1670 834 ψυχὴν
1713 766 1798 814 πέ-

189 870 318 926 φυκε
363 847 632 923 δαπανᾷν.
679 852 832 908 Αύπη
878 852 980 926 γάρ
1020 848 1135 903 ἔστι
1176 859 1269 913 τῆς
1314 858 1403 905 τοῦ
1451 850 1674 910 πλησίον
1721 848 1799 902 εύ-

186 946 421 1016 πραγίας
466 941 493 994 ὀ
543 941 745 1013 φθόνος.
800 942 985 1015 Διόπερ
1029 936 1280 994 οὐδέποτε
1336 939 1496 1008 ἀνίαι,
1551 934 1800 992 ούδέποτε

186 1027 496 1104 δυσθυμίαι
543 1032 632 1082 τὸν
677 1027 947 1102 βάσκανον
991 1027 1342 1083 ἐπιλείπουσιν
1385 1029 1517 1103 (42).
1567 1028 1799 1103 Εύφόρη-

188 1138 275 1174 σιν
304 1121 340 1177 ἡ
379 1125 546 1195 χώρα
572 1125 663 1172 τοῦ
711 1118 938 1177 πλησίον
970 1136 986 1189 ς
1013 1118 1303 1177 εύθηνεῖται
1342 1126 1478 1172 πᾶσι
1520 1125 1626 1180 τοῖς
1663 1116 1800 1171 κατά

184 1212 270 1262 τόν
302 1207 427 1283 βίον
454 1210 484 1261 ὁ
514 1204 653 1269 οἶκος
675 1225 691 1275 ;
717 1205 982 1282 θυμηδίαι
1007 1212 1094 1262 τὸν
1123 1206 1296 1283 ἄνδρα
1315 1208 1410 1262 ούκ
1439 1207 1793 1276 ἐπιλείπουσι;

183 1305 356 1352 ταῦτα
410 1300 588 1352 πάντα
636 1302 801 1374 τροφὴ
849 1304 942 1360 τῆς
994 1301 1173 1367 νόσου,
1231 1302 1321 1352 καὶ
1371 1300 1650 1374 προσθήκη
1705 1305 1796 1359 τῆς

186 1384 484 1461 ἀλγηδόνος
529 1386 642 1442 ἐστὶ
706 1395 780 1459 τῷ
837 1385 1110 1462 βασκάνῳ.
1160 1387 1323 1442 Ὥστε
1370 1384 1521 1441 ούδὶν
1561 1383 1795 1463 διαφέρει

187 1475 472 1553 ὸθρὼπου
553 1485 758 1551 γυμνοῦ
850 1479 995 1553 παρά
1064 1478 1269 1532 πάντων
1353 1480 1792 1553 τιτρωσκομένου.

187 1564 463 1643 ’Δνδρείός
518 1571 597 1629 τίς
654 1565 799 1619 ἔστιν
836 1583 852 1635 ;
899 1566 1091 1621 εύεκτεί
1129 1568 1244 1638 (45)
1287 1583 1303 1636 ;
1368 1574 1537 1620 ταῦτα
1579 1566 1795 1625 πλήττει

182 1659 269 1709 τὸν
329 1653 626 1728 βάσκανον.
682 1654 886 1732 ’Έτερος
949 1659 1290 1732 χαριέστερος
1353 1660 1446 1715 τήν
1520 1659 1721 1733 μορφήν
1776 1671 1792 1723 ;

1909 510 2076 551 mam
2106 493 2389 550 absumit.
2426 497 2551 550 Imo
2599 509 2743 549 vero
2769 494 3289 566 quemadmodum
3326 494 3566 569 viperas

1910 582 2152 639 tradunt
2169 598 2347 638 exeso
2381 587 2652 639 materno
2677 587 2847 638 utero
2869 583 3034 638 nasci
3068 601 3080 651 ;
3101 582 3184 639 ita
3205 599 3450 657 quoque
3474 599 3568 641 so-

1906 671 1984 727 let
2016 670 2241 727 invidia
2271 671 2601 743 parientem
2633 687 2696 725 se
2722 672 2992 727 animam
3023 688 3250 728 vorare.
3285 675 3382 729 Est
3404 671 3567 730 enim

1906 759 2133 817 invidia
2148 759 2321 816 dolor
2331 760 2406 816 de
2421 760 2684 833 proximi
2697 776 2983 816 successu
3000 759 3151 816 felici
3167 777 3236 816 ac
3254 777 3562 834 prospero.

1909 849 2315 917 Quamobrem
2335 866 2653 924 nunquam
2676 866 2912 918 mceror,
2941 866 3257 924 nunquam
3287 850 3567 909 molestia

1906 939 2078 997 deest
2099 939 2405 997 invidenti.
2426 942 2599 996 Estne
2630 939 2887 1013 proximi
2909 955 3052 1011 ager
3074 939 3279 996 fertilis
3301 940 3328 995 ?
3350 939 3565 997 vitaene

1906 1029 2244 1087 commodis
2259 1030 2543 1087 omnibus
2559 1029 2834 1086 abundat
2848 1030 3064 1086 domus
3078 1030 3105 1086 ‘I
3117 1045 3196 1087 an
3213 1029 3361 1103 ipsis
3377 1028 3566 1086 animi

1907 1119 2361 1176 oblectamentis
2381 1119 2470 1175 vir
2489 1135 2613 1175 non
2642 1120 2849 1175 caret?
2879 1122 3012 1175 llaec
3032 1118 3239 1176 omnia
3266 1117 3563 1191 pabulum

1906 1213 2045 1265 sunt
2084 1209 2303 1279 morbi,
2340 1213 2398 1265 et
2424 1209 2692 1265 accessio
2724 1207 2949 1265 doloris
2993 1207 3222 1264 invido.
3258 1208 3452 1273 Quare
3482 1205 3562 1264 ab

1902 1298 2148 1356 homine
2169 1298 2332 1354 nudo
2360 1298 2465 1371 qui
2495 1297 2574 1354 ab
2594 1297 2880 1355 omnibus
2910 1297 3232 1365 sauciatur,
3265 1288 3415 1352 nihil
3443 1295 3563 1353 dif-

1902 1386 2225 1444 fert.Fortis
2253 1389 2343 1442 est
2367 1385 2587 1459 aliquis
2615 1390 2672 1442 et
2700 1384 2985 1441 robustus
3002 1385 3030 1441 ?
3052 1383 3212 1441 bona
3240 1389 3330 1440 est
3352 1399 3562 1457 corpo-

1901 1476 1982 1533 ris
2009 1475 2365 1532 habitudine
2385 1476 2412 1532 ?
2433 1475 2563 1532 haec
2610 1473 2929 1541 vulnerant
2951 1472 3247 1529 invidum.
3278 1472 3443 1528 Alius
3473 1476 3564 1529 est

1900 1564 2099 1623 forma
2150 1564 2502 1635 elegantiori
2540 1564 2568 1620 ‘2
2611 1564 2732 1620 alia
2777 1564 2909 1619 haec
2964 1566 3054 1619 est
3107 1561 3294 1618 invidi
3357 1561 3560 1635 plaga.

1903 1658 2146 1733 Praestat
2187 1654 2376 1711 animi
2414 1653 2658 1711 dotibus
2688 1654 2992 1727 quispiam
3021 1650 3322 1725 plerisque
3351 1651 3379 1706 ‘I
3424 1666 3563 1723 pru-

186 1744 315 1803 άλλη
365 1744 546 1817 πληγὴ
588 1753 662 1816 τῷ
707 1743 982 1820 βασκάνῳ.
1029 1744 1088 1799 Ὀ
1132 1742 1281 1799 δεῖνα
1334 1752 1439 1808 τοῖς
1472 1752 1564 1806 τῆς
1604 1743 1790 1817 ψμχῆς

1903 1743 2107 1800 dentia
2143 1759 2214 1800 ac
2252 1742 2494 1799 dicendi
2521 1742 2806 1800 facultate
2852 1739 3219 1814 spectandus
3248 1744 3340 1796 est
3380 1742 3561 1813 atque

187 1838 568 1909 προτερήμασι
617 1841 719 1887 τῶν
774 1832 973 1887 πολλῶν
1044 1835 1290 1909 ὑπερέχει
1338 1851 1354 1901 ;
1413 1832 1498 1887 ἐπὶ
1550 1838 1797 1909 φρονήσει

186 1928 274 1975 καὶ
308 1919 538 1995 δυνάμει
570 1921 735 1995 λόγων
785 1920 1129 1977 ἀποϐλέπεται
1172 1927 1264 1976 καὶ
1307 1922 1602 1990 Calcarat;
1650 1922 1798 1986 ἄλλος

186 2012 399 2066 πλουτεῖ
445 2018 537 2066 καὶ
586 2012 932 2088 φιλοτιμεῖται
981 2012 1228 2089 λαμπρῶς
1285 2012 1333 2066 ἓν
1386 2008 1661 2066 ἕπιδόσεσι
1706 2016 1799 2067 καὶ

188 2108 436 2177 κοινωνίᾳ
478 2111 542 2177 τῇ
590 2107 716 2180 πρὸς
759 2107 879 2165 τοὺς
916 2100 1126 2171 ἔκδιείς,
1154 2108 1244 2157 καὶ
1284 2103 1440 2165 πολύς
1482 2102 1624 2175 αύτῷ
1653 2105 1800 2180 παρά

187 2200 287 2244 τῶν
326 2192 770 2267 εὐεργετουμένων
819 2193 845 2244 ὁ
888 2194 1090 2254 ἔπαινος
1126 2209 1141 2260 ;
1181 2199 1349 2245 ταῦτα
1385 2192 1555 2245 πάντα
1598 2191 1797 2264 πληγαὶ

188 2286 274 2333 καὶ
320 2284 624 2356 τραύματα,
673 2285 842 2354 μέσην
891 2280 1051 2334 αύτού
1092 2284 1352 2335 τύπτοντα
1396 2286 1491 2340 τὴν
1547 2277 1794 2357 καρδίαν.

188 2375 289 2424 Καὶ
333 2372 394 2423 τὸ
432 2370 669 2443 χαλεπόν
716 2378 810 2431 τῆς
853 2374 1032 2439 νόσου,
1078 2371 1160 2423 ὅτι
1200 2366 1324 2424 οὐδὲ
1373 2368 1588 2434 ἐξειπεῖν
1631 2369 1794 2430 αὐτὴν

189 2455 433 2513 δύναταιε
489 2458 620 2512 ἀλλὰ
667 2462 853 2514 κύπτει
903 2460 1021 2531 (44)
1070 2462 1182 2533 μὶν,
1237 2464 1328 2514 καὶ
1379 2465 1613 2532 κατηφής
1659 2458 1791 2531 ἔστι,

186 2554 275 2602 καὶ
330 2553 686 2623 συγκέχυται,
740 2557 831 2602 καί
886 2555 1181 2618 ποτνιᾶται,
1237 2552 1328 2602 καὶ
1382 2547 1637 2603 ἀπόλωλεν
1691 2551 1792 2604 ύπὸ

187 2646 278 2692 τοῦ
333 2647 523 2695 κακοῦ.
572 2638 926 2715 Ἐρωτώμενος
970 2635 1030 2693 δε
1075 2642 1134 2692 τὸ
1191 2640 1376 2706 πάθος,
1427 2636 1645 2715 ἐρυθριᾷ
1696 2635 1793 2699 δη-

187 2736 472 2802 μοσιεῦσαι
525 2733 620 2788 τὴν
691 2731 983 2805 συμφορὰν,
1056 2730 1136 2783 ὁτι
1210 2730 1473 2790 Βάσκανὸς
1536 2727 1645 2803 εἰμι
1701 2734 1794 2784 καὶ

189 2822 390 2894 πικρός,
443 2823 533 2871 καὶ
576 2816 830 2894 ἐπιτρίϐει
877 2837 941 2893 με
999 2819 1065 2871 τά
1119 2825 1212 2871 τοῦ
1278 2818 1425 2891 φίλου
1482 2817 1636 2887 καλά,
1702 2823 1793 2873 καὶ

188 2916 279 2961 τοῦ
336 2904 566 2982 ἀδελφοῦ
616 2912 712 2966 την
762 2907 1011 2980 εύθυμίαν
1072 2904 1354 2984 ὀδύρομαι,
1414 2912 1505 2961 καὶ
1543 2906 1602 2960 ού
1657 2912 1793 2985 φέρω

190 3000 281 3056 τὴν
325 2998 445 3051 θέαν
491 3005 593 3049 τῶν
642 2994 922 3073 ἀλλοτρίων
971 2996 1158 3065 καλῶν,
1197 2995 1324 3050 ἀλλά
1370 2998 1640 3073 συμφορὰν
1677 3016 1793 3052 ποι-

1904 1832 2285 1889 ωωιιΙῖωάυε
2304 1834 2331 1889 ‘I
2355 1831 2522 1888 Alius
2552 1832 2719 1889 dives
2741 1835 2852 1897 est,
2874 1835 3055 1903 atque
3078 1828 3393 1902 splendide
3423 1842 3559 1884 mu-
3592 1893 3598 1900 _

1902 1921 2120 1979 niﬁcus
2148 1922 2210 1978 in
2238 1920 2660 1993 largitionibus
2679 1924 2735 1977 et
2762 1921 2826 1976 in
2852 1919 3021 1993 stipis
3041 1919 3389 1990 erogatione
3417 1931 3563 1987 erga

1903 2026 2148 2083 egenos,
2173 2010 2554 2084 multumque
2572 2009 2651 2066 ab
2673 2009 2746 2066 iis
2764 2024 2921 2082 quos
2944 2006 3254 2064 beneficiis
3278 2004 3563 2073 effecerit,

1900 2100 2187 2175 laudatur;
2207 2101 2235 2155 ‘2
2254 2099 2463 2157 omnia
2498 2100 2629 2156 haec
2658 2098 2855 2173 plagas
2886 2102 3027 2155 sunt
3054 2103 3111 2154 et
3136 2096 3407 2166 vulnera,
3439 2111 3565 2154 me-

1903 2190 2075 2247 dium
2105 2205 2207 2247 cor
2234 2189 2428 2264 ipsius
2452 2188 2853 2262 percellentia.
2881 2186 3107 2244 Etillud
3130 2186 3192 2244 in
3208 2186 3326 2242 hoc
3347 2184 3563 2242 morbo

1902 2280 2331 2352 gravissimum
2360 2285 2468 2349 est,
2496 2279 2664 2353 quod
2684 2295 2760 2336 ne
2784 2279 3059 2350 detegere
3085 2277 3333 2352 quidem
3358 2275 3564 2350 ipsum

1901 2369 2126 2443 possit:
2150 2369 2259 2426 sed
2283 2368 2566 2426 demissis
2588 2368 2797 2441 oculis,
2821 2367 2991 2425 vultu
3022 2367 3321 2424 tristitiam
3343 2381 3469 2440 prae
3500 2380 3563 2424 se

1901 2458 2145 2528 ferente,
2175 2457 2585 2529 confunditur,
2606 2458 2959 2532 queritatur,
2990 2462 3172 2530 atque
3201 2456 3316 2511 hac
3335 2454 3432 2511 lue
3462 2469 3563 2528 pe-

1899 2548 2011 2605 rit:
2043 2548 2479 2618 interrogatum
2502 2552 2704 2604 autem
2741 2548 2858 2621 92
2897 2546 2972 2601 de
3001 2544 3189 2603 animi
3215 2543 3561 2612 affectione,

1899 2637 2155 2712 prodere
2197 2637 2388 2712 pudet
2433 2637 2831 2694 infortunium
2859 2634 3011 2696 illud
3040 2650 3260 2691 suum:
3311 2631 3560 2689 Invidus

1900 2743 2036 2783 sum
2053 2732 2110 2784 et
2129 2726 2568 2796 amarulentus,
2586 2725 2864 2799 afﬂigunt
2891 2741 2988 2782 me
3013 2723 3192 2783 amici
3221 2722 3423 2780 bona:
3453 2721 3561 2778 do-

1897 2817 1993 2875 leo
2012 2818 2087 2875 de
2113 2817 2313 2874 fratris
2337 2818 2562 2887 laetitia,
2585 2833 2707 2875 non
2729 2833 2889 2891 queo
2909 2816 3108 2874 aliena
3128 2814 3293 2873 bona
3308 2812 3559 2873 intueri:

1900 2907 2007 2965 sed
2017 2907 2277 2981 proximi
2294 2906 2629 2965 secundam
2643 2907 2947 2966 fortunam
2961 2905 3365 2964 calamitatem
3377 2902 3559 2961 duco.

1901 2997 2036 3055 Haec
2056 2997 2216 3054 enim
2237 2997 2509 3053 dicturus
2541 3001 2650 3067 est,
2684 2997 2737 3053 si
2759 3013 2898 3055 vera
2916 2996 3085 3069 loqui
3104 2995 3265 3052 velit.
3290 2996 3562 3062 Quorum

191 3094 345 3160 οῦμαι
390 3090 490 3146 τὴν
534 3096 635 3139 τῶν
683 3086 906 3145 πλησίον
955 3086 1250 3163 εὐημερίαν.
1318 3092 1499 3141 Ταῦτα
1562 3089 1663 3164 γὰρ
1729 3085 1790 3141 ἀν

1900 3086 2049 3144 dum
2077 3085 2227 3144 nihil
2259 3086 2387 3143 vult
2418 3085 2778 3161 patefacere,
2802 3086 3091 3144 morbum
3120 3084 3281 3143 intus
3310 3084 3558 3155 detinet,

192 3179 340 3244 εἱποι,
391 3175 441 3230 εἰ
481 3178 553 3229 τὰ
597 3174 762 3235 ἀληθῆ
813 3175 975 3247 λέγειν
1018 3174 1282 3250 βούλοιτο.
1336 3176 1433 3228 Ὧν
1478 3172 1629 3230 οὐδὲν
1674 3177 1789 3251 (45)

1898 3176 2319 3235 absumentem
2341 3176 2475 3248 ejus
2503 3175 2762 3246 viscera,
2795 3180 2979 3249 atque
3005 3174 3447 3231 corrodentem.

192 3264 399 3329 ἐξειπεῖν
459 3266 781 3341 αἱρούμενος,
841 3263 890 3319 ἕν
956 3271 1029 3337 τῷ
1083 3264 1238 3340 βάθει
1291 3269 1509 3339 κατέχει
1557 3269 1653 3327 τὴν
1703 3270 1855 3323 νόσον
1911 3267 2342 3341 ὑποσμύχουσαν
2402 3264 2564 3320 αὐτοῦ
2626 3268 2695 3320 τὰ
2756 3264 3043 3339 σπλάγχνα
3102 3268 3193 3320 καὶ
3252 3264 3558 3319 κατεσθίου-

196 3373 303 3411 σαν.

254 3449 309 3501 2.
362 3443 572 3499 Οὐκοῦν
628 3445 748 3498 οὔτε
796 3442 971 3520 ἰατρόν
1020 3430 1114 3506 τῆς
1158 3446 1316 3498 νόσου
1372 3442 1786 3521 παραλαμϐάνει,

189 3537 299 3588 οὔτε
338 3555 394 3588 τι
440 3537 714 3610 φάρμακον
762 3532 983 3609 ἕξευρεῖν
1023 3529 1245 3587 δύναται
1295 3540 1388 3587 τοῦ
1436 3536 1633 3596 πάθους
1680 3534 1789 3590 ἀλε-

188 3626 453 3702 ξπτήριον,
502 3630 680 3679 καίτοι
740 3623 951 3699 πλήρεις
1003 3626 1058 3678 αἱ
1124 3630 1326 3701 Γραφαί
1385 3633 1487 3679 τῶν
1556 3626 1787 3701 ἰαμάτων

185 3718 398 3769 τούτων·
458 3714 592 3767 ἀλλά
647 3718 772 3787 μίαν
836 3711 1071 3787 ἀναμένει
1124 3721 1218 3767 τοῦ
1274 3720 1438 3767 κακοῦ
1488 3714 1784 3789 ῥᾳστώνην,

186 3808 227 3859 εἱ
295 3806 400 3858 πού
454 3824 578 3859 τινα
644 3800 756 3858 ἴδοι
820 3806 1187 3877 καταμεσὸντα
1248 3811 1348 3856 τῶν
1411 3805 1784 3878 φθονουμένων.

185 3895 342 3956 οὗτος
387 3895 507 3970 ὄρος
545 3900 639 3947 τοῦ
688 3897 898 3967 μίσους.
938 3892 1113 3946 ἄθλιον
1168 3888 1297 3946 ἰδεῖν
1327 3891 1383 3945 ἐκ
1412 3897 1672 3969 μακαρίου
1698 3896 1786 3948 τὸν

183 3982 625 4058 βασκαινόμενον,
675 3981 885 4036 ἐλεεινόν
936 3984 1178 4055 γενέσθαι
1224 3986 1310 4036 τὸν
1355 3982 1606 4044 ζηλωτόν.
1661 3986 1788 4038 Τότε

183 4070 490 4142 σπένδεται,
546 4076 637 4125 καὶ
689 4071 829 4146 φίλος
881 4070 1045 4141 ἔστὶν,
1111 4074 1233 4126 ὅταν
1300 4067 1603 4149 δακρύοντα
1666 4070 1782 4147 ἴδη,

178 4165 297 4217 ὅταν
355 4164 655 4217 πενθοῦντα
706 4163 979 4221 θεάσηται.
1042 4164 1144 4215 Καὶ
1197 4161 1507 4235 εύθυμοῦντι
1725 4161 1785 4216 ού

181 4255 633 4328 συνευφραίνεται·
695 4247 992 4327 ὀδυρομένῳ
1041 4246 1101 4304 δε
1153 4246 1491 4327 συνδακρύει.
1547 4257 1649 4306 Καὶ
1693 4255 1786 4313 τήν

176 4341 470 4415 μεταϐολὴν
531 4347 622 4394 τοῦ
677 4338 825 4413 βίου,
875 4338 929 4403 ἐξ
972 4340 1090 4393 οἰων
1145 4340 1213 4401 εἰς
1259 4341 1345 4394 οἶα
1396 4344 1786 4415 μεταπέπτωκε,

175 4431 595 4498 κατοικτίζεται,
646 4429 752 4503 ούχ
793 4429 894 4483 ύπὸ
936 4428 1338 4505 φιλανθρωπίας,
1389 4434 1479 4484 καὶ⁵
1521 4433 1614 4484 τού
1653 4451 1784 4505 συμ-

1968 3448 2022 3502 2.
2049 3444 2255 3518 Itaque
2280 3460 2477 3519 neque
2498 3443 2577 3503 ad
2594 3443 2773 3502 mittit
2791 3443 3096 3511 medicum
3118 3442 3335 3508 morbi,
3356 3457 3557 3518 neque

1896 3532 2197 3614 medelam
2219 3532 2407 3590 ullam
2426 3533 2610 3605 hujus
2630 3532 2755 3589 vitii
2772 3532 3559 3606 expultriceminvenirepo-

1896 3627 2027 3695 test,
2051 3638 2411 3697 quanquam
2436 3623 2751 3696 Scriptura:
2770 3622 3230 3679 medicamentis
3251 3619 3557 3693 ejusmodi

1898 3717 2043 3770 sunt
2065 3712 2333 3770 refertis:
2381 3711 2489 3768 sed
2530 3712 2777 3768 unicum
2829 3711 3086 3768 miseriae
3120 3726 3245 3766 sua:
3273 3709 3556 3767 levamen

1895 3806 2225 3875 exspectat,
2260 3801 2454 3859 sicubi
2501 3800 2700 3858 videat
2731 3799 3086 3875 quempiam
3124 3814 3198 3855 ex
3226 3799 3298 3856 iis
3327 3797 3554 3872 quibus

1894 3882 2141 3960 invidet,
2172 3894 2468 3949 ruentem.
2496 3891 2629 3947 Haec
2655 3894 2744 3948 est
2762 3890 2885 3947 odii
2910 3894 3091 3962 meta,
3118 3904 3257 3945 eum
3288 3888 3385 3945 cui
3404 3888 3555 3945 invi‘

1894 3980 2087 4049 detur,
2115 3982 2405 4039 miserum
2427 3997 2500 4038 ex
2528 3980 2680 4038 felici
2712 3980 2935 4053 videre,
2961 3983 3019 4038 et
3038 3995 3177 4036 eum
3200 3978 3307 4054 qui
3333 3978 3553 4036 beatus

1892 4068 2254 4139 habebatur,
2285 4070 2583 4128 infelicem
2599 4071 2756 4129 ﬁeri.
2783 4074 2946 4128 Tunc
2964 4070 3147 4127 initur
3166 4069 3387 4140 foedus,
3410 4070 3466 4124 et
3485 4066 3555 4125 ﬁt

1893 4160 2128 4219 amicus
2156 4176 2297 4218 cum
2333 4160 2551 4218 viderit
2580 4161 3044 4235 lacrymantem,
3076 4175 3214 4217 cum
3243 4159 3551 4230 lugentem

1894 4251 2290 4326 conspexerit.
2324 4254 2391 4308 Et
2417 4267 2561 4308 vero
2592 4267 2715 4308 non
2758 4252 2996 4308 laetatur
3025 4266 3167 4307 cum
3196 4248 3389 4321 hilari,
3441 4248 3550 4306 sed

1894 4357 2033 4398 cum
2060 4340 2301 4413 lugente
2324 4341 2717 4416 lacrymatur.
2754 4346 2939 4417 Atque
2964 4341 3100 4398 vitae
3126 4338 3547 4410 mutationem,

1893 4448 1966 4490 ex
1986 4433 2209 4507 quibus
2237 4433 2300 4491 in
2329 4449 2465 4507 quae
2495 4432 2799 4506 exciderit,
2825 4433 3161 4503 miseratur,
3190 4447 3313 4488 non
3337 4430 3551 4489 huma-

172 4524 343 4582 παθὲς
398 4517 554 4586 εἶναι,
595 4517 809 4595 ἐξαίρων
850 4525 923 4589 τῷ
964 4517 1100 4591 λόγῳ
1140 4519 1209 4572 τὰ
1250 4523 1495 4596 πρότερα,
1541 4519 1648 4573 ἀλλ’
1698 4520 1783 4574 ἳνα

1900 4523 2075 4581 nitate
2112 4523 2429 4597 quapiam,
2460 4539 2571 4580 nec
2611 4524 2734 4581 ullo
2786 4522 3334 4580 eommiserationis
3362 4537 3549 4579 sensu

176 4609 479 4686 βαρυτέρων
548 4608 688 4680 αύτῷ
755 4610 1123 4681 κατασκευάσῃ
1192 4612 1287 4668 τὴν
1351 4611 1641 4683 συμφοράν.
1710 4615 1780 4665 Τὸ

173 4698 393 4754 παιδίον
440 4701 579 4772 μετά
618 4702 705 4751 τὸν
756 4699 971 4752 θάνατον
998 4697 1214 4766 ἐπαινεῖ,
1256 4702 1345 4752 καὶ
1394 4703 1599 4775 μυρίοις
1624 4699 1782 4773 ἔγκω-

173 4795 307 4863 μίοις
362 4788 734 4862 ἀποσεμνύνει,
790 4790 855 4848 ὡς
901 4790 992 4861 μὶν
1043 4787 1197 4840 καλὸν
1244 4784 1393 4857 ἰδεῖν,
1428 4792 1492 4851 ὡς
1535 4786 1596 4843 δε
1627 4790 1781 4864 εὔμα-

178 4882 271 4947 εις,
321 4880 391 4941 ὧς
446 4875 513 4931 δέ
562 4880 691 4954 πρὸς
738 4878 908 4930 πάντα
958 4876 1295 4953 εύάρμοστον’
1361 4877 1457 4930 ούκ
1522 4878 1583 4931 ἄν
1640 4879 1779 4952 αύτῷ

174 4976 401 5045 περιόντι
465 4966 720 5041 γλῶσσαν
780 4970 1006 5040 εὔφημον
1062 4969 1438 5043 χαρισάμενος.
1490 4967 1607 5023 Ἐὰν
1653 4975 1778 5044 μέν-

174 5077 247 5112 τοι
272 5058 498 5119 πολλοὺς
545 5052 638 5130 ἴδῃ
683 5060 1056 5131 συντρέχοντας
1098 5064 1170 5127 τῷ
1218 5055 1428 5129 ἕπαίνῳ,
1479 5058 1777 5131 μεταϐαλὼν

175 5149 344 5215 πάλιν,
377 5147 667 5223 βασκαίνει
713 5154 785 5218 τῷ
823 5147 1075 5201 τεθνεῶτι.
1115 5149 1215 5200 Τὸν
1263 5145 1481 5200 πλοῦτον
1520 5150 1778 5223 θαυμάζει

179 5242 297 5308 μετὰ
339 5245 434 5299 τήν
483 5241 766 5291 ἔκπτωσιν.
812 5240 918 5294 Τὴν
965 5238 1099 5311 ὤραν
1154 5243 1245 5289 τοῦ
1298 5242 1551 5311 σώματος,
1603 5239 1632 5298 ἦ
1683 5244 1776 5299 τὴν

242 5416 515 5485 (manu
538 5418 568 5469 ὁ
597 5414 691 5476 ἰός.
712 5411 1213 5485 Sed_inmss.non
1233 5412 1449 5485 legitur
1467 5415 1775 5475 articulus.

243 5483 347 5559 (42)
370 5488 547 5547 Colb.
574 5485 793 5559 tertius
820 5483 1207 5540 ἀπολείπουσιν.

241 5557 347 5635 (43)
380 5561 534 5635 Edjti
566 5560 599 5618 ἦ
635 5557 851 5635 τξεκτεί.

239 5626 348 5705 (44)
379 5632 553 5692 Colb.
589 5629 834 5706 primus
861 5642 972 5702 pro
990 5631 1174 5682 κύπτει
1202 5626 1384 5687 habet
1407 5632 1704 5707 κρύπτεται.

1892 4613 2155 4687 priorem
2168 4617 2392 4670 statun
2419 4613 2617 4669 verbis
2642 4613 2915 4677 efferens,
2931 4612 3039 4669 sed
3062 4616 3124 4669 ut
3144 4628 3284 4669 eum
3306 4610 3549 4669 calami-

1888 4707 2004 4762 tate
2026 4704 2301 4775 graviore
2322 4703 2557 4761 cfﬁciat.
2579 4704 2811 4762 Laudat
2828 4703 3021 4760 ﬁlium
3047 4707 3183 4777 post
3200 4702 3455 4772 obitum,
3487 4705 3547 4760 et

1883 4792 2220 4850 innumeris
2249 4793 2566 4867 przeconiis
2592 4794 2976 4863 condecorat,
3008 4809 3197 4867 quam
3226 4791 3401 4851 fuerit
3428 4791 3545 4849 for-

1886 4898 2097 4939 mosus
2127 4881 2283 4950 visu,
2309 4899 2499 4957 quam
2527 4884 2899 4956 ingeniosus,
2943 4899 3133 4956 quam
3175 4881 3430 4939 idoneus
3459 4880 3543 4937 ad

1886 4973 2092 5030 omnia
2121 4993 2137 5042 ;
2161 4975 2279 5044 cui,
2306 4974 2457 5032 dum
2477 4975 2722 5045 viveret,
2746 4990 2820 5030 ne
2840 4973 3098 5031 verbum
3115 4970 3365 5046 quidem
3386 4969 3542 5027 bene

1884 5062 2224 5120 ominatum
2240 5062 2506 5121 dixisset.
2520 5062 2637 5121 Sed
2653 5062 2704 5119 si
2723 5064 2946 5121 multos
2960 5062 3175 5120 viderit
3194 5060 3273 5118 ad
3286 5059 3541 5117 laudan-

1884 5150 2031 5208 dum
2053 5158 2718 5224 concurrentes,rursus
2740 5156 2974 5210 mutata
2998 5153 3294 5211 sententia
3316 5150 3546 5209 invidet

1885 5246 2144 5300 mortuo.
2201 5242 2447 5302 Miratur
2495 5242 2759 5316 perditas
2802 5257 2973 5316 opes.
3015 5242 3387 5316 Elegantiam
3417 5257 3545 5301 cor-

1958 5422 2072 5492 (45)
2114 5421 2263 5494 Editi
2292 5419 2444 5494 ούδὶν
2473 5422 2639 5494 πλέον.
2675 5424 2799 5478 Vox
2828 5420 3041 5494 ultima
3067 5421 3129 5477 in
3171 5420 3243 5477 iis
3278 5436 3438 5494 quos
3465 5422 3546 5494 le-

1887 5491 2089 5617 {rimus
2129 5493 2443 5550 codicibus
2480 5493 2879 5565 nonlegitur;
2919 5493 3267 5567 idcircoque
3284 5491 3421 5550 eam
3442 5493 3541 5551 de-

1911 5578 2166 5621 evnmus.
