4076 6190
505 282 611 337 375

1878 279 1937 336 S.
1977 277 2228 334 BASlLlI
2265 278 2458 335 MAGN
2468 281 2507 338 t.

3760 284 3877 338 3'76

503 404 672 478 poris
702 407 807 462 aut
835 403 1043 475 robur,
1075 406 1132 460 et
1148 403 1375 460 bonam
1398 401 1819 460 habitudinem
1840 406 1979 474 post
2003 416 2158 457 mor-

2271 403 2450 477 ῥώμην
2479 407 2570 456 καὶ
2609 407 2703 463 τὴν
2752 403 2948 467 εὐεξίαν
2999 406 3130 477 μετά
3174 406 3272 467 τὰς
3308 408 3496 469 νόσους
3544 403 3741 460 ἐπαινεῖ
3779 412 3877 461 καὶ

503 493 618 551 bos
644 493 856 552 laudat
886 498 942 549 et
974 492 1221 549 extollit.
1276 495 1347 549 Et
1374 492 1435 549 in
1475 508 1739 561 summa,
1782 507 1995 547 eorum
2025 506 2162 563 quae

505 588 852 659 suppetunt,
882 582 1165 640 inimicus
1186 586 1313 652 est;
1341 598 1553 639 eorum
1580 598 1718 657 quas
1744 580 1994 655 periere,
2017 579 2164 636 ami-

506 690 615 732 cus
626 717 642 734 ο

575 769 627 821 3.
663 763 813 831 Quid
858 761 1042 832 igitur
1092 761 1205 819 hac
1242 761 1340 819 lue
1389 760 1699 819 exitiosius
1740 777 1874 818 esse
1915 760 2164 835 possit?

504 853 855 926 Corruptela
864 851 1022 921 vitae,
1035 851 1331 924 pernicies
1342 857 1592 918 naturae,
1609 867 1820 908 eorum
1833 867 1970 925 quae
1987 850 2163 906 nobis

501 958 540 1000 a.
560 945 679 998 Deo
697 941 841 997 data
857 944 998 996 sunt
1012 940 1314 996 bonorum
1335 940 1570 1005 odium,
1589 940 1846 997 adversa
1865 938 2165 996 Deoindo-

499 1031 603 1089 les.
630 1030 783 1096 Quid
811 1020 1116 1086 malorum
1138 1033 1445 1086 auctorem
1470 1028 1814 1085 daemonem
1836 1028 1915 1085 ad
1937 1028 2162 1085 bellum

501 1120 796 1179 adversus
807 1120 1088 1176 homines
1106 1124 1275 1177 tanto
1293 1136 1432 1176 cum
1448 1120 1647 1176 furore
1664 1119 1940 1193 impulit?
1954 1123 2162 1176 Nonne

497 1209 764 1267 invidia?
784 1224 893 1281 per
911 1225 1099 1281 quam
1122 1212 1179 1265 et
1201 1225 1340 1264 cum
1364 1212 1482 1265 Deo
1504 1209 1635 1282 ipso
1656 1223 1930 1282 pugnare
1955 1208 2162 1282 palam

500 1300 913 1374 deprehensus
959 1303 1065 1356 est.
1119 1299 1229 1365 Qui
1274 1299 1544 1355 infensus
1591 1299 1842 1373 quidem
1882 1302 2004 1356 Deo
2034 1304 2162 1357 erat

499 1394 748 1464 propter
778 1388 1259 1445 muniﬁcentiam
1284 1404 1430 1459 erga
1453 1390 1769 1446 hominem
1794 1410 1808 1446 :
1842 1389 1949 1446 sed
1969 1385 2162 1446 homi-

496 1495 659 1547 nem,
694 1495 833 1535 cum
862 1481 1052 1535 Deum
1077 1494 1202 1537 non
1228 1482 1451 1551 posset,
1484 1478 1903 1535 ulciscebatur.
1936 1479 2162 1535 Eadem

499 1573 556 1625 et
580 1568 725 1626 Cain
751 1567 968 1623 fecisse
990 1568 1358 1641 perhibetur,
1380 1568 1610 1641 primus
1627 1568 1723 1625 ille
1746 1568 1973 1626 diaboli
1991 1568 2164 1625 disci-

496 1657 700 1732 pulus,
735 1658 986 1715 edoctus
1009 1657 1085 1715 ab
1116 1658 1249 1731 ipso
1274 1663 1331 1715 et
1359 1658 1653 1715 invidiam
1675 1664 1733 1715 et
1757 1659 2006 1730 easdem,
2035 1674 2164 1731 ger-

2273 490 2480 567 ἐξαίρει.
2534 496 2636 547 Καὶ
2690 493 2836 561 ὅλως,
2895 492 3088 569 ἐχθρὸς
3129 497 3219 569 μέν
3264 493 3378 549 ἔστι
3424 504 3524 549 τῶν
3577 501 3871 571 παρόντων,

2273 582 2414 654 φίλος
2446 580 2506 638 δὲ
2541 586 2642 637 τῶν
2672 583 3051 660 ἀπολλυμένων.

2342 766 2393 819 3.
2427 767 2490 817 Τί
2519 763 2580 816 ἃν
2609 761 2698 817 οὖν
2717 767 2916 837 γίνοιτο
2941 771 3036 827 τῆς
3064 768 3222 819 νόσου
3250 767 3447 831 ταύτης
3472 766 3834 846 όλεθριώτερον
3857 785 3872 839 ;

2271 852 2444 926 Φθορά
2480 860 2575 914 τῆς
2615 852 2774 921 ζωῆς,
2822 853 2959 927 λύμη
2986 862 3080 916 τῆς
3130 857 3351 927 φύσεως,
3385 857 3557 932 ἔχθρα
3584 864 3685 911 τῶν
3728 861 3877 934 παρά

2273 947 2406 995 Θεοῦ
2457 939 2746 1015 δεδομένων
2795 944 2940 1016 ἡμῖν,
2982 941 3279 1007 ἐναντίωσις
3308 948 3437 1020 πρὸς
3478 951 3625 1004 Θεόν.
3674 952 3741 1002 Τί
3783 952 3874 1000 τὸν

2273 1027 2565 1103 ἀρχέκακον
2609 1028 2836 1105 δαίμονα
2891 1032 2963 1095 εἰς
3008 1035 3095 1085 τὸν
3147 1034 3284 1087 κατά
3332 1033 3612 1111 ἀνθρώπων
3664 1034 3877 1110 ἔξέμηνε

2270 1118 2489 1192 πόλεμον
2523 1136 2536 1187 ;
2567 1120 2689 1193 Οὐχ
2719 1123 2745 1174 ό
2776 1122 2996 1193 φθόνος;
3027 1118 3062 1174 δ
3068 1112 3099 1174 ι’
3139 1122 3200 1175 οὗ
3224 1128 3315 1176 καὶ
3349 1125 3611 1197 θεομάχος
3642 1133 3875 1200 φανερῶς

2272 1205 2603 1280 ἀπηλέγχθη,
2646 1207 2935 1283 ἀχθόμενος
2972 1212 3063 1283 μεν
3093 1218 3207 1283 Θεῷ
3255 1210 3339 1264 ἐπὶ
3390 1220 3452 1286 τῇ
3502 1211 3878 1290 μεγαλοδωρεᾷ

2269 1305 2332 1370 τῇ
2384 1297 2454 1359 εἰς
2499 1300 2587 1351 τὸν
2633 1299 2922 1373 ἄνθρωπον,
2982 1302 3068 1353 τὸν
3107 1302 3376 1375 ἄνθρωπον
3426 1299 3484 1356 δὲ
3532 1301 3873 1377 ἀμυνόμενος,

2271 1383 2450 1446 ἐπειδὴ
2501 1390 2630 1442 Θεὸν
2669 1388 2764 1441 οὐκ
2811 1385 3064 1447 ἠδύνατο.
3114 1392 3192 1444 Τὰ
3239 1390 3374 1444 αὐτὰ
3422 1388 3482 1445 δε
3517 1400 3685 1446 ταῦτα
3712 1402 3877 1447 ποιῶν

2270 1480 2361 1528 καὶ
2400 1478 2426 1529 6
2476 1479 2603 1531 Κάῐν
2652 1474 2940 1547 δείκνυται,
2983 1480 3009 1531 ὁ
3033 1487 3237 1554 πρῶτος
3276 1482 3521 1554 μαθητὴς
3556 1489 3651 1535 τοῦ
3681 1480 3878 1537 διαϐό-

2269 1564 2381 1636 λου,
2413 1571 2502 1620 καὶ
2533 1569 2714 1640 φθόνον
2752 1572 2843 1620 καὶ
2890 1571 3037 1642 φόνον
3067 1568 3189 1643 παρ’
3217 1569 3379 1623 αὐτοῦ
3436 1567 3746 1644 διδαχθεὶς,
3775 1575 3876 1636 τὰς

2272 1652 2496 1728 ἀδελφὰς
2555 1656 2793 1730 ἀνομίας,
2836 1658 2898 1721 οἷς
2945 1663 3034 1712 καὶ
3081 1658 3283 1722 Παῦλος
3326 1660 3642 1728 συνέζευξεν,
3693 1666 3871 1715 είπών·

495 1763 684 1805 mana
712 1747 958 1816 scelera,
989 1763 1127 1821 quae.
1157 1752 1214 1804 et
1234 1747 1452 1804 Paulus
1480 1748 1795 1819 conjunxit
1814 1748 1906 1804 his
1925 1748 2157 1805 verbis:

2271 1749 2507 1808 Μεστοὺς
2564 1748 2772 1819 φθόνου,
2842 1751 3016 1820 φόνου.
3075 1752 3140 1802 Τί
3190 1756 3278 1801 οὖν
3343 1746 3403 1808 ἦν
3462 1750 3489 1802 ὃ
3554 1749 3797 1809 ἐποίησεν
3854 1768 3870 1819 ;

499 1839 719 1896 Plenas
751 1837 1006 1904 invidia,
1041 1837 1363 1894 homicidio
1375 1839 1443 1893 5‘.
1462 1836 1617 1903 Quid
1637 1837 1819 1909 igitur
1838 1843 1968 1895 erat
1992 1837 2158 1911 quod

2271 1831 2394 1888 Εἶδε
2416 1839 2511 1895 τὴν
2547 1839 2692 1910 παρὰ
2721 1844 2854 1890 Θεοῦ
2902 1841 3081 1910 τιμὴν,
3113 1842 3204 1891 καὶ
3242 1837 3491 1903 ἐξεκαύθη
3523 1842 3655 1914 πρὸς
3684 1840 3866 1902 ζῆλον.

498 1926 687 1984 fecit?
730 1926 891 1982 Vidit
920 1926 1189 1983 delatum
1229 1942 1266 1984 a
1311 1928 1432 1983 Deo
1470 1926 1792 1995 honorem,
1832 1930 1891 1984 et
1943 1928 2164 1985 exarsit

496 2016 900 2088 aemulatione,
918 2017 1255 2090 occiditque
1267 2016 1653 2087 honoratum,
1674 2016 2080 2074 honorantem
2096 2021 2163 2075 ut

496 2108 942 2181 perstringeret.
985 2109 1137 2163 Nam
1156 2098 1308 2162 ‘cum
1328 2105 1646 2162 imbecillis
1677 2111 1834 2164 esset
1859 2106 1941 2163 ad
1970 2110 2160 2164 Deum

492 2195 1003 2270 impugnandum,
1020 2195 1082 2251 in
1100 2195 1427 2252 fraternam
1440 2196 1668 2251 caedem
1684 2196 1957 2252 animum
1971 2201 2160 2253 trans-

493 2287 645 2346 tulit.
676 2287 1027 2358 Fugiamus,
1057 2285 1291 2352 fratres,
1325 2286 1744 2357 aegritudinem
1770 2287 1899 2357 ejus
1930 2303 2066 2359 quas
2096 2287 2159 2343 in

492 2379 682 2434 Deum
698 2375 765 2432 ﬁt
788 2391 1011 2449 pugnae
1027 2375 1406 2446 magistram,
1426 2374 1736 2431 homicidii
1752 2380 2032 2444 matrem,
2053 2390 2158 2433 na-

490 2470 640 2524 turae
689 2464 1133 2535 confusionem,
1176 2464 1643 2521 necessitudinis
1688 2463 2153 2534 ignorationem,

493 2556 837 2614 molestiam
854 2555 1358 2613 absurdissimam
1369 2596 1383 2611 .
1397 2557 1513 2611 Cur
1527 2554 1859 2622 afﬂictaris,
1876 2555 2062 2612 homo
2074 2556 2160 2612 ni-

496 2646 581 2703 hil
612 2662 791 2717 grave
821 2661 1039 2719 passus
1061 2646 1089 2702 ?
1108 2645 1258 2718 quid
1285 2644 1445 2701 bello
1476 2643 1627 2716 petis
1657 2644 1953 2702 fruentem
1978 2645 2157 2702 bonis

491 2735 823 2806 aliquibus,
850 2733 1121 2807 nihilque
1150 2733 1226 2789 de
1255 2734 1373 2790 tuis
1400 2733 1903 2790 imminuentem?
1925 2734 2154 2800 Quodsi

487 2822 587 2879 vel
601 2821 911 2878 beneﬁciis
932 2821 1184 2878 affectus
1205 2822 1560 2892 indignaris,
1584 2837 1787 2878 nonne
1808 2822 2015 2896 palam
2037 2822 2153 2880 tuis

491 2912 623 2986 ipse
646 2912 988 2969 commodis
1019 2913 1134 2984 93
1175 2912 1407 2968 invides
1437 2913 1466 2968 ?
1504 2912 1820 2983 Ejusmodi
1851 2913 1993 2970 Saul
2023 2917 2153 2970 erat

494 3002 592 3058 cui
620 3000 1057 3058 beneﬁciorum
1087 3001 1446 3071 magnitudo
1492 3000 1722 3058 bellum
1768 3001 1979 3059 Davidi
2007 3002 2153 3058 infe-

484 3092 659 3150 rendi
679 3108 831 3149 ansa
852 3096 983 3148 erat
1012 3095 1070 3147 et
1098 3092 1289 3163 origo.
1318 3092 1583 3148 Primum
1601 3092 1849 3165 quidem
1877 3092 2154 3150 modula-

486 3182 720 3241 tissima
746 3181 849 3239 illa
871 3198 943 3238 ac
964 3181 1172 3238 divina
1200 3182 1433 3238 musica
1464 3182 1541 3238 ab
1570 3182 1813 3239 insania
1838 3182 2149 3247 liberatus,

492 3272 827 3329 conabatur
848 3271 1079 3345 accepti
1108 3271 1385 3328 beneﬁcii
1415 3276 1725 3329 auctorem
1754 3273 1931 3329 hasta
1956 3277 2152 3329 trans-

488 3361 696 3431 ﬁgere.
723 3359 947 3416 Deinde
976 3374 1101 3417 una
1138 3376 1278 3417 cum
1303 3360 1437 3433 ipso
1467 3360 1734 3416 exercitu
1778 3376 1852 3416 ex
1881 3360 2150 3416 hostium

490 3449 777 3507 manibus
806 3447 1129 3505 incolumis
1158 3454 1420 3522 ereptus,
1443 3454 1501 3506 et
1519 3464 1590 3506 eo
1611 3449 1768 3522 quia
1799 3449 2034 3505 Goliath
2062 3450 2153 3506 in-

495 3540 782 3597 urebatur
793 3539 1089 3596 dedecore
1105 3539 1568 3609 liberatus,cum
1589 3543 1792 3596 tamen
1815 3539 2151 3597 saltatrices

490 3630 775 3704 quaedam
795 3629 1229 3702 decemplicem
1246 3634 1474 3703 partem
1490 3646 1690 3686 rerum
1713 3634 2022 3702 gestarum
2044 3634 2154 3688 Da-

490 3720 616 3777 vidi
636 3721 697 3777 in
716 3719 990 3793 epiniciis
1016 3719 1366 3788 tribuerent,
1383 3725 1687 3789 canentes,
1712 3722 1933 3776 Percus
1943 3722 2014 3775 sit
2036 3722 2158 3778 Da-

492 3811 596 3868 vid
616 3812 675 3867 in
692 3810 890 3867 decem
912 3810 1202 3878 millibus,
1227 3814 1281 3865 el
1302 3810 1455 3865 Saul
1480 3812 1543 3865 in
1570 3810 1837 3864 millibus
1852 3825 1972 3864 suis
1991 3811 2059 3875 ⁵³,
2076 3810 2155 3866 ob

493 3910 685 3952 unam
713 3895 873 3951 hanc
892 3910 1122 3961 vocem,
1149 3898 1206 3949 et
1233 3893 1313 3949 ob
1336 3893 1639 3949 redditum
1662 3893 1738 3949 ab
1759 3894 1894 3965 ipsa
1914 3894 2156 3950 veritate

493 3986 912 4044 testimonium
929 3985 1195 4058 primum
1217 4000 1394 4039 suam
1420 4000 1556 4040 eum
1583 4000 1771 4039 manu
1791 3984 2153 4051 interimere,

496 4082 678 4150 atque
698 4076 930 4132 insidiis
951 4075 1026 4131 de
1050 4074 1250 4131 medio
1274 4074 1473 4130 tollere
1496 4090 1775 4145 agressus
1797 4080 1885 4130 est
1911 4075 2157 4131 :exinde

500 4166 726 4224 Davide
765 4166 829 4221 in
868 4164 1080 4234 fugam
1111 4168 1264 4235 acto,
1291 4180 1366 4220 ne
1395 4165 1482 4220 sic
1511 4164 1761 4235 quidem
1787 4163 1927 4220 odio
1971 4164 2157 4221 ﬁnem

497 4254 810 4329 imposuit,
855 4254 963 4310 sed
986 4258 1361 4326 postremum
1384 4252 1765 4325 expeditione
1797 4270 1936 4310 cum
1964 4254 2157 4312 tribus

500 4347 826 4403 electorum
844 4344 1085 4399 milibus
1099 4343 1391 4400 adversus
1408 4343 1576 4398 illum
1601 4349 1903 4417 suscepta,
1918 4344 2157 4404 deserta

499 4434 637 4491 loca
657 4431 1230 4505 perscrutabatur“.
1256 4431 1481 4498 Quodsi
1513 4432 1727 4490 fuisset
1746 4433 1885 4490 belli
1904 4450 2154 4492 causam

504 4525 935 4593 interrogatus,
980 4521 1390 4594 respondisset
1424 4521 1603 4595 plane
1635 4524 1743 4596 viri
1782 4540 1911 4580 esse
1936 4524 2161 4582 beneﬁ-

505 4612 787 4671 centiam.
803 4611 900 4667 Ille
917 4611 1273 4684 scilicetipso
1285 4613 1715 4686 persecutionis
1737 4619 2005 4686 tempore
2023 4632 2161 4671 cum

507 4702 815 4761 dormiens
845 4702 1257 4775 deprehensus
1277 4702 1508 4773 fuisset,
1536 4709 1863 4776 possetque
1885 4705 1964 4760 ab
1991 4705 2163 4761 hoste

507 4792 680 4850 facile
709 4791 921 4862 occidi,
955 4796 1011 4847 et
1041 4808 1180 4847 cum
1206 4791 1422 4848 iterum
1444 4808 1480 4848 a
1504 4793 1672 4864 justo
1702 4793 1806 4865 qui
1833 4792 2078 4864 injicere
2100 4792 2164 4850 in

510 4899 651 4941 eum
684 4898 902 4939 manus
930 4880 1197 4947 nolebat,
1237 4885 1509 4938 servatus
1558 4886 1713 4937 esset
1739 4881 2060 4937 incolumis
2091 4883 2160 4950 ⁵⁷,

509 4988 904 5048 nequaquam
933 4970 1125 5027 ﬂexus
1175 4975 1261 5027 est
1289 4972 1405 5027 hoc
1437 4970 1736 5027 beneﬁcio
1770 4987 1782 5025 :
1817 4971 1925 5027 sed
1954 4976 2011 5028 et
2037 4986 2165 5027 rur-

511 5081 613 5121 sus
635 5061 957 5134 colligebat
975 5060 1322 5126 exercitum,
1347 5066 1405 5117 et
1427 5076 1635 5116 rursus
1656 5059 1825 5116 illum
1847 5076 2165 5134 perseque-

512 5152 709 5221 batur,
761 5150 969 5223 quoad
1019 5149 1239 5206 iterum
1281 5149 1359 5206 ab
1400 5149 1614 5206 eodem
1649 5149 1712 5205 in
1755 5148 2041 5223 spelunca
2071 5149 2162 5206 in-

584 5327 633 5364 “
662 5329 832 5386 Rom.
875 5346 912 5400 ι,
945 5332 1035 5386 29.
1113 5329 1160 5365 δε
1188 5330 1207 5384 Ι
1234 5330 1374 5400 Reg.
1404 5343 1565 5386 xvm.
1596 5334 1650 5386 7.

582 5506 894 5583 (46)_Colb.
945 5509 1153 5564 tertius
1200 5518 1272 5583 τῷ
1303 5510 1380 5562 ἐπ’
1413 5509 1646 5583 ἀγαθοῖς.
1688 5513 1837 5583 Mox__
1867 5525 2012 5583 mss.
2047 5507 2157 5564 ali-

510 5584 660 5651 quot
690 5577 1061 5657 éyavaxrﬁg...
1090 5589 1182 5657 τῇς
1213 5577 1397 5634 ἑαυτοῦ
1428 5577 1690 5657 ὡφελείας.
1739 5580 1887 5639 Edlti
1928 5580 2157 5655 ἀγανακ-

510 5658 681 5714 τεῖς...
705 5658 765 5711 τῆ
794 5658 1012 5704 σεαυτοῦ
1036 5652 1267 5725 ὠφελείᾳ.

2184 3119 2224 3174 C

2186 4481 2231 4535 D

1729 5329 1777 5366 ⁵⁸
1817 5331 1838 5384 Ῑ
1868 5330 2007 5402 Reg.
2042 5344 2199 5401 xxxv,
2240 5330 2293 5385 3.

2267 1927 2359 1977 καὶ
2403 1922 2564 1978 ἀνεῖλε
2618 1928 2704 1978 τὸν
2750 1928 3054 2000 τιμηθέντα,
3098 1927 3181 1980 ἵνα
3219 1928 3529 2000 καθάψηται
3574 1936 3666 1982 τοῦ
3712 1935 3872 2004 τιμή-

2270 2032 2475 2077 σαντος.
2510 2018 2650 2089 Πρός
2673 2018 2777 2089 γὰρ
2816 2020 2912 2075 τὴν
2956 2017 3248 2091 θεομαχίαν
3280 2014 3572 2088 ἀδυνατῶν,
3605 2019 3674 2082 εἰς
3706 2016 3872 2076 ἀδελ-

2268 2109 2539 2177 φοκτονίαν
2566 2105 2885 2178 ξ’μετέπεσεη
2920 2108 3187 2179 Φύγωμεν,
3244 2103 3479 2180 ἀδελφοὶ,
3538 2111 3689 2162 νόσον
3747 2110 3872 2163 θεο-

2266 2196 2474 2266 μαχίας
2530 2191 2874 2262 διδάσκαλον,
2927 2193 3268 2269 ἀνδροφονίας
3328 2200 3550 2273 μητέρα,
3594 2200 3870 2271 σύγχυσιν

2267 2285 2486 2355 φύσεως,
2530 2285 2846 2347 οἰκειότητος
2905 2286 3139 2357 ἄγνοιαν,
3193 2289 3464 2361 συμφορὰν
3514 2285 3873 2360 ἀλογωτάτην.

2264 2375 2330 2425 Τί
2371 2372 2530 2446 λυπῇ,
2591 2374 2847 2448 ἄνθρωπε,
2894 2371 3063 2448 μηδὲν
3104 2371 3271 2429 δεινὸν
3317 2377 3624 2444 πεπονθὼς;
3670 2381 3724 2429 τί
3764 2395 3873 2430 πο-

2264 2460 2433 2534 λεμεῖς
2480 2469 2554 2533 τῷ
2615 2460 2663 2514 ἐν
2722 2461 2938 2536 ἀγαθοῖς
2991 2466 3101 2534 (46)
3164 2483 3304 2517 τισιν
3357 2466 3485 2532 ὄντι,
3542 2462 3707 2539 μηδὲν
3763 2474 3874 2519 τῶν

2268 2557 2371 2604 σῶν
2424 2549 2773 2605 ἐλαττώσαντι
2820 2567 2835 2619 ;
2886 2552 3003 2606 Ἐὰν
3048 2549 3108 2607 δί
3161 2550 3228 2614 δὴ
3296 2558 3387 2607 καὶ
3443 2554 3868 2628 εὐεργετούμενος

2265 2636 2584 2714 ἀγανακτῇς,
2642 2640 2737 2693 οὐκ
2787 2642 3035 2717 ἄντικρυς
3084 2650 3181 2705 τῆς
3227 2642 3412 2696 ἑαυτοῦ
3460 2643 3703 2717 ὠφελείας
3758 2642 3871 2717 βα·-

2267 2734 2495 2791 σκαίνεις
2535 2745 2550 2796 ;
2598 2728 2806 2793 Ὀποῖος
2863 2727 2924 2789 ἦν
2972 2731 2999 2783 6
3050 2730 3232 2800 Σαοὺλ,
3280 2731 3335 2795 ὃς
3391 2740 3490 2784 τῶν
3562 2732 3872 2806 εὐεργεσιῶν

2262 2819 2355 2880 τάς
2399 2817 2684 2893 ὑπερϐολὰς
2728 2817 2966 2894 ἀφορμὴν
3012 2826 3106 2873 τοῦ
3151 2820 3378 2894 πολέμου
3428 2827 3521 2874 τοῦ
3581 2824 3712 2897 πρὸς
3776 2824 3871 2875 τὸν

2264 2904 2434 2962 Δαϐὶδ
2481 2906 2785 2969 ἐποιήσατο.
2838 2915 3048 2983 Πρῶτον
3110 2912 3200 2983 μεν
3247 2913 3371 2985 γὰρ,
3416 2918 3479 2984 τῇ
3529 2915 3869 2986 παναρμονίῳ

2263 2996 2426 3071 ἄκείνη
2477 3002 2568 3052 καὶ
2627 3000 2739 3071 θείᾳ
2793 3007 3023 3073 μουσικῇ
3090 3007 3187 3073 τῇς
3251 3005 3441 3074 μανίας
3504 2999 3865 3074 ἀπαλλαγεὶς,

2263 3084 2500 3159 ἐπειρᾶτο
2578 3083 2767 3162 δόρατι
2833 3083 3105 3163 διαπεῖραι
3132 3072 3136 3073 7
3166 3072 3261 3142 τὸν.
3320 3072 3607 3164 εὐεργέτην
3686 3072 3872 3143 ἔπειτα

2266 3178 2361 3228 σὺν
2409 3176 2549 3247 αὐτῷ
2601 3184 2673 3248 τῷ
2725 3185 2931 3251 στρατῷ
2988 3176 3045 3230 ἐκ
3081 3185 3182 3231 τῶν
3231 3179 3484 3252 πολεμίων
3530 3180 3866 3253 περισωθεὶς,

2262 3269 2352 3317 καὶ
2401 3274 2495 3327 τῆς
2553 3264 2637 3319 επὶ
2683 3274 2755 3338 τῷ
2813 3267 2925 3338 (47)
2980 3266 3166 3320 Γολιὰθ
3216 3268 3481 3341 αἰσχὺνης
3525 3266 3867 3341 ἀπαλλαγεὶς,

2262 3355 2400 3427 ὅμως
2448 3352 2627 3414 ἐπειδὴ
2679 3353 2727 3407 ἐν
2780 3363 2891 3419 τοῖς
2947 3355 3218 3421 ἐπινικίοις
3258 3362 3317 3410 τὸ
3362 3354 3713 3410 δεκαπλάσιον
3770 3367 3871 3421 τῆς

2262 3453 2362 3497 τῶν
2409 3444 2715 3518 συμϐάντων
2746 3445 2918 3509 αἰτίας
2956 3455 3029 3519 τῷ
3079 3443 3249 3500 Δαϐὶδ
3280 3446 3524 3501 ἀνέθεσαν
3568 3449 3621 3500 αἱ
3664 3450 3871 3524 χορεύ-

2264 3555 2440 3590 ουσαι·
2498 3534 2757 3599 Ἐπάταξε
2814 3533 2981 3590 Δαϐὶδ
3037 3535 3084 3590 ἰν
3142 3539 3387 3612 μυριάσι,
3443 3542 3533 3591 καὶ
3598 3537 3753 3591 Σαοὺλ
3819 3537 3870 3591 ἐν

2264 3625 2505 3698 χιλιάσιν
2554 3626 2733 3677 αὐτοῦ·
2796 3622 2889 3678 διὰ
2944 3630 3068 3699 μίαν
3129 3630 3323 3684 ταύτην
3372 3632 3554 3700 φωνην,
3622 3632 3713 3680 καὶ
3770 3632 3872 3687 τὴν

2266 3714 2318 3779 ἐξ
2355 3715 2520 3776 αὐτῆς
2568 3724 2664 3777 τῆς
2710 3713 2951 3777 ἀληθείας
3003 3717 3311 3790 ὑπάρξασαν
3370 3721 3683 3791 μαρτυρίαν,
3712 3723 3872 3791 πρῶ-

2266 3824 2350 3857 τον
2405 3806 2653 3878 αὐτόχειρ
2713 3808 2970 3877 γενέσθαι,
3024 3809 3115 3857 καὶ
3164 3805 3216 3869 ἐξ
3263 3802 3474 3879 ἐνέδρας
3535 3805 3721 3859 ἀνελεῖν
3769 3802 3874 3858 ἑπ-

2267 3898 2557 3969 εχείρησεν·
2607 3895 2716 3947 εἶτα
2765 3891 2980 3968 φυγάδα
3015 3901 3377 3959 καταστήσας,
3430 3892 3553 3948 οὐδὲ
3591 3896 3725 3948 οὕτω
3758 3900 3876 3957 τὴν

2267 3985 2463 4058 ἔχθραν
2520 3986 2756 4051 ἔστησεν,
2825 3982 2952 4037 ἀλλά
3006 3987 3064 4037 τὸ
3126 3985 3413 4038 τελευταῖον
3476 3985 3877 4058 ἐκστρατεύσας

2268 4071 2343 4125 ἐπ’
2380 4073 2534 4125 αὐτόν
2570 4076 2681 4140 (48)
2741 4073 3064 4147 τρισχιλίοις
3117 4074 3325 4146 λογάσι,
3375 4077 3467 4138 τὰς
3516 4074 3732 4149 ἐρημίας
3775 4071 3877 4128 δι-

2269 4168 2538 4237 ηρευνᾶτο.
2591 4163 2651 4214 Εἰ
2682 4159 2741 4216 δὲ
2780 4164 3019 4236 ἠρωτήθη
3052 4170 3144 4216 τοῦ
3184 4163 3405 4236 πολέμου
3451 4169 3544 4223 τὴν
3582 4169 3873 4238 πρόφασιν,

2269 4259 2403 4305 εἶπεν
2448 4251 2507 4303 ἂν
2536 4254 2740 4313 πάντως
2768 4255 2863 4314 τὰς
2890 4261 2982 4304 τοῦ
3015 4249 3205 4325 ἀνδρὸς
3237 4253 3490 4316 εὐποιίας.
3522 4252 3618 4315 ’ος
3646 4272 3702 4325 γε
3745 4255 3881 4330 παρ’

2270 4343 2425 4395 αὐτόν
2455 4345 2541 4394 τὸν
2572 4347 2754 4416 καιρόν
2792 4351 2885 4404 τῆς
2918 4338 3144 4404 διώξεως
3183 4339 3450 4395 καθεύδων
3494 4342 3876 4416 καταληφθεὶς,

2271 4432 2471 4504 ἕτοιμος
2515 4430 2586 4492 εἰς
2631 4434 2828 4502 σφαγὴν
2872 4435 3202 4504 προκείμενος
3242 4438 3314 4501 τῷ
3358 4428 3555 4505 ἐχθρῶ,
3597 4435 3683 4483 καὶ
3714 4431 3880 4483 πάλιν

2270 4521 2575 4595 περισωθεὶς
2601 4521 2699 4571 ὑπὸ
2721 4526 2811 4570 τοῦ
2844 4515 3072 4587 δικαίου,
3101 4519 3371 4593 ἐπαγαγεῖν
3394 4521 3534 4591 αὐτῷ
3558 4523 3652 4583 τὰς
3681 4526 3885 4594 χεῖρας

2273 4608 2647 4681 φυλαξαμένου,
2680 4605 2793 4659 οὐδ’
2812 4608 2911 4659 ὑπὸ
2942 4611 3138 4671 ταύτης
3166 4617 3261 4670 τῆς
3282 4609 3576 4683 εὐεργεσίας
3605 4608 3877 4682 ἐκάμφθγν

2274 4696 2401 4750 ἀλλά
2431 4702 2520 4749 καὶ
2558 4696 2710 4749 πάλιν
2755 4696 3133 4771 ἐστρατολόγει,
3175 4704 3264 4751 καὶ
3301 4699 3455 4751 πάλιν
3487 4695 3717 4751 ἐδίωκεν·
3751 4698 3876 4767 ἕως,

2273 4790 2363 4838 καὶ
2423 4782 2661 4859 δεύτερον
2702 4785 2852 4849 ἁλοὺς
2906 4789 3006 4840 ὑπό
3059 4795 3149 4840 τοῦ
3191 4788 3349 4841 αὐτοῦ
3399 4786 3446 4839 ἐν
3492 4796 3563 4859 τῷ
3603 4786 3876 4860 σπηλαίῳ,

2274 4885 2365 4930 τοῦ
2416 4880 2507 4950 μὲν
2555 4882 2648 4934 τὴν
2706 4876 2890 4951 ἀρετὴν
2937 4877 3295 4954 λαμπροτέραν
3346 4876 3631 4945 ἀπέδειξεν,
3683 4878 3881 4931 ἑαυτοῦ

2276 4965 2335 5021 δὲ
2376 4972 2466 5025 τὴν
2514 4973 2765 5043 πονηρίαν
2811 4973 3259 5042 καταφανεστέραν
3307 4968 3539 5027 ἐποίησε.
3595 4975 3881 5041 Δυσμετα-

2274 5062 2673 5133 χειριστότατον
2718 5060 2912 5131 ἔχθρας
2961 5054 3099 5118 εἶδος
3138 5059 3162 5110 ό
3217 5061 3422 5130 φθόνος.
3462 5061 3595 5120 Τοὺς
3631 5061 3721 5133 μεν
3767 5056 3881 5132 γὰρ

2275 5147 2441 5210 ἄλλως
2489 5143 2763 5220 δυσμενεῖς
2820 5149 3174 5221 ἡμερωτέρους
3229 5155 3469 5200 ποιοῦσιν
3517 5149 3571 5200 αὶ
3619 5146 3879 5200 εὐποιίαι·

2371 5326 2417 5363 ⁵⁷
2450 5326 2472 5383 Ι
2502 5328 2647 5397 Reg,
2672 5342 2828 5395 xxv1,
2858 5327 2913 5383 7.

2337 5509 2450 5587 (αξῖ)
2476 5507 2632 5587 li‘e‘g.
2651 5506 2885 5587 primus
2914 5509 3004 5558 καὶ
3029 5512 3123 5587 τῆς
3153 5503 3237 5587 ἐπὶ
3261 5514 3377 5587 τωρ,
3420 5580 3430 5587 Δ
3688 5575 3700 5586 .

2340 5577 2456 5653 (4’8)-
2485 5577 2678 5653 Edi-tid
2707 5583 2959 5653 utra—que
2987 5577 3100 5653 κη’
3120 5577 3298 5631 αὐτοῦ.
3328 5578 3568 5653 Veteres
3595 5577 3888 5653 quinque

2263 5648 2400 5708 libri
2438 5648 2515 5702 ἔπ’
2539 5648 2713 5705 αὐτόν.
2741 5648 2952 5706 eadem
2983 5649 3162 5725 plane
3191 5649 3507 5707 sententia.
