4076 6190
228 298 332 353 377
1535 290 1828 349 HOMILIA
1862 289 1957 345 DE
1996 288 2282 347 INVIDIA.
3487 298 3593 353 378

225 423 313 475 τᾶν
372 418 643 493 βάσκανον
680 414 743 473 δέ
782 420 875 471 καὶ
911 419 1149 479 κακοήθη
1180 419 1241 471 τὸ
1270 417 1442 481 καλῶς
1468 418 1652 471 παθεῖν
1680 416 1821 470 πλέον

1938 418 2262 489 terceptus,
2289 419 2347 473 et
2366 416 2498 489 ejus
2526 416 2808 474 virtutem
2827 418 3591 491 prmstiteritillustriorem,

224 509 626 586 προσερεθίζει·
675 512 767 562 καὶ
814 510 1015 582 ὅσῳπερ
1062 508 1124 561 ἂν
1162 509 1409 582 μειζόνων
1438 510 1605 580 τύχῃ,
1647 507 1830 580 μειζό-

224 620 324 662 νως
360 598 649 671 ἀγανακτεῖ
690 603 783 650 καὶ
836 596 1063 665 ἀνιᾶται,
1109 602 1200 651 καὶ
1247 594 1610 673 δυσχεραίνει.
1651 596 1829 649 Πλεῖον

223 687 325 760 γὰρ
380 688 613 758 ἄχθεται
650 694 713 760 τῇ
768 682 988 760 δυνάμει
1012 694 1103 740 τοῦ
1148 687 1432 761 εὐεργέτου,
1463 688 1493 746 ἣ
1524 687 1686 758 χάριν
1717 687 1832 757 ἔχει

224 782 333 838 τοῖς
360 775 435 837 εἰς
462 775 623 828 αὐτὸν
648 779 956 848 γινομένοις.
1010 783 1164 830 Ποῖον
1213 776 1273 830 οὐ
1300 784 1489 831 νικῶσι
1537 777 1717 849 θηρίον
1763 780 1826 846 τῇ

223 864 557 937 χαλεπότητι
585 874 684 919 τῶν
713 858 955 939 τρόπων;
1019 871 1082 919 Τί
1109 874 1209 919 τῶν
1236 864 1502 940 ἀνημέρων
1531 864 1636 936 οὐχ
1667 865 1829 937 ὑπερ-

226 954 507 1008 ϐάλλουσιν
561 953 875 1030 ἀγριότητις
924 957 991 1007 Οἱ
1037 958 1185 1018 κύνες
1230 959 1529 1029 τρεφόμενοι
1572 956 1828 1027 ἡμεροῦν·-

223 1062 351 1100 ται.
401 1045 452 1097 οἱ
505 1043 701 1105 λέοντες
756 1047 1057 1117 χειροήθεις
1108 1050 1342 1117 γίνονται
1389 1046 1823 1118 θεραπευόμενον

220 1135 269 1187 οὶ
322 1129 386 1186 δε
441 1130 707 1205 βάσκανοι
764 1141 881 1196 ταῖς
966 1136 1258 1211 θεραπείαις
1332 1133 1484 1189 πλέον
1558 1131 1827 1205 ἐξαγριαί-

215 1242 390 1277 νονται
397 1264 411 1278 ο

1937 510 1997 562 et
2017 522 2191 563 suam
2211 508 2405 581 ipsius
2430 508 2764 580 nequitiam
2792 507 3265 566 manifestiorem
3315 510 3596 567 reddide-

1935 594 2029 651 rit.
2046 597 2699 653 tmmansuetissimum
2723 596 2845 667 odii
2867 612 3059 667 genus
3077 598 3423 656 invidiaest.
3442 603 3595 656 Nam

1937 682 2335 742 beneﬁcentia
2355 690 2603 742 casteros
2617 685 2865 758 quidem
2885 686 2990 757 qui
3018 685 3198 741 nobis
3220 686 3487 767 alioquin
3506 688 3597 744 in-

1935 772 2088 830 fensi
2114 780 2274 846 sunt,
2298 776 2564 832 mitiores
2596 776 3158 846 mansuetioresque
3198 775 3440 833 reddit:
3486 778 3594 834 sed

1938 861 2157 920 collata
2185 865 2248 920 in
2284 864 2560 921 invidum
2590 870 2648 921 et
2678 864 3014 935 malignum
3040 864 3358 933 beneﬁcia,
3389 866 3593 938 ipsum

1935 952 2197 1025 amplius
2222 955 2474 1011 irritant.
2499 958 2566 1010 Et
2585 959 2814 1027 quanto
2836 954 3068 1026 majora
3089 955 3403 1025 acceperit,
3424 959 3593 1013 tanto

1935 1043 2132 1113 magis
2157 1044 2528 1115 indignatur,
2558 1044 2839 1118 doletque
2864 1049 2923 1101 et
2947 1045 3377 1101 stomachatur.
3410 1045 3592 1117 Magis

1933 1132 2095 1188 enim
2109 1134 2512 1191 afﬂictaturde
2524 1134 2791 1208 potentia
2806 1134 3151 1191 benefacien
3160 1135 3254 1205 tis,
3282 1151 3467 1208 quam
3482 1134 3593 1208 pro

1936 1221 2092 1279 datis
2124 1224 2238 1280 sibi
2263 1225 2573 1281 beneﬁciis
2596 1224 2851 1295 gratiam
2875 1224 3076 1280 habet.
3102 1226 3295 1291 Quam
3324 1224 3590 1282 belluam

211 1326 338 1370 non
366 1315 664 1385 superant
693 1327 936 1370 morum
966 1312 1291 1371 acerbitate
1312 1314 1342 1371 ?
1372 1314 1535 1380 Quas
1559 1312 1719 1370 feras
1747 1306 1982 1367 feritate
2010 1329 2134 1370 non
2165 1314 2415 1371 vincunt
2441 1317 2469 1371 ?
2509 1318 2700 1372 Canes
2726 1312 3012 1371 alimento
3037 1314 3242 1371 oblato
3272 1330 3592 1372 mansues-

211 1406 379 1465 cunt,
409 1400 623 1458 leones
649 1417 792 1458 cum
823 1407 1135 1469 curantur,
1168 1402 1514 1459 tractabiles
1535 1402 1727 1457 ﬁunt:
1762 1396 1870 1454 sed
1896 1397 2085 1458 invidi
2115 1403 2427 1477 obsequiis
2458 1409 2515 1461 et
2541 1403 2752 1461 ofﬁciis
2790 1403 3057 1460 evadunt
3087 1404 3471 1474 agrestiores.

281 1494 340 1548 4.
403 1496 470 1546 Τί
507 1495 597 1544 τὸν
623 1500 858 1564 γενναῖον
905 1492 1099 1565 Ἰωσὴφ
1148 1489 1332 1546 δοῦλον
1376 1492 1652 1559 ineius-tv;
1704 1489 1827 1559 Οὐχ

213 1582 241 1634 ὁ
292 1582 486 1653 φθόνος
520 1589 621 1632 τῶν
665 1577 946 1653 ἀδελφῶν;
1015 1580 1175 1635 Ἔνθα
1225 1586 1315 1634 καὶ
1365 1584 1635 1655 θαυμάσαι
1681 1578 1826 1641 ἄξιον

214 1675 309 1729 τήν
352 1669 570 1741 ἀλογίαν
618 1679 715 1731 τῆς
743 1675 922 1726 νόσου.
968 1670 1281 1733 Φοϐηθίντες
1319 1673 1420 1746 γὰρ
1472 1679 1573 1723 τῶν
1621 1669 1825 1742 ὀνειρά-

212 1778 316 1812 των
370 1764 469 1818 τὴν
515 1758 750 1827 ἔκϐασιν,
812 1756 996 1814 δοῦλον
1052 1758 1259 1813 ἕποίουν
1316 1764 1402 1814 τὸν
1458 1756 1698 1832 ἀδελφὸν,
1756 1760 1828 1821 ὡς

214 1849 309 1902 οὐκ
342 1850 406 1900 οἶν
448 1868 575 1904 ποτε
624 1846 815 1903 δούλου
868 1853 1336 1924 προπυνηθέντος.
1398 1853 1580 1904 Καίτοι
1636 1848 1680 1902 εἰ

216 1936 387 1997 ἀληθῆ
443 1940 513 1991 τὰ
566 1937 797 2006 ἐνύπνια,
854 1943 936 2003 τίς
991 1944 1210 2011 μηχανὴ
1269 1943 1341 2013 μὴ
1419 1939 1548 2011 οὐχὶ
1617 1940 1824 2001 πάντως

217 2026 436 2087 ἐκϐῆναι
465 2030 532 2081 τὰ
559 2027 922 2103 προῤῥθίντα;
977 2028 1020 2083 εἰ
1067 2025 1128 2083 δε
1174 2026 1389 2101 ψευδεῖς
1435 2031 1492 2083 αἱ
1535 2036 1636 2083 τῶν
1686 2027 1822 2083 ὀνει-

212 2120 384 2192 ράτων
439 2116 610 2188 ὄψεις,
663 2115 781 2172 ἀντὶ
832 2122 973 2181 τίνος
1030 2116 1346 2191 βασκαίνετε
1400 2126 1472 2189 τῷ
1530 2116 1822 2191 σφαλλομέ-

211 2223 319 2279 rei;
366 2212 502 2261 Νυνὶ
532 2203 594 2261 δε
622 2208 724 2261 ὑπὸ
764 2215 862 2270 τῆς
905 2214 999 2262 τοῦ
1056 2216 1189 2262 Θεοῦ
1246 2208 1542 2281 οἰκονομίας
1591 2210 1822 2283 περιτρέ-

209 2315 364 2351 πεται
400 2296 584 2359 αὐτοῖς
612 2298 673 2349 τὸ
706 2301 882 2370 σοφόν.
947 2298 1022 2352 Δι’
1087 2298 1156 2350 ὧν
1200 2299 1304 2374 γὰρ
1362 2296 1598 2371 ἐνόμιζον
1655 2295 1820 2369 ἔμπο-

210 2382 386 2448 δίζειν
451 2394 518 2459 τῇ
572 2386 884 2461 πορῤῥήσει,
937 2385 1031 2442 διὰ
1105 2389 1302 2441 τούτων
1371 2386 1631 2460 ἕφάνησαν
1704 2382 1823 2439 ὁδο-

214 2484 487 2538 ποιοῦντες
525 2479 623 2534 τὴν
671 2475 905 2531 ἔκϐασιν.
955 2476 1018 2531 Εἰ
1061 2478 1164 2551 γὰρ
1212 2482 1284 2550 μὴ
1335 2475 1556 2552 ἕπράθη,
1612 2475 1707 2529 οὐκ
1759 2474 1820 2528 ἂν

210 2563 362 2624 ἦλθεν
415 2566 491 2628 εἰς
543 2569 832 2638 Αἴγυπτον,
890 2566 985 2619 οὐκ
1040 2567 1102 2619 ἂν
1154 2563 1248 2620 δια
1299 2569 1640 2642 σωφροσύνην
1704 2572 1822 2627 ταῖς

211 2654 518 2718 ὶπιϐουλαῖς
566 2664 664 2718 τῆς
722 2654 1013 2710 ἀκολάστου
1063 2658 1319 2729 γυναικὸς
1360 2660 1680 2731 περιέπεσεν,
1725 2655 1821 2709 οὐκ

211 2744 271 2796 ἂν
301 2744 499 2804 ἐϐλήθη
531 2744 606 2807 είς
645 2740 1024 2821 δεσμωτήριον,
1072 2746 1167 2799 οὐκ
1219 2745 1279 2798 ἃν
1331 2744 1530 2818 ἐγένετο
1589 2747 1821 2808 συνήθης

211 2841 323 2896 τοῖς
374 2836 667 2908 ὑπηρέταις
719 2841 814 2887 τοῦ
867 2838 1074 2911 Φαραὼ,
1132 2831 1249 2889 οὐδ’
1307 2834 1368 2888 ἃν
1435 2832 1678 2888 συνέϐαλε
1755 2836 1822 2887 τά

212 2926 475 2999 ὀνείρατα,
507 2925 621 2983 ὅθεν
651 2927 747 2982 τὴν
776 2922 953 2998 ἀρχὴν
984 2921 1197 2988 ἐδέξατο
1248 2933 1345 2986 τῆς
1394 2923 1680 2997 Αἰγύπτου,
1730 2928 1821 2978 καὶ

215 3009 310 3066 διὰ
337 3018 437 3072 τήν
471 3010 743 3068 σιτοδείαν
772 3015 874 3067 ὑπὸ
903 3022 1002 3067 τῶν
1050 3010 1283 3087 ἀδελφῶν
1331 3014 1491 3068 αὐτοῦ
1537 3017 1667 3090 πρὸς
1719 3014 1819 3068 αὑ-

212 3106 297 3156 τὸν
353 3102 607 3156 ὒθόντων
670 3105 1055 3177 προσεκυνήθη.
1124 3102 1342 3158 Μετάϐα
1391 3113 1464 3175 τῷ
1523 3103 1660 3175 λόγῳ
1734 3103 1820 3156 ἐπὶ

212 3194 300 3245 τόν
351 3196 606 3265 μέγιστον
658 3194 865 3265 φθόνον,
923 3198 1012 3245 καὶ
1066 3191 1149 3246 ἐπὶ
1205 3198 1478 3267 μεγίστοις
1530 3195 1817 3261 συστάντα,

214 3280 267 3343 ὃς
317 3282 374 3335 ἐκ
428 3291 527 3345 τῆς
576 3279 848 3337 Ἰουδαίων
895 3287 1080 3355 μανίας
1119 3285 1253 3336 κατὰ
1300 3292 1393 3336 τοῦ
1450 3291 1685 3359 Σωτῆρος
1716 3282 1822 3356 ἐγέ-

212 3391 340 3428 νετο.
388 3375 488 3427 Διὰ
535 3376 591 3425 τί
646 3370 945 3444 ἐφθονεῖτο;
997 3374 1094 3426 Διὰ
1142 3375 1210 3426 τὰ
1258 3374 1520 3447 θαύματα.
1570 3378 1714 3436 Τίνες
1762 3368 1822 3427 δὲ

213 3459 347 3520 ἦσαν
398 3465 457 3514 αἱ
517 3464 963 3535 θαυματοποιίαη
1045 3467 1281 3537 Σωτηρία
1357 3472 1459 3516 τῶν
1518 3460 1771 3537 δεομένων
1803 3483 1816 3498 ·

213 3550 482 3625 ὲρέφοντο
548 3554 598 3603 οἱ
626 3558 916 3619 πεινῶντες,
970 3556 1060 3604 καὶ
1113 3554 1139 3605 6
1215 3555 1409 3626 τρέφων
1485 3551 1778 3626 ἐπολεμεῖτο
1803 3572 1817 3587 ⁸

212 3642 484 3715 ἠγείροντο
550 3642 599 3691 οἱ
643 3645 834 3715 νεκροὶ,
894 3644 983 3693 καὶ
1043 3641 1069 3693 6
1127 3641 1394 3703 ζωοποιῶν
1443 3641 1817 3695 ἐϐασκαίνετοο

212 3727 461 3803 δαίμονες
520 3728 902 3797 ἀπηλαύνοντο,
970 3735 1060 3783 καὶ
1131 3732 1157 3783 6
1236 3730 1534 3784 ἕπιτάσσων
1615 3730 1823 3784 ἐπεϐου-

210 3819 379 3874 λεύετο
414 3841 429 3853 ·
480 3819 664 3893 λεπροὶ
727 3818 1119 3894 ἕκαθαρίζοντο,
1175 3825 1265 3873 καὶ
1331 3820 1499 3893 χωλοὶ
1572 3823 1821 3896 περιεπά-

212 3928 356 3977 τουν,
411 3914 579 3980 κωφοὶ
631 3912 840 3974 ἤκουον,
901 3913 991 3961 καὶ
1052 3908 1233 3981 τυφλοὶ
1290 3908 1579 3977 ἀνέϐλεπον,
1656 3913 1747 3961 καὶ
1795 3901 1823 3952 ὃ

210 3999 487 4073 εὐεργέτης
543 3995 909 4070 ἐφυγαδεύετο.
992 4003 1091 4052 Καὶ
1163 4002 1224 4051 τὸ
1277 3998 1565 4051 τελευταῖον
1619 4000 1821 4071 θανάτῳ

208 4085 529 4162 παρέδωκαν
565 4094 654 4141 τόν
703 4092 795 4146 τὴν
823 4089 962 4150 ζωὴν
1014 4090 1393 4163 χαρισάμενον,
1453 4093 1545 4141 καὶ
1598 4087 1819 4162 ἕμαστί-

206 4198 333 4250 γουν
388 4181 479 4231 τὸν
530 4176 870 4251 ἰλευθερωτήν
918 4186 1017 4229 τῶν
1063 4177 1367 4251 ἀνθρώπων,
1415 4180 1503 4230 καὶ
1531 4174 1819 4231 κατεδίκα-

209 4270 297 4329 Cc:
349 4271 444 4321 τὸν
526 4272 709 4340 κριτήν
761 4274 854 4319 τοῦ
906 4271 1128 4340 κόσμου.
1196 4266 1348 4320 Οὕτω
1401 4272 1565 4341 μέχρι
1613 4270 1818 4321 πάντων

2003 1494 2060 1550 4.
2093 1493 2247 1559 Quid
2274 1509 2638 1563 generosum
2679 1494 2848 1550 illum
2880 1494 3104 1567 Ioseph
3128 1494 3357 1565 redegit
3383 1493 3445 1549 in
3474 1509 3592 1550 ser-

1933 1581 2288 1639 vitutem"?
2319 1585 2527 1639 Nonne
2548 1583 2776 1639 invidia
2804 1583 3063 1640 fratrum
3088 1584 3117 1639 ?
3166 1582 3278 1638 Ubi
3302 1587 3360 1640 et
3384 1581 3594 1639 mirari

1932 1687 2132 1744 operae
2162 1672 2422 1745 pretium
2471 1678 2559 1731 est
2598 1673 2796 1730 morbi
2845 1673 3179 1730 stultitiam.
3232 1676 3382 1730 Nam
3422 1671 3594 1730 veriti

1933 1762 2308 1819 somniorum
2321 1764 2545 1820 exitum
2555 1764 2825 1833 ,fratrem
2837 1766 2900 1820 in
2914 1763 3268 1820 servitutem
3283 1761 3587 1835 addixere,

1932 1852 2108 1924 quasi
2131 1867 2344 1909 servus
2376 1852 2456 1908 ab
2498 1853 2583 1909 eis
2603 1868 2924 1927 nunquam
2958 1851 3170 1909 fuisset
3216 1851 3590 1910 adorandus.

1863 1916 1904 1972 Β
1933 1916 2049 1998 Sed
2077 1942 2129 1999 si
2156 1959 2301 2000 vera
2326 1947 2468 1999 sunt
2497 1916 2774 2010 somnia:
2790 1959 2914 2017 qua
2944 1948 3070 2001 arte
3109 1943 3239 2000 ﬁeri
3267 1943 3478 2017 possit,
3527 1944 3595 2000 ut

1930 2046 2055 2089 non
2080 2033 2331 2090 omnino
2355 2034 2638 2090 eveniant
2661 2034 3023 2107 przenuntiat
3041 2034 3070 2090 ?
3098 2033 3198 2090 Sin
3218 2038 3420 2091 autem
3442 2032 3595 2090 falsa

1931 2122 2310 2178 somniorum
2324 2123 2879 2193 visa,curinvidetis
2898 2123 3246 2180 aberranti?
3267 2126 3436 2179 Nunc
3446 2137 3591 2180 vero

1932 2211 2121 2268 solers
2139 2211 2380 2269 illorum
2402 2212 2727 2269 consilium
2751 2213 2852 2269 Dei
2873 2213 3253 2286 providentia
3273 2212 3335 2268 in
3355 2216 3593 2270 contra-

1928 2300 2087 2357 rium
2115 2301 2262 2373 ipsis
2290 2302 2554 2358 vertitur.
2590 2302 2819 2368 Quibus
2847 2302 3335 2375 enim*putahant
3360 2317 3422 2357 se
3449 2301 3593 2360 vati-

1931 2389 2154 2446 cinium
2174 2390 2592 2464 impedituros,
2625 2391 2843 2448 iisdem
2864 2392 3026 2449 viam
3048 2392 3284 2449 eventui
3308 2392 3592 2449 stravisse

1929 2478 2220 2553 comperti
2249 2485 2407 2539 sunt.
2432 2481 2665 2537 Etenim
2683 2481 2733 2537 si
2756 2481 3036 2537 venditus
3059 2496 3185 2538 non
3208 2481 3439 2549 fuisset,
3462 2495 3589 2537 non

1927 2568 2195 2626 venisset
2217 2570 2279 2626 in
2300 2573 2641 2645 Egyptum,
2655 2585 2777 2627 non
2800 2570 2880 2627 ob
2899 2570 3327 2643 pudicitiamin
3338 2570 3591 2627 insidias

1926 2658 2254 2732 impudica
2283 2660 2551 2717 mulieris
2567 2660 2890 2729 incidisset,
2904 2674 3028 2716 non
3041 2660 3351 2732 conjectus
3375 2659 3593 2717 fuisset

1927 2747 1990 2805 in
2012 2763 2468 2817 carcerem,non
2490 2749 2804 2807 familiaris
2829 2748 3116 2806 evasisset
3135 2748 3423 2807 ministris
3443 2748 3592 2806 Pha-

1928 2836 2154 2901 raonis,
2185 2852 2385 2910 neque
2414 2838 2794 2894 somniorum
2825 2837 3038 2894 fuisset
3070 2838 3395 2910 conjector,
3426 2837 3591 2894 unde

1926 2924 2335 2997 principatum
2354 2926 2595 2998 Egypti
2622 2925 2898 2994 obtinuit,
2922 2930 2979 2982 et
3001 2941 3038 2981 a
3054 2926 3178 2982 suis
3198 2924 3486 2982 fratribus
3510 2925 3593 2982 ob

1927 3013 2213 3070 frumenti
2249 3013 2522 3087 inopiam
2561 3014 2640 3071 ad
2672 3031 2734 3069 se
2764 3015 3267 3072 convenientibus
3297 3015 3592 3071 adoratus

1928 3108 2037 3161 est.
2064 3103 2271 3160 Transi
2300 3104 2509 3160 animo
2540 3104 2620 3159 ad
2654 3104 2947 3160 invidiam
2993 3103 3158 3161 illam
3232 3104 3588 3172 maximam,

1928 3193 2332 3266 maximisque
2361 3192 2424 3249 in
2439 3193 2621 3249 rebus
2646 3193 2846 3263 sitam,
2868 3209 3005 3266 quae
3026 3209 3099 3249 ex
3126 3192 3472 3250 Iudaeorum
3491 3193 3589 3250 in-

1931 3284 2106 3340 sania
2127 3288 2340 3340 contra
2362 3285 2737 3340 Servatorem
2760 3284 3147 3340 emersit.Cur
3164 3282 3589 3340 invidebatur?

1931 3373 2019 3430 Ob
2048 3372 2365 3431 miracula.
2395 3375 2539 3439 Quae
2568 3389 2711 3430 vero
2743 3378 2914 3429 erant
2942 3388 3014 3430 ea
3044 3373 3336 3431 miracula
3357 3374 3385 3431 ?
3418 3373 3589 3431 Salus

1927 3462 2234 3533 egentium
2259 3479 2272 3518 :
2304 3462 2722 3519 nutriebantur
2751 3462 3103 3531 esurientes,
3131 3462 3251 3536 95.
3281 3467 3339 3519 et
3356 3462 3463 3535 qui
3481 3478 3590 3518 nu-

1929 3550 2168 3621 triebat,
2200 3551 2715 3624 oppugnabatur:
2760 3551 3211 3607 suseitabantur
3252 3552 3494 3620 mortui,
3532 3554 3591 3608 et

1926 3639 2262 3699 invidiosus
2293 3645 2422 3696 erat
2449 3641 2553 3713 qui
2584 3656 2690 3697 eos
2706 3644 3020 3696 revocarat
3050 3639 3130 3695 ad
3157 3639 3379 3695 vitam:
3417 3639 3591 3709 fuga-

1929 3727 2152 3785 bantur
2171 3728 2502 3797 daemones,
2535 3734 2591 3785 et
2616 3729 2720 3802 qui
2746 3728 2829 3784 eis
2851 3727 3209 3801 imperabat,
3233 3728 3466 3784 insidiis
3486 3743 3587 3801 pe-

1927 3818 2193 3887 tebatur;
2214 3818 2266 3875 le
2274 3820 2435 3892 prosi
2447 3819 2635 3876 mund
2643 3817 3416 3887 abantur,obambulabant
3427 3818 3589 3875 clau-

1928 3905 2009 3979 di,
2055 3909 2222 3964 surdi
2259 3908 2611 3976 audiebant,
2645 3907 2939 3964 videbant
2966 3906 3128 3975 caeci,
3161 3913 3218 3963 et
3261 3907 3589 3979 fugabatur

1926 3998 2033 4069 qui
2061 3998 2189 4055 haec
2217 3998 2515 4055 beneficia
2544 3998 2912 4055 conferebat.
2952 4002 3032 4054 Ac
3063 4002 3374 4071 postremo
3405 3998 3588 4055 morti

1926 4086 2059 4143 vitm
2077 4088 2424 4159 largitorem
2454 4087 2853 4153 tradiderunt,
2887 4087 3091 4159 ﬂagris
3115 4087 3434 4143 credebant
3469 4087 3583 4145 ho-

1924 4178 2158 4235 minum
2169 4178 3079 4251 liberatorem,condemnabant
3093 4177 3302 4234 mundi
3314 4178 3334 4249 j
3346 4177 3586 4235 udicem

1927 4266 2021 4323 Sic
2046 4266 2286 4324 invidiae
2316 4267 2479 4324 mala
2515 4268 2808 4339 pertigere
2833 4268 2913 4323 ad
2940 4266 3168 4323 omnia.
3222 4270 3415 4340 Atque
3445 4266 3587 4323 unis

209 4354 453 4420 διεξξλθε
505 4357 620 4428 (49)
664 4358 731 4409 τὰ
769 4363 861 4409 τοῦ
908 4358 1093 4429 φθόνου
1150 4358 1307 4411 κακά.
1371 4362 1472 4411 Καὶ
1525 4356 1596 4409 ἑνὶ
1650 4360 1816 4430 τοᾶτῳ

1930 4356 2018 4413 bis
2035 4356 2243 4422 armis,
2276 4372 2313 4412 a
2336 4356 2515 4427 jactis
2538 4356 2752 4413 mundi
2772 4355 3184 4413 fundamentis
3205 4371 3585 4425 exorsus,us-

208 4447 350 4518 ὅπλῳ
406 4445 513 4498 ἀπὸ
563 4443 856 4506 καταϐολῆς
909 4444 1185 4521 ἀρξάμενος
1242 4451 1444 4519 κόσμου
1493 4452 1659 4521 μέχρι
1700 4467 1816 4500 συν-

208 4537 405 4599 τελείας
461 4535 648 4597 αἰῶνος
704 4538 901 4596 πάντας
958 4542 1234 4610 τιτρώσκει
1284 4541 1374 4589 καὶ
1429 4535 1738 4588 καταϐάλλει
1789 4538 1816 4588 6

208 4625 410 4699 λυμεὼν
482 4633 583 4686 τῆς
630 4626 770 4687 ζωῆς
826 4627 972 4698 ἡμῶν
1031 4621 1293 4691 διάϐολος,
1350 4626 1377 4677 ὁ
1432 4630 1636 4700 χαίρων
1701 4627 1816 4697 (50)

212 4716 358 4787 ἡμῶν
403 4722 469 4786 τῇ
525 4713 770 4786 ἀπωλείᾳ,
822 4715 847 4765 6
889 4719 1195 4767 καταπεσὼν
1246 4710 1339 4767 διά
1367 4722 1459 4767 τοῦ
1490 4716 1700 4786 φθόνου,
1726 4720 1816 4767 καὶ

211 4806 352 4875 ἡμᾶς
410 4804 582 4874 ἑαυτῷ
632 4800 723 4855 διά
774 4810 868 4856 τοῦ
920 4806 1040 4855 ἴσου
1096 4805 1297 4865 πάθους
1356 4803 1813 4876 συγκαταϐάλλων.

213 4897 369 4965 Σοφός
397 4895 511 4967 ἄρα
538 4888 599 4949 ἦν
644 4895 671 4944 6
719 4900 791 4963 τῷ
831 4890 1082 4965 βασκάνῳ
1131 4889 1285 4965 ἀνδρὶ
1328 4889 1466 4965 μηδὲ
1494 4889 1815 4946 συνδειπνεῖν

212 4981 502 5056 ἐπιτρέπων
533 5002 546 5013 ·
613 4978 712 5032 ἀπὸ
765 4989 861 5044 τῆς
909 4980 957 5032 ἐν
1008 4989 1080 5052 τῷ
1140 4978 1330 5053 δείπνῳ
1381 4987 1662 5045 συνουσίας
1697 4988 1816 5055 περὶ

214 5075 389 5132 πάσης
418 5074 554 5144 ὁμοῦ
580 5078 675 5132 τῆς
717 5073 852 5122 κατὰ
896 5074 982 5122 τὸν
1031 5069 1147 5144 βίον
1195 5077 1463 5133 κοινωνίας
1506 5068 1815 5145 διαλεγόμε-

211 5181 313 5223 νος.
367 5160 573 5234 Ὠσπερ
630 5164 730 5234 γὰρ
786 5165 880 5218 τὴν
932 5160 1361 5234 εὖκατάπρηστον
1408 5160 1532 5219 ὕλην
1586 5160 1817 5235 ἐπιμελὲς

217 5252 336 5323 ἡμῖν
384 5253 470 5305 ὅτι
520 5249 841 5325 πορρωτάτω
890 5257 984 5303 τοῦ
1040 5254 1205 5325 πυρὸς
1260 5249 1622 5320 ἀποτίθεσθαι,
1680 5253 1815 5305 οὕτω

284 5415 331 5449 ⁸⁸
360 5415 506 5472 Gen.
539 5428 766 5480 mvu,
802 5415 892 5469 28.

282 5541 392 5605 (49)
423 5539 596 5597 Colb.
634 5536 870 5611 primus
900 5539 1102 5611 πάντων
1133 5534 1362 5597 διῆλθεν.

284 5617 387 5686 (50)
422 5613 573 5671 Colb
593 5608 832 5687 primus
854 5612 881 5662 ὁ
902 5609 1213 5686 ἐπικαίρων.
1237 5612 1354 5668 Nec
1375 5608 1458 5667 ita
1477 5608 1667 5669 multo
1687 5613 1828 5685 post

971 5414 1020 5449 ⁸³
1051 5414 1221 5469 Prov.
1255 5427 1418 5483 mn,
1448 5418 1505 5470 6.

1926 4460 2043 4517 que
2072 4445 2153 4501 ad
2181 4444 2386 4502 saeculi
2415 4446 3006 4502 consummationem
3028 4461 3243 4501 omnes
3270 4445 3507 4502 sauciat
3529 4451 3587 4503 et

1924 4534 2128 4606 dejicit
2163 4535 2431 4606 perditor
2466 4534 2604 4590 vitae
2632 4540 2852 4591 nostrae
2877 4534 3177 4602 diabolus,
3211 4534 3316 4608 qui
3342 4534 3585 4592 interitu

1923 4630 2130 4680 nostro
2155 4623 2397 4695 gaudet,
2426 4623 2532 4696 qui
2554 4638 2661 4696 per
2689 4623 2981 4699 invidiam
3006 4623 3237 4697 lapsus,
3259 4639 3373 4680 nos
3401 4625 3584 4680 etiam

1924 4711 2103 4770 simul
2132 4729 2241 4786 per
2265 4712 2427 4769 idem
2465 4713 2676 4770 vitium
2704 4715 2938 4771 sternit.
2960 4713 3218 4787 Sapiens
3249 4729 3393 4785 ergo
3434 4717 3582 4781 erat,

1924 4804 2031 4876 qui
2059 4819 2201 4859 cum
2224 4803 2433 4859 invido
2462 4803 2591 4859 viro
2620 4819 2696 4859 ne
2718 4819 2957 4860 caenare
2984 4803 3231 4876 quidem
3255 4803 3492 4859 sinebat
3510 4804 3581 4870 59,

1923 4892 2006 4950 ita
2031 4908 2140 4965 per
2163 4908 2349 4949 coenae
2378 4893 2753 4949 consortium
2784 4893 2860 4950 de
2885 4892 3055 4950 omni
3093 4891 3275 4948 simul
3304 4892 3437 4947 vitai
3477 4906 3581 4947 so-

1925 4984 2135 5040 cietate
2158 4983 2828 5049 submonens.Quemad
2841 4983 3091 5038 modum
3114 4982 3273 5037 enim
3296 4996 3455 5036 curae
3476 4995 3584 5036 no-

1922 5073 2019 5130 bis
2044 5077 2131 5129 cst
2156 5072 2469 5129 materiam
2495 5088 2630 5145 quae
2662 5071 2835 5128 facile
2864 5073 3065 5140 ignem
3090 5069 3367 5141 concipit,
3392 5084 3580 5141 quam

1921 5162 2273 5234 longissime
2291 5163 2371 5220 ab
2395 5163 2535 5233 igne
2567 5161 2964 5217 submovere:
2991 5159 3076 5216 sic
3097 5174 3297 5231 operae
3322 5158 3581 5232 pretium

1924 5258 2031 5323 est,
2060 5252 2268 5327 quoad
2298 5252 2427 5324 ejus
2456 5251 2585 5307 fieri
2605 5249 3121 5322 potest,amicitias
3143 5264 3218 5305 ex
3236 5248 3580 5309 invidorum

1935 5538 2124 5613 code;
2147 5534 2415 5613 Combef.
2450 5532 2887 5613 συγκαταβάλλοι.
2919 5534 3029 5593 Alii
3054 5539 3176 5594 tres
3202 5552 3351 5593 mss.
3387 5554 3585 5613 συγκα-

1934 5608 2218 5665 ταϐάλλων.
2254 5607 2404 5665 Editi
2433 5606 2859 5684 συγκαταϐαλων.

3732 474 3763 495 \
