4076 6190
441 284 546 338 379

1799 272 1856 328 S.
1899 267 2151 324 BASILII
2186 268 2428 327 MAGNI.

3703 278 3821 332 380

442 403 880 463 consuetudine
909 401 1341 470 subducere,ut
1363 402 1529 455 extra
1551 396 1789 454 invidiae
1821 395 1938 451 tela
1961 408 2104 450 con-

2226 399 2346 467 χρὴ,
2395 395 2511 447 καθ’
2545 396 2664 448 ὅσον
2704 395 2808 446 οἷόν
2837 413 2909 466 τε,
2967 401 3061 456 τῆς
3117 403 3214 446 τῶν
3275 396 3552 469 βασκάνων
3605 398 3824 471 ὁμιλίας

444 495 997 563 stituamur.Neque
1019 489 1178 544 enim
1201 487 1328 543 ﬁeri
1351 492 1569 560 potest,
1593 490 1659 541 ut
1691 484 1858 540 aliter
1877 481 2105 538 invidia

443 583 800 648 irretiamur,
825 579 939 635 nisi
962 595 1067 650 per
1088 576 1556 633 familiaritatem
1580 571 2105 630 consuetudinem-

445 689 563 746 que
585 671 664 726 ad
685 685 818 725 eam
841 667 1294 724 accesserimus.
1315 665 1743 735 Etcnim,juxta
1768 660 2105 718 Salomonis

447 758 824 818 sententiam,
847 758 982 812 Viro
999 757 1308 812 (emutatio
1327 770 1362 811 a
1378 755 1577 811 sodali
1592 754 1780 823 ipsius
1794 753 1862 806 σο.
1879 753 1944 806 Ει
1964 763 2104 804 vero

451 850 536 905 sic
575 864 636 902 se
666 863 760 902 res
791 846 994 901 habet.
1026 845 1300 917 Egyptio
1325 845 1545 917 Scytha
1570 858 1694 898 non
1724 840 1971 902 invidet,
1999 836 2106 893 sed

449 935 870 1008 unusquisque
905 933 1152 990 habenti
1183 933 1493 990 nationem
1524 931 1803 988 eamdem
1829 947 1841 996 ;
1874 933 1930 984 et
1954 928 2107 983 inter

449 1025 710 1083 nationis
741 1024 1016 1095 ejusdem
1056 1023 1306 1096 incolas,
1339 1023 1560 1094 ignotis
1614 1036 1737 1078 non
1781 1017 2102 1084 invidetur,

450 1116 557 1173 sed
588 1114 1072 1172 familiarissimis
1097 1131 1110 1169 :
1161 1118 1218 1170 et
1237 1114 1393 1170 inter
1420 1112 1766 1181 familiares,
1788 1108 2020 1175 vicinis,
2049 1112 2107 1163 et

449 1205 730 1262 eamdem
785 1209 974 1260 artem
1015 1202 1449 1270 exercentibus,
1475 1207 1576 1258 aut
1609 1201 1726 1256 alia
1755 1197 1970 1271 quavis
2001 1213 2106 1252 ne-

451 1293 813 1352 cessitudine
835 1292 1192 1363 conjunctis,
1217 1292 1338 1348 imo
1359 1292 1510 1347 inter
1536 1291 1648 1346 hos
1672 1304 1934 1354 rursum,
1959 1302 2108 1348 eoae-

450 1383 663 1453 taneis,
697 1380 1303 1454 consanguineisque,
1332 1384 1391 1437 et
1408 1379 1720 1436 fratribus.
1773 1381 1839 1434 Et
1858 1377 1921 1433 in
1940 1392 2106 1432 sum-

451 1488 572 1539 ma,
601 1476 665 1526 ut
687 1470 906 1541 rubigo
926 1470 1056 1526 lues
1079 1475 1167 1526 est
1200 1470 1485 1526 frumenti
1515 1469 1794 1542 prepria;
1842 1467 1928 1522 sic
1956 1465 2106 1522 invi-

451 1560 553 1616 dia
579 1560 855 1616 amicitiae
877 1559 1149 1617 morbus.
1175 1559 1327 1615 Illud
1351 1564 1554 1615 tamen
1584 1558 1646 1614 in
1663 1559 1777 1614 hoc
1799 1557 1960 1613 malo
1980 1556 2107 1613 lau-

451 1649 596 1705 dare
617 1650 752 1722 quis
773 1649 1006 1721 poterit,
1027 1649 1192 1721 quod
1208 1655 1436 1721 quanto
1457 1647 1878 1704 vehementius
1901 1647 2107 1716 cietur,

452 1741 618 1795 tanto
639 1738 870 1795 homini
900 1738 1004 1812 qui
1032 1755 1104 1795 eo
1125 1738 1382 1808 laborat,
1406 1738 1650 1808 gravius
1672 1742 1777 1794 est.
1803 1735 2107 1802 Quemad-

454 1828 708 1884 modum
731 1827 889 1883 enim
907 1827 1111 1899 jacula
1134 1829 1360 1899 ingenti
1381 1828 1437 1884 vi
1461 1829 1699 1895 emissa,
1728 1827 1832 1882 ubi
1853 1827 1914 1882 in
1935 1824 2108 1898 quid-

454 1916 621 1990 piam
648 1916 871 1990 durum
895 1932 965 1974 ac
995 1918 1259 1974 renitens
1286 1917 1623 1984 inciderint,
1647 1920 2024 1972 revertuntur
2045 1913 2108 1969 in

453 2007 854 2080 jaculatorem
889 2026 901 2077 ;
943 2006 1026 2062 ita
1056 2024 1302 2081 quoque
1334 2007 1568 2064 invidiae
1599 2011 1800 2063 motus
1830 2005 1978 2061 nihil
2005 2004 2108 2060 laa-

457 2097 666 2153 dentes
697 2112 836 2153 eum
862 2097 957 2154 cui
995 2097 1315 2165 invidetur,
1349 2096 1544 2170 plagae
1575 2097 1728 2152 fiunt
1753 2094 2099 2150 invidentis.

459 2185 600 2252 Quis
620 2187 977 2259 enim,quod
998 2203 1063 2243 se
1086 2186 1421 2256 angoribus
1441 2185 1644 2257 dedat,
1667 2186 1830 2240 bona
1849 2181 2113 2256 proximi

456 2291 728 2348 unquam
750 2275 1099 2334 imminuit?
1142 2276 1256 2331 Sed
1287 2290 1543 2330 mcerore
1569 2274 2022 2339 contabescens,
2048 2287 2112 2328 se

454 2362 584 2437 ipse
615 2364 891 2419 confecit.
921 2366 1056 2420 Jam
1087 2379 1231 2421 vero
1261 2363 1365 2436 qui
1395 2363 1641 2418 invidiae
1693 2361 1910 2418 morbo
1951 2360 2112 2416 labo-

455 2457 612 2520 rant,
651 2453 798 2525 ipsis
850 2453 1033 2509 etiam
1087 2452 1399 2509 venenatis
1441 2450 1646 2506 bestiis
1697 2450 2114 2506 existimantur

459 2540 834 2598 exitiosiores
878 2558 1045 2598 esse:
1107 2542 1408 2614 siquidem
1446 2540 1562 2596 illae
1610 2540 1856 2596 vulnere
1887 2539 2112 2595 inﬂicto

457 2629 1052 2701 immittuntvirus,et
1067 2646 1416 2688 commorsa
1439 2645 1577 2702 pars
1597 2628 1889 2701 paulatim
1911 2633 2114 2700 putre-

458 2718 598 2775 dine
618 2719 904 2775 exeditur.
925 2721 1168 2776 lnvidos
1191 2736 1328 2777 vero
1363 2723 1574 2791 putant
1591 2718 1842 2791 quidam
1860 2717 1953 2773 vel
1974 2717 2112 2772 solis

463 2807 652 2863 oculis
673 2807 876 2863 labem
897 2809 1136 2877 inferre,
1170 2808 1322 2864 adeo
1353 2812 1418 2864 ut
1441 2822 1697 2879 corpora
1740 2806 1904 2862 bona
1935 2805 2114 2862 habi-

462 2896 671 2954 tudine
695 2898 967 2970 praadita,
1010 2903 1068 2954 et
1095 2914 1168 2954 ex
1198 2898 1391 2954 aetatis
1425 2897 1626 2967 vigore
1652 2895 1916 2952 maxime
1947 2895 2112 2952 eﬂlo-

463 2986 782 3056 rescentia,
815 3003 921 3059 per
957 3003 1170 3044 eorum
1200 2986 1495 3043 invidiam
1526 2985 1864 3053 tabescant,
1911 2986 2115 3042 conci-

2213 487 2306 544 τὰς
2333 484 2502 556 φιλίας
2542 483 2778 556 ἀπάγειν,
2813 483 2906 546 ἔξω
2955 492 3054 536 τῶν
3103 492 3194 536 τοῦ
3246 479 3431 559 φθόνου
3483 486 3644 560 βελῶν
3700 488 3824 540 ἐαυ-

2213 578 2334 636 τούς
2358 582 2652 636 ποιοῦντας.
2679 569 2818 625 Ούδὲ
2860 575 2961 646 γὰρ
3013 573 3174 636 οὒιλως
3221 571 3442 628 δυνατόν
3493 577 3819 648 συμπλακῆ-

2212 684 2297 716 ναι
2347 673 2419 736 τῷ
2465 667 2651 737 φθόνῳ,
2707 668 2776 736 μὴ
2835 660 2907 716 δι’
2963 663 3277 727 οἰκειότητος
3335 666 3475 737 αύτῷ
3533 673 3820 740 προσεγγί-

2217 775 2398 810 σαντα.
2455 755 2688 828 Ἐπείπερ
2738 756 2872 805 κατὰ
2930 756 3017 806 τόν
3092 754 3416 827 Σολομῶντος
3483 756 3652 828 λόγον,
3727 764 3818 828 Τῷ

2216 841 2370 919 ἀνδρὶ
2425 846 2449 896 ὁ
2513 843 2668 906 ζῆλος
2718 845 2859 918 παρὰ
2925 851 3015 895 τοῦ
3076 842 3279 918 ἑταίρου
3323 846 3504 900 αὐτοῦ.
3563 851 3661 899 Καὶ
3710 849 3816 920 γὰρ

2214 934 2376 996 οὕτως
2407 935 2538 1004 ἔχει.
2711 933 2854 1005 Ούχὶ
2875 941 2944 1004 τῷ
2978 933 3249 1006 Αἰγυπτίῳ
3279 933 3555 1008 βασκαίνει
3602 937 3627 987 ό
3675 939 3821 987 Σκύ-

2217 1025 2329 1090 θης,
2375 1022 2500 1075 ἀλλὰ
2538 1031 2609 1093 τῷ
2658 1023 2890 1095 ὁμοεθνεῖ
2934 1023 3152 1086 ἕκαστος
3186 1044 3198 1056 ·
3250 1027 3340 1076 καὶ
3391 1023 3438 1076 ἒν
3482 1033 3554 1096 τῷ
3584 1026 3825 1097 ὁμοεθνεί

2214 1116 2388 1186 μέντοι
2430 1112 2488 1164 ού
2531 1118 2642 1173 τοῖς
2691 1110 3054 1184 ἀγνοουμένοις
3101 1114 3290 1185 φθονεῖ,
3351 1112 3478 1165 ἀλλά
3529 1121 3634 1174 τοῖς
3682 1134 3818 1166 συν-

2215 1203 2524 1263 ηθεστάτοις
2552 1222 2564 1234 ·
2615 1205 2705 1252 καὶ
2746 1209 2847 1253 τῶν
2891 1203 3126 1260 συνήθων
3153 1210 3262 1264 τοῖς
3290 1207 3489 1274 γείτοσι
3518 1208 3608 1254 καὶ
3638 1205 3822 1276 ὁμοτέ-

2215 1310 2386 1364 χνοις,
2418 1295 2508 1342 καὶ
2532 1297 2641 1352 τοῖς
2670 1289 2834 1352 ἄλλως
2865 1290 3082 1352 οἰκείοις
3111 1292 3220 1362 (52)
3250 1311 3264 1324 ο
3313 1289 3409 1342 κάν
3455 1293 3660 1353 τούτοις
3706 1292 3821 1343 πά-

2214 1379 2312 1447 λιν,
2363 1379 2665 1442 ἡλικιώταις
2731 1383 2821 1431 καὶ
2889 1383 3162 1451 συγγενέσι
3226 1384 3316 1432 καὶ
3388 1377 3644 1453 ἀδελφοῖς.
3714 1383 3823 1433 Καὶ

2217 1469 2344 1531 ὅλως
2396 1471 2568 1542 ὥσπερ
2618 1471 2648 1527 ἡ
2691 1467 2910 1543 ἐρυσίϐη
2955 1465 3090 1521 ἴδιόν
3121 1468 3232 1522 ἐστι
3258 1476 3351 1522 τοῦ
3379 1474 3527 1522 σίτου
3583 1473 3816 1542 νόσημα,

2217 1559 2381 1622 οὕτως
2445 1560 2471 1611 ό
2530 1560 2714 1630 φθόνος
2760 1557 2944 1630 φιλίοις¹
2985 1556 3124 1610 ἐστὶν
3159 1556 3500 1633 ἀρρώστημα.
3545 1558 3735 1612 Ἐκεῐνό
3756 1577 3823 1630 γε

2218 1653 2320 1722 μὴν
2371 1646 2466 1700 κᾶν
2525 1646 2806 1700 ἐπαινέσειέ
2859 1666 2940 1707 τις
2985 1653 3077 1698 τοῦ
3124 1655 3308 1713 κακοῦ,
3355 1649 3437 1700 ὅτι
3492 1649 3692 1722 ὅσῳπερ
3753 1646 3820 1699 ἂν

2149 1726 2190 1781 Β
2222 1734 2571 1812 σφοδρότερος
2625 1739 2834 1809 κινηθῇ,
2894 1739 3128 1809 τοσούτῳ
3172 1736 3534 1812 χαλεπώτερος
3581 1736 3695 1789 ἐστι
3740 1744 3819 1808 τῷ

2218 1832 2532 1900 κεκτημένῳ.
2565 1826 2765 1899 ’Ὥσπερ
2805 1829 2907 1900 γὰρ
2951 1834 3052 1878 τῶν
3112 1825 3272 1899 βελῶν
3314 1829 3381 1879 τὰ
3426 1826 3615 1900 βιαίως
3661 1830 3822 1900 φερό-

2218 1938 2364 1991 μενα,
2397 1913 2604 1970 ἐπειδὰν
2635 1925 2866 1990 καρτερῶ
2914 1937 3017 1968 τινι
3066 1921 3154 1969 καὶ
3203 1915 3466 1990 ἀντιτύπῳ
3512 1921 3818 1992 προσπέσῃ,

2219 2006 2306 2059 ἐπὶ
2354 2010 2439 2058 τόν
2491 2010 2766 2080 προέμενον
2813 2009 2918 2078 (53)
2999 2003 3340 2080 ἐπανέρχεται
3373 2026 3387 2040 ·
3437 2007 3573 2059 ὀῦτω
3614 2009 3703 2058 καὶ
3749 2008 3824 2058 τὰ

2218 2104 2310 2148 τοῦ
2342 2098 2528 2169 φθόνου
2559 2100 2841 2168 κινήματα,
2875 2091 3024 2148 οὐδὲν
3080 2094 3344 2148 λυποῦντα
3383 2099 3472 2148 τόν
3523 2094 3823 2169 βασκαινό-

2219 2205 2386 2260 μενον,
2447 2185 2606 2238 αὐτοῦ
2653 2185 2851 2256 πληγαὶ
2898 2190 3129 2256 γίνονται
3199 2192 3290 2239 τοῦ
3363 2184 3654 2258 βασκάνου.
3725 2189 3826 2247 Τίς

2219 2277 2320 2348 γὰρ
2369 2274 2686 2348 λυπούμενος
2754 2274 3025 2333 ἠλάττωσέ
3087 2293 3213 2327 ποτε
3293 2277 3359 2328 τὰ
3432 2282 3523 2327 τοῦ
3595 2274 3823 2333 πλησίον

2221 2365 2392 2431 καλά;
2432 2364 2643 2417 Ἑαυτὸν
2681 2369 2855 2438 μέντοι
2900 2363 3276 2438 προσανάλωσε
3321 2371 3440 2428 ταῖς
3483 2363 3670 2427 λύπαις
3717 2384 3827 2416 κα-

2222 2458 2588 2527 τατηκόμενος.
2657 2451 2800 2512 ’Ήδη
2860 2450 2918 2506 δε
2971 2459 3061 2506 καὶ
3097 2453 3449 2507 τῶν-ἰοϐόλων
3495 2454 3662 2506 αὐτῶν
3705 2453 3828 2506 ὀλε-
3893 2457 3912 2465 ”

2225 2545 2494 2619 θριῶτεροι
2541 2540 2672 2595 εἶναι
2727 2545 2776 2595 οἱ
2827 2551 3098 2604 νοσοῦντες
3153 2547 3241 2602 τὴν
3301 2539 3828 2617 βασκανίανύπονε-

2221 2639 2469 2692 νόηνται·
2538 2636 2675 2708 εἴπερ
2733 2634 2798 2684 τὰ
2848 2636 2938 2706 μεν
2997 2630 3092 2686 διὰ
3136 2633 3343 2706 πληγῆς
3387 2633 3555 2692 ἐνίησι
3592 2636 3680 2684 τὸν
3723 2632 3824 2700 ἰὸν,

2222 2727 2313 2774 καὶ
2379 2725 2514 2774 κατὰ
2565 2725 2752 2797 μικρὸν
2811 2719 3073 2780 σηπεδόσι
3121 2726 3179 2775 τὸ
3234 2719 3437 2795 δηχθὲν
3490 2721 3825 2795 ἓπινέμεταυ

2222 2816 2344 2874 τούς
2401 2809 2460 2865 δὲ
2484 2812 2784 2887 ξφθονερούς
2841 2832 2972 2876 τινες
3036 2815 3231 2865 οἴονται
3281 2819 3372 2866 καὶ
3425 2809 3497 2866 δι’
3547 2811 3827 2886 ὀφθαλμῶν

2223 2905 2388 2975 μόνων
2437 2905 2531 2961 τὴν
2598 2900 2800 2974 βλάϐην
2853 2900 3138 2954 ἐπιϐάλλειν
3169 2903 3316 2972 (54)·
3400 2903 3534 2954 ὥστε
3615 2903 3682 2952 τὰ
3743 2901 3830 2953 εύ-

2225 2993 2403 3043 εκτικὰ
2461 2995 2699 3064 σώματα,
2755 2994 2845 3042 καὶ
2892 2989 2946 3042 ἔκ
2988 3000 3084 3053 τῆς
3121 2994 3257 3043 κατὰ
3292 2995 3386 3051 τὴν
3416 2990 3622 3049 ἠλικίαν
3650 2988 3830 3063 ἆκμῆς

461 3075 686 3148 datque
711 3076 1027 3132 confestim
1053 3077 1244 3132 moles
1275 3076 1494 3140 omnis,
1547 3075 1798 3130 exitioso
1842 3073 2114 3147 quodam

2227 3079 2297 3142 εἰς
2347 3083 2440 3138 τὴν
2493 3081 2657 3153 ἄκραν
2701 3081 2835 3154 ὥραν
2882 3081 3334 3154 ύπερανθήσαντα,
3388 3081 3642 3140 τήκεσθαι
3696 3081 3830 3155 παρ’

461 3165 637 3238 quasi
658 3164 883 3222 ﬂuento
915 3182 987 3221 ex
1006 3165 1355 3221 invidorum
1377 3163 1569 3220 oculis
1595 3163 1926 3231 difﬂuente,
1951 3168 2006 3219 et
2031 3168 2116 3220 ta-

459 3252 790 3309 befaciente
811 3261 990 3326 atque
1007 3258 1452 3325 corrumpente.
1477 3256 1599 3324 Ego
1625 3257 1830 3308 tamen
1856 3253 2012 3308 hanc
2033 3251 2117 3308 fa-

460 3340 672 3398 bulam
697 3342 902 3413 rejicio
929 3348 995 3398 ut
1021 3343 1399 3416 popularem,
1433 3347 1618 3414 utque
1639 3341 1717 3398 ab
1747 3341 2000 3397 aniculis
2029 3341 2118 3397 in-

461 3431 806 3488 troductam
831 3432 894 3488 in
933 3433 1257 3489 mulierum
1297 3437 1558 3488 coetum:
1610 3431 1722 3487 sed
1761 3431 1910 3488 illud
1958 3430 2118 3502 dico,

462 3519 773 3579 daemones
791 3523 937 3578 boni
965 3524 1081 3596 95
1105 3522 1370 3594 cujusvis
1392 3539 1619 3590 osores,
1648 3521 1755 3578 ubi
1780 3521 2118 3578 voluntates

465 3611 573 3668 sibi
601 3611 926 3669 familiares
951 3629 1020 3670 ac
1049 3611 1488 3670 necessitudine
1510 3612 1867 3684 conjunctas
1889 3625 2123 3683 repere-

462 3699 600 3769 rint,
623 3701 822 3757 modis
844 3701 1129 3758 omnibus
1149 3702 1233 3758 uti
1254 3702 1339 3757 eis
1362 3701 1440 3757 ad
1464 3718 1642 3780 suum
1664 3701 1999 3767 arbitrium,
2035 3699 2122 3754 sic

463 3793 531 3846 ut
557 3790 722 3862 ipsos
748 3791 928 3847 etiam
971 3792 1319 3848 invidorum
1369 3790 1578 3848 oculos
1624 3791 1954 3846 adhibeant
1996 3805 2122 3844 suae

463 3878 791 3937 voluntatis
817 3881 1142 3938 ministros.
1195 3881 1360 3937 Itane
1402 3896 1546 3936 vero
1593 3895 1718 3935 non
1760 3881 1972 3936 horres
2021 3879 2123 3935 tei-

463 3985 644 4042 psum
677 3972 906 4028 exitiosi
937 3971 1232 4028 daemonis
1265 3971 1690 4026 administrum
1743 3970 2120 4036 constituere,

467 4061 572 4116 sed
602 4061 813 4118 vitium
867 4061 1159 4127 admittis,
1203 4077 1327 4132 quo
1381 4076 1589 4116 eorum
1636 4059 1741 4131 qui
1795 4063 1849 4116 te
1902 4059 2126 4128 injuria

466 4150 632 4207 nulla
654 4151 926 4220 aﬂ'ecere,
952 4151 1187 4207 futurus
1210 4150 1292 4204 sis
1315 4149 1615 4219 inimicus,
1638 4149 1762 4204 imo
1788 4148 1974 4205 hostis
1999 4148 2122 4226 Dei,

465 4240 570 4314 qui
591 4240 790 4297 bonus
823 4244 933 4310 est,
955 4244 1013 4296 et
1039 4238 1238 4296 omnis
1268 4237 1510 4294 invidiae
1531 4254 1747 4311 expers
1773 4240 1802 4296 ?

541 4421 593 4472 5.
625 4416 951 4488 Fugiamus
979 4417 1190 4473 vitium
1229 4416 1632 4473 intolerabile.
1681 4417 1984 4489 Serpentis
2036 4419 2127 4474 est
2159 4423 2204 4478 D

471 4506 927 4572 documentum,
959 4509 1310 4564 daemonum
1339 4508 1669 4570 inventum,
1693 4508 1845 4563 satio
1874 4506 2123 4578 inimici,

474 4595 736 4653 arrhabo
759 4597 1056 4670 supplicii,
1088 4597 1325 4671 pietatis
1355 4598 1880 4670 impedimentum,
1910 4597 2007 4652 via
2046 4596 2120 4653 ad

473 4685 836 4756 gehennam,
862 4687 1115 4760 privatio
1139 4687 1330 4758 regni.
1363 4689 1652 4743 Caaterum
1672 4686 1858 4742 invidi
1880 4687 1972 4742 vel
1993 4687 2127 4757 ipsa

472 4775 626 4836 facie
652 4778 970 4835 manifesto
1001 4783 1435 4849 agnoscuntur.
1493 4779 1590 4833 His
1618 4777 1774 4833 oculi
1806 4781 1946 4832 sunt
1974 4776 2127 4832 aridi

472 4871 532 4926 et
551 4866 814 4938 obscuri,
837 4884 994 4940 gena
1014 4869 1298 4938 demissa,
1315 4867 1705 4941 supercilium
1726 4869 2122 4935 contractum,

544 5014 593 5049 ⁸ο
624 5012 812 5070 Eccle.
846 5029 926 5084 ιν,
957 5016 1012 5070 4.

545 5157 661 5227 (51)
683 5160 852 5225 Quod
877 5159 960 5216 ait
980 5159 1251 5226 Basilius,
1267 5158 1510 5224 vicinos,
1534 5156 1767 5224 vicinis,
1787 5157 2125 5226 familiares

471 5229 886 5308 familiaribus
907 5233 1192 5308 inuidere,
1208 5232 1478 5308 ejusnon
1501 5229 1814 5308 dissimilia
1835 5231 2000 5300 apud
2023 5233 2125 5286 He-

477 5300 716 5359 siodum
737 5303 796 5357 in
831 5303 1065 5373 Operib.
1096 5302 1346 5357 inveniri
1379 5300 1606 5373 notavit
1638 5303 1909 5355 Ducaaus.

551 5372 664 5444 (52)
697 5379 835 5442 Reg.
860 5372 1092 5445 primus
1120 5379 1210 5425 καὶ
1242 5381 1346 5434 τοίς
1368 5372 1535 5432 ἄλλοις
1557 5372 1779 5445 οἰκείοις.

549 5443 665 5519 (53';
692 5443 874 5519 Aldem'
899 5445 1092 5501 codex
1116 5445 1198 5498 ἐπὶ
1225 5449 1309 5498 τὸν
1331 5449 1646 5519 προιέμενον.
1681 5443 1790 5498 Alii
1811 5443 1932 5498 duo
1962 5459 2116 5500 mss.

479 5519 534 5570 et
563 5513 703 5590 editi
728 5522 1022 5590 προέμενον.

549 5589 662 5662 (54)
688 5585 930 5664 Antiqui
951 5587 1075 5643 duo
1113 5587 1246 5644 libri
1275 5586 1475 5660 βλάϐῆν
1502 5585 1786 5660 ἐμϐάλλειν.

2225 3168 2392 3220 αὐτῶν
2443 3167 2982 3241 καταϐασκαινόμενα,
3033 3174 3123 3221 καὶ
3165 3169 3276 3223 ὅλον
3330 3168 3526 3244 ἀθρόως
3573 3187 3831 3220 συναναι-

2224 3259 2432 3332 ρείσθαι
2481 3261 2596 3327 (55)
2655 3261 2742 3310 τὸν
2816 3262 2991 3329 ὄγκον,
3049 3260 3154 3310 οἷον
3203 3259 3462 3334 ῥεύματός
3516 3276 3653 3319 τινος
3709 3256 3832 3310 ὁλε-

2229 3348 2376 3418 θρίου
2430 3345 2485 3398 ἐκ
2531 3353 2630 3398 τῶν
2681 3347 2934 3419 φθονερῶν
2985 3345 3260 3420 ὀφθαλμῶν
3302 3346 3660 3422 ἀπορρέοντος,
3736 3350 3834 3399 καὶ

2225 3433 2600 3509 λυμαινομένου
2653 3439 2744 3487 καὶ
2820 3431 3231 3510 διαφθείροντος.
3306 3435 3437 3507 Ἐγὼ
3514 3432 3572 3488 δὲ
3645 3453 3835 3490 τουτον

2229 3530 2318 3600 μεν
2343 3528 2430 3578 τὸν
2459 3524 2609 3597 λόγον
2641 3523 3035 3598 ὰποπέμπομαι,
3085 3528 3149 3586 ὡς
3197 3522 3425 3597 δημώδη
3472 3528 3562 3577 καὶ
3607 3532 3669 3597 τῇ
3725 3545 3836 3596 γυ-

2229 3609 2557 3667 ναικωνίτιδι
2585 3615 3017 3688 παρεισαχθέντα
3055 3615 3154 3666 ὑπὸ
3202 3611 3460 3688 γραίδίων
3485 3636 3498 3649 ·
3563 3612 3721 3667 ἐκεῖνο
3771 3610 3841 3668 δέ

3360 3699 3570 3756 ἐπειδὰν
3636 3702 3843 3767 οἰκείας

2233 3793 2434 3856 ἑαυτοῖς
2491 3793 2682 3867 εύρωσι
2733 3795 3083 3867 προαιρέσεις,
3137 3796 3394 3855 παντοίως
3453 3793 3636 3855 αύταῖς
3700 3796 3839 3866 πρὸς

2233 3724 2385 3777 φημι,
2453 3705 2534 3756 ὃτι
2589 3705 2638 3756 οἱ
2684 3703 2963 3776 μισόκαλοι
3018 3699 3281 3776 δαίμονες,

2233 3887 2292 3935 τό
2339 3880 2477 3936 ἴδιον
2535 3880 2930 3957 ἁποκέχρηνται
2992 3880 3235 3954 βούλημα
3267 3903 3279 3916 ο
3362 3884 3496 3935 ὥστε
3564 3885 3656 3934 καὶ
3722 3889 3842 3945 τοῖς

2235 3969 2516 4044 ὀφθαλμοῖς
2567 3979 2666 4024 τῶν
2718 3969 2995 4043 βασκάνων
3027 3970 3096 4032 εἰς
3127 3972 3416 4045 ὑπηρεσίαν
3445 3971 3688 4044 χρῆσθαι
3717 3970 3844 4042 (56)

2234 4068 2325 4112 τοῦ
2403 4057 2544 4113 ἰδίου
2617 4060 2922 4134 θελήματος.
2984 4057 3112 4112 Εἶτα
3163 4061 3223 4112 ού
3277 4064 3517 4133 φρίσσεις
3570 4061 3846 4133 ὑπηρέτην

2239 4152 2451 4202 σεαυτὸν
2493 4158 2658 4202 πονῶν
2691 4147 2940 4222 δαίμονος
2987 4148 3242 4224 ὀλεθρίου,
3285 4148 3394 4202 ἀλλ’
3439 4144 3679 4221 ὑποδέχῃ
3726 4168 3839 4201 κα-

2234 4243 2344 4306 κόν,
2407 4236 2479 4292 δι’
2533 4240 2591 4292 οὗ
2649 4239 2841 4314 ἐχθρὸς
2898 4241 2987 4311 μὲν
3025 4243 3218 4312 γενήσῃ
3250 4246 3350 4290 τῶν
3380 4233 3547 4312 μηδὲν
3577 4234 3842 4290 ἀδικούν-

2235 4347 2354 4392 των,
2387 4328 2578 4403 ἐχθρὸς
2607 4325 2664 4381 δὲ
2695 4336 2828 4382 Θεοῦ
2858 4334 2949 4380 τοῦ
2982 4326 3183 4399 ἀγαθοῦ
3210 4332 3299 4380 καὶ
3330 4326 3552 4400 ἀφθόνου
3577 4344 3590 4395 ;

2305 4423 2356 4473 5.
2399 4420 2640 4489 Φύγωμεν
2669 4420 2829 4469 κακόν
2855 4415 3131 4492 ἀφόρητον.
3172 4417 3375 4490 Ὀφεώς
3404 4416 3518 4470 ἔστι
3567 4413 3838 4491 δίδαγμα,

2236 4504 2495 4580 δαιμόνων
2562 4507 2783 4580 εὕρημα,
2854 4505 3051 4580 ἐχθροῦ
3113 4506 3394 4583 ἓπισπορὰ,
3452 4505 3688 4582 ἇρραϐὡν
3746 4527 3843 4561 κο-

2232 4597 2442 4666 λάσεως,
2501 4592 2750 4667 ἐμπόδιον
2799 4595 3078 4666 εὐσεϐείας,
3134 4593 3256 4658 όδὸς
3311 4595 3398 4649 ἐπὶ
3436 4599 3659 4668 γέενναν,
3718 4601 3846 4650 στέ-

2233 4705 2389 4759 ρησις
2441 4683 2728 4757 βασιλείας.
2777 4685 2930 4743 Δῆλοι
2980 4682 3040 4738 δέ
3081 4706 3193 4748 πως
3241 4689 3332 4738 καὶ
3383 4685 3523 4755 αύτῷ
3565 4692 3638 4756 τῷ
3668 4705 3844 4758 προσ-

2235 4776 2490 4845 ὡπῳ(57)
2521 4776 2878 4845 τυγχάνουσιν
2926 4777 2974 4826 οἱ
3028 4776 3345 4846 φθονοῦντες.
3401 4773 3588 4848 ’Ὁμμα
3631 4777 3844 4838 τούτοις

2235 4864 2388 4940 ξηρὸν
2413 4867 2504 4916 καὶ
2553 4861 2802 4937 ἀλαμπὲς,
2852 4866 3044 4939 παρειὰ
3089 4868 3344 4937 κατηφὴς,
3409 4863 3570 4939 ὀφρύς
3623 4883 3840 4936 συμπε-

2303 5161 2414 5230 (55)
2444 5163 2505 5216 In
2532 5158 2774 5215 duobus
2804 5175 2951 5214 mss.
2986 5157 3277 5231 scriptum
3307 5157 3646 5231 invenimus
3677 5155 3841 5231 ἀθρό-

2234 5233 2730 5305 ωςησυναιρεῑσθαι.
2765 5231 3082 5305 aliquanto
3111 5230 3259 5302 post
3288 5233 3426 5302 Reg.
3462 5230 3696 5304 primus
3724 5230 3838 5289 δὴ-

2233 5300 2386 5376 μωδη
2419 5299 2517 5354 καί
2529 5299 2830 5376 γυναικώδη
2843 5341 2854 5353 .

2305 5326 2386 5361 ὀη
2419 5326 2508 5354 και
2529 5326 2854 5360 ὐναικωοη.

2305 5379 2419 5441 (‘56)
2452 5326 2616 5430 Colb.
2647 5375 2855 5429 tertius
2885 5375 3221 5445 χρήσασθαι.

2304 5447 2420 5516 \57)
2450 5446 2597 5500 Editi
2623 5451 2677 5500 et
2703 5448 2838 5517 Reg.
2863 5445 3068 5499 tertius
3107 5445 3362 5517 αύτῷ-τῷ
3409 5445 3843 5517 προσώπῳ.ῌΛι

2235 5514 2379 5572 is.
2405 5514 2828 5573 'Combefisiani
2852 5531 2974 5587 uno
2999 5514 3186 5571 verbo
3216 5514 3657 5587 αύτοπροσὼπως.
3709 5515 3840 5572 Nec

2234 5589 2318 5646 ita
2339 5588 2530 5644 multo
2559 5592 2696 5660 post
2725 5589 2862 5656 Reg.
2888 5585 3120 5659 primus
3151 5592 3362 5662 παρειαὶ
3386 5585 3657 5659 κατηφεῖς.

2837 5700 2864 5714 ς
