4076 6190
231 273 331 330 381

1545 275 1832 333 HOMILIA
1872 273 1961 330 DE
2001 275 2284 334 lNVlDIA.

3489 285 3593 341 382

231 405 492 467 πτωκυῑα,
561 399 592 457 ἡ
635 398 789 472 ψυχὴ
841 405 913 471 τῷ
965 401 1118 454 πάθει
1177 403 1568 473 συγκεχυμένη,
1623 401 1681 452 τὸ
1735 407 1822 463 τῆς

1939 399 2178 456 animus
2209 400 2552 458 turbulento
2583 401 2800 459 affectu
2838 403 3247 476 perturbatus,
3280 419 3492 462 carens
3524 407 3588 464 in

232 486 476 549 ἀληθείας
521 494 789 562 κριτήριον
834 488 918 543 ἰπὶ
966 497 1067 542 τῶν
1107 493 1425 566 πραγμάτων
1466 490 1559 542 οὐκ
1603 492 1825 562 ἔχουσα.

231 578 307 630 οὗ
374 577 568 650 πρᾶξις
614 576 726 630 κατ’
772 576 958 652 ἀρετὴν
1015 577 1250 640 ἐπαινετὴ
1305 579 1428 653 παρ’
1485 578 1709 647 ἐκείνοις,
1770 580 1827 631 ού

228 666 381 738 λόγου
432 664 657 740 δύμανις
704 673 980 742 σεμνότητι
1026 675 1386 743 κεκοσμημένη
1445 673 1534 721 καὶ
1583 671 1828 742 χάρισιν,

229 756 323 809 οὐκ
373 755 500 809 ἄλλο
556 777 609 810 τι
666 765 766 810 τῶν
823 758 1063 819 ζηλωτῶν
1115 764 1206 811 καὶ
1256 757 1606 833 περιϐλεπτῶν
1653 756 1824 817 οὐδέν,

228 845 427 920 Ὠσπερ
463 842 523 900 δι
570 848 620 899 οἱ
659 853 820 918 γῦπες
850 852 980 922 πρὸς
1017 851 1082 902 τὰ
1122 845 1343 908 δυσώδη
1391 852 1646 924 φέρονταί,
1695 848 1825 900 πολ-

227 935 345 996 λοὺς
403 938 498 1008 μὲν
562 935 832 1008 λειμῶνας,
891 937 1108 1001 πολλοὺς
1165 935 1223 991 δὲ
1275 935 1418 1000 ἡδεῖς
1474 942 1561 990 καὶ
1617 934 1826 1001 εὐώδεις

229 1030 421 1088 τόπους
476 1026 899 1098 ὑπεριπτάμενοι·
941 1032 1030 1079 καὶ
1070 1029 1125 1081 αἱ
1171 1035 1326 1101 μυῖαι
1367 1031 1425 1080 τὸ
1464 1031 1554 1100 μεν
1594 1029 1826 1100 ὑγιαῖνον

227 1119 652 1188 παρατρέχουσι,
700 1119 830 1190 πρὸς
884 1112 944 1170 δὲ
1007 1119 1066 1170 τὸ
1117 1117 1257 1179 ἕλκος
1303 1117 1610 1190 ἐπείγονταιο
1663 1120 1827 1183 οὕτως

229 1206 276 1256 οἱ
320 1203 591 1277 βάσκανοι
634 1207 726 1266 τάς
767 1209 858 1279 μὲν
901 1213 993 1260 τοῦ
1033 1205 1156 1280 βίου
1199 1207 1570 1282 λαμπρότητας
1626 1214 1714 1264 καὶ
1759 1213 1827 1265 τά

225 1297 416 1367 μεγέθη
475 1303 575 1348 τῶν
619 1298 1044 1370 κατορθουμένων
1082 1295 1208 1352 οὐδὲ
1253 1298 1660 1373 προσϐλέπουσι,
1715 1309 1826 1364 τοῖς

228 1381 284 1438 δὲ
324 1387 548 1460 σαθροῖς
579 1384 911 1442 ἐπιτίθενται·
957 1390 1052 1440 κοῖν
1098 1407 1150 1442 τι
1206 1398 1569 1463 προσπταῖσαι
1623 1390 1821 1464 συμϐῇ,

222 1472 307 1528 οἷα
351 1475 522 1529 πολλὰ
571 1479 632 1535 τη
695 1474 1008 1551 ἀνθρώπινα,
1059 1487 1212 1532 τοῦτο
1271 1477 1674 1552 δημοσιεύουσι,
1733 1485 1823 1534 καὶ

221 1562 323 1618 ἀπὸ
410 1569 612 1619 τούτων
697 1570 814 1627 τοὺς
894 1564 1089 1642 ἄνδρας
1171 1571 1439 1643 γνωρίζειν
1524 1569 1819 1642 βούλονταιο

222 1657 395 1729 ὥσπερ
428 1657 481 1708 οἱ
511 1655 627 1726 (58)
669 1661 886 1731 πονηροὶ
914 1666 1012 1710 τῶν
1044 1658 1330 1732 ζωγράφων
1378 1658 1477 1713 ἀπὸ
1520 1667 1616 1724 τῆς
1654 1657 1824 1713 ἓνδια-

1935 489 2116 546 rebus
2145 490 2406 546 veritatis
2423 491 2671 562 judicio.
2695 495 2896 564 Neque
2927 509 3064 549 vero
3093 493 3397 550 laudabile
3418 495 3592 554 fuerit

1936 579 2103 652 apud
2121 579 2251 636 illos
2278 580 2466 638 ullum
2487 581 2716 637 virtutis
2736 598 2910 653 opus,
2931 598 3125 654 neque
3147 583 3383 641 dicendi
3405 585 3589 643 facul-

1935 675 2025 728 tas
2040 670 2173 726 licet
2187 671 2476 740 gravitate
2493 688 2562 727 ac
2579 673 2769 743 gratia
2786 677 3016 740 ornata,
3032 688 3226 745 neque
3249 675 3586 748 quidquam

1934 759 2096 816 aliud
2125 760 2286 816 exiis
2309 777 2444 832 quae
2466 761 2732 834 optanda
2763 766 2901 817 sunt
2921 765 2977 818 et
2996 763 3348 834 spectanda.
3373 767 3589 830 Quem-

1935 849 2268 908 admodum
2300 855 2501 906 autem
2532 851 2798 908 vultures
2820 856 2994 924 prata
3032 851 3242 921 multa,
3275 853 3586 927 multaque

1931 939 2066 996 loca
2087 955 2329 996 amoena
2349 945 2404 998 et
2419 941 2672 1000 odorata
2692 941 3197 1014 praetervolantes,
3214 941 3485 1000 feruntur
3507 945 3587 1001 ad

1933 1030 2335 1101 graveolentia
2361 1049 2374 1098 ;
2407 1035 2464 1086 et
2495 1031 3017 1103 quemadmodum
3044 1048 3268 1088 muscae
3293 1033 3461 1105 quod
3485 1049 3584 1090 sa.

1931 1138 2080 1178 num
2109 1127 2198 1178 est
2214 1126 2660 1194 praetereuntes,
2683 1122 2762 1178 ad
2783 1121 2986 1178 ulcera
3006 1128 3362 1195 properant:
3388 1123 3472 1181 ita
3491 1125 3583 1181 in-

1930 1212 2050 1268 vidi
2072 1211 2204 1267 vitae
2225 1211 2629 1285 splendorem,
2653 1215 2707 1266 et
2728 1216 2881 1268 recte
2905 1211 3198 1268 factorum
3221 1213 3582 1282 magnitudi-

1930 1317 2071 1358 nem
2086 1318 2161 1358 ne
2177 1301 2478 1373 aspiciunt
2493 1299 2760 1372 quidem,
2777 1300 2882 1356 sed
2901 1301 2962 1357 in
2981 1301 3250 1357 marcida
3270 1307 3326 1358 et
3343 1303 3584 1374 putrida

1930 1392 2193 1459 irruunt;
2218 1395 2275 1447 et
2293 1391 2343 1445 si
2362 1390 2423 1446 in
2445 1389 2648 1462 aliquo
2669 1393 2929 1446 erratum
2962 1390 3034 1446 sit
3055 1390 3421 1460 (cujusmodi
3443 1395 3585 1449 sunt

1930 1497 2025 1537 res
2053 1480 2371 1536 hominum
2410 1495 2533 1536 non
2564 1481 2817 1552 paucae),
2851 1479 3117 1552 idipsum
3147 1479 3485 1548 divulgant,
3528 1485 3585 1537 et

1931 1586 2004 1628 ex
2033 1570 2127 1626 his
2153 1571 2314 1626 viros
2338 1569 2464 1624 ﬁeri
2484 1574 2663 1624 notos
2691 1568 2903 1625 volunt
2931 1586 2944 1637 ;
2977 1584 3100 1625 non
3134 1585 3308 1625 secus
3337 1584 3409 1625 ac
3441 1569 3586 1625 mali

1930 1660 2207 1734 pictores,
2253 1658 2357 1730 qui
2404 1673 2476 1713 ex
2521 1657 2773 1714 distorto
2805 1673 2977 1724 uaso,
3022 1662 3125 1714 aut
3153 1658 3231 1714 ab
3263 1657 3469 1730 aliquo
3496 1662 3585 1714 tu-

222 1749 454 1818 στρόφου
503 1746 665 1820 ῥινὸς,
721 1747 750 1806 ἦ
813 1745 914 1799 ἀπό
961 1766 1096 1809 τινος
1153 1748 1307 1810 οὐλῆς
1356 1750 1384 1808 ἣ
1436 1749 1818 1823 κολοϐὡματος,

1935 1750 2090 1821 bere,
2119 1752 2224 1806 aut
2251 1747 2625 1804 mutilatione
2655 1752 2873 1803 natura
2902 1763 3007 1804 seu
3037 1763 3182 1803 casu
3213 1747 3370 1804 facta
3399 1747 3588 1820 pictu-

221 1833 274 1887 ἔκ
327 1838 537 1905 γύσεως
585 1836 615 1894 ἦ
676 1834 731 1887 ἐκ
769 1839 970 1899 πάθους
1024 1837 1429 1911 ἕπισυμϐάντος,
1479 1842 1574 1902 τὰς
1620 1844 1823 1916 μορφὰς

219 1930 319 1974 τῶν
370 1928 709 1998 γραφομένων
767 1924 1230 2000 ἀποσημαίνοντες.
1282 1933 1443 1982 Δεινοὶ
1489 1925 1548 1982 δὴ
1587 1937 1704 1992 ταῖς
1751 1931 1824 1994 εἰς

223 2015 276 2064 τὸ
324 2021 511 2087 χεῖρον
550 2023 913 2088 παρατροπαῖς
964 2019 1021 2069 τὸ
1068 2016 1328 2070 ἐπαινετόν
1378 2015 1690 2087 ὃιαπτύσαι,
1731 2025 1822 2074 καὶ

223 2101 274 2154 ἰκ
311 2110 410 2165 τῆς
439 2108 672 2174 γείτονος
707 2109 898 2167 κακίας
948 2110 1040 2165 τὴν
1072 2104 1258 2180 ἀρετὴν
1285 2104 1572 2164 διαϐαλεῖν.
1607 2114 1821 2183 Θρασὺν

222 2197 310 2263 μέν
348 2194 454 2266 γὰρ
503 2193 717 2265 λέγουσι
761 2197 850 2247 τὸν
897 2192 1151 2270 ἀνδρεῖον,
1186 2196 1472 2270 ἀνάλγητον
1508 2195 1566 2252 δὲ
1596 2202 1682 2252 τὸν
1723 2205 1824 2253 σὼ-

223 2302 401 2356 φρονα·
457 2288 546 2336 τόν
589 2281 795 2338 δίκαιον
833 2283 1027 2345 ἀπηνῆ·
1085 2295 1375 2362 κακοῦργον
1421 2290 1508 2341 τόν
1555 2295 1824 2364 φρόνιμον,

224 2377 325 2427 Καὶ
370 2377 461 2426 τὸν
504 2374 871 2449 μεγαλοπρεπῆ
929 2380 1020 2449 μὲν
1077 2380 1146 2440 ὡς
1199 2376 1464 2450 βάναυσον
1522 2380 1638 2450 (59)
1707 2377 1822 2434 δια-

223 2460 496 2530 ϐάλλουσι,
556 2467 640 2516 τὸν
699 2463 977 2518 ἓλευθέυιον
1027 2462 1086 2520 δὲ
1132 2469 1197 2528 ὡς
1249 2469 1470 2520 ἄσωτονο
1525 2469 1678 2522 πάλιν
1734 2472 1822 2522 τὸν

221 2552 553 2624 οἰκονομικὸν
601 2550 868 2626 φειδωλόν.
915 2560 1014 2609 Καὶ
1069 2556 1216 2623 ὅλως,
1271 2558 1440 2610 πάντα
1469 2560 1534 2611 τά
1575 2568 1670 2621 τῆς
1708 2558 1824 2632 ἀρε·

223 2649 321 2705 τῆς
362 2638 481 2701 εἴδη
524 2642 618 2695 οὐκ
667 2641 849 2719 ἀπορεῖ
894 2644 1017 2720 παρ’
1074 2646 1252 2710 αὐτοῖς
1304 2647 1556 2720 ὀνόματος
1619 2648 1673 2701 ἔκ
1726 2658 1820 2712 τῆς

224 2730 582 2804 ἀντικειμένης
624 2738 815 2796 κακίας
865 2738 1275 2808 μετενεχθέντος.
1333 2740 1397 2790 Τί
1443 2737 1530 2790 οὖν
1578 2737 1590 2792 ι
1652 2737 1700 2790 ἕν
1751 2747 1813 2812 τῇ

220 2823 518 2891 κατηγορίᾳ
581 2821 694 2889 (60)
760 2827 852 2872 τοῦ
897 2828 1061 2872 κακοῦ
1115 2825 1206 2874 τὸν
1269 2821 1418 2893 λόγον
1492 2827 1750 2896 στήσομεν
1799 2839 1816 2893 ;

222 2907 378 2960 Ἀλλὰ
427 2911 581 2961 τουτο
626 2910 800 2982 ὥσπερ
854 2913 1019 2983 ἥμισύ
1049 2914 1102 2963 τί
1145 2910 1400 2982 (61)ἒστι
1439 2921 1532 2974 τῆς
1570 2912 1816 2988 ἰατρείας.

218 3000 290 3050 τὸ
330 3000 425 3070 μεν
472 2999 576 3071 γάρ
626 2994 797 3061 δεῖξαι
844 3006 914 3068 τῷ
944 3000 1191 3072 κάμνοντι
1233 3009 1328 3064 τῆς
1373 3006 1528 3054 νόσου
1577 3006 1636 3055 τὸ
1664 3006 1820 3076 μέγε-

1929 1855 2133 1896 rarum
2159 1855 2406 1896 suarum
2426 1839 2653 1894 formas
2673 1837 3001 1906 insigniunt
3022 1836 3458 1909 eﬂiuguntque.
3474 1836 3586 1892 Ad-

1928 1930 2056 1987 haac
2088 1929 2256 2002 periti
2288 1936 2426 1984 sunt
2444 1944 2571 1984 rem
2597 1927 2960 1984 laudabilem
2993 1927 3055 1983 in
3085 1927 3260 2000 pejus
3285 1926 3584 1984 detortam

1929 2018 2262 2093 despuendi
2275 2032 2487 2091 ,exque
2498 2017 2692 2074 vicino
2703 2016 2845 2073 vitio
2858 2017 3134 2073 virtutem
3148 2015 3580 2074 calumniandi.

1929 2112 2163 2166 Fortem
2185 2109 2346 2164 enim
2372 2107 2581 2163 dicunt
2601 2106 2892 2163 audacem
2913 2111 2971 2162 et
2990 2107 3376 2163 temerarium
3403 2124 3414 2174 ;
3439 2110 3584 2162 tem-

1928 2204 2259 2275 perantem,
2289 2197 2639 2270 stupidum;
2668 2197 2920 2268 justum,
2954 2196 3261 2252 crudelem
3289 2195 3585 2269 ;pruden-

1929 2295 2073 2360 tem,
2103 2287 2572 2346 fraudulentum.
2599 2288 2664 2342 Et
2689 2286 3080 2358 magniﬁcum
3101 2285 3351 2359 quidem
3374 2285 3584 2342 tradu-

1929 2384 2074 2436 cunt
2102 2378 2262 2435 velut
2287 2377 2522 2450 ineptos
2555 2381 2831 2448 sumptus
2860 2375 3176 2432 facientem
3202 2395 3216 2444 ;
3249 2374 3582 2442 liberalem,

1927 2471 2090 2528 velut
2109 2469 2433 2543 prodigum
2460 2486 2472 2536 ;
2504 2483 2715 2522 rursus
2753 2467 3013 2538 peritum
3043 2467 3126 2522 rei
3147 2465 3459 2522 familiaris
3483 2464 3587 2521 ad-

1927 2559 2416 2625 ministratorem,
2438 2571 2718 2629 parcum;
2741 2554 3002 2628 denique
3023 2554 3335 2628 quodlibet
3353 2553 3584 2610 virtutis

1929 2665 2120 2721 genus
2141 2647 2305 2720 apud
2325 2646 2489 2718 ipsos
2520 2661 2743 2701 nomen
2770 2644 2997 2700 obtinet
3017 2645 3094 2700 ab
3127 2642 3408 2718 opposito
3436 2642 3584 2698 vitio

1928 2741 2291 2795 mutuatum.
2318 2735 2472 2801 Quid
2500 2735 2721 2805 igitur?
2751 2735 2810 2790 in
2842 2734 3224 2790 accusatione
3249 2733 3431 2803 hujus
3458 2731 3587 2788 vitii

1928 2827 2258 2885 orationem
2283 2825 2487 2880 sistam
2512 2825 2539 2880 ?
2560 2825 2672 2880 Sed
2702 2825 2831 2880 haec
2851 2829 2940 2880 est
2959 2823 3118 2880 velut
3139 2821 3390 2878 dimidia
3411 2837 3584 2878 cura-

1927 2917 2106 2976 tionis
2125 2932 2286 2989 pars.
2311 2919 2458 2971 Nam
2479 2914 2794 2971 ostendere
2821 2919 3046 2986 aegroto
3069 2912 3265 2970 morbi
3290 2912 3586 2982 magnitu-
3645 2968 3660 2976 _

1929 3005 2153 3072 dinem,
2185 3010 2252 3061 ut
2289 3004 2542 3074 dignam
2573 3019 2783 3059 curam
2820 3004 3110 3076 suspiciat
3139 3001 3388 3072 fugandi
3419 2999 3584 3068 mali,

224 3089 331 3152 θος,
388 3089 527 3140 ὥστε
585 3085 732 3150 ἀξιαν
800 3086 1086 3162 ἐμποιῆσαι
1151 3089 1292 3161 αὐτῷ
1340 3098 1432 3143 τοῦ
1499 3099 1662 3144 κακοῦ
1726 3097 1821 3152 τὴν

1935 3111 2052 3153 non
2078 3093 2512 3154 fueritinutile:
2548 3093 2652 3149 sed
2677 3108 2816 3148 eum
2847 3093 3111 3148 necdum
3151 3091 3229 3146 ad
3262 3091 3584 3146 sanitatem

222 3173 497 3251 γροντίὸά,
546 3176 639 3229 οὐκ
669 3179 965 3253 ἄχρηστον·
1006 3182 1064 3232 τὸ
1118 3175 1176 3232 δὲ
1205 3181 1342 3255 ἄχρι
1388 3183 1570 3233 τούτου
1601 3181 1822 3234 καταλι-

223 3273 349 3333 πεῖν,
411 3270 484 3338 μὴ
532 3269 660 3341 πρὸς
707 3271 803 3326 τὴν
865 3269 1063 3340 ὑγίειαν
1124 3276 1618 3346 χειραγωγήσαντα,
1668 3270 1820 3328 οὐδεν

223 3353 389 3426 ἕτερον
450 3350 593 3404 ἆστιν
645 3353 674 3411 ἡ
738 3349 949 3405 ἔκδοτον
1006 3352 1208 3427 ἀφεῖναι
1263 3364 1324 3428 τῇ
1405 3355 1672 3432 ἀρρωστίᾳ
1732 3362 1818 3411 τὸν

223 3444 503 3514 κάμνοντα.
547 3446 610 3495 Τί
659 3437 792 3508 οὖν;
844 3451 948 3503 πῶς
989 3443 1050 3495 ἂν
1097 3447 1168 3516 μὴ
1219 3447 1469 3519 πάθοιμεν
1531 3445 1583 3510 ἐξ
1643 3445 1818 3522 ἀρχῆς

226 3534 316 3588 τήν
361 3534 539 3596 νόσον,
591 3532 620 3590 ἦ
681 3532 1006 3603 ὑπαχθέντες
1070 3532 1373 3608 ἐκφύγοιμεν
1419 3552 1432 3603 ;
1497 3537 1558 3589 Εἰ
1616 3546 1818 3612 πρῶτον

224 3623 310 3692 {ab
368 3616 541 3694 μηδὲν
600 3623 756 3693 μέγα,
820 3617 960 3694 μηδὲ
1025 3624 1270 3698 ὑπερφυὲς
1330 3644 1432 3677 των
1489 3623 1818 3700 ἀνθρωπίνων

222 3714 483 3782 κρίνοιμεν
545 3712 678 3777 (62)·
737 3713 810 3783 μὴ
871 3711 1111 3784 εὐπορίαν
1163 3716 1256 3771 τὴν
1301 3711 1348 3764 ἐν
1393 3711 1701 3790 ἀνθρώποις·
1744 3719 1814 3787 μὴ

226 3795 382 3862 δόξαν
427 3803 525 3858 τὴν
577 3798 912 3852 ἀπανθοῦσαν
957 3801 1088 3872 (63)⁶
1151 3806 1224 3874 μὴ
1291 3807 1532 3876 σώματος
1599 3803 1816 3866 εὐεξίαν.

223 3888 296 3940 05
341 3890 447 3963 γὰρ
503 3887 552 3939 ἐν
598 3895 708 3949 τοῖς
767 3893 1179 3965 παρερχομένοις
1243 3891 1526 3965 ὁριζόμεθα
1582 3889 1709 3944 εἶναι
1759 3896 1820 3946 τὸ

221 3977 438 4048 ἀγαθόν,
491 3975 599 4028 ἀλλ’
640 3976 723 4030 ἰπὶ
767 3978 983 4031 αἰωνίων
1024 3977 1232 4051 ἀγαθῶν
1278 3986 1368 4032 καὶ
1413 3979 1664 4039 ἀληθινῶν
1703 4001 1820 4054 μετ-

219 4073 408 4120 ουσίαν
452 4067 764 4139 κεκλήμεθα.
815 4073 974 4122 Ὥστε
1029 4070 1055 4120 ὁ
1120 4069 1352 4122 πλουτῶν
1393 4073 1536 4123 οὔπω
1591 4070 1820 4135 ζηλωτός

217 4156 330 4209 ἔστι
358 4154 456 4210 θ’ιά
485 4160 573 4209 τὸν
601 4156 840 4211 πλοῦτον·
889 4157 995 4231 οὐχ
1038 4160 1064 4210 ὁ
1104 4155 1370 4222 δυνάστης
1411 4157 1505 4213 διὰ
1536 4163 1622 4213 τὸν
1666 4166 1820 4234 ὄγκον

216 4253 306 4299 τοῦ
371 4245 685 4318 ἀξιώματος,
733 4247 839 4320 οὐχ
889 4248 914 4300 ὁ
965 4249 1190 4322 ἰσχυρὸς
1234 4246 1328 4302 διὰ
1365 4254 1458 4308 τὴν
1501 4252 1680 4326 ῥώμην
1728 4260 1820 4305 τοῦ

217 4345 488 4408 σώματος,
540 4336 645 4409 οὐχ
683 4338 710 4389 ὁ
769 4340 928 4410 σοφὸς
965 4335 1059 4392 θ’ιά
1106 4343 1198 4398 τὴν
1255 4347 1348 4392 τοῦ
1398 4339 1552 4413 λόγου
1618 4362 1822 4415 περιου-

1930 3185 2290 3260 perductum
2327 3182 2425 3238 hic
2461 3181 2898 3255 derelinquere,
2940 3180 3088 3236 nihil
3141 3179 3308 3236 aliud
3347 3183 3435 3235 est
3470 3177 3585 3234 nisi

1930 3279 2321 3344 mgrotantem
2357 3271 2570 3327 morbo
2599 3271 2869 3327 deditum
2900 3273 2957 3327 et
2977 3271 3358 3342 desperatum
3389 3267 3584 3324 dimit-

1929 3367 2072 3420 tere.
2094 3361 2244 3426 Quid
2261 3360 2439 3431 igitur
2454 3360 2482 3415 ?
2509 3359 2615 3434 qui
2640 3359 2766 3416 ﬁeri
2789 3359 3000 3432 poterit
3019 3363 3084 3415 ut
3104 3357 3388 3414 morbum
3420 3357 3583 3412 hunc

1929 3451 2214 3509 autinitio
2241 3465 2363 3507 non
2385 3449 2834 3513 contrahamus,
2850 3452 2955 3505 aut
2975 3464 3044 3505 eo
3067 3447 3342 3520 correpti,
3375 3461 3586 3517 cavea-

1929 3559 2068 3600 mus
2093 3542 2121 3599 ?
2143 3542 2404 3598 Primum
2430 3539 2676 3612 quidem
2703 3539 2752 3594 si
2776 3538 2922 3594 nihil
2951 3554 3265 3610 magnum,
3296 3535 3444 3593 nihil
3465 3535 3584 3591 exi-

1930 3633 2118 3688 mium
2132 3632 2193 3687 in
2206 3631 2388 3688 rebus
2407 3629 2690 3686 humanis
2705 3629 3268 3702 putaverimus,non
3281 3627 3584 3684 humanas

1929 3737 2096 3794 opes,
2117 3735 2240 3776 non
2262 3719 2518 3791 gloriam
2539 3721 3032 3788 marcescentem,
3049 3732 3172 3773 non
3188 3715 3456 3789 corporis
3478 3713 3586 3770 bo-

1930 3826 2074 3867 nam
2103 3808 2542 3866 habitudinem.
2579 3811 2779 3880 Neque
2806 3805 2968 3863 enim
2996 3807 3058 3862 in
3085 3804 3263 3861 ﬂuxis
3291 3803 3472 3860 rebus
3513 3819 3584 3860 ac

1929 3899 2173 3956 caducis
2195 3913 2498 3954 summum
2525 3896 2755 3952 bonum
2777 3895 3226 3952 constituimus:
3247 3891 3351 3949 sed
3372 3909 3586 3949 sumus

1929 3991 2048 4061 96
2070 3988 2148 4044 ad
2169 3993 2461 4044 internum
2487 4001 2894 4058 verorumque
2921 3984 3222 4041 bonorum
3253 3982 3583 4055 participa-

1930 4078 2151 4135 tionem
2175 4077 2388 4134 vocati.
2414 4078 2606 4143 Quare
2627 4075 2792 4132 dives
2817 4075 3092 4131 nondum
3119 4073 3334 4130 beatus
3356 4072 3586 4128 haben-

1929 4167 2045 4224 dus
2064 4167 2242 4224 estob
2265 4166 2534 4223 divitias:
2564 4182 2686 4222 non
2714 4170 2928 4238 potens
2946 4169 3190 4236 propter
3211 4161 3584 4220 auctoritatis

1929 4257 2357 4329 dignitatisque
2374 4255 2832 4330 amplitudinem
2851 4272 2863 4310 :
2886 4270 3008 4310 non
3022 4253 3190 4310 fortis
3202 4257 3446 4327 propter
3463 4266 3588 4308 cor-

1929 4362 2093 4419 poris
2113 4347 2300 4402 robur
2321 4363 2334 4402 :
2351 4362 2474 4402 non
2488 4347 2729 4418 sapiens
2746 4344 2824 4401 ob
2842 4343 3126 4400 eximiam
3144 4341 3382 4399 dicendi
3402 4339 3590 4398 facul-

217 4432 354 4480 σίαν.
391 4426 630 4500 Ὀργανα
674 4429 776 4500 γὰρ
826 4427 938 4480 ἐστι
985 4435 1152 4481 ταῦτα
1196 4437 1292 4491 τῆς
1339 4427 1522 4503 ἀρετῆς
1574 4437 1684 4493 τοῖς
1729 4451 1821 4483 κα-

1935 4436 2135 4487 tatem.
2173 4434 2306 4488 llzec
2341 4431 2500 4487 enim
2542 4431 2770 4486 virtutis
2794 4430 3193 4486 instrumenta
3224 4426 3451 4483 suntiis
3482 4425 3588 4499 qui

212 4515 314 4577 λῶς
355 4519 724 4590 κεχρημένοις,
777 4517 870 4568 οὐκ
901 4517 1033 4570 αὐτά
1080 4517 1128 4570 ἐν
1167 4517 1364 4580 ἑαυτοῖς
1396 4519 1587 4590 ἔχοντα
1625 4521 1682 4574 τὸ
1725 4541 1822 4593 μα-

216 4609 420 4680 κάριον.
464 4605 526 4657 Ὀ
581 4610 671 4678 μὲν
712 4615 799 4659 οῦν
838 4616 1011 4670 κακῶς
1056 4607 1235 4670 αὐτοῖς
1273 4613 1616 4684 κεχρημένος,
1665 4611 1821 4663 ἐλεει-

213 4699 319 4761 νὸς,
362 4698 434 4756 ῶς
474 4695 502 4746 ὁ
553 4703 626 4764 τῷ
671 4695 823 4768 ξίφει,
874 4696 900 4748 ὃ
931 4696 1077 4750 ἔλαϐε
1121 4699 1252 4772 πρὸς
1287 4703 1379 4756 τὴν
1426 4707 1526 4751 τῶν
1566 4699 1821 4772 πολεμίων

217 4787 441 4857 ᾱμνναν,
505 4787 672 4858 τούτῳ
720 4785 970 4850 ἑκουσίως
1021 4787 1200 4841 ἑαυτὸν
1247 4795 1719 4866 κατατιτρώσκων·
1779 4791 1824 4844 εἰ

289 4965 409 5042 (ξε)
443 4966 589 5042 Reg.
619 4963 852 5042 primus
898 4966 1070 5040 ὥσπερ
1100 4969 1201 5042 γὰρ
1221 4969 1318 5042 ρὶ.
1351 4967 1672 5042 Aliquanto
1699 4971 1838 5040 post

221 5036 385 5090 Colb.
419 5035 659 5107 primus
710 5035 1183 5108 ἀποσημαίνονταιζ
1219 5040 1361 5108 Reg.
1392 5035 1625 5110 primus
1651 5035 1834 5097 ἐπιση-

221 5126 509 5175 μαινοντις.

287 5181 401 5259 (:59)
423 5181 644 5259 Vocem
665 5177 1132 5259 ﬁévauqoialllel’
1153 5179 1236 5259 ab
1251 5181 1384 5237 aliis
1407 5182 1834 5259 interpretibus

220 5250 385 5306 reddi
415 5256 590 5306 notat
623 5250 709 5305 vir
733 5251 1177 5308 eruditissimus
1205 5254 1479 5317 Ducaaus,
1521 5250 1605 5308 sic
1633 5261 1696 5309 ut
1735 5253 1832 5310 alii

219 5322 684 5403 eamaccipiant
704 5338 815 5394 pro
839 5324 1038 5403 {nepte
1059 5327 1398 5403 maguiﬁco,
1415 5324 1512 5403 alii
1537 5340 1646 5397 pro
1664 5341 1834 5382 arro-

217 5396 410 5461 ganti,
446 5394 546 5448 alii
581 5409 692 5464 pro
719 5396 990 5463 profuso,
1029 5396 1128 5450 alii
1155 5394 1274 5451 alio
1307 5396 1513 5452 modo.

249 5533 260 5543 ο
285 5469 412 5543 ιρο).
438 5466 583 5543 Ejus
611 5465 727 5543 loci
753 5466 885 5522 haec
911 5472 1000 5521 est
1021 5469 1328 5543 sententia.
1357 5468 1507 5524 Satis
1533 5482 1656 5524 non
1679 5483 1830 5540 esse,

218 5536 261 5590 si
297 5536 536 5592 invidiae
569 5536 823 5592 morbus
849 5538 1348 5609 reprehendatur.

292 5613 410 5678 (6t)
444 5609 599 5666 Editi
634 5612 805 5682 ἣμισυ
827 5617 938 5671 τῆς.
972 5615 1042 5665 At
1069 5625 1214 5666 mss.
1248 5612 1334 5668 uti
1365 5610 1425 5667 in
1453 5614 1756 5669 contextu.

1928 4525 2086 4577 recte
2107 4525 2376 4590 utuntur,
2393 4537 2515 4577 non
2537 4526 2739 4576 autem
2762 4520 2896 4592 ipsa
2921 4520 2981 4574 in
3003 4519 3220 4591 seipsis
3243 4517 3588 4574 felicitatem

1932 4612 2259 4667 continent.
2278 4610 2557 4682 Quisquis
2577 4609 2756 4680 igitur
2771 4609 2928 4665 male
2951 4609 3035 4665 eis
3057 4609 3261 4674 utitur,
3280 4606 3590 4663 miserabi-

1931 4701 2003 4758 lis
2027 4707 2270 4767 est,non
2297 4699 2467 4755 aliter
2486 4715 2669 4771 quam
2695 4699 2798 4772 qui
2819 4703 3068 4772 accepto
3091 4697 3170 4754 ad
3190 4699 3392 4754 hostes
3409 4695 3588 4752 ulcis-

1935 4790 2160 4848 cendos
2182 4788 2405 4860 gladio,
2422 4788 2813 4862 semetipsum
2838 4805 2946 4844 sua.
2967 4792 3182 4860 sponte
3206 4793 3262 4843 et
3281 4786 3588 4844 voluntate

2018 4968 2132 5039 (62)
2182 4966 2334 5041 Editi
2386 4985 2438 5041 τι
2485 4963 2911 5041 κρίνοιμενκὸθά
2939 4962 3222 5041 voculam
3251 4977 3496 5041 r¢,_quae
3526 4960 3588 5017 in

1942 5033 2090 5095 mss.
2117 5033 2268 5094 'non
2297 5033 2536 5105 legitur,
2575 5033 2893 5092 delendam
2933 5034 3299 5105 censuimus.
3344 5033 3408 5086 1n
3437 5048 3586 5087 mss.

1943 5103 2572 5179 Combeﬁsianispost
2614 5107 2864 5179 verbum
2901 5110 3180 5179 ,κρίνοιμεν
3206 5103 3421 5179 legitur
3444 5107 3584 5179 ποτε.

2015 5184 2127 5253 (63)
2173 5181 2344 5253 Illud,
2395 5175 2553 5253 δόξαν
2610 5184 2702 5253 τὴν
2751 5175 3102 5253 ἀπανθοῦσαν,
3131 5175 3216 5253 ita
3243 5175 3591 5253 interpreta.

1942 5244 2036 5309 tus
2058 5259 2146 5308 est
2176 5244 2574 5310 Combetisius
2610 5267 2622 5304 :
2642 5250 2952 5319 ﬂorentem
2976 5247 3267 5316 gloriam;
3292 5244 3591 5319 sed—olm»-

1945 5327 2067 5388 θεῖν,
2101 5329 2166 5380 ut
2191 5324 2284 5380 vel
2314 5339 2385 5378 ex
2406 5322 2609 5377 lexicis
2634 5318 2886 5384 Constat,
2917 5333 3039 5373 non
3070 5323 3155 5373 est
3170 5319 3388 5386 ﬂorere
3418 5335 3431 5372 ε
3465 5318 3589 5375 imo

1987 5398 2143 5453 otius
2173 5400 2260 5451 est
2286 5395 2672 5463 deﬂorescere
2693 5396 2751 5447 et
2779 5405 3164 5463 marcescere.
3201 5393 3381 5446 Docet
3411 5389 3591 5462 igitur

1987 5413 2143 5453 OUUS
2173 5413 2260 5451 BSt
2286 5413 2672 5463 deflorescere
2693 5413 2751 5447 ει
2779 5413 3164 5446 πιανεεδιἮΓε.
3201 5413 3381 5446 υυυιει
3411 5413 3590 5462 ιδιιυι·

1941 5413 2198 5523 Basilius
2223 5466 2369 5521 nihil
2391 5463 2690 5520 caducum
2712 5463 2918 5532 magni
2935 5461 3279 5518 faciendum
3299 5475 3590 5531 esse,non

1940 5554 2088 5665 opes
2135 5538 2458 5603 humanas,
2504 5551 2628 5590 non
2661 5535 2912 5606 gloriam
2954 5539 3425 5592 marcescentem
3453 5549 3586 5602 nec,

1941 5625 1974 5665 a
2004 5613 2058 5665 ia
2084 5609 2356 5665 eiusdem
2385 5607 2642 5665 generis.

1941 5607 2058 5666 alia
2084 5609 2356 5682 ejusdem
2385 5607 2642 5678 generis.
