4076 6190
484 323 585 380 383

1845 319 1901 375 S.
1943 314 2202 372 BASILII
2237 314 2469 373 MAGNI

3733 323 3844 378 384

486 448 739 505 sauciat.
753 447 926 516 Quod
942 447 1154 504 sibene
1171 449 1226 501 et
1237 445 1255 515 j
1268 447 1409 502 uxta
1424 447 1654 500 rectam
1670 443 1968 500 rationem
1986 458 2134 515 prie-

2246 439 2304 496 δε
2355 441 2525 505 καλῶς
2571 447 2660 497 καὶ
2701 445 2836 498 κατὰ
2877 447 2964 497 τόν
3016 444 3168 518 ὀρθὸν
3197 444 3349 517 λόγον
3401 447 3466 499 τὰ
3495 449 3724 522 παρόντα
3753 467 3848 520 με-

487 539 677 593 sentia
711 543 940 605 tractet,
982 538 1174 608 sitque
1199 534 1587 607 dispensator
1615 534 1920 590 bonorum
1951 548 1987 587 a
2015 535 2134 587 Deo

486 627 862 694 collatorum,
897 642 1004 682 nec
1030 641 1121 693 ea,
1156 624 1280 680 suis
1301 624 1493 695 ipsius
1521 623 1857 679 commodis
1878 638 1949 678 ac
1971 621 2136 677 volu-

484 717 1060 789 ptatiinserviturus,
1084 718 1388 783 congerat,
1411 713 1590 769 laude
1612 716 1670 769 et
1687 728 1893 769 amore
1916 711 2135 782 dignus

486 810 576 861 est
597 806 674 861 ob
701 805 1076 859 dilectionem
1103 803 1163 858 in
1182 802 1394 859 fratres
1426 819 1622 870 suam,
1647 807 1704 858 et
1723 801 1801 857 ob
1821 799 2134 856 liberalem

485 910 556 949 ac
586 893 921 948 beneficam
937 891 1224 947 indolem.
1241 893 1469 946 Rursus
1491 891 1706 964 aliquis
1729 894 1972 963 praestat
1993 905 2131 961 pru-

483 981 706 1048 dentia,
739 987 946 1053 estque
976 981 1403 1037 cohonestatus
1431 981 1711 1036 facultate
1731 979 2021 1052 loquendi
2057 979 2133 1034 de

483 1072 624 1137 Deo,
657 1075 714 1126 et
743 1070 1099 1142 explanator
1125 1075 1210 1126 est
1232 1086 1543 1126 sacrorum
1565 1070 1966 1142 eloquiorum,
1993 1068 2132 1123 huic

483 1175 559 1215 ne
585 1159 892 1227 invideas;
915 1176 1114 1232 neque
1141 1159 1285 1214 velis
1320 1165 1384 1216 ut
1413 1164 1611 1216 taceat
1637 1175 1910 1232 unquam
1937 1173 2134 1213 sacra-

481 1265 619 1304 rum
659 1250 1100 1321 Scripturarum
1147 1249 1461 1321 interpres,
1511 1249 1678 1321 quod
1709 1250 1868 1313 hinc,
1915 1247 2135 1320 Spiritu

483 1339 685 1407 dante,
727 1339 1322 1395 commendationem
1365 1338 1636 1410 aliquam
1664 1338 2026 1410 laudemque
2055 1337 2135 1392 ab

483 1424 870 1480 audientibus
903 1429 1328 1496 consequatur.
1360 1427 1552 1479 Tuum
1575 1424 1738 1479 enim
1765 1428 1851 1480 est
1879 1423 2132 1492 bonum,

485 1517 542 1568 et
563 1513 666 1568 tibi
695 1512 951 1567 missum
984 1517 1070 1568 est
1095 1528 1202 1584 per
1230 1511 1472 1568 fratrem
1499 1513 1783 1569 doctrinae
1810 1528 2055 1584 munus,
2086 1512 2134 1567 si

482 1601 668 1656 modo
689 1601 990 1674 suscipere
1014 1601 1170 1658 velis.
1192 1602 1436 1669 Adhaec,
1459 1601 1686 1658 fontem
1707 1603 2136 1659 scaturientem

483 1691 726 1748 obturat
755 1707 960 1761 nemo,
990 1706 1100 1747 nec
1127 1692 1456 1764 quisquam
1482 1695 1591 1758 est,
1624 1692 1728 1765 qui
1757 1691 1880 1748 sole
1925 1691 2133 1748 illuce-

2243 532 2625 607 ταχειρίζεται,
2677 539 2766 586 καὶ
2822 536 3090 608 οἰκονόμος
3146 535 3254 587 ἐστὶ
3322 545 3422 587 τῶν
3472 539 3615 610 παρά
3681 543 3836 602 Θεοῦ,

2243 622 2369 694 οὑχὶ
2399 619 2457 676 δε
2483 627 2606 698 πρὸς
2639 620 2779 678 ἰδίαν
2825 623 3116 678 ἀπόλαυσιν
3150 626 3480 700 θησαυρίζει,
3515 625 3842 679 ἐπαινεῖσθαι

2241 718 2330 763 καὶ
2376 711 2683 784 ἀγαπᾶσθαι
2728 711 2930 774 δίκαιός
2981 715 3092 766 ἐστι
3151 711 3244 766 διὰ
3296 719 3354 768 τὸ
3397 712 3703 788 φιλάδελφον
3748 719 3844 768 καὶ

2240 807 2536 856 κοινωνικὸν
2584 811 2675 856 τοῦ
2727 809 2938 879 τρόπου.
2990 804 3149 856 Πάλιν
3203 811 3448 878 φρονήσει
3508 825 3583 865 τις
3650 801 3844 878 διαφί-

2239 911 2337 967 ρει,
2396 897 2485 944 καὶ
2530 892 2665 965 λόγῳ
2706 901 2840 947 Θεοῦ
2890 898 3180 966 τετίμηται,
3235 899 3324 946 xui
3382 894 3635 965 ἐξηγητής
3693 894 3842 946 ἐστιν

2243 985 2387 1055 ἱερῶν
2429 981 2614 1053 λογίων
2657 985 2792 1053 (64)·
2833 987 2904 1056 μὴ
2971 985 3234 1057 φθονήσῃς
3277 991 3349 1054 τῷ
3404 987 3640 1055 τοιούτῳ,
3697 980 3844 1056 μηδὲ

2242 1069 2505 1144 βουληθῇς
2550 1091 2674 1124 ποτε
2743 1082 3014 1133 σιωπῆσαι
3059 1077 3147 1126 τὸν
3202 1081 3301 1125 τῶν
3353 1076 3496 1148 ἱερῶν
3545 1074 3841 1146 ὑποφήτην,

2242 1161 2284 1214 εἰ
2332 1169 2393 1233 τῇ
2427 1169 2517 1212 τοῦ
2558 1165 2854 1234 Πνεύματος
2878 1165 3067 1236 χάριτι
3099 1159 3346 1235 ἀποδοχή
3396 1183 3473 1226 τις
3503 1167 3594 1214 καὶ
3633 1165 3844 1226 ἔπαινος

2242 1249 2296 1301 ἐκ
2334 1258 2433 1301 τῶν
2483 1249 2770 1303 ἀκουόντων
2820 1250 3108 1306 ἀκολουθεῖ.
3153 1255 3246 1304 Σὸν
3288 1255 3386 1326 γὰρ
3443 1251 3553 1304 ἐστι
3609 1254 3669 1302 τὸ
3710 1249 3847 1322 ἀγα-

2243 1341 2348 1410 θὸν,
2379 1343 2468 1391 καί
2500 1359 2584 1392 σοι
2631 1340 2862 1413 ἐπέμφθη
2914 1337 3007 1392 διὰ
3032 1348 3123 1393 τοῦ
3178 1337 3401 1414 ἀδελφοῦ
3442 1349 3535 1402 τῆς
3566 1336 3848 1392 διδασκα-

2240 1430 2352 1492 λίας
2389 1434 2446 1483 τὸ
2487 1427 2674 1506 δῶρον,
2723 1431 2806 1484 ἐὰν
2856 1428 3215 1494 ὑποδέξασθαι
3266 1432 3432 1505 θέλῃς.
3484 1429 3630 1499 Εἶτα,
3663 1435 3847 1502 πηγὴν

2242 1522 2331 1592 μεν
2377 1519 2645 1594 βρύουσαν
2698 1518 2872 1583 οὐδεὶς
2917 1520 3224 1596 ἐμφράσσειθ
3276 1527 3367 1573 καὶ
3418 1521 3564 1580 ἡλίου
3604 1521 3847 1595 λάμπον-

2241 1629 2330 1672 τος
2385 1607 2558 1673 οὐδεὶς
2613 1612 2706 1673 τὰς
2764 1610 2909 1682 ὄψεις
2957 1610 3310 1678 ἐπικαλύπτει,
3379 1607 3503 1664 ούδε
3561 1610 3848 1684 βασκαίνει

2243 1699 2466 1762 ἐκείνοις
2493 1701 2626 1771 (65),
2680 1699 2784 1752 ἀλλ’
2822 1700 2987 1771 ἐαυτῷ
3031 1704 3346 1772 συνεύχεται
3389 1701 3482 1760 τήν
3523 1701 3841 1754 ἀπόλαυσιν·

482 1783 683 1835 scente
702 1780 934 1836 obvelet
949 1781 1156 1837 oculos
1173 1786 1298 1849 ,aut
1313 1781 2130 1854 conspicientibusinvideat:

2246 1787 2395 1860 λόγου
2437 1785 2496 1841 δὲ
2547 1797 2896 1863 πνευματικοῦ
2959 1789 3007 1843 ἐν
3067 1789 3354 1862 Ἐκκλησία
3410 1789 3678 1864 βρύοντος,
3747 1795 3844 1844 καὶ

483 1868 591 1924 sed
615 1875 893 1940 precatur
923 1874 987 1925 ut
1013 1869 1124 1926 sibi
1153 1885 1398 1943 quoque
1437 1869 1614 1926 liceat
1648 1870 1742 1926 his
1790 1871 1894 1926 uti.
1940 1874 2135 1944 Atque

483 1959 636 2016 adeo
654 1975 760 2014 cur
776 1959 1071 2032 spirituali
1093 1975 1372 2015 sermone
1393 1960 1456 2015 in
1479 1960 1738 2016 Ecclesia
1750 1961 2133 2026 scaturiente,

484 2049 707 2122 pioque
730 2049 910 2106 corde
936 2066 1010 2106 ex
1033 2050 1285 2123 Spiritus
1301 2049 1478 2106 donis
1502 2066 1564 2106 se
1591 2050 1652 2106 in
1681 2051 1932 2107 modum
1954 2051 2135 2108 fontis

483 2137 850 2205 etfundente,
882 2154 1006 2195 non
1038 2139 1275 2212 praebes
1309 2156 1486 2196 aures
1535 2156 1673 2196 cum
1704 2140 1954 2196 laetitia?
1985 2140 2136 2212 quid

484 2232 656 2299 grato
674 2229 880 2284 animo
905 2245 1029 2285 non
1060 2229 1228 2301 capis
1260 2229 1573 2285 utilitatem
1593 2230 1620 2285 ?
1642 2229 1769 2286 Imo
1800 2235 1853 2286 te
1884 2229 2134 2302 plausus

481 2318 700 2390 pungit
728 2318 1126 2388 audientium,
1148 2318 1457 2390 vellesque
1482 2334 1680 2391 neque
1700 2335 1829 2375 esse
1859 2319 1963 2390 qui
1989 2319 2138 2375 utili-

482 2409 667 2462 tatem
699 2407 1052 2479 perciperet,
1092 2422 1289 2480 neque
1319 2407 1426 2480 qui
1454 2407 1751 2464 laudaret.
1785 2410 1977 2474 Quam
2005 2408 2137 2463 haec

480 2496 766 2553 habitura
789 2501 928 2552 sunt
953 2498 1407 2553 excusationem
1431 2497 1594 2569 apud
1613 2497 1884 2554 cordium
1906 2501 2138 2553 nostro-

479 2601 614 2641 rum
630 2585 938 2656 judicem?
962 2586 1141 2656 Igitur
1163 2585 1380 2642 animas
1406 2585 1638 2643 bonum
1662 2591 1880 2643 natura
1903 2586 2136 2642 bonum

483 2689 612 2730 esse
631 2675 972 2747 putandum
993 2680 1101 2732 est.
1117 2679 1190 2732 At
1209 2693 1351 2732 vero
1375 2692 1515 2732 eum
1541 2676 1647 2748 qui
1666 2676 1889 2732 divitiis
1924 2675 2134 2741 affluit,

484 2769 543 2822 et
595 2765 675 2820 ob
704 2766 1035 2838 potentiam
1065 2770 1122 2822 et
1159 2767 1428 2839 corporis
1459 2767 1690 2822 bonam
1720 2765 2138 2822 habitudinem

483 2868 777 2923 magnum
793 2854 1089 2926 quiddam
1106 2856 1281 2928 sapit,
1299 2861 1478 2928 atque
1491 2857 1582 2912 his
1599 2873 1733 2929 quae
1751 2855 1933 2911 habet
1949 2855 2137 2928 probe

485 2943 692 3007 utitur,
714 2943 958 3013 diligere
990 2961 1100 3017 par
1128 2950 1217 3002 est
1246 2950 1304 3002 et
1327 2945 1670 3014 observare,
1705 2950 1768 3002 ut
1796 2945 2136 3002 communi-
2168 2940 2206 2993 C

481 3031 600 3088 bus
625 3032 753 3088 vitae
782 3032 1199 3090 instrumentis
1228 3034 1611 3103 instructum,
1637 3035 1687 3091 si
1706 3037 1893 3092 modo
1915 3035 2044 3090 haec
2065 3050 2136 3090 ex

482 3119 643 3176 recta
666 3121 895 3177 ratione
921 3121 1263 3194 dispenset:
1294 3124 1377 3180 ita
1408 3129 1472 3180 ut
1499 3125 1898 3197 pecuniarum
1929 3139 2135 3193 eroga-

479 3209 642 3266 tione
657 3210 919 3268 liberalis
933 3211 1010 3267 sit
1027 3212 1088 3267 in
1109 3229 1354 3283 egenos,
1371 3213 1744 3287 inﬁrmisque
1765 3215 1865 3270 det
1885 3228 2135 3286 operam

482 3315 760 3371 corpore.
791 3316 860 3356 ac
893 3305 1076 3357 totam
1097 3302 1393 3374 reliquam
1412 3303 1840 3375 supellectilem
1860 3319 1982 3359 non
2012 3319 2138 3359 ma-

483 3387 574 3459 gis
604 3405 779 3444 suam
821 3404 950 3444 esse
979 3390 1164 3447 ducat
1192 3407 1374 3462 quam
1412 3391 1657 3447 alterius
1690 3391 1956 3462 cujusvis
1985 3391 2136 3447 indi-

483 3479 946 3548 gentis.Contra,
965 3480 1273 3536 hominem
1298 3481 1404 3554 qui
1425 3497 1547 3538 non
1574 3482 1655 3538 ita
1677 3497 1819 3552 erga
1831 3483 1959 3538 haec
1985 3482 2135 3538 affe-

483 3573 616 3624 ctus
639 3571 748 3637 est,
764 3569 1054 3625 miserum
1075 3570 1276 3642 potius
1297 3587 1484 3643 quam
1505 3571 1733 3628 invidia
1745 3573 1999 3643 dignum
2021 3571 2138 3628 exi-

486 3658 728 3715 stimare
751 3661 1055 3727 convenit,
1081 3662 1248 3734 quod
1287 3662 1366 3718 ad
1389 3663 1503 3719 hoc
1535 3668 1599 3719 ut
1623 3664 1820 3720 malus
1849 3665 1926 3720 sit
1953 3664 2137 3720 habet

482 3750 832 3807 occasiones
847 3752 1130 3822 majores.
1148 3753 1271 3808 Hoc
1287 3759 1374 3809 est
1392 3753 1552 3810 enim
1567 3771 1705 3810 cum
1719 3755 1933 3826 majori
1949 3770 2135 3826 appa-

478 3844 613 3896 ratu
642 3856 713 3896 ac
735 3841 944 3898 labore
966 3843 1157 3913 perire
1202 3844 1432 3898 Etenim
1456 3843 1506 3898 si
1525 3843 1744 3900 divitiae
1765 3844 2134 3900 adminicula

483 3935 624 3987 sunt
653 3931 730 3986 ad
753 3931 1128 4002 injustitiam,
1157 3932 1520 3988 miserabilis
1551 3939 1639 3989 est
1667 3935 1836 3989 dives
1862 3951 1875 3998 ;
1904 3935 1996 3990 sin
2021 3949 2130 3990 au-

482 4023 603 4077 tem
633 4021 967 4076 inserviunt
997 4021 1194 4076 virtuti
1226 4022 1592 4092 excolendae,
1627 4023 1830 4078 nullus
1857 4025 2130 4082 estlocus

480 4110 746 4179 invidiae,
769 4127 909 4166 cum
943 4126 1152 4166 earum
1176 4112 1286 4181 97
1317 4111 1659 4166 communis
1692 4113 1910 4168 utilitas
1937 4117 2130 4171 omni-

479 4199 597 4255 bus
634 4204 1028 4272 proponatur,
1062 4199 1175 4255 nisi
1197 4199 1333 4272 quis
1356 4199 1504 4255 forte
1549 4205 1716 4256 tanta
1748 4202 1821 4257 sit
1849 4203 2128 4274 maligni-

483 4293 621 4355 tate,
678 4294 742 4344 ut
789 4289 968 4344 etiam
1015 4288 1128 4344 sibi
1176 4289 1302 4360 ipse
1350 4288 1516 4345 bona
1563 4289 1854 4346 invideat.
1901 4295 1967 4348 Et
2006 4309 2127 4352 uno
2161 4290 2204 4342 D

478 4379 685 4446 verbo,
707 4385 904 4434 mente
926 4395 1109 4451 supra
1137 4395 1230 4435 res
1252 4380 1554 4435 humanas
1585 4386 1809 4445 evecta,
1839 4388 2020 4456 atque
2049 4386 2130 4441 ad

479 4483 692 4523 verum
723 4474 778 4524 et
807 4468 1113 4524 laudabile
1133 4468 1363 4524 bonum
1382 4469 1623 4526 intentis
1646 4471 2130 4541 oculis,multum

482 4555 739 4612 abfuerit
769 4562 832 4612 ut
855 4557 1191 4630 quidquam
1223 4558 1627 4629 periturarum
1655 4575 1724 4614 ac
1757 4565 2131 4620 terrenarum

479 4661 682 4703 rerum
722 4646 966 4702 beatum
998 4664 1066 4702 ac
1098 4647 1496 4704 invidendum
1535 4649 1794 4720 judices.
1829 4655 1974 4707 Nam
2006 4653 2133 4710 ﬁeri

478 4751 604 4793 non
634 4740 828 4808 potest
859 4741 923 4792 ut
942 4736 990 4790 is
1012 4737 1116 4808 qui
1141 4737 1221 4793 ita
1244 4737 1544 4794 animatus
1568 4745 1676 4808 est,
1705 4755 1816 4795 nec
1836 4756 1932 4796 res
1953 4759 2132 4798 mun-

478 4825 672 4883 danas
699 4830 990 4900 tauquam
1019 4826 1271 4883 eximias
1299 4828 1650 4900 admiratur,
1681 4845 1950 4902 unquam
1984 4833 2132 4889 invi-

555 5010 661 5081 (64)
715 5010 855 5079 Reg.
889 5007 1121 5080 primus
1171 5007 1299 5081 icti
1327 5016 1425 5081 τῶν
1472 5010 1614 5060 θείων
1663 5009 1776 5081 λογ.
1813 5010 1958 5066 Editi
1990 5010 2129 5064 ἐστὶν

485 5079 628 5156 ξερῷν
657 5081 840 5156 λογίων
875 5079 1022 5153 {pro
1068 5096 1192 5153 qua
1247 5079 1457 5137 ultima
1485 5096 1631 5136 voce
1687 5079 1786 5136 alii
1825 5083 1946 5138 duo
1985 5100 2131 5138 mss.

481 5153 710 5209 habent
736 5155 920 5224 λόγων.

554 5229 668 5295 (65)
699 5221 868 5290 ιιιυό,
903 5221 1026 5276 οὐδὲ

480 5296 599 5373 _det,
615 5295 1067 5373 subobscurum
1087 5295 1275 5373 videri
1299 5300 1526 5373 potest;
1551 5295 1657 5373 sed
1679 5296 1952 5373 quisquis
1974 5298 2135 5373 hunc

479 5366 682 5440 locum
710 5367 892 5440 paulo
924 5368 1204 5440 attentius
1236 5367 1463 5440 legerit,
1503 5366 1672 5440 facile
1703 5366 1992 5440 intelliget
2018 5368 2133 5422 hoc

483 5436 602 5509 dici
624 5453 659 5491 a
692 5436 926 5504 Basilio,
945 5439 1249 5493 neminem
1271 5437 1540 5493 invidere
1561 5437 1629 5492 iis
1652 5438 1755 5509 qui
1777 5436 1966 5494 solem
1988 5455 2137 5494 con-

482 5508 766 5563 sniciunt.

515 5524 766 5581 piciuni.

555 5581 668 5650 (66)
701 5580 844 5652 Reg.
879 5579 1110 5652 primus
1136 5581 1459 5652 εὐχαρίστως
1485 5577 1644 5652 δέχῃ.

558 5597 668 5650 ωδ)
702 5597 782 5633 ηρ
834 5620 844 5630 .
879 5597 1110 5651 primus
1136 5599 1459 5652 ευχαοιστως
1485 5597 1620 5652 οεχῃ

558 5653 668 5726 (67)
700 5597 865 5708 Coﬁ).
902 5651 1106 5706 tertius
1135 5635 1632 5724 μεγαλοφρονούντα.

1059 5223 1332 5296 βασκαίνει
1365 5223 1587 5288 ἐκείνοις,
1614 5239 1802 5296 neque
1829 5225 1954 5280 illis
1986 5226 2132 5280 invi-

2240 1875 2467 1951 καρδίας
2496 1878 2740 1940 εὐσεϐοῦς
2782 1879 2836 1932 ἑκ
2882 1887 2982 1931 τῶν
3012 1881 3364 1952 χαρισμάτων
3415 1887 3507 1931 τοῦ
3538 1883 3846 1952 Πνεύματος

2239 1968 2609 2038 πηγαξούσης,
2666 1969 2770 2040 οὑχ
2815 1971 3028 2041 ὑπίχεις
3074 1969 3168 2031 τάς
3223 1967 3379 2031 ἀκοὰς
3427 1967 3536 2041 μετ’
3577 1969 3843 2042 εὐφροσύ-

2240 2073 2377 2123 νης;
2429 2057 2522 2110 ούκ
2577 2058 2904 2133 εὐχαρίστως
2951 2054 3193 2131 ὑποδέχῃ
3244 2059 3357 2128 (66)
3404 2062 3498 2116 τὴν
3546 2058 3840 2130 ὡφελειαν;

2242 2146 2397 2200 Ἀλλά
2427 2143 2608 2200 δάκνει
2648 2166 2704 2200 σε
2759 2149 2785 2198 ό
2824 2151 3008 2223 κρότος
3053 2156 3152 2200 τῶν
3190 2146 3500 2213 ἀκουόντων,
3551 2151 3640 2198 καὶ
3684 2145 3846 2199 ἐϐου-

2241 2235 2404 2297 λήθης
2437 2236 2496 2287 ἂν
2535 2241 2667 2309 μήτε
2695 2239 2782 2289 τὸν
2837 2237 3178 2309 ὠφελούμενον
3210 2235 3357 2303 εἶναι,
3407 2242 3541 2310 μήτε
3567 2236 3654 2288 τόν
3684 2239 3846 2288 ἔπαι-

2241 2333 2446 2381 νοῦντα.
2486 2331 2616 2378 Τίνα
2653 2333 2822 2378 ταῦτα
2873 2324 3153 2397 ἀπολογίαν
3210 2325 3313 2388 ἕξει
3366 2325 3450 2378 ἐπὶ
3500 2332 3592 2378 τοῦ
3657 2333 3846 2400 κριτοῦ

2242 2423 2342 2466 τῶν
2426 2411 2657 2488 καρδιῶν
2720 2417 2865 2487 ἡμῶν
2908 2432 2920 2481 ;
2970 2418 3129 2468 Φύσει
3202 2418 3292 2487 μὲν
3349 2411 3437 2466 οὖν
3501 2411 3629 2467 εἶναι
3683 2414 3847 2466 καλὸν

2243 2505 2489 2574 ἡγεῖσθαι
2523 2508 2632 2576 χρὴ
2682 2507 2738 2556 τὸ
2791 2511 2887 2566 τῆς
2921 2503 3110 2576 ψυχῆς
3151 2501 3364 2575 ἀγαθόν’
3396 2507 3482 2555 τὸν
3527 2499 3585 2555 δε
3616 2505 3850 2578 ὑπεραν-

2248 2595 2436 2645 θοῦντα
2481 2601 2553 2663 τῷ
2606 2593 2829 2664 πλούτῳ,
2887 2599 2976 2646 καὶ
3045 2589 3332 2664 δυναστείᾳ
3397 2596 3533 2665 μέγα
3593 2599 3850 2667 φρονοῦν-

2245 2703 2312 2735 τα
2359 2684 2492 2754 (67),
2546 2688 2635 2735 καὶ
2667 2683 2835 2755 εὐεξίᾳ
2890 2687 3146 2755 σώματος,
3180 2687 3270 2735 καὶ
3313 2681 3482 2743 καλῶς
3528 2684 3617 2754 μὲν
3646 2700 3853 2756 κεχρη-

2247 2776 2393 2846 μένον
2441 2774 2518 2835 οἷς
2567 2775 2699 2844 ἔχει,
2746 2771 2952 2845 ἀγαπᾷν
3000 2778 3091 2824 καὶ
3141 2776 3420 2848 περιέπειν,
3471 2774 3542 2833 ὡς
3583 2776 3732 2824 κοινά
3778 2776 3852 2826 τὰ

2246 2869 2336 2914 τοῦ
2397 2860 2516 2934 βίου
2571 2866 2765 2934 ὄργανα
2817 2865 3142 2934 κεκτημένον,
3204 2864 3341 2936 εἴπερ
3395 2858 3462 2920 δὴ
3515 2869 3682 2913 ταῦτα
3730 2862 3851 2932 (68)

2246 2953 2381 3004 κατά
2432 2956 2518 3003 τόν
2570 2954 2720 3027 ὀρθόν
2776 2951 2926 3022 λόγον
2981 2952 3428 3026 μεταχειρίζοιτο·
3490 2955 3559 3013 ὡς
3623 2960 3684 3024 τῇ
3751 2954 3848 3024 μὲν

2245 3052 2343 3094 τῶν
2373 3045 2659 3116 χρημάτων
2707 3047 2945 3116 χορηγίᾳ
2990 3043 3206 3114 ἄφθονος
3249 3039 3376 3094 εἶναι
3405 3049 3508 3103 τοῖς
3556 3039 3843 3115 δεομένοις,

2245 3140 2316 3202 τῷ
2373 3137 2576 3204 σώματι
2630 3128 2689 3184 δε
2742 3133 3030 3204 ὑπηρεσίαν
3086 3135 3338 3204 παρέχειν
3381 3138 3490 3192 τοῖς
3541 3129 3845 3186 ἀσθενοῦσι.

2245 3227 2416 3274 πᾶσαν
2467 3217 2524 3273 δὲ
2571 3225 2665 3279 τὴν
2715 3219 2900 3278 λοιπὴν
2946 3225 3250 3295 περιουσίαν
3316 3221 3373 3272 ού
3427 3219 3616 3293 μᾶλλον
3656 3220 3847 3273 ἑαυτοῦ

2245 3311 2492 3383 νομίζειν,
2534 3311 2563 3368 ἡ
2611 3314 2698 3362 καὶ
2746 3311 3048 3362 οὑτινοσοῦν
3091 3318 3191 3361 τῶν
3251 3306 3610 3383 ἐπιδεομένων·
3653 3313 3741 3362 τὸν
3781 3306 3849 3362 δὲ

2246 3406 2316 3471 μὴ
2378 3401 2510 3452 οὑτω
2576 3403 2706 3473 πρὸς
2757 3408 2925 3451 ταῦτα
2983 3395 3306 3472 διακείμενον
3363 3399 3539 3452 ἄθλιον
3602 3401 3848 3452 τίθεσθαι

2245 3489 2432 3564 μᾶλλον
2494 3490 2523 3548 ἦ
2589 3489 2878 3562 ἐπίφθονον,
2932 3489 2974 3542 εἰ
3022 3490 3265 3562 μείζονας
3307 3489 3420 3561 ἔχει
3467 3490 3576 3560 (69)
3630 3492 3846 3565 πρὸςτό

2245 3584 2404 3642 κακός
2453 3579 2578 3632 εἶναι
2622 3583 2717 3641 τὰς
2762 3577 3016 3651 ἀφορμάς.
3063 3585 3226 3631 Τοῦτο
3265 3581 3367 3652 γάρ
3413 3579 3552 3631 ἐστιν
3597 3579 3651 3631 ἐκ
3675 3579 3850 3631 πλείο-

2244 3691 2327 3732 νος
2388 3678 2482 3730 τῆς
2544 3677 2880 3744 παρασκευῆς
2934 3671 3023 3720 καὶ
3081 3673 3436 3742 πραγματείας
3496 3667 3846 3722 ἀπόλλυσθαι.

2245 3761 2304 3814 Εἰ
2351 3763 2440 3832 μεν
2486 3762 2587 3834 γὰρ
2643 3755 2850 3830 ἐφόδιον
2879 3760 3004 3832 πρὸς
3047 3754 3259 3809 ἀδικίαν
3291 3759 3316 3808 ὁ
3359 3757 3598 3824 πλοῦτος,
3633 3757 3850 3819 ἐλεεινὸς

2245 3852 2269 3902 ὁ
2321 3850 2574 3902 πλουτῶνο
2627 3849 2670 3900 εἰ
2715 3845 2773 3900 δὲ
2821 3850 3085 3922 ὑπηρεσία
3135 3851 3266 3922 πρὸς
3321 3846 3526 3922 ἀρετὴν,
3573 3847 3666 3898 οὐκ
3728 3849 3851 3917 ἔχει

2241 3946 2424 4014 χώραν
2465 3941 2493 3996 ἡ
2553 3936 2840 4010 βασκανία,
2891 3944 3063 3996 κοινῆς
3110 3944 3207 3997 τῆς
3256 3934 3341 3988 ἀπ’
3395 3936 3562 3988 αὐτῶν
3603 3934 3851 4007 ὠφελείας

2241 4030 2410 4082 ἅπασι
2457 4032 2811 4102 προκείμένης·
2854 4025 2986 4084 πλὴν
3034 4026 3076 4078 εἰ
3124 4028 3193 4098 μὴ
3245 4045 3326 4088 τις
3369 4027 3472 4101 οἷρα
3517 4034 3579 4099 τῇ
3636 4045 3852 4100 περιου-

2245 4123 2336 4190 σίᾳ
2388 4127 2478 4190 τῇς
2517 4123 2764 4192 πονηρίας
2817 4120 2905 4167 καὶ
2956 4115 3122 4185 ἐαυτῷ
3165 4115 3448 4188 βασκαίνοι
3478 4124 3577 4167 τῶν
3609 4114 3847 4186 ἀγαθῶν,

2241 4207 2403 4267 Ὀλως
2431 4203 2508 4272 δὲ,
2561 4205 2859 4280 ὑπερκύψας
2903 4212 2974 4274 τῷ
3022 4203 3259 4276 λογισμῷ
3299 4207 3363 4256 τὰ
3404 4203 3718 4277 ἀνθρώπινα,
3753 4209 3855 4258 καὶ

2243 4300 2367 4370 πρὸς
2415 4299 2473 4346 τὸ
2525 4298 2677 4354 ὅντως
2733 4291 2884 4344 καλὸν
2943 4295 3033 4343 καὶ
3089 4292 3349 4344 ἐπαινετόν
3399 4289 3599 4344 ἀπιδὼν
3651 4291 3852 4345 πολλοῦ

2243 4388 2302 4437 οἶν
2346 4404 2398 4436 τι
2447 4381 2581 4444 δέοις
2637 4384 2752 4453 (70)
2805 4401 2904 4433 των
2960 4383 3198 4454 φθαρτῶν
3258 4387 3348 4434 καὶ
3413 4384 3605 4453 γηίνων
3674 4401 3856 4454 μακα-

2245 4478 2425 4548 ριστόν
2484 4473 2600 4543 (71)
2650 4480 2824 4544 κρῖναι
2874 4476 2963 4522 καὶ
3014 4471 3262 4531 ζηλωτόν·
3329 4473 3480 4523 Ούτω
3542 4469 3601 4524 δε
3640 4474 3847 4542 ἔχοντι,

2241 4567 2330 4615 καὶ
2383 4566 2453 4634 μὴ
2514 4563 2577 4619 ὡς
2635 4559 2715 4611 ἐπὶ
2763 4559 3004 4631 μεγάλοις
3061 4558 3463 4632 ἐκπεπληγμένῳ
3511 4569 3615 4620 τοῖς
3653 4580 3854 4634 κοσμι-

2241 4660 2368 4717 κοῖς,
2435 4649 2712 4722 ἀμήχανόν
2757 4667 2879 4700 ποτε
2928 4651 3309 4724 παραγενέσθαι
3356 4653 3442 4701 τὸν
3511 4652 3713 4722 φθόνον.
3785 4655 3857 4706 Εἰ

2244 4741 2302 4796 δὲ
2340 4744 2536 4800 πάντως
2581 4737 2736 4802 δόξής
2785 4739 3070 4812 ἐπιθυμεῖς,
3127 4744 3215 4791 καὶ
3274 4738 3451 4812 βούλει
3489 4748 3590 4791 τῶν
3645 4740 3853 4794 πολλῶν

2244 4831 2674 4908 ὑπερφαίνεσθαι,
2729 4835 2817 4882 καὶ
2863 4825 2958 4882 διὰ
3013 4837 3165 4882 τοῦτο
3225 4829 3320 4881 οὑκ
3388 4828 3552 4901 ἀνέχῃ
3609 4825 3856 4905 δεύτερος

2315 5013 2431 5082 (68)
2465 5008 2619 5066 Editi
2651 5011 2803 5082 duae
2824 5005 2890 5066 δὴ
2917 5007 3069 5082 αὑτά.
3094 5011 3165 5082 At
3194 5023 3345 5082 mss.
3379 5008 3516 5082 εἰπερ
3550 5003 3617 5065 δὴ
3652 5016 3848 5082 ⁸ς·αῦτόι,

2245 5075 2416 5138 Haud
2455 5083 2634 5149 longe
2666 5075 2808 5136 editi
2859 5081 3077 5151 ἄφθονον
3121 5075 3268 5134 εἶναι.
3303 5075 3540 5134 Veteres
3570 5080 3854 5151 quinque

2241 5155 2390 5227 libt‘i‘
2434 5156 2672 5227 ἄφθονος.
2736 5150 3002 5208 Subinde
3063 5165 3220 5206 unus
3270 5167 3387 5208 ms.
3435 5159 3534 5202 τῶν
3567 5150 3850 5224 δεομένωνο

2243 5230 2332 5278 τὸν
2362 5222 2442 5280 δὲ.

2318 5301 2433 5368 (69)
2465 5294 2705 5367 Antiqui
2736 5292 3016 5368 duolibri
3062 5297 3198 5368 ξχοι.

2317 5363 2430 5434 (70)
2458 5367 2580 5422 Cod
2622 5363 2727 5420 7176
2758 5364 2944 5416 πολλοῦ
2975 5364 3034 5415 ἂν
3058 5363 3262 5434 δεήσοι.
3295 5365 3473 5421 Coisl.
3499 5369 3605 5420 230
3626 5365 3852 5430 πολλοῦς

2244 5439 2303 5490 ἀν
2345 5433 2498 5499 δέοις.
2537 5435 2761 5510 Scripsi
2784 5435 2970 5510 πολλοῦ
2999 5439 3058 5487 οἶν
3089 5457 3142 5488 τι
3175 5433 3333 5507 δέοις,
3384 5452 3495 5510 pro
3528 5437 3666 5492 vitio
3701 5441 3854 5495 Gar-

2241 5510 2492 5566 neriano
2523 5504 2710 5561 ml).va
2743 5505 2854 5558 ἀντὶ
2887 5504 3045 5567 δέοις,

2313 5584 2426 5652 (71)
2480 5583 2634 5637 Cave
2666 5579 2925 5652 imiteris
2963 5579 3349 5652 interpretem
3398 5583 3683 5652 veterem,
3739 5584 3854 5652 qui

2244 5649 2424 5710 voces
2478 5655 2805 5728 μακαριστόν
2827 5654 2883 5707 et
2913 5649 3138 5711 ζηλωτόν
3169 5651 3244 5707 de
3274 5651 3550 5725 personis
3589 5649 3851 5724 accepit.
