4076 6190
208 220 317 277 385

1173 219 1465 278 HOMILIA
1502 222 1571 276 IN
1611 218 2015 275 PRINCIPIUM
2053 219 2631 278 PROVERBIORUM.

3477 198 3580 281 ass

208 347 343 398 εῖναι
374 345 510 411 (ἔστι
565 343 668 415 γὰρ
722 338 809 395 οὖν
862 338 933 402 δὴ
981 348 1072 397 καὶ
1124 352 1277 398 τοῦτο
1328 349 1453 420 πρὸς
1496 346 1557 396 τό
1615 346 1813 416 φθονεῖν

1931 342 2038 399 ἀίω
2067 345 2368 401 obnoxius
2396 346 2495 402 sit.
2534 343 2759 431 Quodsi
2789 344 3041 401 omnino
3080 344 3285 416 gloria:
3325 347 3581 419 cupidus

206 432 469 508 ἀφορμὴ),
524 436 590 483 σὺ
648 427 708 483 δέ
755 437 840 485 επὶ
885 437 980 491 τὴν
1026 442 1215 493 κτῆσιν
1269 434 1474 510 ἀρετῆς,
1530 435 1704 508 ὥσπερ
1761 453 1816 486 τι

201 525 395 598 ῥεῦμα,
454 523 669 594 μετάθες
724 530 947 575 σεαυτοῦ
990 526 1103 595 (72)
1150 528 1207 577 τὸ
1261 524 1550 597 φιλότιμον.
1584 528 1669 581 Μὴ
1710 524 1813 597 ’γὰρ

204 614 412 670 πάντως
441 610 681 662 πλουτεῖν
730 610 786 662 ἐκ
840 615 1029 672 παντός
1057 617 1251 687 τρόπου
1294 611 1510 685 βούλου,
1539 609 1678 683 μηδι
1727 610 1814 663 εὐ-

207 697 427 772 δόκιμος
464 695 592 751 εἶναι
635 698 691 750 ἐκ
730 708 829 751 τῶν
877 709 968 753 τοῦ
999 706 1199 774 κόσμου
1230 704 1570 777 πραγμάτων.
1606 700 1682 753 Οὐ
1711 704 1812 775 γὰρ

205 788 289 843 ἐπὶ
342 795 430 841 σοὶ
476 796 648 841 ταῦτα
680 809 693 822 ι
746 786 875 841 ἀλλά
925 787 1127 853 δίκαιος
1174 795 1286 856 ἔσο,
1317 796 1406 844 καὶ
1457 796 1694 867 σώφρων,
1725 794 1815 843 καὶ

206 882 479 954 ῳρόνιμος,
535 883 626 930 καὶ
684 873 942 953 ἀνδρεῖος,
1004 885 1093 934 καὶ
1159 883 1539 954 ὑπομονητικὸς
1605 881 1652 933 ἐν
1708 886 1814 941 τοῖς

203 970 331 1043 ὑπερ
389 966 652 1028 εὐσεϐείας
704 970 1036 1041 παθήμασιν.
1089 971 1242 1027 Οὕτω
1293 974 1394 1046 ⁴γὰρ
1452 975 1541 1023 καὶ
1597 972 1813 1022 σεαυτόν

205 1063 414 1125 σὼσεις,
471 1062 563 1110 καὶ
610 1057 694 1111 ἐπὶ
733 1058 972 1129 μείζοσιν
1024 1058 1237 1131 ἀγαθοῖς
1280 1060 1496 1132 μείζονα
1541 1058 1663 1121 ἕξεις
1717 1063 1811 1117 τήν

202 1150 556 1222 περιφάνειαν.
609 1146 669 1200 Ἡ
723 1149 815 1219 μὶν
870 1150 973 1223 ’γὰρ
1031 1147 1185 1224 ἀρετὴ
1243 1148 1316 1221 ἐφ’
1368 1151 1516 1221 ἡμῖν,
1569 1153 1660 1201 καὶ
1708 1144 1811 1200 δυ-

199 1242 327 1295 νατή
383 1238 648 1295 κτηθῆναι
698 1243 772 1306 τῷ
826 1236 1083 1309 φιλοπόνῳ
1115 1259 1129 1272 ·
1187 1240 1217 1296 ἡ
1271 1233 1329 1290 δὲ
1375 1246 1475 1289 τῶν
1520 1239 1811 1312 χρημάτων

198 1325 476 1402 περιϐολή,
524 1330 616 1379 καὶ
664 1327 778 1401 ὥρα
834 1332 1093 1399 σώματος,
1149 1333 1238 1380 καὶ
1288 1332 1438 1399 ὄγκος
1482 1325 1809 1401 ἀξιωμάτων,

198 1417 293 1470 οὐκ
324 1416 399 1489 ἐφ’
432 1418 583 1488 ἡμῖν.
634 1415 696 1469 Εἰ
740 1420 914 1468 τοίνυν
961 1422 1050 1470 καὶ
1096 1418 1275 1491 μεῖζον
1324 1416 1519 1490 ἀγαθὸν
1574 1419 1603 1475 ἡ
1657 1415 1808 1492 ἀρετὴ

197 1511 287 1559 καὶ
357 1502 753 1580 διαρκέστερον,
817 1511 908 1559 καὶ
964 1506 1340 1581 όμολολυμένην
1401 1509 1545 1582 παρά
1608 1509 1812 1559 πάντων

197 1597 410 1666 ἔχουσα
462 1597 560 1652 τὴν
606 1598 952 1669 προτίμησιν,
979 1598 1174 1654 ταύτην
1231 1600 1356 1669 ἦμεν
1406 1592 1653 1648 διωκτέον
1686 1616 1699 1630 ο
1751 1598 1812 1655 ἣν

1924 448 2008 501 es,
2038 435 2254 508 visque
2273 435 2471 507 magis
2493 450 2681 507 quam
2703 434 2920 503 vulgus
2938 434 3375 501 clarescere,ob
3397 436 3579 509 idque

1923 524 2191 581 secundo
2220 526 2354 582 loco
2387 541 2521 581 esse
2546 541 2668 582 non
2691 525 2985 592 sustines;
3008 541 3153 581 nam
3175 526 3304 582 haec
3324 532 3414 583 est
3433 542 3583 599 quoe

1923 630 2042 687 que
2063 614 2305 671 occasio
2324 614 2631 671 invidendi
2652 631 2664 669 :
2692 619 2752 670 tu
2777 613 2956 686 igitur
2980 615 3249 671 studium
3270 620 3443 673 tuum
3461 616 3581 673 vel-

1924 708 1991 759 ut
2008 703 2302 760 ﬂuentum
2331 704 2646 778 quoddam
2669 707 2950 760 converte
2972 703 3052 759 ad
3073 704 3352 761 virtutem
3379 705 3583 779 acqui-

1922 793 2198 850 rendam.
2227 794 2395 850 Absit
2414 793 2573 850 enim
2596 793 2846 849 omnino
2876 796 2942 847 ut
2960 791 3081 848 ullo
3108 794 3294 850 modo
3323 794 3466 849 velis
3497 795 3585 851 di-

1923 886 2168 949 tescere,
2190 883 2558 956 laudemque
2588 898 2660 939 ex
2681 881 3010 938 mundanis
3049 881 3232 937 rebus
3255 874 3541 954 'quaerere
3566 883 3579 940 !

1923 974 2051 1028 Non
2080 972 2242 1028 enim
2273 972 2335 1028 in
2374 977 2428 1027 te
2467 972 2585 1027 ista
2623 975 2761 1028 sunt
2812 971 2960 1026 sita:
2996 970 3103 1026 sed
3146 969 3346 1041 justus
3375 971 3478 1040 sis,
3525 977 3584 1030 et

1922 1065 2287 1134 temperans,
2312 1065 2371 1117 et
2416 1060 2704 1133 prudens,
2750 1064 2809 1116 et
2851 1058 3037 1126 fortis,
3083 1064 3141 1116 et
3184 1059 3247 1115 in
3290 1062 3583 1133 susceptis

1920 1166 2031 1223 pro
2051 1149 2270 1222 pietate
2290 1149 2599 1206 laboribus
2629 1150 2883 1222 patiens,
2908 1149 2994 1205 Ita
3014 1148 3175 1205 enim
3226 1153 3282 1206 et
3318 1150 3424 1206 tibi
3452 1151 3583 1223 ipse

1921 1239 2308 1312 comparabis
2334 1239 2613 1310 salutem,
2639 1243 2696 1295 et
2724 1238 2803 1294 ob
2824 1238 2991 1294 bona
3012 1238 3247 1309 majora
3284 1239 3581 1310 majorem

1920 1328 2252 1384 claritatem
2273 1343 2665 1401 consequere.
2682 1330 2830 1383 Nam
2862 1342 3048 1399 penes
3068 1342 3181 1383 nos
3209 1331 3298 1383 est
3316 1328 3585 1398 virtus,et

1921 1434 1958 1474 a
1995 1416 2266 1473 studioso
2303 1421 2500 1489 potest
2540 1416 2803 1489 acquiri:
2852 1419 3081 1479 contra,
3113 1415 3459 1472 divitiarum
3488 1433 3584 1474 co-

1920 1507 2043 1580 pia,
2067 1506 2364 1577 elegantia
2393 1507 2750 1579 corporis,et
2778 1506 3142 1576 dignitatum
3163 1506 3499 1579 amplitudo
3521 1507 3584 1564 in

1920 1601 2129 1653 nostra
2165 1611 2288 1652 non
2310 1599 2451 1651 sunt
2478 1599 2793 1668 potestate.
2817 1596 2875 1650 Si
2895 1594 3076 1667 igitur
3100 1595 3284 1651 virtus
3306 1600 3363 1651 et
3381 1596 3582 1666 majus

197 1683 507 1755 ἐγγενέσθαι
554 1690 618 1754 τῇ
672 1682 856 1755 ψυχῇ,
901 1682 1001 1737 ἀπό
1051 1703 1107 1738 τε
1156 1693 1257 1737 τῶν
1299 1684 1463 1737 ἄλλων
1508 1686 1686 1738 παθῶν
1725 1689 1814 1737 καὶ

1931 1686 2155 1743 bonum
2180 1684 2253 1740 sit
2281 1688 2339 1740 et
2356 1684 2708 1758 perennius,
2736 1689 2919 1757 atque
2948 1683 3373 1740 conﬁtentibus
3393 1685 3587 1741 omni-

195 1772 433 1846 μάλιστα
481 1768 552 1829 δὴ
601 1773 808 1824 πάντων
835 1773 948 1845 (73)
973 1771 1073 1827 ἀπό
1116 1782 1210 1835 τῆς
1254 1772 1546 1847 βασκανίας
1597 1778 1667 1847 μὴ
1712 1793 1813 1826 κα-

198 1863 529 1937 θαρευούσῃ,
572 1859 871 1934 ἀμήχανον.

1922 1777 2059 1843 bus,
2106 1774 2325 1845 majori
2360 1773 2423 1830 in
2452 1773 2645 1846 pretio
2693 1773 3011 1843 habeatur,
3058 1790 3130 1830 ea
3167 1774 3344 1830 nobis
3375 1789 3579 1846 perse-

1922 1865 2172 1941 quenda
2201 1869 2326 1922 est:
2380 1880 2519 1938 qua;
2559 1863 2676 1921 nisi
2724 1880 2864 1921 cum
2890 1864 3194 1937 areliquis
3223 1863 3410 1933 vitiis,
3456 1869 3586 1923 tum

195 1950 481 2009 omnium
509 1949 591 2008 ab
619 1950 852 2007 invidia
876 1956 1189 2024 purgetur,
1221 1952 1428 2010 animo
1470 1952 1814 2025 ingenerari
1843 1973 1968 2016 non
1997 1959 2214 2030 potest.

268 2047 322 2098 6.
355 2042 484 2113 Οὐχ
536 2042 659 2116 ὁρᾷς
711 2041 891 2099 ἡλίκον
938 2046 1094 2097 κακὸν
1125 2046 1156 2103 ἠ
1191 2044 1505 2120 ὑπόκρισις;
1540 2048 1641 2097 Καὶ
1678 2042 1814 2102 «om

198 2136 394 2208 καρπός
442 2131 559 2184 ἐστι
604 2138 697 2184 τοῦ
734 2131 946 2204 φθόνου.
978 2136 1047 2186 Τό
1099 2136 1201 2209 γὰρ
1254 2130 1471 2186 διπλοῦν
1517 2141 1610 2186 τοῦ
1657 2134 1814 2195 ἤθους

202 2226 255 2279 ἐκ
308 2227 500 2298 φθόνον
549 2223 787 2297 μάλιστα
842 2233 948 2287 τοῖς
1002 2224 1289 2302 ἀνθρώποις
1338 2226 1617 2300 ἐγγίνεται,
1667 2228 1811 2295 ὅταν,

203 2318 262 2368 τό
310 2322 473 2387 μῖσος
520 2313 570 2366 ἐν
622 2321 696 2384 τῷ
757 2312 912 2387 βάθει
953 2320 1280 2388 κατέχοντες,
1339 2314 1515 2390 ἀγάπῃ
1571 2312 1814 2370 δεικνύω-

204 2421 260 2457 σι
289 2405 410 2475 (74)
441 2407 957 2479 κατακεχρωσμένην
1012 2409 1106 2463 τὴν
1159 2404 1453 2478 ἐπιφάνειαν
1481 2426 1495 2439 ο
1547 2407 1683 2458 κατά
1724 2407 1814 2466 τὰς

200 2493 425 2566 {quibus
501 2496 712 2568 πέτρας,
754 2493 830 2562 αῖ,
898 2492 1097 2569 βραχεῖ
1175 2490 1338 2547 ὕδατι
1402 2494 1813 2568 καλυπτόμεναι,

201 2585 367 2635 κακόν
422 2579 751 2657 ἀπροόρατον
802 2589 909 2643 τοῖς
962 2581 1269 2655 ἀφυλάκτοις
1310 2589 1560 2656 γίνονται.
1593 2584 1653 2639 Εἰ
1697 2588 1814 2638 τοί-

203 2694 293 2725 νυν
356 2676 453 2725 καὶ
522 2674 738 2733 θάνατος
816 2673 943 2745 ἡμὶν
1008 2672 1194 2726 ἐκεῖθεν
1273 2676 1446 2750 ὥσπερ
1523 2674 1578 2728 ἐκ
1642 2682 1815 2748 πηγῆς

207 2760 457 2836 ἕπερῥὺη,
522 2759 730 2832 ἀγαθῶν
787 2764 1063 2835 ἔκπτωσις,
1125 2770 1260 2817 Θεοῦ
1320 2762 1678 2840 ἀλλοτρίωσις,
1740 2767 1816 2818 θε-

207 2860 350 2924 σμῶν
384 2852 678 2922 σύγχυσις,
708 2855 799 2903 καὶ
830 2849 1095 2927 ἀνατροπὴ
1142 2855 1347 2906 πάντων
1397 2855 1528 2927 ὁμοῦ
1575 2862 1677 2907 τῶν
1725 2874 1816 2908 κα-

1995 2051 2048 2102 ϐ.
2080 2049 2296 2101 Annon
2321 2042 2494 2100 vides
2514 2046 2812 2116 quantum
2844 2041 3076 2099 malum
3100 2042 3444 2115 hypocrisis
3474 2043 3586 2101 sit?

1924 2138 1993 2192 Et
2012 2134 2141 2190 haec
2178 2132 2417 2190 invidias
2464 2132 2698 2189 fructus
2727 2136 2836 2190 est.
2870 2136 3019 2189 Nam
3040 2131 3265 2189 invidia
3320 2133 3588 2190 maxime

1923 2224 2198 2281 animum
2219 2221 2525 2295 duplicem
2546 2221 2703 2279 indit
2730 2221 3103 2292 hominibus,
3126 2222 3421 2295 quoniam
3446 2239 3588 2280 cum

1922 2313 2064 2372 odio
2092 2313 2255 2370 intus
2280 2312 2543 2384 detento,
2578 2312 2965 2384 superﬁciem
3014 2312 3349 2385 quamdam
3388 2313 3587 2370 colore

1922 2420 1994 2461 ac
2011 2402 2210 2476 specie
2230 2401 2536 2459 charitatis
2556 2401 2889 2459 obductam
2911 2402 3392 2471 ostendunt,non
3417 2402 3589 2459 aliter

1924 2496 2106 2567 atque
2145 2491 2402 2548 latentes
2428 2490 2492 2546 in
2528 2490 2685 2547 mari
2723 2490 2977 2563 scopuli,
3005 2491 3111 2563 qui
3135 2489 3377 2548 modica
3423 2506 3588 2563 aqua

1923 2581 2200 2649 contecti,
2230 2578 2631 2652 improvisum
2655 2579 2888 2635 malum
2909 2578 3165 2635 incautis
3183 2579 3588 2636 inferunt.lta—

1922 2687 2043 2745 que
2071 2670 2123 2726 si
2145 2669 2306 2726 illinc
2331 2668 2512 2741 quasi
2557 2684 2632 2724 ex
2661 2667 2825 2725 fonte
2864 2672 3110 2724 emanat
3136 2668 3199 2725 in
3236 2684 3351 2725 nos
3398 2683 3588 2740 mors,

1923 2760 2230 2818 bonorum
2248 2758 2509 2830 jactura,
2536 2756 2901 2814 abalienatio
2923 2773 2959 2814 a
2982 2759 3121 2825 Deo,
3148 2756 3353 2828 legum
3384 2757 3590 2814 confu-

1927 2851 2040 2921 sio,
2098 2855 2156 2906 et
2206 2847 2483 2906 omnium
2513 2846 2697 2904 simul
2731 2846 3039 2904 bonorum
3069 2846 3150 2903 ad
3180 2846 3366 2904 vitam
3410 2847 3588 2920 perti-

203 2942 271 2992 τὰ
314 2942 405 2991 τόν
460 2938 578 3011 βίον
631 2938 800 2991 καλῶν
835 2960 847 2974 ·
895 2943 1187 3015 πεισθῶμεν
1234 2950 1306 3013 τῷ
1353 2942 1678 3016 Ἀποστόλῳ,
1726 2948 1817 2997 καὶ

1931 2940 2196 2997 nentium
2222 2937 2477 3005 eversio,
2501 2952 2738 2993 morem
2761 2952 3047 3008 geramus
3071 2936 3381 3009 Apostolo,
3416 2941 3473 2994 et
3501 2938 3592 2995 Ne

205 3034 291 3087 ὶιὴ
335 3029 611 3101 γενώμεθα
636 3025 923 3096 κενόδοξοι,
957 3030 1207 3093 ἀλλήλους
1235 3031 1649 3108 προκαλούμενοι
1680 3035 1814 3107 (75),

211 3118 447 3177 ἀλλήλοις
474 3119 775 3191 φθονοῦντες
804 3139 818 3153 ο
854 3117 982 3172 ἀλλὰ
1009 3120 1197 3193 μᾶλλον
1226 3126 1487 3197 χρηστοὶ,
1516 3121 1821 3195 εὔσπλαγχ-

211 3227 311 3278 νοι,
353 3208 706 3283 χαριζόμενοι
756 3208 975 3278 ἑαυτοῖς,
1020 3212 1086 3270 ὡς
1145 3216 1235 3264 καὶ
1282 3213 1308 3264 ὁ
1354 3215 1480 3273 Θεὸς
1528 3212 1821 3287 ἐχαρίσατο

212 3298 356 3369 ἡμῖν,
410 3297 460 3349 έν
509 3304 729 3372 Χριστῷ
774 3297 955 3357 Ἰησοῦ
1008 3306 1081 3369 τῷ
1133 3304 1308 3373 Κυρίῳ
1352 3302 1521 3373 ἡμῶν,
1552 3300 1665 3373 μεθ’
1696 3301 1757 3354 οὗ
1786 3302 1817 3360 ἠ

216 3377 342 3444 δόξα
388 3389 464 3453 τῷ
512 3386 683 3457 Πατρῖ
714 3385 810 3435 σὺν
840 3390 913 3455 τῷ
940 3380 1074 3456 ἁγίῳ
1103 3386 1368 3457 Πνεύματι
1396 3385 1464 3447 εἰς
1486 3389 1603 3447 τοὺς
1634 3384 1823 3449 αἰῶνας

212 3478 310 3523 τῶν
592 3469 781 3544 Ἀμήν.

750 3736 997 3787 omum
1034 3731 1107 3788 ω’
1147 3735 1282 3808 (76).

502 3816 591 3880 Εἰς
617 3823 711 3880 τήν
742 3818 919 3897 ἀρχὴν
948 3832 1047 3875 τῶν
1073 3831 1374 3902 Παροιμιῶν
1392 3826 1531 3899 (77).

282 3924 334 3984 1.
376 3925 606 3999 ’Δγαθός
654 3930 681 3982 ὁ
727 3937 821 3990 τῆς
868 3929 1149 3994 εὐπειθείας
1186 3936 1393 4006 μισθός.
1420 3936 1817 4009 ’Υπακούσωμεν

213 4023 385 4071 τοίνυν
432 4026 665 4093 χρηστῷ
713 4025 904 4096 Πατρὶ,
935 4021 1279 4097 προϐάλλοντι
1332 4027 1456 4099 ἡμῖν
1510 4025 1820 4100 ἀγωνίσμα-

1928 3030 2268 3101 efﬁciamur
2302 3028 2506 3084 inanis
2552 3028 2767 3098 gloriae
2818 3027 3044 3097 cupidi,
3091 3029 3343 3085 invicem
3374 3043 3591 3097 provo-

1929 3124 2153 3182 cantes,
2182 3117 2430 3173 invicem
2452 3116 2785 3172 invidentes
2808 3118 2849 3152 ⁶¹
2883 3130 2896 3181 ;
2928 3113 3038 3170 sed
3066 3116 3265 3187 potius
3302 3116 3589 3186 Benigni,
3624 3128 3627 3131 λ

1928 3206 2358 3274 misericordes,
2420 3206 2715 3262 donantes
2780 3205 3247 3274 nobismetipsis,
3312 3206 3469 3261 sicut
3533 3212 3590 3263 et

1928 3299 2086 3356 Deus
2111 3296 2357 3353 donavit
2380 3294 2549 3350 nobis
2570 3296 2642 3360 δ’,
2663 3294 2987 3364 ὶιιζοῑιινίεῐο
3005 3296 3144 3350 Jesu
3173 3293 3430 3351 Domino
3453 3310 3591 3352 nos-

1928 3390 2043 3455 tro,
2072 3400 2341 3459 quocum
2377 3383 2454 3440 sit
2493 3382 2688 3453 gloria
2716 3383 2876 3440 Patri
2907 3398 3033 3441 una
3060 3399 3196 3441 cum
3221 3387 3433 3443 sancto
3464 3384 3590 3458 Spi-

1928 3476 2070 3546 ritu,
2085 3475 2148 3532 in
2176 3472 2400 3531 saecula
2425 3471 2810 3530 seculorum.
2839 3475 3052 3529 Amen.

2531 3731 2826 3792 HOMILIA
2871 3733 2986 3789 XII.

2272 3824 2349 3881 1n
2372 3823 2748 3895 principium
2772 3822 3253 3881 Proverbiorum.

2002 3937 2054 3990 1.
2081 3931 2313 3991 Eximia
2331 3937 2418 3989 est
2438 3932 2797 3989 obedientiae
2825 3947 3076 3988 merces.
3096 3931 3468 3990 Obediamus
3488 3931 3593 4005 igi-

1927 4027 2024 4081 tur
2044 4023 2310 4093 benigno
2342 4021 2517 4091 Patri,
2540 4022 2873 4078 certamina
2901 4021 3080 4079 nobis
3109 4025 3290 4095 atque
3311 4021 3593 4080 exercitia

210 4126 278 4160 τα
318 4108 377 4160 ἐκ
426 4116 530 4160 τῶν
580 4107 767 4181 λογίων
791 4117 883 4162 τοῦ
926 4115 1220 4186 Πνεύματος
1243 4133 1256 4148 ο
1308 4114 1360 4175 ὃς
1397 4118 1532 4169 κατὰ
1576 4120 1694 4177 τοὺς
1736 4116 1818 4190 ἑμ-

1931 4129 2001 4170 ex
2027 4112 2280 4186 Spiritus
2309 4110 2569 4168 oraculis
2591 4111 2954 4184 proponenti
2981 4126 2994 4165 :
3029 4112 3136 4185 qui
3178 4127 3343 4167 more
3375 4111 3593 4185 perito-

214 4202 425 4272 πεῖρους
471 4203 574 4249 τῶν
642 4198 904 4272 θηρευτῶν
969 4199 1020 4253 ἐν
1083 4198 1373 4265 δυσϐάτοις
1426 4209 1667 4281 χωρίοις,
1715 4206 1821 4258 οἷον

220 4285 482 4347 σκύλακός
538 4304 696 4357 τινος,
743 4292 838 4346 τὴν
897 4297 1080 4365 πεῖραν
1136 4300 1230 4345 τοῦ
1289 4289 1489 4368 δρόμου
1545 4293 1821 4367 λαμϐάνειν

220 4374 491 4449 βούλεται.
546 4376 802 4453 Προέϐαλε
851 4375 911 4433 ὄ⁸⁴ε
957 4383 1083 4455 ἡμῖν
1132 4383 1201 4444 εἰς
1252 4383 1502 4456 ἐξήγησιν
1550 4390 1610 4438 τὸ
1646 4392 1824 4462 προοί-

218 4485 337 4538 ρων
383 4474 488 4519 τῶν
538 4471 861 4540 Παροιμιῶν.
886 4475 1061 4532 Ὅπως
1117 4467 1178 4525 δέ
1231 4468 1566 4551 δυσθήρατος
1611 4481 1703 4537 τῆς
1748 4475 1824 4530 λέ-

289 4609 335 4647 ⁶¹
370 4608 562 4667 Galat.
594 4613 773 4682 v,26.
856 4612 906 4651 ⁸³
936 4612 1154 4687 Ephes.
1182 4629 1260 4689 ιν,
1291 4620 1379 4674 32.

440 4756 588 4831 Εἴθε.
617 4753 851 4831 primus
876 4759 1088 4831 μετάθες
1113 4766 1334 4831 σεαυτῷ.

287 4827 402 4910 (Ξ
431 4825 1124 4910 Qolbfprimus‘palmgd
1150 4850 1212 4910 γε
1243 4825 1468 4887 παντων.

292 4899 410 4969 (74)
440 4898 691 4969 Antiqui
713 4898 836 4969 duo
863 4898 1000 4957 libri
1040 4898 1362 4958 δεικνύουσι.

442 4968 590 5050 Reg.
629 4968 866 5050 primus
895 4970 1142 5050 ἀλλήλους
1178 4973 1645 5050 παρακαλορμνοι.
1677 4972 1831 5050 Ερίιὶ

228 5035 480 5112 ἀλλήλους,
515 5035 835 5112 ῥθοαὶοῡντες.
877 5045 947 5099 At
977 5060 1120 5099 mss.
1154 5035 1272 5101 ιτεὲ
1320 5035 1573 5107 ἀλλήλοις.
1617 5047 1682 5101 In
1708 5045 1830 5102 ﬁne

226 5110 529 5192 orationis
567 5110 665 5192 s_i_c_
693 5112 811 5192 hic_
843 5112 1034 5192 habet
1065 5117 1204 5187 Reg.
1250 5116 1555 5192 secundus
1589 5132 1602 5171 :
1652 5121 1830 5192 ξςυρίῳ

228 5179 460 5261 ἡμῶν,λρ
490 5186 519 5242 ἦ
566 5179 702 5261 δόξα
728 5188 820 5237 καὶ
845 5189 904 5237 τό
934 5188 1120 5261 κράτος
1147 5179 1235 5239 νῦν
1265 5192 1355 5240 καὶ
1386 5188 1453 5249 εἰς
1475 5193 1594 5249 τοὺς
1620 5179 1826 5248 αἰῶνας.

294 5254 411 5334 ς’ῖῤ)
439 5256 503 5310 In
531 5254 1038 5334 quodamcodi'ce
1061 5258 1683 5334 Colb_ertino,numer_o
1703 5263 1829 5327 499,

228 5323 524 5404 scholium
539 5323 748 5404 notata
762 5326 1184 5404 dignissimum
1197 5323 1833 5404 invenimus.Pr_imum

229 5395 287 5449 in
311 5395 438 5473 ima
464 5398 762 5473 marginis
794 5395 964 5473 parte
986 5401 1070 5457 ita
1087 5401 1332 5473 legitur,
1343 5402 1558 5473 σχόλιον
1582 5419 1596 5469 ;
1616 5402 1834 5458 deinde

232 5468 498 5549 sequitur
517 5487 544 5549 ,ε
593 5470 763 5549 Οὗτος
794 5468 841 5549 ’ό
888 5470 1035 5542 λόγος
1074 5468 1264 5549 έρῥῇθη
1316 5468 1713 5549 ἐπῖνπαρουσίᾳ
1740 5480 1832 5525 τοῦ

234 5530 405 5613 ἅγιον,
438 5541 716 5613 Hilarion,
774 5530 1343 5620 αὐτοῦ’προτρέψαντός
1367 5566 1379 5580 ο
1430 5530 1641 5599 ετι’τοῦ
1679 5530 1837 5617 ἀγίου

1927 4219 2067 4259 rum
2095 4206 2452 4259 venatorum
2478 4201 2539 4256 in
2558 4200 2706 4257 locis
2726 4199 3036 4257 dtfﬁcilem
3067 4200 3297 4257 aditum
3319 4200 3590 4257 habenti-

1928 4291 2198 4361 bus,vult
2213 4291 2388 4364 quasi
2408 4290 2591 4348 catuli
2615 4289 3138 4365 alicujuscursum
3161 4291 3437 4364 experiri.
3452 4293 3594 4348 Pro-

1929 4380 2281 4439 verbiorum
2293 4384 2498 4436 autem
2513 4379 2879 4452 principium
2893 4379 3069 4436 nobis
3081 4380 3594 4454 proposuitexpo-

1932 4470 2428 4535 nendum.Quam
2450 4473 2655 4527 autem
2675 4469 2897 4528 horum
2917 4469 3246 4528 verborum
3265 4470 3597 4542 intelligen-

1935 4756 2206 4812 Βασιλείου
2266 4750 2543 4809 διακόνοῶ
2564 4758 2723 4817 ὄντος.
2753 4756 2871 4814 Hic
2920 4772 3112 4814 sermo
3149 4758 3345 4815 dictus
3374 4764 3462 4817 est
3505 4773 3596 4817 co-

1934 4846 2070 4886 rum
2103 4834 2311 4887 sancto
2342 4829 2600 4898 Meletio,
2634 4829 2820 4898 ipsius
2878 4828 3142 4897 hortatu,
3174 4846 3307 4886 cum
3353 4834 3594 4886 sanctus

1933 4902 2204 4958 Basilius
2235 4900 2438 4957 adhuc
2484 4900 2775 4956 diaconus
2823 4906 2994 4957 esset.
3030 4901 3173 4970 Ejus
3199 4905 3401 4970 autem
3424 4900 3597 4957 scho-

1934 4971 1997 5028 lii
2027 4975 2354 5028 auctoritas
2402 4986 2477 5043 eo
2532 4971 2938 5043 majorvideri
2976 4969 3175 5039 debet,
3197 4969 3363 5043 quod
3401 4971 3595 5028 codex

1939 5042 2339 5109 Colbertinus,
2372 5050 2438 5098 ut
2465 5042 2527 5097 in
2566 5040 2686 5096 ﬁne
2735 5040 2869 5097 libri
2924 5045 3187 5108 notatur,
3215 5040 3453 5097 decimo
3486 5058 3595 5099 saa-

1939 5113 2078 5170 culo
2128 5113 2390 5193 scriptus
2447 5113 2538 5193 sit,
2583 5127 2748 5193 anno
2804 5110 3230 5193 videlicet‘tlﬂ.
3280 5112 3473 5193 lﬁolim
3504 5119 3595 5170 ta-

1939 5201 2080 5267 men
2134 5181 2682 5265 proptereastatim
2705 5181 2917 5263 credas
2946 5182 3225 5238 Basilium
3267 5182 3597 5268 diaconum

1940 5256 2144 5337 tuisse,
2167 5272 2307 5337 cum
2332 5255 2521 5337 dubia
2548 5269 2643 5309 res
2672 5257 2747 5308 sit
2790 5257 2848 5308 et
2875 5258 3121 5310 incerta.
3163 5256 3243 5310 De
3271 5255 3367 5312 his
3404 5255 3598 5315 fusms

1941 5328 2006 5384 in
2040 5327 2171 5383 Vita
2199 5326 2440 5383 Basilii.

2014 5400 2130 5475 (77)_
2145 5399 2441 5475 Veterem~
2452 5393 2923 5475 translationem
2976 5394 3175 5454 Ruﬁni
3200 5397 3393 5457 habes
3415 5398 3596 5475 infra,

1941 5470 2089 5529 tomi
2116 5470 2299 5543 hujus
2322 5484 2386 5541 p,
2410 5470 2539 5524 730.
