4076 6190
483 257 591 312 387

1834 242 1892 299 S.
1934 240 2188 297 BASlLll
2229 241 2449 298 MAGNI

3733 245 3848 302 388

482 380 566 436 tia
589 379 772 449 captu
793 372 1053 431 difﬁcilis
1081 371 1170 432 sit,
1205 369 1446 427 cuilibet
1464 368 1560 425 vel
1598 366 1919 440 paululum
1945 369 2130 421 atten-

2247 364 2360 427 ξεως
2426 367 2618 427 ταύτης
2670 367 2696 418 6
2748 373 2880 430 νοῦς,
2940 370 3096 418 παντὶ
3159 371 3419 440 γνώριμον
3471 373 3544 437 τῷ
3592 371 3680 419 καὶ
3746 388 3848 439 μι-

482 467 647 524 denti
668 469 1048 538 perspectum
1091 465 1204 516 est.
1239 463 1663 515 Verumtamen
1712 457 1839 512 sine
1870 471 2041 510 mora
2078 457 2135 509 et

484 554 864 613 cunctatione
889 555 1122 623 oportet
1164 564 1292 603 rem
1336 547 1604 617 aggredi,
1637 561 1741 618 spe
1769 545 1831 600 in
1882 542 2133 599 Domino

484 641 910 714 collocata,qui
937 638 1194 712 pastoris
1219 637 1499 709 precibus
1521 635 1690 692 dabit
1712 634 1888 690 nobis
1909 647 2134 688 sermo-

483 751 625 791 nem
650 733 712 788 in
742 731 1052 802 apertione
1082 727 1203 782 oris
1229 726 1417 782 nostri
1438 727 1505 780 ⁵³.
1539 729 1667 781 Non
1700 722 1961 796 amplius
2014 726 2133 776 tres

485 818 913 894 sapientissimi
951 815 1290 873 Salomonis
1321 814 1508 871 libros
1555 814 1856 878 novimus,
1899 815 2137 867 Prover-

482 911 746 978 biorum,
765 907 1138 962 Ecclesiastes
1161 910 1217 960 et
1243 904 1465 961 Cantici
1492 903 1888 972 canticorum,
1921 915 2135 956 unum-

482 1012 788 1072 quemque
819 996 899 1051 ad
921 993 1236 1067 proprium
1259 1009 1514 1065 scopum
1545 995 2135 1064 spectantem,quan-

481 1103 669 1159 quam
696 1101 910 1142 omnes
954 1083 1074 1155 98
1121 1082 1198 1139 ad
1238 1082 1556 1138 hominum
1602 1080 1914 1136 utilitatem
1959 1093 2136 1134 cons-

482 1176 654 1248 cripti
684 1173 1239 1231 sunt.Proverbium
1262 1172 1423 1228 enim
1451 1187 1691 1227 morum
1723 1168 2133 1236 estinstitutio,

481 1271 539 1323 et
563 1265 851 1322 correctio
876 1263 1233 1330 affectuum;
1264 1263 1405 1318 etin
1431 1260 1835 1324 summa,vita3
1851 1264 1942 1316 est
1964 1259 2138 1314 disci-

479 1353 881 1425 plina,eorum
900 1367 1036 1422 quas
1063 1351 1303 1421 agenda
1329 1349 1924 1422 sunt,pra2ceptiones
1951 1363 2134 1403 sanas

480 1459 554 1499 ac
576 1443 854 1499 cordatas
882 1439 1699 1512 complectens.Ecclesiastes
1721 1455 1863 1495 vero
1889 1437 2136 1511 physio-

477 1532 702 1602 logiam
729 1529 1284 1602 attingit,nobisque
1303 1546 1513 1586 eorum
1533 1546 1669 1602 quae
1689 1529 1751 1585 in
1772 1529 1883 1584 hoc
1907 1527 2134 1583 mundo

481 1624 624 1676 sunt
644 1619 963 1675 vanitatem
989 1617 1272 1691 patefacit
1296 1637 1310 1686 ;
1335 1625 1495 1676 utne
1521 1625 1802 1690 putemus
1823 1634 1918 1674 res
1941 1617 2135 1673 ﬂuxas

2242 460 2364 531 κρὸν
2421 457 2534 526 (78)
2581 455 2948 514 ἐπιστήσαντι.
3003 455 3142 515 Πλὴν
3194 455 3288 508 οὐκ
3351 453 3664 514 ἀποκνητέον
3716 459 3850 530 πρὸς

2242 551 2337 604 τὴν
2367 546 2695 621 ἐγχείρησιν,
2728 551 2819 604 τὴν
2867 541 3054 598 ἐλπίδα
3084 547 3317 618 θεμένους
3365 545 3448 598 ἐπὶ
3495 549 3583 598 τὸν
3631 548 3847 619 Κύριον,

2244 635 2314 704 ὃς,
2363 632 2456 688 διὰ
2503 644 2602 688 τῶν
2654 644 2966 710 προσευχῶν
3023 642 3115 687 τοῦ
3166 639 3420 707 ποιμένος,
3474 631 3638 687 δώσει
3687 633 3849 706 λόγον

2243 727 2368 797 ἡμῖν
2418 725 2465 777 ἐν
2519 723 2708 787 ἀνοίξει
2756 733 2847 778 τοῦ
2899 729 3155 797 στόματος
3207 727 3374 797 ἡμῶν.
3406 731 3553 800 Τρεῖς
3607 726 3698 786 τας
3744 727 3850 778 πά-

2247 834 2339 876 σας
2385 818 2604 888 ἔγνωμεν
2662 820 3020 890 πραγματείας
3070 823 3161 868 τοῦ
3218 816 3520 887 σοφωτάτου
3581 815 3849 887 Σολομῶν-

2243 925 2327 966 τος
2351 926 2364 938 ο
2397 910 2490 964 τὴν
2516 925 2569 958 τε
2610 913 2709 958 τῶν
2742 913 3041 980 Παροιμιῶν
3072 907 3285 977 τούτων,
3336 909 3426 957 καὶ
3468 909 3562 963 τὴν
3611 912 3703 957 τοῦ
3746 911 3850 958 Εκ-

2243 994 2590 1062 κλησιαστού,
2649 999 2745 1047 καὶ·
2786 1000 2879 1054 τὴν
2930 1002 3022 1048 τοῦ
3070 994 3337 1068 ”ᾼσματος
3383 1003 3483 1047 τῶν
3542 993 3790 1067 ᾀσμάτων
3827 1014 3844 1028 ο

2245 1084 2470 1143 ἑκάστην
2517 1088 2642 1160 πρὸς
2694 1081 2832 1137 ἴδιον
2895 1088 3088 1138 σκοπὸν
3145 1089 3558 1158 συντεταγμένην
3580 1104 3606 1161 .-
3665 1089 3847 1136 πᾶσαι

2243 1179 2416 1248 μέντοι
2473 1173 2548 1228 ἐπ’
2615 1173 2829 1247 ὠφελείᾳ
2891 1182 2990 1226 τῶν
3063 1172 3342 1249 ἀνθρώπων
3407 1173 3727 1248 ἐγράφησαν.
3780 1173 3848 1226 Ἠ

2245 1269 2333 1338 μὲν
2372 1269 2473 1341 γὰρ
2502 1269 2768 1340 Παροιμία
2818 1261 3097 1324 παίδευσίς
3146 1263 3286 1316 ἐστιν
3334 1263 3495 1330 ἠθῶν,
3544 1267 3634 1316 καὶ
3662 1264 3848 1315 παθῶν

2246 1351 2614 1426 ἐπανόρθωσις,
2648 1355 2738 1402 καὶ
2767 1349 2890 1410 ὅλως
2943 1346 3273 1401 διδασκαλία
3326 1346 3470 1420 βίου,
3511 1349 3706 1408 πυκνὰς
3752 1349 3849 1408 τὰς

2245 1442 2510 1502 ὑποθήκας
2541 1443 2868 1516 περιέχουσα
2899 1439 3012 1511 (79)
3043 1447 3142 1491 τῶν
3173 1441 3440 1514 πρακτέων
3469 1458 3482 1472 ο
3537 1439 3564 1488 ό
3615 1433 3673 1490 δε
3721 1436 3849 1490 Ἐκ·-

2244 1529 2571 1590 κλησιαστὴς
2639 1527 2973 1602 φυσιολογίας
3033 1527 3274 1594 ἅπτεται,
3336 1532 3426 1579 καὶ
3491 1523 3851 1579 ἀποκαλύπτει

2243 1621 2369 1691 ἡμῖν
2399 1628 2498 1672 τῶν
2531 1619 2578 1672 ἐν
2607 1627 2679 1689 τῷ
2710 1622 2892 1690 κόσμῳ
2935 1619 3102 1689 τούτῳ
3147 1621 3242 1676 τὴν
3294 1619 3625 1689 ματαιότητα
3648 1636 3661 1649 ·
3707 1616 3853 1668 ὥστε

480 1707 848 1781 expetendas
879 1723 1032 1774 esse,
1065 1711 1169 1763 aut
1191 1707 1378 1764 animi
1407 1725 1582 1764 curas
1609 1708 1672 1764 in
1701 1724 1795 1764 res
1815 1707 2014 1764 futiles
2041 1707 2132 1762 in-

2247 1714 2313 1781 μὴ
2371 1710 2617 1780 ἡγεῖσθαι
2672 1703 3114 1783 περισπούδαστα
3164 1703 3293 1759 εἶναι
3345 1707 3412 1759 τὰ
3447 1709 3852 1781 παρερχόμενα,

481 1797 829 1854 sumendas.
873 1796 1184 1852 Canticum
1214 1803 1415 1854 autem
1465 1799 1836 1855 canticorum
1878 1796 2131 1852 modum

480 1886 743 1944 ostendit
764 1887 1106 1943 animarum
1129 1887 1944 1957 perﬁciendarum.Continet
1964 1903 2136 1943 nam-

479 1991 598 2049 que
625 1991 869 2048 sponsae
899 1979 957 2030 et
986 1975 1192 2048 sponsi
1213 1977 1622 2044 concordiam,
1647 1977 1762 2033 hoc
1785 1982 1889 2044 est,
1914 1976 2136 2032 animae

481 2079 622 2119 cum
655 2065 773 2119 Deo
803 2062 992 2119 Verbo
1014 2062 1482 2121 familiaritatem
1513 2082 1582 2122 ac
1607 2065 2136 2122 consuetudinem.

481 2152 596 2208 Sed
616 2151 696 2210 ad
721 2153 1100 2225 propositum
1129 2158 1528 2212 revertamur.

551 2336 604 2389 2.
631 2332 956 2389 Proverbia
987 2333 1324 2391 Salomonis
1349 2335 1472 2403 ﬁlii
1495 2335 1716 2403 David,
1743 2337 1852 2408 qui
1867 2338 2137 2407 regnavit

482 2422 547 2478 in
589 2423 786 2479 Israel
807 2423 878 2478 ⁵⁸.
911 2423 1368 2480 Proverbiorum
1401 2440 1624 2481 nomen
1657 2425 1735 2482 ab
1763 2427 2022 2482 externis
2061 2427 2137 2482 de

485 2511 872 2567 sermonibus
905 2511 1348 2581 vulgatioribus
1373 2520 1730 2586 usurpatum
1755 2520 1864 2583 est,
1890 2520 1947 2572 et
1967 2517 2040 2571 de
2065 2517 2136 2572 iis

481 2617 619 2672 quae
644 2601 707 2656 in
737 2601 844 2657 viis
865 2607 929 2657 ut
959 2602 1290 2674 plurimum
1315 2603 1766 2661 dicuntur.Nam
1794 2607 1955 2678 apud
1974 2607 2137 2678 ipsos

483 2686 629 2760 οἶμος
664 2693 759 2746 via
793 2689 1028 2759 dicitur;
1061 2693 1221 2748 unde
1242 2693 1420 2749 etiam
1446 2696 1795 2763 paraemiam
1817 2695 2133 2763 definiunt,

481 2777 737 2833 verbum
766 2779 992 2835 triviale
1016 2779 1177 2849 vulgi
1208 2797 1320 2836 usu
1353 2783 1638 2854 triturn,et
1661 2784 1824 2856 quod
1857 2801 1894 2840 a
1923 2785 2136 2858 paucis

481 2865 556 2922 ad
587 2866 762 2938 plura
789 2867 1008 2924 similia
1036 2869 1341 2926 transferri
1370 2877 1581 2944 potest.
1618 2874 1797 2946 Apud
1839 2890 1950 2930 nos
1993 2891 2135 2931 vero

479 2955 771 3026 parmmia
790 2960 880 3012 est
900 2973 1100 3014 sermo
1130 2959 1307 3026 utilis,
1341 2977 1481 3017 cum
1511 2967 1844 3035 temperata
1866 2963 2137 3020 obscuri-

484 3047 603 3100 tate
625 3060 970 3117 expressus,
1003 3049 1339 3105 secundum
1370 3051 1568 3124 ipsam
1593 3053 1851 3110 litteram
1877 3055 2136 3111 multum

479 3133 890 3206 complectens
922 3137 1209 3206 utilitatis,
1241 3144 1299 3195 et
1322 3141 1581 3198 multum
1613 3143 1776 3200 intus
1807 3145 2138 3215 intelligen-

479 3222 573 3278 tize
599 3223 931 3280 occultans.
978 3225 1143 3282 Unde
1174 3228 1356 3284 etiam
1389 3233 1697 3300 Dominus,
1729 3235 1895 3302 Haec,
1919 3235 2134 3308 inquit,

475 3313 539 3367 in
556 3315 866 3381 paraemiis
885 3316 1044 3371 vobis
1068 3318 1300 3374 locutus
1322 3337 1473 3378 sum.
1493 3324 1659 3379 Venit
1679 3325 1987 3395 liora,cum
2001 3329 2137 3396 jam

475 3415 598 3456 non
626 3402 690 3456 in
716 3406 1042 3474 paraemiis,
1069 3407 1174 3462 sed
1192 3411 1399 3476 palam
1426 3412 1644 3484 loquar
1677 3414 1837 3470 vobis
1867 3417 1936 3484 65;
1971 3415 2139 3489 quod

476 3505 678 3546 sermo
706 3491 892 3563 quiin
916 3497 1275 3564 parmmiam
1297 3500 1754 3573 cessit,sensum,
1771 3510 2046 3576 apertum
2083 3510 2142 3562 et

469 3578 652 3649 vulgo
681 3587 893 3638 notum
914 3599 1038 3639 non
1068 3584 1386 3655 habet,sed
1411 3590 1656 3664 oblique
1680 3592 2140 3665 intelligentiam

473 3681 650 3723 suam
683 3666 917 3726 indicat
944 3674 1386 3742 sagacioribus.
1429 3681 1722 3738 Paroemia
1752 3682 1953 3755 itaque
1983 3685 2142 3741 Salo-

489 3756 712 3826 monis,
739 3757 855 3814 hoc
885 3765 1310 3826 est,sermones
1329 3768 1738 3839 exhortatorii,
1759 3771 1838 3828 ad
1858 3789 2040 3830 omne
2061 3775 2143 3831 vi-

476 3847 551 3901 ιω
581 3861 772 3914 genus
802 3864 874 3904 ac
900 3850 1236 3911 institutum
1267 3856 1460 3913 utiles.
1486 3861 1781 3932 Apposuit
1803 3869 2006 3919 autem
2035 3880 2141 3920 no-

473 3948 616 3988 men
639 3934 970 4008 scriptoris,
1003 3946 1065 3996 ut
1100 3957 1374 4014 personae
1397 3945 1662 4004 claritate
1685 3950 1948 4008 alliceret
1966 3953 2137 4009 audi-

473 4025 686 4078 torem.
719 4027 869 4082 Nam
895 4031 1223 4087 auctoritas
1253 4032 1525 4092 docentis
1547 4043 1604 4093 et
1629 4038 1994 4108 dignitas,ut
2017 4059 2114 4099 ser

484 4128 732 4169 monem
763 4115 940 4174 efficit
967 4126 1214 4192 receptu
1259 4122 1520 4191 facilem,
1561 4126 1641 4183 ita
1679 4131 2021 4188 attentiores
2051 4134 2136 4190 di-

478 4202 744 4294 scipulos
774 4206 990 4294 reddit.
1037 4210 1184 4267 Sunt
1227 4211 1408 4282 igitur
1437 4219 1744 4287 parmruias
1772 4220 2131 4294 Salomonis,

2241 1795 2380 1870 μηδὲ
2431 1804 2536 1858 τοῖς
2592 1802 2831 1870 ματαίοις
2887 1795 3323 1872 προσαναλίσκειν
3375 1804 3465 1857 τῆς
3516 1794 3698 1867 ψυχῆς
3750 1794 3854 1859 τὰς

2245 1883 2540 1963 φροντίδας.
2599 1889 2669 1940 T6
2724 1883 2783 1940 δὲ
2827 1886 3013 1959 ’ᾼσμα
3057 1894 3157 1938 τῶν
3204 1884 3453 1958 ᾀσμάτων
3511 1888 3598 1936 τὸν
3647 1888 3846 1958 τρόπον

2245 1975 2588 2033 ὑποδείκνυσι
2618 1986 2709 2038 τῆς
2750 1977 3052 2038 τελειώσεως
3081 1985 3181 2029 τῶν
3211 1975 3424 2049 ψυχῶν.
3459 1979 3700 2050 Περιέχει
3736 1977 3845 2049 γὰρ

2249 2074 2550 2144 συμφωνίαν
2605 2069 2804 2142 νύμφης
2854 2072 2944 2120 καὶ
2997 2072 3220 2140 νυμφίου
3255 2087 3270 2100 ο
3336 2071 3599 2133 τουτέστι,
3656 2065 3849 2136 ψυχῆς

2245 2161 2505 2214 οἰκείωσιν
2529 2162 2656 2234 πρόν
2699 2162 2782 2219 τὸς
2835 2161 2962 2212 Θεὸν
3003 2161 3193 2230 Λόγον.
3227 2155 3361 2209 Ἀλλ’
3392 2156 3476 2210 ἐπὶ
3523 2159 3584 2209 τὸ
3625 2160 3852 2232 προκεί-

2245 2270 2392 2325 μενον
2425 2249 2772 2322 ἐπανέλθωμεν
2804 2249 2938 2316 (80).

2314 2344 2369 2396 2.
2404 2344 2691 2416 Παροιμίαι
2749 2337 3068 2410 Σολομῶντος
3125 2338 3242 2390 υἱοῦ
3291 2331 3480 2400 Δαϐὶδ,
3525 2334 3577 2396 ὃς
3626 2333 3849 2388 ἑκασίλ-

2246 2449 2390 2484 ευσεν
2430 2430 2478 2482 ἐν
2501 2427 2738 2504 ,Ἰσραήλ
2785 2427 2922 2496 (81).
2973 2429 3043 2480 T6
3081 2433 3182 2479 τῶν
3227 2432 3519 2502 παροιμιῶν
3557 2428 3717 2497 ὄνομα
3757 2423 3849 2477 ἐπὶ

2244 2527 2343 2573 τῶν
2371 2515 2405 2571 δ
2411 2515 2565 2592 ημωδ
2570 2522 2786 2593 εστέρων
2815 2515 2979 2588 λόγων
3022 2519 3166 2591 παρὰ
3211 2523 3316 2577 τοῖς
3365 2515 3546 2578 ἔξωθεν
3574 2519 3847 2581 τέτακται,

2245 2615 2334 2662 καὶ
2380 2609 2460 2662 ἐπὶ
2491 2617 2590 2660 τῶν
2633 2607 2680 2661 ἕν
2709 2615 2818 2667 ταῖς
2862 2603 3004 2666 ὁδοῖς
3051 2605 3393 2678 λαλουμένων,
3425 2607 3491 2665 ὡς
3537 2606 3604 2657 τὰ
3631 2603 3798 2656 πολλά
3830 2624 3846 2638 ο

2245 2696 2387 2772 οἶμος
2433 2700 2535 2774 γὰρ
2589 2697 2710 2772 παρ’
2742 2696 2916 2756 αύτοίς
2968 2698 2998 2754 ἣ
3041 2691 3161 2756 ὁδός
3214 2694 3547 2768 ὀνομάζεται,
3587 2695 3698 2746 ὅθεν
3750 2697 3850 2746 καὶ

2244 2794 2338 2848 τὴν
2382 2792 2666 2863 παροιμίαν
2696 2788 2808 2850 (82)
2837 2786 3108 2860 ὡρίζοντο,
3138 2785 3286 2859 ῥῆμα
3331 2781 3585 2859 παρόδιον
3632 2802 3850 2859 τετριμ-

2244 2883 2392 2952 μένον
2425 2878 2470 2930 ἑν
2506 2886 2568 2950 τῇ
2601 2881 2797 2952 χρήσει
2845 2883 2943 2928 τῶν
2991 2873 3208 2941 πολλῶν,
3241 2879 3330 2926 καὶ
3375 2872 3476 2926 ἀπὸ
3523 2873 3706 2945 ὀλίγων
3755 2872 3848 2925 ἐπὶ

2245 2969 2454 3022 πλείονα
2518 2970 2672 3041 ὃμοια
2735 2965 3126 3040 μεταληφοῆναι
3193 2960 3498 3037 δυνάμενον.
3564 2967 3715 3034 Παρὰ
3782 2959 3849 3015 δὲ

2245 3061 2370 3132 ἡμῖν
2409 3062 2669 3134 παροιμία
2712 3056 2824 3109 ἐστὶ
2871 3054 3021 3126 λόγος
3065 3053 3333 3128 ὠφέλιμος,
3383 3053 3493 3126 μετ’
3523 3051 3850 3129 ἐπικρύψεως

2245 3156 2453 3226 μετρίας
2511 3144 2864 3220 ἐκδεδομένος,
2923 3145 3052 3198 πολὺ
3105 3147 3196 3218 μὶν
3254 3148 3313 3198 1'6
3372 3144 3584 3197 αὐτόθεν
3645 3147 3852 3219 χρήσι-

2245 3260 2340 3314 μον
2398 3243 2654 3314 περιέχων
2686 3239 2819 3307 (83),
2859 3235 3050 3293 πολλὴν
3096 3231 3155 3287 δὲ
3204 3238 3294 3286 καὶ
3333 3233 3380 3287 ἐν
3427 3241 3500 3304 τῷ
3547 3232 3699 3306 βάθει
3747 3237 3851 3290 τὴν

2247 3327 2482 3383 διάνοιαν
2536 3327 2934 3399 συγκαλύπτων.
2977 3327 3128 3378 Ὅθεν
3173 3329 3262 3377 καὶ
3319 3325 3344 3376 ό
3389 3327 3594 3399 Κύριος,
3642 3318 3852 3392 Ταῦτα,

2247 3423 2407 3493 φησὶν
2436 3461 2450 3486 ,
2531 3417 2578 3470 ἐν
2662 3420 2968 3491 παροιμίαις
3043 3415 3164 3486 ύμὶν
3246 3412 3521 3470 λελάληκα.
3589 3411 3853 3487 ’Ἔρχεται

2247 3511 2392 3583 ὥρα,
2461 3508 2544 3559 ὅτε
2606 3505 2778 3560 ούκέτι
2834 3503 2881 3557 ἐν
2944 3507 3285 3578 παροιμίαις,
3365 3500 3495 3555 ἀλλὰ
3569 3500 3855 3576 παρρησία

2246 3596 2458 3653 λαλήσω
2515 3596 2636 3668 ύμῖν
2669 3615 2683 3628 ο
2746 3596 2810 3654 ὡς
2861 3599 2953 3645 τοῦ
3010 3599 3364 3666 παροιμιακοῦ
3419 3591 3575 3662 λόγου
3635 3593 3694 3642 τὸ
3756 3609 3855 3643 πε-

2246 3687 2708 3762 παρῥησιασμένον
2765 3691 2855 3736 καί
2919 3678 3393 3753 δεδημοσιωμένον
3455 3688 3547 3742 τῆς
3610 3677 3854 3741 διανοίας

2247 3782 2319 3850 μὴ
2370 3779 2600 3848 ἔχοντος,
2649 3771 2778 3826 ἀλλὰ
2817 3770 3048 3842 πλαγίως
3107 3770 3292 3823 ἑαυτοῦ
3341 3774 3400 3823 τὸ
3454 3769 3700 3843 βούλημα
3735 3776 3855 3831 τοῖς

2248 3868 2658 3942 ἐντρεχεστέροις
2708 3857 3122 3936 παραδηλοῡτος.
3185 3863 3474 3934 Παροιμίαι
3529 3864 3700 3926 τοίνυν
3753 3865 3855 3912 Σο-

2244 3955 2536 4029 λομῶντοςο
2596 3956 2856 4019 τουτέστι,
2907 3949 3052 4022 λόγοι
3107 3953 3498 4024 προτρεπτικοὶ,
3536 3951 3681 4023 παρὰ
3742 3955 3856 4000 πᾶ-

2249 4065 2343 4098 σαν
2381 4064 2474 4097 του
2508 4041 2630 4116 βίου
2678 4046 2772 4100 τὴν
2813 4036 2935 4092 όδόν
2973 4041 3407 4115 χρησιμεύοντες.
3449 4041 3749 4115 Προσέθηκε
3785 4036 3855 4092 δὶ

2243 4139 2303 4188 τό
2331 4138 2491 4206 ὄνομα
2535 4139 2628 4184 τοῦ
2675 4134 3032 4205 συγγραφέως,
3065 4129 3149 4180 ἵνα
3191 4136 3253 4201 τῇ
3291 4135 3385 4180 τοῦ
3424 4133 3709 4204 προσώπου
3753 4147 3854 4181 πε-

2243 4229 2482 4300 ριφανείᾳ
2535 4224 2622 4274 τὸν
2678 4219 2936 4296 ἀκροατὴν
2986 4218 3352 4291 ἐφελκύσηται.
3384 4217 3714 4280 Ἀξιοπιστία
3736 4220 3854 4294 γὰρ

484 4291 822 4390 ξδιρωρῐιὶε
851 4295 1008 4352 illius
1057 4301 1137 4356 ad
1175 4318 1358 4374 quem
1397 4304 1546 4362 dixit
1601 4309 1889 4367 Dominus
1924 4331 1937 4368 :
1979 4291 2134 4372 Ecce

2247 4322 2335 4368 τοῦ
2391 4310 2738 4371 δίδάσκοντος
2790 4305 3177 4386 εύπαράδεκτον
3235 4311 3325 4381 μεν
3364 4312 3451 4361 τὸν
3511 4308 3660 4380 λόγον
3717 4310 3858 4362 καθ-

478 4383 619 4438 dedi
643 4382 756 4438 tibi
771 4399 876 4439 cor
891 4389 1160 4456 prudens
1189 4397 1240 4447 et
1263 4395 1500 4464 sapiens
1527 4411 1548 4452 .·
1578 4398 1731 4454 sicut
1762 4407 1848 4470 lu,
1867 4418 1987 4458 non
2006 4404 2131 4474 fuit

471 4478 612 4531 ante
632 4481 706 4553 te:
727 4481 781 4531 el
796 4483 929 4544 post
952 4482 1007 4533 te
1032 4494 1151 4535 non
1174 4489 1457 4553 exsurget
1479 4486 1689 4544 similis
1711 4491 1890 4546 tibi“.
1906 4497 1987 4548 Ac
2008 4510 2134 4550 rur-

470 4578 606 4620 sus:
634 4565 813 4620 Dedit
834 4566 1126 4624 Dominus
1147 4571 1508 4640 sapientiam
1532 4581 1587 4632 et
1601 4580 1994 4647 prudentiam
2023 4583 2132 4642 Sa-

541 4686 590 4723 “
619 4687 832 4760 Ephes.
878 4705 958 4756 γι,
1007 4695 1089 4748 19.
1165 4695 1214 4732 ⁸⁸
1243 4696 1415 4756 Prov.
1457 4715 1496 4770 ι,
1533 4705 1582 4759 1.

681 4827 870 4918 Editio
903 4833 1086 4914 Paris.
1123 4843 1196 4918 τῷ
1226 4837 1321 4918 κᾷν
1343 4848 1549 4918 μικρόν.

540 4903 660 4987 (7.9(
681 4901 823 4987 Rng
857 4905 1097 4987 primus
1117 4901 1382 4987 ὑποθήκας
1413 4901 1635 4987 ἔχουσα.
1667 4922 1781 4978 Nec
1819 4922 1900 4978 ita
1929 4924 2122 4982 multo

467 4972 748 5060 postnduo
774 4972 1231 5060 ‘90]190‘rlini.Id-JV-
1262 4983 1308 5034 ἐν
1435 4972 1567 5060 βίῳ,
1599 4972 1978 5052 invade-vita:

533 5044 651 5138 (sui
676 5047 919 5138 antiqui
949 5050 1235 5138 treslibri
1270 5044 1612 5138 προκείμενον
1633 5044 1940 5138 manu;

541 5117 795 5208 stillat
927 5117 1318 5208 doctissimus
1336 5117 1751 5208 Qomlieiisius,
1775 5117 1888 5208 pro
1912 5117 2127 5208 ’ίσραήλ

464 5183 832 5272 legidebere
857 5189 1217 5272 Ἰερουσαλήμ,
1249 5198 1313 5272 in,
1337 5183 1902 5272 Jei-Lséié'ﬁz‘f'eiiia

463 5257 813 5345 conjectura
835 5245 1481 5345 “placethu'tjafﬁrmet

465 5325 615 5424 lauru:
628 5343 777 5424 “non:
794 5325 961 5424 ali‘te‘r
991 5325 1318 5424 scripsisse.
1344 5325 2131 5424 séd'si'v'5£"i;,;'a2¥;i'1575;.

465 5397 983 5493 filioforrigenda
1015 5397 1123 5473 est:
1140 5397 1550 5486 interpretatio
1574 5397 1697 5493 ίλῇ
1716 5397 2129 5493 ἶέιὲὲρἰέιὶἱῶ

462 5466 820 5568 {corrigatur
863 5466 1119 5568 quoque,
1160 5466 1544 5568 negasse};
1566 5466 1697 5568 ξ’ἱῆ
1731 5466 1874 5564 Et};
1892 5466 2132 5568 ηἰὲῥῖέγῖἱ

465 5542 631 5610 egitu
710 5542 955 5612 Provfi,
1005 5542 1026 5608 ῖ
1059 5571 1072 5622 ;
1106 5542 1471 5628 corrigatur
1495 5542 1696 5619 etiam
1732 5542 2131 5636 ϐιῖὄτιέιῗᾷϊέ

2247 4410 2452 4471 ίστησι,
2501 4405 2947 4474 προσεχεστέρους
2987 4395 3046 4451 δε
3075 4401 3192 4458 τοὺς
3223 4393 3637 4471 διδασκομένους
3675 4416 3861 4472 παρα-

2248 4493 2512 4554 σκευάζει.
2542 4494 2830 4566 Παροιμίαι
2859 4485 2948 4542 οὖν
2992 4487 3332 4562 Σολομῶντος,
3368 4487 3687 4561 Σολομῶντος
3717 4486 3860 4542 ἐκεί-

2243 4603 2332 4637 νου
2373 4580 2505 4659 ’πρὸς
2553 4580 2605 4633 ὃν
2657 4576 2790 4634 εἶπεν
2841 4579 2868 4631 ό
2917 4581 3142 4656 Κύριος·
3179 4575 3319 4635 Ἰδοὺ
3350 4575 3562 4634 δέδωκά
3592 4597 3677 4633 σοι
3719 4599 3860 4658 καρ·

1661 4705 1708 4742 ⁸³
1749 4705 1922 4767 Joan.
1966 4725 2081 4780 xvr,
2121 4713 2213 4767 25.
2245 4709 2390 4767 “Ill
2419 4711 2563 4778 Reg.
2595 4708 2794 4778 111,12.

2235 4857 2396 4924 gata,
2429 4852 2489 4908 in
2522 4867 2645 4924 qua
2671 4848 2861 4924 iisrael
2880 4847 3140 4920 legimus
3186 4846 3403 4924 eodem
3433 4849 3587 4924 loco.
3619 4843 3859 4924 Etipsi

2233 4921 2479 4998 quoque
2510 4921 2700 4998 nostri
2730 4921 2867 4977 libri
2897 4926 3124 4998 veteres
3163 4921 3585 4998 emendatione
3614 4921 3854 4998 indige-

2234 4993 2417 5082 bunt,
2435 4996 2518 5082 in.
2539 4995 2761 5082 quibus
2782 4993 3070 5082 omnibus
3102 4995 3395 5082 scriptum
3427 4993 3776 5082 invenimus
3799 4994 3855 5077 iv

2235 5067 2363 5138 Ίῆλ,
2394 5068 2457 5122 in
2493 5063 2704 5135 Israel,
2736 5080 2858 5120 non
2896 5069 3096 5120 autem
3141 5063 3188 5116 ἐν
3221 5063 3354 5121 Ἱλῆν
3389 5064 3558 5137 quod
3597 5069 3753 5121 esset
3785 5067 3855 5122 in

2235 5139 2594 5195 Jerusalem.

2309 5212 2417 5278 (82)
2451 5209 2638 5278 Vulgo
2681 5207 2962 5262 dicuntur
2992 5206 3310 5278 Proverbia
3343 5207 3706 5276 Salomonis,
3737 5208 3856 5265 sed

2237 5277 2485 5336 nomine
2529 5277 2832 5350 proverbii
2881 5278 2963 5332 uti
3003 5277 3334 5348 noluimus,
3367 5280 3538 5348 cujus
3575 5279 3708 5334 loco
3752 5281 3857 5336 usi

2238 5368 2460 5425 sumus
2495 5367 2641 5425 voce
2686 5351 3008 5425 pai'wmiw,
3043 5355 3108 5404 ut
3153 5352 3358 5406 Graeca
3383 5350 3856 5425 proverbiorum

2239 5421 2608 5495 etymologia
2632 5421 2828 5490 magis
2849 5426 3187 5492 appareret.

2315 5491 3126 5565 (83)Colb.p1'imusxpvq¢pos
3145 5491 3483 5564 ἔχωνᾘαυά
3503 5491 3686 5565 longe
3700 5493 3855 5565 editi

2244 5545 2474 5642 ερλξὲἑὰἷ
2484 5545 2959 5640 scindens
2973 5545 3040 5618 δέ’
3059 5545 3232 5629 abe'st
3261 5545 3300 5622 ά
3312 5545 3852 5626 vanissima:
