4076 6190
172 199 274 254 389

1139 199 1426 254 HOMILIA
1465 201 1533 254 ΙΝ
1572 195 1976 253 PRINCIPIUM
2013 195 2580 255 PROVERBIORUM.

3428 207 3540 264 390

171 320 291 376 δίαν
335 325 590 397 φρονίμην
637 339 728 373 και
783 325 985 392 σοφήν·
1041 322 1104 382 ὡς
1161 326 1249 389 σὺ,
1308 323 1365 374 οῦ
1422 327 1624 394 γέγονεν
1682 324 1775 394 ἔμ-

1893 321 2120 376 lomoni
2145 323 2397 378 multam
2431 323 2624 390 valde,
2648 328 2703 380 et
2737 324 3123 382 latitudinem
3154 326 3350 382 cordis
3377 329 3541 397 petut

168 413 394 485 προσθέν
439 430 576 463 σουο
626 414 715 462 καὶ
766 413 898 482 μετά
949 413 1008 462 σε
1060 411 1152 462 οῦκ
1201 409 1559 468 ἀναστήσεται
1607 413 1778 483 ὅμοιός

171 521 252 554 σοι
277 523 288 534 ·
343 506 438 553 καὶ
482 499 637 552 πάλιν
663 521 676 532 ·
728 496 960 551 Ἔδωκεν
1004 502 1031 551 ὁ
1081 504 1266 574 Κύριος
1308 506 1490 574 σοφίαν
1530 506 1618 553 καὶ
1650 521 1778 574 φρο-

166 610 317 648 νησιν
364 598 444 659 τῷ
494 588 747 661 Σαλωμὼν
772 590 886 660 (84)
939 588 1128 647 πολλὴν
1179 587 1406 665 σφόδρα,
1462 595 1550 642 καὶ
1603 592 1781 662 χύμα-

164 676 390 753 καρδίας
441 681 507 739 ὡς
564 679 594 736 ἡ
655 677 824 750 άμμος
880 680 910 736 ἠ
966 682 1110 753 παρὰ
1163 684 1257 738 τὴν
1329 679 1616 732 θάλασσαν·
1679 684 1780 732 Καὶ

168 768 468 826 ἐπληθόνθη
537 768 568 824 ἡ
641 770 799 838 σοφία
859 767 1110 840 Σαλωμὼν
1177 770 1303 842 ὑπὲρ
1370 773 1462 826 τὴν
1531 773 1778 842 φρόνησιν

166 861 370 911 πάντων
417 855 662 930 ἀρχαίων
712 854 1014 929 ἀνθρώπων,
1065 862 1153 909 καὶ
1201 859 1326 932 ὑπὲρ
1374 859 1567 919 πάντας
1611 863 1780 930 φρονί-

165 965 286 1019 μους
357 952 396 998 Α
408 945 654 1017 ίγὺπτου.

163 1036 450 1110 προσθήκη
510 1054 524 1067 ·
613 1038 901 1107 Παροιμίαι
977 1033 1294 1108 Σολομῶντος
1378 1037 1494 1087 υἱοῦ
1574 1032 1776 1090 Δαϐίδ.

165 1128 492 1196 Πρόσκειται
533 1127 625 1175 καὶ
669 1124 696 1176 ό
742 1128 940 1197 πατὴρ,
969 1125 1100 1176 ὥστε
1155 1143 1211 1176 σε
1255 1133 1466 1196 γνῶναι,
1501 1126 1578 1176 ὅτι
1628 1127 1781 1196 σοφὸς

165 1206 226 1267 ἦν
275 1212 302 1262 ό
353 1211 599 1284 Σολομὼν
648 1211 704 1263 ἐκ
757 1219 918 1284 σοφοῦ
975 1216 1064 1264 καὶ
1117 1217 1383 1286 προφήτου
1445 1216 1672 1286 πατρὸς,
1725 1213 1780 1264 ἐκ

167 1298 390 1374 βρέεδους
426 1303 499 1353 τὰ
550 1303 661 1375 ἱερὰ
712 1302 1001 1374 γράμματα
1043 1298 1467 1374 πεπαιδευμένος,
1516 1307 1605 1353 καὶ
1652 1302 1781 1373 οὐχὶ

164 1389 336 1465 κλήρῳ
363 1395 465 1448 τήν
493 1389 671 1465 ἀρχὴν
695 1390 878 1462 λαχὼν
899 1392 1033 1462 (85),
1061 1389 1175 1444 οὐδ’
1204 1391 1270 1452 εἰς
1301 1389 1449 1444 οὐδὲν
1480 1393 1616 1463 αὐτῷ
1646 1411 1779 1465 προ-

167 1484 444 1537 σήκουσαν
494 1483 591 1538 τὴν
641 1478 916 1553 βασιλείαν
966 1480 1380 1552 εἰσϐιασάμενος,
1431 1481 1558 1534 ἀλλὰ
1608 1487 1779 1555 κρίσει

163 1565 354 1640 δικαίᾳ
390 1571 615 1644 πατρὸς,
647 1574 736 1620 καὶ
782 1568 942 1642 ψήφῳ
989 1577 1120 1622 Θεοῦ
1167 1572 1234 1622 τά
1275 1579 1495 1643 πατρῷα
1537 1579 1781 1644 σκῆπτρα

730 945 905 1005 Οὖτως
977 943 1236 1017 ἀναγκαία
1293 948 1322 1004 ἠ
1383 955 1472 999 τοῦ
1539 946 1780 1018 ὀνόματος

160 1657 504 1733 παραλαϐών.
577 1658 737 1719 Οὗτος
805 1656 1050 1731 βασιλεὺς
1106 1657 1297 1730 ἐγένετο
1366 1668 1456 1720 τῆς
1513 1661 1778 1736 Ἰερουσα-

160 1747 263 1820 λήμ
293 1749 442 1817 (86).
474 1744 617 1801 Οὐδὲ
663 1755 814 1800 τοῦτο
859 1747 1054 1823 ἀργόν·
1102 1749 1335 1822 μάλιστα
1383 1753 1472 1822 μὲν
1519 1755 1646 1824 πρὸς
1683 1755 1777 1808 τὴν

159 1845 257 1890 τῶν
312 1839 634 1910 ὁμωνυμιῶν
689 1835 984 1912 διάκρισιν,
1038 1839 1214 1891 ἔπειτα
1270 1835 1329 1891 δὲ
1387 1844 1476 1892 καὶ
1534 1835 1628 1892 διὰ
1684 1843 1778 1898 τὴν

160 1930 495 1984 κατασκευὴν
540 1933 668 1978 τουῦ
714 1925 1138 2001 πολυθρυλλήτου
1181 1934 1305 1979 ναοῦ
1331 1948 1343 1960 ·
1397 1928 1480 1981 ἶνα
1518 1933 1780 2004 γνωρίσῃς

164 2011 319 2067 αὑτοῦ
373 2017 466 2068 τὸν
533 2012 903 2090 δημιὸυργόν,
956 2020 1046 2069 καὶ
1095 2017 1270 2078 πάσης
1328 2026 1421 2077 τῆς
1490 2021 1627 2070 κατὰ
1684 2024 1778 2077 τὴν

164 2103 305 2156 πόλιν
329 2104 635 2176 οἰκονομίας
665 2106 780 2175 (87)
810 2108 901 2157 καὶ
929 2113 1027 2157 τῶν
1071 2106 1272 2178 θεσμῶν
1311 2110 1400 2158 καὶ
1428 2114 1518 2168 τῆς
1547 2106 1780 2171 εὐταξίας

162 2199 248 2246 τόν
305 2197 494 2248 αἴτιον.
571 2197 722 2265 Μέγα
788 2189 848 2245 δέ
906 2192 1256 2266 συμϐάλλεται
1325 2199 1450 2271 πρὸς
1521 2201 1614 2255 τὴν
1681 2205 1780 2249 τῶν

166 2287 520 2357 παραινέσεων
577 2279 901 2356 παραδοχὴν
954 2286 1043 2334 καὶ
1097 2286 1155 2336 τὸ
1226 2282 1450 2356 βασιλέα
1507 2282 1635 2338 εἶναι
1694 2289 1780 2338 τὸν

170 2375 482 2445 συγγραῳέα
527 2379 622 2424 τοῦ
668 2370 846 2443 λόγου.
892 2370 952 2425 Εἰ
1007 2374 1108 2446 γὰρ
1161 2371 1408 2446 βασιλεία
1455 2373 1594 2426 ἐστὶν
1642 2376 1781 2427 ἔννο-

168 2480 256 2533 μος
306 2461 623 2526 ἐπιστασία,
658 2457 838 2528 δῆλον,
879 2462 960 2512 ὅτι
1004 2464 1058 2513 αἱ
1085 2463 1200 2533 (88)
1230 2465 1374 2536 παρὰ
1418 2462 1671 2535 βασιλέως
1703 2460 1785 2516 δι-

171 2547 386 2622 δόμεναι
436 2551 728 2617 ὑποθῆκαι,
770 2557 863 2602 τοῦ
910 2569 970 2623 γε
1018 2552 1083 2611 ὡς
1127 2549 1326 2612 ἀληθῶς
1372 2560 1463 2614 τῆς
1509 2572 1783 2626 προσηγο-

168 2644 280 2712 ρίας
317 2641 514 2699 ταύτης
561 2637 728 2706 ἀξίου,
751 2637 881 2692 πολὺ
912 2641 970 2691 τὸ
1015 2643 1231 2712 νόμιμον
1275 2643 1486 2713 ἔχουσι,
1533 2644 1592 2694 τὸ
1636 2650 1779 2715 κοινῇ

170 2735 301 2780 πᾶσι
332 2727 599 2789 λυσιτελὲς
650 2735 966 2794 σκοποῦσαι,
999 2733 1088 2781 καὶ
1133 2729 1262 2801 οὐχὶ
1299 2733 1424 2804 πρὸς
1461 2733 1548 2783 τόν
1591 2735 1784 2784 σκοπὸν

1889 426 2075 466 arena
2101 414 2430 482 quaejuxta
2452 427 2634 468 mare.
2660 413 2740 468 Et
2760 415 3172 482 muttipticata
3196 421 3280 472 est
3310 419 3543 486 sapien-

1891 501 1976 556 tia
2005 501 2343 556 Salomonis
2373 517 2552 570 super
2573 503 2963 571 prudentiam
2984 505 3246 560 omnium
3271 508 3545 578 antiquo-

1888 605 2024 645 rum
2043 590 2370 660 hominum,
2386 597 2439 646 et
2454 607 2632 661 super
2647 606 2844 648 omnes
2857 593 3188 661 prudentes
3198 594 3539 664 zEgypti".

1893 681 1984 736 Sic
2003 697 2245 736 necesse
2269 681 2376 736 fuit
2397 698 2620 737 nomen
2652 682 2911 754 apponi:
2935 684 3254 739 Parcesz
3277 684 3543 742 Solomo-

1889 771 1982 825 nis
2009 771 2129 838 ﬁlii
2155 771 2372 826 David.
2402 770 2654 826 Additur
2679 776 2736 826 et
2765 775 2953 842 pater,
2986 775 3052 826 ut
3081 787 3418 840 cognoscas
3447 789 3544 831 sa-

1887 858 2153 930 pientem
2172 859 2357 914 fuisse
2382 858 2766 915 Salomonem
2783 875 2856 914 ex
2877 859 3146 931 sapiente
3159 875 3230 915 ac
3250 863 3548 933 propheta

1889 951 2081 1018 patre,
2112 963 2148 1001 a
2184 963 2372 1018 puero
2400 946 2587 1002 sacris
2625 945 2830 1003 litteris
2871 947 3194 1012 eruditum,
3222 963 3333 1003 nec
3387 954 3546 1006 sorte

1891 1035 2174 1107 adeptum
2201 1034 2612 1107 principatum
2636 1053 2649 1090 :
2686 1051 2799 1091 nec
2835 1035 2895 1090 vi
2921 1035 3044 1092 ulla
3071 1037 3328 1109 potitum
3356 1053 3546 1108 regno

1891 1123 1971 1179 ad
1991 1115 2053 1178 Se
2082 1122 2230 1178 nihil
2263 1122 2557 1190 attinenti,
2583 1121 2689 1178 sed
2712 1124 2876 1193 justo
2905 1123 3092 1195 patris
3107 1125 3337 1196 judicio
3358 1129 3415 1182 et
3444 1125 3548 1182 Dei

1891 1209 2178 1280 suffragio
2199 1215 2453 1282 paterna
2476 1215 2711 1282 sceptra
2732 1215 3146 1267 consecutum.
3170 1212 3270 1268 Hic
3297 1228 3401 1269 rex
3421 1217 3548 1270 erat

1889 1299 2238 1355 Jerusalem.
2273 1303 2388 1356 Nec
2419 1299 2534 1355 hoc
2564 1298 2812 1372 quidem
2855 1299 3117 1356 otiosum
3142 1305 3253 1358 est.
3297 1302 3546 1360 Maxime

1889 1388 2137 1462 quidem
2168 1388 2309 1444 facit
2334 1389 2412 1444 ad
2444 1405 2656 1446 eorum
2682 1388 2784 1460 qui
2808 1389 3084 1459 ejusdem
3109 1391 3376 1447 nominis
3407 1397 3548 1450 sunt

1889 1479 2008 1549 99
2040 1477 2519 1546 distinctionem;
2543 1477 2764 1534 deinde
2786 1478 2968 1534 etiam
2989 1478 3333 1536 adhibitum
3362 1486 3451 1536 est
3469 1481 3548 1538 ob

1889 1566 2260 1622 celeberrimi
2292 1566 2499 1638 templi
2523 1565 3007 1634 aedificationem,
3040 1571 3104 1622 ut
3132 1571 3342 1624 notum
3367 1569 3550 1626 habe-

1818 1681 1859 1735 B
1888 1671 1983 1711 res
2025 1655 2156 1726 ejus
2187 1653 2493 1726 opificem,
2526 1660 2582 1710 et
2611 1658 2790 1710 totius
2819 1654 2880 1710 in
2911 1655 3060 1711 urbe
3091 1655 3547 1725 gubernationis

1886 1744 2212 1816 legumque
2226 1749 2279 1800 et
2292 1743 2624 1817 disciplinae
2637 1749 2943 1800 auctorem
2954 1787 2966 1801 .
2985 1744 3281 1802 Praeterea
3293 1747 3549 1805 multum

1889 1835 2172 1892 conducit
2196 1839 2261 1890 ut
2288 1835 2520 1891 monita
2549 1835 2975 1906 suscipiantur,
3007 1851 3214 1906 regem
3245 1853 3378 1894 esse
3408 1853 3549 1894 eum

1891 1924 1997 1997 qui
2025 1940 2367 1981 sermonem
2389 1924 2732 1980 conscribit.
2764 1925 2991 1981 Etenim
3014 1924 3063 1980 si
3085 1940 3339 1995 regnum
3361 1926 3555 1985 domi-

1888 2013 2057 2069 nium
2084 2018 2176 2069 est
2202 2012 2562 2083 legitimum,
2587 2013 2981 2086 perspicuum
3007 2018 3098 2070 est
3123 2014 3491 2072 documenta
3514 2031 3551 2073 a

1889 2119 2029 2174 rege
2058 2103 2203 2160 data
2233 2103 2362 2175 (qui
2392 2103 2618 2160 scilicet
2636 2103 2753 2159 hoc
2783 2103 3030 2160 nomine
3055 2120 3192 2160 vere
3213 2105 3434 2175 dignus
3456 2106 3550 2178 sit)

1891 2192 2192 2265 aequitatis
2222 2192 2484 2248 multum
2513 2197 2570 2248 et
2609 2192 2763 2263 juris
2790 2191 3053 2261 habere;
3086 2210 3225 2250 cum
3269 2194 3348 2252 ad
3388 2211 3551 2252 com-

1890 2297 2140 2338 munem
2182 2283 2460 2338 omnium
2499 2280 2816 2338 utilitatem
2846 2287 3139 2354 spectent,
3169 2299 3295 2339 non
3322 2283 3402 2340 ad
3427 2284 3550 2357 pri-

1890 2376 2043 2429 vataa
2071 2372 2338 2429 utilitatis
2358 2388 2613 2444 scopum
2642 2371 2994 2428 referantur.
3018 2377 3167 2430 Nam
3195 2379 3488 2446 tyrannus
3512 2391 3551 2432 a

1889 2477 2030 2533 rege
2077 2463 2138 2519 in
2180 2463 2296 2518 hoc
2338 2461 2555 2529 differt,
2599 2461 2765 2533 quod
2793 2461 2891 2517 ille
2934 2462 3326 2519 commodum
3366 2480 3548 2521 suum

1892 2551 2298 2624 undecunque
2344 2551 2634 2608 attendit:
2667 2551 2765 2606 hic
2810 2567 2951 2607 vero
2981 2551 3363 2608 subditorum
3401 2567 3548 2610 con-

1895 2641 2034 2697 sulit
2063 2640 2316 2698 utilitati.
2360 2643 2804 2697 Enumerantur
2832 2645 3037 2696 autem
3065 2646 3122 2697 et
3165 2641 3303 2697 libri
3332 2641 3549 2700 utilita-

1896 2734 2004 2800 tes,
2033 2746 2168 2802 quae
2199 2734 2257 2786 et
2286 2734 2532 2801 quanta:
2557 2727 2697 2785 inde
2724 2729 3012 2785 accedant
3041 2729 3432 2786 discentibus.

170 2827 259 2880 τῆς
308 2816 454 2879 ἰδίας
507 2817 745 2891 ὠφελείας
792 2824 1217 2893 συντεταγμέναι.
1249 2827 1413 2872 Τοῦτο
1442 2823 1543 2895 γὰρ
1575 2821 1690 2892 (89)
1722 2818 1954 2896 διαφέρει
1992 2823 2233 2894 τύραννος
2282 2817 2558 2892 βασιλέως,
2592 2821 2671 2873 ὅτι
2709 2820 2736 2872 ὁ
2766 2822 2855 2892 μεν
2884 2822 2943 2872 τὸ
2984 2818 3171 2872 ἑαυτοῦ
3220 2823 3548 2893 πανταχόθεν

177 2917 354 2962 σκοπιὶ
407 2910 436 2960 ὀ
477 2905 539 2961 δε
580 2911 637 2961 τό
685 2916 792 2970 τοῖς
833 2907 1140 2983 ἀρχομένοις
1179 2909 1428 2983 ὠφέλιμον
1461 2909 1743 2985 ἐκπορίζει.
1777 2910 2178 2985 Ἀπαριθμείται
2229 2905 2288 2962 δὲ
2329 2913 2418 2962 καὶ
2449 2911 2516 2961 τὰ
2545 2908 2602 2962 ἐκ
2645 2916 2737 2970 τῆς
2775 2906 2962 2981 βίϐλου
3003 2913 3279 2985 χρήσιμα,
3309 2914 3426 2964 τίνα
3461 2915 3551 2964 καὶ

173 3002 314 3052 πόσα
339 3005 451 3058 τοῖς
482 2995 887 3072 διδασκομένοις
915 3004 1273 3074 προσγίνεται.

241 3092 295 3144 3.
358 3092 465 3141 Καὶ
523 3097 725 3163 πρῶτον
784 3088 843 3141 ἐκ
895 3097 995 3140 τῶν
1061 3096 1360 3164 Παροιμιῶν
1419 3088 1534 3141 ἐστι
1593 3096 1781 3161 γνῶναι

1961 3092 2016 3146 3.
2056 3087 2320 3144 Primum
2341 3085 2589 3160 quidem
2612 3085 2970 3158 sapientiam
2996 3090 3053 3142 et
3073 3085 3451 3158 disciplinam
3474 3101 3548 3142 ex

179 3181 360 3248 σοφίαν
409 3181 503 3229 καὶ
544 3174 808 3232 παιδείαν.
855 3176 1012 3230 Ἐστι
1042 3175 1101 3231 δὲ
1130 3182 1288 3250 σοφία
1325 3178 1591 3251 ἐπιστήμη
1639 3180 1784 3230 θείων

176 3283 225 3316 τε
254 3263 369 3335 (60)
415 3269 508 3316 καὶ
552 3263 880 3339 ἀνθρωπίνων
927 3268 1271 3340 πραγμάτων,
1312 3271 1401 3318 καὶ
1438 3275 1536 3319 τῶν
1584 3269 1785 3327 τούτοις

179 3353 378 3408 αἰτιῶν.
443 3352 502 3404 ’0
553 3349 641 3406 οὖν
689 3356 804 3427 (91)
868 3354 1294 3428 ἐπιτετευγμένως
1353 3355 1599 3428 θεολογῶν
1657 3359 1784 3428 ἔγνω

182 3448 388 3514 σοφίαν,
444 3444 511 3502 ὡς
572 3447 662 3495 καὶ
721 3442 748 3494 ὄ
804 3445 1057 3518 μακάριος
1112 3444 1311 3505 Παῦλος
1366 3442 1539 3518 λέγει·
1599 3449 1783 3517 Σοφίαν

180 3527 238 3583 δ”ε
273 3530 532 3603 λαλοῦμεν
577 3530 628 3583 ἐν
667 3539 772 3593 τοῖς
813 3532 1055 3594 τελείοις·
1101 3537 1286 3607 σοφίαν
1330 3530 1390 3588 δὲ
1438 3533 1496 3586 οῦ
1543 3541 1633 3586 τοῦ
1665 3538 1785 3586 αἰῶ-

179 3638 258 3681 νος
310 3622 532 3689 τούτου,
587 3617 712 3674 οὐδὲ
776 3629 878 3675 τῶν
940 3620 1205 3696 ἀρχόντων
1261 3630 1354 3675 τοῦ
1419 3621 1599 3684 αἰῶνος
1657 3624 1786 3675 τού-

175 3729 267 3763 του
347 3719 452 3764 τῶν
544 3717 974 3785 καταργουμένων
1023 3734 1058 3748 ι·
1124 3712 1253 3766 ἀλλὰ
1314 3712 1562 3787 λαλοῦμεν
1651 3719 1784 3768 Θεοῦ

99 3843 116 3856 .,
181 3805 366 3873 ποίαν
451 3801 504 3853 ἓν
585 3806 908 3876 μυστηρίῳ,
979 3805 1075 3861 τὴν
1146 3801 1649 3879 ἀποκεκρυμμένην,
1723 3804 1785 3862 ἣν

172 3895 470 3965 προώρισεν
521 3890 550 3940 ὁ
602 3893 728 3950 Θεὸς
783 3893 884 3963 πρὸ
928 3898 1026 3943 τῶν
1081 3891 1298 3947 αἰώνων.
1357 3896 1458 3945 Καὶ
1507 3893 1532 3944 ό
1587 3891 1642 3946 ἐκ
1693 3899 1785 3953 τῆς

169 3986 260 4033 τοῦ
309 3983 523 4052 κόσμου
573 3975 632 4032 δὴ
677 3988 1002 4042 κατασκευῆς
1059 3984 1146 4034 τὸν
1204 3977 1530 4058 δημιουργὸν
1584 3980 1781 4046 ἐννοῶν,

241 4158 288 4194 ετ
334 4159 411 4216 ιιι
441 4159 588 4230 Reg.
621 4173 696 4226 IV,
728 4161 817 4223 29,
847 4161 936 4216 30.
1014 4159 1061 4197 ⁸⁸
1100 4163 1268 4220 Prov.
1300 4175 1338 4229 ι,
1369 4164 1423 4216 2.

241 4301 359 4368 (8's)
396 4297 578 4376 ΔΜΟ(ᾗο
603 4299 844 4376 ξαλομών
871 4299 1275 4376 ἂῃιΔΣαλωμῴν,
1307 4301 1491 4376 modo
1522 4300 1778 4376 Σολομὼν,
1813 4306 1857 4360 D

165 4370 228 4426 in
275 4371 559 4449 antiquis
603 4370 772 4449 libris
820 4373 1116 4449 scribitur.
1145 4370 1295 4449 ’γοα
1345 4373 1600 4449 ἀρχαίων,
1644 4370 1780 4448 quin

165 4457 316 4499 mox
347 4443 651 4514 sequitur,
679 4444 742 4498 in
769 4459 919 4499 mss.
951 4443 1621 4504 Combeﬁsianisdecst.

175 4581 190 4592 .
237 4517 358 4592 (85)
401 4512 557 4592 Editi
605 4512 778 4589 ἀρχὴν
807 4514 1007 4587 λαχών.
1041 4518 1276 4573 Veteres
1325 4517 1597 4591 quinque
1641 4516 1782 4575 libri

169 4586 352 4659 ἀρχὴν
384 4586 594 4659 ient-av-

236 4654 359 4726 (86)
400 4654 494 4712 Ita
536 4654 653 4712 hoc
696 4655 831 4714 loco
877 4656 1105 4715 habent
1147 4661 1378 4716 veteres
1425 4663 1554 4717 tum
1593 4676 1782 4719 manu

167 4728 428 4809 exarati,
461 4733 602 4809 tum.
630 4727 789 4809 typis
818 4730 1026 4809 excusi
1068 4730 1396 4809 libri,_cum
1419 4737 1643 4809 tamen
1674 4733 1781 4809 ali-

166 4803 402 4879 quanto
423 4801 567 4879 ante
587 4798 739 4855 in’iis
761 4800 1048 4879 omnibus
1069 4798 1360 4874 scriptum
1384 4803 1459 4879 sit
1475 4802 1777 4879 Ἰσραήλ,

167 4886 232 4924 ιη
251 4869 487 4945 Israel.
514 4871 891 4945 .hege_una_m
919 4877 1133 4945 notam
1159 4869 1652 4945 e:superi_oribus'.

240 4943 359 5018 ($7)
399 4939 1104 5018 godicescombeﬁsiani
1123 4942 1269 5018 πόλιν
1291 4939 1611 5018 οἰκοδομίας.
1629 4945 1779 5001 Edili

170 5016 226 5068 et
252 5012 384 5086 duo
413 5011 738 5086 Colbertini
769 5013 1089 5086 οἰκονομίας,
1111 5015 1349 5086 rectius.

241 5085 361 5152 (88)
401 5085 814 5157 Sie_mss._non
837 5085 1037 5156 pauci.
1060 5085 1208 5141 Illud
1230 5088 1284 5137 αἱ
1305 5087 1512 5144 deerat
1533 5087 1591 5144 in
1613 5087 1774 5157 vulg.

242 5157 360 5222 (89)
396 5152 556 5239 'E‘dili
577 5159 636 5239 ςῐ
655 5154 780 5239 duo
807 5152 950 5239 lﬁss.
981 5165 1132 5239 τοῦτο
1152 5159 1275 5239 γάρ.
1301 5158 1413 5239 Alii
1438 5159 1561 5216 duo
1587 5152 1773 5239 τούτῷἲ

175 5238 285 5280 nec
315 5225 502 5302 valde
525 5224 868 5281 admodum
899 5225 1113 5302 dubito
1134 5224 1284 5302 quin
1311 5235 1636 5302 utrumque
1663 5224 1779 5285 dici

177 5296 740 5373 possit._Ali_quanto
785 5301 926 5369 post
956 5300 1096 5369 Reg.
1127 5296 1359 5372 primus
1392 5296 1573 5354 σκοπεῖ
1601 5305 1776 5373 μόνον,

180 5368 434 5424 attendit
464 5368 799 5424 duntaxat.

211 5439 618 5570 ogﬂbagdita
642 5443 734 5499 est
759 5438 984 5499 vocula
1011 5459 1064 5495 τε
1094 5456 1165 5500 ex
1207 5442 1396 5500 tribus
1427 5441 1777 5501 Colbertinis

181 5523 504 5570 εοαιοωυε.

1889 3177 2202 3234 Parcemiis
2249 3192 2615 3248 cognoscere
2653 3176 2876 3231 licet“.
2922 3177 3019 3231 Est
3061 3175 3224 3231 enim
3253 3175 3549 3246 sapientia

1891 3267 2140 3324 scientia
2156 3266 2498 3323 divinarum
2517 3282 2587 3322 ac
2603 3266 3010 3322 humanarum
3027 3280 3250 3332 rerum,
3265 3269 3320 3320 et
3339 3280 3549 3323 causa-

1887 3371 2026 3413 rum
2056 3355 2428 3412 earumdem.
2461 3354 2573 3420 Qui
2600 3354 2783 3424 igitur
2813 3353 3127 3424 theologiae
3157 3352 3260 3410 dat
3295 3369 3546 3426 operam

1887 3445 1996 3503 rite
2017 3461 2088 3502 ac
2109 3444 2376 3512 feliciter,
2395 3444 2560 3500 novit
2583 3442 2965 3516 sapientiam,
2987 3441 3072 3498 uti
3091 3446 3148 3498 et
3165 3442 3379 3498 beatus
3399 3445 3549 3499 Pau-

1887 3534 1983 3590 lus
2010 3534 2182 3591 dicit:
2201 3533 2573 3603 bapientiam
2598 3538 2794 3590 autem
2816 3532 3120 3603 loquimur
3137 3532 3298 3588 inter
3311 3532 3548 3601 perfec-

1891 3629 2012 3680 tos:
2028 3623 2389 3694 sapientiam
2411 3637 2552 3679 vero
2573 3637 2692 3678 non
2711 3622 2919 3678 seaculi
2939 3619 3140 3691 hujus,
3165 3635 3356 3693 neque
3370 3621 3547 3691 prin-

1889 3714 2088 3782 cipum
2120 3712 2304 3782 hujus
2333 3711 2561 3782 swcuti,
2609 3712 2714 3783 qui
2743 3711 3144 3767 destruantur
3163 3724 3184 3766 :
3209 3709 3316 3766 sed
3353 3711 3547 3782 loqui-

1888 3817 2028 3858 mur
2041 3801 2149 3858 Dei
2157 3801 2515 3871 sapientiam
2528 3801 2592 3856 in
2607 3801 2914 3872 mysterio,
2926 3815 3058 3871 quae
3073 3799 3427 3857 abscondita
3438 3805 3544 3870 est,

1891 3907 2069 3963 quam
2095 3890 2554 3961 praedestinavit
2575 3891 2730 3947 Deus
2751 3895 2892 3947 ante
2915 3890 3212 3946 secula“.
3233 3888 3345 3945 Sed
3365 3893 3424 3944 et
3439 3889 3548 3961 qui

1890 3997 1964 4039 ex
1992 3981 2207 4039 mundi
2239 3985 2548 4039 structura
2576 3980 2856 4054 opiﬁcem
2898 3979 3266 4046 considerat,
3289 3978 3457 4036 novit
3489 3983 3548 4038 et

1503 4161 1550 4197 δ’
1591 4163 1772 4219 lCor.
1799 4175 1861 4231 ιι,
1895 4164 1948 4225 6,
1979 4165 2033 4217 7.

1961 4303 2075 4375 (91)
2113 4305 2385 4366 Ducreus,
2416 4317 2600 4375 quem
2641 4295 3039 4375 Combeﬁsius
3081 4296 3142 4355 in
3187 4312 3300 4375 suo
3344 4296 3546 4375 Eccleo

1889 4369 2070 4432 siasté
2117 4379 2321 4431 Graeco
2367 4369 2611 4429 secutus
2662 4377 2772 4440 est,
2816 4371 3160 4442 suspicatur
3214 4369 3544 4441 legendum

1891 4446 2666 4519 émrerauévm;_,_vehementer
2682 4442 3157 4519 admodum.Sed
3180 4446 3382 4500 tamen
3404 4461 3546 4502 cum

1890 4535 2038 4575 mss.
2088 4511 2146 4574 et
2195 4516 2338 4573 editi
2390 4518 2737 4588 constanter
2779 4513 3050 4588 habeant
3094 4511 3542 4588 ἐπιτετευγμένως,

1889 4607 2028 4646 eam
2048 4605 2261 4645 vocem
2286 4586 2666 4660 retinendam
2687 4585 2952 4660 judicavi
2975 4603 2988 4660 ς
3021 4600 3094 4642 eo
3123 4585 3344 4660 magis,
3365 4585 3547 4660 'quod

1888 4661 2030 4718 huic
2055 4660 2189 4716 loco
2227 4675 2351 4715 non
2380 4657 2539 4714 male
2567 4655 2908 4730 conveniat.
2938 4659 3088 4713 Nam
3117 4655 3544 4730 ἐπιτετευγμένως

1893 4732 2142 4804 θεολογεὶν
2168 4736 2257 4787 est
2283 4730 2524 4804 studere
2537 4727 2859 4804 theologia:
2888 4745 3026 4784 cum
3048 4744 3122 4804 eo
3147 4727 3458 4804 successu,
3481 4735 3546 4804 ut

1889 4819 2023 4859 eam
2042 4799 2475 4874 assequamur.
2507 4803 2669 4856 Unus
2698 4803 2890 4874 codex
2913 4799 3542 4874 Combef,_énirsra57uio

1888 4895 2003 4945 νως,
2049 4869 2230 4931 νεειᾱ
2247 4875 2459 4930 ordine
2501 4889 2575 4929 ac
2602 4874 2737 4928 rite.
2764 4871 2897 4945 Jam
2927 4870 3108 4945 quod
3132 4869 3212 4945 ad
3237 4872 3368 4939 ejus
3383 4869 3542 4945 loci-

1891 4939 2250 5026 sententiam
2281 4945 2554 5026 pertinet,
2578 4947 2750 5015 putat
2778 4943 2868 5026 vir
2898 4939 3343 5026 eruditissimus
3372 4941 3540 5026 Gorn-

1886 5007 2548 5090 befisius,sapientiam'
2572 5007 2758 5086 quam
2790 5015 2815 5064 ὁ
2843 5011 3264 5090 ἐπιτετευγμένως
3297 5007 3544 5080 θεολογῶν

1888 5079 2217 5161 cognoscit,
2241 5079 2498 5142 Verbum
2525 5079 2814 5161 ast-eruum
2844 5097 2977 5138 esse
3001 5098 3014 5135 :
3036 5079 3260 5160 “mundi
3280 5095 3424 5161 vero
3448 5079 3548 5137 Sa-

1933 5159 2199 5220 ientiam,
2223 5160 2744 5232 perquamDeum
2767 5159 3280 5231 cognoscimusex
3303 5159 3544 5232 usque}:

1911 5234 2046 5285 acta
2093 5222 2251 5295 sunt,
2281 5222 2430 5284 nihil
2477 5227 2640 5283 aliud
2686 5222 3078 5293 esse,'quam
3123 5222 3544 5293 primordiales

1889 5299 2191 5374 quasdam
2222 5300 2505 5365 rationes,
2526 5295 2862 5374 secundum
2886 5308 3040 5373 quas
3063 5307 3156 5374 res
3180 5307 3217 5348 a
3242 5295 3362 5349 Deo
3383 5310 3548 5352 ema-

1887 5365 2140 5446 narunt;
2166 5371 2507 5446 fateturque
2522 5365 2830 5446 ejusmodi
2851 5365 3370 5446 sapientiam‘esse
3383 5383 3547 5426 crea-

1887 5448 2036 5502 tam.
2067 5434 2242 5500 Plura
2265 5441 2371 5512 qui
2397 5434 2580 5511 cupit,
2609 5441 2818 5496 notam
2846 5434 3195 5494 Coinbeﬁsii
3217 5435 3399 5512 legat.
