4076 6190
550 151 651 206 391

548 272 666 345 ipsi
696 271 886 327 Deum
911 284 1018 343 per
1041 267 1253 325 mundi
1279 265 1660 339 sapientiam.
1690 265 2030 323 Invisibilia
2049 265 2205 321 enim

549 364 758 433 ipsius,
792 376 830 418 α
859 361 1162 417 creatione
1184 357 1419 425 mundi,
1448 372 1562 426 per
1593 371 1662 413 ea
1683 370 1817 427 qua?
1853 356 2025 426 facta
2064 359 2205 411 sunt

549 453 878 519 intellecta,
901 448 1439 519 conspiciuntur”.
1470 445 1729 503 Adducit
1760 451 1961 502 autem
1991 460 2103 500 nos
2125 442 2205 499 ad

550 544 653 600 Dei
682 542 1112 614 cognitionem,
1154 554 1293 594 cum
1323 536 1466 592 dicit
1490 556 1503 593 :
1536 538 1697 593 Deus
1726 537 2028 606 sapientia
2051 536 2203 605 fun-

547 632 717 689 davit
749 638 995 687 terram.
1036 632 1183 683 Item
1210 643 1222 680 :
1267 626 1519 693 Quando
1543 625 1933 695 praeparabat
1964 624 2200 701 caelum,

549 737 682 778 cum
714 735 778 777 eo
800 718 1019 775 eram"
1046 734 1059 784 ;
1084 722 1168 772 et:
1193 716 1376 771 Eram
1399 716 1566 784 apud
1590 716 1784 784 ipsum
1807 719 2125 784 coaptans;
2146 717 2201 768 et

545 826 650 880 ego
675 824 860 874 eram,
884 821 1004 877 qua
1033 804 1503 861 delectabatur"
1533 806 1683 860 Nam
1710 803 2002 874 efﬁngens
2022 800 2200 858 nobis

545 897 854 970 sapientiae
879 910 1229 968 personam,
1251 893 1382 949 haec
1413 893 1622 949 omnia
1651 892 1726 948 de
1756 908 1829 948 ea
1858 890 2101 963 profert,
2137 892 2202 946 ut

544 986 951 1056 cognitionem
970 984 1101 1055 ejus
1122 982 1351 1039 claram
1373 998 1445 1038 ac
1461 981 1855 1055 conspicuam
1870 979 2104 1036 reddat.
2119 982 2198 1036 Ac

543 1076 793 1133 omnino
818 1073 1001 1130 illud:
1026 1074 1316 1129 Dominus
1343 1074 1569 1129 creavit
1591 1087 1683 1128 me
1708 1072 1931 1127 initiun
1963 1071 2198 1126 viarum

541 1181 793 1223 suarum
808 1165 874 1234 ⁷³,
891 1163 967 1219 de
993 1162 1293 1234 sapientia
1317 1161 1380 1216 in
1407 1160 1639 1216 mundo
1662 1164 1993 1233 apparente
2022 1158 2194 1215 dicit:

541 1272 680 1330 quae
709 1270 852 1310 voce
873 1269 980 1325 per
1000 1268 1071 1307 ea
1091 1267 1227 1323 quae
1251 1250 1530 1307 videntur
1551 1255 1782 1307 tantum
1804 1266 1927 1306 non
1948 1247 2191 1321 emissa,

541 1342 887 1401 conclamat
909 1340 1133 1397 factam
1161 1356 1223 1396 se
1248 1356 1380 1396 esse
1410 1356 1446 1396 a
1476 1342 1618 1409 Deo,
1648 1355 1773 1395 non
1802 1343 2006 1395 autem
2035 1337 2098 1394 in
2124 1337 2197 1393 iis

540 1448 678 1505 qum
708 1429 953 1487 condita
983 1432 1142 1495 sunt,
1178 1428 1540 1499 sapientiam
1588 1431 1820 1484 tantam
1858 1442 2006 1483 casu
2044 1426 2198 1482 relu-

541 1536 698 1578 cere.
726 1523 795 1576 Ut
825 1519 988 1575 enim
1019 1519 1172 1575 Cwli
1188 1523 1482 1575 enarrant
1502 1519 1761 1588 gloriam
1780 1518 1909 1585 Dei,
1936 1522 1990 1574 et
2011 1531 2195 1586 opera

541 1624 832 1667 manuum
851 1611 981 1678 ejus
1002 1608 1330 1664 annuntiat
1344 1608 1793 1677 ﬁrmamentum
1808 1609 2077 1678 (narrant
2092 1622 2195 1661 au-

538 1704 662 1757 tem
699 1698 936 1770 absque
962 1697 1164 1767 voce);
1195 1711 1316 1752 non
1344 1701 1487 1752 sunt
1513 1696 1677 1752 enim
1708 1697 1982 1768 loquelce,
2007 1709 2196 1768 neque

537 1804 855 1855 sermones,
885 1802 1139 1859 quorum
1180 1801 1302 1843 non
1330 1787 1670 1843 audiuntur
1698 1800 1864 1843 voces
1889 1786 2191 1843 eorum“:

535 1878 622 1936 ita
655 1877 910 1951 quidam
951 1878 1123 1948 100
1151 1891 1461 1932 sermones
1510 1879 1649 1932 sunt
1694 1875 1854 1931 illius
1901 1874 2197 1947 sapientia

536 1967 930 2041 primigeniis,
963 1967 1137 2038 cujus
1187 1966 1653 2023 fondamentum
1692 1970 1830 2022 ante
1863 1966 2098 2038 reliqua
2132 1965 2195 2022 in

535 2057 752 2115 mundi
779 2056 1022 2129 opiﬁcio
1055 2072 1177 2113 una
1205 2072 1346 2112 cum
1374 2057 1558 2113 rebus
1583 2056 1796 2112 creatis
1817 2056 2048 2126 jactum
2080 2060 2191 2112 est.

536 2150 672 2204 Haec
694 2152 900 2204 tacens
920 2145 1142 2203 clamat
1163 2146 1539 2202 conditorem
1559 2161 1631 2201 ac
1651 2145 1969 2201 Dominum
1991 2162 2193 2216 suum,

534 2241 602 2293 ut
629 2252 736 2309 per
764 2236 965 2308 ipsam
995 2234 1074 2291 ad
1117 2234 1530 2305 cognitionem
1560 2234 1717 2306 ejus,
1757 2235 1861 2307 qui
1894 2234 2059 2291 solus
2097 2252 2195 2293 sa-

534 2326 711 2399 piens
752 2329 861 2395 est,
902 2339 1200 2381 recurras.

605 2418 659 2471 4.
700 2416 802 2470 Est
820 2417 878 2469 et
894 2413 1167 2469 humana
1187 2412 1474 2485 quaedam
1497 2411 1818 2484 sapientia,
1836 2412 1952 2486 ipsi
1972 2412 2197 2471 scilicet

530 2518 732 2561 rerum
747 2501 826 2559 ad
838 2502 1023 2558 vitam
1037 2500 1417 2557 attinentium
1428 2500 1812 2573 experientia,
1821 2502 1997 2573 juxta
2006 2518 2193 2575 quam

533 2592 837 2665 sapientes
862 2591 1122 2647 dicimus
1150 2606 1277 2655 eos,
1300 2590 1406 2662 qui
1430 2590 1653 2647 artium
1683 2593 2042 2663 quarumvis
2084 2592 2193 2649 uti-

531 2680 684 2737 lium
714 2679 890 2752 periti
935 2683 1095 2735 sunt.
1129 2681 1511 2751 Quapropter
1539 2680 1724 2736 etiam
1770 2680 2025 2752 scriptor
2066 2696 2192 2738 ma-

531 2785 719 2840 gnam
732 2768 868 2824 libri
881 2768 1187 2840 partemin
1203 2768 1626 2841 idinsumpsit,
1640 2775 1707 2825 ut
1725 2769 1805 2826 ad
1827 2770 2186 2843 sapientiam

530 2858 968 2916 exhortaretur.
980 2858 1294 2928 Sapientia
1311 2859 1375 2913 in
1390 2859 1648 2915 exitibus
1666 2862 1903 2916 viarum
1920 2862 2185 2927 canitur,

1930 142 1989 198 S.
2027 142 2112 196 BA
2123 140 2275 198 SILII
2314 139 2529 199 MAGNI

3788 150 3880 206 392

2240 265 2288 318 Α
2316 266 2445 336 ἔγνω
2500 271 2589 319 καὶ
2646 267 2798 329 αὐτὸς
2855 265 2949 320 διά
3015 276 3105 329 τῆς
3159 275 3251 321 τοῦ
3320 271 3523 342 κόσμου
3589 276 3763 343 σοφίας
3808 274 3887 324 τόν

2316 358 2464 409 Θεόν.
2524 358 2601 408 Τά
2650 359 2752 431 γάρ
2812 355 3009 432 ἀόρατα
3064 358 3223 410 αὑτοῦ
3281 357 3383 411 ἀπὸ
3440 363 3655 419 κτίσεως
3707 364 3888 433 κόσμον

2312 450 2414 503 τοῖς
2466 449 2730 517 ποιήμασι
2776 449 3024 519 νοούμενα
3069 449 3379 521 καθορᾶται.
3436 446 3782 522 Προσϐιϐάζει
3833 445 3888 502 δέ

2312 534 2447 604 ἡμᾶς
2497 542 2556 607 τῇ
2616 540 2735 610 περὶ
2787 543 2919 589 Θεοῦ
2975 536 3142 608 ἐννοίᾳ
3169 538 3305 607 (92),
3352 533 3425 588 δι’
3477 537 3545 588 ὦν
3604 557 3791 609 φησιν·
3834 538 3888 591 ’0

2312 625 2438 682 Θεὸς
2489 631 2550 695 τῇ
2615 630 2771 696 σοφίᾳ
2820 624 3121 698 ἐθεμελίωσε
3171 630 3265 684 την
3312 634 3448 697 γῆν·
3503 631 3593 678 καὶ
3644 630 3726 696 τό,
3759 626 3889 680 Ἡνί-

2311 730 2379 762 κα
2430 712 2685 784 ἡτοίμαζε
2739 716 2827 766 τόν
2885 713 3118 787 οὐρανόν,
3172 718 3531 789 πμπαρήμην
3585 715 3757 785 αὐτῷ·
3806 719 3889 768 καὶ

2311 803 2391 869 τὸ,
2442 798 2615 873 Ἵίμην
2678 801 2801 877 παρ’
2855 802 2996 873 αὐτῷ
3049 803 3395 876 ἀρμόξουσα-
3451 802 3597 875 κάγὼ
3651 808 3801 877 ἤμην,

2310 893 2653 965 προσέχαιρε·
2686 898 2864 943 Ταῦτα
2890 894 2991 967 γάρ
3036 894 3225 961 πάντα,
3257 897 3735 968 προσωποποιήσας
3772 895 3887 966 ημῖν

2310 983 2409 1030 τῶν
2483 985 2685 1051 σοφίαν.
2756 982 2881 1055 ὑπὲρ
2949 988 3041 1033 τοῦ
3101 981 3322 1055 ἐναργῶς
3393 981 3552 1042 αὐτῆς
3621 992 3890 1057 παραστῆ-

2315 1086 2404 1120 σαι
2439 1073 2532 1127 τὴν
2574 1078 2788 1141 γνῶσιν,
2823 1069 2908 1123 ἀπ’
2952 1071 3112 1131 αὐτῆς
3164 1068 3478 1142 διαλέγεται.
3523 1076 3624 1123 Καί
3671 1072 3786 1132 ὅλως
3812 1076 3891 1143 τό,

2312 1161 2714 1232 Κύριοςιὲκτισί
2758 1180 2821 1233 με
2847 1162 2957 1231 (93)
3008 1159 3182 1235 ἀρχὴν
3236 1157 3371 1213 ὁδῶν
3420 1160 3601 1229 αὐτοῦ,
3645 1166 3760 1236 περὶ
3804 1170 3894 1223 τῆς

2309 1245 2678 1321 ἐμφαινομένης
2745 1254 2925 1323 σοφίας
2983 1257 3056 1320 τῷ
3117 1254 3300 1323 κόσμῳ
3374 1255 3547 1323 φησὶ,
3616 1256 3894 1323 μονονουχὶ

2310 1342 2477 1409 φωνὴν
2533 1336 2769 1411 ἀφιείσης
2817 1336 2912 1391 διά
2958 1348 3057 1392 τῶν
3111 1340 3401 1415 ὁρωμένων,
3447 1342 3528 1393 ὅτι
3575 1342 3719 1413 παρά
3766 1348 3895 1393 θεοῦ

2306 1430 2523 1498 γέγονε,
2577 1434 2666 1481 καὶ
2710 1428 2804 1481 οὐκ
2856 1429 3157 1502 αὐτομάτως
3205 1432 3235 1487 ἠ
3289 1432 3524 1487 τοσαύτη
3588 1434 3742 1501 σοφία
3792 1436 3896 1490 τοῖς

2307 1512 2724 1570 ἀποτελεσθεῖσιν
2782 1517 3049 1593 ἐμπρέπει.
3108 1518 3191 1579 Ὠς
3244 1520 3347 1593 γὰρ
3406 1521 3473 1571 Oi
3537 1517 3743 1593 ούρανοὶ
3805 1514 3895 1570 δι-

2233 1618 2273 1673 B
2307 1613 2557 1676 ηγοῦνται
2632 1604 2789 1670 δόξαν
2850 1614 3024 1678 Θεοῦ,
3093 1612 3184 1660 καὶ
3247 1612 3464 1665 ποίησιν
3542 1616 3641 1659 τῶν
3706 1616 3894 1683 χειρῶν

2304 1694 2465 1748 αὐτοῦ
2513 1695 2809 1769 ἀναγγελλει
2859 1700 2918 1750 τὸ
2980 1701 3245 1772 στερέωμα
3286 1694 3622 1769 (διηγοῦνται
3670 1693 3728 1750 δὲ
3774 1698 3893 1750 ἄνευ

2305 1787 2529 1859 φωνῆς)·
2580 1787 2639 1839 ού
2690 1790 2792 1863 γὰρ
2846 1787 2950 1839 εἰσι
3004 1786 3197 1852 λαλιαί,
3256 1784 3380 1841 ούδὶ
3429 1786 3597 1859 λόγοι,
3651 1783 3717 1837 ὧν
3766 1785 3895 1858 ούχί

2305 1874 2581 1928 ἀκούονται
2636 1878 2750 1948 (94)
2802 1878 2857 1928 αἱ
2910 1880 3072 1949 φωναὶ
3135 1874 3340 1928 αὐτῶν*
3396 1876 3555 1936 οὕτως
3611 1874 3715 1928 εἰσί
3765 1892 3896 1935 τινες

2303 1970 2393 2018 καὶ
2438 1970 2619 2038 σοφίας
2661 1963 2808 2037 λόγοι
2853 1974 2945 2026 τῆς
2992 1964 3304 2041 ἀρχεγόνου,
3333 1973 3426 2025 τῆς
3467 1968 3569 2040 πρὸ
3606 1984 3704 2036 τῳν
3732 1961 3896 2017 ἄλλων

2305 2055 2353 2108 ἕν
2399 2063 2463 2127 τῇ
2515 2051 2844 2129 δημιουργίᾳ
2875 2054 3395 2127 συγκαταϐληθείσης
3424 2062 3486 2127 τῇ
3532 2058 3721 2108 κτίσει.
3754 2053 3896 2111 Δῦτη

2308 2153 2565 2197 σιωπῶσα
2614 2144 2719 2218 βοᾷ
2769 2148 2856 2197 τόν
2901 2144 3090 2206 ἑαυτῆς
3136 2149 3357 2203 κτίστην
3412 2149 3499 2198 καὶ
3559 2147 3768 2219 Κύριον.
3812 2144 3903 2196 ἶνα

2303 2232 2378 2288 δι’
2440 2234 2600 2296 αὐτῆς
2657 2231 2969 2310 ἀναδριέψης
3022 2234 3107 2289 ἐπί
3170 2239 3269 2288 τὼν
3339 2237 3532 2288 ἔννοιαν
3592 2240 3686 2287 τοῦ
3736 2236 3899 2306 μόνου

2304 2331 2485 2397 σοφοῦ.

2371 2416 2425 2469 4.
2468 2411 2625 2467 Ἐστι
2668 2409 2729 2466 δέ
2773 2434 2850 2475 τις
2896 2418 2987 2467 καὶ
3029 2411 3323 2489 ἀνθρωπίνη
3360 2416 3558 2486 σοφίαι
3589 2413 3621 2471 ἡ
3654 2411 3907 2487 ἕμπειρία

2298 2510 2398 2554 τῶν
2440 2505 2577 2555 κατά
2619 2505 2707 2557 τὸν
2757 2500 2875 2574 βίον
2916 2503 3261 2577 πραγμάτων,
3308 2500 3424 2553 καθ’
3475 2499 3536 2559 ἢν
3585 2502 3770 2572 σοφοὺς
3809 2499 3906 2553 λί-

2296 2611 2452 2665 γομεν
2497 2595 2616 2653 τούς
2661 2591 2779 2644 καθ’
2828 2590 3052 2649 ἐκαστην
3099 2599 3199 2643 τῶν
3231 2590 3494 2663 ὠφελίμων
3532 2597 3729 2661 τεχνῶν
3773 2589 3905 2642 ἐπι-

2299 2688 2578 2756 στήμονας.
2611 2687 2793 2758 Διόπερ
2824 2687 2915 2735 καὶ
2956 2685 3014 2735 τό
3060 2681 3191 2735 πολὺ
3218 2688 3310 2742 τῆς
3340 2680 3526 2754 βίϐλου
3571 2680 3623 2733 ἐν
3658 2687 3721 2752 τῇ
3772 2686 3907 2756 περί

2291 2782 2385 2834 τῆς
2453 2778 2635 2846 σοφίας
2696 2780 2964 2848 προτροπῇ
3018 2778 3092 2842 τῷ
3152 2778 3442 2846 συγγραφεῖ
3506 2769 3902 2825 χατανάλωται.

2293 2867 2452 2935 Σοφία
2506 2863 2557 2915 ἐν
2615 2859 2813 2925 ἐξόδοις
2879 2862 3114 2933 ὑμνεῖται
3169 2861 3325 2931 (95),
3379 2857 3427 2911 ἐν
3494 2855 3555 2912 δε
3624 2858 3906 2921 πλατείαις

527 2948 594 3004 in
623 2948 842 3018 plateis
873 2954 1073 3005 autem
1119 2964 1252 3004 cum
1287 2948 1564 3005 libertate
1587 2950 1736 3019 agit,
1764 2955 1819 3006 et
1846 2952 1911 3006 in
1941 2952 2174 3007 summi:

2294 2951 2590 3026 παρρησίαν
2664 2954 2781 3023 ἄγει
2810 2972 2822 2984 ·
2883 2949 2961 3003 ἐπ’
3036 2951 3207 3025 ἄκρων
3274 2945 3336 3002 δί
3384 2952 3599 3020 τειχέων
3675 2949 3901 3021 κηρύσ-

526 3038 821 3095 manibus
832 3037 1291 3107 praedicatur".
1309 3039 1455 3095 Cum
1474 3037 1635 3094 enim
1650 3038 2183 3098 videathominum

526 3128 591 3185 in
617 3144 683 3185 se
703 3128 994 3196 studium,
1017 3143 1250 3201 nosque
1271 3144 1485 3184 omnes
1513 3129 1642 3200 ejus
1664 3128 2053 3202 splendorem
2073 3148 2183 3188 na-

526 3215 798 3273 turaliter
822 3231 1051 3285 amare,
1074 3231 1181 3288 per
1202 3216 1516 3288 sapientius
1532 3216 1747 3273 laudes
1766 3218 2002 3275 animas
2030 3220 2182 3276 exci-

526 3309 615 3363 tat
639 3303 720 3361 ad
748 3319 886 3361 eam
914 3304 1175 3377 impigre
1196 3304 1637 3378 diligenterque
1662 3308 2180 3380 consequendam.

530 3399 882 3454 Sermonem
911 3394 1105 3468 ipsius
1148 3394 1376 3468 ubique
1404 3395 1666 3453 multum
1695 3412 1826 3455 esse
1853 3398 1935 3456 ait
1959 3401 2022 3455 in
2048 3399 2181 3469 viis,

523 3485 589 3543 in
626 3486 780 3553 foro,
807 3485 869 3541 in
901 3484 1146 3541 arcibus
1184 3485 1459 3543 civitatis.
1501 3486 1732 3544 Idcirco
1774 3488 1916 3545 dicti
1952 3494 2178 3563 portas,

522 3575 879 3650 plateasque
909 3580 965 3633 et
994 3576 1245 3648 muenia,
1272 3576 1357 3633 sic
1389 3582 1454 3633 ut
1483 3593 1591 3650 per
1608 3578 1803 3635 exitus
1830 3580 2080 3653 quidem
2109 3596 2182 3638 ac

522 3665 758 3740 plateas
789 3665 1122 3723 claritatem
1151 3668 1282 3738 ejus
1321 3666 1583 3724 indicet:
1616 3684 1725 3741 per
1761 3669 1987 3728 mcenia
2012 3687 2178 3741 vero,

522 3754 842 3811 utilitatem
867 3754 1145 3827 ejusdem
1166 3771 1236 3812 ac
1256 3760 1489 3824 caetera,
1516 3773 1654 3829 quas
1681 3757 1761 3814 ad
1779 3775 2023 3816 omnem
2045 3761 2180 3818 vitae

522 3845 907 3902 securitatem
934 3844 1255 3901 sufficiant.
1287 3848 1349 3901 Et
1369 3861 1510 3902 cum
1531 3846 1703 3903 vellet
1721 3864 1833 3905 nos
1855 3849 1909 3905 ei
1929 3865 2182 3907 consue-

520 3934 729 3991 tudine
759 3951 831 3991 ac
873 3934 1322 3991 necessitudine
1354 3939 1763 4006 conjungere:
1795 3939 1927 4011 Dic,
1960 3939 2178 4012 inquit,

518 4024 879 4094 sapientiam
912 4029 1075 4080 tuam
1104 4038 1367 4079 sororem
1394 4026 1597 4080 esse“.
1630 4026 1715 4081 Ac
1744 4042 1990 4083 rursus:
2023 4030 2179 4086 Ama

520 4117 740 4184 eam,et
760 4114 1021 4169 servabit
1042 4114 1175 4169 te".
1201 4112 1422 4168 Deinde
1444 4129 1837 4171 communem
1861 4117 2051 4189 ipsius
2071 4119 2181 4175 uti-

515 4201 747 4259 litatem
778 4201 1127 4271 ostendens,
1150 4200 1315 4274 quod
1340 4202 1566 4259 utilitas
1585 4203 1782 4276 ipsius
1805 4222 1867 4262 se
1897 4222 2179 4281 peraeque

517 4290 597 4347 ad
612 4306 825 4348 omnes
842 4289 1145 4348 extendat:
1161 4291 1675 4366 Mactavit,inquit,
1686 4295 1955 4354 victimas
1967 4299 2176 4356 suas”:

586 4468 638 4504 ἰο
677 4470 848 4525 Rom.
871 4482 910 4536 ι,
933 4471 1019 4525 20.

514 4538 565 4577 ⁷⁸
602 4543 775 4597 Prov.
806 4554 903 4609 vn,
931 4542 985 4596 4.

1099 4467 1145 4505 τι
1189 4470 1359 4525 Prov.
1391 4484 1474 4540 in,
1500 4474 1588 4529 19.

1061 4538 1107 4576 ⁷⁷
1150 4543 1318 4598 Prov.
1353 4557 1435 4612 iv,
1459 4538 1521 4599 '6.
1595 4544 1645 4580 ⁷⁸
1684 4546 1858 4604 Prov.
1890 4563 1962 4614 ix,
1993 4551 2049 4604 2.

582 4701 707 4785 (9&2).
739 4699 903 4759 Colb.
955 4700 1164 4757 tertius
1205 4700 1516 4779 προϐιϐάζιι
1570 4700 1629 4758 δὶ
1676 4707 1801 4781 ἡμῖν
1852 4708 1947 4766 τὴν
1999 4713 2116 4785 περὶ

515 4781 651 4829 Θεοῦ
682 4776 892 4829 ἔννοιαν.

584 4848 701 4923 (93)
735 4846 826 4902 Sic
869 4844 1119 4923 quidem
1168 4843 1395 4923 editum
1438 4845 1739 4923 invenitur
1767 4850 1934 4923 apud
1966 4853 2113 4921 LXX,

511 4919 681 4994 ἔκτισξ
710 4936 792 4991 με,
826 4918 1050 4994 ereavit
1080 4932 1173 4994 me
1201 4933 1222 4972 :
1253 4918 1359 4973 sed
1390 4918 1549 4990 apud
1586 4919 1733 4994 alios
1762 4918 2115 4994 interpretes

509 5004 623 5116 Ero
654 4988 825 5041 ἔκτισε
854 4988 1068 5058 legitur
1089 4988 1366 5058 ἐκτήσατο,
1387 4988 1647 5059 possedit
1674 5008 1785 5061 me,
1808 4988 2115 5050 nec-secus

555 5060 697 5116 abet
742 5060 1016 5116 Vulgata.
1068 5061 1322 5115 Ducteus
1366 5060 1557 5116 multa
1603 5062 1665 5116 in
1703 5063 1867 5116 hunc
1913 5065 2114 5116 locum

555 5060 697 5116 abet
742 5060 1016 5130 Vulgata.
1068 5061 1322 5115 Ducteus
1366 5060 1557 5117 multa
1603 5062 1665 5117 in
1703 5060 1867 5121 hanc
1912 5065 2115 5122 locum

508 5132 748 5208 notavit
759 5149 781 5208 μς
813 5136 1111 5208 nec_certe
1141 5132 1393 5208 indigna
1420 5137 1562 5208 sunt
1585 5150 1721 5205 quae
1746 5134 2042 5208 legantur.

579 5204 691 5271 (94)
733 5205 897 5258 Hunc
940 5202 1141 5259 locum
1182 5205 1250 5275 ὧν
1283 5202 1425 5275 ⁷οὐχὶ
1471 5202 1764 5272 ἀκούονται,
1800 5202 1934 5275 Etc.,
1975 5207 2113 5263 illu-

509 5273 708 5327 strans
740 5275 993 5345 Ducteus
1022 5275 1083 5329 in
1114 5274 1237 5329 suis
1288 5273 1470 5345 notis,
1505 5276 1585 5333 ait
1629 5277 1711 5333 ita
1759 5273 2115 5335 vertendum

508 5356 642 5424 esse
664 5358 801 5424 cum
823 5343 1383 5424 C‘onario,q_u_or_um_
1396 5343 1663 5416 ipsorum
1685 5365 1850 5424 voces
1870 5366 1991 5405 non
2012 5366 2116 5407 au-

506 5412 897 5495 diuntur,aut
912 5421 1087 5495 certe,
1105 5412 1155 5471 si
1172 5412 1591 5495 Hebrais'mum
1611 5425 1668 5475 et
1688 5420 2113 5495 pleonasmum

507 5498 747 5543 servare
772 5485 1050 5555 velimus,
1068 5488 1187 5545 hoc
1209 5489 1419 5559 modo,
1438 5485 1838 5561 quorum’non
1860 5494 2115 5551 audiun-

1664 4473 1713 4509 ⁷⁸
1758 4476 1927 4531 Prov.
1956 4477 2078 4546 vin,
2108 4481 2292 4537 27-30.

2294 3060 2460 3097 σεται.
2505 3041 2666 3117 Ὀρῶν
2713 3042 2815 3113 γὰρ
2862 3042 2922 3092 τὸ
2967 3038 3231 3112 φιλότιμον
3276 3046 3377 3091 τῶν
3432 3036 3744 3111 ἀνθρώπων,
3796 3041 3901 3091 καὶ

2290 3134 2370 3185 ὅτι
2418 3134 2600 3191 πάντες
2642 3138 2872 3203 φυσικῶς
2913 3131 2971 3182 τό
3019 3131 3286 3204 περιφανὶς
3324 3126 3484 3188 αὐτῆς
3514 3125 3898 3199 ἀσπαζόμεθα,

2290 3218 2385 3275 διὰ
2411 3230 2510 3274 τῶν
2551 3220 2768 3273 ἐπαίνων
2810 3228 2903 3279 τῆς
2933 3222 3115 3291 σοφίας
3157 3217 3406 3291 ἐπεγείρει
3434 3218 3523 3277 τὰς
3549 3214 3732 3287 ψυχὰς
3757 3219 3907 3291 πρὸς

2286 3314 2345 3364 τό
2393 3315 2464 3383 μὴ
2506 3311 2709 3385 νωθρῶς
2763 3304 2901 3381 μηδὶ
2949 3312 3218 3383 παρέργως
3261 3306 3421 3366 αὐτῆς
3477 3302 3903 3361 ἀντιποιεῖσθαι.

2287 3406 2572 3471 Πανταχοῦ
2624 3398 2784 3458 αὐτῆς
2833 3395 2993 3450 πολὺν
3051 3392 3180 3449 εἶναι
3236 3398 3322 3448 τόν
3378 3393 3528 3466 λόγον
3585 3397 3746 3466 φησίν
3770 3436 3791 3460 ,
3845 3391 3909 3446 ἓν

2286 3486 2454 3555 ὁδοῖς,
2504 3488 2553 3541 ἐν
2605 3485 2836 3562 ἀγοραῖς,
2897 3485 2948 3538 ἐν
2999 3492 3104 3546 τοῖς
3156 3484 3477 3559 ὀχυρώμασι
3526 3490 3618 3543 τῆς
3667 3481 3905 3544 πόλεως.

2287 3581 2383 3631 Διά
2427 3586 2581 3631 τοῦτο
2622 3576 2784 3636 πύλας
2830 3574 2962 3647 λέγει
3007 3578 3096 3627 καὶ
3151 3572 3390 3634 πλατείας
3437 3577 3527 3625 καὶ
3572 3575 3751 3643 τείχη,
3797 3568 3915 3625 διὰ

2286 3671 2376 3743 μὲν
2417 3675 2519 3721 τῶν
2563 3662 2751 3730 ἐξόδων
2796 3668 2886 3717 καὶ
2925 3671 3023 3717 τῶν
3070 3661 3323 3715 πλατειῶν
3371 3666 3429 3715 τὸ
3471 3662 3738 3736 περιφανες
3786 3660 3913 3713 αύ-

2286 3767 2379 3819 τῆν
2431 3760 2756 3830 ὑποφαίνων,
2820 3751 2915 3807 διὰ
2967 3749 3026 3806 δὲ
3074 3760 3175 3805 τῶν
3231 3758 3423 3824 τειχῶν
3469 3752 3528 3803 τὸ
3582 3748 3669 3802 ἀπ’
3718 3749 3914 3811 αὐτῆς

2287 3850 2555 3924 ὠφέλιμον,
2583 3853 2673 3901 καὶ
2714 3849 2841 3922 πρὸς
2863 3850 3038 3898 πᾶσαν
3082 3841 3363 3915 ἀσφάλειαν
3393 3847 3483 3894 τοῦ
3533 3838 3654 3913 βίον
3681 3842 3912 3913 αὔταρ-

2285 3961 2387 4003 κες.
2462 3945 2563 3993 Καὶ
2640 3936 2946 4011 βουλόμενος
3010 3935 3147 4007 ἡμᾶς
3218 3932 3348 4003 αὐτῇ
3422 3937 3851 4006 προσοικειῶσαι
3889 3949 3910 3964 ·

2285 4027 2478 4101 Εἶπον,
2529 4033 2697 4101 φησί,
2747 4030 2841 4085 τὴν
2897 4028 3080 4097 σοφίαν
3136 4026 3233 4080 σὴν
3283 4017 3507 4093 ἀδελφὴν
3568 4016 3731 4072 εἶναι·
3802 4023 3914 4071 καὶ

2284 4120 2478 4174 πάλιν·
2534 4118 2820 4193 Ἐράσθητι
2875 4114 3055 4181 αὐτῆς,
3096 4110 3187 4163 καί
3239 4114 3460 4185 τηρήσει
3511 4127 3586 4162 σε.
3647 4103 3783 4160 Εἶτα
3837 4110 3912 4159 τὸ

2285 4207 2577 4283 κοινωφελες
2612 4206 2771 4265 αὐτῆς
2818 4199 3217 4274 ἐνδεικνύμενος,
3262 4203 3352 4251 καὶ
3382 4200 3461 4250 ὅτι
3502 4202 3664 4250 πᾶσιν
3695 4196 3917 4268 ὁμοίως

2288 4298 2482 4353 ἀνεῖται
2529 4300 2586 4349 τό
2632 4294 2720 4348 ἀπ’
2770 4294 2929 4353 αὐτῆς
2977 4289 3262 4364 ὠφίλιμον·
3311 4285 3562 4361 Ἕσφαξε,
3609 4303 3764 4358 φησι,
3831 4286 3921 4339 τὰ

3450 4466 3499 4502 ⁷⁵
3528 4466 3699 4523 Prov.
3722 4478 3771 4533 ι,
3798 4465 3915 4536 20,

2370 4477 2420 4514 ⁷³
2458 4474 2605 4533 ibid.
2627 4475 2718 4530 22.
2791 4471 2844 4509 ’³⁸
2881 4469 3032 4529 Psal.
3054 4484 3213 4538 xvm,
3238 4470 3292 4536 2,
3318 4468 3375 4524 4.

2224 4713 2329 4765 tur
2348 4721 2513 4766 voces
2539 4715 2778 4775 eorum;
2802 4695 3238 4777 quasi,inquit,
3271 4696 3432 4755 dicat
3480 4692 3671 4753 David
3694 4693 3918 4777 :_No_n

2220 4787 2362 4837 sunt
2388 4780 2637 4851 loquelas
2656 4771 2940 4833 caelorum
2962 4771 3317 4851 illa—neque
3334 4780 3652 4851 sermones,
3674 4771 3922 4835 utpote

2220 4846 2476 4924 quorum
2507 4863 2677 4907 voces
2707 4864 2827 4903 non
2854 4846 3215 4913 audiuntur,
3216 4848 3291 4924 ft
3324 4846 3615 4924 tamenin
3644 4852 3914 4924 omnem

2222 4912 2448 4980 terram
2497 4924 2681 4979 exivit
2729 4933 2908 4975 sonus
2948 4931 3169 4973 eorum.
3198 4912 3281 4968 'Et
3307 4928 3384 4968 ne
3427 4912 3555 4967 haec
3584 4912 3915 4980 interpre-

2221 4995 2365 5067 tatio
2396 5010 2556 5050 nova
2596 4991 2893 5067 videatu_r_,
2919 4988 3048 5067 ejus
3078 4984 3319 5067 profert
3348 4980 3786 5067 veteres‘duos
3822 4995 3916 5036 ac

2218 5066 2472 5122 idoneos
2502 5068 2801 5130 auctores,
2826 5051 3299 5117 Tbebdotionem
3329 5059 3385 5110 et
3414 5051 3913 5130 Theodoretqm.

2291 5138 2406 5209 (95)
2446 5136 2569 5199 Illa.
2592 5122 2917 5209 omnia...“
2947 5131 3291 5209 κηρύσσεται,
3319 5126 3509 5209 active
3532 5138 3609 5209 an
3631 5122 3914 5209 passive

2221 5192 2804 5280 ace’ipiaintu'r,'nihil,
2827 5201 2995 5280 quod
3016 5192 3102 5280 ἐᾷ
3133 5214 3377 5255 sensum
3406 5192 3914 5280 a‘ttine‘tfreferrg

2221 5265 2614 5336 arbitramur:
2640 5265 2871 5332 Etenini
2898 5275 2946 5328 si
2974 5273 3167 5345 active
3210 5273 3547 5345 sumantur,
3588 5265 3733 5345 haec
3774 5265 3917 5345 erit

2223 5334 2540 5418 sententia,
2575 5346 2885 5420 Sapientia
2921 5343 3189 5420 seipsam
3230 5340 3393 5420 canit
3431 5354 3501 5420 ac
3532 5334 3859 5420 praedicat
3889 5354 3909 5389 :

2223 5422 2276 5495 si
2308 5409 2563 5495 passive,
2591 5409 2722 5495 haec
2764 5415 2949 5473 verba
2983 5409 3075 5495 ita
3109 5410 3503 5495 intelligenda
3540 5411 3740 5495 erunt,
3779 5409 3909 5466 Sa.-

2219 5485 2446 5567 pie’ntia
2471 5490 2707 5549 canitur
2736 5504 2807 5546 ac
2837 5485 3201 5561 praedicatur
3228 5499 3266 5541 a
3295 5485 3644 5553 semetipsa.
