4076 6190
192 244 303 300 393

1156 231 1452 299 HOMILIA
1492 243 1560 299 IN
1593 230 2006 298 PRINCIPIUM
2043 242 2617 301 PROVERBIORUM.

3469 235 3573 308 ast

196 368 394 428 ἑαυτῆς
435 368 680 439 θύματα·
731 369 994 435 τουτέστι,
1045 369 1253 440 στερεὰν
1300 372 1496 441 τροφὴν
1545 369 1800 440 ἡτοιμασε

1920 365 2028 422 hoc
2057 371 2164 436 est,
2196 368 2456 424 solidum
2485 369 2688 425 cibum
2719 370 3081 442 praeparavit
3111 371 3204 441 iis,
3225 373 3330 446 qui
3351 375 3581 440 anima;

194 465 307 517 τοῖς
359 453 458 508 διὰ
500 461 595 513 τήν
642 456 744 518 ἕξιν
791 461 1233 528 γεγυμνασμένοις
1261 460 1328 509 τὰ
1357 457 1667 530 αἰσθετήρια
1707 465 1801 518 τῆς

194 545 414 617 ψυχῆς.
483 544 751 618 Ἐκέρασεν
806 545 877 606 εἰς
941 555 1179 620 κρατῆρα
1242 549 1330 598 τὸν
1388 550 1578 608 ἑαυτῆς
1646 543 1800 614 οἶνον,

196 641 284 688 τὸν
356 635 697 707 εὐφραίνοντα
758 631 985 710 καρδίαν
1065 633 1357 710 ἀνθρώπου.
1429 643 1680 710 Κρατῆρα
1746 632 1805 689 ὃὶ

194 725 332 796 λέγει
383 730 483 782 τήν
528 729 706 781 κοινὴν
751 728 842 776 καὶ
899 720 1173 797 πάνδημον
1219 734 1318 777 τῶν
1371 724 1578 796 ἀγαθῶν
1625 744 1807 798 μετου-

198 819 320 868 σίαν
346 836 361 848 ·
396 815 511 867 ὅθεν
554 815 804 886 όμοτίμος
847 819 1008 865 πᾶσιν
1057 813 1226 876 ἔξεστι
1259 817 1318 866 τὸ
1350 813 1554 885 ἐκάστῷ
1585 811 1805 866 δυνατόν

193 910 287 958 καὶ
379 907 678 977 σύμμετρον
736 901 1084 977 ἀπαρύεσθαι.
1146 907 1247 956 Καί
1319 905 1647 976 ἡτοιμάσατο
1712 907 1806 961 τὴν

196 996 393 1055 ἑαυτῆς
450 992 737 1066 τράπεζαν.
794 994 976 1045 Πάντα
1030 988 1111 1045 δι’
1163 991 1429 1066 ἐμφάσεως
1490 993 1645 1065 λέγει,
1712 989 1810 1044 διὰ

195 1094 300 1136 τῶν
367 1090 682 1156 σωματικῶν
740 1083 809 1134 τὰ
857 1083 1185 1154 πνευματικὰ
1253 1084 1378 1155 ἡμῖν
1434 1077 1804 1156 παραδεικνύς.

195 1181 305 1232 Τήν
332 1176 440 1247 γὰρ
491 1172 705 1244 λογικὴν
751 1175 942 1246 τρογήν
989 1178 1085 1234 τῆς
1113 1171 1302 1243 ψυχῆς
1331 1173 1594 1244 τράπεζαν
1626 1171 1809 1243 ὀνομά-

200 1266 299 1331 ζει,
335 1267 469 1338 πρὸς
502 1262 562 1320 ἣν
589 1260 840 1333 συγκαλεῖ
863 1263 996 1334 μετὰ
1036 1260 1240 1332 ὑψηλοῦ
1271 1264 1627 1336 κηρύγματος,
1661 1280 1810 1313 τουτ-

200 1354 338 1420 έστι,
399 1355 536 1426 μετά
584 1349 861 1424 δογμάτων
914 1347 1064 1404 οὐδὲν
1109 1355 1351 1406 ταπεινὸν
1405 1349 1529 1406 οὐδὲ
1583 1349 1810 1404 καταϐε-

199 1444 457 1517 ϐλημένον
531 1440 778 1514 ἑχόντων.
851 1438 948 1502 ’ος
1029 1439 1170 1494 ἐστιν
1253 1442 1446 1516 ἄφρων,
1528 1440 1811 1493 ἐκκλινάτω

199 1539 335 1609 πρὸς
381 1536 469 1606 μέ.
501 1531 588 1593 Ὠς
617 1533 717 1605 γὰρ
767 1532 818 1583 οἱ
867 1528 1170 1591 ἀσθενοῦτες
1217 1531 1517 1604 χρῄζουσιν
1549 1530 1808 1604 ἰατρικῆς,

201 1626 341 1679 οὕτω
368 1626 560 1694 σοφίας
608 1626 658 1673 οί
695 1622 912 1694 οἰφρονες
940 1616 1254 1674 ἑπιδέονται.
1292 1625 1390 1674 Καὶ
1414 1624 1472 1673 τό
1497 1641 1510 1655 ο
1557 1627 1810 1694 Κρεῖσσον

1913 472 2129 512 sensus
2158 457 2385 513 habent
2413 461 2765 514 exercitatos
2785 459 2864 514 ob
2896 461 3424 520 assuetudinem".
3456 467 3574 523 Mi-

1912 547 2063 602 scuit
2094 549 2157 602 in
2187 553 2479 604 craterem
2509 564 2682 604 suum
2713 549 2985 614 vinum”,
3006 551 3318 618 laetiﬁcans
3346 571 3450 612 cor
3471 555 3578 613 Ιιο-

1913 637 2163 693 minis“.
2224 639 2523 693 Craterem
2589 643 2791 693 autem
2868 639 3133 710 appellat
3186 659 3578 703 communem

1915 724 2378 797 generalemque
2423 725 2728 782 bonorum
2795 727 3356 799 participationem:
3414 735 3578 790 unde

1915 813 2198 869 omnibus
2243 813 2402 884 licet,
2433 820 2735 886 quantum
2766 817 3025 888 quisque
3055 823 3274 890 potest,
3307 826 3366 877 et
3388 838 3581 894 quan-

1915 907 2044 959 tum
2073 904 2290 976 cuique
2321 906 2618 977 congruit,
2649 906 2958 977 aequaliter
2987 906 3254 967 haurire.
3281 911 3361 966 Et
3389 927 3583 980 para-

1916 994 1999 1049 vit
2029 1009 2199 1050 suam
2240 994 2580 1050 mensam".
2615 994 2832 1050 Omnia
2872 1010 2980 1066 per
3029 997 3371 1068 emphasim
3414 1000 3579 1073 dicit,

1917 1083 2252 1155 spiritualia
2279 1083 2457 1139 nobis
2487 1100 2593 1156 per
2623 1085 2961 1156 corporalia
2998 1087 3380 1156 signiﬁcans.
3429 1093 3581 1148 Nam

1917 1173 2277 1230 rationalem
2323 1173 2542 1229 animm
2597 1173 2803 1229 cibum
2856 1191 3132 1232 mensam
3175 1180 3474 1250 nominat,
3504 1180 3587 1238 ad

1918 1279 2106 1336 quam
2145 1262 2266 1319 alto
2295 1279 2435 1318 cum
2468 1263 2772 1334 praeconio
2806 1269 3117 1336 convocat,
3147 1267 3263 1323 hoc
3296 1274 3408 1336 est,
3443 1286 3585 1325 cum

1919 1352 2172 1409 decretis
2201 1369 2271 1408 ac
2292 1353 2575 1408 institutis
2597 1352 2745 1408 nihil
2771 1353 2998 1409 humile
3020 1361 3124 1411 aut
3150 1356 3455 1429 abjectum
3477 1359 3585 1417 ha-

1918 1441 2221 1498 bentibus.
2283 1443 2402 1509 Qui
2441 1442 2732 1510 insipiens
2786 1447 2890 1509 est,
2947 1443 3205 1501 declinet
3275 1447 3358 1502 ad
3419 1447 3584 1505 me”:

1921 1530 2448 1596 Quemadmodum
2473 1531 2633 1585 enim
2655 1547 2752 1586 ars
2777 1531 3015 1588 medica
3034 1533 3288 1589 infirmis
3309 1551 3588 1594 necessa-

1919 1622 2010 1676 ria
2039 1623 2147 1685 est,
2177 1618 2262 1674 sic
2283 1617 2639 1690 insipientes
2667 1621 2966 1691 sapientia
2987 1621 3280 1691 indigent.
3316 1626 3381 1680 Et
3401 1625 3585 1684 illud:

197 1720 299 1790 γὰρ
362 1713 530 1770 αὐτὴν
579 1709 978 1784 ἐμπορεύεσθαι,
1028 1709 1058 1768 ἣ
1114 1729 1348 1784 χρυσιου
1399 1709 1510 1780 (96)
1561 1714 1652 1762 καὶ
1714 1709 1808 1783 ἀρ-

1922 1709 2138 1764 Melius
2168 1713 2253 1764 est
2299 1709 2454 1764 enim
2485 1709 2658 1763 illam
2685 1711 2968 1777 mercari,
3003 1726 3182 1782 quam
3225 1715 3365 1770 auri
3409 1720 3462 1771 et
3493 1731 3590 1772 ar-

198 1809 391 1878 τυρίον
474 1803 813 1874 θησαυρούς·
867 1803 958 1851 καὶ
1040 1803 1136 1852 τό-
1204 1803 1502 1874 Τιμιωτέρα
1575 1796 1636 1852 δέ
1699 1798 1813 1852 ἐστι

200 1895 360 1947 λίθων
411 1889 742 1944 πολυτελῶν⁹
805 1893 907 1940 πᾶν
964 1883 1023 1941 δέ
1083 1892 1256 1960 τίμιον
1310 1887 1404 1940 οὐκ
1460 1888 1602 1951 ἄξιον
1649 1889 1815 1952 αὐτῆς

203 1984 356 2036 ἔστι·
409 2001 504 2033 και
553 1983 650 2032 τό·
703 1981 809 2046 Υίέ,
870 1976 954 2029 ἐὰν
1003 1980 1163 2049 σοφός
1208 1996 1326 2050 γενη
1381 1985 1605 2049 σεαυτῷ,
1655 1981 1812 2051 σοφὸς

205 2077 296 2145 ἔσῃ
359 2075 455 2123 καὶ
515 2077 626 2130 τοῖς
681 2067 903 2125 πλησιον
945 2068 1057 2137 (97)
1109 2085 1245 2118 σου·
1303 2071 1394 2118 και
1445 2069 1539 2119 τό·
1591 2067 1695 2137 Υἰῷ
1753 2063 1813 2119 δὲ

208 2170 353 2233 σοφῷ
400 2155 583 2213 εὔοδοι
627 2161 836 2211 ἔσονται
890 2156 1123 2229 πράξεις.
1177 2160 1278 2210 Καὶ
1331 2156 1457 2217 ὅλως
1506 2155 1674 2218 ἔξεστι
1727 2175 1812 2208 σοι

205 2260 396 2324 γνῶναι
438 2256 534 2302 τοῦ
591 2246 746 2319 λόγου
803 2250 898 2304 τὴν
951 2243 1206 2310 ἀλήθειαν,
1269 2243 1619 2317 ἀναλεξαμένῳ
1676 2245 1812 2297 κατά

210 2340 416 2412 σχολὴν
459 2340 530 2391 τὰ
570 2341 688 2410 περὶ
730 2341 828 2397 τῆς
876 2338 1062 2406 σοφίας
1103 2333 1348 2407 εἰρημένα
1388 2341 1460 2404 τῷ
1499 2333 1807 2405 Σολομῶντι.

211 2426 424 2487 Ἐπειδὴ
490 2425 551 2480 δὲ
625 2426 699 2487 εἰς
772 2428 1089 2495 κακότεχνον
1153 2422 1341 2495 ψυχὴν
1415 2422 1510 2476 οὐκ
1593 2421 1809 2476 εἰσελεύ-

207 2538 354 2572 σεται
385 2522 569 2588 σοφία,
598 2517 836 2587 καθαίρει
881 2518 1130 2588 πρότερον
1178 2509 1272 2564 διὰ
1317 2507 1409 2564 τοῦ
1456 2513 1594 2564 θείου
1648 2511 1807 2584 φόϐου

201 2611 296 2670 τὰς
323 2608 514 2680 ψυχὰς
543 2614 646 2658 τῶν
692 2603 974 2677 μελλόντων
1024 2609 1087 2675 τῇ
1137 2605 1297 2675 σοφίᾳ
1349 2600 1706 2674 προσομιλεῖν.
1737 2603 1808 2656 Τό

202 2701 302 2771 γὰρ
330 2697 404 2758 εἰς
446 2699 571 2758 τοὺς
611 2699 873 2766 τυχόντας
908 2692 1106 2766 ῥίπτειν
1153 2692 1221 2744 τὰ
1262 2697 1359 2754 τῆς
1408 2695 1671 2765 σωτηρίας
1713 2710 1810 2763 μυ-

208 2792 420 2859 στήρια,
449 2790 541 2837 καὶ
589 2785 790 2845 πάντας
837 2783 1027 2853 ὁμοίως
1071 2776 1495 2855 παραδέχεσθαι,
1527 2782 1650 2841 τοὺς
1676 2785 1809 2852 μήτε

352 2877 592 2947 καθαρῷ,
621 2877 757 2944 μήτε
798 2870 934 2943 λόγῳ
981 2868 1310 2942 ἔξητασμίνῳ
1348 2871 1435 2919 καὶ
1483 2865 1683 2940 ἀκριϐεῖ
1728 2886 1808 2920 κε-

202 2968 522 3038 χρημένους,
555 2963 733 3036 ὅμοιόν
776 2958 917 3013 ἐστιν
964 2961 1138 3034 ὥσπερ
1184 2957 1244 3010 ἂν
1289 2957 1332 3010 εἰ
1379 2960 1468 3010 καὶ
1517 2955 1565 3008 ἐν
1616 2955 1805 3029 ἀγγείῳ

203 3073 278 3117 τις
330 3053 556 3129 ῥυπαρῷ
620 3055 681 3104 τό
741 3049 1095 3122 πολυτίμητον
1155 3050 1317 3123 μύρον
1379 3045 1642 3119 ἐμϐάλλοι.
1713 3053 1808 3099 Δια

205 3151 371 3206 τοῦτο,
419 3142 594 3216 Ἀρχὴ
659 3144 864 3216 σοφίας,
914 3137 1067 3212 φόϐος
1114 3142 1330 3211 Κυρίου.
1395 3134 1554 3199 Φόϐος
1602 3132 1662 3189 δὲ
1715 3155 1808 3188 κα-

207 3236 418 3308 θάρσιον
447 3232 642 3305 ψυχῆς
677 3211 816 3283 κατά
842 3211 937 3288 τὴν
985 3228 1149 3301 εὐχὴν
1180 3234 1273 3279 τοῦ
1312 3229 1580 3301 προφήτου
1627 3225 1806 3298 λέγον-

205 3344 319 3388 τοςι
355 3323 710 3381 ’Καθὴλωσον
774 3319 832 3373 ἐκ
893 3327 986 3374 τοῦ
1061 3317 1218 3392 φόϐου
1275 3336 1369 3370 σου
1441 3317 1536 3379 τὰς
1613 3318 1809 3391 σάρκας

205 3434 320 3486 μου.
345 3413 441 3475 Ὠς
487 3414 621 3466 ὅπου
667 3409 822 3484 φόϐος
868 3407 1069 3475 ἐνοικεῖ,
1111 3405 1214 3460 ἐκεῖ
1249 3405 1445 3478 ψυχῆς
1489 3405 1674 3458 ἅπασα
1717 3425 1808 3458 κα-

207 3506 432 3576 θαρότης
459 3498 754 3576 ἐνίδρυται,
785 3501 964 3560 πάσης
999 3501 1252 3570 πονηρίας
1299 3499 1389 3547 καὶ
1438 3492 1648 3547 ἀνοσίου
1679 3495 1810 3568 πρά-

203 3593 321 3655 ξεως
344 3594 464 3664 (98)
491 3591 911 3663 ὑποφευγούσης,
939 3596 1039 3640 τῶν
1081 3593 1174 3639 τοῦ
1224 3590 1464 3658 σώματος
1507 3583 1669 3658 μελῶν
1721 3602 1808 3635 κι-

201 3684 423 3740 νηθῆναι
465 3683 599 3753 πρός
657 3678 879 3739 ἀτόπους
930 3675 1196 3751 ἐνεργείας,
1258 3671 1352 3727 διὰ
1416 3676 1474 3726 τὸ
1539 3680 1613 3744 τῷ
1669 3670 1809 3744 φόϐῳ

199 3772 568 3837 nbula-"16901:,
608 3773 682 3842 μὴ
730 3764 1048 3840 δυναμένων.
1096 3764 1296 3838 ’Ὠσπερ
1349 3764 1448 3836 γάρ
1507 3763 1534 3814 ὁ
1583 3760 1810 3835 ἐμπεπη-

197 3867 350 3932 γότας
384 3862 530 3931 ἔχων
560 3857 612 3911 ἐν
657 3856 821 3928 ἑαυτῷ
868 3858 990 3918 τοὺς
1035 3855 1367 3926 σωματικους
1414 3851 1568 3911 ἣλους
1606 3849 1810 3924 ἀνενέρ-

195 3956 356 4021 γητός
405 3947 552 4000 ἐστιν
600 3949 700 3999 ὑπὸ
735 3954 835 3998 τῶν
885 3941 1084 3998 ὀδυνῶν
1139 3944 1526 4014 κατεχόμενος·
1576 3938 1736 4000 οὕτως
1783 3939 1810 3991 ό

195 4049 264 4110 τῷ
295 4039 442 4113 φόϐῳ
481 4045 578 4092 τοῦ
623 4043 758 4091 Θεοῦ
787 4033 1212 4108 κατειλημμένος,
1246 4032 1340 4085 οὐκ
1380 4030 1627 4104 ὀφθαλμῷ
1671 4049 1810 4105 χρη·

199 4132 400 4183 σασθαι
441 4130 579 4201 πρὸς
615 4125 652 4178 ἃ
697 4129 769 4199 μὴ
815 4121 917 4191 δεῖ,
949 4124 1009 4176 οὐ
1052 4129 1237 4197 χεῖρας
1283 4129 1498 4181 κινῆσαι
1544 4122 1670 4194 πρὸς
1715 4118 1812 4172 ἀπ-

197 4223 556 4294 ηγορευμένας
580 4215 817 4289 πράξεις,
850 4213 945 4265 οὐκ
990 4212 1120 4273 ὅλως
1166 4213 1352 4285 μικρὸν
1395 4210 1424 4268 ἢ
1472 4210 1650 4282 μεῖζον
1679 4207 1812 4282 ἐνερ-

196 4319 362 4381 γῆσαι
390 4309 544 4380 ποιρά
585 4309 646 4358 τό
687 4306 918 4362 καθῆκον
967 4299 1207 4367 δύναται,
1241 4301 1346 4352 οἷον
1390 4295 1550 4371 ὀδύνῃ
1600 4301 1703 4350 τινὶ
1743 4303 1806 4369 τῇ

197 4395 506 4472 πρσσδοκία
538 4403 637 4448 τῶν
664 4392 1040 4451 ἀπειληθέντων
1069 4391 1522 4464 συμπεπαρμένος.

265 4496 318 4546 5.
361 4491 506 4548 Τοὺς
549 4483 609 4538 δὲ
639 4483 896 4557 βεϐήλους
931 4487 1016 4535 καὶ
1058 4475 1403 4556 συρφετώδεις
1447 4476 1810 4549 ἀποπέμπεται

198 4588 296 4631 τῶν
346 4581 502 4632 θείων
543 4571 925 4640 διδασκαλιῶν,
973 4571 1172 4643 λέγων.
1229 4567 1449 4640 Ἀφοϐοι
1498 4563 1556 4620 δὲ
1604 4568 1717 4637 (99)
1762 4564 1810 4617 ἐν

200 4669 386 4730 πύλαις
470 4666 921 4722 αὐλισθήσονται.
988 4665 1078 4714 καὶ
1158 4663 1253 4712 τόδ
1324 4662 1587 4716 Ζητήσετε
1669 4656 1814 4730 παρὰ

200 4768 384 4820 κακοῖς
465 4761 676 4830 σοφίαν,
745 4758 839 4807 καὶ
920 4751 1025 4824 οὐχ
1104 4750 1386 4826 εὑρήσετε·
1455 4751 1546 4801 καὶ
1605 4745 1800 4805 πήλινα

265 4940 316 4976 "
349 4937 538 4996 Hebr.
570 4953 637 4994 v.
679 4937 769 4991 14.
875 4933 922 4970 ³ο
952 4932 1131 4988 Prov.
1174 4945 1257 4998 ix,
1289 4931 1347 4985 2.

206 5012 247 5046 "
273 5011 428 5068 ibid.
471 5015 564 5066 15.
667 5008 715 5042 ⁸⁸
747 5011 921 5062 Prov.
963 5006 1167 5072 111,12.
1279 5001 1322 5036 ⁸⁷
1354 5000 1532 5056 Prov.
1567 5015 1688 5066 vm,
1715 5002 1805 5054 13.

204 5084 245 5119 ⁸³
277 5082 461 5139 Eccli.
496 5097 538 5152 1,
569 5082 662 5135 28.
739 5080 788 5114 "
813 5081 984 5133 Prov.
1008 5089 1125 5141 111v,
1155 5077 1208 5130 6.

277 5278 528 5362 (96_)_A_Sic_
548 5280 680 5362 tres
702 5290 876 5356 mss.,
905 5288 1019 5362 nec
1037 5267 1205 5362 aliter
1228 5265 1642 5362 iegitur‘apud
1669 5268 1815 5356 LXX.

214 5343 445 5409 At'ed'iti
479 5359 534 5408 et
559 5349 727 5408 Colb.
745 5351 978 5420 primus
999 5344 1210 5400 ordine
1232 5343 1474 5399 inverso
1504 5343 1532 5398 ἡ
1560 5343 1812 5413 ἀργυρίου

213 5444 300 5477 και
324 5443 588 5497 χρυσίον.

278 5503 390 5567 (97)
431 5494 601 5551 Colb.
636 5490 974 5567 tertiusm‘:
1001 5485 1348 5567 191:).130'1’911.

282 5548 387 5638 tibi
419 5548 746 5625 Cdlbertini
780 5562 1016 5634 primus
1044 5548 1105 5614 et
1151 5557 1358 5615 tertius
1389 5548 1562 5616 πάσης
1591 5559 1817 5625 πονηρᾶς

505 5677 754 5731 Pauor.
799 5671 906 5727 Gn.
954 5667 1153 5727 XXXI.

1459 4927 1501 4963 ⁸¹
1529 4924 1686 4983 Psal.
1728 4941 1846 4997 οιιι,
1883 4927 1973 4980 l5.
2085 4924 2132 4956 ⁸³
2161 4924 2267 4978 Pro

1459 5017 1532 5056 iv.
1567 5002 1805 5066 V111,13.
1909 4996 1956 5031 ⁸⁸
1989 4995 2129 5066 Sap.
2164 5009 2200 5060 1,
2235 4995 2267 5047 4

2117 5029 2288 5060 οΙ,Ἰό

1921 1798 2088 1868 genti
2115 1797 2491 1854 thesauros“.
2527 1801 2673 1852 Item
2714 1797 2899 1854 illud:
2951 1801 3285 1857 Pretiosior
3313 1811 3400 1859 est
3432 1804 3585 1873 lapi-

1921 1887 2096 1943 dibus
2120 1886 2437 1956 pretiosis:
2458 1901 2630 1942 omne
2649 1889 2847 1943 autem
2867 1890 3194 1956 pretiosum
3210 1906 3329 1947 non
3359 1897 3444 1949 est
3472 1893 3586 1950 illa

1922 1975 2244 2048 dignum“.
2274 1977 2368 2030 Et:
2398 1975 2543 2044 Fili,
2574 1976 2626 2030 si
2653 1977 2894 2044 sapiens
2941 1977 3140 2046 fueris
3182 1980 3310 2047 tibi,
3343 1982 3586 2051 sapiens

1921 2067 2034 2124 eris
2079 2071 2134 2122 et
2177 2064 2474 2134 proximis
2525 2065 2720 2120 tuis“.
2755 2064 2907 2121 Illud
2946 2082 3228 2139 quoque:
3277 2069 3437 2126 Filio
3483 2086 3586 2128 sa-

1918 2156 2110 2227 pienti
2124 2169 2411 2225 prospere
2435 2153 2642 2209 cedent
2662 2152 2997 2210 actiones“.
3024 2159 3089 2211 Et
3115 2156 3176 2212 in
3199 2175 3461 2229 summa,
3476 2159 3584 2217 tibi

1918 2245 2056 2303 licet
2104 2243 2400 2300 sermonis
2446 2243 2760 2300 veritatem
2812 2260 3204 2320 cognoscere,
3240 2264 3350 2321 per
3390 2249 3581 2307 otium

1919 2351 1993 2393 ea
2021 2349 2158 2407 quae
2187 2333 2262 2389 de
2291 2332 2589 2406 sapientia
2627 2349 2666 2390 a
2711 2335 3034 2392 Salomone
3061 2335 3219 2394 dicta
3248 2344 3390 2396 sunt
3419 2339 3584 2396 colli-

1921 2425 2102 2498 genti.
2137 2423 2430 2490 Quoniam
2474 2439 2613 2480 vero
2649 2424 2713 2478 in
2744 2425 3102 2482 malevolam
3142 2429 3410 2486 animam
3455 2445 3579 2486 non

1919 2514 2194 2572 introibit
2223 2513 2595 2582 sapientia",
2627 2511 2793 2583 prius
2816 2513 3053 2569 animas
3083 2531 3293 2572 eorum
3312 2517 3415 2588 qui
3436 2522 3579 2575 sunt

1916 2619 2058 2661 cum
2087 2601 2384 2674 sapientia
2433 2599 2808 2668 collocuturi,
2837 2616 2945 2673 per
2973 2601 3249 2659 divinum
3294 2605 3577 2662 timorem

1915 2694 2231 2766 expurgat.
2263 2692 2414 2746 Nam
2435 2689 2727 2761 projicere
2757 2689 2821 2745 in
2851 2687 3070 2760 vulgus
3099 2693 3389 2763 mysteria
3413 2693 3576 2751 salu-

1917 2781 2009 2850 tis,
2038 2785 2096 2837 et
2123 2794 2338 2836 omnes
2376 2794 2448 2834 ex
2495 2793 2673 2851 {equo
2702 2777 2990 2852 recipere,
3021 2795 3220 2852 neque
3256 2782 3382 2838 vita
3421 2795 3580 2856 pura

1913 2873 2180 2936 ornatos,
2213 2883 2411 2940 neque
2442 2866 2742 2940 exquisita
2766 2873 2823 2924 et
2843 2873 3127 2926 accurata
3150 2870 3381 2928 ratione
3409 2888 3579 2942 usos,

1915 2958 2166 3032 perinde
2205 2961 2292 3013 est
2323 2972 2393 3012 ac
2425 2957 2476 3010 si
2505 2955 2642 3027 quis
2669 2962 3044 3026 unguentum
3073 2959 3580 3030 pretiosissimum

1915 3049 1978 3106 in
2022 3063 2132 3103 vas
2185 3044 2498 3101 sordidum
2544 3043 2849 3101 infuderit.
2884 3045 3291 3110 Quamobrem
3328 3050 3578 3105 Initium

1915 3136 2246 3207 sapientiae,
2276 3134 2454 3190 timor
2491 3132 2806 3188 Domini”.
2837 3132 3066 3188 Animae
3113 3139 3317 3190 autem
3365 3151 3583 3207 expur-

1917 3227 2077 3300 gatio
2107 3225 2282 3304 timor
2311 3227 2418 3288 est,
2459 3224 2625 3293 101
2659 3223 2834 3294 juxta
2865 3222 3178 3296 prophetae
3208 3227 3442 3290 votum,
3475 3226 3582 3298 qui

1917 3319 2034 3376 ait:
2071 3315 2314 3385 Conﬁge
2343 3313 2555 3368 timore
2603 3318 2704 3368 tuo
2749 3327 2960 3369 carnes
3007 3315 3244 3370 meas“.
3279 3316 3428 3370 Nam
3476 3315 3584 3372 ubi

1916 3408 2096 3465 timor
2116 3403 2436 3471 inhabitat,
2463 3401 2546 3456 ibi
2572 3405 2698 3457 tota
2728 3401 2949 3458 animae
3011 3402 3336 3459 mundities
3361 3404 3588 3462 residet

1917 3493 2272 3566 aufugitque
2303 3491 2503 3548 omnis
2548 3490 2816 3562 pravitas
2848 3494 3030 3562 atque
3067 3491 3224 3546 actio
3253 3492 3462 3564 impia,
3497 3491 3584 3549 si-

1917 3583 2165 3659 quidem
2187 3579 2466 3637 membra
2490 3578 2782 3650 corporis,
2810 3579 2980 3649 quod
3014 3579 3226 3635 timore
3258 3580 3432 3651 quasi
3457 3581 3586 3652 qui-

1917 3671 2184 3730 busdam
2215 3669 2401 3726 clavis
2433 3667 2673 3724 conﬁxa
2717 3665 2856 3734 sint,
2885 3666 2964 3722 ad
3003 3666 3204 3739 turpia
3233 3683 3421 3740 opera
3459 3684 3586 3725 non

1917 3766 2149 3835 queunt
2181 3759 2432 3816 moveri.
2463 3759 2626 3814 Sicut
2654 3756 2815 3812 enim
2844 3756 2948 3828 qui
2997 3757 3345 3830 corporales
3377 3758 3584 3814 clavos

1917 3852 2105 3910 habet
2155 3850 2217 3906 in
2267 3849 2470 3920 seipso
2525 3845 2825 3916 conﬁxos,
2856 3844 3008 3902 nihil
3060 3862 3238 3917 agere
3273 3852 3470 3920 potest
3506 3849 3587 3905 ob

1920 3958 2022 3998 eos
2043 3940 2270 4015 quibus
2300 3938 2600 3995 detinetur
2628 3934 2905 3993 dolores:
2964 3935 3049 3991 sic
3078 3936 3184 4008 qui
3224 3936 3440 3993 timore
3487 3937 3590 3994 Dei

1919 4033 2232 4102 correptus
2261 4033 2372 4098 est,
2405 4042 2528 4083 non
2558 4024 2734 4082 oculo
2765 4024 2850 4080 uti
2880 4023 2959 4080 ad
2989 4041 3061 4081 ea
3091 4041 3227 4098 quae
3258 4041 3382 4082 non
3413 4042 3591 4099 opor-

1919 4118 2019 4192 tet,
2048 4135 2172 4176 non
2195 4133 2414 4175 manus
2435 4131 2676 4172 movere
2698 4114 2776 4171 ad
2798 4113 3007 4170 vetitas
3028 4115 3318 4185 actiones,
3345 4131 3470 4172 non
3489 4116 3592 4174 de-

1919 4210 2104 4283 nique
2134 4207 2471 4282 quidquam
2495 4220 2753 4278 parvum
2772 4208 2876 4259 aut
2898 4219 3190 4273 magnum
3217 4209 3434 4277 praeter
3455 4206 3589 4262 ofﬁ-

1921 4299 2082 4355 cium
2103 4311 2393 4370 peragere
2423 4294 2660 4366 poterit.
2683 4293 3104 4365 expectatione
3133 4293 3439 4350 minarum
3459 4310 3592 4367 per-

1838 4420 1884 4476 D
1921 4387 2061 4444 inde
2091 4392 2153 4442 ut
2179 4384 2386 4441 dolore
2417 4381 2689 4476 quodam
2717 4379 3066 4476 transfixus.

1995 4482 2043 4534 5.
2088 4479 2266 4532 Porro
2298 4471 2590 4546 profanos
2611 4487 2682 4526 ac
2701 4468 2920 4540 vulgus
2945 4486 2982 4526 a
3007 4471 3343 4544 disciplinis
3367 4473 3592 4530 divinis

1921 4568 2100 4634 arcet,
2130 4563 2222 4619 his
2266 4559 2505 4616 verbis:
2551 4559 2666 4626 Qui
2701 4559 2829 4614 sine
2873 4559 3084 4617 timore
3112 4567 3273 4628 sunt,
3296 4561 3360 4617 in
3397 4565 3592 4632 portis

1922 4652 2397 4712 morabuntur“.
2431 4648 2583 4705 Illud
2617 4647 2864 4704 itidem:
2893 4649 3175 4717 Quam-etis
3205 4652 3372 4720 apud
3399 4655 3594 4708 malos

1911 4743 2292 4814 sapientiam,
2315 4741 2368 4796 et
2397 4753 2517 4794 non
2540 4737 3006 4794 invenietis”.Et
3025 4752 3235 4794 rursus
3261 4754 3274 4793 :
3312 4737 3590 4804 Quaerenz

2652 4915 2702 4951 ⁸³
2732 4913 2883 4972 ibid.
2913 4916 2968 4970 4.
3072 4913 3121 4949 ⁸⁵
3155 4917 3329 4969 Prov.
3367 4928 3454 4982 ιιι,
3490 4918 3580 4971 14.

2085 4921 2132 4956 ⁸³
2161 4923 2336 4978 Prov.
2373 4933 2452 4986 ιχ,
2484 4919 2543 4972 2.
2652 4919 2702 4951 ⁸³
2732 4919 2883 4972 ibid.
2913 4919 2968 4970 4.
3072 4919 3121 4949 ⁸⁸
3155 4919 3329 4969 Prov.
3367 4928 3454 4982 ιιι,
3490 4919 3580 4971 14.

2085 5009 2129 5049 ).
2164 5009 2200 5051 ι.
2235 4995 2288 5047 4.
2393 4990 2439 5025 ⁸ο
2467 4989 2648 5046 Prov.
2696 5001 2736 5051 1,
2769 4992 2830 5046 7.
2940 4987 2990 5021 9°
3021 4983 3181 5041 Psal.
3221 4999 3416 5051 cxvm,
3454 4989 3580 5042 120.

2393 4990 2439 5025 ³ο
2467 4989 2648 5046 Prov.
2696 5001 2736 5054 1,
2769 4992 2830 5046 7.

1927 5267 2016 5316 καὶ
2043 5258 2252 5321 ἀνοσίας
2269 5256 2533 5334 πράξεως.

1996 5337 2108 5404 (99)
2139 5320 2638 5404 llludfdsgeotb‘e’,
2678 5327 2815 5404 etc:
2838 5322 2956 5394 Qui
3000 5320 3130 5404 sine
3173 5323 3385 5404 timore
3429 5335 3593 5398 Sunt,

1917 5408 1980 5462 in
2002 5395 2201 5476 portis
2233 5395 2662 5464 morabuntur,
2691 5396 2754 5452 in
2789 5395 3124 5453 Proverbiis
3174 5397 3443 5456 invenire
3473 5395 3597 5459 non

1921 5479 2256 5551 potuimus.

3283 5652 3343 5711 13
