4076 6190
586 242 690 298 395
1957 236 2014 292 S.
2058 233 2311 292 BASILII
2349 236 2593 296 MAGNI.
3814 244 3898 299 396

582 381 678 423 me
702 364 874 431 mali,
896 369 951 420 et
980 378 1101 419 non
1130 360 1434 418 invenient
1451 361 1520 430 οδ,
1545 375 1616 417 eo
1647 359 1815 434 quod
1840 360 2079 432 purgati
2108 375 2204 416 n01

2345 366 2657 421 Ζητήσουσί
2721 381 2786 436 με
2840 366 3009 432 κακοὶ,
3058 383 3150 416 και
3191 364 3296 437 οὐχ
3351 366 3660 441 εὒρήσουσι,
3721 362 3799 418 διὰ
3847 368 3899 418 τὸ

581 458 701 514 sint
718 455 924 512 divino
945 453 1181 509 timore.
1213 453 1405 517 Quare
1425 451 1532 523 qui
1559 450 1639 507 ad
1667 450 2122 524 percipiendam
2144 466 2204 506 sa

2340 456 2413 524 μὴ
2459 451 2844 528 ἐκκαθαρθῆναι
2891 454 2969 523 (1)
3026 460 3099 524 τῷ
3144 455 3260 526 θείῳ
3315 455 3473 527 φόϐῳ.
3518 453 3699 523 Ὥστε,
3745 454 3899 527 μέλλων

580 545 866 620 pientiam
905 556 1256 598 accessurus
1278 544 1389 609 est,
1420 539 1471 595 is
1503 555 1539 596 a
1570 539 1856 612 nequitia!
1885 538 2197 610 ignominii

2338 547 2611 616 προσιέναι
2648 550 2711 614 τῇ
2766 540 3017 613 ἀναλήψει
3054 551 3149 604 τῆς
3180 548 3384 616 σοφίας,
3417 552 3491 615 τῷ
3524 549 3762 620 σωτηρίῳ
3786 545 3902 617 φόϐῳ

577 650 686 709 per
705 633 1025 690 salutarem
1048 629 1326 686 timorem
1348 633 1717 702 expurgatus
1739 628 2008 685 accedat.
2034 630 2204 684 Emer

2336 634 2405 683 τὰ
2460 630 2560 684 ἀπό
2623 637 2812 693 κακίας
2879 635 3048 704 αἴσχη
3121 634 3479 707 καθηράμενος
3532 637 3899 709 προσερχέσθω,

576 726 651 781 sit
677 723 858 794 igitur
882 717 1057 775 nobis
1095 717 1260 774 aliud
1308 718 1489 774 etiam
1540 717 1776 774 bonum
1816 734 1847 774 e
1878 716 2199 773 Proverbio

2338 720 2585 794 Ἀνεφάνη
2641 716 2728 773 οὖν
2780 722 2905 794 ἡμῖν
2965 726 3056 775 καὶ
3111 723 3278 795 ἕτερον
3327 721 3524 795 ἀγαθὸν
3576 722 3631 775 ἐκ
3687 732 3775 785 τῆς
3816 732 3903 778 τῶν

572 828 710 871 rum
752 807 1047 875 doctrina,
1074 805 1305 862 timoris
1348 806 1537 862 silicet
1578 805 1846 879 adeptio,
1872 822 2009 879 quae
2049 805 2204 861 nobi:

2338 816 2638 883 Παροιμιῶν
2686 805 3060 878 διδασκαλίας,
3094 812 3124 869 ἠ
3178 818 3272 864 τοῦ
3310 811 3469 884 φόϐου
3522 811 3787 884 ἀνάληψις,
3822 808 3907 866 διὰ

569 917 677 975 per
696 894 1055 971 sapientiam
1076 894 1532 951 aﬂ‘ertur.Nosse
1550 893 1954 968 disciplinam,
1974 894 2204 951 alterum

2335 906 2433 960 τῆς
2481 903 2665 972 σοφίας
2707 901 2831 973 ἡμῖν
2876 892 3276 972 ἓπεισαχθεῖσα.
3328 904 3569 977 Δεύτερον
3619 899 3680 961 ἧν
3728 901 3769 955 ἐν
3809 911 3906 965 τοῖς

568 992 696 1047 erat
723 988 877 1044 inter
915 984 1306 1058 promissa“.
1339 986 1436 1039 Est
1466 988 1669 1040 autem
1706 983 2027 1056 disciplina
2064 982 2204 1039 insti

2336 986 2714 1061 ἐπαγγέλμασι,
2751 996 2942 1060 γνῶναι
2989 985 3255 1045 παιδείαν.
3303 988 3460 1043 Ἐστι
3514 988 3575 1044 δὲ
3629 993 3660 1050 ἠ
3714 989 3910 1046 παιδεία

565 1078 714 1136 tutio
754 1074 1037 1149 quaedam
1077 1070 1296 1129 animae
1326 1071 1507 1140 utilis,
1536 1072 1896 1145 plerumque
1926 1088 2052 1128 non
2098 1072 2226 1127 sine

561 1168 754 1237 multo
782 1166 991 1222 labore
1029 1179 1160 1219 eam
1192 1178 1229 1218 a
1252 1162 1535 1235 nequitiae
1569 1163 1828 1219 maculis
1854 1177 2221 1235 expurgans,

558 1264 697 1334 quae
729 1259 801 1313 In
826 1268 1091 1327 praesens
1121 1252 1360 1325 quidem
1400 1268 1521 1309 non
1572 1253 1811 1309 videtur
1840 1268 1963 1310 esse
1985 1253 2215 1325 gaudii,

554 1350 661 1408 sed
675 1346 980 1411 molestiae;
997 1348 1058 1400 at
1077 1348 1285 1412 postea
1300 1342 1574 1413 fructum
1591 1343 1995 1414 tranquillum
2020 1343 2219 1400 reddit

554 1439 636 1496 ad
660 1437 940 1498 salutem,
970 1434 1043 1489 iis
1072 1436 1175 1505 qui
1195 1446 1312 1502 per
1339 1433 1511 1489 illam
1534 1432 1771 1501 fuerint
1803 1433 2124 1490 exercitati
2143 1431 2213 1489 9³.

551 1530 716 1586 Hanc
768 1524 948 1595 igitur
1002 1521 1390 1594 disciplinam
1439 1538 1639 1588 nosse,
1690 1538 1816 1578 non
1865 1526 1954 1578 est
1999 1521 2216 1578 mentis

548 1614 887 1689 cujuslibet,
920 1610 1086 1686 quod
1116 1610 1408 1684 plerique,
1439 1610 1518 1668 ob
1563 1610 1980 1668 difﬁcultatem
2009 1626 2213 1668 rerum

2334 1074 2516 1150 ἀγωγή
2550 1096 2631 1140 τις
2656 1078 2729 1149 (2)
2774 1078 3028 1151 ὠφέλιμος
3070 1087 3132 1152 τῇ
3170 1078 3357 1153 ψυχῇ,
3386 1079 3640 1144 ἐπιπόνως
3684 1081 3911 1144 πολλάκις

2331 1171 2431 1216 τῶν
2479 1163 2581 1218 ἀπὸ
2629 1170 2818 1227 κακίας
2854 1163 3087 1225 κηλίδων
3135 1167 3298 1226 αὐτὴν
3352 1168 3756 1244 ἐκκαθαίρουσα,
3802 1173 3911 1233 ἣτις

2332 1258 2470 1330 Πρὸς
2531 1258 2622 1329 μὲν
2676 1258 2735 1308 τὸ
2800 1260 2965 1330 παρὸν
3031 1261 3090 1310 οὐ
3148 1254 3296 1311 δοκεί
3350 1266 3528 1332 χαρᾶς
3592 1258 3740 1329 εἶναι,
3792 1260 3914 1314 ἀλλὰ

2327 1343 2533 1407 λύπης·
2593 1346 2808 1420 ὕστερον
2893 1344 2954 1399 δὲ
3034 1351 3233 1421 καρπὸν
3318 1348 3573 1423 εἰρηνικόν
3655 1358 3759 1414 τοῖς
3828 1348 3915 1405 δι’

2327 1433 2491 1495 αὐτῆς
2544 1454 2806 1507 γεγυμνας
2863 1440 3036 1509 μένοις
3103 1433 3435 1491 ἀποδίδωσιν
3496 1439 3568 1501 εἰς
3637 1445 3907 1515 σωτηρίαν.

2323 1526 2529 1582 Ταύτην
2559 1528 2730 1577 τοίνυν
2775 1529 2870 1585 τὴν
2907 1522 3152 1579 παιδείαν
3183 1535 3375 1599 γνῶναι
3405 1526 3463 1581 οὐ
3510 1535 3607 1592 τῆς
3648 1549 3915 1602 τυχούσης

2322 1608 2436 1663 ἐστὶ
2485 1607 2756 1674 διανοίας·
2810 1609 2951 1666 διότι
2997 1612 3194 1682 πολλοὶ,
3223 1618 3355 1689 πρὸς
3395 1619 3454 1669 τὸ
3497 1625 3598 1669 τῶν
3644 1622 3915 1691 γινομένων

547 1705 923 1778 agendarum
938 1701 1209 1759 animum
1226 1700 2026 1774 despondentes,utilitatem
2039 1716 2204 1758 even-

2321 1697 2558 1753 ἐπίπονον
2625 1698 3050 1777 ἀπαγορεύοντες,
3082 1706 3142 1756 τὸ
3189 1711 3286 1766 τῆς
3332 1703 3594 1768 ἐκϐάσεως
3640 1706 3914 1782 οώφέλιμον

545 1801 640 1855 tus
667 1810 786 1869 prae
814 1791 1073 1849 ruditate
1098 1806 1170 1846 ac
1199 1790 1439 1846 inscitia
1463 1805 1587 1846 non
1607 1788 2074 1864 praestolamur:
2101 1790 2211 1847 sed

543 1901 701 1957 aegre
722 1884 979 1940 ferentes
1003 1878 1330 1937 curationis
1352 1881 1790 1949 austeritatem,
1813 1881 1875 1936 in
1894 1880 2211 1952 imperitiae

540 1971 992 2033 infirmitatibus
1014 1973 1393 2043 permanent.
1418 1970 1802 2041 Quapropter
1820 1984 2003 2025 voces
2018 1968 2210 2040 justo-

540 2081 680 2123 rum
705 2064 844 2119 sunt
862 2059 1260 2119 admiratione
1284 2057 1507 2129 dignae,
1532 2058 1864 2115 dicentium
1892 2074 1905 2114 :
1929 2059 2205 2133 Domine,

542 2170 617 2213 ne
637 2153 935 2222 in‘furore
960 2156 1061 2206 tuo
1082 2163 1309 2220 arguas
1342 2163 1470 2205 me:
1514 2163 1702 2220 neque
1732 2148 1795 2205 in
1817 2149 1914 2205 ira
1946 2154 2051 2206 tua
2082 2165 2210 2206 cor-

541 2244 733 2314 ripias
762 2256 855 2298 me
873 2242 943 2293 9‘.
971 2241 1101 2296 Non
1146 2236 1309 2292 enim
1352 2236 1758 2310 deprecantur
1790 2236 2203 2311 disciplinam,

543 2333 652 2390 sed
668 2333 844 2389 iram.
870 2328 1019 2385 Huic
1040 2325 1351 2384 consimile
1382 2329 1470 2383 est
1501 2331 1559 2383 et
1585 2325 1769 2382 illud:
1807 2326 2058 2398 Corripe
2074 2344 2204 2421 nos,

543 2424 816 2490 Domine,
849 2423 1259 2477 verumtamen
1289 2416 1353 2471 in
1371 2415 1630 2485 judicio,
1656 2420 1712 2472 et
1751 2431 1872 2472 non
1906 2414 1968 2471 in
2017 2416 2114 2473 ira
2130 2414 2202 2485 θἰζ

542 2512 697 2571 Illud
757 2523 1039 2584 quoque:
1094 2505 1434 2575 Disciplina
1487 2504 1726 2560 Domini
1770 2505 1968 2574 aperit
2029 2519 2205 2562 aures

544 2601 790 2659 meas”.
824 2599 894 2655 Ut
923 2596 1086 2654 enim
1138 2594 1312 2668 parvi
1357 2594 1529 2666 pueri
1578 2592 1640 2650 in
1682 2592 1975 2650 discendo
2021 2593 2206 2665 negli-

544 2694 776 2763 gentes,
792 2691 1118 2760 postquam
1139 2698 1175 2740 a
1190 2682 1495 2753 magistris
1518 2685 1622 2739 aut
1639 2680 1993 2755 paedagogis
2012 2681 2205 2752 ﬂagro

545 2781 692 2837 caesi
726 2781 886 2844 sunt,
915 2773 1261 2832 attentiores
1300 2771 1515 2842 eﬂ‘ecti,
1545 2770 1982 2845 praeceptiones
2022 2771 2206 2829 susci-

544 2870 743 2944 piunt,
769 2871 953 2939 utque
980 2862 1140 2920 idem
1169 2861 1604 2918 documentum
1634 2866 1773 2917 ante
1798 2860 2051 2917 verbera
2080 2876 2206 2918 non

548 2956 932 3020 audiebatur,
960 2951 1065 3009 sed
1100 2954 1239 3024 post
1263 2950 1593 3022 ﬂagrorum
1630 2949 1924 3018 dolorem,
1953 2949 2205 3006 auribus

548 3047 729 3122 quasi
755 3059 962 3103 recens
992 3040 1238 3114 apertis,
1272 3038 1485 3095 auditu
1523 3044 1581 3096 et
1622 3038 1938 3111 excipitur,
1971 3043 2028 3095 et
2073 3054 2205 3095 me-

548 3137 745 3196 moria
770 3133 1058 3191 retinetur
1091 3146 1104 3184 :
1138 3130 1222 3186 ita
1260 3126 1477 3185 accidit
1505 3131 1564 3184 et
1608 3127 1680 3183 iis
1719 3128 1823 3199 qui
1860 3127 2202 3184 doctrinam

549 3226 821 3284 divinam
841 3220 1170 3293 negligunt,
1196 3233 1266 3274 ac
1287 3219 1589 3290 praecepta
1604 3220 2024 3288 aspernantur.
2048 3219 2206 3273 Post.

550 3332 738 3391 quam
763 3312 924 3369 enim
953 3306 1183 3382 experti
1213 3309 1355 3361 sunt
1387 3304 1489 3361 Dei
1518 3305 1947 3361 correctionem
1980 3320 2050 3362 ac
2077 3304 2204 3360 dis-

552 3406 860 3480 ciplinam,
887 3406 1029 3457 tunc
1049 3395 1313 3454 maxime
1340 3394 1441 3451 Dei
1480 3395 1773 3450 mandata
1802 3410 1937 3467 quae
1968 3408 2206 3467 semper

550 3496 790 3554 fuerant
813 3487 1141 3557 enuntiata,
1171 3497 1533 3557 semperque
1562 3482 1853 3553 neglecta,
1880 3482 2058 3555 quasi
2088 3482 2208 3556 pri-

552 3602 725 3645 mum
763 3596 973 3639 eorum
1021 3575 1270 3635 auribus
1296 3572 1607 3629 illabentia
1633 3571 2024 3645 recipiuntur.
2058 3575 2206 3629 Eam

554 3677 634 3735 ob
655 3687 921 3740 causam,
949 3666 1272 3736 Disciplina
1290 3662 1551 3725 Domini,
1572 3660 1785 3734 inquit,
1809 3662 2001 3733 aperit
2028 3675 2205 3719 aures

554 3780 736 3823 meas.
759 3759 1061 3829 Quoniam
1087 3755 1266 3825 igitur
1306 3750 1627 3823 disciplina
1656 3749 1899 3823 corripit
1929 3766 2070 3807 eum
2098 3750 2205 3824 qui

557 3872 621 3914 se
642 3851 981 3912 inordinate
1020 3843 1187 3917 gerit,
1215 3842 1303 3898 uti
1330 3840 1643 3898 factitabat
1682 3838 1921 3907 Paulus,
1948 3839 2054 3911 qui
2093 3846 2206 3897 tra-

554 3944 739 4003 debat
772 3935 1083 4001 Satanm",
1114 3928 1289 4005 quasi
1313 3928 1578 4001 cuipiam
1607 3926 1873 3983 carnifici
1902 3927 2204 4000 torquenti

550 4053 622 4094 ac
635 4029 874 4103 ﬂagello
886 4017 1744 4084 concidenti,utdiscerentnon
1756 4016 2199 4089 blasphemare;

549 4122 829 4186 rebellem
876 4120 1079 4175 autem
1127 4107 1377 4171 reducit,
1416 4106 1491 4162 de
1538 4122 1660 4179 quo
1708 4105 1930 4163 scilicet
1970 4105 2198 4163 dictum

549 4222 677 4275 est:
710 4214 851 4270 Post
882 4204 1287 4277 captivitatem
1333 4211 1504 4254 suam
1540 4197 1959 4267 paenitentiam
1997 4197 2194 4269 egiti;

546 4319 793 4364 necessc
820 4302 909 4359 est
934 4288 1344 4365 castigationis
1372 4285 1497 4343 vim
1543 4301 1614 4342 ac
1653 4284 1985 4358 disciplinae
2023 4288 2193 4358 102

2319 1789 2420 1842 ύπό
2462 1788 2690 1864 ἀμαθίας
2732 1791 2827 1844 οὐκ
2876 1789 3237 1865 ἀναμένουσιν,
3275 1792 3403 1847 ἀλλὰ
3451 1791 3914 1869 δυσανασχετοῦνι

2317 1898 2401 1941 τες
2432 1882 2561 1955 πρὸς
2598 1882 2658 1932 τὸ
2687 1889 2785 1942 τῆς
2835 1878 3125 1955 ἐπιμελείας
3169 1883 3453 1958 αὐστηρόν,
3486 1892 3595 1948 τοῖς
3637 1895 3730 1950 τῆς
3773 1885 3914 1961 ἆμα-

2320 1968 2438 2029 θίας
2485 1966 2897 2043 ἀρρωστήμασιν
2945 1970 3294 2045 ἐναπέμειναν.
3346 1975 3441 2027 Διὰ
3502 1982 3659 2028 τοῦτο
3710 1977 3915 2050 θαύμα-

2317 2075 2407 2119 τος
2456 2056 2603 2120 ἄξιαι
2652 2066 2753 2110 τῶν
2829 2055 3049 2113 δικαίων
3125 2064 3180 2114 αἱ
3237 2067 3423 2135 φωναὶ,
3479 2072 3581 2116 τῶν
3630 2063 3876 2138 λεγόντων
3900 2088 3917 2101 ·

2319 2148 2495 2221 Κύριε,
2536 2151 2609 2220 μὴ
2658 2155 2732 2218 τῷ
2779 2149 2926 2221 θυμῷ
2967 2170 3062 2203 σου
3106 2147 3312 2225 ἐλέγξῃς
3354 2169 3438 2226 με,
3489 2149 3628 2227 μηδὲ
3669 2163 3731 2228 τῇ
3781 2154 3919 2230 ὀργῇ

2319 2253 2415 2287 σου
2457 2232 2755 2310 παιδεύσῃς
2800 2256 2882 2311 με.
2915 2238 2992 2292 Ού
3038 2242 3136 2314 γὰρ
3179 2245 3269 2299 τὴν
3312 2239 3558 2296 παιδείαν
3595 2253 3925 2318 παραιτοῦν-

2314 2342 2426 2396 ται,
2457 2322 2586 2378 ἁλ).ἁ
2611 2328 2705 2384 τὴν
2736 2325 2914 2401 ὀργήν.
2946 2330 3126 2401 Τούτῳ
3164 2330 3532 2403 παραπλήσιόν
3564 2330 3677 2385 ἐστι
3710 2338 3824 2402 καὶ,
3857 2336 3924 2387 τὸ

2317 2409 2614 2468 Παίδιυσον
2643 2434 2697 2468 ον
2726 2417 2886 2489 ἡμᾶς,
2922 2420 3101 2490 Κύριε,
3132 2417 3267 2478 πλὴν
3316 2420 3570 2497 ἐνπρίσει,
3602 2427 3691 2476 καὶ
3741 2430 3816 2497 μή
3870 2422 3929 2479 ἓν

2316 2502 2501 2574 θυμῷ·
2551 2507 2643 2556 καὶ
2693 2507 2791 2557 τὸ·
2839 2504 2899 2558 ’Π
2947 2502 3167 2560 παιδεία
3211 2513 3406 2584 Κυρίου
3457 2508 3652 2584 ἀνοίγει
3693 2531 3794 2586 μου
3852 2517 3931 2569 τὰ

2314 2586 2441 2646 ὦτα.
2481 2589 2681 2667 Ὠσπερ
2728 2595 2831 2669 γὰρ
2878 2602 2979 2648 τῶν
3024 2593 3232 2650 παίδων
3291 2599 3340 2651 οί
3388 2604 3587 2670 νήπιοι,
3632 2602 3933 2677 κατολιγω-

2311 2688 2521 2755 ροῦντες
2565 2690 2665 2735 τῶν
2712 2684 3057 2756 μαθημάτων,
3107 2689 3241 2759 μετὰ
3288 2690 3383 2750 τὰς
3436 2692 3706 2763 μάστιγας
3750 2694 3818 2756 εἰς
3873 2697 3933 2749 οἱ

2315 2765 2636 2824 διδάσκαλοι
2683 2772 2857 2836 οὖτοῖς
2902 2777 2934 2833 ἣ
2983 2771 3323 2849 παιδαγωγοὶ
3367 2782 3719 2853 προσάγουσι,
3751 2800 3935 2859 προσ-

2315 2862 2586 2934 εχέστεροι
2631 2865 2913 2935 γενόμενοι,
2963 2859 3217 2936 δέχονται
3259 2868 3326 2919 τὰ
3364 2863 3693 2943 διδάγματα,
3739 2880 3836 2928 καὶ
3899 2878 3933 2930 ὁ

2314 2948 2472 3011 αὐτὸς
2515 2948 2671 3023 λόγος
2718 2954 2820 3028 πρὸ
2849 2954 2940 3025 μὲν
2982 2962 3083 3005 τῶν
3124 2954 3337 3028 πληγῶν
3380 2958 3476 3011 οὐκ
3517 2959 3750 3031 ἠκούετο,
3784 2970 3939 3038 μετὰ

2236 3067 2277 3124 c
2315 3033 2377 3091 δὲ
2417 3039 2510 3101 τὰς
2550 3037 2606 3091 ἐκ
2653 3047 2752 3093 τῶν
2798 3060 3070 3114 μαστιγων
3108 3040 3321 3114 ὀδύνας,
3354 3048 3422 3110 ὡς
3469 3049 3591 3123 οἶρτι
3628 3060 3729 3103 τῶν
3770 3033 3936 3109 diu)»

2315 3123 2699 3200 διανοιγέντων,
2731 3134 2821 3182 καὶ
2861 3128 3171 3205 παρεδέχθη
3221 3134 3483 3210 τῇοάκοῇ,
3529 3143 3620 3192 καὶ
3673 3138 3940 3215 διεφυλά..

2312 3218 2425 3288 χθη
2463 3216 2536 3288 (3)
2579 3224 2642 3290 τῇ
2684 3238 2862 3293 μνῃμη
2886 3241 2899 3254 ·
2929 3221 3063 3274 οὕτω
3105 3227 3196 3276 καὶ
3234 3222 3318 3278 ἐπὶ
3363 3234 3466 3278 τῶν
3511 3237 3939 3302 παρακουόντων

2313 3312 2411 3368 τῆς
2458 3308 2600 3369 θείας
2646 3302 2997 3372 διδασκαλίας
3025 3316 3116 3364 καὶ
3162 3327 3618 3389 καταφρονητικῶς
3662 3325 3802 3395 πρὸς
3833 3327 3943 3387 τὰς

2315 3393 2522 3457 ἐντολὰς
2586 3392 2922 3470 διακειμένων
2996 3399 3290 3473 συμϐαίνει.
3357 3403 3599 3460 Ἐπειδὰν
3656 3392 3757 3485 γαρ
3838 3414 3945 3469 ἐπ-

2315 3486 2460 3558 αχθῇ
2486 3484 2663 3549 αὐτοῖς
2691 3490 2835 3563 παρὰ
2861 3495 2954 3541 τοῦ
2986 3498 3119 3544 Θεοῦ
3140 3492 3170 3550 ἠ
3194 3489 3429 3563 παιδεία,
3454 3501 3571 3551 τότε
3595 3493 3661 3559 δὴ
3680 3484 3948 3574 μάλιστα

2313 3576 2382 3627 τὰ
2428 3572 2507 3628 ἀεὶ
2552 3573 2840 3648 λαλούμενα
2876 3582 2966 3631 καὶ
3016 3576 3093 3632 ἀεὶ
3131 3580 3533 3657 παρακουόμενα
3557 3589 3632 3659 (4)
3681 3572 3786 3643 τῶν
3829 3603 3947 3649 τοῦ

2314 3663 2447 3718 Θεού
2502 3667 2940 3739 προσταγμάτων,
2998 3670 3067 3731 ὡς
3118 3679 3321 3744 πρῶτον
3385 3672 3678 3746 ἐμπεσόντα
3739 3684 3946 3737 αὐτῶν

2311 3759 2429 3815 ταῖς
2475 3751 2677 3820 ἀκοαῖς,
2721 3752 3053 3829 παρεδέχθη.
3104 3761 3200 3812 Διὰ
3240 3768 3415 3831 τοῦτο,
3446 3763 3505 3818 Ἡ
3548 3765 3772 3824 παιδεία
3824 3779 3952 3827 Κυ-

2310 3846 2448 3918 ρίου,
2500 3848 2677 3916 φησὶν,
2708 3842 2902 3917 ἀνοίγει
2947 3866 3049 3919 μου
3099 3847 3167 3901 τὰ
3212 3848 3339 3905 ὦτα.
3395 3852 3535 3907 Ἐπεὶ
3581 3853 3668 3910 οὖν
3712 3861 3742 3919 ἠ
3796 3882 3951 3918 παι-

2312 3927 2431 3983 δεία
2476 3934 2706 3985 νουθετιί
2749 3938 2835 3987 τὸν
2874 3934 3117 4004 ἄτακτον,
3146 3941 3215 3999 ὥς
3245 3937 3406 3993 ἐποίει
3440 3944 3466 3995 ὁ
3505 3946 3704 4011 Παῦλος
3737 3969 3950 4025 παρα-

2311 4015 2500 4080 διδούς
2543 4028 2616 4091 τῷ
2664 4028 2884 4094 Σατανᾷ,
2917 4024 3023 4077 οἷον
3067 4022 3247 4099 δημίῳ
3292 4034 3395 4082 τινὶ
3432 4034 3775 4107 στρεϐλοῦντι
3826 4015 3949 4098 καὶ

2307 4108 2638 4181 μαστίζοντι,
2693 4111 2774 4164 ἶνα
2815 4109 3147 4168 παιδευθῶσι
3188 4119 3261 4189 μὴ
3314 4116 3645 4197 βλασφημεῖν
3670 4147 3684 4162 ·
3724 4131 3829 4182 τὸν
3865 4129 3950 4187 δὲ

2307 4195 2630 4270 ἀφηνιαστὴν
2678 4198 2940 4274 ἐπανάγει,
2972 4204 3037 4264 ὡς
3081 4209 3201 4278 περί
3238 4206 3300 4258 οὗ
3347 4195 3568 4283 εἴρηται,
3600 4216 3683 4268 ὅτι
3717 4217 3950 4277 ’Ὕστε-

2303 4305 2392 4359 ρον
2475 4286 2845 4361 αἰχμαλωσίας
2932 4291 3092 4345 αύτοῦ
3180 4301 3485 4368 μετενόησεν
3509 4323 3522 4336 -
3599 4303 3947 4383 ἀναγκαῖον,

546 4404 934 4464 cognoscere,
958 4385 1035 4443 ad
1055 4383 1200 4456 quot
1227 4384 1285 4436 et
1320 4376 1409 4483 ad!
1428 4379 1660 4475 quanta
1671 4373 1834 4483 ptilis
1864 4376 1959 4431 sit.
1988 4379 2195 4483 Itaque

2315 4382 2494 4446 γνῶναι
2525 4384 2616 4437 τῆς
2652 4373 2895 4440 παιδείας
2924 4384 3018 4439 τὴν
3049 4378 3272 4457 δύναμιν
3313 4392 3441 4462 πρὸς
3486 4392 3589 4446 ὅσα
3616 4373 3729 4449 ἔστί
3763 4373 3957 4455 luo-1:

2357 4462 2629 4483 κινηόι
2750 4462 3383 4483 'I”“"‘

544 4463 810 4541 utilitatis
832 4475 1022 4550 ipsius
1060 4485 1286 4543 gnarus
1317 4465 1626 4530 Salomon,
1646 4463 1728 4520 ita
1747 4463 2071 4521 admonet:
2102 4465 2196 4523 Ne

544 4570 837 4632 destiteris
863 4578 1117 4637 puerum
1139 4559 1459 4628 castigare,
1490 4555 1769 4627 quoniam
1796 4555 1850 4610 si
1867 4554 2041 4626 virga
2060 4569 2194 4611 eum

542 4659 847 4725 cecideris,
869 4669 984 4711 non
1005 4650 1313 4707 morietur.
1341 4645 1498 4701 Nam
1519 4648 1585 4698 tu
1606 4644 1781 4714 virga
1802 4643 2100 4711 percuties
2124 4643 2196 4699 il-

542 4755 690 4823 lum,
712 4749 980 4807 animum
1013 4754 1151 4799 vero
1188 4736 1358 4793 illius
1392 4733 1671 4790 liberabis
1700 4746 1740 4788 a
1762 4732 2192 4823 Δπιότεροι-ριιῲ

537 4820 692 4903 enim
720 4838 907 4910 ﬁlius,
938 4845 1110 4904 quem
1137 4842 1260 4883 non
1290 4823 1541 4892 corripit
1566 4820 1824 4910 pater”?
1856 4821 1989 4877 Haec
2011 4820 2192 4877 disci-

534 4933 703 5010 plina
721 4909 944 4986 divitiis
964 4917 1167 4978 multis
1182 4912 1562 5010 praestantior
1578 4909 1745 5010 apud
1761 4926 1969 5010 (equos
1987 4926 2193 4968 rerum

536 4999 927 5082 aestimatores
945 5008 1226 5069 habetur.
1257 5004 1635 5076 Quapropter
1659 5002 1715 5058 et
1743 4999 1827 5058 ait
1861 4999 2148 5058 Salomon
2176 5016 2192 5057 ε

1124 5160 1173 5197 9"
1203 5156 1349 5215 ibid.
1381 5159 1436 5210 2.
1514 5154 1563 5189 ⁸³⁵
1594 5151 1775 5209 Hebr.
1812 5154 1913 5219 xit,
1946 5157 2030 5209 11.

606 5174 657 5212 9³
686 5175 856 5230 Prov.
888 5185 926 5236 ι,
957 5167 1050 5223 28.

534 5265 576 5320 ι,
602 5248 696 5304 20.
774 5243 792 5278 ί
814 5234 1035 5297 Jerem.
1068 5247 1228 5302 xxxv,
1260 5234 1351 5287 19.

606 5422 685 5497 (t)
722 5417 889 5498 Colb.
910 5408 1500 5498 pri‘mus‘xssueugem.
1544 5484 1555 5498 Ι

604 5480 682 5568 (2)
720 5490 884 5569 iuius
905 5480 1093 5569 codex
1119 5483 1286 5569 Coll).
1319 5480 1558 5569 διαγωγή
1592 5493 1691 5542 τις.

722 5564 865 5633 Reg.
895 5558 1130 5632 primus
1154 5559 1242 5607 καὶ
1264 5551 1556 5626 ἐφυλάχθη.

2108 5153 2158 5189 ⁸⁸
2184 5151 2331 5209 Psal.
2364 5169 2438 5218 vi,
2474 5157 2522 5210 1.

1434 5228 1457 5264 ³
1483 5227 1656 5283 Prov.
1687 5239 1849 5292 χχιιι,
1888 5228 1971 5292 t3,
2000 5226 2088 5281 14.
2164 5221 2188 5261 ⁸
2215 5223 2392 5282 Hebr.
2415 5241 2518 5298 xu,
2546 5229 2602 5284 7.

2295 5475 2442 5557 μενοςΓ
2468 5475 2665 5557 Εάιῐὶο
2697 5477 2882 5557 Paris.
2915 5475 3334 5557 παρῄουόμῖνα.

2301 4465 2467 4527 τιλής.
2502 4462 2669 4528 Εἰδὼς
2716 4462 2803 4520 οὖν
2840 4470 2900 4521 τὸ
2940 4467 3027 4524 ἀπ’
3063 4470 3223 4535 αὐτῆς
3264 4474 3516 4551 ὠφέλιμον
3569 4484 3596 4536 ό
3645 4486 3920 4563 Σολομὼν
3932 4540 3952 4565 ,

2301 4561 2572 4629 παραινεῖ.
2632 4558 2718 4614 Μὴ
2790 4555 3009 4632 ἀπόσχῃ
3081 4565 3263 4621 νήπιον
3317 4565 3605 4639 παιδεύειν,
3665 4555 3791 4645 6n,-
3836 4555 3955 4637 ἕάύ

2301 4643 2543 4717 πατάξῃς
2588 4644 2743 4697 αὐτὸν
2804 4644 3008 4721 ῥάϐδῳ,
3069 4649 3164 4703 οὐκ
3243 4651 3599 4716 ἀποθανεῖται.
3669 4643 3765 4718 Σὺν
3828 4674 3956 4743 μὲν

2300 4733 2403 4807 γὰρ
2452 4729 2636 4823 ῥάϐδῳ
2693 4735 2938 4799 πατάξεις
2989 4736 3167 4806 αύτόν,
3217 4746 3312 4801 τὴν
3375 4741 3436 4800 δε
3496 4748 3682 4823 ψυχὴν
3743 4729 3957 4815 αὐτοῦ

2299 4824 2437 4924 ρύσῃ
2492 4820 2833 4924 ἐκιθανάτον.
2874 4832 2968 4924 Τις
3006 4829 3107 4904 γὰρ
3138 4831 3281 4924 τίος,
3332 4832 3387 4885 ὃν
3440 4834 3498 4889 ού
3553 4820 3807 4899 παιδεύει

2299 4915 2473 5006 πατήρ
2499 4926 2526 5006 ;⁸
2548 4910 2693 4972 Λύτη
2725 4914 2755 4972 ἡ
2806 4911 3026 4969 παιδεία
3069 4917 3266 4972 πολλῶν
3299 4927 3594 4999 χρημάτων
3630 4930 3750 4987 ilo-1":
3806 4910 3964 5006 tot;

2305 4998 2468 5076 ὀρθῶς
2512 4999 2862 5077 λογιζομένοις
2907 5010 3210 5084 τιμιωτέρα.
3240 5015 3327 5065 Διό
3361 4998 3520 5086 φησιν
3559 5021 3585 5073 ό
3628 5021 3905 5099 Σολομὼν

2602 5154 2646 5192 ⁸⁷
2679 5157 2898 5215 Jerem.
2929 5174 2991 5231 x,
3020 5161 3111 5216 24.
3189 5162 3238 5199 ³⁸
3260 5165 3375 5231 Isa.
3407 5183 3462 5227 ι..
3494 5173 3546 5227 5.
3624 5175 3721 5233 “1
3760 5178 3966 5241 Tim.

2367 5404 2442 5503 (ξ)
2473 5402 2673 5503 ﬂagitio
2697 5404 3014 5503 “uasil._e_t
3032 5410 3326 5503 A‘quipque
3373 5432 3522 5480 mss.
3571 5429 3975 5503 παρακαλού-

2366 5548 2440 5623 (ὅ)
2468 5550 2609 5618 Reg.
2642 5548 2877 5620 primus
2905 5548 3205 5623 παιδεύσει,
3239 5562 3534 5635 corripiet,
