4076 6190
193 287 287 342 401

190 430 344 483 μενος
438 410 528 462 ὑπ’
610 411 797 478 αύτῶν,
851 417 985 487 μήτε
1051 413 1445 488 ἐξανιστάμενος
1527 434 1626 467 που
1701 413 1874 478 τῆςΑ

191 498 462 562 ἀληθείας.
531 499 694 551 Ὀταν
758 502 860 575 γὰρ
926 501 1092 565 ἄλλως
1154 505 1245 576 μὶν
1311 506 1511 577 φύσεως
1571 504 1669 575 ἔχῇ
1734 503 1801 555 τά

190 590 508 663 πράγματα,
560 588 725 652 ἄλλως
783 586 843 642 δῖε
894 593 945 642 οἱ
998 590 1140 664 λόγοι
1186 597 1307 667 περί
1361 592 1531 644 αὐτῶν
1585 591 1802 645 ἀναπεί-

192 678 347 743 θωσι,
384 683 586 751 στροφὴ
632 682 713 739 τίς
759 677 894 747 ἐστι,
926 680 1115 753 μᾶλλον
1148 677 1207 734 δε
1238 678 1273 734 δ
1279 666 1552 756 ιαστροφή,
1581 682 1681 733 ύπό
1713 687 1803 733 τοῦ

188 765 351 837 λόγου
394 771 517 840 περὶ
560 771 653 825 την
702 766 942 827 ἀλήθειαν
988 774 1253 842 γινομένη.
1288 776 1389 823 Καὶ
1442 771 1467 821 0
1515 769 1667 831 οἴλλος
1714 772 1805 842 μὲν

190 858 525 927 γευόμενος,
557 854 710 918 ἄλλος
738 852 799 908 δε
842 857 911 908 ὢν
940 860 1077 910 κατὰ
1124 857 1386 926 ἀλήθειαν,
1424 865 1676 933 στροφαῖς
1716 861 1807 911 κέ-

187 963 406 1017 χρηται
469 944 655 1017 λόγων,
712 944 924 999 ἀπατῶν
976 950 1096 1009 τούς
1144 950 1413 1015 συνόντας,
1462 948 1635 1023 ὥσπερ
1688 949 1809 1007 τούς

187 1035 355 1095 κύνας
422 1032 619 1106 λαγωοὶ
669 1039 759 1087 καὶ
809 1033 1087 1103 ἀλώπεκες,
1132 1035 1304 1110 ἑτέραν
1353 1033 1667 1100 δεικνύντες,
1719 1040 1811 1088 καὶ

189 1120 377 1196 ἑτέραν
421 1127 744 1196 τρεπόμενοι.
800 1122 870 1176 Ἥ
926 1128 1147 1197 στροφαί
1200 1128 1333 1186 τινές
1381 1125 1483 1178 εἰσι
1536 1124 1700 1197 λόγων
1757 1125 1813 1177 αἱ

189 1209 243 1262 ίκ
292 1220 402 1273 τῆς
444 1208 795 1285 ψευδωνύμου
833 1217 1075 1284 γνώσεως
1122 1212 1426 1275 ἀντιθέσεις.
1466 1214 1541 1266 Ού
1590 1209 1813 1266 καταδε-

187 1304 421 1372 χόμενοι
450 1302 554 1375 γὰρ
584 1304 643 1352 τὸ
674 1299 870 1353 ἁπλοῦν
914 1310 1008 1365 τῆς
1045 1310 1399 1376 πνευματικῆς
1432 1299 1812 1375 διδασκαλίας,

188 1392 236 1441 οἱ
299 1387 362 1440 ἐι
416 1398 514 1449 τῆς
557 1386 894 1452 διαλεκτικῆς
944 1395 1076 1467 πρὸς
1120 1394 1215 1455 τάς
1272 1390 1571 1464 ἀντιλογίας
1616 1392 1813 1451 ἠκονη-

186 1482 369 1551 μένοι,
424 1483 798 1554 περιτρέπουσι
861 1480 1108 1544 πολλάκις
1174 1485 1268 1540 τήν
1320 1482 1481 1554 ἰσχύν
1532 1490 1627 1544 τῆς
1688 1480 1813 1539 ἀλη-

190 1569 343 1629 θείας
404 1575 467 1639 τῇ
520 1567 861 1641 πιθανολογίᾳ
904 1578 1004 1622 τῶν
1056 1572 1413 1643 σοφισμάτων.
1456 1573 1675 1642 Δέχεται
1724 1567 1811 1623 οὖν

187 1659 402 1718 ταύτας
448 1659 543 1717 τὰς
597 1660 825 1730 στροφὰς
882 1667 983 1710 τῶν
1036 1658 1199 1731 λόγων
1250 1660 1279 1711 ὁ
1323 1666 1438 1723 ταῖς
1498 1665 1813 1734 Παροιμίαις

187 1747 574 1819 ὠχυρωμένος.
623 1744 729 1799 Κάν
772 1745 893 1820 εύρη
951 1751 1076 1801 ποτε
1120 1747 1487 1823 προϐλήματα,
1548 1748 1812 1811 ίσοπαλείς
1843 1748 1882 1800 Β

186 1840 285 1897 τὰς
318 1833 404 1906 ἐφ’
433 1835 672 1908 ἑκάτερον
718 1833 1080 1909 ἕπιχειρήσεις
1123 1840 1332 1909 ἔχοντα,
1364 1837 1540 1906 ἐν-οἷς
1586 1833 1812 1889 δυσδιοί-

188 1944 385 2000 ιριτος
422 1923 517 1976 τού
546 1926 899 2000 πιθανωτέρου
930 1928 960 1984 ἠ
996 1926 1194 1999 εὕρεσις
1219 1946 1232 1960 '
1285 1928 1424 2000 ὅμως
1467 1923 1561 1978 διὰ
1590 1930 1647 1979 1'0
1675 1925 1813 1998 ἐγγε-

188 2014 510 2087 τδμνοίσθαι
543 2013 752 2085 (15-16)
778 2021 894 2076 ταῖς
940 2019 1279 2088 Παροιμίαις,
1312 2015 1372 2067 ού
1406 2018 1813 2087 συγχυθήσεται

191 2107 283 2156 τὸν
311 2110 461 2172 νοῦν,
492 2102 590 2155 κᾶν
614 2104 696 2155 ὅτι
742 2103 977 2176 μάλιστα
1006 2100 1236 2157 δοκῶσιν
1282 2106 1331 2156 οἱ
1368 2102 1815 2177 προσδιαλεγόμε-

190 2212 273 2245 νοι
325 2191 508 2254 ίξίσου
554 2194 649 2254 τὰς
703 2190 761 2244 ἔκ
803 2201 905 2246 τῶν
953 2191 1377 2269 ἐπιχειρημάτων
1412 2193 1615 2266 πληγὰς
1662 2192 1813 2253 ἀλλή-

192 2281 307 2343 λοις
336 2280 709 2355 ἀπεπιφέρειν.

267 2374 324 2426 8.
370 2371 664 2443 Χαρίξεται
696 2372 725 2429 ἠ
761 2375 1030 2446 Παροιμία
1053 2376 1142 2425 καὶ
1167 2374 1225 2426 τὸ
1249 2381 1437 2433 νοῆσαι
1468 2369 1810 2429 δικαιοσύνην

198 2458 394 2517 ἀληθῆ.
437 2459 580 2513 Ἐπεὶ
636 2457 723 2512 οὖν
763 2458 877 2513 ἐστι
912 2443 1237 2521 ’δικαιοσύνη
1294 2462 1399 2525 ἕξις
1453 2460 1805 2533 ἀπονεμητικη

192 2557 288 2601 τοῦ
339 2548 457 2600 κατ’
489 2547 676 2611 ἀξίαν·
723 2545 1062 2623 δυσθήρατον
1116 2547 1175 2603 δε
1218 2558 1393 2617 τούτο,
1426 2558 1526 2602 τῶν
1575 2554 1665 2623 μὲν
1715 2545 1809 2601 διὰ

190 2641 251 2689 τὸ
318 2642 442 2712 περὶ
496 2642 592 2696 τήν
656 2642 907 2711 φρόνησιν
961 2637 1199 2707 ἑλλειπὲς,
1255 2640 1349 2692 ούκ
1402 2639 1805 2715 ἐξευρισκόντων

190 2726 402 2797 ἑκάστῳ
454 2722 720 2799 διανεῖμαι
767 2732 827 2779 1'0
876 2731 1010 2797 ἶσον,
1060 2737 1159 2780 τῶν
1209 2725 1288 2796 δὲ,
1332 2726 1426 2781 διὰ
1465 2731 1524 2781 1'0
1580 2747 1806 2802 προκατ-

191 2818 423 2887 έχεσθαι
475 2816 576 2867 ύπό
619 2818 799 2868 παθῶν
855 2815 1206 2893 ἀνθρωπίνων,
1241 2817 1582 2891 ἀφανιξόντων
1630 2821 1688 2869 1'0
1723 2813 1801 2869 δί-

188 2924 361 2971 καιον,
391 2906 516 2956 ὅταν
563 2910 793 2963 πενήτων
844 2909 934 2977 μευ
980 2915 1366 2980 καταφρονῶσι,
1419 2903 1685 2967 δυνάστας
1742 2902 1801 2959 δὲ

190 2991 518 3055 ἀδαοὺντας
559 2998 630 3066 μή
688 2990 1004 3066 διελέγχωσι
1051 2996 1186 3065 (17),
1222 2992 1409 3048 δώσειν
1457 2997 1798 3066 ὑπισχνεῖται

187 3091 298 3146 τοῖς
350 3083 544 3143 ἑαυτης
586 3084 849 3156 μαθηταῖς
904 3085 935 3141 ἠ
993 3083 1178 3157 βίϐλος
1226 3093 1323 3136 τῶν
1364 3092 1663 3159 Παροιμιῶν
1701 3093 1794 3147 τῆς
1829 3100 1870 3157 c

190 3171 423 3233 ἀληθοῦς
471 3168 816 3234 δικαιοσύνης
841 3178 935 3231 τὴν
972 3182 1184 3245 γνῶσιν.
1220 3178 1320 3226 Καὶ
1367 3170 1547 3232 ἐπειδὴ
1592 3173 1790 3240 πολλοὶ,

190 3265 279 3312 τόν
329 3262 480 3333 ποιρὰ
526 3269 625 3312 τῶν
677 3261 874 3313 πολλῶν
922 3264 1123 3314 ἔπαινον
1170 3264 1476 3338 θηρώμενοι,
1523 3265 1655 3336 ἔργῳ
1703 3265 1792 3335 μὲν

193 3356 287 3407 τὴν
334 3347 556 3402 ἀδικίαν
600 3355 690 3402 καὶ
735 3356 796 3402 1'0
844 3351 1195 3405 πλεονεκτικὸν
1239 3355 1305 3414 ὡς
1332 3352 1581 3425 ὠφέλιμον
1611 3370 1794 3426 προτι-

195 3449 356 3511 μῶσι,
393 3445 643 3512 σχήματι
673 3435 732 3492 δὲ
761 3444 851 3492 καὶ
878 3439 1012 3512 λόγῳ
1054 3445 1142 3500 τὴν
1193 3442 1414 3499 ἰσότητα
1458 3446 1548 3492 καὶ
1578 3444 1671 3499 την
1704 3436 1795 3492 δι-

196 3533 481 3585 καιοσύνην
528 3529 1063 3603 ὑπερθαυμάζουσιν·
1115 3527 1239 3583 οὐδὲ
1292 3532 1507 3593 τούτους
1549 3529 1795 3601 ἀγνοήσει

198 3620 224 3668 0
278 3621 371 3679 τὰς
422 3622 718 3691 Παροιμίας
772 3615 1199 3692 πεπαιδευμένος,
1230 3617 1357 3671 ἀλλά
1406 3625 1665 3691 γνώσεται
1712 3622 1795 3680 τίς

200 3702 509 3767 ἐκίεδηλος
556 3710 646 3758 καὶ
689 3708 1041 3780 νενοθευμένη,
1091 3713 1180 3759 καὶ
1225 3713 1306 3770 τίς
1353 3710 1383 3766 ἠ
1437 3706 1652 3766 ἀληθινὴ
1703 3712 1792 3759 καὶ

198 3790 386 3857 ἄδολος
430 3791 767 3853 δικαιοσύνη.
792 3795 935 3848 Ἐπεὶ
972 3802 1143 3868 μέντοι
1170 3796 1390 3858 πολλούς
1442 3801 1526 3849 κοὶ
1574 3800 1623 3850 οἱ
1675 3798 1794 3861 ἕξω-

201 3884 279 3936 θεν
325 3889 474 3956 σοφοὶ
515 3883 856 3937 κατεϐαλοντο
905 3886 1017 3956 (18)
1044 3886 1230 3958 λόγους
1257 3891 1375 3959 περὶ
1424 3883 1786 3954 δικαιοσύνης,

196 3977 284 4024 καὶ
320 3976 551 4035 πιθανῶς
598 3978 1016 4049 παρακρούονται
1061 3979 1181 4037 τούς
1227 3981 1298 4049 μὴ
1352 3972 1670 4049 δυναμένους
1716 3986 1788 4047 τῷ

198 4060 376 4119 ἀληθεί
400 4061 539 4133 λογῳ
580 4068 699 4135 περὶ
745 4071 837 4115 τοῦ
870 4069 1161 4137 σκέμματος
1204 4068 1389 4117 τούτου
1435 4064 1788 4125 ἐπακολουθῆ-

198 4169 305 4213 σαι,
334 4150 694 4222 irrit/{Alam
733 4154 1006 4226 γνωρίσὲιν
1053 4155 1082 4212 ἡ
1135 4152 1316 4226 βίϐλος
1363 4159 1456 4212 τὴν
1497 4153 1660 4213 ἀληθῆ
1698 4152 1788 4207 δι·-

196 4245 499 4304 καιοσύνην,
559 4243 692 4293 ὥστε
730 4244 788 4292 1'0
833 4240 887 4293 ἐκ
932 4250 1031 4294 τῶν
1082 4246 1415 4315 σοφισμάτων
1456 4245 1594 4317 ἡμᾶς
1640 4242 1788 4315 βλαι-

199 4327 338 4400 εερόν
369 4325 677 4401 διαδρᾶναι.
706 4326 848 4388 Ἤδη
902 4326 960 4382 δί
1002 4336 1089 4383 καὶ
1136 4334 1201 4384 τὰ
1237 4337 1434 4405 νόμιμα
1460 4339 1561 4384 τῶν
1610 4331 1783 4399 ἐθνῶν,

200 4418 385 4477 πολλὴν
436 4424 573 4494 πρὸς
622 4418 819 4477 ἄλληλα
870 4421 1061 4491 ἔχοντα
1112 4426 1206 4479 τὴν
1256 4417 1528 4497 διαφορὰν,
1581 4425 1787 4494 σύγχυ-
1816 4451 1860 4505 D

203 4525 283 4559 σιν
322 4507 504 4580 ἱμποεῑ
564 4515 679 4571 ταῖς
728 4505 988 4571 διανοίαις
1044 4516 1142 4562 τῶν
1190 4514 1258 4583 μὴ
1314 4514 1400 4562 τὸν
1455 4510 1641 4584 ἀκριϐῆ
1692 4520 1786 4574 τῆς

204 4592 542 4658 δικαιοσύνης
586 4597 736 4669 λόγον
784 4599 1180 4671 κατειληφότων,
1214 4599 1362 4652 Ἐνια
1402 4604 1492 4672 μὲν
1535 4603 1636 4676 γὰρ
1691 4611 1789 4654 τῶν

202 4684 351 4737 ἐθνῶν
398 4687 513 4758 (19)
557 4691 652 4744 τήν
698 4693 1043 4760 πατροφονίαν
1092 4684 1305 4741 δικαίαν
1350 4691 1613 4742 τίθενται·
1662 4690 1791 4743 οἷλλα

201 4769 259 4827 δε
286 4785 385 4827 τῶν
433 4774 590 4827 ἐθνῶν
637 4774 807 4828 ποίντα
849 4780 995 4849 φόνον
1047 4780 1110 4838 ὡς
1160 4776 1365 4831 ἀνόσιον
1423 4777 1787 4852 ἀποτρέπεται.

204 4870 299 4916 [αἱ
346 4866 413 4916 τά
463 4868 557 4936 μὲν
612 4868 951 4939 σωφροσύνην
998 4867 1293 4939 ὑπερτιμᾷν
1343 4870 1409 4920 τά
1458 4864 1516 4920 δὲ
1555 4872 1791 4943 μητράσι

202 4971 286 5003 και
322 4953 622 5026 θυγατράσι
664 4959 754 5006 καὶ
808 4950 1053 5026 ἀδελφαῖς
1099 4954 1444 5028 ἐπιμαίνεται.
1508 4963 1607 5010 Καὶ
1665 4957 1793 5021 ὅλως

204 5041 391 5109 πολλοὶ,
443 5040 656 5116 ἀρχαίῳ
714 5044 813 5095 ἔθει
866 5048 1254 5117 κεκρατημένοι,
1298 5049 1356 5097 τὸ
1405 5051 1642 5121 μυσαρὸν
1691 5058 1790 5100 τῶν

203 5136 471 5204 γινομένων
516 5132 578 5184 ού
627 5128 1012 5206 διακρίνουσιν.
1039 5140 1094 5186 'li
1142 5131 1201 5187 δὲ
1240 5132 1421 5206 βίϐλος
1451 5137 1603 5203 αύτη,
1639 5133 1794 5191 διδοίη

210 5237 399 5273 σκονσα
430 5226 495 5274 τά
542 5227 662 5294 περί
691 5230 788 5283 τῆς
827 5220 1049 5283 ἀληθοῦς
1085 5219 1393 5281 δικαιοσύνη
1407 5245 1446 5291 ς,
1473 5226 1653 5299 ῥύεται
1695 5236 1795 5278 τῶν

209 5305 257 5369 ἒξ
302 5308 512 5383 ἀλογίας
559 5312 738 5364 παθῶν
769 5314 892 5371 τούς
945 5308 1261 5386 ἀνθρώπους.
1305 5311 1457 5366 ’Ἐστι
1498 5310 1555 5366 δὲ
1600 5311 1803 5367 δικαιο-

271 5491 475 5564 (ςόοίϐ)
497 5488 767 5564 ΔΑηϋςιιιξ
793 5487 919 5564 duo
947 5487 1082 5545 libri
1109 5493 1577 5564 76‘7t7vada'00tt.

274 5561 382 5626 (17)
413 5560 617 5618 Itidem
644 5559 709 5617 in
729 5559 980 5617 duobus
999 5577 1144 5619 mss.
1175 5559 1393 5633 legitur
1417 5568 1489 5637 μὴ
1515 5563 1792 5638 summa

1156 290 1444 347 HOMILIA
1480 291 1551 346 IN
1587 287 1991 348 PRINCIPIUM
2030 288 2600 349 PROVEBBIORUM.

3449 287 3555 347 402

1909 413 2148 486 excipit,
2180 414 2333 471 adeo
2375 419 2440 472 ut
2483 430 2679 490 neque
2714 415 2791 471 ab
2834 414 2979 488 ipsis
3027 416 3418 489 pervertatur,
3456 428 3557 470 ne.

1909 519 2025 577 que
2050 519 2322 578 unquam
2348 521 2384 562 a
2412 521 2551 561 vero
2579 505 2867 562 discedat.
2901 508 3047 562 Cum
3077 505 3237 561 enim
3270 504 3436 561 aliter
3455 519 3559 559 na-

1909 597 2043 649 tura
2072 608 2133 649 se
2161 610 2254 649 res
2284 594 2529 663 habent,
2562 594 2729 651 aliter
2754 610 2892 650 vero
2924 594 2998 649 de
3030 594 3111 649 eis
3134 593 3392 650 suadent
3420 608 3559 649 ver-

1913 681 2013 751 ba,
2066 684 2327 742 versutia
2378 684 2659 756 quendam
2729 688 2839 752 est,
2892 683 2989 739 vel
3042 683 3241 757 potius
3298 682 3561 740 inversio

1917 771 2173 828 veritatis
2201 788 2307 845 per
2327 788 2666 829 sermonem
2696 772 2873 830 facta.
2907 775 2974 829 Et
3001 772 3103 846 qui
3132 772 3282 828 alius
3311 771 3562 847 quidem

1914 860 2168 931 videtur,
2201 860 2353 917 alius
2381 877 2476 917 res
2508 861 2640 935 ipsa
2664 867 2770 930 est,
2789 861 3048 936 strophis
3078 876 3427 917 sermonum
3454 861 3566 917 uti-

1918 953 2034 1014 tur,
2062 950 2265 1006 fucum
2297 950 2521 1005 faciens
2552 950 2622 1006 iis
2644 950 3017 1023 quibuscum
3042 955 3335 1017 versatur,
3367 950 3567 1023 perin-

1920 1038 1995 1094 de
2044 1043 2108 1095 ut
2157 1038 2390 1112 lepores
2460 1039 2793 1113 vulpesque
2837 1039 3107 1107 canibus,
3167 1039 3348 1095 aliam
3404 1038 3567 1095 viam

1922 1132 2486 1193 commonstrantes,
2517 1128 2699 1185 aliam
2747 1133 3080 1202 carpentes.
3109 1128 3260 1193 Quin
3291 1132 3347 1184 et
3398 1126 3566 1183 falsm

1922 1216 2183 1272 scientiae
2215 1216 2544 1274 antitheses
2589 1218 2851 1290 strophze
2878 1217 3161 1290 quaedam
3191 1220 3329 1272 sunt
3357 1215 3571 1271 verbo-

1920 1321 2077 1362 rum.
2113 1305 2340 1362 Etenim
2372 1323 2510 1362 cum
2542 1306 2865 1380 spiritualis
2893 1306 3179 1362 doctrinm
3219 1304 3571 1377 simplicita-

1923 1399 2041 1451 tem
2080 1410 2203 1450 non
2233 1395 2524 1468 recipiant
2564 1396 2624 1463 ii,
2656 1396 2759 1469 qui
2803 1394 3117 1451 dialectica
3164 1394 3242 1451 ad
3285 1393 3575 1451 contradi-

1922 1484 2181 1540 cendum
2215 1485 2371 1540 acuti
2401 1490 2559 1552 sunt,
2592 1485 2773 1541 iidem
2805 1485 2925 1541 vim
2965 1484 3233 1541 veritatis
3262 1499 3384 1539 non
3433 1498 3573 1539 raro

1923 1573 2366 1646 sophismatum
2396 1575 2911 1631 verisimilitudine
2940 1573 3112 1647 104
3145 1577 3433 1631 evertunt.
3458 1573 3576 1628 Has

1922 1663 2101 1733 igitur
2143 1679 2493 1719 sermonum
2542 1665 2818 1737 strophas
2849 1664 3065 1736 excipit
3115 1663 3219 1736 qui
3272 1661 3579 1718 Parmmiis

1925 1753 2194 1809 munitus
2222 1758 2327 1810 est.
2357 1755 2484 1810 Imo
2530 1754 2577 1809 si
2608 1754 2859 1826 quando
2881 1753 3150 1809 offendat
3174 1752 3575 1826 problemata,

1924 1858 2132 1916 aequas
2165 1842 2445 1915 utrinque
2486 1843 2875 1917 probationes
2906 1843 3214 1908 habentia,
3245 1842 3306 1897 in
3355 1840 3578 1919 quibus

1922 1930 2347 1987 verisimilioris
2390 1932 2656 1988 inventio
2680 1932 2954 2003 judicatu
2983 1930 3239 1987 difﬁcilis
3270 1930 3381 1987 sit:
3424 1944 3577 2004 quo-

1922 2019 2089 2075 niam
2132 2023 2334 2076 tamen
2367 2020 2725 2076 exercitatus
2773 2020 2834 2076 in
2866 2020 3199 2077 Proverbiis
3229 2023 3338 2087 est,
3371 2019 3577 2076 animo

1922 2125 2046 2177 non
2094 2108 2513 2177 confundetur,
2542 2109 2775 2165 etiamsi
2819 2109 3221 2183 disceptantes
3250 2124 3439 2182 quam
3482 2123 3579 2164 ve-

1922 2197 2371 2254 hementissime
2396 2197 2659 2270 aequales
2689 2202 3184 2269 argumentorum
3216 2196 3429 2271 plagas
3461 2196 3578 2254 sibi

1922 2285 2181 2341 invicem
2211 2285 2425 2341 inferre
2456 2286 2796 2343 videantur.

1994 2378 2046 2431 8.
2088 2375 2154 2429 ld
2183 2390 2427 2448 quoque
2457 2375 2759 2433 Paroemia
2792 2375 3063 2448 largitur,
3095 2382 3161 2432 ut
3208 2374 3576 2446 intelligatur

1915 2464 2146 2535 justitia
2178 2480 2337 2520 vera.
2373 2465 2671 2530 Quoniam
2701 2464 2882 2535 igitur
2922 2465 3148 2536 justitia
3179 2464 3424 2521 habitus
3456 2467 3570 2531 est,

1919 2553 2021 2625 qui
2053 2568 2163 2625 pro
2208 2552 2420 2608 merito
2470 2569 2650 2610 suum
2702 2554 2917 2626 cuique
2976 2553 3295 2620 distribuit,
3328 2551 3569 2607 difﬁcile

1917 2646 2120 2699 autem
2152 2646 2243 2697 est
2284 2642 2398 2697 hoc
2425 2642 2694 2715 assequi,
2727 2642 2949 2714 partim
2974 2642 3139 2714 quod
3171 2641 3269 2697 alii
3292 2641 3392 2697 "ob
3422 2656 3567 2713 pru-

1916 2729 2132 2786 dentiae
2153 2730 2420 2803 inopiam
2435 2746 2553 2785 non
2568 2730 2879 2786 inveniant
2895 2729 3205 2802 quomodo
3219 2729 3435 2801 cuique
3450 2728 3569 2784 dis-

1914 2819 2184 2875 tribuant
2237 2818 2406 2891 quod
2460 2835 2705 2892 aequum
2754 2825 2864 2884 est,
2925 2818 3145 2892 partim
3200 2818 3370 2890 quod
3440 2817 3562 2885 alii,

1910 2908 2225 2964 affectibus
2264 2908 2549 2964 humanis
2578 2908 3006 2982 prwoccupati,
3035 2908 3137 2978 jus
3184 2906 3470 2964 aboleant
3508 2909 3569 2963 et

1909 2998 2204 3067 abrogent
2231 3000 2380 3064 tum,
2409 3014 2548 3052 cum
2598 2999 2812 3069 spretis
2859 2997 3232 3070 pauperibus
3269 2996 3564 3068 dynastas

1908 3087 2233 3157 injuriosos
2265 3101 2390 3141 non
2420 3085 2807 3157 redarguunt,
2840 3086 3065 3142 idcirco
3100 3084 3561 3141 Proverbiorum

1906 3176 2057 3233 liber
2086 3174 2208 3231 suis
2238 3190 2301 3231 se
2338 3174 2651 3247 discipulis
2672 3175 2914 3246 justitiaa
2960 3190 3113 3230 verte
3152 3172 3558 3244 cognitionem

1904 3266 2189 3323 daturum
2221 3263 2557 3337 pollicetur.
2581 3266 2647 3320 Et
2666 3264 2811 3337 quia
2831 3263 3099 3337 plerique
3120 3263 3364 3319 laudem
3394 3261 3559 3332 vulgi

1903 3359 2218 3423 venantes,
2236 3354 2437 3427 reipsa
2464 3354 2711 3427 quidem
2732 3354 3090 3425 injustitiam
3119 3353 3556 3425 avaritiamque

1903 3450 2197 3517 tanquam
2224 3444 2521 3517 quiddam
2551 3444 2692 3500 utile
2722 3443 3068 3517 praeferunt,
3102 3443 3300 3516 specie
3330 3458 3468 3499 vero
3497 3445 3556 3499 et

1903 3533 2101 3588 verbis
2124 3533 2465 3605 mquitatem
2511 3548 2582 3589 ac
2604 3533 2899 3604 justitiam
2928 3532 3105 3589 valde
3132 3532 3549 3588 admirantur:

1903 3637 1979 3679 ne
2007 3623 2119 3677 hos
2169 3621 2415 3694 quidem
2464 3621 2766 3691 ignorabit
2790 3622 2876 3677 vir
2926 3621 3231 3678 Paroemiis
3259 3620 3548 3687 eruditus,

1902 3711 2007 3766 sed
2032 3716 2353 3782 cognoscet
2378 3726 2517 3783 qua:
2541 3710 2878 3767 adulterina
2907 3726 2977 3766 ac
3007 3708 3233 3782 spuria,
3255 3724 3391 3782 quae
3412 3724 3552 3765 vera

1900 3815 1969 3857 ac
2026 3801 2259 3855 sincera
2304 3800 2379 3855 sit
2414 3800 2668 3870 justitia.
2723 3800 3021 3865 Quoniam
3073 3803 3272 3855 autem
3323 3797 3550 3854 externi

1896 3905 2140 3964 quoque
2187 3888 2490 3960 sapientes
2520 3888 2775 3944 multum
2820 3888 2895 3944 de
2933 3887 3164 3960 justitia
3191 3887 3545 3944 disseruere.

1896 3984 1953 4035 et
1977 3976 2395 4051 probabilibus
2425 3977 2624 4033 verbis
2655 3976 2871 4033 fallunt
2890 3993 2993 4033 eos
3019 3977 3121 4050 qui
3153 3977 3281 4048 ejus
3306 3976 3388 4032 rei
3409 3992 3545 4048 quae

1896 4066 2291 4141 expendenda
2341 4067 2720 4140 proponitur,
2751 4068 3046 4124 rationem
3076 4083 3277 4123 veram
3304 4066 3547 4139 assequi

1895 4174 2018 4215 non
2049 4161 2322 4229 possunt,
2344 4156 2750 4213 indicaturum
2774 4173 2836 4213 se
2861 4157 3155 4228 justitiam
3185 4171 3389 4212 veram
3421 4155 3547 4229 pol-

1893 4247 2101 4303 licetur
2119 4245 2271 4301 liber
2289 4246 2475 4315 ille,ut
2491 4263 2716 4303 noxam
2739 4262 3058 4303 caveamus
3079 4245 3541 4318 sophismatum.

1894 4337 2029 4393 Jam
2049 4350 2189 4391 vero
2213 4335 2481 4404 gentium
2507 4335 2685 4391 etiam
2704 4336 2843 4405 jura
2871 4335 3037 4391 haud
3066 4351 3282 4408 parum
3308 4334 3460 4390 inter
3483 4349 3546 4390 se

1896 4423 2379 4493 diversa,animis
2391 4439 2597 4480 eorum
2617 4425 2720 4497 qui
2740 4428 3084 4481 accuratam
3101 4423 3345 4494 justitim
3370 4423 3548 4481 ratio-

1898 4529 2038 4571 nem
2067 4527 2190 4569 nou
2216 4512 2821 4585 comprehenderunt,
2851 4513 3366 4587 perturbationem
3398 4528 3546 4569 con-

1896 4604 1954 4659 fu
1966 4604 2318 4675 sioncmque
2339 4602 2853 4659 aﬂ‘erunt.Etenim
2874 4606 3079 4674 gentes
3092 4602 3396 4660 nonnullae
3417 4618 3550 4676 par-

1895 4691 2420 4763 ricidiumjustum
2443 4697 2759 4764 etaequum
2782 4692 3041 4763 ducunt;
3064 4694 3280 4766 aliquae
3302 4708 3547 4750 omnem

1897 4781 2124 4839 caedem
2182 4781 2265 4838 uti
2313 4781 2627 4838 scelestam
2677 4788 3055 4840 aversantur.
3098 4783 3242 4839 Alite
3284 4781 3547 4838 maxime

1899 4870 2103 4927 colunt
2133 4870 2522 4942 pudicitiam:
2558 4873 2689 4928 aliis
2719 4873 2780 4927 in
2812 4880 3034 4928 matres
3064 4872 3336 4942 ﬁliasque
3366 4874 3423 4925 et
3450 4885 3547 4924 so-

1901 4975 2066 5017 rores
2088 4959 2333 5015 lihidine
2357 4961 2579 5017 furunt.
2625 4962 2887 5032 Denique
2902 4960 3170 5032 plerique
3191 4957 3387 5030 prisca
3408 4972 3549 5011 con-

1903 5048 2216 5105 suetudine
2259 5048 2414 5121 victi,
2455 5066 2741 5105 ausorum
2782 5064 3032 5104 suorum
3077 5045 3549 5101 exsecrationem

1906 5153 1975 5194 ac
2031 5132 2426 5207 ignominiam
2484 5154 2608 5194 non
2654 5137 3038 5206 dignoscunt.
3074 5133 3189 5192 Sed
3226 5133 3323 5189 hic
3376 5131 3547 5188 liber‘

1898 5226 2198 5299 justitiam
2229 5242 2434 5281 veram
2470 5226 2714 5292 docens,
2743 5223 3022 5279 homines
3062 5238 3098 5277 a
3125 5221 3405 5277 belluinis
3433 5221 3549 5278 illis

1909 5320 1966 5372 et
2008 5314 2251 5372 insulsis
2303 5312 2615 5369 affectibus
2671 5312 2903 5368 liberat.
2936 5314 3034 5366 Est
3080 5315 3280 5367 autem
3322 5310 3554 5383 justitia

1973 5494 2085 5563 (18)
2125 5496 2262 5561 Reg.
2292 5490 2525 5563 primus
2557 5488 2945 5545 κατεϐάλλοντο.

1977 5560 2090 5637 (19)
2134 5560 2313 5621 Unius'
2327 5560 2518 5620 codex
2546 5564 2684 5633 Reg.
2718 5564 2811 5635 μὶν
2838 5564 2941 5638 γὰρ
2966 5562 3107 5621 ἔθνη.
