4076 6190
503 236 607 291 403

1862 226 1918 283 S.
1960 220 2212 280 BASILII
2261 223 2506 282 MAGNI.

3756 228 3869 283 404·

504 359 812 433 qumdam,
840 372 977 431 quae
1022 356 1174 412 inter
1202 369 1316 412 nos
1360 356 1657 425 versatur,
1692 353 1851 426 aequi
1878 349 2149 408 videlicet

2273 352 2423 415 σύνη,
2456 351 2486 407 ἡ
2516 353 2606 422 μέν
2637 369 2718 411 τις
2742 349 2791 401 ἐν
2820 351 2943 423 ἡμῖν
2984 352 3320 424 στρεφομένη,
3351 348 3381 407 η
3415 354 3506 401 τοῦ
3537 349 3655 401 ῖσου
3688 345 3871 402 διανο-

505 446 864 505 distributio.
899 448 1259 518 Quanquam
1290 444 1511 499 etenim
1538 443 1599 500 id
1621 459 1743 499 non
1774 442 2024 498 omnino
2064 456 2157 496 as-

505 537 853 610 sequimur;
893 540 1095 591 tamen
1125 534 1173 588 si
1196 533 1539 605 justissimo
1562 533 1811 589 consilio
1832 533 1894 587 in
1916 530 2156 601 agendo

503 631 768 696 utamur,
796 641 921 682 non
946 624 1305 681 aberramus
1336 639 1543 696 scopo.
1578 626 1677 680 Est
1703 627 1759 679 et
1786 622 1902 679 alia
1931 638 1967 677 a
1990 622 2154 689 justo

2266 443 2361 510 μὴ.
2392 437 2506 491 Ἐὰν
2533 443 2631 515 γάρ
2681 443 2771 491 καὶ
2809 443 2880 511 μὴ
2931 440 3273 512 τυγχάνωμεν
3319 436 3479 490 αὐτοῦ
3531 440 3665 489 κατὰ
3722 437 3872 512 ἀκρί-

2267 526 2426 595 ϐειαν,
2489 526 2616 580 ἀλλὰ
2662 533 2840 603 γνώμη
2898 535 2960 601 τῇ
3032 524 3343 600 δικαιοτάτῃ
3414 534 3702 596 ποιοῦντες,
3769 526 3871 579 οὐκ

2264 615 2621 691 ἀποπίπτομεν
2668 626 2761 670 τοῦ
2812 624 3031 687 σκοποῦ;
3082 616 3139 670 Ἠ
3197 614 3255 670 δὲ
3308 636 3389 678 τις
3443 616 3714 690 οὐρανόθεν
3770 615 3870 669 ἐπ-

496 715 701 787 judice
731 714 961 771 caelitus
986 712 1253 782 inducta,
1275 717 1406 769 tum
1437 712 1790 780 emendans,
1814 716 1943 767 tum
1962 710 2149 765 vicem

2263 712 2488 781 αγομένη
2519 709 2663 782 παρὰ
2692 715 2783 760 τοῦ
2816 704 3027 759 δίκαίου
3057 713 3258 783 κριτοῦ,
3293 708 3322 765 ἦ
3368 725 3422 760 τε
3475 704 3867 780 ἐπανορθωτικὴ

499 804 858 876 rependens,
884 818 1022 875 quas
1048 802 1127 857 ob
1148 801 1597 858 reconditorum
1622 802 1684 857 in
1711 817 1775 856 se
1796 801 2153 870 dogmatum

503 892 934 949 sublimitatem
957 892 1204 960 cognitu
1224 891 1402 947 valde
1428 891 1685 947 difficilis
1701 895 1812 947 est.
1830 891 1946 945 Hoc
1967 889 2149 951 enim,

497 981 734 1053 opinor,
766 981 1078 1038 Psalmista
1108 981 1289 1037 dicit:
1330 983 1579 1037 Justitia
1610 988 1716 1037 tua
1744 981 1898 1036 sicut
1924 984 2150 1035 montes

493 1072 676 1135 Dei”,
710 1072 872 1127 Hanc
903 1070 1084 1142 igitur
1115 1070 1293 1143 plane
1322 1087 1531 1126 veram
1561 1070 1952 1141 divinamque
1972 1066 2150 1139 justi-

490 1159 637 1216 tiam
666 1160 1194 1216 manifestaturum
1237 1177 1300 1216 se
1338 1160 1630 1233 promittit
1658 1159 1751 1227 iis,
1782 1158 1888 1231 qui
1928 1156 2152 1214 fuerint

488 1248 551 1305 in
573 1249 1005 1305 Parcemiarum
1025 1248 1302 1305 doctrina
1322 1248 1646 1315 exercitati.

560 1343 614 1397 9.
656 1341 879 1395 Rursus
924 1354 1063 1394 cum
1111 1342 1362 1410 peccata
1391 1337 1507 1394 alia
1547 1338 1666 1395 sint
1713 1335 2144 1404 involuntaria,

485 1427 605 1484 alia
634 1443 670 1483 a
712 1442 899 1500 pravo
940 1426 1145 1482 animo
1176 1426 1467 1493 oriantur,
1498 1443 1623 1483 non
1655 1427 1869 1483 eadem
1899 1441 2145 1499 quoque

482 1516 543 1572 in
578 1516 672 1572 his
700 1514 911 1584 regula
956 1520 1046 1571 est
1071 1515 1250 1588 aequi.
1282 1519 1586 1573 Ponamus
1616 1516 1778 1573 enim
1808 1514 2146 1571 fornicatio-

480 1621 622 1662 nem
663 1604 1242 1676 essejudicandam,
1271 1605 1549 1678 duasque
1594 1622 1730 1662 esse
1773 1605 2139 1661 meretrices.

2263 1603 2385 1654 νιεθα
2426 1605 2525 1677 γὰρ
2582 1606 2819 1676 πορνείαν
2874 1600 3005 1657 εἶναι
3050 1605 3109 1655 τὸ
3156 1606 3473 1678 κρινόμενον,
3521 1607 3611 1655 καὶ
3665 1606 3868 1677 πόρνας

482 1696 597 1751 Sed
618 1709 742 1749 una
758 1693 1007 1767 quidem
1032 1693 1233 1750 lenoni
1255 1695 1873 1762 vendita,necessario
1896 1695 1956 1749 in
1979 1693 2140 1750 malo

2263 1686 2371 1746 δύο.
2420 1690 2551 1744 Ἀλλ’
2581 1694 2610 1749 ἡ
2662 1694 2773 1764 μὲν,
2807 1690 3143 1767 πορνοϐοσκῷ
3190 1693 3471 1765 πραθεῖσα,
3508 1693 3635 1765 πρός
3691 1688 3868 1763 ἀνάγ-

477 1789 770 1852 versatur,
792 1788 1090 1857 quaestum
1115 1800 1223 1857 per
1245 1800 1465 1857 corpus
1487 1786 1634 1842 hero
1660 1785 1822 1841 malo
1841 1785 2098 1841 efferens
2123 1801 2136 1841 :

2263 1799 2348 1838 ιιην
2398 1778 2537 1833 ἐστὶν
2588 1778 2636 1832 ἐν
2665 1788 2738 1851 τῷ
2767 1789 2930 1852 κακῶ,
2968 1786 3061 1839 την
3101 1779 3155 1833 ἐκ
3187 1787 3279 1832 τοῦ
3327 1787 3568 1853 σώματος
3607 1778 3867 1855 ἐργασίαν

478 1873 664 1930 altera
694 1889 837 1929 vero
861 1878 1077 1946 sponte
1109 1890 1171 1929 se
1203 1878 1453 1946 peccato
1475 1874 1553 1930 ob
1574 1874 1952 1947 voluptatem
1974 1889 2142 1929 man-

478 1964 661 2035 cipat.
685 1963 865 2021 Aliter
896 1964 1105 2037 utique
1144 1965 1318 2036 105
1366 1965 1546 2022 datur
1585 1965 1758 2020 venia
1802 1964 2142 2020 involunta-

474 2052 581 2111 riis
607 2071 619 2108 :
654 2052 825 2109 aliter
853 2070 925 2110 ea
949 2069 1088 2126 quas
1130 2070 1203 2109 ex
1233 2070 1423 2126 prava
1453 2053 1764 2111 voluntate
1797 2055 1970 2122 ﬁunt,
2004 2070 2143 2111 con-

476 2141 865 2199 damnantur.
900 2145 1124 2198 Rursus
1167 2159 1326 2198 unus
1366 2143 1584 2217 aliquis
1631 2145 1922 2215 peccavit,
1958 2159 2140 2215 prave

477 2230 557 2287 ab
573 2230 738 2287 initio
760 2231 1056 2287 educatus
1081 2250 1094 2299 ;
1126 2232 1355 2304 quippe
1387 2238 1443 2288 et
1464 2249 1499 2288 a
1528 2234 1884 2304 parentibus
1906 2232 2141 2303 injustis

479 2324 835 2393 procreatus
862 2320 1129 2376 introivit
1162 2321 1223 2377 in
1255 2322 1461 2386 vitam,
1489 2325 1540 2377 et
1568 2321 1722 2377 inter
1752 2322 1938 2377 verba
1960 2321 2142 2377 facta-

478 2424 596 2482 que
623 2408 834 2481 iniqua
877 2408 1138 2466 nutritus
1164 2409 1311 2477 fuit;
1354 2409 1500 2465 alter
1528 2426 1669 2466 vero
1691 2409 1881 2465 multa
1911 2409 2142 2465 habens

478 2497 713 2554 virtutis
738 2499 1152 2567 incitamenta,
1177 2499 1600 2556 educationem
1622 2499 2140 2569 honestissimam,

483 2586 967 2645 admonitionem
1016 2593 1359 2661 parentum,
1401 2588 1831 2658 magistrorum
1880 2588 2145 2661 discipli-

482 2692 650 2746 nam,
682 2676 1056 2733 auditionem
1107 2677 1450 2734 divinorum
1489 2693 1860 2744 sermonum,
1890 2677 2142 2746 castiga-

481 2769 609 2821 tam
638 2765 1138 2839 moderatamque
1168 2767 1432 2837 dicetam,
1458 2774 1515 2824 et
1544 2767 1662 2823 alia
1692 2766 1916 2840 quibus
1940 2767 2147 2824 anima

487 2853 567 2910 ad
588 2853 862 2910 virtutem
885 2856 1214 2912 instituitur
1238 2874 1252 2924 ;
1285 2861 1494 2929 postea
1520 2860 1722 2913 tamen
1753 2856 2041 2929 delapsus
2059 2858 2149 2913 est

489 2948 545 3000 et
573 2944 701 3016 ipse
730 2943 793 2998 in
824 2944 1016 3001 simile
1047 2952 1367 3017 peccatum
1394 2966 1407 3014 ;
1440 2962 1643 3002 nonne
1668 2948 1802 3017 jure
1833 2962 1904 3002 ac
1934 2947 2147 3002 merito

488 3034 595 3107 qui
652 3035 953 3106 ejusmodi
1006 3039 1111 3103 est,
1165 3037 1465 3109 supplicio
1510 3037 1768 3105 graviori
1817 3037 2146 3109 punietur?

2263 3024 2477 3090 δικαίως
2510 3029 2535 3079 6
2568 3035 2801 3089 τοιοῦτος
2849 3036 2943 3090 τῆς
2974 3034 3227 3102 τιμωρίας
3258 3029 3609 3093 ἀξιωθήσεται
3634 3048 3648 3097 ;
3678 3032 3736 3083 Ὀ

491 3126 640 3181 Nam
684 3122 777 3179 ille
826 3124 1075 3196 quidem
1132 3126 1205 3181 de
1251 3126 1398 3181 solis
1447 3126 1812 3183 salutaribus
1861 3126 2149 3182 subsidiis

2263 3121 2355 3192 γὰρ
2389 3116 2473 3169 ἐπὶ
2518 3122 2700 3189 μόναις
2738 3124 2855 3179 ταῖς
2897 3126 3345 3192 κατεσπαρμέναις
3377 3120 3425 3172 ἐν
3481 3129 3596 3184 ταῖς
3642 3122 3868 3187 ἐννοίαις

493 3213 697 3269 animo
727 3218 936 3269 nostro
961 3214 1249 3287 insparsis
1275 3215 1684 3283 accusabitur,
1715 3216 1882 3288 quod
1911 3215 1993 3270 eis
2025 3230 2149 3271 non

2263 3209 2401 3278 ημῶν
2435 3211 2712 3279 σωτηρίοις
2742 3205 3001 3280 ἀφορμαῖς
3032 3206 3433 3280 ἐγκληθησεται,
3464 3214 3531 3273 ὡς
3562 3210 3620 3262 οὗ
3645 3215 3866 3284 χρησά-

495 3301 683 3375 probe
710 3302 785 3357 sit
810 3318 959 3357 usus
984 3320 995 3358 :
1031 3304 1137 3360 sed
1163 3305 1258 3361 hic
1289 3306 1556 3376 insuper,
1583 3305 1750 3377 quod
1777 3321 1957 3360 omne
1988 3304 2149 3360 auxi-

2263 3314 2405 3365 μενος
2438 3295 2618 3356 αὐταῖς
2651 3296 2809 3367 ὑγιῶς
2834 3316 2846 3328 -
2900 3298 2924 3347 6
2958 3292 3017 3348 δὲ
3042 3301 3172 3371 πρὸς
3201 3302 3387 3371 τούτῳ,
3418 3305 3507 3351 καὶ
3555 3302 3622 3363 ὡς
3663 3297 3865 3373 προδε-

495 3391 645 3449 lium
690 3392 803 3448 sibi
847 3393 1059 3448 datum
1104 3394 1453 3464 prodiderit,
1513 3393 2046 3466 imprudenterque
2089 3394 2149 3450 in

2263 3382 2439 3446 δωκὼς
2478 3391 2650 3437 πᾶσαν
2700 3389 2788 3443 την
2821 3382 3104 3459 δεδομένην
3151 3388 3290 3460 αὐτῷ
3323 3396 3640 3464 συνεργειαν,
3669 3396 3759 3442 καὶ
3790 3388 3867 3445 δι’

499 3495 754 3553 pravam
782 3483 965 3538 vitam
1011 3482 1300 3555 abreptus
1349 3482 1437 3539 sit.
1478 3488 1681 3555 Itaque
1724 3482 2023 3553 justitiam
2051 3498 2149 3539 ve-

2263 3474 2572 3548 ἀπροσεξίαν
2642 3474 2713 3535 εἰς
2779 3478 2864 3528 τὸν
2931 3481 3153 3551 πονηρὸν
3210 3476 3326 3550 βίον
3390 3486 3724 3555 κατασυρείς.
3788 3485 3863 3534 Τὸ

499 3585 630 3625 ram
661 3570 1009 3643 intelligere,
1043 3572 1229 3627 animi
1261 3576 1356 3628 est
1386 3588 1519 3628 vere
1550 3573 1777 3642 magni,
1811 3572 2149 3644 mentisque

2263 3561 2346 3617 οὖν
2401 3572 2589 3622 νοῆσαι
2646 3568 2738 3622 τὴν
2786 3564 2955 3625 ἀληθῆ
3010 3562 3352 3626 δικαιοσύνην
3409 3569 3638 3642 μεγάλης
3699 3574 3866 3636 ὄντως

500 3659 969 3731 perfectissime.
1002 3664 1273 3717 Fortasse
1318 3667 1522 3717 autem
1567 3661 1752 3717 habet
1794 3666 1851 3717 et
1898 3661 2149 3732 promis-

2263 3650 2497 3718 διανοίας
2543 3659 2632 3706 καὶ
2681 3657 2855 3728 φρενὸς
2903 3655 3248 3719 τελειοτάτης.
3282 3664 3497 3716 Μήποτε
3546 3656 3604 3712 δὲ
3652 3665 3741 3712 καὶ
3773 3661 3871 3713 ἐπ-

501 3748 756 3816 sionem,
786 3750 931 3817 fore,
967 3754 1029 3805 ut
1054 3751 1156 3823 qui
1188 3751 1248 3806 in
1288 3750 1620 3807 Proverbiis
1658 3749 2149 3821 eruditusjfuerit.

2263 3742 2503 3815 αγγελίαν
2558 3744 2671 3814 ἔχει
2711 3744 2849 3813 (20),
2882 3746 2968 3795 τὸν
3026 3764 3092 3796 τα
3132 3749 3460 3820 παροιμιακὰ
3512 3743 3872 3802 παιδευθέντα

501 3839 691 3911 possit
719 3839 795 3896 de
816 3846 1031 3897 czetero
1058 3841 1138 3897 ad
1167 3846 1512 3898 accuratam
1544 3840 1859 3910 theologize
1888 3845 2149 3896 contem-

2264 3830 2586 3889 δυνήσεσται
2641 3830 2818 3884 λοιπόν
2873 3830 3128 3886 ἐπιϐαλεῖν
3181 3844 3242 3908 τῇ
3301 3833 3542 3911 ἀκριϐείᾳ
3605 3844 3703 3900 τῆς
3756 3839 3874 3890 θεο-

504 3927 834 3998 plationem
879 3930 1152 3986 animum
1202 3930 1552 4001 adjungere.
1585 3933 1733 3986 Nam
1764 3944 1906 3984 vera
1930 3928 2160 4000 justitia

506 4018 774 4075 Christus
803 4023 911 4087 est,
946 4019 1061 4086 Οιιί
1074 4021 1278 4090 factus
1300 4025 1385 4076 est
1413 4019 1581 4075 nobis
1622 4018 1922 4088 sapientia
1950 4033 1985 4074 a
2011 4019 2157 4084 Deo,

508 4108 840 4177 etjustilia,
864 4115 917 4165 et
948 4110 1373 4177 sanctiﬁcatio,
1396 4114 1449 4164 et
1478 4108 1806 4177 redemptio
1827 4109 1892 4161 ‘3.
1925 4106 2163 4162 Accedit

508 4197 691 4253 etiam
722 4197 799 4255 ad
826 4213 977 4253 verae
1014 4197 1259 4269 justitiae
1301 4198 1729 4269 cognitionem,
1761 4200 1826 4252 ut
1860 4195 2149 4269 jud;cium

2264 4198 2337 4262 τῷ
2367 4189 2475 4258 (21)
2515 4198 2706 4261 γνῶναι
2750 4185 3092 4249 δικαιοσύνην
3141 4191 3307 4253 ἀληθῆ
3354 4198 3411 4247 τό
3460 4202 3623 4269 κρῖμα
3669 4213 3873 4247 κατευ-

506 4285 799 4355 dirigatur
824 4288 887 4343 '9.
921 4289 1070 4342 Nam
1100 4285 1229 4343 ﬁeri
1259 4302 1385 4343 non
1416 4290 1630 4359 potest,
1657 4289 1722 4342 ut
1755 4285 1856 4358 qui
1896 4285 2065 4359 prius
2094 4286 2149 4342 in

2269 4281 2436 4333 θῦναι.
2484 4277 2786 4351 Ἀμήχανον
2837 4282 2938 4353 γὰρ
2988 4284 3074 4332 τὸν
3125 4286 3196 4354 μὴ
3253 4280 3703 4355 προπαιδευθέντα
3742 4288 3875 4357 περὶ

502 4375 745 4446 justitize
778 4375 1121 4445 cognitione
1151 4377 1420 4432 eruditus
1459 4392 1580 4432 non
1615 4376 1806 4446 fuerit,
1835 4376 2149 4445 ambiguas

2266 4376 2359 4421 τοῦ
2400 4364 2609 4420 δικαίου
2657 4363 2919 4420 δύνασθαι
2947 4372 3041 4431 τάς
3079 4368 3501 4443 ἀμφισϐητήσεις
3531 4373 3693 4447 ὀρθῶς
3734 4368 3872 4425 δια-

502 4477 599 4518 res
630 4467 785 4518 recte
814 4462 1145 4534 dijudicare
1170 4466 1384 4537 possit.
1416 4468 1616 4539 Neque
1657 4466 1817 4521 enim
1866 4463 2149 4520 Salomon

2268 4464 2458 4530 κρῖναι.
2510 4453 2649 4508 Οὐδὲ
2700 4459 2801 4531 γὰρ
2847 4461 3004 4518 αυτὸς
3051 4460 3303 4532 Σολομὼν,
3351 4462 3394 4514 εἰ
3449 4468 3521 4535 μὴ
3578 4461 3692 4534 εἶχε
3740 4467 3872 4526 τοὺς

504 4550 655 4624 ipse,
686 4550 802 4606 nisi
832 4551 895 4608 in
942 4552 1141 4627 seipso
1172 4555 1329 4626 {equi
1377 4572 1448 4611 ac
1486 4556 1628 4612 recti
1656 4555 1920 4611 rationes
1947 4553 2149 4625 exqui-

2265 4551 2383 4618 περὶ
2433 4552 2524 4597 τοῦ
2575 4541 2784 4597 δικαίου
2815 4545 2998 4618 λόγους
3032 4546 3264 4622 ἀκριϐεῖς
3310 4552 3358 4602 ἐν
3407 4551 3592 4624 ἐαυτῷ,
3625 4548 3873 4609 ἠδύτατο

506 4640 654 4697 sitas
688 4639 1483 4707 habuisset,celeberrimum
1512 4646 1661 4701 illud
1677 4644 1972 4716 judicium
1992 4640 2149 4714 quod

2264 4641 2358 4692 την
2404 4633 2822 4707 πολυθρύλλητον
2875 4634 3068 4695 ἐκείνην
3114 4644 3289 4715 κρίσιν
3333 4641 3495 4704 οὕτως
3553 4641 3717 4715 ὀρθῶς
3769 4646 3871 4696 καὶ

505 4730 581 4786 de
618 4745 808 4803 puero
837 4731 988 4789 inter
1017 4734 1359 4791 meretrices
1396 4735 1661 4808 protulit,
1695 4738 1819 4790 tam
1861 4735 2018 4793 recte
2048 4745 2149 4802 ap-

2265 4722 2550 4786 εὐθνϐόλως
2610 4722 2900 4797 ἐξενεγκεῖν,
2960 4729 3020 4787 ἣν
3073 4730 3235 4801 ἔκρινε
3290 4738 3405 4795 ταῖς
3478 4736 3691 4807 πόρναις
3742 4736 3874 4807 περὶ

505 4819 821 4893 positaque
843 4823 1138 4894 potuisset
1167 4823 1398 4881 efferre.
1426 4826 1575 4880 Cum
1597 4824 1758 4879 enim
1778 4821 2030 4878 testibus
2057 4834 2149 4874 ca-

2263 4822 2353 4866 τοῦ
2384 4810 2619 4867 παιδίου.
2652 4812 2862 4874 Ἐπειδὴ
2913 4820 3012 4891 γὰρ
3061 4816 3339 4894 ἀμάρτυρα
3377 4817 3437 4879 ἦν
3481 4824 3546 4874 τὰ
3592 4821 3713 4897 παρ’
3745 4821 3874 4875 ἐκοι⁶

503 4916 704 4967 rerent
746 4928 883 4984 qua:
930 4912 1009 4969 ab
1045 4917 1300 4987 utraque
1348 4914 1729 4983 dicebantur,
1764 4912 1844 4967 ad
1870 4914 2149 4966 naturam

2263 4907 2411 4976 τέρας
2466 4903 2729 4976 λεγόμενα,
2790 4903 2867 4957 ἐπὶ
2934 4911 3028 4965 τὴν
3095 4911 3250 4980 φύσιν
3316 4908 3579 4985 ἐχώρησε,
3634 4930 3725 4963 και
3777 4908 3875 4964 δι’

505 5000 798 5069 cucurrit;
831 5001 1081 5076 ejusque
1115 5020 1228 5077 ope
1259 5019 1393 5077 quas
1436 5002 1876 5075 ignorabantur
1903 4997 2149 5056 invenit.

2264 4992 2427 5054 αὐτῆς
2475 4992 2589 5066 εὗρε
2644 4995 2710 5045 τὰ
2757 4992 3075 5069 ἀγνοούμενα
3113 4997 3262 5069 (22)·
3310 5006 3405 5061 τῆς
3443 5003 3533 5073 μὲν
3592 4998 3872 5075 ἀλλοτρίας

580 5127 622 5162 ιτ
652 5124 806 5182 Psal.
838 5143 1015 5200 xxxv,
1050 5132 1104 5183 7.
1186 5129 1429 5186 ιεΙΟοτ.
1454 5145 1494 5199 ι,
1525 5132 1614 5186 30.
1693 5110 1739 5166 ίέ
1768 5129 1924 5184 Prov
1988 5143 2027 5195 ι,
2060 5122 2149 5194 3,1

2263 5124 2312 5176 :a
2341 5120 2507 5175 LXX..

575 5247 686 5325 (20)
729 5250 832 5306 Hic
889 5267 1007 5325 vox
1062 5251 1241 5325 βίϐλος
1299 5253 1743 5315 subaudienda,
1793 5252 2157 5325 fortasse_et

504 5316 1158 5398 [ia'betjgromjssion'em
1192 5326 1288 5381 hic
1316 5326 1481 5398 liber,
1510 5316 1976 5381 Proverbi‘orum
1999 5323 2159 5398 vide-

501 5386 657 5467 licet.
692 5386 822 5467 lito;
871 5395 1018 5467 Reg.
1064 5396 1296 5467 primus
1351 5386 1527 5450 λοιτέὸν
1570 5398 1875 5450 ἐπιϐάλλειν.
1909 5400 2024 5451 Nec
2072 5397 2154 5452 ita

500 5459 693 5550 multo
715 5461 868 5550 intra
901 5459 1381 5550 Cloio-tertius};
1407 5469 1647 5550 ἐγεννήθη
1681 5476 1837 5550 σοφία
1862 5471 2005 5550 ie?”-

575 5534 681 5602 t2l)
724 5534 889 5592 Colb.
921 5538 1126 5594 tertius
1167 5534 1503 5601 συνέζευκται
1546 5539 1605 5595 δὲ
1645 5534 1978 5615 τῳ.’81ειιίέ11
2008 5539 2152 5597 editi

2262 801 2351 849 καὶ
2380 799 2410 855 ἠ
2445 794 2853 862 ἁνταποδοτικὴ,
2888 797 2950 862 ἧς
3002 795 3132 850 πολὺ
3177 800 3236 849 τὸ
3270 792 3635 871 δυσθεώρητον
3682 791 3777 848 διὰ
3803 798 3869 848 τὸ

2261 884 2395 957 ὕψος
2443 894 2541 939 τῶν
2590 884 2990 959 ἱναποκειμένων
3042 884 3171 957 αὐτῇ
3220 880 3515 958 δογμάτων.
3549 890 3712 937 Τοῦτο
3758 886 3868 959 γὰρ

2262 972 2408 1049 οἶμαι
2461 975 2621 1049 λέγειν
2665 979 2751 1028 τὸν
2799 971 3126 1049 Ψαλμῳδὸν·
3176 974 3235 1028 Ἠ
3279 970 3625 1033 δικαιονσύνη
3660 994 3754 1027 σου
3793 976 3869 1039 ὡς

2261 1067 2354 1139 ὅρη
2396 1073 2549 1120 Θεοῦ.
2583 1064 2980 1137 Ἐπαγγέλλεται
3011 1061 3097 1117 οὖν
3128 1066 3319 1124 ταύνην
3362 1067 3456 1122 τὴν
3502 1067 3657 1126 ὄντως
3690 1062 3865 1123 ἁληθη

2258 1158 2346 1207 καὶ
2414 1157 2551 1208 θείαν
2611 1150 2954 1213 δικαιοσύνην
3032 1156 3250 1229 φανερὰν
3320 1157 3673 1211 καταστήσειν
3750 1160 3869 1218 τοῖς

2258 1244 2757 1318 ἐγγεγυμνασμένοις
2788 1253 2850 1319 τῇ
2880 1241 3230 1320 παροιμιώδη
3258 1241 3607 1318 διδασκαλίᾳ.

2327 1338 2379 1389 9.
2422 1333 2584 1386 Ιιάλιν
2614 1324 2794 1393 ἐπειδὴ
2828 1343 2927 1387 τῶν
2952 1334 3379 1409 ἁμαρτανομένων
3416 1336 3483 1386 τὰ
3632 1331 3868 1386 ἀκούσιά

2256 1421 2388 1491 ἔστι,
2421 1426 2489 1476 τὰ
2538 1420 2597 1476 δε
2642 1422 2743 1476 ἀπὸ
2793 1428 3006 1497 γνώμης
3049 1429 3279 1498 πονηρᾶς
3310 1424 3679 1498 ἁμαρτάνεται,
3705 1427 3794 1475 καὶ
3837 1425 3868 1475 ὁ

2252 1520 2345 1565 τοῦ
2394 1509 2605 1566 δικαίου
2660 1515 2776 1588 ὄρος
2825 1513 2932 1586 οὐχ
2976 1515 3002 1567 6
3056 1513 3210 1576 αὐτὸς
3242 1512 3325 1565 ἐπὶ
3373 1516 3595 1574 τούτοις.
3627 1512 3869 1567 ’Υποθώ-

2252 1878 2325 1941 τῷ
2364 1878 2571 1943 πονηρῷ
2600 1865 2831 1942 δεσπότῃ
2865 1873 3197 1943 παρεχομένη
3226 1890 3238 1903 ·
3286 1871 3316 1928 ἡ
3362 1865 3421 1921 δὲ
3457 1864 3551 1921 διὰ
3587 1873 3680 1927 τὴν
3720 1866 3867 1926 ἠδο-

2252 1962 2342 2016 νὴν
2398 1958 2649 2020 ἑκουσίως
2692 1958 2877 2018 ἑαυτὴν
2928 1956 3188 2013 ἐπιδοῦσα
3243 1967 3305 2031 τῇ
3353 1958 3604 2031 ἁμαρτίᾳ.
3655 1957 3870 2021 Ἀλλως

2254 2042 2341 2098 οὖν
2386 2048 2452 2098 τὰ
2499 2044 2723 2099 ἀκούσια
2762 2048 3017 2119 τυγχάνει
3064 2054 3395 2121 συγγνώμης,
3439 2053 3528 2099 καὶ
3580 2046 3744 2109 ἄλλως
3794 2050 3870 2100 τὰ

2256 2132 2310 2186 ἐκ
2367 2136 2647 2208 μοχθηρᾶς
2721 2140 3069 2209 προαιρέσεως
3140 2141 3525 2211 κατακρίνεται.
3604 2135 3763 2188 Πάλιν
3838 2139 3867 2189 6

2255 2226 2343 2294 μὲν
2389 2243 2467 2285 τις
2507 2227 2726 2297 ἧμαρτε,
2759 2234 2996 2298 πονηρῶς
3043 2229 3101 2277 τὸ
3142 2225 3193 2288 ἐξ
3246 2224 3423 2299 ἀρχῆς
3469 2227 3820 2299 τεθραμμένος
3848 2248 3862 2260 ·

2255 2317 2343 2364 καὶ
2391 2314 2489 2385 γάρ
2530 2318 2619 2364 καὶ
2668 2314 2766 2365 ὑπὸ
2814 2317 3001 2385 γονεων
3051 2310 3247 2366 ἀδίκων
3299 2315 3370 2375 εἰς
3419 2316 3505 2365 τὸν
3554 2312 3670 2387 βίον
3726 2334 3868 2390 παρ-

2256 2402 2444 2472 ήχθη,
2513 2406 2603 2453 καὶ
2681 2403 2972 2475 συνετράφη
3037 2407 3127 2455 καὶ
3209 2404 3414 2478 ῥήμασι
3479 2410 3569 2457 καὶ
3634 2403 3869 2477 πράξεσι

2254 2495 2612 2564 παρανόμοις·
2683 2490 2832 2553 οὖλος
2891 2488 2949 2544 δὲ
3000 2491 3162 2544 πολλά
3229 2495 3365 2565 ἔχων
3426 2497 3493 2547 τὰ
3555 2493 3864 2568 προκαλού-

2255 2599 2382 2652 μενα
2430 2579 2584 2631 αὐτὸν
2636 2580 2707 2641 εἰς
2755 2579 2977 2655 ἀρετὴν·
3032 2580 3323 2655 ἀνατροφὴν
3373 2587 3712 2656 σεμνοτάτην,
3745 2572 3909 2636 νου-“

2259 2670 2466 2726 θέτησιν
2550 2672 2755 2740 γονέων,
2845 2666 3183 2722 διδασκάλων
3251 2670 3535 2747 ἀκρίϐειαν,
3606 2672 3868 2749 ἀκρόασιν

2254 2756 2417 2831 λόγων
2492 2761 2778 2833 θειοτέρων,
2841 2756 3048 2812 δίαιταν
3096 2762 3531 2836 κατεσταλμένην,
3600 2766 3666 2815 τὰ
3729 2763 3871 2817 ἄλλα

2257 2848 2334 2911 οἷς
2362 2847 2517 2920 ψυχὴ
2550 2844 2973 2920 παιδαγωγεῖται
3014 2854 3142 2924 πρὸς
3176 2849 3361 2924 ἀρετὴν
3386 2873 3398 2885 ·
3446 2849 3557 2905 εἶτα
3585 2858 3675 2904 καὶ
3700 2854 3867 2917 αὐτὸς

2257 2937 2328 2998 εἰς
2348 2943 2441 2996 τὴν
2469 2938 2934 3012 ὁμοίανιὰμαρτίαν
2961 2938 3222 2992 ὑπώλισθε
3242 2962 3254 2973 ο
3280 2950 3389 3005 πῶς
3415 2941 3543 3013 οὐχὶ
3565 2941 3868 3018 βαρυτέρας

2262 3921 2457 3994 λογίας.
2501 3921 2559 3973 ἸΙ
2604 3924 2704 3995 γὰρ
2755 3920 2953 3986 ἀληθὴς
2995 3920 3307 3984 δικαιοσύνη
3354 3926 3493 3979 ἐστὶν
3533 3929 3558 3979 6
3608 3930 3868 4001 Χριστὸς,

2262 4011 2356 4074 Ὃς
2420 4009 2628 4082 ἐγενηθη
2715 4013 2839 4084 ἡμῖν
2925 4018 3079 4085 σοφία
3162 4013 3261 4067 ἀπὸ
3329 4024 3483 4084 Θεοῦ,
3548 4012 3868 4077 δικαιοσύνη

2263 4119 2317 4153 τε
2381 4104 2471 4152 καὶ
2542 4100 2833 4174 ἁγιασμὸς,
2901 4106 2990 4153 καὶ
3073 4100 3453 4178 ἀπολύτρωσις.
3524 4106 3874 4166 Συνεζευκται

2267 5241 2537 5325 ἀμήχανον
2584 5243 2827 5325 γὰρ..καὶ
2867 5248 2956 5325 μή.
2989 5245 3223 5325 Veteres
3270 5251 3541 5325 quat_uo_r_
3574 5247 3712 5325 libri
3740 5251 3870 5325 ,γὰρ

2265 5314 2370 5389 μή.
2394 5314 2567 5389 Coll).
2587 5314 2795 5389 tertius
2825 5314 2923 5387 γὰρ
2950 5319 3037 5367 τὸν
3066 5322 3162 5389 μή,
3192 5314 3367 5375 recte.
3402 5320 3667 5377 Subinde
3696 5314 3873 5378 idem

2263 5383 2452 5443 codex
2485 5387 2649 5459 ὀρθῶς
2671 5383 2978 5458 διακρίνειν,

2331 5460 2444 5531 (22)
2472 5458 2633 5528 Regii
2663 5459 2896 5530 primus
2944 5462 3000 5516 et
3046 5462 3348 5520 secundus
3397 5465 3455 5515 τὸ
3491 5461 3865 5535 ἀγνοοὺμενον.
