4076 6190
490 271 596 330 407

1865 280 1923 337 S.
1964 279 2210 334 BASILII
2249 280 2467 337 MAGNI

3743 296 3857 350 408

489 396 885 454 exsecrationi
917 399 1068 471 ejus,
1118 401 1224 473 qui
1253 402 1439 459 dixit:
1484 404 1577 459 Va:
1622 404 1731 477 qui
1750 404 1949 459 dicitis
1980 418 2124 460 ama.

2250 406 2308 454 τό
2338 409 2523 481 πικρὸν
2551 407 2736 480 γλυκύ,
2770 416 2859 464 καὶ
2897 415 2955 464 τό
2986 412 3148 484 γλυκυ
3177 418 3364 489 πικρόν
3387 435 3400 448 ·
3443 417 3492 469 οἱ
3527 415 3752 495 λέγοντες
3789 423 3853 472 τὸ

489 503 625 544 rum
656 487 853 557 dulce,
897 493 951 544 et
1000 489 1178 546 dulce
1223 506 1498 549 amarum
1534 510 1547 547 :
1580 494 1686 566 qui
1712 493 1910 551 dicitis
1953 494 2142 551 lucem

490 577 783 647 tenebras,
812 582 867 634 et
889 579 1160 636 tenebras
1188 582 1376 638 lucem
1398 584 1468 639 ³⁸.

564 667 651 722 10.
687 667 985 733 Quoniam
1014 667 1213 739 igitur,
1257 672 1433 741 juxta
1486 672 1687 746 ipsum
1737 674 2144 744 Salomonem,

494 757 897 827 Cogitationes
908 759 1217 826 justorum
1235 761 1473 830 judicia
1492 769 1632 818 sunt
1653 765 1722 826 ’5,
1747 779 1934 836 opera
1954 768 2042 820 est
2062 779 2148 820 se-

492 844 638 900 dulo
663 844 889 914 danda,
922 850 987 902 ut
1029 849 1188 903 intus
1208 849 1270 905 in
1300 849 1504 907 abdito
1552 852 1985 922 cogitationum
2014 853 2146 910 foro

490 937 652 990 recta
705 933 780 990 de
835 933 1018 990 rebus
1063 936 1295 1007 judicia
1344 938 1631 1007 feramus,
1688 940 2145 1013 hubeamusque

491 1025 755 1078 mentem
779 1022 1016 1078 trutinae
1047 1024 1323 1094 similem,
1355 1043 1491 1095 qua:
1519 1028 1666 1084 citra
1692 1028 2144 1085 inclinationem

488 1111 676 1168 ullam
706 1112 946 1184 agenda
966 1130 1223 1188 quaeque
1253 1118 1850 1189 appendat.Quando
1880 1119 2141 1191 quodvis

486 1200 850 1257 mandatum
871 1207 927 1257 et
950 1204 1298 1274 oppositum
1317 1206 1370 1261 ei
1391 1206 1601 1262 vitium
1620 1206 1851 1278 judicio
1880 1212 1981 1264 tuo
2011 1223 2141 1280 per-

484 1289 756 1358 mittitur,
797 1290 878 1346 da
919 1290 1230 1348 victoriam
1261 1293 1377 1365 legi
1422 1296 1522 1351 Dei
1548 1300 1756 1353 contra
1797 1300 2134 1369 peccatum.

483 1378 759 1433 Habendi
788 1380 1133 1451 appetentia
1155 1382 1350 1452 major
1371 1388 1429 1440 et
1464 1385 1715 1458 aequitas
1747 1385 2138 1457 judicantur?

480 1468 807 1523 Pronuntia
846 1468 1143 1525 adversus
1199 1471 1537 1530 alienorum
1592 1475 2002 1547 cupiditatem,
2054 1475 2137 1533 da

480 1554 776 1611 calculum
816 1557 1115 1629 potiorem
1147 1561 1369 1617 virtuti.
1400 1563 1702 1621 Dissident
1728 1564 1882 1621 inter
1911 1581 1973 1621 se
1995 1580 2132 1621 con-

475 1643 696 1699 vicium
752 1650 808 1701 et
856 1645 1118 1705 lenitas?
1162 1652 1457 1707 Pudorem
1498 1652 1697 1710 incute
1745 1653 2033 1721 convicio,
2076 1657 2133 1711 et

2253 501 2354 570 φῶς
2385 501 2585 566 σκότος,
2609 503 2698 552 καὶ
2727 504 2785 556 τὸ
2818 505 3002 563 σκότος
3042 510 3161 579 φῶς.

2325 678 2409 732 10.
2452 677 2591 732 Ἐπεὶ
2644 687 2750 751 οῦν,
2809 681 2926 734 κατ’
2964 682 3121 736 αὐτόν
3179 688 3268 737 τόν
3325 685 3645 760 Σολομῶντα,
3685 693 3857 762 Λογι-

2256 772 2380 839 σμοὶ
2448 765 2668 821 δικαίων
2725 775 2974 844 κρίματα,
3035 769 3179 826 ἔνδον
3254 773 3302 826 ἓν
3376 784 3448 847 τῷ
3514 785 3855 853 κεκρυμμένῳ

2251 864 2350 908 τῶν
2380 856 2643 932 λογισμῶν
2682 867 2936 936 κριτηρίῳ
2977 859 3297 923 σπουδάζειν
3330 870 3441 941 χρὴ
3483 870 3571 928 τὰς
3599 875 3717 942 περὶ
3754 878 3854 923 τοῦ

2250 947 2554 1019 πράγματος
2628 954 2824 1021 κρίσεις
2898 948 3322 1027 ἀπαρατρέπτους
3384 958 3686 1025 ποιεῖσθαι,
3757 964 3858 1013 καὶ

2249 1038 2335 1086 τόν
2383 1044 2499 1089 νοῦν
2556 1041 2780 1113 τρυτάνη
2849 1043 2993 1113 ἔχειν
3039 1049 3405 1116 προσεοικότα,
3461 1044 3674 1108 ἀκλινῶς
3725 1050 3855 1102 ἔκα-

2251 1143 2370 1177 στον
2411 1127 2522 1196 ('28)
2561 1136 2660 1180 τῶν
2711 1135 2977 1205 πρακτέων
3027 1131 3470 1204 ζυγοστατοῦντα.
3511 1135 3672 1189 ’Ὅταν
3720 1137 3854 1190 ἐκά-

2249 1234 2345 1273 στη
2407 1215 2580 1275 ἐντολὴ
2638 1222 2781 1293 παρά
2820 1225 2905 1273 σοὶ
2966 1225 3099 1296 πρός
3150 1227 3243 1281 τὴν
3301 1222 3652 1298 ἀντικειμένην
3708 1227 3849 1300 αὐτῇ

2243 1310 2430 1358 κακίαν
2471 1304 2876 1377 διαδικάζηται,
2920 1306 3009 1371 δός
3064 1332 3135 1383 τῳ
3191 1316 3329 1386 νόμῳ
3375 1321 3466 1367 τοῦ
3524 1322 3656 1369 Θεοῦ
3707 1318 3854 1370 κατά

2242 1404 2338 1458 τῆς
2395 1396 2651 1472 ἁμαρτίας
2702 1401 2767 1451 τά
2820 1405 3120 1475 νικητήρια.
3164 1401 3489 1477 Πλεονασμός
3525 1410 3615 1458 καὶ
3663 1406 3852 1469 ἰσότης

2241 1491 2544 1560 κρίνονται;
2606 1486 2833 1561 ἀπόφηνε
2888 1493 3022 1543 κατά
3086 1500 3176 1552 τῆς
3232 1499 3332 1544 τῶν
3388 1491 3664 1568 ἀλλοτρίων
3721 1495 3850 1549 ἐπι-

2243 1578 2450 1650 θυμίας,
2502 1575 2591 1639 δὸς
2636 1584 2730 1638 τὴν
2782 1578 3022 1652 βελτίονα
3074 1581 3246 1655 ψῆφον
3276 1590 3337 1656 τῇ
3374 1582 3552 1657 ἀρετῇ.
3585 1583 3851 1660 Λοιδορία

2238 1671 2328 1719 καὶ
2392 1670 2732 1741 μακροθυμία
2791 1668 3031 1731 ἀλλήλαις
3096 1670 3600 1742 ἀντικαθίστανται;
3658 1681 3853 1729 καταί-

474 1737 778 1805 antepone
807 1734 1362 1796 lenitatem.0dium
1383 1740 1436 1797 ei
1464 1741 1700 1798 dilectio
1723 1743 2124 1840 contendunt?

2239 1775 2435 1827 σχυνον
2474 1760 2566 1815 τὴν
2622 1755 2910 1834 λοιδορίαν,
2961 1764 3050 1813 καὶ
3106 1767 3431 1836 προτίμησον
3470 1767 3529 1816 τό
3567 1767 3850 1840 μακρόθυ-

472 1820 623 1877 illud
646 1821 982 1893 ignominia
1015 1825 1320 1897 affectum,
1351 1846 1540 1903 quam
1586 1830 1937 1903 longissime
1967 1831 2130 1889 able-

471 1914 632 1980 gato,
664 1912 1049 1972 dilectionem
1068 1933 1214 1975 vero
1239 1919 1470 1977 honore
1498 1921 1989 1989 decoratam,tibi
2011 1922 2130 1996 ipsi

468 1999 646 2056 facito
666 2000 1363 2066 familiarem.Simu1atio
1381 2013 1439 2067 et
1465 2010 2129 2085 simplicitas,fortitudo

469 2093 528 2145 et
554 2089 862 2161 timiditas,
887 2094 1209 2166 prudentia
1251 2103 1309 2154 et
1350 2099 1616 2166 stultitia,
1643 2103 1871 2173 justitia
1897 2110 1952 2162 et
1979 2106 2131 2178 inju-

470 2178 649 2247 stitia,
685 2181 976 2252 pudicitia
1005 2187 1063 2240 et
1090 2184 1485 2260 impudicitia,
1512 2195 1588 2259 et,
1621 2196 1686 2248 ut
1708 2191 1876 2249 brevi
1902 2195 2123 2270 dicam,

468 2267 657 2325 virtus
685 2271 967 2342 quaelibet
988 2289 1128 2329 cum
1147 2275 1418 2347 quolibet
1446 2279 1599 2337 vicio
1618 2282 1915 2352 judicium
1941 2267 2130 2345 subit?

469 2360 631 2414 Tunc
668 2359 850 2431 igitur
888 2362 1259 2433 judiciorum
1288 2368 1708 2428 rectitudinem
1739 2376 2036 2434 ostendito
2066 2377 2128 2434 in

470 2447 706 2504 occulto
738 2449 959 2506 animae
992 2454 1106 2508 tuae
1149 2453 1400 2524 judicio,
1431 2467 1921 2536 praeceptumque
1949 2468 2129 2539 quasi

470 2552 841 2595 assessorem
896 2540 1196 2599 adhibens
1243 2544 1375 2614 tibi,
1420 2548 1630 2606 odium
1680 2551 1744 2608 in
1794 2555 2127 2627 nequitiam

469 2631 644 2683 tuum
699 2636 1191 2703 commonstrato,
1239 2650 1527 2693 aversans
1579 2647 1849 2714 peccata,
1880 2645 2129 2704 virtutes

472 2717 817 2787 prmiereus.
855 2720 913 2775 Si
942 2720 1101 2775 enim
1131 2721 1281 2779 facis
1312 2729 1375 2781 ut
1406 2726 1468 2782 in
1505 2728 1758 2800 singulis
1787 2734 2126 2793 actionibus

469 2803 714 2861 vincant
759 2807 925 2879 apud
971 2812 1026 2865 te
1077 2811 1346 2886 meliora,
1380 2814 1594 2874 beatus
1626 2820 1741 2876 eris
1770 2822 1840 2878 In
1871 2824 1968 2881 die
1992 2826 2124 2896 illa,

471 2907 605 2949 cum
622 2895 930 2964 judicabit
957 2897 1248 2957 Dominus
1292 2906 1531 2962 occulta
1578 2907 1886 2967 hominum
1916 2895 2124 2971 secun-F

470 2981 613 3038 dum
644 2984 1048 3056 Evangelium
1078 2997 1375 3064 nostrum,
1406 2997 1869 3065 cogitationibus
1891 3003 2050 3059 inter
2066 3020 2129 3062 se

2236 1864 2352 1918 μον.
2393 1845 2607 1922 Ἐχθρα
2660 1852 2750 1900 καὶ
2798 1847 3020 1920 ἀγάπης
3078 1855 3173 1909 τὴν
3219 1855 3309 1923 μὲν
3365 1854 3551 1926 ἄτιμον
3590 1860 3844 1928 ποιήσας,

2238 1934 2545 2011 ὑπερόρισον
2586 1940 2650 1997 ὡς
2681 1936 2997 2013 πορρωτάτω
3026 1960 3039 1972 ο
3080 1944 3174 1999 τὴν
3216 1938 3275 1993 δὲ
3314 1940 3522 2013 ἀγάπην
3563 1946 3843 2016 σεμνύνας,

2238 2024 2425 2077 οἰκείαν
2483 2030 2704 2085 ποίησον
2744 2031 2852 2097 (29)
2909 2038 3128 2101 σεαυτῷ.
3189 2029 3491 2105 ’Υπόκρισις
3536 2037 3625 2085 καὶ
3675 2032 3847 2087 ἁπλό-

2235 2134 2346 2181 της,
2426 2112 2620 2191 ἀνδρία
2684 2120 2773 2169 καὶ
2830 2114 3022 2186 δειλία,
3081 2123 3330 2194 φρόνησις
3387 2126 3477 2174 καὶ
3542 2119 3841 2197 ἀφροσύνη,

2238 2200 2550 2264 δικαιοσύνη
2614 2210 2703 2259 καὶ
2760 2202 2965 2274 ἀδικία,
3038 2213 3347 2284 σωφροσύνη
3408 2216 3497 2263 καὶ
3553 2209 3839 2281 ἀκολασία,

2234 2298 2325 2346 καὶ
2372 2293 2630 2347 συνελόντι
2687 2303 2853 2368 φῆσαι
2900 2298 3037 2368 (30),
3084 2305 3234 2352 πᾶσα
3288 2298 3441 2375 ἀρετὴ
3493 2306 3618 2375 πρός
3658 2308 3842 2356 πᾶσαν

2235 2387 2421 2435 κακίαν
2471 2380 2858 2453 δαδικάζεται;
2900 2390 3026 2440 Τότε
3070 2384 3137 2447 δὴ
3189 2388 3277 2441 οὖν
3316 2386 3574 2453 ἐπίδειξαι
3610 2395 3704 2450 τὴν
3756 2392 3843 2445 εύ-

2239 2473 2437 2531 θύτητα
2482 2482 2581 2525 τῶν
2629 2477 2915 2550 κριμάτων,
2966 2475 3017 2529 ἐν
3068 2485 3141 2548 τῷ
3171 2480 3402 2554 ’κρυπτῷ
3447 2499 3541 2532 σου
3586 2488 3677 2541 τῆς
3728 2480 3841 2552 xim-

2234 2570 2342 2634 χῆς
2372 2569 2648 2640 κριτηρίῳ,
2683 2570 2772 2618 καὶ
2811 2567 2963 2620 οἱονεὶ
3015 2565 3274 2644 πάρεδρον
3326 2578 3526 2642 σεαυτῷ
3568 2575 3663 2629 τὴν
3697 2570 3842 2624 ἐντο-

2234 2651 2326 2710 λὴν
2364 2656 2732 2727 ποιησάμενος,
2776 2652 2944 2720 δεῖξον
2986 2660 3044 2710 τό
3082 2661 3472 2735 μισοπόνηρον·
3517 2658 3844 2735 ἀποστρεφό-

2235 2762 2380 2815 μενος
2409 2744 2522 2816 ῗμὶν
2568 2747 2659 2805 τὰς
2699 2744 2971 2820 ἁμαρτίας,
3020 2748 3315 2823 ύπερτιμων
3374 2745 3434 2802 δὲ
3486 2752 3577 2811 τὰς
3625 2747 3839 2826 ἀρετάς.

2236 2830 2353 2886 Ἐὰν
2401 2835 2503 2907 γὰρ
2554 2832 2629 2905 ἐφ’
2668 2834 2889 2896 ἑκάστης
2933 2836 3168 2912 πράξεως
3216 2844 3361 2910 νικᾷν
3416 2844 3647 2912 ποιήσῃς
3693 2842 3851 2915 παρά

2238 2926 2323 2975 σοὶ
2380 2925 2447 2975 τὰ
2496 2922 2757 2997 βελτίονα,
2815 2928 3069 3002 μακάριος
3126 2929 3220 3001 ἔσῃ
3275 2928 3353 2981 Ἐν
3408 2936 3472 3002 τῇ
3506 2930 3676 3005 ἡμέρᾳ
3714 2926 3852 2982 ἐκεί-

2235 3031 2322 3085 νη,
2380 3013 2462 3066 ὅτε
2526 3020 2690 3088 κρινεῖ
2752 3015 2777 3067 ό
2845 3018 2970 3076 Θεὸς
3024 3018 3093 3068 τὰ
3146 3019 3353 3093 κρυπτά
3399 3025 3500 3069 τῶν
3559 3017 3849 3093 ἀνθρώπων

471 3077 527 3127 et
551 3074 993 3139 accusantibus,
1028 3083 1137 3134 aut
1171 3086 1226 3136 et
1268 3082 1807 3155 defendentibus",
1841 3106 1953 3147 nec
1995 3092 2124 3149 abi-

2273 3074 2320 3085 ..
2558 3074 2568 3088 .
2956 3074 2965 3076 ε
3653 3074 3662 3093 .

2238 3103 2371 3154 κατά
2434 3104 2492 3155 τό
2555 3103 2866 3176 Εύαγγέλιον
2927 3107 3092 3179 ἡμῶν,
3176 3074 3266 3158 καὶ
3335 3107 3530 3180 μεταξὺ
3609 3106 3849 3165 ἀλλήλων

470 3158 566 3216 bis
589 3162 1031 3221 condemnatus
1052 3167 1131 3223 ob
1154 3168 1339 3227 ullam
1364 3172 1444 3228 ad
1469 3176 1631 3231 mala
1649 3177 2122 3239 inclinationem:

473 3249 580 3304 sed
605 3250 848 3321 justitia:
874 3256 1112 3312 coronis
1148 3257 1528 3320 honorabere
1565 3267 1731 3338 107
1763 3268 1985 3340 quibus
2004 3272 2128 3328 "vir-

472 3341 659 3395 tutem
688 3356 796 3412 per
825 3358 1068 3400 omnem
1103 3350 1267 3410 tuam
1296 3349 1482 3407 vitam
1533 3357 1938 3414 coronaveris.
1972 3361 2130 3425 Quot

470 3425 637 3483 bona
667 3430 1009 3489 conciliabit
1040 3434 1145 3491 tibi
1170 3435 1632 3498 Proverbiorum
1652 3442 1933 3520 liber,qui
1952 3446 2129 3506 docet

472 3521 530 3574 et
548 3533 752 3576 veram
778 3520 972 3579 colere
989 3523 1306 3597 justitiam,
1337 3532 1394 3585 et
1414 3529 1714 3601 judicium
1739 3533 1993 3607 dirigere
2013 3538 2042 3594 ‘t

547 3807 631 3860 11.
663 3807 892 3880 Ecquid
940 3809 1121 3881 igitur
1165 3811 1259 3869 his
1290 3814 1592 3887 amplius?
1624 3820 1697 3876 Ut
1752 3820 1868 3892 det,
1909 3821 2125 3897 inquit,

471 3894 886 3955 innocentibus
911 3903 1297 3971 astutiam,ac
1313 3921 1499 3974 puero
1508 3911 1729 3977 juveni
1744 3916 1801 3967 et
1816 3894 2050 3970 sensum
2073 3920 2129 3973 et

472 3984 936 4057 intelligentiam
960 3991 1028 4045 ’7.
1065 3991 1385 4064 Dupliciter
1423 3995 1808 4067 intelligimus
1835 4001 2126 4059 innocen-

472 4073 634 4130 tiam.
658 4081 771 4132 Aut
790 4078 949 4133 enim
981 4081 1315 4151 quamdam
1339 4098 1375 4138 a
1398 4092 1643 4156 peccato
1674 4088 2124 4160 alienationem,

470 4178 606 4233 qua;
634 4165 863 4222 ratione
894 4166 980 4232 ﬁt,
1023 4169 1473 4240 excogitamus;
1505 4175 1748 4249 Vitiique
1772 4178 1932 4235 velut
1976 4198 2125 4255 qua-

470 4250 615 4308 dam
640 4252 843 4311 radice
872 4271 979 4328 per
1000 4255 1249 4328 longam
1277 4262 1666 4321 attentionem
1695 4250 2122 4345 bonorumque

2235 3200 2336 3245 τῶν
2395 3192 2660 3265 λογισμῶν
2726 3198 3154 3269 κατηγορούντων
3231 3196 3260 3255 ἦ
3331 3200 3422 3249 καί
3488 3195 3851 3270 ἀπολογουμέ-

2234 3302 2352 3345 νων,
2412 3282 2506 3334 ούκ
2564 3281 2771 3358 ἀπέρχῃ
2839 3280 3350 3359 καταδεδικασμένος
3411 3283 3506 3339 διὰ
3554 3290 3648 3345 τὴν
3708 3292 3849 3359 πρός

2234 3372 2301 3424 τά
2331 3371 2500 3446 φαῦλα
2525 3373 2711 3448 ῥοπὴν,
2741 3371 2867 3425 ἀλλά
2908 3382 3014 3436 τοίς
3056 3383 3148 3436 τῆς
3179 3371 3525 3437 δικαιοσύνης
3558 3377 3842 3448 τιμηθήση

2237 3463 2520 3534 στεφάνοις,
2571 3463 2645 3523 οἷς
2695 3464 2839 3537 παρὰ
2885 3465 3055 3517 πάντα
3112 3466 3219 3537 (31)
3269 3484 3363 3518 σου
3419 3468 3506 3518 τὸν
3557 3463 3671 3538 βίον
3738 3470 3843 3525 τήν

2235 3550 2420 3628 ἀρετὴν
2478 3550 2855 3624 ἐστεφάνωσας.
2898 3552 3138 3611 Πηλίκων
3194 3573 3279 3607 σοι
3338 3555 3577 3629 πρόξενος
3623 3552 3842 3626 ἀγαθῶν

2232 3645 2507 3713 γενήσεται
2552 3642 2582 3701 ἠ
2631 3640 2808 3714 βίϐλος
2854 3651 2954 3695 τῶν
3003 3650 3322 3718 Παροιμιῶν,
3360 3640 3700 3698 διδάσκουσα
3735 3649 3842 3702 τήν

2233 3750 2288 3785 τε
2327 3731 2421 3791 ἀλῆ
2433 3734 2493 3806 θῇ
2523 3728 2865 3792 δικαιοσύνην
2895 3738 2983 3785 καὶ
3008 3740 3173 3809 κρῖμα
3200 3736 3562 3801 κατευθύνειν;

2306 3823 2393 3879 11.
2425 3827 2488 3876 Τὶ
2527 3822 2615 3875 οὖν
2657 3826 2782 3899 πρὸς
2819 3825 3019 3884 τούτοις
3066 3825 3178 3890 Eri;
3209 3822 3321 3877 Ἵνα
3351 3824 3458 3896 (32)
3499 3821 3596 3894 δῷ,
3649 3829 3844 3897 φησὶν,

2235 3910 2447 3973 ἀκάκοις
2507 3918 2867 3988 πανουργίαν,
2932 3910 3090 3967 παιδὶ
3159 3910 3219 3967 δὲ
3292 3919 3385 3987 νέῳ
3466 3915 3717 3972 αἴσθησίν
3781 3935 3846 3969 τε

2232 4002 2345 4075 καὶ]
2371 4004 2580 4057 ἔννοιαν.
2620 4007 2833 4072 ξΔιττῶς
2887 4012 3099 4077 νοοῦμεν
3156 4008 3249 4064 τὴν
3302 4003 3542 4059 ἀκακίαν.
3600 4002 3669 4056 ἸΙ
3727 4006 3841 4079 γὰρ

2232 4097 2325 4152 τὴν
2379 4090 2479 4144 ἀπὸ
2534 4101 2625 4154 τῆς
2676 4093 2927 4167 ἁμαρτίας
2970 4092 3308 4171 ἀλλοτρίωσιν
3356 4095 3592 4169 λογισμῷ
3644 4114 3847 4169 κατορ-

2234 4184 2502 4256 θουμένην,
2534 4189 2624 4236 καὶ
2665 4180 2759 4236 διὰ
2786 4190 2986 4261 μακρᾶς
3037 4193 3311 4260 προσοχῆς
3348 4192 3439 4239 καὶ
3485 4186 3692 4259 μελέτης
3729 4196 3842 4240 τῶν

2232 4271 2438 4345 ἀγαθῶν
2487 4275 2591 4327 οἷόν
2627 4274 2736 4347 (33)
2785 4294 2900 4326 τινα
2954 4275 3107 4350 ῥίζαν
3146 4282 3238 4337 τῆς
3275 4280 3458 4337 κακίας
3514 4275 3837 4349 ἐκτεμόντες,

469 4341 919 4399 meditationem
934 4346 1238 4414 excisa,ob
1250 4347 1546 4422 integram
1563 4354 1612 4425 ej
1624 4372 1690 4410 us
1702 4340 2119 4431 privationem,

2238 4368 2364 4417 κατά
2414 4369 2660 4441 στέρησιν
2700 4364 2858 4424 αὐτῆς
2901 4364 3121 4423 παντελῆ
3171 4369 3265 4423 τὴν
3302 4373 3396 4418 τοῦ
3436 4364 3631 4418 ἀκάκου
3662 4385 3840 4438 προσ-

467 4428 820 4488 innocentia:
842 4434 1311 4506 appellationem
1331 4442 1690 4515 accipimus:
1716 4453 1820 4503 aut
1839 4449 2121 4509 innocen-

465 4517 548 4573 tia
567 4519 805 4591 dicitur,
828 4538 966 4579 cum
988 4525 1128 4581 mali
1151 4528 1424 4586 nondum
1456 4537 1946 4607 estexperientia,
1979 4558 2118 4599 cum

465 4607 583 4703 sint
602 4610 705 4682 qui
728 4627 890 4684 suape
911 4614 990 4703 ob
1008 4616 1299 4686 puerilem
1320 4625 1556 4678 aetatem
1581 4631 1685 4681 aut
1703 4626 1834 4683 vitae
1861 4628 2117 4703 alicujus

458 4695 800 4756 institutum
821 4701 966 4758 vitia
985 4706 1271 4776 quaedam
1296 4726 1415 4765 non
1438 4695 2115 4794 experianturExemvpli

459 4788 667 4859 gratia,
704 4806 853 4861 puer
881 4807 1003 4848 non
1032 4795 1198 4850 novit
1225 4800 1594 4869 superbiam,
1637 4820 1760 4860 non
1805 4809 1967 4863 novit
2010 4788 2113 4867 do-

451 4876 579 4933 lum
611 4883 666 4934 et
692 4878 1010 4936 fallaciam.
1046 4885 1273 4939 Rursus
1305 4894 1446 4943 sunt
1487 4890 1590 4961 qui
1638 4894 1759 4947 ruri
1800 4894 2105 4967 degentes,

448 4982 571 5023 non
600 4969 797 5024 sciunt
825 4970 999 5027 dolos
1034 4982 1461 5045 mercatorum,
1490 4994 1685 5051 neque
1725 4981 1993 5040 forenses
2033 4987 2106 5042 si-

447 5056 744 5115 multates.
767 5060 878 5125 Qui
898 5062 1046 5117 tales
1068 5068 1226 5130 sunt,
1253 5080 1353 5120 eos
1384 5066 1732 5126 innocentes
1764 5087 2056 5131 vocamus
2083 5097 2095 5147 ;

507 5211 555 5245 ²⁸
581 5211 693 5268 Isa.
723 5229 776 5275 v,
801 5215 891 5268 20.
970 5216 1018 5250 ³⁵
1042 5218 1212 5273 Prov.
1246 5233 1341 5289 xu,
1372 5222 1421 5274 5.
1502 5221 1550 5257 ²⁶
1582 5224 1750 5279 Rom.
1785 5241 1845 5292 ῃ,
1886 5230 1967 5298 16,
2009 5234 2095 5285 15.

429 5399 464 5454 ὃ
504 5334 608 5429 (ἓξ)
643 5336 806 5392 Colb.
851 5339 1101 5411 primus.
1136 5344 1350 5398 ἕκαστά.
1398 5348 1527 5403 Mox
1574 5347 1698 5406 duo
1733 5367 1877 5407 mss.
1906 5358 2093 5406 κακίαν

469 5423 738 5454 ικαιηται-

469 5423 739 5465 ικαςηται.

493 5481 605 5552 (‘29)
640 5479 880 5552 Antiqui
903 5488 1026 5538 duo
1055 5484 1191 5540 libri
1223 5487 1414 5540 οἰκείαν
1446 5496 1690 5550 ποίησαι.

630 5552 766 5631 lieg‘.
796 5550 1033 5631 primus
1066 5557 1321 5631 συνελόντι
1357 5563 1529 5631 φάναι.

491 5620 608 5693 (31)
638 5620 838 5679 Codex
858 5624 1020 5682 idem
1057 5629 1182 5703 παρ’
1214 5620 1437 5689 ἅπαντα.
1462 5636 1595 5692 Mox
1622 5634 1686 5692 in
1716 5636 1880 5696 Colb.
1915 5640 2083 5698 tertio

2228 4460 2445 4529 ηγορίαν
2505 4450 2774 4526 δεχόμεθα
2807 4474 2819 4486 ·
2885 4453 2914 4512 ἡ
2984 4451 3176 4504 ἀκακία
3222 4451 3363 4506 ἐστὶν
3420 4456 3451 4511 ἡ
3519 4459 3677 4526 μήπω
3731 4462 3835 4508 τοῦ

2224 4551 2388 4595 κοικοῦ
2437 4541 2694 4616 ἐμπειρία,
2743 4539 2835 4595 διά
2882 4546 3099 4600 νεότητα
3149 4541 3396 4604 πολλάκις
3442 4544 3470 4602 ᾖ
3525 4541 3642 4616 βίον
3682 4548 3837 4607 τινός

2225 4629 2562 4690 ἐπιτήδευσιν
2613 4630 2834 4707 ἀπείρως
2882 4640 3032 4683 τινῶν
3080 4636 3205 4704 πρός
3265 4651 3405 4693 τινας
3461 4637 3640 4692 κακίας
3693 4630 3835 4686 δια-

2221 4726 2483 4794 κειμένων.
2537 4722 2659 4774 Οἶον
2726 4724 2752 4774 ό
2808 4731 2929 4784 παῖς
2979 4723 3073 4777 ούκ
3130 4720 3268 4777 οἶδεν
3308 4727 3675 4798 ὑπερηφανίαν,
3730 4725 3836 4777 οὐκ

2221 4807 2333 4862 οἶδε
2364 4806 2513 4862 δόλον
2560 4817 2651 4863 καὶ
2692 4809 3060 4887 ῥᾳδιουργίαν,
3098 4814 3257 4867 Πάλιν
3298 4815 3400 4867 εἰσι
3429 4834 3558 4875 τινες
3594 4823 3695 4866 τῶν
3728 4821 3832 4875 τὴν

2219 4898 2491 4974 ἀγροικίαν
2541 4901 2839 4972 οἰκούντων,
2892 4904 2985 4956 ούκ
3033 4902 3226 4966 εἰδότες
3264 4908 3353 4967 τάς
3392 4906 3674 4981 ἐμπορικὰς
3720 4926 3832 4959 δια-

2215 4996 2480 5062 κουργίας,
2532 4987 2656 5043 οὐδὲ
2714 4997 2802 5054 τὰς
2850 4992 2897 5044 ἐν
2940 4990 3272 5069 δικαστηρίῳ
3323 4992 3629 5055 διαπλοκάς.
3689 5000 3831 5058 Τοὺς

2212 5083 2475 5140 τοιούτους
2533 5077 2756 5143 ἀκάκους
2810 5082 3040 5157 λέγομεν,
3110 5084 3285 5157 ούχὼς
3349 5083 3404 5137 ἐκ
3470 5088 3833 5160 προαιρέσεως

2173 5233 2218 5267 ³⁷
2252 5236 2424 5289 Prov.
2458 5250 2498 5304 1,
2531 5238 2582 5289 4.

2203 5373 2316 5429 pro
2340 5358 2524 5438 ἀρετῄν
2557 5361 2847 5432 scriptum
2877 5361 3218 5438 invenimus
3256 5362 3456 5436 ψυχήν.
3484 5363 3825 5438 Aliquanto

2199 5436 2342 5501 post
2372 5431 2513 5486 ἐξόὶῐί
2539 5431 2775 5507 γεννήσει
2788 5454 2860 5487 αι.
2889 5438 2961 5487 At
2980 5433 3100 5507 dup
3126 5431 3596 5507 mssiyvsvna'trac.

2272 5506 2388 5567 (32)
2416 5505 2560 5575 Βεεζ.
2595 5504 2803 5559 tertius
2835 5508 3036 5565 τούτοις
3064 5504 3242 5575 iactv;
3274 5504 3401 5563 Ἵνα.

2272 5576 2386 5647 (33)
2416 5573 2656 5631 Veteres
2682 5576 2804 5647 duo
2824 5575 2960 5633 libri
2988 5579 3161 5635 οἱονεί.
