4076 6190
168 270 271 327 409

1130 262 1421 320 HOMILIA
1456 261 1524 316 ΙΝ
1562 255 1966 315 PRINCIPIUM
1999 256 2568 314 PROVERBIORUM.

3427 255 3533 311 410

171 403 263 457 τῆς
290 397 486 455 καικίας
534 394 979 466 κεχωρισμένους,
1015 387 1119 461 ᾲλλ’
1153 391 1223 449 ὡς
1265 391 1423 459 μήπω
1471 384 1539 445 εἰς
1588 390 1770 458 πεῖραν

1904 397 2009 438 ron
2029 381 2195 455 quod
2216 380 2523 438 voluntate
2544 396 2580 437 a
2600 378 2830 437 malitia
2852 378 3227 451 secesserint,
3240 377 3344 436 sed
3368 378 3535 451 quod
3592 395 3609 405 ί

169 492 263 548 τῆς
304 489 542 557 πονηρᾶς
588 482 736 544 ἕξεως
786 479 1117 554 ἀφιγμένους·
1164 476 1396 537 Ἀκακος
1443 470 1502 527 δι
1557 478 1769 548 κυρίως,

168 577 347 634 ὁποῖος
403 569 469 630 ἦν
524 567 713 639 Δαϐὶδ,
770 569 931 642 λέγων
955 590 968 602 ο
1017 567 1147 640 Ἐγὼ
1207 562 1266 619 δι
1320 564 1368 618 ἐν
1425 561 1620 636 ἀκακία
1673 581 1773 636 μου

170 663 494 735 ἐπορεύθην·
544 660 570 714 ὁ
618 662 792 714 πᾶσαν
844 661 1099 731 πονηρίαν
1150 652 1243 708 διὰ
1289 662 1385 716 τῆς
1432 652 1549 706 κατ’
1590 651 1775 726 ἀρετὴν

169 753 452 814 ἀσκήσεως
502 759 599 812 τῆς
642 749 829 802 ἑαυτοῦ
876 747 1065 820 ψυχῆς
1103 745 1436 810 ἀποστήσας,
1468 742 1525 806 ὃς
1552 745 1642 794 καὶ
1680 750 1777 804 τῆς

167 844 525 916 κληρονομίας
566 848 667 892 τῶν
722 837 929 911 ἀγαθῶν
977 835 1232 899 ἀξιοῦται.
1282 837 1424 888 Διότι
1479 834 1670 906 Κύριος
1716 830 1776 883 οὗ

170 938 422 1007 στερήσει
498 933 565 982 τὰ
630 927 804 1001 ἁγαθά
880 930 1000 989 τοὺς
1071 928 1442 1000 πορευομένους
1508 921 1558 975 ἐν
1643 920 1776 973 ἀκα-

167 1029 255 1095 κία
281 1022 425 1092 (34).
452 1020 513 1073 Ὀ
542 1026 779 1079 τοιοῦτος
806 1018 1067 1078 πεποιθὼς
1095 1014 1199 1088 ἐρεῖ
1217 1036 1230 1048 ο
1267 1017 1448 1088 Κρῖνόν
1478 1032 1559 1087 με,
1595 1014 1773 1087 Κύριε,

167 1116 245 1165 ὅτι
295 1110 402 1181 εγὼ
450 1107 501 1162 ἕν
548 1107 746 1180 ἀκακία
774 1127 875 1180 μου
907 1106 1186 1181 ἐπορεύθην
1211 1126 1223 1140 ·
1256 1108 1348 1157 καὶ
1376 1103 1530 1157 πάλιν
1551 1124 1563 1136 ·
1596 1104 1776 1176 Κρῖνόν

164 1222 224 1274 με
251 1202 384 1272 (35)
411 1200 547 1251 κατὰ
575 1203 669 1256 τὴν
699 1193 1043 1254 δικαιοσύνην
1071 1215 1171 1268 μου
1214 1198 1304 1247 καὶ
1341 1194 1477 1246 κατά
1517 1196 1612 1251 τὴν
1643 1189 1777 1244 ἀκα-

163 1297 284 1342 κίαν
314 1308 425 1363 μου
451 1286 680 1360 ἐπ’ἒμοί.
714 1285 1113 1361 Χαρακτηρίξιι
1144 1281 1203 1337 δε
1222 1287 1309 1336 τόν
1334 1284 1528 1335 ἄκακον
1558 1282 1588 1339 ἠ
1624 1279 1779 1333 ἁπλό-

164 1402 259 1443 της
311 1386 412 1431 τοῦ
458 1380 638 1443 ἤθους,
686 1379 746 1429 τό
792 1381 1044 1447 γενναῖον,
1077 1377 1134 1427 τό
1167 1372 1542 1426 ἀκατάσκευον.
1573 1369 1780 1430 Ὀπνῖος

165 1469 223 1529 ξν
281 1466 516 1524 Ἰακὼϐο
566 1465 903 1533 Ἀπλαστος,
963 1468 1118 1537 φησὶν
1158 1464 1307 1537 (36),
1364 1462 1517 1516 οἰκῶν
1570 1460 1776 1514 οἰκίανο

115 1630 125 1641 ⁸
164 1562 442 1625 τουτέστι,
466 1564 528 1629 τῇ
562 1555 616 1608 ἐκ
640 1564 737 1629 τῇς
757 1557 959 1628 φύσεως
985 1553 1238 1611 ἁπλότητι
1262 1554 1604 1627 κεχρημένος,
1628 1545 1779 1602 οὐδὲν

163 1649 211 1702 ἰν
272 1652 482 1719 τέχνης
526 1644 843 1698 ἐπίπλαστον
903 1651 1095 1716 σχῆμα
1139 1644 1244 1695 οἷον
1286 1647 1631 1716 προσωπεῖον,
1665 1639 1782 1692 ἑαυ-

1882 471 2157 528 nondum
2178 470 2455 528 habitum
2477 469 2707 527 malum
2726 469 2948 526 fuerint
2967 469 3218 543 experti.
3242 472 3536 525 lnnocens

1883 565 2084 619 autem
2118 561 2357 634 proprie
2388 566 2501 630 est,
2532 559 2728 633 qualis
2772 562 2902 615 erat
2934 559 3143 626 David,
3178 559 3351 630 cujus
3404 557 3538 614 haec

1883 653 2059 706 sunt:
2091 651 2222 721 Ego
2251 656 2450 707 autem
2481 652 2542 706 in
2573 648 2916 705 innocentia
2954 660 3087 703 mea
3117 647 3429 704 ambulavi
3446 648 3533 704 ’3:

1884 739 1988 813 qui
2016 739 2293 797 videlicet
2320 755 2567 796 omnem
2613 736 2946 810 nequitiam
2978 751 3085 808 per
3114 735 3346 792 virtutis
3375 752 3541 793 exer-

1885 829 2229 886 citationem
2257 829 2335 886 ab
2362 830 2567 887 anima
2597 843 2709 884 sua
2738 830 3076 891 amoverat,
3099 825 3201 896 qui
3246 828 3305 881 et
3344 824 3539 882 bono-

1883 934 2019 975 rum
2035 918 2446 975 heereditatem
2464 916 2872 989 consequitur.
2888 916 3176 971 Dominus
3193 913 3356 970 enim
3372 913 3538 969 bonis

1885 1024 2007 1065 non
2043 1008 2310 1078 privabit
2341 1023 2457 1076 eos,
2498 1009 2606 1079 qui
2646 1005 2961 1064 ambulant
3011 1004 3074 1060 in
3114 1003 3460 1060 innocentia
3487 1003 3535 1039 ²⁹

1887 1097 2170 1169 Quisquis
2222 1095 2527 1168 ejusmodi
2573 1095 2770 1163 fuerit,
2815 1093 3070 1148 ﬁdenter
3106 1092 3373 1148 dicturus
3402 1092 3535 1146 est:

1883 1186 2108 1242 Judica
2150 1201 2261 1254 mc,
2292 1186 2562 1251 Domine,
2595 1183 2879 1255 quoniam
2924 1196 3030 1252 ego
3076 1182 3141 1236 in
3188 1178 3540 1237 innocentia

1885 1289 2016 1332 mea
2041 1276 2354 1332 ambulavi
2366 1275 2434 1328 3°.
2464 1278 2546 1330 Ac
2577 1272 2795 1329 iterum
2818 1287 2832 1327 :
2853 1271 3076 1327 Judica
3104 1284 3194 1326 me
3212 1267 3537 1324 secundum

1876 1365 2184 1434 justitiam
2213 1380 2429 1434 meam,
2459 1369 2514 1421 et
2554 1361 2882 1420 secundum
2915 1359 3320 1416 innocentiam
3349 1371 3539 1412 meam

1886 1470 2067 1525 super
2083 1455 2256 1512 me“.
2279 1457 2506 1511 Merum
2528 1457 2731 1509 autem
2753 1449 3134 1522 simplicitas,
3150 1444 3541 1519 generositas,

1888 1560 2101 1609 carens
2132 1543 2384 1601 artiﬁcio
2411 1541 2670 1612 indoles,
2695 1541 3008 1598 character
3037 1542 3179 1595 sunt
3206 1533 3547 1592 innocentis

1888 1643 2070 1711 atque
2092 1635 2348 1705 insigne.
2374 1631 2725 1704 Cujusmodi
2751 1634 2879 1687 erat
2895 1628 3106 1686 Jacob:
3129 1628 3289 1684 Fuco
3310 1639 3542 1690 carens,

164 1747 237 1809 τῷ
280 1740 424 1809 πρὸς
480 1740 573 1794 τήν
610 1742 711 1787 τῶν
751 1731 1168 1804 ἐντυγχανόντων
1227 1729 1430 1789 ἀπάτην
1476 1730 1775 1805 περιτιθείς,

1904 1728 2101 1801 ,nquit,
2135 1724 2418 1782 habitans
2438 1714 2769 1779 domum”:
2798 1721 2915 1777 hoc
2941 1722 3053 1786 est,
3084 1720 3259 1773 utens
3284 1710 3548 1770 naturali

166 1828 440 1881 Ἐνταῦθα
487 1828 661 1897 μέντοι
717 1824 912 1876 ἄκακον
963 1823 1096 1875 ἔοικε
1148 1820 1311 1894 λέγειν
1368 1823 1454 1872 τόν
1507 1818 1781 1894 ἀπειρόκα-

166 1937 277 1983 κσν,
316 1914 377 1967 ὃν
417 1918 511 1966 καὶ
546 1916 731 1986 χρείαν
764 1914 909 1983 ἔχειν
940 1916 1070 1984 φησὶ
1109 1918 1205 1973 τῆς
1244 1909 1513 1972 ἐπαινετῆς
1547 1926 1779 1981 πανουρ-

165 2012 311 2078 γίας,
364 2006 451 2055 ἱνα
496 2005 627 2078 πρός
670 2009 734 2075 τῇ
786 2000 841 2053 ἐκ
880 2002 1081 2072 φύσεως
1123 1997 1456 2073 ἀκεραιότητι
1506 2002 1596 2051 καὶ
1637 2000 1696 2050 τὸ
1728 1995 1781 2059 ἐξ

170 2096 452 2167 ἐμπειρίας
503 2093 711 2144 συνετόν
765 2089 1133 2157 ἐπικτήσηται,
1183 2093 1274 2141 καί
1329 2090 1433 2141 οἷον
1486 2086 1624 2159 όπλῳ
1678 2093 1783 2142 τινὶ

166 2192 230 2256 τῇ
280 2182 419 2254 καλῇ
476 2185 770 2255 πανουργίᾳ
813 2182 1185 2253 πεφραγμένος,
1238 2174 1541 2239 δυσάλωτος
1668 2185 1784 2239 ταῖς

172 2271 489 2332 ἐπιϐουλαῖς
534 2278 634 2323 τῶν
682 2271 1014 2322 ὑπεναντίων-
1048 2275 1131 2321 Δεῖ
1175 2270 1300 2342 γὰρ,
1346 2266 1513 2341 οἶμαι,
1562 2270 1650 2320 τόν
1697 2271 1783 2320 τέ-

172 2363 309 2415 λειον
341 2365 592 2435 φρόνιμον
635 2361 725 2432 μὲν
757 2354 887 2411 εἶναι
933 2360 1066 2432 πρὸς
1091 2359 1151 2410 τὸ
1195 2355 1412 2429 ἀγαθὸν,
1440 2354 1679 2431 ἀκέραιον
1726 2352 1786 2410 δε

175 2456 311 2527 πρὸς
354 2454 417 2503 τό
468 2452 648 2504 κακόν.
680 2446 937 2503 Ἐντεῦθεν
985 2447 1156 2520 ὥσπερ
1188 2446 1303 2518 (37)
1332 2445 1388 2499 ἔκ
1434 2453 1612 2518 πηγῆς
1649 2465 1787 2508 τινος

176 2541 528 2617 ἀρυέσθωσαν
586 2539 635 2590 οἱ
695 2539 887 2591 ἄκακοι
944 2540 1037 2595 τὴν
1105 2536 1379 2597 σώζουσαν
1442 2541 1783 2612 πανουργίαν.

179 2632 341 2704 ’Δνῆρ
397 2630 504 2703 γὰρ
560 2633 855 2699 πανοῦργος
914 2627 1092 2700 θρόνος
1148 2624 1445 2686 αἰσθήσεως
1473 2646 1485 2658 ·
1541 2628 1631 2677 καὶ
1683 2631 1788 2678 Πα-

173 2728 394 2794 νοῦργος
466 2713 566 2784 δέ,
619 2723 791 2767 κακῶν
851 2713 1244 2789 ἕπερχομένων,
1314 2711 1578 2787 ἀπεκρύϐη
1606 2735 1618 2747 ο
1672 2717 1784 2783 καὶ,

188 2816 231 2861 Ο
275 2805 339 2861 δε
371 2807 493 2878 (38)
523 2804 803 2879 φυλάσσων
842 2802 1110 2876 ἱλέγχους,
1141 2807 1571 2878 πανουργότερος.
1606 2801 1786 2857 Ἔστιν

180 2898 270 2952 οὖν
324 2899 354 2955 ἡ
416 2899 715 2969 πανουργία
769 2891 996 2967 ἐνέργεια
1051 2894 1256 2945 πάντων
1314 2890 1427 2945 κατ’
1491 2891 1787 2952 ἕπιτηευσιν

179 2990 439 3060 τεχνικήν
466 3006 477 3018 ·
535 2985 710 3059 ὦσπιρ
769 2985 799 3041 ἠ
859 2986 1154 3057 κακουργία
1208 2983 1240 3041 ἡ
1299 2986 1458 3055 μόνου
1523 2980 1633 3035 ἔστὶ
1696 2986 1788 3035 τοῦ

176 3083 345 3130 κακοῦ
403 3074 649 3148 ἰργασία.
704 3072 846 3126 Ἐπεὶ
909 3067 997 3125 οὖν
1064 3077 1237 3125 πᾶσαν
1305 3070 1553 3145 ἐργασίαν
1613 3090 1790 3147 παρα-

178 3163 402 3237 δέχεται
449 3165 475 3216 ό
517 3169 830 3237 πανοῦργος,
864 3161 914 3214 ἐν
962 3167 1074 3223 τοῖς
1112 3165 1247 3214 πᾶσι
1291 3157 1351 3214 δέ
1391 3164 1481 3213 καὶ
1518 3163 1584 3213 τὰ
1624 3159 1792 3234 φαῦλά

184 3255 321 3322 ἐστι,
378 3250 483 3307 δύο
537 3256 782 3325 σημαίνει
838 3252 869 3309 ἡ
930 3256 1022 3303 τοῦ
1083 3251 1382 3325 πανούργου
1438 3254 1789 3325 προσηγορία.

188 3348 288 3398 Καὶ
340 3343 367 3395 ὀ
574 3339 659 3394 ἐπὶ
712 3337 884 3413 βλάϐῃ
944 3339 1123 3414 ἑτέρων
1171 3346 1232 3412 τῇ
1285 3337 1484 3411 ἐπινοίᾳ
1523 3344 1793 3414 χρώμενος

188 3441 286 3485 τῶν
332 3435 541 3507 ἔργων,
597 3432 859 3504 πονηρός*
916 3429 943 3480 6
993 3424 1053 3482 δὲ
1104 3427 1368 3490 ἐπαινετὸς
1425 3447 1711 3502 πανουργος
1766 3428 1793 3481 6

193 3521 344 3584 ὀξέως
393 3525 488 3573 καὶ
538 3527 762 3580 συνετῶς
790 3520 850 3570 τὸ
897 3517 1084 3570 οἰκεῖον
1117 3515 1313 3589 ἀγαθόν
1344 3516 1672 3592 ἐξευρίσκων,
1704 3520 1795 3570 καὶ

193 3612 290 3674 τὰς
324 3607 518 3671 δολίως
559 3612 650 3661 καὶ
696 3605 979 3669 ἐπιϐούλως
1022 3605 1146 3680 παρ’
1186 3604 1365 3681 ἑτέρων
1414 3605 1555 3679 αὐτῷ
1595 3603 1796 3679 βλάϐας

198 3701 623 3775 σκευωρουμένας
676 3693 1108 3769 ἀποδιδράσκων.
1142 3699 1382 3769 Πρόσεχε
1432 3691 1520 3748 οὖν
1568 3694 1798 3772 ἀκριϐῶς

196 3796 268 3859 τῷ
310 3797 411 3851 τῆς
454 3790 779 3860 πανουργίας
832 3784 1048 3857 ὀνόματι
1075 3805 1088 3818 ο
1120 3789 1210 3838 καὶ
1254 3788 1498 3856 γίνωσκε,
1532 3785 1614 3838 ὁτι
1659 3788 1793 3856 μέση

197 3896 275 3940 τις
308 3878 411 3941 ἕξις
453 3879 591 3943 ἔστί,
622 3874 740 3927 καθ’
774 3873 834 3932 ἣν
865 3874 892 3925 6
921 3876 1011 3946 μὲν
1058 3871 1107 3926 ἒν
1156 3874 1449 3948 προθέσεως
1475 3872 1589 3945 (39)
1619 3873 1797 3945 ὑγιοῦς

199 3966 276 4019 ἐπ’
308 3965 523 4039 ὧγελείᾳ
561 3965 744 4017 ἑαυτοῦ
773 3968 865 4015 καί
904 3971 1005 4015 τῶν
1049 3961 1271 4021 πλησίον
1302 3962 1433 4035 αὐτῇ
1471 3965 1799 4038 κεχρημένος

200 4053 507 4121 ἄποδεκτός,
531 4055 557 4106 6
587 4051 647 4107 δὲ
672 4052 755 4106 ἐπὶ
777 4050 948 4126 βλάϐῃ
986 4060 1086 4104 τῶν
1116 4051 1275 4114 πέλας
1303 4052 1800 4127 μεταχειριζόμενος

198 4145 358 4204 αὐτὴν
401 4147 843 4216 κατεγνωσμένος,
876 4140 1081 4216 ἀφορμῇ
1126 4140 1253 4218 πρός
1293 4139 1547 4195 ἀπώλειαν
1590 4148 1663 4213 τῷ
1691 4139 1800 4194 ἔτι-

202 4231 494 4307 πϐιύματι
522 4238 817 4306 χρώμενος.

1890 1816 2300 1890 simplicitate,
2344 1812 2697 1884 nullamque
2746 1809 3011 1883 speciem
3055 1806 3135 1864 ab
3183 1809 3310 1862 arte
3357 1801 3543 1860 conﬁ-

1890 1914 2070 1975 ctam,
2094 1904 2273 1979 quasi
2298 1902 2634 1977 quamdam
2662 1900 2912 1970 larvam,
2946 1897 3028 1955 ad
3066 1895 3283 1953 obvios
3323 1890 3547 1966 quosli-

1889 1998 1995 2055 bet
2013 1992 2406 2067 decipiendos
2429 1990 2542 2048 sibi
2561 1990 2676 2064 ipsi
2696 1989 3182 2060 circumponens.
3211 1984 3312 2040 Hic
3341 1987 3547 2040 tamen

1888 2087 2277 2144 innocentem
2297 2081 2495 2138 dicere
2515 2080 2753 2137 videtur
2777 2077 3087 2135 hominem
3108 2073 3256 2131 mali
3272 2074 3547 2145 inexper-

1892 2178 2021 2231 tum
2045 2188 2059 2228 :
2095 2170 2193 2227 cui
2218 2169 2402 2226 etiam
2432 2164 2727 2223 laudabili
2756 2163 2974 2221 astutia
3003 2177 3158 2234 opus
3187 2174 3322 2225 esse
3351 2156 3456 2222 ait,
3482 2156 3549 2212 ut

1892 2266 2108 2336 praeter
2131 2257 2472 2315 naturalem
2498 2253 2940 2326 simplicitatem
2960 2250 3275 2322 comparet
3302 2259 3547 2320 quoque

1893 2348 2281 2426 prudentiam
2305 2346 2367 2403 in
2393 2342 2808 2418 experimento
2840 2341 3040 2407 sitam,
3071 2338 3359 2410 bonaque
3389 2338 3549 2391 astu-

1896 2421 1979 2498 tia
2004 2437 2183 2513 quasi
2205 2435 2475 2510 quodam
2503 2433 2619 2491 telo
2639 2430 3072 2495 communitus,
3102 2427 3201 2483 vix
3224 2423 3421 2498 possit
3442 2421 3550 2479 ini-

1895 2529 2194 2587 micorum
2213 2524 2446 2583 insidiis
2462 2519 2902 2580 circumveniri.
2919 2520 3164 2591 Oportet
3181 2514 3362 2581 enim,
3376 2515 3545 2584 puto,

1894 2619 2229 2692 perfectum
2258 2614 2475 2679 virum,
2500 2610 2864 2685 prudentem
2895 2605 3145 2680 quidem
3174 2618 3308 2660 esse
3336 2600 3417 2658 ad
3443 2598 3551 2656 bo-

1897 2689 2066 2773 num,
2096 2704 2434 2778 simplicem
2481 2716 2622 2758 vero
2654 2698 2733 2763 ad
2784 2695 3037 2753 malum.
3080 2694 3226 2750 Hinc
3270 2689 3430 2747 velut
3477 2702 3551 2744 ex

1897 2796 2059 2855 fonte
2077 2794 2351 2869 quodam
2369 2791 2654 2849 hauriant
2669 2788 3024 2845 innocentes
3047 2782 3374 2839 salutarem
3394 2780 3553 2835 astu-

1899 2889 2066 2945 tiam.
2109 2886 2213 2941 Vir
2246 2883 2410 2940 enim
2453 2886 2691 2939 astutus
2721 2879 2977 2935 thronus
3007 2880 3092 2932 est
3120 2887 3324 2930 sensus
3345 2871 3414 2926 ³³.
3464 2870 3552 2939 Et,

1898 2978 2174 3042 Astutus,
2206 2973 2385 3030 matis
2432 2967 3011 3040 supervenientibus,
3053 2960 3364 3021 abscondit
3401 2959 3554 3023 se",

1831 3097 1872 3154 ο
1903 3070 1991 3135 Et,
2016 3065 2133 3134 Qui
2151 3066 2349 3121 autem
2371 3065 2541 3118 cavet
2564 3056 3074 3127 reprehensiones,
3095 3050 3356 3108 astutior
3384 3048 3552 3154 estf.

1902 3133 2002 3213 Est
2026 3133 2204 3226 igitur
2236 3148 2463 3207 astutia
2484 3147 2547 3204 id
2574 3161 2697 3220 quo
2727 3148 2991 3215 aguntur
3005 3140 3212 3198 omnia
3240 3151 3348 3226 per
3372 3133 3556 3192 artifi-

1902 3224 2132 3302 ciosam
2199 3237 2534 3314 quamdam
2593 3233 2975 3300 industriam,
3031 3224 3557 3303 quemadmodum

1902 3332 2384 3392 maleﬁcium‘est
2415 3327 2479 3384 id
2515 3341 2638 3400 quo
2668 3322 2901 3380 malum
2928 3319 3126 3377 solum
3155 3318 3553 3390 perpetretur.

1905 3422 2201 3491 Quoniam
2219 3419 2399 3490 igitur
2418 3414 2574 3472 actio
2591 3411 2789 3471 omnis
2807 3411 2870 3467 in
2890 3412 3156 3475 astutum
3180 3405 3354 3477 108
3375 3401 3559 3475 cadit,

1902 3514 2165 3584 itemque
2194 3509 2279 3565 ita
2304 3504 2591 3563 omnibus
2622 3500 2784 3559 mala
2813 3498 3157 3565 occurrunt,
3187 3495 3310 3550 duo
3336 3491 3560 3563 signiﬁ-

1905 3606 2002 3659 cat
2030 3578 2212 3656 astuti
2246 3610 2493 3652 nomen.
2519 3595 2583 3648 Et
2602 3590 2708 3664 qui
2727 3588 2978 3663 quidem
2995 3586 3060 3641 in
3086 3584 3341 3640 aliorum
3361 3578 3558 3654 perni—

1906 3691 2058 3748 ciem
2080 3686 2321 3744 solertia
2340 3688 2396 3740 et
2417 3680 2668 3739 artiﬁcio
2697 3678 2902 3745 utitur,
2925 3672 3122 3731 malus
3147 3676 3264 3741 est;
3290 3670 3396 3744 qui
3420 3682 3559 3725 vero

1906 3782 2175 3836 actutum
2202 3791 2273 3832 ac
2300 3771 2634 3847 prudenter
2662 3767 2843 3825 suum
2866 3764 3057 3838 ipsius
3086 3762 3320 3819 bonum
3345 3759 3560 3831 depre-

1906 3868 2201 3931 hendens,
2244 3846 2439 3920 noxas
2482 3858 2692 3916 dolose
2732 3872 2804 3914 ac
2842 3853 3127 3912 insidiose
3160 3848 3277 3905 sibi
3319 3847 3399 3905 ab
3430 3846 3563 3902 aliis

1907 3959 2281 4033 praeparatas
2301 3951 2501 4022 evitat,
2527 3951 2617 4005 est
2636 3950 2873 4003 astutus
2893 3942 3070 3999 laude
3089 3940 3332 4011 dignus.
3356 3940 3562 4009 Itaque

1910 4026 1989 4106 ad
2016 4026 2228 4102 vocem
2250 4039 2485 4098 astutiae
2516 4037 2790 4094 animum
2819 4032 3132 4100 diligenter
3158 4026 3432 4091 attende;
3456 4039 3562 4080 no-

1908 4137 2186 4207 verisque
2232 4129 2504 4188 medium
2546 4122 2882 4199 quemdam
2928 4136 3059 4176 esse
3105 4116 3404 4180 habitum,
3442 4128 3565 4187 quo

1911 4226 2059 4285 alter
2086 4204 2338 4298 quidem
2369 4217 2590 4276 astutia
2618 4231 2693 4271 ex
2723 4228 2877 4269 sano
2897 4209 3146 4267 consilio
3168 4222 3317 4263 usus
3346 4204 3410 4261 in
3436 4218 3566 4260 rem

202 4324 400 4393 suam,
431 4328 491 4379 et
518 4321 777 4395 proximi
820 4336 990 4391 usus,
1018 4318 1368 4376 laudandus
1395 4321 1521 4376 est:
1557 4317 1707 4375 alter
1731 4334 1875 4378 vero
1902 4295 2212 4390 ipsam—ad
2240 4308 2499 4385 proximi
2527 4303 2858 4380 perniciem
2895 4299 3216 4366 adhibens,
3240 4295 3569 4370 reprehen-

206 4414 361 4470 sioni
389 4414 456 4469 ﬁt
483 4410 809 4480 obnoxius,
840 4413 906 4466 ut
927 4409 1033 4482 qui
1061 4408 1361 4466 industria
1385 4425 1496 4467 sua
1521 4424 1633 4467 ceu
1655 4407 1927 4482 quadam
1954 4402 2248 4479 perdendi
2269 4398 2588 4457 occasione
2621 4397 2844 4450 utatur.

282 4541 366 4594 l2.
407 4536 624 4614 Πλὴρης
652 4531 711 4588 δέ
747 4536 777 4593 ἡ
814 4535 1020 4607 ἱστορία
1061 4540 1157 4596 τῆς
1202 4531 1274 4605 ἐφ’
1306 4532 1525 4607 ἐκατερα
1562 4536 1811 4607 χρήσεως
1849 4534 1892 4588 D

278 4701 323 4735 "
365 4699 522 4756 Psal.
562 4713 697 4765 xxv,
734 4699 820 4752 tt.
898 4696 944 4730 ²⁹
987 4693 1140 4750 Psal.
1168 4708 1391 4760 Lxxmt,
1438 4696 1520 4749 13.

209 4787 303 4841 ιιι,
336 4772 429 4827 23.
511 4770 560 4804 ”
597 4771 768 4825 Prov.
812 4782 982 4833 xxvn,
1032 4771 1112 4822 t2.
1189 4766 1237 4801 ³³
1278 4767 1444 4820 Prov.
1487 4780 1575 4835 xv,
1622 4768 1674 4820 5.

281 4921 394 4997 (ἔνι)
434 4919 628 4997 βάἱιὶο
657 4922 913 4990 utraque
939 4921 996 4997 ct
1024 4915 1188 4997 Colb.
1207 4913 1535 4997 primusoﬁ
1558 4917 1810 4997 stagnosi

215 4986 297 5044 sit
322 4986 495 5064 ἁγαθὰ
537 4998 648 5052 τοῖς
696 4986 1060 5064 πορευομένοις
1103 4986 1153 5039 ἐν
1197 4986 1413 5056 ἀκακία.
1446 4989 1517 5039 At
1558 4986 1699 5052 Reg.
1730 5000 1817 5039 se-

216 5058 447 5119 candus
499 5070 556 5117 et
616 5058 782 5117 Colb’.
844 5058 1052 5115 tertius
1115 5073 1227 5130 pro
1294 5064 1404 5118 τοῖς
1458 5058 1820 5129 πορευομένοις

219 5134 443 5215 habent
473 5137 596 5215 τοὺς
639 5136 1034 5215 πορευομένους,
1059 5128 1225 5215 quod
1260 5142 1476 5215 sanum
1508 5128 1563 5181 et
1603 5141 1818 5207 verum

216 5206 434 5274 judico.
467 5196 853 5261 Gramm'atic'i
886 5204 1046 5274 enim
1081 5196 1306 5255 docent
1333 5199 1488 5253 duos
1526 5196 1820 5274 accusati-

221 5267 322 5331 ves
348 5294 486 5333 cum
514 5276 712 5331 verbis
738 5272 1018 5347 privandi
1046 5286 1173 5347 n_on_
1190 5286 1326 5347 raro
1357 5267 1623 5340 reperiri.
1651 5267 1816 5324 Colb.

224 5350 520 5404 secundus
563 5347 669 5419 οὐχ
714 5340 1007 5419 ὗσττρήσει
1039 5345 1104 5419 re};
1152 5340 1325 5412 ἀγαθὰ
1375 5347 1490 5419 τοῖς
1530 5343 1817 5419 πορευομέ-

223 5438 343 5499 νοις,
373 5426 483 5476 etc.
510 5410 669 5499 ‘non'
689 5410 1035 5499 prohibehit
1074 5410 1229 5499 oena
1264 5410 1729 5499 am‘buta‘ntibus
1755 5411 1818 5466 in

226 5481 559 5548 maerentia
580 5507 604 5560 ,·
631 5481 744 5545 nec
770 5487 945 5543 aliter
971 5485 1197 5560 Ιιεεὶιυιξ
1206 5481 1386 5560 apud
1401 5484 1553 5560 rbXX.

290 5566 397 5633 (55)
437 5551 593 5619 Editi
618 5564 806 5637 Κρίνόν
851 5577 936 5634 με,
971 5551 1145 5633 Κύριε.
1177 5551 1302 5613 γοα
1330 5552 1542 5611 ultima
1574 5551 1640 5611 in
1669 5568 1817 5608 mss.

1598 4693 1648 4729 ³ο
1688 4690 1838 4749 Psal.
1878 4705 2006 4759 xxv,
2043 4694 2092 4745 1.

2000 4530 2087 4587 t2.
2127 4502 2313 4583 Porro
2356 4523 2610 4594 hujusce
2663 4514 3037 4574 dexteritatis
3081 4528 3197 4571 usu
3246 4510 3429 4585 plena
3482 4510 3573 4565 est

3304 4674 3353 4709 ³³
3394 4673 3569 4728 Prov.

2169 4689 2214 4724 δι
2257 4682 2413 4742 Psal.
2449 4700 2546 4753 vn,
2580 4687 2632 4739 9.
2710 4682 2757 4717 ³³
2799 4682 2939 4738 Gen.
2982 4693 3107 4755 xgtv,
3135 4680 3228 4732 2‘7.

1921 4927 2045 4968 non
2072 4911 2402 4969 invenitur.

2353 4965 2560 5037 tertius
2593 4980 2650 5031 Ὀ
2663 4975 2859 5051 ξίακὼϐ
2887 4974 3153 5051 ἄπλαστος
3181 4965 3263 5051 ἦν,
3297 4966 3445 5051 (anei.

2629 5046 2716 5101 οὖν
2756 5051 2949 5121 ὥσπερ.
2984 5041 3131 5123 Illud
3167 5031 3268 5123 ‘06‘9
3416 5031 3573 5088 anti-

1925 5107 2811 5196 quisdeest,iidcircoque_eam
2844 5107 3121 5170 Voculam
3146 5107 3502 5196 delevimus.

1998 5198 2113 5263 (38)
2156 5180 2303 5251 Editi
2330 5200 2419 5247 καὶ
2443 5197 2501 5246 τό
2532 5180 2604 5263 τέὸ
2636 5187 2713 5244 δέ.
2747 5193 2991 5263 Arms.
3026 5180 3214 5263 nostri
3244 5192 3457 5259 omnes
3484 5180 3575 5263 καὶ

1926 5269 1952 5319 ό
1984 5250 2064 5321 si.
2098 5250 2198 5322 'Hic
2234 5268 2356 5321 1.xx
2388 5280 2497 5333 pro
2527 5261 2777 5333 ἐλέγχους
2813 5257 2996 5311 habet
3020 5251 3230 5333 ἐντολάς
3250 5250 3354 5321 qui
3383 5254 3577 5305 custo-

1926 5287 1952 5319 O
1984 5282 2064 5321 σε.
2098 5282 2198 5322 HIC
2234 5282 2356 5321 ωιλ
2433 5282 2497 5318 ΓΟ
2527 5282 2777 5333 εΑεγχους
2815 5282 2996 5311 nunc;
3020 5282 3224 5313 ενιυιευις
3250 5282 3352 5321 qui.

1925 5338 2012 5395 dit
2048 5339 2361 5394 mandata.
2388 5282 2643 5390 Basilius
2673 5334 2914 5386 secutus
2942 5334 3031 5381 est
3062 5322 3362 5395 Aquilam.

2444 5406 2811 5478 προαιρέσεως.
2849 5390 3267 5478 atquin—que
3319 5408 3464 5478 11388:;
3524 5390 3578 5444 ἐκ

1924 5462 2493 5553 πρξὸέῥεωςηοιιόριή
2519 5462 2699 5553 plane
2731 5462 3047 5553 sententia.
3082 5462 3311 5553 ibidem
3342 5462 3579 5522 Colber-

1926 5538 2032 5611 u'ni
2061 5549 2183 5607 duo
2203 5538 2343 5606 libri
2368 5538 2584 5623 ὠφελείᾳ
2612 5544 2821 5603 ἑαυτοῦ,
2862 5539 3016 5599 eam
3039 5538 3220 5597 αὐτοῦ.
