  <div class='ocr_page' id='page_1' title='image "/cluster/home/n/w/nwhite01/storage/ocr_20150623/31/hvd.32044048272629/211.png"; bbox 0 0 4076 6190; ppageno 0'>
   <div class='ocr_carea' id='block_1_1' title="bbox 498 246 597 304">
    <p class='ocr_par' dir='ltr' id='par_1_1' title="bbox 498 246 597 304">
     <span class='ocr_line' id='line_1_1' title="bbox 498 246 597 304; baseline -0.04 0"><span class='ocrx_word' id='word_1_1' title='bbox 498 246 597 304; x_wconf 70' lang='grc'><strong>411</strong></span> 
     </span>
    </p>
   </div>
   <div class='ocr_carea' id='block_1_2' title="bbox 1904 232 2508 293">
    <p class='ocr_par' dir='ltr' id='par_1_2' title="bbox 1904 232 2508 293">
     <span class='ocr_line' id='line_1_2' title="bbox 1904 232 2508 293; baseline -0.007 0"><span class='ocrx_word' id='word_1_2' title='bbox 1904 237 1962 293; x_wconf 92' lang='lat' dir='ltr'><strong>S.</strong></span> <span class='ocrx_word' id='word_1_3' title='bbox 2002 232 2251 291; x_wconf 79' lang='lat' dir='ltr'><strong>BASILII</strong></span> <span class='ocrx_word' id='word_1_4' title='bbox 2288 233 2508 289; x_wconf 82' lang='lat' dir='ltr'><strong>MAGNI</strong></span> 
     </span>
    </p>
   </div>
   <div class='ocr_carea' id='block_1_3' title="bbox 3752 236 3862 289">
    <p class='ocr_par' dir='ltr' id='par_1_3' title="bbox 3752 236 3862 289">
     <span class='ocr_line' id='line_1_3' title="bbox 3752 236 3862 289; baseline 0 0"><span class='ocrx_word' id='word_1_5' title='bbox 3752 236 3862 289; x_wconf 71' lang='lat' dir='ltr'><strong>M2</strong></span> 
     </span>
    </p>
   </div>
   <div class='ocr_carea' id='block_1_4' title="bbox 499 352 2159 436">
    <p class='ocr_par' dir='ltr' id='par_1_4' title="bbox 499 358 2157 436">
     <span class='ocr_line' id='line_1_4' title="bbox 499 358 2157 436; baseline -0.007 -11"><span class='ocrx_word' id='word_1_6' title='bbox 499 367 757 426; x_wconf 82' lang='lat' dir='ltr'><strong>historia</strong></span> <span class='ocrx_word' id='word_1_7' title='bbox 790 366 854 423; x_wconf 90' lang='lat' dir='ltr'><strong>in</strong></span> <span class='ocrx_word' id='word_1_8' title='bbox 893 367 1216 436; x_wconf 87' lang='lat' dir='ltr'><strong>utramque</strong></span> <span class='ocrx_word' id='word_1_9' title='bbox 1245 364 1503 435; x_wconf 89' lang='lat' dir='ltr'><strong>partem.</strong></span> <span class='ocrx_word' id='word_1_10' title='bbox 1530 360 1790 418; x_wconf 90' lang='lat' dir='ltr'><strong>Pulchra</strong></span> <span class='ocrx_word' id='word_1_11' title='bbox 1819 363 1905 417; x_wconf 91' lang='lat' dir='ltr'><strong>est</strong></span> <span class='ocrx_word' id='word_1_12' title='bbox 1933 358 2157 415; x_wconf 80' lang='lat' dir='ltr'><strong>astutia</strong></span> 
     </span>
    </p>
   </div>
   <div class='ocr_carea' id='block_1_5' title="bbox 2274 352 3864 436">
    <p class='ocr_par' dir='ltr' id='par_1_5' title="bbox 2274 352 3864 431">
     <span class='ocr_line' id='line_1_5' title="bbox 2274 352 3864 431; baseline -0.001 -22"><span class='ocrx_word' id='word_1_13' title='bbox 2274 364 2360 409; x_wconf 83' lang='grc' dir='ltr'>τοῦ</span> <span class='ocrx_word' id='word_1_14' title='bbox 2410 352 2843 431; x_wconf 83' lang='grc' dir='ltr'>ἐπιτηδεύματος.</span> <span class='ocrx_word' id='word_1_15' title='bbox 2901 356 3042 417; x_wconf 83' lang='grc' dir='ltr'>Καλὴ</span> <span class='ocrx_word' id='word_1_16' title='bbox 3109 360 3404 431; x_wconf 76' lang='grc' dir='ltr'><strong>πανουργία</strong></span> <span class='ocrx_word' id='word_1_17' title='bbox 3455 363 3555 409; x_wconf 87' lang='grc' dir='ltr'>τῶν</span> <span class='ocrx_word' id='word_1_18' title='bbox 3613 354 3864 431; x_wconf 80' lang='grc' dir='ltr'>Ἐϐραίων</span> 
     </span>
    </p>
   </div>
   <div class='ocr_carea' id='block_1_6' title="bbox 502 449 2156 527">
    <p class='ocr_par' dir='ltr' id='par_1_6' title="bbox 502 449 2156 527">
     <span class='ocr_line' id='line_1_6' title="bbox 502 449 2156 527; baseline -0.007 -12"><span class='ocrx_word' id='word_1_19' title='bbox 502 458 913 526; x_wconf 62' lang='lat' dir='ltr'><strong>Hebraeorum,</strong></span> <span class='ocrx_word' id='word_1_20' title='bbox 957 454 1083 527; x_wconf 87' lang='lat' dir='ltr'><strong>qui,</strong></span> <span class='ocrx_word' id='word_1_21' title='bbox 1141 451 1407 524; x_wconf 81' lang='lat' dir='ltr'><strong>deceptis</strong></span> <span class='ocrx_word' id='word_1_22' title='bbox 1436 451 1748 523; x_wconf 67' lang='lat' dir='ltr'><strong>Egyptiis,</strong></span> <span class='ocrx_word' id='word_1_23' title='bbox 1810 453 1878 506; x_wconf 90' lang='lat' dir='ltr'><strong>ut</strong></span> <span class='ocrx_word' id='word_1_24' title='bbox 1912 449 2156 505; x_wconf 85' lang='lat' dir='ltr'><strong>urbium</strong></span> 
     </span>
    </p>
   </div>
   <div class='ocr_carea' id='block_1_7' title="bbox 502 537 2160 614">
    <p class='ocr_par' dir='ltr' id='par_1_7' title="bbox 502 537 2160 614">
     <span class='ocr_line' id='line_1_7' title="bbox 502 537 2160 614; baseline -0.008 -9"><span class='ocrx_word' id='word_1_25' title='bbox 502 548 885 604; x_wconf 90' lang='lat' dir='ltr'><strong>conditarum</strong></span> <span class='ocrx_word' id='word_1_26' title='bbox 909 541 1252 600; x_wconf 86' lang='lat' dir='ltr'><strong>mercedem</strong></span> <span class='ocrx_word' id='word_1_27' title='bbox 1281 546 1640 614; x_wconf 87' lang='lat' dir='ltr'><strong>receperunt</strong></span> <span class='ocrx_word' id='word_1_28' title='bbox 1660 542 1730 608; x_wconf 74' lang='grc'><strong>³⁸,</strong></span> <span class='ocrx_word' id='word_1_29' title='bbox 1762 541 1844 597; x_wconf 87' lang='lat' dir='ltr'><strong>ita</strong></span> <span class='ocrx_word' id='word_1_30' title='bbox 1873 537 2160 596; x_wconf 91' lang='lat' dir='ltr'><strong>materias</strong></span> 
     </span>
    </p>
   </div>
   <div class='ocr_carea' id='block_1_8' title="bbox 504 629 2160 701">
    <p class='ocr_par' dir='ltr' id='par_1_8' title="bbox 504 629 2160 701">
     <span class='ocr_line' id='line_1_8' title="bbox 504 629 2160 701; baseline -0.008 -7"><span class='ocrx_word' id='word_1_31' title='bbox 504 636 584 694; x_wconf 91' lang='lat' dir='ltr'><strong>ad</strong></span> <span class='ocrx_word' id='word_1_32' title='bbox 635 632 1113 693; x_wconf 78' lang='lat' dir='ltr'><strong>tabernaculum</strong></span> <span class='ocrx_word' id='word_1_33' title='bbox 1153 630 1631 687; x_wconf 90' lang='lat' dir='ltr'><strong>construendum</strong></span> <span class='ocrx_word' id='word_1_34' title='bbox 1686 629 1795 685; x_wconf 88' lang='lat' dir='ltr'><strong>sibi</strong></span> <span class='ocrx_word' id='word_1_35' title='bbox 1845 642 2160 701; x_wconf 87' lang='lat' dir='ltr'><strong>compara-</strong></span> 
     </span>
    </p>
   </div>
   <div class='ocr_carea' id='block_1_9' title="bbox 501 718 2160 789">
    <p class='ocr_par' dir='ltr' id='par_1_9' title="bbox 501 718 2160 789">
     <span class='ocr_line' id='line_1_9' title="bbox 501 718 2160 789; baseline -0.006 -7"><span class='ocrx_word' id='word_1_36' title='bbox 501 728 663 782; x_wconf 98' lang='lat' dir='ltr'><strong>runt.</strong></span> <span class='ocrx_word' id='word_1_37' title='bbox 694 721 1098 780; x_wconf 87' lang='lat' dir='ltr'><strong>Laudabiliter</strong></span> <span class='ocrx_word' id='word_1_38' title='bbox 1127 720 1351 777; x_wconf 83' lang='lat' dir='ltr'><strong>astutia</strong></span> <span class='ocrx_word' id='word_1_39' title='bbox 1379 736 1504 776; x_wconf 79' lang='lat' dir='ltr'><strong>usae</strong></span> <span class='ocrx_word' id='word_1_40' title='bbox 1535 723 1678 776; x_wconf 79' lang='lat' dir='ltr'><strong>sunt</strong></span> <span class='ocrx_word' id='word_1_41' title='bbox 1704 718 1991 788; x_wconf 87' lang='lat' dir='ltr'><strong>nutrices,</strong></span> <span class='ocrx_word' id='word_1_42' title='bbox 2022 731 2160 789; x_wconf 73' lang='lat' dir='ltr'><strong>qum</strong></span> 
     </span>
    </p>
   </div>
   <div class='ocr_carea' id='block_1_10' title="bbox 503 808 2161 871">
    <p class='ocr_par' dir='ltr' id='par_1_10' title="bbox 503 808 2161 871">
     <span class='ocr_line' id='line_1_10' title="bbox 503 808 2161 871; baseline -0.006 1"><span class='ocrx_word' id='word_1_43' title='bbox 503 830 705 871; x_wconf 89' lang='lat' dir='ltr'><strong>mares</strong></span> <span class='ocrx_word' id='word_1_44' title='bbox 738 812 1128 868; x_wconf 70' lang='lat' dir='ltr'><strong>Hebraeorum</strong></span> <span class='ocrx_word' id='word_1_45' title='bbox 1163 825 1477 867; x_wconf 80' lang='lat' dir='ltr'><strong>servavere</strong></span> <span class='ocrx_word' id='word_1_46' title='bbox 1498 811 1566 865; x_wconf 81' lang='grc'><strong>⁸⁷.</strong></span> <span class='ocrx_word' id='word_1_47' title='bbox 1600 808 1857 866; x_wconf 87' lang='lat' dir='ltr'><strong>Pulchra</strong></span> <span class='ocrx_word' id='word_1_48' title='bbox 1885 812 1976 864; x_wconf 87' lang='lat' dir='ltr'><strong>est</strong></span> <span class='ocrx_word' id='word_1_49' title='bbox 2002 811 2161 863; x_wconf 86' lang='lat' dir='ltr'><strong>astu-</strong></span> 
     </span>
    </p>
   </div>
   <div class='ocr_carea' id='block_1_11' title="bbox 504 894 2160 973">
    <p class='ocr_par' dir='ltr' id='par_1_11' title="bbox 504 894 2160 973">
     <span class='ocr_line' id='line_1_11' title="bbox 504 894 2160 973; baseline -0.006 -13"><span class='ocrx_word' id='word_1_50' title='bbox 504 903 584 960; x_wconf 90' lang='lat' dir='ltr'><strong>tia</strong></span> <span class='ocrx_word' id='word_1_51' title='bbox 632 902 939 972; x_wconf 83' lang='lat' dir='ltr'><strong>Rebeccae,</strong></span> <span class='ocrx_word' id='word_1_52' title='bbox 988 916 1127 973; x_wconf 75' lang='lat' dir='ltr'><strong>quae</strong></span> <span class='ocrx_word' id='word_1_53' title='bbox 1171 898 1656 958; x_wconf 86' lang='lat' dir='ltr'><strong>benedictionem</strong></span> <span class='ocrx_word' id='word_1_54' title='bbox 1701 912 1994 967; x_wconf 83' lang='lat' dir='ltr'><strong>magnam</strong></span> <span class='ocrx_word' id='word_1_55' title='bbox 2036 894 2160 951; x_wconf 88' lang='lat' dir='ltr'><strong>ﬁlio</strong></span> 
     </span>
    </p>
   </div>
   <div class='ocr_carea' id='block_1_12' title="bbox 501 984 2160 1062">
    <p class='ocr_par' dir='ltr' id='par_1_12' title="bbox 501 984 2160 1062">
     <span class='ocr_line' id='line_1_12' title="bbox 501 984 2160 1062; baseline -0.005 -14"><span class='ocrx_word' id='word_1_56' title='bbox 501 990 841 1048; x_wconf 82' lang='lat' dir='ltr'><strong>conciliavit</strong></span> <span class='ocrx_word' id='word_1_57' title='bbox 858 991 929 1045; x_wconf 80' lang='grc'><strong>³⁸.</strong></span> <span class='ocrx_word' id='word_1_58' title='bbox 953 989 1164 1046; x_wconf 83' lang='lat' dir='ltr'><strong>Rahab</strong></span> <span class='ocrx_word' id='word_1_59' title='bbox 1190 988 1437 1062; x_wconf 88' lang='lat' dir='ltr'><strong>pulchre</strong></span> <span class='ocrx_word' id='word_1_60' title='bbox 1458 988 1567 1044; x_wconf 86' lang='lat' dir='ltr'><strong>fuit</strong></span> <span class='ocrx_word' id='word_1_61' title='bbox 1592 991 1792 1045; x_wconf 90' lang='lat' dir='ltr'><strong>astuta</strong></span> <span class='ocrx_word' id='word_1_62' title='bbox 1808 988 1886 1042; x_wconf 78' lang='lat'><strong>39:</strong></span> <span class='ocrx_word' id='word_1_63' title='bbox 1909 984 2160 1059; x_wconf 87' lang='lat' dir='ltr'><strong>pulchre</strong></span> 
     </span>
    </p>
   </div>
   <div class='ocr_carea' id='block_1_13' title="bbox 500 1074 2155 1150">
    <p class='ocr_par' dir='ltr' id='par_1_13' title="bbox 500 1074 2155 1150">
     <span class='ocr_line' id='line_1_13' title="bbox 500 1074 2155 1150; baseline -0.004 -13"><span class='ocrx_word' id='word_1_64' title='bbox 500 1080 712 1137; x_wconf 87' lang='lat' dir='ltr'><strong>itidem</strong></span> <span class='ocrx_word' id='word_1_65' title='bbox 743 1080 964 1136; x_wconf 87' lang='lat' dir='ltr'><strong>Rachel</strong></span> <span class='ocrx_word' id='word_1_66' title='bbox 981 1081 1049 1135; x_wconf 77' lang='lat'><strong>‘0.</strong></span> <span class='ocrx_word' id='word_1_67' title='bbox 1080 1078 1202 1150; x_wconf 89' lang='lat' dir='ltr'><strong>111a,</strong></span> <span class='ocrx_word' id='word_1_68' title='bbox 1231 1078 1399 1150; x_wconf 92' lang='lat' dir='ltr'><strong>quod</strong></span> <span class='ocrx_word' id='word_1_69' title='bbox 1427 1077 1837 1150; x_wconf 82' lang='lat' dir='ltr'><strong>exploratores</strong></span> <span class='ocrx_word' id='word_1_70' title='bbox 1867 1074 2155 1131; x_wconf 84' lang='lat' dir='ltr'><strong>servavit:</strong></span> 
     </span>
    </p>
   </div>
   <div class='ocr_carea' id='block_1_14' title="bbox 500 1163 2161 1243">
    <p class='ocr_par' dir='ltr' id='par_1_14' title="bbox 500 1163 2161 1243">
     <span class='ocr_line' id='line_1_14' title="bbox 500 1163 2161 1243; baseline -0.005 -17"><span class='ocrx_word' id='word_1_71' title='bbox 500 1169 632 1226; x_wconf 74' lang='lat' dir='ltr'><strong>hzec</strong></span> <span class='ocrx_word' id='word_1_72' title='bbox 658 1169 825 1243; x_wconf 91' lang='lat' dir='ltr'><strong>quod</strong></span> <span class='ocrx_word' id='word_1_73' title='bbox 858 1172 1094 1240; x_wconf 84' lang='lat' dir='ltr'><strong>patrem</strong></span> <span class='ocrx_word' id='word_1_74' title='bbox 1120 1167 1368 1239; x_wconf 88' lang='lat' dir='ltr'><strong>decepit,</strong></span> <span class='ocrx_word' id='word_1_75' title='bbox 1393 1171 1450 1223; x_wconf 89' lang='lat' dir='ltr'><strong>et</strong></span> <span class='ocrx_word' id='word_1_76' title='bbox 1475 1166 1553 1222; x_wconf 91' lang='lat' dir='ltr'><strong>ab</strong></span> <span class='ocrx_word' id='word_1_77' title='bbox 1582 1165 1922 1222; x_wconf 87' lang='lat' dir='ltr'><strong>idololatria</strong></span> <span class='ocrx_word' id='word_1_78' title='bbox 1947 1163 2161 1219; x_wconf 83' lang='lat' dir='ltr'><strong>libera-</strong></span> 
     </span>
    </p>
   </div>
   <div class='ocr_carea' id='block_1_15' title="bbox 501 1255 2161 1327">
    <p class='ocr_par' dir='ltr' id='par_1_15' title="bbox 501 1255 2161 1327">
     <span class='ocr_line' id='line_1_15' title="bbox 501 1255 2161 1327; baseline -0.004 -12"><span class='ocrx_word' id='word_1_79' title='bbox 501 1258 606 1317; x_wconf 90' lang='lat' dir='ltr'><strong>vit.</strong></span> <span class='ocrx_word' id='word_1_80' title='bbox 640 1263 713 1315; x_wconf 85' lang='lat' dir='ltr'><strong>At</strong></span> <span class='ocrx_word' id='word_1_81' title='bbox 750 1273 894 1313; x_wconf 89' lang='lat' dir='ltr'><strong>vero</strong></span> <span class='ocrx_word' id='word_1_82' title='bbox 939 1256 1285 1313; x_wconf 81' lang='lat' dir='ltr'><strong>Gabaonitee</strong></span> <span class='ocrx_word' id='word_1_83' title='bbox 1315 1256 1608 1312; x_wconf 90' lang='lat' dir='ltr'><strong>adversus</strong></span> <span class='ocrx_word' id='word_1_84' title='bbox 1646 1255 1940 1311; x_wconf 88' lang='lat' dir='ltr'><strong>Israelitas</strong></span> <span class='ocrx_word' id='word_1_85' title='bbox 1978 1267 2161 1327; x_wconf 90' lang='lat' dir='ltr'><strong>prave</strong></span> 
     </span>
    </p>
   </div>
   <div class='ocr_carea' id='block_1_16' title="bbox 504 1341 2161 1415">
    <p class='ocr_par' dir='ltr' id='par_1_16' title="bbox 504 1341 2161 1415">
     <span class='ocr_line' id='line_1_16' title="bbox 504 1341 2161 1415; baseline -0.005 -10"><span class='ocrx_word' id='word_1_86' title='bbox 504 1348 688 1405; x_wconf 83' lang='lat' dir='ltr'><strong>astuti</strong></span> <span class='ocrx_word' id='word_1_87' title='bbox 716 1346 993 1403; x_wconf 82' lang='lat' dir='ltr'><strong>exstitere</strong></span> <span class='ocrx_word' id='word_1_88' title='bbox 1011 1347 1080 1401; x_wconf 65' lang='grc' dir='ltr'>ιι.</span> <span class='ocrx_word' id='word_1_89' title='bbox 1114 1344 1265 1403; x_wconf 85' lang='lat' dir='ltr'><strong>Mala</strong></span> <span class='ocrx_word' id='word_1_90' title='bbox 1289 1346 1400 1401; x_wconf 89' lang='lat' dir='ltr'><strong>fuit</strong></span> <span class='ocrx_word' id='word_1_91' title='bbox 1430 1345 1653 1401; x_wconf 87' lang='lat' dir='ltr'><strong>astutia</strong></span> <span class='ocrx_word' id='word_1_92' title='bbox 1681 1342 2023 1412; x_wconf 81' lang='lat' dir='ltr'><strong>Absalonis,</strong></span> <span class='ocrx_word' id='word_1_93' title='bbox 2055 1341 2161 1415; x_wconf 87' lang='lat' dir='ltr'><strong>qui</strong></span> 
     </span>
    </p>
   </div>
   <div class='ocr_carea' id='block_1_17' title="bbox 505 1431 2162 1507">
    <p class='ocr_par' dir='ltr' id='par_1_17' title="bbox 505 1431 2162 1507">
     <span class='ocr_line' id='line_1_17' title="bbox 505 1431 2162 1507; baseline -0.004 -15"><span class='ocrx_word' id='word_1_94' title='bbox 505 1435 887 1492; x_wconf 82' lang='lat' dir='ltr'><strong>simulatione</strong></span> <span class='ocrx_word' id='word_1_95' title='bbox 927 1434 1225 1507; x_wconf 77' lang='lat' dir='ltr'><strong>aequitatis</strong></span> <span class='ocrx_word' id='word_1_96' title='bbox 1272 1434 1515 1507; x_wconf 79' lang='lat' dir='ltr'><strong>pellexit</strong></span> <span class='ocrx_word' id='word_1_97' title='bbox 1558 1433 1852 1503; x_wconf 90' lang='lat' dir='ltr'><strong>subditos,</strong></span> <span class='ocrx_word' id='word_1_98' title='bbox 1885 1448 1957 1488; x_wconf 89' lang='lat' dir='ltr'><strong>ac</strong></span> <span class='ocrx_word' id='word_1_99' title='bbox 2003 1431 2162 1504; x_wconf 90' lang='lat' dir='ltr'><strong>patri</strong></span> 
     </span>
    </p>
   </div>
   <div class='ocr_carea' id='block_1_18' title="bbox 503 1522 2158 1594">
    <p class='ocr_par' dir='ltr' id='par_1_18' title="bbox 503 1522 2158 1594">
     <span class='ocr_line' id='line_1_18' title="bbox 503 1522 2158 1594; baseline -0.002 -14"><span class='ocrx_word' id='word_1_100' title='bbox 503 1524 896 1580; x_wconf 86' lang='lat' dir='ltr'><strong>insidiaturus</strong></span> <span class='ocrx_word' id='word_1_101' title='bbox 926 1538 1220 1592; x_wconf 85' lang='lat' dir='ltr'><strong>magnam</strong></span> <span class='ocrx_word' id='word_1_102' title='bbox 1248 1523 1563 1579; x_wconf 88' lang='lat' dir='ltr'><strong>rebellium</strong></span> <span class='ocrx_word' id='word_1_103' title='bbox 1594 1523 1833 1594; x_wconf 88' lang='lat' dir='ltr'><strong>copiam</strong></span> <span class='ocrx_word' id='word_1_104' title='bbox 1875 1522 2158 1591; x_wconf 70' lang='lat' dir='ltr'><strong>coegit&quot;.</strong></span> 
     </span>
    </p>
   </div>
   <div class='ocr_carea' id='block_1_19' title="bbox 504 1612 2162 1686">
    <p class='ocr_par' dir='ltr' id='par_1_19' title="bbox 504 1612 2162 1686">
     <span class='ocr_line' id='line_1_19' title="bbox 504 1612 2162 1686; baseline -0.002 -16"><span class='ocrx_word' id='word_1_105' title='bbox 504 1612 1048 1686; x_wconf 86' lang='lat' dir='ltr'><strong>Reprehenduntur</strong></span> <span class='ocrx_word' id='word_1_106' title='bbox 1072 1613 1255 1669; x_wconf 90' lang='lat' dir='ltr'><strong>etiam</strong></span> <span class='ocrx_word' id='word_1_107' title='bbox 1287 1612 1535 1685; x_wconf 90' lang='lat' dir='ltr'><strong>aliquid,</strong></span> <span class='ocrx_word' id='word_1_108' title='bbox 1564 1613 1733 1686; x_wconf 92' lang='lat' dir='ltr'><strong>quod</strong></span> <span class='ocrx_word' id='word_1_109' title='bbox 1760 1612 2002 1668; x_wconf 86' lang='lat' dir='ltr'><strong>inierint</strong></span> <span class='ocrx_word' id='word_1_110' title='bbox 2022 1626 2162 1667; x_wconf 88' lang='lat' dir='ltr'><strong>con-</strong></span> 
     </span>
    </p>
   </div>
   <div class='ocr_carea' id='block_1_20' title="bbox 2268 448 3867 523">
    <p class='ocr_par' dir='ltr' id='par_1_20' title="bbox 2268 448 3867 523">
     <span class='ocr_line' id='line_1_20' title="bbox 2268 448 3867 523; baseline -0.001 -26"><span class='ocrx_word' id='word_1_111' title='bbox 2268 450 2765 523; x_wconf 74' lang='grc' dir='ltr'>κατασοφισαμένων</span> <span class='ocrx_word' id='word_1_112' title='bbox 2812 451 2934 510; x_wconf 86' lang='grc' dir='ltr'>τούς</span> <span class='ocrx_word' id='word_1_113' title='bbox 2996 452 3331 523; x_wconf 82' lang='grc' dir='ltr'>Αἰγυπτίους,</span> <span class='ocrx_word' id='word_1_114' title='bbox 3389 449 3479 500; x_wconf 83' lang='grc' dir='ltr'>καὶ</span> <span class='ocrx_word' id='word_1_115' title='bbox 3529 448 3616 497; x_wconf 88' lang='grc' dir='ltr'><strong>τόν</strong></span> <span class='ocrx_word' id='word_1_116' title='bbox 3667 464 3722 498; x_wconf 79' lang='grc' dir='ltr'><strong>τε</strong></span> <span class='ocrx_word' id='word_1_117' title='bbox 3778 464 3867 517; x_wconf 86' lang='grc' dir='ltr'>μι-</span> 
     </span>
    </p>
   </div>
   <div class='ocr_carea' id='block_1_21' title="bbox 2271 533 3864 611">
    <p class='ocr_par' dir='ltr' id='par_1_21' title="bbox 2271 533 3864 611">
     <span class='ocr_line' id='line_1_21' title="bbox 2271 533 3864 611; baseline -0.001 -24"><span class='ocrx_word' id='word_1_118' title='bbox 2271 537 2394 589; x_wconf 86' lang='grc' dir='ltr'>σθόν</span> <span class='ocrx_word' id='word_1_119' title='bbox 2460 544 2556 598; x_wconf 79' lang='grc' dir='ltr'>τῆς</span> <span class='ocrx_word' id='word_1_120' title='bbox 2616 536 2867 611; x_wconf 80' lang='grc' dir='ltr'><strong>ἐργασίας</strong></span> <span class='ocrx_word' id='word_1_121' title='bbox 2929 544 3029 591; x_wconf 85' lang='grc' dir='ltr'>τῶν</span> <span class='ocrx_word' id='word_1_122' title='bbox 3088 536 3281 591; x_wconf 83' lang='grc' dir='ltr'>πολεων</span> <span class='ocrx_word' id='word_1_123' title='bbox 3313 538 3429 606; x_wconf 68' lang='grc'>(40)</span> <span class='ocrx_word' id='word_1_124' title='bbox 3480 533 3864 601; x_wconf 75' lang='grc' dir='ltr'>ἆπολάϐόντων,</span> 
     </span>
    </p>
   </div>
   <div class='ocr_carea' id='block_1_22' title="bbox 2267 625 3867 703">
    <p class='ocr_par' dir='ltr' id='par_1_22' title="bbox 2267 625 3867 703">
     <span class='ocr_line' id='line_1_22' title="bbox 2267 625 3867 703; baseline -0.001 -26"><span class='ocrx_word' id='word_1_125' title='bbox 2267 630 2357 678; x_wconf 81' lang='grc' dir='ltr'>καὶ</span> <span class='ocrx_word' id='word_1_126' title='bbox 2400 625 2524 688; x_wconf 79' lang='grc' dir='ltr'>ὕλας</span> <span class='ocrx_word' id='word_1_127' title='bbox 2577 626 2782 690; x_wconf 78' lang='grc' dir='ltr'><strong>ἑαυτοῖς</strong></span> <span class='ocrx_word' id='word_1_128' title='bbox 2809 632 2935 703; x_wconf 87' lang='grc' dir='ltr'>πρός</span> <span class='ocrx_word' id='word_1_129' title='bbox 2980 632 3074 686; x_wconf 76' lang='grc' dir='ltr'>τὴν</span> <span class='ocrx_word' id='word_1_130' title='bbox 3126 629 3320 685; x_wconf 77' lang='grc' dir='ltr'>σκηνὴν</span> <span class='ocrx_word' id='word_1_131' title='bbox 3371 628 3867 699; x_wconf 82' lang='grc' dir='ltr'>συμπορισαμένων.</span> 
     </span>
    </p>
   </div>
   <div class='ocr_carea' id='block_1_23' title="bbox 2270 714 3866 794">
    <p class='ocr_par' dir='ltr' id='par_1_23' title="bbox 2270 714 3866 794">
     <span class='ocr_line' id='line_1_23' title="bbox 2270 714 3866 794; baseline -0.003 -25"><span class='ocrx_word' id='word_1_132' title='bbox 2270 715 2573 778; x_wconf 82' lang='grc' dir='ltr'>Ἐπαινετῶς</span> <span class='ocrx_word' id='word_1_133' title='bbox 2647 716 3122 794; x_wconf 74' lang='grc' dir='ltr'>ἕπανουργεύσαντο</span> <span class='ocrx_word' id='word_1_134' title='bbox 3199 718 3254 768; x_wconf 87' lang='grc' dir='ltr'>αἱ</span> <span class='ocrx_word' id='word_1_135' title='bbox 3331 724 3487 789; x_wconf 80' lang='grc' dir='ltr'>μαῖαι</span> <span class='ocrx_word' id='word_1_136' title='bbox 3557 714 3866 789; x_wconf 74' lang='grc' dir='ltr'>περιποιού-</span> 
     </span>
    </p>
   </div>
   <div class='ocr_carea' id='block_1_24' title="bbox 2268 805 3870 885">
    <p class='ocr_par' dir='ltr' id='par_1_24' title="bbox 2268 805 3870 885">
     <span class='ocr_line' id='line_1_24' title="bbox 2268 805 3870 885; baseline -0.001 -27"><span class='ocrx_word' id='word_1_137' title='bbox 2268 824 2419 878; x_wconf 80' lang='grc' dir='ltr'>μεναι</span> <span class='ocrx_word' id='word_1_138' title='bbox 2483 809 2551 860; x_wconf 77' lang='grc' dir='ltr'>τὰ</span> <span class='ocrx_word' id='word_1_139' title='bbox 2623 806 2813 885; x_wconf 77' lang='grc' dir='ltr'>ἄρρενα</span> <span class='ocrx_word' id='word_1_140' title='bbox 2875 816 2974 859; x_wconf 86' lang='grc' dir='ltr'>τῶν</span> <span class='ocrx_word' id='word_1_141' title='bbox 3028 806 3295 881; x_wconf 80' lang='grc' dir='ltr'>Ἐϐραίων.</span> <span class='ocrx_word' id='word_1_142' title='bbox 3363 805 3503 864; x_wconf 81' lang='grc' dir='ltr'><strong>Καλή</strong></span> <span class='ocrx_word' id='word_1_143' title='bbox 3570 807 3870 876; x_wconf 71' lang='grc' dir='ltr'>πανουργία</span> 
     </span>
    </p>
   </div>
   <div class='ocr_carea' id='block_1_25' title="bbox 2267 892 3867 970">
    <p class='ocr_par' dir='ltr' id='par_1_25' title="bbox 2267 892 3867 970">
     <span class='ocr_line' id='line_1_25' title="bbox 2267 892 3867 970; baseline -0.002 -23"><span class='ocrx_word' id='word_1_144' title='bbox 2267 893 2533 957; x_wconf 73' lang='grc' dir='ltr'>Ῥεϐέκκας</span> <span class='ocrx_word' id='word_1_145' title='bbox 2587 901 2681 956; x_wconf 75' lang='grc' dir='ltr'>τὴν</span> <span class='ocrx_word' id='word_1_146' title='bbox 2732 896 2960 970; x_wconf 84' lang='grc' dir='ltr'>μεγάλην</span> <span class='ocrx_word' id='word_1_147' title='bbox 3010 897 3240 969; x_wconf 70' lang='grc' dir='ltr'>εὐλογίαν</span> <span class='ocrx_word' id='word_1_148' title='bbox 3298 903 3370 966; x_wconf 85' lang='grc' dir='ltr'>τῷ</span> <span class='ocrx_word' id='word_1_149' title='bbox 3426 896 3522 964; x_wconf 84' lang='grc' dir='ltr'><strong>υἱῷ</strong></span> <span class='ocrx_word' id='word_1_150' title='bbox 3572 892 3867 969; x_wconf 72' lang='grc' dir='ltr'>προξενούαο</span> 
     </span>
    </p>
   </div>
   <div class='ocr_carea' id='block_1_26' title="bbox 2272 981 3867 1062">
    <p class='ocr_par' dir='ltr' id='par_1_26' title="bbox 2272 981 3867 1062">
     <span class='ocr_line' id='line_1_26' title="bbox 2272 981 3867 1062; baseline -0.007 -19"><span class='ocrx_word' id='word_1_151' title='bbox 2272 1003 2371 1046; x_wconf 82' lang='grc' dir='ltr'><strong>σης</strong></span> <span class='ocrx_word' id='word_1_152' title='bbox 2418 987 2553 1056; x_wconf 81' lang='grc'>(41).</span> <span class='ocrx_word' id='word_1_153' title='bbox 2632 986 2811 1049; x_wconf 82' lang='grc' dir='ltr'>Καλῶς</span> <span class='ocrx_word' id='word_1_154' title='bbox 2885 985 3372 1062; x_wconf 70' lang='grc' dir='ltr'>ἐπανοφυργεύσατο</span> <span class='ocrx_word' id='word_1_155' title='bbox 3433 981 3591 1038; x_wconf 79' lang='grc' dir='ltr'>Ῥαάϐ</span> <span class='ocrx_word' id='word_1_156' title='bbox 3618 1003 3631 1016; x_wconf 69' lang='grc'><strong><em>⁸</em></strong></span> <span class='ocrx_word' id='word_1_157' title='bbox 3694 981 3867 1043; x_wconf 82' lang='grc' dir='ltr'>καλῶς</span> 
     </span>
    </p>
   </div>
   <div class='ocr_carea' id='block_1_27' title="bbox 2268 1072 3865 1150">
    <p class='ocr_par' dir='ltr' id='par_1_27' title="bbox 2268 1072 3865 1150">
     <span class='ocr_line' id='line_1_27' title="bbox 2268 1072 3865 1150; baseline -0.006 -17"><span class='ocrx_word' id='word_1_158' title='bbox 2268 1073 2491 1146; x_wconf 76' lang='grc' dir='ltr'>Ραχήλ·</span> <span class='ocrx_word' id='word_1_159' title='bbox 2540 1076 2570 1133; x_wconf 79' lang='grc' dir='ltr'><strong>ἠ</strong></span> <span class='ocrx_word' id='word_1_160' title='bbox 2630 1078 2719 1148; x_wconf 71' lang='grc' dir='ltr'>μὲν</span> <span class='ocrx_word' id='word_1_161' title='bbox 2771 1078 2889 1137; x_wconf 83' lang='grc' dir='ltr'>τοὺς</span> <span class='ocrx_word' id='word_1_162' title='bbox 2942 1079 3310 1138; x_wconf 73' lang='grc' dir='ltr'><strong>κατασκόπους</strong></span> <span class='ocrx_word' id='word_1_163' title='bbox 3365 1076 3784 1150; x_wconf 81' lang='grc' dir='ltr'>περισωσαμένη,</span> <span class='ocrx_word' id='word_1_164' title='bbox 3831 1072 3865 1131; x_wconf 79' lang='grc' dir='ltr'><strong>ἠ</strong></span> 
     </span>
    </p>
   </div>
   <div class='ocr_carea' id='block_1_28' title="bbox 2270 1158 3872 1239">
    <p class='ocr_par' dir='ltr' id='par_1_28' title="bbox 2270 1158 3872 1239">
     <span class='ocr_line' id='line_1_28' title="bbox 2270 1158 3872 1239; baseline -0.002 -23"><span class='ocrx_word' id='word_1_165' title='bbox 2270 1159 2330 1216; x_wconf 73' lang='grc' dir='ltr'><strong>δε</strong></span> <span class='ocrx_word' id='word_1_166' title='bbox 2381 1166 2468 1217; x_wconf 85' lang='grc' dir='ltr'><strong>τόν</strong></span> <span class='ocrx_word' id='word_1_167' title='bbox 2524 1169 2724 1238; x_wconf 80' lang='grc' dir='ltr'>πατέρα</span> <span class='ocrx_word' id='word_1_168' title='bbox 2770 1169 3254 1239; x_wconf 76' lang='grc' dir='ltr'>κατασοφισαμένη,</span> <span class='ocrx_word' id='word_1_169' title='bbox 3304 1169 3396 1217; x_wconf 84' lang='grc' dir='ltr'>καὶ</span> <span class='ocrx_word' id='word_1_170' title='bbox 3446 1171 3541 1224; x_wconf 88' lang='grc' dir='ltr'>τῆς</span> <span class='ocrx_word' id='word_1_171' title='bbox 3597 1158 3872 1215; x_wconf 80' lang='grc' dir='ltr'>εἰδωλολα-</span> 
     </span>
    </p>
   </div>
   <div class='ocr_carea' id='block_1_29' title="bbox 2267 1252 3870 1329">
    <p class='ocr_par' dir='ltr' id='par_1_29' title="bbox 2267 1252 3870 1329">
     <span class='ocr_line' id='line_1_29' title="bbox 2267 1252 3870 1329; baseline -0.001 -25"><span class='ocrx_word' id='word_1_172' title='bbox 2267 1255 2442 1326; x_wconf 86' lang='grc' dir='ltr'>τρείας</span> <span class='ocrx_word' id='word_1_173' title='bbox 2504 1252 2915 1327; x_wconf 79' lang='grc' dir='ltr'><strong>ἐλευθερώσασα.</strong></span> <span class='ocrx_word' id='word_1_174' title='bbox 2985 1260 3231 1329; x_wconf 84' lang='grc' dir='ltr'>Πονηρῶς</span> <span class='ocrx_word' id='word_1_175' title='bbox 3290 1252 3870 1327; x_wconf 79' lang='grc' dir='ltr'>κατεπανουργεύσαντο</span> 
     </span>
    </p>
   </div>
   <div class='ocr_carea' id='block_1_30' title="bbox 2268 1341 3874 1418">
    <p class='ocr_par' dir='ltr' id='par_1_30' title="bbox 2268 1341 3874 1418">
     <span class='ocr_line' id='line_1_30' title="bbox 2268 1341 3874 1418; baseline -0.002 -22"><span class='ocrx_word' id='word_1_176' title='bbox 2268 1346 2386 1403; x_wconf 81' lang='grc' dir='ltr'>τοὺς</span> <span class='ocrx_word' id='word_1_177' title='bbox 2429 1341 2761 1416; x_wconf 78' lang='grc' dir='ltr'>Ἰσραηλίτας</span> <span class='ocrx_word' id='word_1_178' title='bbox 2812 1347 2862 1397; x_wconf 84' lang='grc' dir='ltr'>οἱ</span> <span class='ocrx_word' id='word_1_179' title='bbox 2908 1344 3252 1402; x_wconf 76' lang='grc' dir='ltr'>Γαϐαωνῖται.</span> <span class='ocrx_word' id='word_1_180' title='bbox 3312 1344 3521 1418; x_wconf 85' lang='grc' dir='ltr'>Πονηρά</span> <span class='ocrx_word' id='word_1_181' title='bbox 3574 1345 3874 1414; x_wconf 74' lang='grc' dir='ltr'>πανουργία</span> 
     </span>
    </p>
   </div>
   <div class='ocr_carea' id='block_1_31' title="bbox 2270 1431 3875 1507">
    <p class='ocr_par' dir='ltr' id='par_1_31' title="bbox 2270 1431 3875 1507">
     <span class='ocr_line' id='line_1_31' title="bbox 2270 1431 3875 1507; baseline -0.002 -22"><span class='ocrx_word' id='word_1_182' title='bbox 2270 1439 2361 1485; x_wconf 79' lang='grc' dir='ltr'>τοῦ</span> <span class='ocrx_word' id='word_1_183' title='bbox 2434 1431 2775 1506; x_wconf 78' lang='grc' dir='ltr'>Ἀϐεσσαλώμ</span> <span class='ocrx_word' id='word_1_184' title='bbox 2846 1432 2895 1486; x_wconf 74' lang='grc' dir='ltr'>ἐν</span> <span class='ocrx_word' id='word_1_185' title='bbox 2963 1440 3208 1507; x_wconf 71' lang='grc' dir='ltr'>σχήματι</span> <span class='ocrx_word' id='word_1_186' title='bbox 3272 1432 3547 1492; x_wconf 75' lang='grc' dir='ltr'>ἓπιεικείκς</span> <span class='ocrx_word' id='word_1_187' title='bbox 3604 1433 3875 1503; x_wconf 72' lang='grc' dir='ltr'>ὑπαγομέο</span> 
     </span>
    </p>
   </div>
   <div class='ocr_carea' id='block_1_32' title="bbox 2269 1521 3953 1600">
    <p class='ocr_par' dir='ltr' id='par_1_32' title="bbox 2269 1521 3953 1600">
     <span class='ocr_line' id='line_1_32' title="bbox 2269 1521 3953 1600; baseline -0.001 -27"><span class='ocrx_word' id='word_1_188' title='bbox 2269 1541 2356 1574; x_wconf 91' lang='grc' dir='ltr'><strong>νου</strong></span> <span class='ocrx_word' id='word_1_189' title='bbox 2379 1523 2489 1592; x_wconf 78' lang='grc'><strong>(42)</strong></span> <span class='ocrx_word' id='word_1_190' title='bbox 2519 1526 2637 1583; x_wconf 82' lang='grc' dir='ltr'>τοὺς</span> <span class='ocrx_word' id='word_1_191' title='bbox 2685 1524 2967 1590; x_wconf 77' lang='grc' dir='ltr'>ὑπηκόους,</span> <span class='ocrx_word' id='word_1_192' title='bbox 3009 1527 3099 1576; x_wconf 82' lang='grc' dir='ltr'>καὶ</span> <span class='ocrx_word' id='word_1_193' title='bbox 3140 1523 3333 1584; x_wconf 86' lang='grc' dir='ltr'>πλῆθος</span> <span class='ocrx_word' id='word_1_194' title='bbox 3382 1521 3687 1576; x_wconf 80' lang='grc' dir='ltr'>ἀποστατῶν</span> <span class='ocrx_word' id='word_1_195' title='bbox 3750 1538 3879 1572; x_wconf 79' lang='grc' dir='ltr'>συν·-</span> <span class='ocrx_word' id='word_1_196' title='bbox 3938 1588 3953 1600; x_wconf 36' lang='grc'>⁸</span> 
     </span>
    </p>
   </div>
   <div class='ocr_carea' id='block_1_33' title="bbox 2271 1608 3880 1687">
    <p class='ocr_par' dir='ltr' id='par_1_33' title="bbox 2271 1608 3880 1687">
     <span class='ocr_line' id='line_1_33' title="bbox 2271 1608 3880 1687; baseline -0.002 -23"><span class='ocrx_word' id='word_1_197' title='bbox 2271 1613 2610 1687; x_wconf 85' lang='grc' dir='ltr'>αθροίσαντος</span> <span class='ocrx_word' id='word_1_198' title='bbox 2659 1612 2726 1673; x_wconf 85' lang='grc' dir='ltr'>εἰς</span> <span class='ocrx_word' id='word_1_199' title='bbox 2779 1610 3054 1671; x_wconf 79' lang='grc' dir='ltr'>ἐπιϐουλὴν</span> <span class='ocrx_word' id='word_1_200' title='bbox 3083 1619 3176 1664; x_wconf 83' lang='grc' dir='ltr'>τοῦ</span> <span class='ocrx_word' id='word_1_201' title='bbox 3233 1616 3450 1685; x_wconf 89' lang='grc' dir='ltr'>πατρός.</span> <span class='ocrx_word' id='word_1_202' title='bbox 3503 1608 3880 1682; x_wconf 84' lang='grc' dir='ltr'>Ἐγκαλοῦνται</span> 
     </span>
    </p>
   </div>
   <div class='ocr_carea' id='block_1_34' title="bbox 505 1697 2159 1777">
    <p class='ocr_par' dir='ltr' id='par_1_34' title="bbox 505 1701 2159 1776">
     <span class='ocr_line' id='line_1_34' title="bbox 505 1701 2159 1776; baseline 0 -17"><span class='ocrx_word' id='word_1_203' title='bbox 505 1702 706 1760; x_wconf 88' lang='lat' dir='ltr'><strong>silium</strong></span> <span class='ocrx_word' id='word_1_204' title='bbox 747 1708 1013 1760; x_wconf 89' lang='lat' dir='ltr'><strong>astutum</strong></span> <span class='ocrx_word' id='word_1_205' title='bbox 1061 1708 1119 1760; x_wconf 93' lang='lat' dir='ltr'><strong>et</strong></span> <span class='ocrx_word' id='word_1_206' title='bbox 1154 1703 1493 1774; x_wconf 89' lang='lat' dir='ltr'><strong>malignum</strong></span> <span class='ocrx_word' id='word_1_207' title='bbox 1525 1703 1588 1760; x_wconf 93' lang='lat' dir='ltr'><strong>in</strong></span> <span class='ocrx_word' id='word_1_208' title='bbox 1626 1702 1922 1776; x_wconf 88' lang='lat' dir='ltr'><strong>populum</strong></span> <span class='ocrx_word' id='word_1_209' title='bbox 1964 1701 2064 1757; x_wconf 90' lang='lat' dir='ltr'><strong>Dei</strong></span> <span class='ocrx_word' id='word_1_210' title='bbox 2090 1703 2159 1759; x_wconf 65' lang='grc' dir='ltr'><strong>ιδ.</strong></span> 
     </span>
    </p>
   </div>
   <div class='ocr_carea' id='block_1_35' title="bbox 2274 1697 3880 1777">
    <p class='ocr_par' dir='ltr' id='par_1_35' title="bbox 2274 1697 3880 1773">
     <span class='ocr_line' id='line_1_35' title="bbox 2274 1697 3880 1773; baseline -0.002 -20"><span class='ocrx_word' id='word_1_211' title='bbox 2274 1697 2331 1754; x_wconf 82' lang='grc' dir='ltr'>δέ</span> <span class='ocrx_word' id='word_1_212' title='bbox 2368 1720 2521 1769; x_wconf 86' lang='grc' dir='ltr'>τινες,</span> <span class='ocrx_word' id='word_1_213' title='bbox 2551 1704 2615 1761; x_wconf 84' lang='grc' dir='ltr'>ὡς</span> <span class='ocrx_word' id='word_1_214' title='bbox 2657 1705 2748 1754; x_wconf 90' lang='grc' dir='ltr'><strong>καί</strong></span> <span class='ocrx_word' id='word_1_215' title='bbox 2791 1700 2878 1754; x_wconf 73' lang='grc' dir='ltr'><strong>ἐπὶ</strong></span> <span class='ocrx_word' id='word_1_216' title='bbox 2934 1705 3022 1754; x_wconf 90' lang='grc' dir='ltr'><strong>τόν</strong></span> <span class='ocrx_word' id='word_1_217' title='bbox 3051 1700 3171 1754; x_wconf 63' lang='grc' dir='ltr'>λαόν</span> <span class='ocrx_word' id='word_1_218' title='bbox 3201 1709 3294 1753; x_wconf 83' lang='grc' dir='ltr'>τοῦ</span> <span class='ocrx_word' id='word_1_219' title='bbox 3343 1708 3475 1755; x_wconf 77' lang='grc' dir='ltr'>Θεοῦ</span> <span class='ocrx_word' id='word_1_220' title='bbox 3513 1718 3880 1773; x_wconf 86' lang='grc' dir='ltr'>καταπανουρ-</span> 
     </span>
    </p>
   </div>
   <div class='ocr_carea' id='block_1_36' title="bbox 506 1791 2162 1865">
    <p class='ocr_par' dir='ltr' id='par_1_36' title="bbox 506 1791 2162 1865">
     <span class='ocr_line' id='line_1_36' title="bbox 506 1791 2162 1865; baseline -0.001 -16"><span class='ocrx_word' id='word_1_221' title='bbox 506 1794 797 1849; x_wconf 61' lang='lat' dir='ltr'><strong>Craterum</strong></span> <span class='ocrx_word' id='word_1_222' title='bbox 837 1792 953 1848; x_wconf 93' lang='lat' dir='ltr'><strong>hoc</strong></span> <span class='ocrx_word' id='word_1_223' title='bbox 995 1792 1130 1849; x_wconf 93' lang='lat' dir='ltr'><strong>loco</strong></span> <span class='ocrx_word' id='word_1_224' title='bbox 1161 1792 1467 1859; x_wconf 85' lang='lat' dir='ltr'><strong>astutiam,</strong></span> <span class='ocrx_word' id='word_1_225' title='bbox 1498 1807 1636 1865; x_wconf 73' lang='lat' dir='ltr'><strong>quae</strong></span> <span class='ocrx_word' id='word_1_226' title='bbox 1669 1791 1885 1848; x_wconf 89' lang='lat' dir='ltr'><strong>utiliter</strong></span> <span class='ocrx_word' id='word_1_227' title='bbox 1914 1791 2162 1847; x_wconf 83' lang='lat' dir='ltr'><strong>adhibe-</strong></span> 
     </span>
    </p>
   </div>
   <div class='ocr_carea' id='block_1_37' title="bbox 505 1880 2162 1954">
    <p class='ocr_par' dir='ltr' id='par_1_37' title="bbox 505 1880 2162 1954">
     <span class='ocr_line' id='line_1_37' title="bbox 505 1880 2162 1954; baseline -0.001 -17"><span class='ocrx_word' id='word_1_228' title='bbox 505 1884 624 1951; x_wconf 90' lang='lat' dir='ltr'><strong>tur,</strong></span> <span class='ocrx_word' id='word_1_229' title='bbox 656 1881 960 1953; x_wconf 89' lang='lat' dir='ltr'><strong>Scriptura</strong></span> <span class='ocrx_word' id='word_1_230' title='bbox 987 1881 1224 1954; x_wconf 86' lang='lat' dir='ltr'><strong>probat,</strong></span> <span class='ocrx_word' id='word_1_231' title='bbox 1256 1897 1396 1938; x_wconf 90' lang='lat' dir='ltr'><strong>cum</strong></span> <span class='ocrx_word' id='word_1_232' title='bbox 1425 1881 1499 1937; x_wconf 90' lang='lat' dir='ltr'><strong>sit</strong></span> <span class='ocrx_word' id='word_1_233' title='bbox 1526 1882 1704 1954; x_wconf 88' lang='lat' dir='ltr'><strong>quasi</strong></span> <span class='ocrx_word' id='word_1_234' title='bbox 1743 1885 2053 1937; x_wconf 87' lang='lat' dir='ltr'><strong>armatura</strong></span> <span class='ocrx_word' id='word_1_235' title='bbox 2082 1880 2162 1936; x_wconf 89' lang='lat' dir='ltr'><strong>ad</strong></span> 
     </span>
    </p>
   </div>
   <div class='ocr_carea' id='block_1_38' title="bbox 505 1969 2163 2044">
    <p class='ocr_par' dir='ltr' id='par_1_38' title="bbox 505 1969 2163 2044">
     <span class='ocr_line' id='line_1_38' title="bbox 505 1969 2163 2044; baseline -0.001 -17"><span class='ocrx_word' id='word_1_236' title='bbox 505 1970 644 2027; x_wconf 60' lang='lat' dir='ltr'><strong>vita;</strong></span> <span class='ocrx_word' id='word_1_237' title='bbox 683 1970 948 2041; x_wconf 89' lang='lat' dir='ltr'><strong>negotia,</strong></span> <span class='ocrx_word' id='word_1_238' title='bbox 990 1975 1171 2043; x_wconf 91' lang='lat' dir='ltr'><strong>atque</strong></span> <span class='ocrx_word' id='word_1_239' title='bbox 1214 1987 1320 2044; x_wconf 91' lang='lat' dir='ltr'><strong>per</strong></span> <span class='ocrx_word' id='word_1_240' title='bbox 1363 1971 1624 2043; x_wconf 88' lang='lat' dir='ltr'><strong>seipsam</strong></span> <span class='ocrx_word' id='word_1_241' title='bbox 1667 1971 1907 2027; x_wconf 88' lang='lat' dir='ltr'><strong>animas</strong></span> <span class='ocrx_word' id='word_1_242' title='bbox 1933 1969 2163 2043; x_wconf 86' lang='lat' dir='ltr'><strong>simpli-</strong></span> 
     </span>
    </p>
   </div>
   <div class='ocr_carea' id='block_1_39' title="bbox 509 2058 2162 2116">
    <p class='ocr_par' dir='ltr' id='par_1_39' title="bbox 509 2058 2162 2116">
     <span class='ocr_line' id='line_1_39' title="bbox 509 2058 2162 2116; baseline 0 -2"><span class='ocrx_word' id='word_1_243' title='bbox 509 2059 739 2115; x_wconf 90' lang='lat' dir='ltr'><strong>ciorum</strong></span> <span class='ocrx_word' id='word_1_244' title='bbox 789 2059 1183 2116; x_wconf 88' lang='lat' dir='ltr'><strong>communiat.</strong></span> <span class='ocrx_word' id='word_1_245' title='bbox 1225 2062 1378 2116; x_wconf 88' lang='lat' dir='ltr'><strong>Nam</strong></span> <span class='ocrx_word' id='word_1_246' title='bbox 1424 2060 1583 2116; x_wconf 89' lang='lat' dir='ltr'><strong>hanc</strong></span> <span class='ocrx_word' id='word_1_247' title='bbox 1631 2059 1911 2115; x_wconf 87' lang='lat' dir='ltr'><strong>astutiam</strong></span> <span class='ocrx_word' id='word_1_248' title='bbox 1958 2058 2009 2114; x_wconf 90' lang='lat' dir='ltr'><strong>si</strong></span> <span class='ocrx_word' id='word_1_249' title='bbox 2055 2059 2162 2114; x_wconf 87' lang='lat' dir='ltr'><strong>ha-</strong></span> 
     </span>
    </p>
   </div>
   <div class='ocr_carea' id='block_1_40' title="bbox 508 2145 2163 2221">
    <p class='ocr_par' dir='ltr' id='par_1_40' title="bbox 508 2145 2163 2221">
     <span class='ocr_line' id='line_1_40' title="bbox 508 2145 2163 2221; baseline 0 -18"><span class='ocrx_word' id='word_1_250' title='bbox 508 2146 739 2205; x_wconf 89' lang='lat' dir='ltr'><strong>buisset</strong></span> <span class='ocrx_word' id='word_1_251' title='bbox 800 2151 943 2220; x_wconf 86' lang='lat' dir='ltr'><strong>Eva,</strong></span> <span class='ocrx_word' id='word_1_252' title='bbox 990 2149 1282 2221; x_wconf 86' lang='lat' dir='ltr'><strong>serpentis</strong></span> <span class='ocrx_word' id='word_1_253' title='bbox 1340 2147 1494 2204; x_wconf 90' lang='lat' dir='ltr'><strong>dolis</strong></span> <span class='ocrx_word' id='word_1_254' title='bbox 1553 2148 1761 2204; x_wconf 91' lang='lat' dir='ltr'><strong>seduci</strong></span> <span class='ocrx_word' id='word_1_255' title='bbox 1813 2145 1935 2205; x_wconf 80' lang='lat' dir='ltr'><strong>non</strong></span> <span class='ocrx_word' id='word_1_256' title='bbox 1990 2148 2163 2204; x_wconf 81' lang='lat' dir='ltr'><strong>facile</strong></span> 
     </span>
    </p>
   </div>
   <div class='ocr_carea' id='block_1_41' title="bbox 507 2236 2167 2311">
    <p class='ocr_par' dir='ltr' id='par_1_41' title="bbox 507 2236 2167 2311">
     <span class='ocr_line' id='line_1_41' title="bbox 507 2236 2167 2311; baseline 0.001 -20"><span class='ocrx_word' id='word_1_257' title='bbox 507 2236 819 2308; x_wconf 91' lang='lat' dir='ltr'><strong>potuisset.</strong></span> <span class='ocrx_word' id='word_1_258' title='bbox 869 2241 1260 2293; x_wconf 90' lang='lat' dir='ltr'><strong>lnnoccntem</strong></span> <span class='ocrx_word' id='word_1_259' title='bbox 1311 2237 1515 2307; x_wconf 83' lang='lat' dir='ltr'><strong>igitur,</strong></span> <span class='ocrx_word' id='word_1_260' title='bbox 1562 2238 1689 2311; x_wconf 88' lang='lat' dir='ltr'><strong>qui,</strong></span> <span class='ocrx_word' id='word_1_261' title='bbox 1736 2237 1904 2310; x_wconf 92' lang='lat' dir='ltr'><strong>quod</strong></span> <span class='ocrx_word' id='word_1_262' title='bbox 1961 2236 2167 2293; x_wconf 89' lang='lat' dir='ltr'><strong>credat</strong></span> 
     </span>
    </p>
   </div>
   <div class='ocr_carea' id='block_1_42' title="bbox 511 2325 2165 2398">
    <p class='ocr_par' dir='ltr' id='par_1_42' title="bbox 511 2325 2165 2398">
     <span class='ocr_line' id='line_1_42' title="bbox 511 2325 2165 2398; baseline -0.001 -18"><span class='ocrx_word' id='word_1_263' title='bbox 511 2326 780 2381; x_wconf 83' lang='lat' dir='ltr'><strong>sermoni</strong></span> <span class='ocrx_word' id='word_1_264' title='bbox 821 2325 995 2381; x_wconf 88' lang='lat' dir='ltr'><strong>facile</strong></span> <span class='ocrx_word' id='word_1_265' title='bbox 1026 2330 1227 2382; x_wconf 90' lang='lat' dir='ltr'><strong>mente</strong></span> <span class='ocrx_word' id='word_1_266' title='bbox 1259 2326 1683 2398; x_wconf 87' lang='lat' dir='ltr'><strong>corrumpitur,</strong></span> <span class='ocrx_word' id='word_1_267' title='bbox 1706 2325 1979 2382; x_wconf 87' lang='lat' dir='ltr'><strong>doctrina</strong></span> <span class='ocrx_word' id='word_1_268' title='bbox 2007 2326 2165 2395; x_wconf 82' lang='lat' dir='ltr'><strong>ejus-</strong></span> 
     </span>
    </p>
   </div>
   <div class='ocr_carea' id='block_1_43' title="bbox 509 2414 2166 2487">
    <p class='ocr_par' dir='ltr' id='par_1_43' title="bbox 509 2414 2166 2487">
     <span class='ocr_line' id='line_1_43' title="bbox 509 2414 2166 2487; baseline -0.001 -17"><span class='ocrx_word' id='word_1_269' title='bbox 509 2414 680 2470; x_wconf 91' lang='lat' dir='ltr'><strong>modi</strong></span> <span class='ocrx_word' id='word_1_270' title='bbox 706 2414 899 2471; x_wconf 89' lang='lat' dir='ltr'><strong>munit</strong></span> <span class='ocrx_word' id='word_1_271' title='bbox 929 2419 985 2470; x_wconf 93' lang='lat' dir='ltr'><strong>et</strong></span> <span class='ocrx_word' id='word_1_272' title='bbox 1029 2414 1420 2471; x_wconf 88' lang='lat' dir='ltr'><strong>corroborat:</strong></span> <span class='ocrx_word' id='word_1_273' title='bbox 1451 2414 1751 2487; x_wconf 88' lang='lat' dir='ltr'><strong>siquidem</strong></span> <span class='ocrx_word' id='word_1_274' title='bbox 1793 2415 2027 2472; x_wconf 67' lang='lat' dir='ltr'><strong>astutiae</strong></span> <span class='ocrx_word' id='word_1_275' title='bbox 2056 2414 2166 2471; x_wconf 89' lang='lat' dir='ltr'><strong>uti-</strong></span> 
     </span>
    </p>
   </div>
   <div class='ocr_carea' id='block_1_44' title="bbox 508 2502 2164 2579">
    <p class='ocr_par' dir='ltr' id='par_1_44' title="bbox 508 2502 2164 2579">
     <span class='ocr_line' id='line_1_44' title="bbox 508 2502 2164 2579; baseline -0.001 -16"><span class='ocrx_word' id='word_1_276' title='bbox 508 2502 735 2563; x_wconf 89' lang='lat' dir='ltr'><strong>litatem</strong></span> <span class='ocrx_word' id='word_1_277' title='bbox 768 2520 878 2564; x_wconf 89' lang='lat' dir='ltr'><strong>ceu</strong></span> <span class='ocrx_word' id='word_1_278' title='bbox 907 2504 1225 2578; x_wconf 90' lang='lat' dir='ltr'><strong>quoddam</strong></span> <span class='ocrx_word' id='word_1_279' title='bbox 1256 2505 1335 2562; x_wconf 88' lang='lat' dir='ltr'><strong>ad</strong></span> <span class='ocrx_word' id='word_1_280' title='bbox 1382 2505 1519 2563; x_wconf 77' lang='lat' dir='ltr'><strong>vitae</strong></span> <span class='ocrx_word' id='word_1_281' title='bbox 1560 2507 1803 2577; x_wconf 88' lang='lat' dir='ltr'><strong>negotia</strong></span> <span class='ocrx_word' id='word_1_282' title='bbox 1844 2507 2164 2579; x_wconf 74' lang='lat' dir='ltr'><strong>adiumen-</strong></span> 
     </span>
    </p>
   </div>
   <div class='ocr_carea' id='block_1_45' title="bbox 509 2594 1035 2668">
    <p class='ocr_par' dir='ltr' id='par_1_45' title="bbox 509 2594 1035 2668">
     <span class='ocr_line' id='line_1_45' title="bbox 509 2594 1035 2668; baseline 0 -16"><span class='ocrx_word' id='word_1_283' title='bbox 509 2598 639 2653; x_wconf 92' lang='lat' dir='ltr'><strong>tum</strong></span> <span class='ocrx_word' id='word_1_284' title='bbox 668 2594 724 2652; x_wconf 90' lang='lat' dir='ltr'><strong>ei</strong></span> <span class='ocrx_word' id='word_1_285' title='bbox 750 2594 1035 2668; x_wconf 87' lang='lat' dir='ltr'><strong>impertit.</strong></span> 
     </span>
    </p>
   </div>
   <div class='ocr_carea' id='block_1_46' title="bbox 585 2783 2164 2858">
    <p class='ocr_par' dir='ltr' id='par_1_46' title="bbox 585 2783 2164 2858">
     <span class='ocr_line' id='line_1_46' title="bbox 585 2783 2164 2858; baseline 0.003 -21"><span class='ocrx_word' id='word_1_286' title='bbox 585 2785 671 2839; x_wconf 84' lang='grc'>13.</span> <span class='ocrx_word' id='word_1_287' title='bbox 714 2783 1105 2855; x_wconf 84' lang='lat' dir='ltr'><strong>Consequens</strong></span> <span class='ocrx_word' id='word_1_288' title='bbox 1133 2786 1220 2840; x_wconf 91' lang='lat' dir='ltr'><strong>est</strong></span> <span class='ocrx_word' id='word_1_289' title='bbox 1262 2786 1327 2840; x_wconf 91' lang='lat' dir='ltr'><strong>ut</strong></span> <span class='ocrx_word' id='word_1_290' title='bbox 1369 2783 1823 2841; x_wconf 86' lang='lat' dir='ltr'><strong>consideremus</strong></span> <span class='ocrx_word' id='word_1_291' title='bbox 1852 2784 2164 2858; x_wconf 89' lang='lat' dir='ltr'><strong>quomodo</strong></span> 
     </span>
    </p>
   </div>
   <div class='ocr_carea' id='block_1_47' title="bbox 510 2870 2164 2944">
    <p class='ocr_par' dir='ltr' id='par_1_47' title="bbox 510 2870 2164 2944">
     <span class='ocr_line' id='line_1_47' title="bbox 510 2870 2164 2944; baseline 0.002 -18"><span class='ocrx_word' id='word_1_292' title='bbox 510 2886 702 2944; x_wconf 90' lang='lat' dir='ltr'><strong>puero</strong></span> <span class='ocrx_word' id='word_1_293' title='bbox 726 2870 936 2942; x_wconf 89' lang='lat' dir='ltr'><strong>juveni</strong></span> <span class='ocrx_word' id='word_1_294' title='bbox 968 2871 1070 2928; x_wconf 90' lang='lat' dir='ltr'><strong>det</strong></span> <span class='ocrx_word' id='word_1_295' title='bbox 1099 2888 1347 2929; x_wconf 88' lang='lat' dir='ltr'><strong>sensum</strong></span> <span class='ocrx_word' id='word_1_296' title='bbox 1377 2878 1435 2929; x_wconf 89' lang='lat' dir='ltr'><strong>et</strong></span> <span class='ocrx_word' id='word_1_297' title='bbox 1470 2873 1929 2944; x_wconf 83' lang='lat' dir='ltr'><strong>intelligentiam</strong></span> <span class='ocrx_word' id='word_1_298' title='bbox 1950 2876 2017 2930; x_wconf 78' lang='lat'><strong>“.</strong></span> <span class='ocrx_word' id='word_1_299' title='bbox 2047 2876 2164 2930; x_wconf 89' lang='lat' dir='ltr'><strong>Du-</strong></span> 
     </span>
    </p>
   </div>
   <div class='ocr_carea' id='block_1_48' title="bbox 509 2958 2168 3033">
    <p class='ocr_par' dir='ltr' id='par_1_48' title="bbox 509 2958 2168 3033">
     <span class='ocr_line' id='line_1_48' title="bbox 509 2958 2168 3033; baseline 0.002 -17"><span class='ocrx_word' id='word_1_300' title='bbox 509 2958 650 3032; x_wconf 82' lang='lat' dir='ltr'><strong>plex</strong></span> <span class='ocrx_word' id='word_1_301' title='bbox 681 2975 820 3015; x_wconf 92' lang='lat' dir='ltr'><strong>cum</strong></span> <span class='ocrx_word' id='word_1_302' title='bbox 851 2960 924 3015; x_wconf 91' lang='lat' dir='ltr'><strong>sit</strong></span> <span class='ocrx_word' id='word_1_303' title='bbox 950 2960 1155 3033; x_wconf 89' lang='lat' dir='ltr'><strong>homo,</strong></span> <span class='ocrx_word' id='word_1_304' title='bbox 1188 2965 1254 3017; x_wconf 89' lang='lat' dir='ltr'><strong>ut</strong></span> <span class='ocrx_word' id='word_1_305' title='bbox 1283 2963 1364 3018; x_wconf 91' lang='lat' dir='ltr'><strong>ait</strong></span> <span class='ocrx_word' id='word_1_306' title='bbox 1387 2962 1707 3032; x_wconf 81' lang='lat' dir='ltr'><strong>Apostolus</strong></span> <span class='ocrx_word' id='word_1_307' title='bbox 1730 2965 1796 3031; x_wconf 71' lang='grc'><strong>⁸⁵,</strong></span> <span class='ocrx_word' id='word_1_308' title='bbox 1829 2980 1987 3019; x_wconf 92' lang='lat' dir='ltr'><strong>unus</strong></span> <span class='ocrx_word' id='word_1_309' title='bbox 2009 2968 2168 3020; x_wconf 84' lang='lat' dir='ltr'><strong>exte-</strong></span> 
     </span>
    </p>
   </div>
   <div class='ocr_carea' id='block_1_49' title="bbox 510 3047 2245 3129">
    <p class='ocr_par' dir='ltr' id='par_1_49' title="bbox 510 3047 2245 3129">
     <span class='ocr_line' id='line_1_49' title="bbox 510 3047 2245 3129; baseline 0.002 -25"><span class='ocrx_word' id='word_1_310' title='bbox 510 3047 654 3117; x_wconf 91' lang='lat' dir='ltr'><strong>rior,</strong></span> <span class='ocrx_word' id='word_1_311' title='bbox 702 3047 947 3104; x_wconf 91' lang='lat' dir='ltr'><strong>interior</strong></span> <span class='ocrx_word' id='word_1_312' title='bbox 1000 3049 1184 3118; x_wconf 90' lang='lat' dir='ltr'><strong>alter;</strong></span> <span class='ocrx_word' id='word_1_313' title='bbox 1235 3066 1484 3107; x_wconf 89' lang='lat' dir='ltr'><strong>necesse</strong></span> <span class='ocrx_word' id='word_1_314' title='bbox 1530 3051 1706 3108; x_wconf 90' lang='lat' dir='ltr'><strong>nobis</strong></span> <span class='ocrx_word' id='word_1_315' title='bbox 1766 3057 1871 3123; x_wconf 89' lang='lat' dir='ltr'><strong>est,</strong></span> <span class='ocrx_word' id='word_1_316' title='bbox 1928 3057 2164 3109; x_wconf 69' lang='lat' dir='ltr'><strong>aetatem</strong></span> <span class='ocrx_word' id='word_1_317' title='bbox 2204 3073 2245 3129; x_wconf 71' lang='grc' dir='ltr'><strong>ρ</strong></span> 
     </span>
    </p>
   </div>
   <div class='ocr_carea' id='block_1_50' title="bbox 510 3137 2166 3214">
    <p class='ocr_par' dir='ltr' id='par_1_50' title="bbox 510 3137 2166 3214">
     <span class='ocr_line' id='line_1_50' title="bbox 510 3137 2166 3214; baseline 0.003 -22"><span class='ocrx_word' id='word_1_318' title='bbox 510 3137 712 3208; x_wconf 88' lang='lat' dir='ltr'><strong>etiam,</strong></span> <span class='ocrx_word' id='word_1_319' title='bbox 744 3142 868 3193; x_wconf 90' lang='lat' dir='ltr'><strong>tam</strong></span> <span class='ocrx_word' id='word_1_320' title='bbox 893 3140 1230 3195; x_wconf 89' lang='lat' dir='ltr'><strong>secundum</strong></span> <span class='ocrx_word' id='word_1_321' title='bbox 1261 3155 1402 3196; x_wconf 90' lang='lat' dir='ltr'><strong>eum</strong></span> <span class='ocrx_word' id='word_1_322' title='bbox 1433 3141 1539 3213; x_wconf 88' lang='lat' dir='ltr'><strong>qui</strong></span> <span class='ocrx_word' id='word_1_323' title='bbox 1564 3141 1950 3213; x_wconf 89' lang='lat' dir='ltr'><strong>conspicitur,</strong></span> <span class='ocrx_word' id='word_1_324' title='bbox 1976 3158 2166 3214; x_wconf 88' lang='lat' dir='ltr'><strong>quam</strong></span> 
     </span>
    </p>
   </div>
   <div class='ocr_carea' id='block_1_51' title="bbox 510 3225 2168 3303">
    <p class='ocr_par' dir='ltr' id='par_1_51' title="bbox 510 3225 2168 3303">
     <span class='ocr_line' id='line_1_51' title="bbox 510 3225 2168 3303; baseline 0.002 -20"><span class='ocrx_word' id='word_1_325' title='bbox 510 3225 849 3283; x_wconf 88' lang='lat' dir='ltr'><strong>secundum</strong></span> <span class='ocrx_word' id='word_1_326' title='bbox 889 3243 1028 3284; x_wconf 88' lang='lat' dir='ltr'><strong>eum</strong></span> <span class='ocrx_word' id='word_1_327' title='bbox 1058 3230 1162 3301; x_wconf 83' lang='lat' dir='ltr'><strong>qui</strong></span> <span class='ocrx_word' id='word_1_328' title='bbox 1190 3229 1252 3285; x_wconf 92' lang='lat' dir='ltr'><strong>in</strong></span> <span class='ocrx_word' id='word_1_329' title='bbox 1282 3230 1519 3286; x_wconf 90' lang='lat' dir='ltr'><strong>occulto</strong></span> <span class='ocrx_word' id='word_1_330' title='bbox 1550 3231 1913 3301; x_wconf 86' lang='lat' dir='ltr'><strong>intelligitur,</strong></span> <span class='ocrx_word' id='word_1_331' title='bbox 1944 3232 2168 3303; x_wconf 86' lang='lat' dir='ltr'><strong>pariter</strong></span> 
     </span>
    </p>
   </div>
   <div class='ocr_carea' id='block_1_52' title="bbox 510 3312 2167 3394">
    <p class='ocr_par' dir='ltr' id='par_1_52' title="bbox 510 3312 2167 3394">
     <span class='ocr_line' id='line_1_52' title="bbox 510 3312 2167 3394; baseline 0.002 -22"><span class='ocrx_word' id='word_1_332' title='bbox 510 3314 573 3372; x_wconf 90' lang='lat' dir='ltr'><strong>in</strong></span> <span class='ocrx_word' id='word_1_333' title='bbox 599 3321 853 3388; x_wconf 91' lang='lat' dir='ltr'><strong>utroque</strong></span> <span class='ocrx_word' id='word_1_334' title='bbox 883 3320 1177 3390; x_wconf 87' lang='lat' dir='ltr'><strong>accipere.</strong></span> <span class='ocrx_word' id='word_1_335' title='bbox 1204 3318 1405 3375; x_wconf 87' lang='lat' dir='ltr'><strong>Dicere</strong></span> <span class='ocrx_word' id='word_1_336' title='bbox 1436 3323 1638 3376; x_wconf 89' lang='lat' dir='ltr'><strong>autem</strong></span> <span class='ocrx_word' id='word_1_337' title='bbox 1672 3312 1927 3394; x_wconf 85' lang='lat' dir='ltr'><strong>puerum</strong></span> <span class='ocrx_word' id='word_1_338' title='bbox 1957 3336 2167 3376; x_wconf 90' lang='lat' dir='ltr'><strong>recens</strong></span> 
     </span>
    </p>
   </div>
   <div class='ocr_carea' id='block_1_53' title="bbox 511 3406 2166 3483">
    <p class='ocr_par' dir='ltr' id='par_1_53' title="bbox 511 3406 2166 3483">
     <span class='ocr_line' id='line_1_53' title="bbox 511 3406 2166 3483; baseline 0.004 -23"><span class='ocrx_word' id='word_1_339' title='bbox 511 3409 724 3461; x_wconf 88' lang='lat' dir='ltr'><strong>natum</strong></span> <span class='ocrx_word' id='word_1_340' title='bbox 745 3406 1122 3478; x_wconf 89' lang='lat' dir='ltr'><strong>corporalem</strong></span> <span class='ocrx_word' id='word_1_341' title='bbox 1150 3424 1393 3464; x_wconf 90' lang='lat' dir='ltr'><strong>sensum</strong></span> <span class='ocrx_word' id='word_1_342' title='bbox 1411 3408 1696 3483; x_wconf 89' lang='lat' dir='ltr'><strong>recipere,</strong></span> <span class='ocrx_word' id='word_1_343' title='bbox 1719 3410 2166 3483; x_wconf 90' lang='lat' dir='ltr'><strong>propemodum</strong></span> 
     </span>
    </p>
   </div>
   <div class='ocr_carea' id='block_1_54' title="bbox 513 3494 2168 3573">
    <p class='ocr_par' dir='ltr' id='par_1_54' title="bbox 513 3494 2168 3573">
     <span class='ocr_line' id='line_1_54' title="bbox 513 3494 2168 3573; baseline 0.004 -23"><span class='ocrx_word' id='word_1_344' title='bbox 513 3494 703 3550; x_wconf 90' lang='lat' dir='ltr'><strong>risum</strong></span> <span class='ocrx_word' id='word_1_345' title='bbox 725 3500 944 3553; x_wconf 91' lang='lat' dir='ltr'><strong>movet.</strong></span> <span class='ocrx_word' id='word_1_346' title='bbox 971 3498 1158 3563; x_wconf 89' lang='lat' dir='ltr'><strong>Quem</strong></span> <span class='ocrx_word' id='word_1_347' title='bbox 1186 3498 1347 3553; x_wconf 89' lang='lat' dir='ltr'><strong>enim</strong></span> <span class='ocrx_word' id='word_1_348' title='bbox 1371 3515 1618 3555; x_wconf 88' lang='lat' dir='ltr'><strong>sensum</strong></span> <span class='ocrx_word' id='word_1_349' title='bbox 1638 3498 1841 3570; x_wconf 87' lang='lat' dir='ltr'><strong>largiri</strong></span> <span class='ocrx_word' id='word_1_350' title='bbox 1860 3504 2057 3573; x_wconf 89' lang='lat' dir='ltr'><strong>potest</strong></span> <span class='ocrx_word' id='word_1_351' title='bbox 2074 3500 2168 3557; x_wconf 88' lang='lat' dir='ltr'><strong>hic</strong></span> 
     </span>
    </p>
   </div>
   <div class='ocr_carea' id='block_1_55' title="bbox 511 3581 2167 3659">
    <p class='ocr_par' dir='ltr' id='par_1_55' title="bbox 511 3581 2167 3659">
     <span class='ocr_line' id='line_1_55' title="bbox 511 3581 2167 3659; baseline 0.004 -21"><span class='ocrx_word' id='word_1_352' title='bbox 511 3581 683 3652; x_wconf 91' lang='lat' dir='ltr'><strong>liber,</strong></span> <span class='ocrx_word' id='word_1_353' title='bbox 717 3598 857 3639; x_wconf 91' lang='lat' dir='ltr'><strong>cum</strong></span> <span class='ocrx_word' id='word_1_354' title='bbox 884 3588 941 3640; x_wconf 92' lang='lat' dir='ltr'><strong>et</strong></span> <span class='ocrx_word' id='word_1_355' title='bbox 970 3585 1165 3656; x_wconf 90' lang='lat' dir='ltr'><strong>visus,</strong></span> <span class='ocrx_word' id='word_1_356' title='bbox 1197 3590 1254 3641; x_wconf 92' lang='lat' dir='ltr'><strong>et</strong></span> <span class='ocrx_word' id='word_1_357' title='bbox 1283 3585 1544 3652; x_wconf 85' lang='lat' dir='ltr'><strong>auditus,</strong></span> <span class='ocrx_word' id='word_1_358' title='bbox 1576 3591 1635 3644; x_wconf 91' lang='lat' dir='ltr'><strong>et</strong></span> <span class='ocrx_word' id='word_1_359' title='bbox 1671 3587 1949 3655; x_wconf 81' lang='lat' dir='ltr'><strong>olfactus,</strong></span> <span class='ocrx_word' id='word_1_360' title='bbox 1972 3592 2030 3644; x_wconf 91' lang='lat' dir='ltr'><strong>et</strong></span> <span class='ocrx_word' id='word_1_361' title='bbox 2059 3604 2167 3659; x_wconf 90' lang='lat' dir='ltr'><strong>gu-</strong></span> 
     </span>
    </p>
   </div>
   <div class='ocr_carea' id='block_1_56' title="bbox 513 3673 2169 3742">
    <p class='ocr_par' dir='ltr' id='par_1_56' title="bbox 513 3673 2169 3742">
     <span class='ocr_line' id='line_1_56' title="bbox 513 3673 2169 3742; baseline 0.005 -17"><span class='ocrx_word' id='word_1_362' title='bbox 513 3673 663 3740; x_wconf 88' lang='lat' dir='ltr'><strong>stus,</strong></span> <span class='ocrx_word' id='word_1_363' title='bbox 691 3676 747 3727; x_wconf 85' lang='lat' dir='ltr'><strong>et</strong></span> <span class='ocrx_word' id='word_1_364' title='bbox 777 3677 970 3729; x_wconf 89' lang='lat' dir='ltr'><strong>tactus</strong></span> <span class='ocrx_word' id='word_1_365' title='bbox 999 3674 1202 3730; x_wconf 87' lang='lat' dir='ltr'><strong>statim</strong></span> <span class='ocrx_word' id='word_1_366' title='bbox 1227 3674 1552 3731; x_wconf 91' lang='lat' dir='ltr'><strong>nobiscum</strong></span> <span class='ocrx_word' id='word_1_367' title='bbox 1573 3675 1851 3742; x_wconf 88' lang='lat' dir='ltr'><strong>edantur,</strong></span> <span class='ocrx_word' id='word_1_368' title='bbox 1870 3692 1981 3732; x_wconf 89' lang='lat' dir='ltr'><strong>nec</strong></span> <span class='ocrx_word' id='word_1_369' title='bbox 2003 3692 2169 3734; x_wconf 88' lang='lat' dir='ltr'><strong>acce-</strong></span> 
     </span>
    </p>
   </div>
   <div class='ocr_carea' id='block_1_57' title="bbox 512 3754 2168 3836">
    <p class='ocr_par' dir='ltr' id='par_1_57' title="bbox 512 3754 2168 3836">
     <span class='ocr_line' id='line_1_57' title="bbox 512 3754 2168 3836; baseline 0.005 -23"><span class='ocrx_word' id='word_1_370' title='bbox 512 3757 661 3815; x_wconf 88' lang='lat' dir='ltr'><strong>dant</strong></span> <span class='ocrx_word' id='word_1_371' title='bbox 681 3774 753 3815; x_wconf 85' lang='lat' dir='ltr'><strong>ex</strong></span> <span class='ocrx_word' id='word_1_372' title='bbox 773 3760 1068 3830; x_wconf 90' lang='lat' dir='ltr'><strong>doctrina,</strong></span> <span class='ocrx_word' id='word_1_373' title='bbox 1092 3763 1197 3819; x_wconf 85' lang='lat' dir='ltr'><strong>sed</strong></span> <span class='ocrx_word' id='word_1_374' title='bbox 1220 3754 1327 3836; x_wconf 87' lang='lat' dir='ltr'><strong>per</strong></span> <span class='ocrx_word' id='word_1_375' title='bbox 1345 3764 1458 3820; x_wconf 87' lang='lat' dir='ltr'><strong>hos</strong></span> <span class='ocrx_word' id='word_1_376' title='bbox 1480 3770 1697 3822; x_wconf 88' lang='lat' dir='ltr'><strong>natura</strong></span> <span class='ocrx_word' id='word_1_377' title='bbox 1718 3760 1944 3823; x_wconf 79' lang='lat' dir='ltr'><strong>animal</strong></span> <span class='ocrx_word' id='word_1_378' title='bbox 1965 3765 2168 3822; x_wconf 85' lang='lat' dir='ltr'><strong>absol-</strong></span> 
     </span>
    </p>
   </div>
   <div class='ocr_carea' id='block_1_58' title="bbox 510 3850 2167 3927">
    <p class='ocr_par' dir='ltr' id='par_1_58' title="bbox 510 3850 2167 3927">
     <span class='ocr_line' id='line_1_58' title="bbox 510 3850 2167 3927; baseline 0.004 -24"><span class='ocrx_word' id='word_1_379' title='bbox 510 3850 661 3905; x_wconf 88' lang='lat' dir='ltr'><strong>vat?</strong></span> <span class='ocrx_word' id='word_1_380' title='bbox 689 3851 890 3923; x_wconf 89' lang='lat' dir='ltr'><strong>Neque</strong></span> <span class='ocrx_word' id='word_1_381' title='bbox 916 3851 1099 3921; x_wconf 85' lang='lat' dir='ltr'><strong>igitur</strong></span> <span class='ocrx_word' id='word_1_382' title='bbox 1124 3866 1277 3926; x_wconf 90' lang='lat' dir='ltr'><strong>puer</strong></span> <span class='ocrx_word' id='word_1_383' title='bbox 1314 3855 1702 3927; x_wconf 89' lang='lat' dir='ltr'><strong>corporaliter</strong></span> <span class='ocrx_word' id='word_1_384' title='bbox 1739 3855 2167 3926; x_wconf 84' lang='lat' dir='ltr'><strong>intelligendus</strong></span> 
     </span>
    </p>
   </div>
   <div class='ocr_carea' id='block_1_59' title="bbox 511 3941 2167 4018">
    <p class='ocr_par' dir='ltr' id='par_1_59' title="bbox 511 3941 2167 4018">
     <span class='ocr_line' id='line_1_59' title="bbox 511 3941 2167 4018; baseline 0.005 -25"><span class='ocrx_word' id='word_1_385' title='bbox 511 3941 624 4018; x_wconf 69' lang='lat' dir='ltr'><strong>est,</strong></span> <span class='ocrx_word' id='word_1_386' title='bbox 653 3954 850 4012; x_wconf 89' lang='lat' dir='ltr'><strong>neque</strong></span> <span class='ocrx_word' id='word_1_387' title='bbox 878 3941 1037 3996; x_wconf 87' lang='lat' dir='ltr'><strong>ullus</strong></span> <span class='ocrx_word' id='word_1_388' title='bbox 1066 3958 1281 3998; x_wconf 91' lang='lat' dir='ltr'><strong>sensus</strong></span> <span class='ocrx_word' id='word_1_389' title='bbox 1308 3958 1380 3999; x_wconf 87' lang='lat' dir='ltr'><strong>ex</strong></span> <span class='ocrx_word' id='word_1_390' title='bbox 1411 3946 1814 4001; x_wconf 83' lang='lat' dir='ltr'><strong>enumeratis:</strong></span> <span class='ocrx_word' id='word_1_391' title='bbox 1841 3946 1946 4001; x_wconf 92' lang='lat' dir='ltr'><strong>sed</strong></span> <span class='ocrx_word' id='word_1_392' title='bbox 1976 3946 2050 4002; x_wconf 90' lang='lat' dir='ltr'><strong>de</strong></span> <span class='ocrx_word' id='word_1_393' title='bbox 2080 3946 2167 4001; x_wconf 89' lang='lat' dir='ltr'><strong>in-</strong></span> 
     </span>
    </p>
   </div>
   <div class='ocr_carea' id='block_1_60' title="bbox 512 4027 2165 4103">
    <p class='ocr_par' dir='ltr' id='par_1_60' title="bbox 512 4027 2165 4103">
     <span class='ocr_line' id='line_1_60' title="bbox 512 4027 2165 4103; baseline 0.005 -21"><span class='ocrx_word' id='word_1_394' title='bbox 512 4027 726 4084; x_wconf 89' lang='lat' dir='ltr'><strong>teriore</strong></span> <span class='ocrx_word' id='word_1_395' title='bbox 750 4028 997 4086; x_wconf 90' lang='lat' dir='ltr'><strong>homine</strong></span> <span class='ocrx_word' id='word_1_396' title='bbox 1020 4031 1389 4103; x_wconf 68' lang='lat' dir='ltr'><strong>accipiendae</strong></span> <span class='ocrx_word' id='word_1_397' title='bbox 1420 4036 1623 4090; x_wconf 82' lang='lat' dir='ltr'><strong>aetates</strong></span> <span class='ocrx_word' id='word_1_398' title='bbox 1649 4039 1807 4090; x_wconf 90' lang='lat' dir='ltr'><strong>sunt.</strong></span> <span class='ocrx_word' id='word_1_399' title='bbox 1840 4033 2165 4091; x_wconf 90' lang='lat' dir='ltr'><strong>Didicimus</strong></span> 
     </span>
    </p>
   </div>
   <div class='ocr_carea' id='block_1_61' title="bbox 512 4115 2164 4194">
    <p class='ocr_par' dir='ltr' id='par_1_61' title="bbox 512 4115 2164 4194">
     <span class='ocr_line' id='line_1_61' title="bbox 512 4115 2164 4194; baseline 0.005 -23"><span class='ocrx_word' id='word_1_400' title='bbox 512 4115 675 4172; x_wconf 90' lang='lat' dir='ltr'><strong>enim</strong></span> <span class='ocrx_word' id='word_1_401' title='bbox 717 4116 779 4172; x_wconf 91' lang='lat' dir='ltr'><strong>in</strong></span> <span class='ocrx_word' id='word_1_402' title='bbox 810 4118 1011 4174; x_wconf 87' lang='lat' dir='ltr'><strong>multis</strong></span> <span class='ocrx_word' id='word_1_403' title='bbox 1043 4121 1357 4192; x_wconf 64' lang='lat' dir='ltr'><strong>Scripturaa</strong></span> <span class='ocrx_word' id='word_1_404' title='bbox 1388 4122 1553 4193; x_wconf 89' lang='lat' dir='ltr'><strong>locis,</strong></span> <span class='ocrx_word' id='word_1_405' title='bbox 1582 4123 1913 4194; x_wconf 89' lang='lat' dir='ltr'><strong>quemdam</strong></span> <span class='ocrx_word' id='word_1_406' title='bbox 1944 4124 2164 4181; x_wconf 63' lang='lat' dir='ltr'><strong>animus</strong></span> 
     </span>
    </p>
   </div>
   <div class='ocr_carea' id='block_1_62' title="bbox 512 4207 2159 4286">
    <p class='ocr_par' dir='ltr' id='par_1_62' title="bbox 512 4207 2159 4286">
     <span class='ocr_line' id='line_1_62' title="bbox 512 4207 2159 4286; baseline 0.005 -25"><span class='ocrx_word' id='word_1_407' title='bbox 512 4208 738 4262; x_wconf 85' lang='lat' dir='ltr'><strong>statum</strong></span> <span class='ocrx_word' id='word_1_408' title='bbox 759 4207 1049 4279; x_wconf 90' lang='lat' dir='ltr'><strong>puerilem</strong></span> <span class='ocrx_word' id='word_1_409' title='bbox 1070 4223 1221 4275; x_wconf 90' lang='lat' dir='ltr'><strong>esse,</strong></span> <span class='ocrx_word' id='word_1_410' title='bbox 1236 4209 1418 4264; x_wconf 90' lang='lat' dir='ltr'><strong>alium</strong></span> <span class='ocrx_word' id='word_1_411' title='bbox 1439 4225 1567 4266; x_wconf 90' lang='lat' dir='ltr'><strong>esse</strong></span> <span class='ocrx_word' id='word_1_412' title='bbox 1589 4211 1867 4282; x_wconf 90' lang='lat' dir='ltr'><strong>ejusdem</strong></span> <span class='ocrx_word' id='word_1_413' title='bbox 1889 4213 2159 4286; x_wconf 83' lang='lat' dir='ltr'><strong>vigentis,</strong></span> 
     </span>
    </p>
   </div>
   <div class='ocr_carea' id='block_1_63' title="bbox 512 4294 2163 4369">
    <p class='ocr_par' dir='ltr' id='par_1_63' title="bbox 512 4294 2163 4369">
     <span class='ocr_line' id='line_1_63' title="bbox 512 4294 2163 4369; baseline 0.005 -18"><span class='ocrx_word' id='word_1_414' title='bbox 512 4294 699 4352; x_wconf 87' lang='lat' dir='ltr'><strong>alium</strong></span> <span class='ocrx_word' id='word_1_415' title='bbox 724 4296 857 4367; x_wconf 88' lang='lat' dir='ltr'><strong>jam</strong></span> <span class='ocrx_word' id='word_1_416' title='bbox 889 4296 1069 4354; x_wconf 88' lang='lat' dir='ltr'><strong>senis.</strong></span> <span class='ocrx_word' id='word_1_417' title='bbox 1104 4297 1278 4354; x_wconf 87' lang='lat' dir='ltr'><strong>Verbi</strong></span> <span class='ocrx_word' id='word_1_418' title='bbox 1303 4314 1511 4369; x_wconf 87' lang='lat' dir='ltr'><strong>causa,</strong></span> <span class='ocrx_word' id='word_1_419' title='bbox 1545 4301 1629 4357; x_wconf 92' lang='lat' dir='ltr'><strong>uti</strong></span> <span class='ocrx_word' id='word_1_420' title='bbox 1661 4317 1696 4357; x_wconf 90' lang='lat' dir='ltr'><strong>a</strong></span> <span class='ocrx_word' id='word_1_421' title='bbox 1726 4301 1908 4358; x_wconf 87' lang='lat' dir='ltr'><strong>Paulo</strong></span> <span class='ocrx_word' id='word_1_422' title='bbox 1938 4302 2163 4359; x_wconf 87' lang='lat' dir='ltr'><strong>fuimus</strong></span> 
     </span>
    </p>
   </div>
   <div class='ocr_carea' id='block_1_64' title="bbox 2269 1787 3879 1864">
    <p class='ocr_par' dir='ltr' id='par_1_64' title="bbox 2269 1787 3879 1864">
     <span class='ocr_line' id='line_1_64' title="bbox 2269 1787 3879 1864; baseline -0.001 -22"><span class='ocrx_word' id='word_1_423' title='bbox 2269 1792 2581 1863; x_wconf 64' lang='grc' dir='ltr'>γευσάμενοι</span> <span class='ocrx_word' id='word_1_424' title='bbox 2621 1796 2851 1864; x_wconf 85' lang='grc' dir='ltr'>γνώμην.</span> <span class='ocrx_word' id='word_1_425' title='bbox 2884 1790 3135 1844; x_wconf 80' lang='grc' dir='ltr'>Ἐνταῦθα</span> <span class='ocrx_word' id='word_1_426' title='bbox 3180 1795 3355 1864; x_wconf 64' lang='grc' dir='ltr'>μέντοι</span> <span class='ocrx_word' id='word_1_427' title='bbox 3408 1794 3503 1849; x_wconf 79' lang='grc' dir='ltr'>τὴν</span> <span class='ocrx_word' id='word_1_428' title='bbox 3534 1788 3610 1842; x_wconf 73' lang='grc' dir='ltr'><strong>ἐπ’</strong></span> <span class='ocrx_word' id='word_1_429' title='bbox 3658 1787 3879 1861; x_wconf 72' lang='grc' dir='ltr'>ὠφελείᾳ</span> 
     </span>
    </p>
   </div>
   <div class='ocr_carea' id='block_1_65' title="bbox 2268 1862 3875 1955">
    <p class='ocr_par' dir='ltr' id='par_1_65' title="bbox 2268 1862 3875 1955">
     <span class='ocr_line' id='line_1_65' title="bbox 2268 1862 3875 1955; baseline -0.002 -23"><span class='ocrx_word' id='word_1_430' title='bbox 2268 1878 2805 1955; x_wconf 76' lang='grc' dir='ltr'>παραλαμϐανομένην</span> <span class='ocrx_word' id='word_1_431' title='bbox 2888 1862 3299 1954; x_wconf 42' lang='grc' dir='ltr'>πανουργίαν-’ό</span> <span class='ocrx_word' id='word_1_432' title='bbox 3383 1878 3530 1951; x_wconf 89' lang='grc' dir='ltr'>λόγος</span> <span class='ocrx_word' id='word_1_433' title='bbox 3608 1877 3875 1952; x_wconf 78' lang='grc' dir='ltr'>ἐγκρίνει,</span> 
     </span>
    </p>
   </div>
   <div class='ocr_carea' id='block_1_66' title="bbox 2270 1966 3879 2045">
    <p class='ocr_par' dir='ltr' id='par_1_66' title="bbox 2270 1966 3879 2045">
     <span class='ocr_line' id='line_1_66' title="bbox 2270 1966 3879 2045; baseline -0.002 -21"><span class='ocrx_word' id='word_1_434' title='bbox 2270 1973 2423 2024; x_wconf 80' lang='grc' dir='ltr'>οἱονεὶ</span> <span class='ocrx_word' id='word_1_435' title='bbox 2460 1970 2614 2022; x_wconf 84' lang='grc' dir='ltr'>ὅπλον</span> <span class='ocrx_word' id='word_1_436' title='bbox 2656 1966 2816 2023; x_wconf 79' lang='grc' dir='ltr'>οὖσαν</span> <span class='ocrx_word' id='word_1_437' title='bbox 2854 1974 2983 2044; x_wconf 90' lang='grc' dir='ltr'>πρός</span> <span class='ocrx_word' id='word_1_438' title='bbox 3022 1972 3089 2022; x_wconf 82' lang='grc' dir='ltr'><strong>τὰ</strong></span> <span class='ocrx_word' id='word_1_439' title='bbox 3132 1978 3223 2023; x_wconf 84' lang='grc' dir='ltr'>τοῦ</span> <span class='ocrx_word' id='word_1_440' title='bbox 3273 1968 3393 2044; x_wconf 84' lang='grc' dir='ltr'>βίου</span> <span class='ocrx_word' id='word_1_441' title='bbox 3440 1969 3745 2045; x_wconf 88' lang='grc' dir='ltr'>πράγματα,</span> <span class='ocrx_word' id='word_1_442' title='bbox 3778 1970 3879 2021; x_wconf 81' lang='grc' dir='ltr'><strong>καὶ</strong></span> 
     </span>
    </p>
   </div>
   <div class='ocr_carea' id='block_1_67' title="bbox 2271 2056 3878 2133">
    <p class='ocr_par' dir='ltr' id='par_1_67' title="bbox 2271 2056 3878 2133">
     <span class='ocr_line' id='line_1_67' title="bbox 2271 2056 3878 2133; baseline 0 -22"><span class='ocrx_word' id='word_1_443' title='bbox 2271 2058 2575 2133; x_wconf 81' lang='grc' dir='ltr'>ὀχυροῦσαν</span> <span class='ocrx_word' id='word_1_444' title='bbox 2621 2056 2692 2112; x_wconf 84' lang='grc' dir='ltr'>δι’</span> <span class='ocrx_word' id='word_1_445' title='bbox 2738 2060 2921 2120; x_wconf 79' lang='grc' dir='ltr'>ἑαυτῆς</span> <span class='ocrx_word' id='word_1_446' title='bbox 2973 2062 3066 2122; x_wconf 84' lang='grc' dir='ltr'><strong>τὰς</strong></span> <span class='ocrx_word' id='word_1_447' title='bbox 3112 2059 3293 2132; x_wconf 76' lang='grc' dir='ltr'>ψυχὰς</span> <span class='ocrx_word' id='word_1_448' title='bbox 3338 2067 3438 2111; x_wconf 83' lang='grc' dir='ltr'>τῶν</span> <span class='ocrx_word' id='word_1_449' title='bbox 3486 2057 3878 2130; x_wconf 79' lang='grc' dir='ltr'>ἁπλουστέρων.</span> 
     </span>
    </p>
   </div>
   <div class='ocr_carea' id='block_1_68' title="bbox 2271 2144 3884 2224">
    <p class='ocr_par' dir='ltr' id='par_1_68' title="bbox 2271 2144 3884 2224">
     <span class='ocr_line' id='line_1_68' title="bbox 2271 2144 3884 2224; baseline -0.004 -21"><span class='ocrx_word' id='word_1_450' title='bbox 2271 2149 2331 2203; x_wconf 85' lang='grc' dir='ltr'>Εἰ</span> <span class='ocrx_word' id='word_1_451' title='bbox 2367 2151 2468 2223; x_wconf 84' lang='grc' dir='ltr'><strong>γὰρ</strong></span> <span class='ocrx_word' id='word_1_452' title='bbox 2520 2144 2631 2221; x_wconf 84' lang='grc' dir='ltr'>εἶχε</span> <span class='ocrx_word' id='word_1_453' title='bbox 2677 2154 2771 2208; x_wconf 82' lang='grc' dir='ltr'>τὴν</span> <span class='ocrx_word' id='word_1_454' title='bbox 2821 2154 3140 2224; x_wconf 82' lang='grc' dir='ltr'>πανουργίαν</span> <span class='ocrx_word' id='word_1_455' title='bbox 3186 2152 3381 2207; x_wconf 78' lang='grc' dir='ltr'>ταύτην</span> <span class='ocrx_word' id='word_1_456' title='bbox 3432 2150 3463 2206; x_wconf 81' lang='grc' dir='ltr'>ἡ</span> <span class='ocrx_word' id='word_1_457' title='bbox 3513 2149 3638 2213; x_wconf 78' lang='grc' dir='ltr'>Εὕα,</span> <span class='ocrx_word' id='word_1_458' title='bbox 3679 2146 3775 2198; x_wconf 79' lang='grc' dir='ltr'>οὐκ</span> <span class='ocrx_word' id='word_1_459' title='bbox 3814 2144 3884 2198; x_wconf 76' lang='grc' dir='ltr'>ἂν</span> 
     </span>
    </p>
   </div>
   <div class='ocr_carea' id='block_1_69' title="bbox 2275 2231 3883 2311">
    <p class='ocr_par' dir='ltr' id='par_1_69' title="bbox 2275 2231 3883 2311">
     <span class='ocr_line' id='line_1_69' title="bbox 2275 2231 3883 2311; baseline -0.003 -20"><span class='ocrx_word' id='word_1_460' title='bbox 2275 2238 2522 2299; x_wconf 74' lang='grc' dir='ltr'>εὐάλωτος</span> <span class='ocrx_word' id='word_1_461' title='bbox 2568 2239 2795 2311; x_wconf 77' lang='grc' dir='ltr'>ἐγεγόνει</span> <span class='ocrx_word' id='word_1_462' title='bbox 2835 2247 2948 2300; x_wconf 89' lang='grc' dir='ltr'>ταῖς</span> <span class='ocrx_word' id='word_1_463' title='bbox 2997 2237 3221 2300; x_wconf 77' lang='grc' dir='ltr'>ἀπάταις</span> <span class='ocrx_word' id='word_1_464' title='bbox 3267 2245 3360 2290; x_wconf 83' lang='grc' dir='ltr'>τοῦ</span> <span class='ocrx_word' id='word_1_465' title='bbox 3414 2241 3588 2310; x_wconf 71' lang='grc' dir='ltr'>ὄφεως.</span> <span class='ocrx_word' id='word_1_466' title='bbox 3634 2239 3732 2288; x_wconf 84' lang='grc' dir='ltr'>Τόν</span> <span class='ocrx_word' id='word_1_467' title='bbox 3786 2231 3883 2287; x_wconf 78' lang='grc' dir='ltr'>οὖν</span> 
     </span>
    </p>
   </div>
   <div class='ocr_carea' id='block_1_70' title="bbox 2273 2323 3884 2397">
    <p class='ocr_par' dir='ltr' id='par_1_70' title="bbox 2273 2323 3884 2397">
     <span class='ocr_line' id='line_1_70' title="bbox 2273 2323 3884 2397; baseline -0.003 -17"><span class='ocrx_word' id='word_1_468' title='bbox 2273 2328 2487 2395; x_wconf 74' lang='grc' dir='ltr'>ἄκακον,</span> <span class='ocrx_word' id='word_1_469' title='bbox 2520 2332 2607 2380; x_wconf 87' lang='grc' dir='ltr'><strong>τόν</strong></span> <span class='ocrx_word' id='word_1_470' title='bbox 2651 2324 2746 2381; x_wconf 82' lang='grc' dir='ltr'>διὰ</span> <span class='ocrx_word' id='word_1_471' title='bbox 2790 2331 2850 2380; x_wconf 89' lang='grc' dir='ltr'><strong>τό</strong></span> <span class='ocrx_word' id='word_1_472' title='bbox 2888 2329 3148 2380; x_wconf 77' lang='grc' dir='ltr'>πιστεύειν</span> <span class='ocrx_word' id='word_1_473' title='bbox 3196 2331 3352 2380; x_wconf 79' lang='grc' dir='ltr'>παντὶ</span> <span class='ocrx_word' id='word_1_474' title='bbox 3396 2325 3531 2397; x_wconf 79' lang='grc' dir='ltr'>λόγῳ</span> <span class='ocrx_word' id='word_1_475' title='bbox 3574 2323 3777 2377; x_wconf 73' lang='grc' dir='ltr'>εὔκολον</span> <span class='ocrx_word' id='word_1_476' title='bbox 3808 2323 3884 2384; x_wconf 83' lang='grc' dir='ltr'><strong>εἰς</strong></span> 
     </span>
    </p>
   </div>
   <div class='ocr_carea' id='block_1_71' title="bbox 2275 2410 3884 2493">
    <p class='ocr_par' dir='ltr' id='par_1_71' title="bbox 2275 2410 3884 2493">
     <span class='ocr_line' id='line_1_71' title="bbox 2275 2410 3884 2493; baseline -0.003 -22"><span class='ocrx_word' id='word_1_477' title='bbox 2275 2422 2333 2471; x_wconf 90' lang='grc' dir='ltr'><strong>τό</strong></span> <span class='ocrx_word' id='word_1_478' title='bbox 2375 2420 2634 2493; x_wconf 74' lang='grc' dir='ltr'>φθαρῆναι</span> <span class='ocrx_word' id='word_1_479' title='bbox 2680 2421 2746 2471; x_wconf 84' lang='grc' dir='ltr'>τὰ</span> <span class='ocrx_word' id='word_1_480' title='bbox 2791 2422 3047 2490; x_wconf 71' lang='grc' dir='ltr'>νοήματα,</span> <span class='ocrx_word' id='word_1_481' title='bbox 3089 2417 3282 2492; x_wconf 83' lang='grc' dir='ltr'>ὁχυροί</span> <span class='ocrx_word' id='word_1_482' title='bbox 3327 2417 3358 2475; x_wconf 76' lang='grc' dir='ltr'>ἡ</span> <span class='ocrx_word' id='word_1_483' title='bbox 3413 2418 3719 2489; x_wconf 81' lang='grc' dir='ltr'>προκειμένη</span> <span class='ocrx_word' id='word_1_484' title='bbox 3782 2410 3884 2466; x_wconf 82' lang='grc' dir='ltr'>δι-</span> 
     </span>
    </p>
   </div>
   <div class='ocr_carea' id='block_1_72' title="bbox 2275 2502 3883 2581">
    <p class='ocr_par' dir='ltr' id='par_1_72' title="bbox 2275 2502 3883 2581">
     <span class='ocr_line' id='line_1_72' title="bbox 2275 2502 3883 2581; baseline -0.002 -21"><span class='ocrx_word' id='word_1_485' title='bbox 2275 2503 2560 2575; x_wconf 81' lang='grc' dir='ltr'>δασκαλία,</span> <span class='ocrx_word' id='word_1_486' title='bbox 2603 2509 2708 2560; x_wconf 84' lang='grc' dir='ltr'>οἷον</span> <span class='ocrx_word' id='word_1_487' title='bbox 2768 2511 3084 2580; x_wconf 76' lang='grc' dir='ltr'>συμμαχίαν</span> <span class='ocrx_word' id='word_1_488' title='bbox 3133 2507 3274 2577; x_wconf 74' lang='grc' dir='ltr'>αὐτῷ</span> <span class='ocrx_word' id='word_1_489' title='bbox 3315 2509 3445 2581; x_wconf 89' lang='grc' dir='ltr'>πρός</span> <span class='ocrx_word' id='word_1_490' title='bbox 3488 2508 3555 2557; x_wconf 83' lang='grc' dir='ltr'>τὰ</span> <span class='ocrx_word' id='word_1_491' title='bbox 3604 2511 3695 2557; x_wconf 80' lang='grc' dir='ltr'>τοῦ</span> <span class='ocrx_word' id='word_1_492' title='bbox 3748 2502 3883 2577; x_wconf 82' lang='grc' dir='ltr'>βίου</span> 
     </span>
    </p>
   </div>
   <div class='ocr_carea' id='block_1_73' title="bbox 2272 2594 3886 2671">
    <p class='ocr_par' dir='ltr' id='par_1_73' title="bbox 2272 2594 3886 2671">
     <span class='ocr_line' id='line_1_73' title="bbox 2272 2594 3886 2671; baseline -0.002 -21"><span class='ocrx_word' id='word_1_493' title='bbox 2272 2599 2562 2671; x_wconf 89' lang='grc' dir='ltr'>πράγματα</span> <span class='ocrx_word' id='word_1_494' title='bbox 2607 2602 2700 2657; x_wconf 85' lang='grc' dir='ltr'>τὴν</span> <span class='ocrx_word' id='word_1_495' title='bbox 2750 2595 2806 2649; x_wconf 78' lang='grc' dir='ltr'>ἐκ</span> <span class='ocrx_word' id='word_1_496' title='bbox 2847 2605 2943 2659; x_wconf 86' lang='grc' dir='ltr'>τῆς</span> <span class='ocrx_word' id='word_1_497' title='bbox 2988 2600 3310 2670; x_wconf 83' lang='grc' dir='ltr'>πανουργίας</span> <span class='ocrx_word' id='word_1_498' title='bbox 3357 2594 3598 2669; x_wconf 70' lang='grc' dir='ltr'>ὠφέλειαν</span> <span class='ocrx_word' id='word_1_499' title='bbox 3644 2612 3886 2668; x_wconf 81' lang='grc' dir='ltr'>παρεχο-</span> 
     </span>
    </p>
   </div>
   <div class='ocr_carea' id='block_1_74' title="bbox 2272 2691 2421 2759">
    <p class='ocr_par' dir='ltr' id='par_1_74' title="bbox 2272 2691 2421 2759">
     <span class='ocr_line' id='line_1_74' title="bbox 2272 2691 2421 2759; baseline -0.02 -14"><span class='ocrx_word' id='word_1_500' title='bbox 2272 2691 2397 2759; x_wconf 81' lang='grc' dir='ltr'>μένη</span> <span class='ocrx_word' id='word_1_501' title='bbox 2410 2729 2421 2742; x_wconf 94' lang='grc'><strong>.</strong></span> 
     </span>
    </p>
   </div>
   <div class='ocr_carea' id='block_1_75' title="bbox 2348 2769 3882 2848">
    <p class='ocr_par' dir='ltr' id='par_1_75' title="bbox 2348 2769 3882 2848">
     <span class='ocr_line' id='line_1_75' title="bbox 2348 2769 3882 2848; baseline -0.005 -14"><span class='ocrx_word' id='word_1_502' title='bbox 2348 2781 2432 2834; x_wconf 85' lang='grc'>13.</span> <span class='ocrx_word' id='word_1_503' title='bbox 2474 2775 2619 2839; x_wconf 82' lang='grc' dir='ltr'><strong>Ἑξῆς</strong></span> <span class='ocrx_word' id='word_1_504' title='bbox 2644 2775 2784 2830; x_wconf 73' lang='grc' dir='ltr'>ἔστιν</span> <span class='ocrx_word' id='word_1_505' title='bbox 2814 2774 3221 2848; x_wconf 74' lang='grc' dir='ltr'>ἄπισκίψασθαι,</span> <span class='ocrx_word' id='word_1_506' title='bbox 3254 2783 3360 2837; x_wconf 85' lang='grc' dir='ltr'>πῶς</span> <span class='ocrx_word' id='word_1_507' title='bbox 3387 2770 3547 2828; x_wconf 78' lang='grc' dir='ltr'>παιδὶ</span> <span class='ocrx_word' id='word_1_508' title='bbox 3582 2777 3677 2846; x_wconf 76' lang='grc' dir='ltr'>νέῳ</span> <span class='ocrx_word' id='word_1_509' title='bbox 3699 2769 3882 2826; x_wconf 82' lang='grc' dir='ltr'>δίδω-</span> 
     </span>
    </p>
   </div>
   <div class='ocr_carea' id='block_1_76' title="bbox 2276 2861 3884 2938">
    <p class='ocr_par' dir='ltr' id='par_1_76' title="bbox 2276 2861 3884 2938">
     <span class='ocr_line' id='line_1_76' title="bbox 2276 2861 3884 2938; baseline -0.003 -18"><span class='ocrx_word' id='word_1_510' title='bbox 2276 2886 2358 2920; x_wconf 91' lang='grc' dir='ltr'><strong>σιν</strong></span> <span class='ocrx_word' id='word_1_511' title='bbox 2408 2868 2659 2925; x_wconf 83' lang='grc' dir='ltr'>αἴσθησιν</span> <span class='ocrx_word' id='word_1_512' title='bbox 2690 2871 2779 2918; x_wconf 84' lang='grc' dir='ltr'><strong>καὶ</strong></span> <span class='ocrx_word' id='word_1_513' title='bbox 2807 2868 3024 2921; x_wconf 73' lang='grc' dir='ltr'>ἔννοιαν.</span> <span class='ocrx_word' id='word_1_514' title='bbox 3050 2862 3260 2925; x_wconf 78' lang='grc' dir='ltr'>Ἐπειδὴ</span> <span class='ocrx_word' id='word_1_515' title='bbox 3303 2861 3517 2925; x_wconf 82' lang='grc' dir='ltr'>διπλοῦς</span> <span class='ocrx_word' id='word_1_516' title='bbox 3546 2865 3574 2916; x_wconf 94' lang='lat'><strong>6</strong></span> <span class='ocrx_word' id='word_1_517' title='bbox 3602 2865 3884 2938; x_wconf 84' lang='grc' dir='ltr'>ἅνθρωπος</span> 
     </span>
    </p>
   </div>
   <div class='ocr_carea' id='block_1_77' title="bbox 2274 2948 3884 3029">
    <p class='ocr_par' dir='ltr' id='par_1_77' title="bbox 2274 2948 3884 3029">
     <span class='ocr_line' id='line_1_77' title="bbox 2274 2948 3884 3029; baseline 0 -23"><span class='ocrx_word' id='word_1_518' title='bbox 2274 2956 2343 3018; x_wconf 83' lang='grc' dir='ltr'>ὥς</span> <span class='ocrx_word' id='word_1_519' title='bbox 2387 2976 2544 3029; x_wconf 76' lang='grc' dir='ltr'>φησιν</span> <span class='ocrx_word' id='word_1_520' title='bbox 2578 2958 2603 3009; x_wconf 97' lang='lat'><strong>6</strong></span> <span class='ocrx_word' id='word_1_521' title='bbox 2642 2956 2988 3017; x_wconf 81' lang='grc' dir='ltr'>Ἀπόστολος-</span> <span class='ocrx_word' id='word_1_522' title='bbox 3037 2957 3063 3008; x_wconf 89' lang='grc' dir='ltr'><strong>ό</strong></span> <span class='ocrx_word' id='word_1_523' title='bbox 3109 2958 3200 3028; x_wconf 81' lang='grc' dir='ltr'><strong>μίν</strong></span> <span class='ocrx_word' id='word_1_524' title='bbox 3246 2973 3323 3017; x_wconf 92' lang='grc' dir='ltr'><strong>τις</strong></span> <span class='ocrx_word' id='word_1_525' title='bbox 3368 2954 3546 3017; x_wconf 70' lang='grc' dir='ltr'>ἔξωθεν</span> <span class='ocrx_word' id='word_1_526' title='bbox 3602 2953 3689 3021; x_wconf 84' lang='grc' dir='ltr'>ὢν,</span> <span class='ocrx_word' id='word_1_527' title='bbox 3736 2954 3766 3005; x_wconf 87' lang='lat'><strong>6</strong></span> <span class='ocrx_word' id='word_1_528' title='bbox 3816 2948 3884 3006; x_wconf 60' lang='grc' dir='ltr'><strong>δε</strong></span> 
     </span>
    </p>
   </div>
   <div class='ocr_carea' id='block_1_78' title="bbox 2275 3041 3884 3121">
    <p class='ocr_par' dir='ltr' id='par_1_78' title="bbox 2275 3041 3884 3121">
     <span class='ocr_line' id='line_1_78' title="bbox 2275 3041 3884 3121; baseline -0.002 -24"><span class='ocrx_word' id='word_1_529' title='bbox 2275 3041 2498 3112; x_wconf 78' lang='grc' dir='ltr'>ἔνδοθεν,</span> <span class='ocrx_word' id='word_1_530' title='bbox 2531 3047 2666 3098; x_wconf 87' lang='grc' dir='ltr'>κατά</span> <span class='ocrx_word' id='word_1_531' title='bbox 2703 3064 2758 3099; x_wconf 80' lang='grc' dir='ltr'><strong>τε</strong></span> <span class='ocrx_word' id='word_1_532' title='bbox 2804 3048 2887 3098; x_wconf 90' lang='grc' dir='ltr'><strong>τόν</strong></span> <span class='ocrx_word' id='word_1_533' title='bbox 2935 3046 3207 3121; x_wconf 83' lang='grc' dir='ltr'>ὁρώμενον,</span> <span class='ocrx_word' id='word_1_534' title='bbox 3237 3048 3328 3097; x_wconf 91' lang='grc' dir='ltr'><strong>καί</strong></span> <span class='ocrx_word' id='word_1_535' title='bbox 3368 3045 3504 3096; x_wconf 87' lang='grc' dir='ltr'>κατὰ</span> <span class='ocrx_word' id='word_1_536' title='bbox 3523 3044 3659 3114; x_wconf 78' lang='grc'><strong>(42⁶)</strong></span> <span class='ocrx_word' id='word_1_537' title='bbox 3693 3046 3783 3094; x_wconf 87' lang='grc' dir='ltr'>τὸν</span> <span class='ocrx_word' id='word_1_538' title='bbox 3823 3041 3884 3094; x_wconf 72' lang='grc' dir='ltr'>ἄν</span> 
     </span>
    </p>
   </div>
   <div class='ocr_carea' id='block_1_79' title="bbox 2273 3131 3887 3210">
    <p class='ocr_par' dir='ltr' id='par_1_79' title="bbox 2273 3131 3887 3210">
     <span class='ocr_line' id='line_1_79' title="bbox 2273 3131 3887 3210; baseline -0.002 -22"><span class='ocrx_word' id='word_1_539' title='bbox 2273 3143 2347 3206; x_wconf 80' lang='grc' dir='ltr'>τῷ</span> <span class='ocrx_word' id='word_1_540' title='bbox 2395 3143 2623 3210; x_wconf 83' lang='grc' dir='ltr'>κρυπτῷ,</span> <span class='ocrx_word' id='word_1_541' title='bbox 2658 3138 2948 3209; x_wconf 79' lang='grc' dir='ltr'>νοούμενον,</span> <span class='ocrx_word' id='word_1_542' title='bbox 2984 3134 3183 3207; x_wconf 76' lang='grc' dir='ltr'>ἀνάγκη</span> <span class='ocrx_word' id='word_1_543' title='bbox 3224 3137 3365 3208; x_wconf 74' lang='grc' dir='ltr'>ἡμᾶς</span> <span class='ocrx_word' id='word_1_544' title='bbox 3392 3138 3483 3186; x_wconf 81' lang='grc' dir='ltr'>καὶ</span> <span class='ocrx_word' id='word_1_545' title='bbox 3530 3136 3597 3186; x_wconf 79' lang='grc' dir='ltr'>τὰ</span> <span class='ocrx_word' id='word_1_546' title='bbox 3635 3140 3731 3194; x_wconf 74' lang='grc' dir='ltr'>τῆς</span> <span class='ocrx_word' id='word_1_547' title='bbox 3760 3131 3887 3192; x_wconf 74' lang='grc' dir='ltr'>ἧλι-</span> 
     </span>
    </p>
   </div>
   <div class='ocr_carea' id='block_1_80' title="bbox 2274 3222 3885 3300">
    <p class='ocr_par' dir='ltr' id='par_1_80' title="bbox 2274 3222 3885 3300">
     <span class='ocr_line' id='line_1_80' title="bbox 2274 3222 3885 3300; baseline -0.001 -23"><span class='ocrx_word' id='word_1_548' title='bbox 2274 3229 2392 3288; x_wconf 86' lang='grc' dir='ltr'>κίας</span> <span class='ocrx_word' id='word_1_549' title='bbox 2445 3224 2517 3297; x_wconf 83' lang='grc' dir='ltr'><strong>ἐφ’</strong></span> <span class='ocrx_word' id='word_1_550' title='bbox 2570 3224 2819 3300; x_wconf 85' lang='grc' dir='ltr'>ἐκατίρων</span> <span class='ocrx_word' id='word_1_551' title='bbox 2870 3223 3253 3299; x_wconf 75' lang='grc' dir='ltr'>παραπλησίως</span> <span class='ocrx_word' id='word_1_552' title='bbox 3306 3222 3601 3296; x_wconf 74' lang='grc' dir='ltr'>λαμϐάνειν.</span> <span class='ocrx_word' id='word_1_553' title='bbox 3655 3225 3724 3275; x_wconf 89' lang='grc' dir='ltr'>Τό</span> <span class='ocrx_word' id='word_1_554' title='bbox 3783 3225 3885 3295; x_wconf 63' lang='grc' dir='ltr'><strong>μεν</strong></span> 
     </span>
    </p>
   </div>
   <div class='ocr_carea' id='block_1_81' title="bbox 2276 3309 3885 3386">
    <p class='ocr_par' dir='ltr' id='par_1_81' title="bbox 2276 3309 3885 3386">
     <span class='ocr_line' id='line_1_81' title="bbox 2276 3309 3885 3386; baseline -0.001 -20"><span class='ocrx_word' id='word_1_555' title='bbox 2276 3309 2363 3366; x_wconf 80' lang='grc' dir='ltr'>οὖν</span> <span class='ocrx_word' id='word_1_556' title='bbox 2414 3312 2577 3384; x_wconf 79' lang='grc' dir='ltr'>λέγειν</span> <span class='ocrx_word' id='word_1_557' title='bbox 2624 3316 2711 3365; x_wconf 87' lang='grc' dir='ltr'><strong>τόν</strong></span> <span class='ocrx_word' id='word_1_558' title='bbox 2765 3312 3006 3386; x_wconf 81' lang='grc' dir='ltr'>ἁρτιγενῆ</span> <span class='ocrx_word' id='word_1_559' title='bbox 3065 3309 3238 3366; x_wconf 81' lang='grc' dir='ltr'>παῖδα</span> <span class='ocrx_word' id='word_1_560' title='bbox 3294 3314 3544 3370; x_wconf 79' lang='grc' dir='ltr'>αἴσθησιν</span> <span class='ocrx_word' id='word_1_561' title='bbox 3594 3309 3885 3384; x_wconf 78' lang='grc' dir='ltr'>λαμϐάνειν</span> 
     </span>
    </p>
   </div>
   <div class='ocr_carea' id='block_1_82' title="bbox 2278 3400 3883 3479">
    <p class='ocr_par' dir='ltr' id='par_1_82' title="bbox 2278 3400 3883 3479">
     <span class='ocr_line' id='line_1_82' title="bbox 2278 3400 3883 3479; baseline -0.001 -25"><span class='ocrx_word' id='word_1_562' title='bbox 2278 3400 2582 3475; x_wconf 83' lang='grc' dir='ltr'>σωματικὴν</span> <span class='ocrx_word' id='word_1_563' title='bbox 2627 3402 2686 3455; x_wconf 81' lang='grc' dir='ltr'>οὐ</span> <span class='ocrx_word' id='word_1_564' title='bbox 2732 3402 2910 3478; x_wconf 77' lang='grc' dir='ltr'>πόῤῥω</span> <span class='ocrx_word' id='word_1_565' title='bbox 2961 3401 3074 3455; x_wconf 80' lang='grc' dir='ltr'>ἐστὶ</span> <span class='ocrx_word' id='word_1_566' title='bbox 3120 3410 3213 3456; x_wconf 79' lang='grc' dir='ltr'>τοῦ</span> <span class='ocrx_word' id='word_1_567' title='bbox 3269 3401 3489 3474; x_wconf 84' lang='grc' dir='ltr'>γελοίου.</span> <span class='ocrx_word' id='word_1_568' title='bbox 3546 3404 3713 3454; x_wconf 88' lang='grc' dir='ltr'>Ποίακ</span> <span class='ocrx_word' id='word_1_569' title='bbox 3774 3403 3883 3479; x_wconf 73' lang='grc' dir='ltr'><strong>γὰρ</strong></span> 
     </span>
    </p>
   </div>
   <div class='ocr_carea' id='block_1_83' title="bbox 2273 3487 3886 3568">
    <p class='ocr_par' dir='ltr' id='par_1_83' title="bbox 2273 3487 3886 3568">
     <span class='ocr_line' id='line_1_83' title="bbox 2273 3487 3886 3568; baseline 0 -24"><span class='ocrx_word' id='word_1_570' title='bbox 2273 3500 2374 3544; x_wconf 88' lang='grc' dir='ltr'>τῶν</span> <span class='ocrx_word' id='word_1_571' title='bbox 2426 3491 2725 3550; x_wconf 79' lang='grc' dir='ltr'>αἰσθήσεων</span> <span class='ocrx_word' id='word_1_572' title='bbox 2778 3496 2809 3551; x_wconf 72' lang='grc' dir='ltr'>ἡ</span> <span class='ocrx_word' id='word_1_573' title='bbox 2867 3491 3044 3565; x_wconf 76' lang='grc' dir='ltr'>βίϐλος</span> <span class='ocrx_word' id='word_1_574' title='bbox 3099 3494 3436 3568; x_wconf 85' lang='grc' dir='ltr'>χαρίσασθαι</span> <span class='ocrx_word' id='word_1_575' title='bbox 3493 3487 3733 3557; x_wconf 79' lang='grc' dir='ltr'>δύναται,</span> <span class='ocrx_word' id='word_1_576' title='bbox 3784 3496 3886 3544; x_wconf 76' lang='grc' dir='ltr'>καὶ</span> 
     </span>
    </p>
   </div>
   <div class='ocr_carea' id='block_1_84' title="bbox 2276 3579 3889 3657">
    <p class='ocr_par' dir='ltr' id='par_1_84' title="bbox 2276 3579 3889 3657">
     <span class='ocr_line' id='line_1_84' title="bbox 2276 3579 3889 3657; baseline 0 -24"><span class='ocrx_word' id='word_1_577' title='bbox 2276 3579 2456 3653; x_wconf 71' lang='grc' dir='ltr'>ὄψεως,</span> <span class='ocrx_word' id='word_1_578' title='bbox 2506 3585 2596 3633; x_wconf 84' lang='grc' dir='ltr'><strong>καὶ</strong></span> <span class='ocrx_word' id='word_1_579' title='bbox 2634 3580 2815 3649; x_wconf 77' lang='grc' dir='ltr'>ἀκοῆς,</span> <span class='ocrx_word' id='word_1_580' title='bbox 2861 3584 2951 3633; x_wconf 80' lang='grc' dir='ltr'><strong>καὶ</strong></span> <span class='ocrx_word' id='word_1_581' title='bbox 2993 3581 3318 3657; x_wconf 73' lang='grc' dir='ltr'>ὀσφρήσεως,</span> <span class='ocrx_word' id='word_1_582' title='bbox 3358 3584 3449 3633; x_wconf 81' lang='grc' dir='ltr'>καὶ</span> <span class='ocrx_word' id='word_1_583' title='bbox 3498 3582 3744 3652; x_wconf 75' lang='grc' dir='ltr'>γεύσεως,</span> <span class='ocrx_word' id='word_1_584' title='bbox 3787 3585 3889 3634; x_wconf 84' lang='grc' dir='ltr'>καὶ</span> 
     </span>
    </p>
   </div>
   <div class='ocr_carea' id='block_1_85' title="bbox 2275 3669 3888 3744">
    <p class='ocr_par' dir='ltr' id='par_1_85' title="bbox 2275 3669 3888 3744">
     <span class='ocr_line' id='line_1_85' title="bbox 2275 3669 3888 3744; baseline 0.001 -21"><span class='ocrx_word' id='word_1_585' title='bbox 2275 3669 2413 3742; x_wconf 78' lang='grc' dir='ltr'><strong>ἁφῆς</strong></span> <span class='ocrx_word' id='word_1_586' title='bbox 2480 3670 2632 3732; x_wconf 67' lang='grc' dir='ltr'>εὐθὺς</span> <span class='ocrx_word' id='word_1_587' title='bbox 2701 3675 3223 3744; x_wconf 84' lang='grc' dir='ltr'>συναπογεννωμένων</span> <span class='ocrx_word' id='word_1_588' title='bbox 3284 3672 3409 3744; x_wconf 80' lang='grc' dir='ltr'>ἡμῖν</span> <span class='ocrx_word' id='word_1_589' title='bbox 3434 3714 3449 3741; x_wconf 86' lang='grc'><strong>,</strong></span> <span class='ocrx_word' id='word_1_590' title='bbox 3504 3674 3595 3722; x_wconf 84' lang='grc' dir='ltr'><strong>καὶ</strong></span> <span class='ocrx_word' id='word_1_591' title='bbox 3657 3669 3753 3721; x_wconf 75' lang='grc' dir='ltr'>οὐκ</span> <span class='ocrx_word' id='word_1_592' title='bbox 3823 3669 3888 3724; x_wconf 79' lang='grc' dir='ltr'>ἐκ</span> 
     </span>
    </p>
   </div>
   <div class='ocr_carea' id='block_1_86' title="bbox 2277 3755 3891 3833">
    <p class='ocr_par' dir='ltr' id='par_1_86' title="bbox 2277 3755 3891 3833">
     <span class='ocr_line' id='line_1_86' title="bbox 2277 3755 3891 3833; baseline 0.001 -21"><span class='ocrx_word' id='word_1_593' title='bbox 2277 3755 2631 3822; x_wconf 78' lang='grc' dir='ltr'>διδασκαλίας</span> <span class='ocrx_word' id='word_1_594' title='bbox 2684 3763 3139 3833; x_wconf 78' lang='grc' dir='ltr'>προσγινομένων,</span> <span class='ocrx_word' id='word_1_595' title='bbox 3194 3759 3322 3812; x_wconf 79' lang='grc' dir='ltr'>ἀλλὰ</span> <span class='ocrx_word' id='word_1_596' title='bbox 3373 3767 3464 3820; x_wconf 86' lang='grc' dir='ltr'>τῆς</span> <span class='ocrx_word' id='word_1_597' title='bbox 3528 3761 3727 3833; x_wconf 70' lang='grc' dir='ltr'>φύσεως</span> <span class='ocrx_word' id='word_1_598' title='bbox 3782 3755 3891 3814; x_wconf 74' lang='grc' dir='ltr'>διὰ</span> 
     </span>
    </p>
   </div>
   <div class='ocr_carea' id='block_1_87' title="bbox 2273 3846 3889 3923">
    <p class='ocr_par' dir='ltr' id='par_1_87' title="bbox 2273 3846 3889 3923">
     <span class='ocr_line' id='line_1_87' title="bbox 2273 3846 3889 3923; baseline -0.001 -20"><span class='ocrx_word' id='word_1_599' title='bbox 2273 3853 2468 3903; x_wconf 83' lang='grc' dir='ltr'>τούτων</span> <span class='ocrx_word' id='word_1_600' title='bbox 2515 3849 2913 3923; x_wconf 76' lang='grc' dir='ltr'>ἂπαρτιζούσης</span> <span class='ocrx_word' id='word_1_601' title='bbox 2941 3853 3000 3902; x_wconf 88' lang='grc' dir='ltr'><strong>τό</strong></span> <span class='ocrx_word' id='word_1_602' title='bbox 3054 3850 3218 3917; x_wconf 80' lang='grc' dir='ltr'>ζῶον;</span> <span class='ocrx_word' id='word_1_603' title='bbox 3251 3852 3386 3903; x_wconf 79' lang='grc' dir='ltr'>Οὔτε</span> <span class='ocrx_word' id='word_1_604' title='bbox 3423 3846 3512 3902; x_wconf 80' lang='grc' dir='ltr'>οὖν</span> <span class='ocrx_word' id='word_1_605' title='bbox 3557 3846 3728 3902; x_wconf 79' lang='grc' dir='ltr'>παῖδα</span> <span class='ocrx_word' id='word_1_606' title='bbox 3775 3868 3889 3902; x_wconf 81' lang='grc' dir='ltr'>σω-</span> 
     </span>
    </p>
   </div>
   <div class='ocr_carea' id='block_1_88' title="bbox 2273 3940 3888 4012">
    <p class='ocr_par' dir='ltr' id='par_1_88' title="bbox 2273 3940 3888 4012">
     <span class='ocr_line' id='line_1_88' title="bbox 2273 3940 3888 4012; baseline 0.001 -22"><span class='ocrx_word' id='word_1_607' title='bbox 2273 3948 2504 4012; x_wconf 82' lang='grc' dir='ltr'>ματικῶς</span> <span class='ocrx_word' id='word_1_608' title='bbox 2566 3942 2810 4008; x_wconf 78' lang='grc' dir='ltr'>νοητέον,</span> <span class='ocrx_word' id='word_1_609' title='bbox 2848 3942 2963 3991; x_wconf 69' lang='grc' dir='ltr'>οὔτε</span> <span class='ocrx_word' id='word_1_610' title='bbox 3018 3940 3269 3997; x_wconf 85' lang='grc' dir='ltr'>αἰσθησιν</span> <span class='ocrx_word' id='word_1_611' title='bbox 3329 3943 3453 4012; x_wconf 84' lang='grc' dir='ltr'>μίαν</span> <span class='ocrx_word' id='word_1_612' title='bbox 3513 3941 3706 3993; x_wconf 80' lang='grc' dir='ltr'>τούτων</span> <span class='ocrx_word' id='word_1_613' title='bbox 3770 3947 3888 3992; x_wconf 79' lang='grc' dir='ltr'>τῶν</span> 
     </span>
    </p>
   </div>
   <div class='ocr_carea' id='block_1_89' title="bbox 2274 4027 3888 4105">
    <p class='ocr_par' dir='ltr' id='par_1_89' title="bbox 2274 4027 3888 4105">
     <span class='ocr_line' id='line_1_89' title="bbox 2274 4027 3888 4105; baseline 0.001 -24"><span class='ocrx_word' id='word_1_614' title='bbox 2274 4028 2746 4103; x_wconf 77' lang='grc' dir='ltr'>ἀπηριθμημένων,</span> <span class='ocrx_word' id='word_1_615' title='bbox 2809 4027 2917 4081; x_wconf 80' lang='grc' dir='ltr'>ἀλλ’</span> <span class='ocrx_word' id='word_1_616' title='bbox 2979 4028 3064 4082; x_wconf 77' lang='grc' dir='ltr'><strong>ἐπὶ</strong></span> <span class='ocrx_word' id='word_1_617' title='bbox 3127 4033 3215 4083; x_wconf 89' lang='grc' dir='ltr'><strong>τόν</strong></span> <span class='ocrx_word' id='word_1_618' title='bbox 3273 4032 3375 4084; x_wconf 74' lang='grc' dir='ltr'>ἔσω</span> <span class='ocrx_word' id='word_1_619' title='bbox 3440 4031 3711 4105; x_wconf 82' lang='grc' dir='ltr'>ἄνθρωπον</span> <span class='ocrx_word' id='word_1_620' title='bbox 3779 4032 3888 4093; x_wconf 79' lang='grc' dir='ltr'><strong>τὰς</strong></span> 
     </span>
    </p>
   </div>
   <div class='ocr_carea' id='block_1_90' title="bbox 2272 4114 3890 4193">
    <p class='ocr_par' dir='ltr' id='par_1_90' title="bbox 2272 4114 3890 4193">
     <span class='ocr_line' id='line_1_90' title="bbox 2272 4114 3890 4193; baseline 0.002 -24"><span class='ocrx_word' id='word_1_621' title='bbox 2272 4117 2476 4179; x_wconf 80' lang='grc' dir='ltr'>ἡλικίας</span> <span class='ocrx_word' id='word_1_622' title='bbox 2540 4116 2909 4192; x_wconf 84' lang='grc' dir='ltr'>μεταληπτέον.</span> <span class='ocrx_word' id='word_1_623' title='bbox 2974 4114 3370 4192; x_wconf 83' lang='grc' dir='ltr'>Ἐδιδάχθημεν</span> <span class='ocrx_word' id='word_1_624' title='bbox 3433 4123 3535 4193; x_wconf 85' lang='grc' dir='ltr'><strong>γὰρ</strong></span> <span class='ocrx_word' id='word_1_625' title='bbox 3599 4118 3890 4191; x_wconf 82' lang='grc' dir='ltr'>πολλαχοῦ</span> 
     </span>
    </p>
   </div>
   <div class='ocr_carea' id='block_1_91' title="bbox 2270 4204 3885 4285">
    <p class='ocr_par' dir='ltr' id='par_1_91' title="bbox 2270 4204 3885 4285">
     <span class='ocr_line' id='line_1_91' title="bbox 2270 4204 3885 4285; baseline 0.001 -25"><span class='ocrx_word' id='word_1_626' title='bbox 2270 4216 2363 4272; x_wconf 80' lang='grc' dir='ltr'>τῆς</span> <span class='ocrx_word' id='word_1_627' title='bbox 2417 4215 2622 4285; x_wconf 72' lang='grc' dir='ltr'>Γραφῆς</span> <span class='ocrx_word' id='word_1_628' title='bbox 2671 4213 2762 4261; x_wconf 87' lang='grc' dir='ltr'>καὶ</span> <span class='ocrx_word' id='word_1_629' title='bbox 2813 4204 3069 4267; x_wconf 79' lang='grc' dir='ltr'>παιδικὴν</span> <span class='ocrx_word' id='word_1_630' title='bbox 3122 4211 3445 4263; x_wconf 85' lang='grc' dir='ltr'>κατάστασιν</span> <span class='ocrx_word' id='word_1_631' title='bbox 3496 4218 3588 4271; x_wconf 73' lang='grc' dir='ltr'>τῆς</span> <span class='ocrx_word' id='word_1_632' title='bbox 3640 4208 3839 4281; x_wconf 73' lang='grc' dir='ltr'>ψυχῆς</span> <span class='ocrx_word' id='word_1_633' title='bbox 3870 4232 3885 4245; x_wconf 88' lang='grc'><strong>·</strong></span> 
     </span>
    </p>
   </div>
   <div class='ocr_carea' id='block_1_92' title="bbox 2271 4294 3888 4375">
    <p class='ocr_par' dir='ltr' id='par_1_92' title="bbox 2271 4294 3888 4375">
     <span class='ocr_line' id='line_1_92' title="bbox 2271 4294 3888 4375; baseline 0.004 -26"><span class='ocrx_word' id='word_1_634' title='bbox 2271 4303 2361 4350; x_wconf 82' lang='grc' dir='ltr'>καὶ</span> <span class='ocrx_word' id='word_1_635' title='bbox 2412 4297 2568 4357; x_wconf 80' lang='grc' dir='ltr'>ἄλλην</span> <span class='ocrx_word' id='word_1_636' title='bbox 2617 4296 2949 4371; x_wconf 79' lang='grc' dir='ltr'>ἀκμαστικὴν</span> <span class='ocrx_word' id='word_1_637' title='bbox 2974 4318 2986 4331; x_wconf 78' lang='grc' dir='ltr'><strong>ο</strong></span> <span class='ocrx_word' id='word_1_638' title='bbox 3032 4301 3122 4349; x_wconf 81' lang='grc' dir='ltr'>καὶ</span> <span class='ocrx_word' id='word_1_639' title='bbox 3181 4297 3339 4356; x_wconf 81' lang='grc' dir='ltr'>ἄλλην</span> <span class='ocrx_word' id='word_1_640' title='bbox 3395 4294 3503 4357; x_wconf 78' lang='grc' dir='ltr'><strong>ἤδη</strong></span> <span class='ocrx_word' id='word_1_641' title='bbox 3553 4297 3888 4375; x_wconf 78' lang='grc' dir='ltr'>πρεσϐύτου.</span> 
     </span>
    </p>
   </div>
   <div class='ocr_carea' id='block_1_93' title="bbox 512 4383 2159 4482">
    <p class='ocr_par' dir='ltr' id='par_1_93' title="bbox 512 4383 2159 4464">
     <span class='ocr_line' id='line_1_93' title="bbox 512 4383 2159 4464; baseline 0.006 -26"><span class='ocrx_word' id='word_1_642' title='bbox 512 4383 708 4439; x_wconf 87' lang='lat' dir='ltr'><strong>edocti</strong></span> <span class='ocrx_word' id='word_1_643' title='bbox 730 4385 800 4452; x_wconf 68' lang='grc'><strong>⁸⁸,</strong></span> <span class='ocrx_word' id='word_1_644' title='bbox 836 4385 1010 4458; x_wconf 89' lang='lat' dir='ltr'><strong>pueri</strong></span> <span class='ocrx_word' id='word_1_645' title='bbox 1048 4391 1219 4443; x_wconf 89' lang='lat' dir='ltr'><strong>erant</strong></span> <span class='ocrx_word' id='word_1_646' title='bbox 1260 4387 1566 4461; x_wconf 87' lang='lat' dir='ltr'><strong>Corinthii,</strong></span> <span class='ocrx_word' id='word_1_647' title='bbox 1612 4389 1959 4464; x_wconf 89' lang='lat' dir='ltr'><strong>idcircoque</strong></span> <span class='ocrx_word' id='word_1_648' title='bbox 2009 4391 2159 4448; x_wconf 90' lang='lat' dir='ltr'><strong>lacte</strong></span> 
     </span>
    </p>
   </div>
   <div class='ocr_carea' id='block_1_94' title="bbox 2274 4383 3888 4482">
    <p class='ocr_par' dir='ltr' id='par_1_94' title="bbox 2275 4385 3888 4462">
     <span class='ocr_line' id='line_1_94' title="bbox 2275 4385 3888 4462; baseline 0.001 -22"><span class='ocrx_word' id='word_1_649' title='bbox 2275 4388 2417 4454; x_wconf 84' lang='grc' dir='ltr'>Οἷον,</span> <span class='ocrx_word' id='word_1_650' title='bbox 2469 4389 2538 4447; x_wconf 85' lang='grc' dir='ltr'>ὡς</span> <span class='ocrx_word' id='word_1_651' title='bbox 2585 4389 2728 4462; x_wconf 84' lang='grc' dir='ltr'>παρά</span> <span class='ocrx_word' id='word_1_652' title='bbox 2774 4385 2981 4439; x_wconf 80' lang='grc' dir='ltr'>Παύλου</span> <span class='ocrx_word' id='word_1_653' title='bbox 3027 4388 3412 4460; x_wconf 75' lang='grc' dir='ltr'>μεμαθήκαμεν,</span> <span class='ocrx_word' id='word_1_654' title='bbox 3442 4390 3491 4440; x_wconf 85' lang='grc' dir='ltr'>οἱ</span> <span class='ocrx_word' id='word_1_655' title='bbox 3538 4387 3586 4441; x_wconf 74' lang='grc' dir='ltr'>ἓν</span> <span class='ocrx_word' id='word_1_656' title='bbox 3640 4393 3888 4462; x_wconf 79' lang='grc' dir='ltr'>Κορίνθῳ</span> 
     </span>
    </p>
   </div>
   <div class='ocr_carea' id='block_1_95' title="bbox 512 4472 2162 4555">
    <p class='ocr_par' dir='ltr' id='par_1_95' title="bbox 512 4472 2162 4555">
     <span class='ocr_line' id='line_1_95' title="bbox 512 4472 2162 4555; baseline 0.005 -26"><span class='ocrx_word' id='word_1_657' title='bbox 512 4472 715 4529; x_wconf 87' lang='lat' dir='ltr'><strong>adhuc</strong></span> <span class='ocrx_word' id='word_1_658' title='bbox 761 4474 845 4530; x_wconf 90' lang='lat' dir='ltr'><strong>eis</strong></span> <span class='ocrx_word' id='word_1_659' title='bbox 887 4490 1041 4546; x_wconf 91' lang='lat' dir='ltr'><strong>opus</strong></span> <span class='ocrx_word' id='word_1_660' title='bbox 1078 4481 1224 4547; x_wconf 89' lang='lat' dir='ltr'><strong>erat,</strong></span> <span class='ocrx_word' id='word_1_661' title='bbox 1255 4477 1544 4549; x_wconf 90' lang='lat' dir='ltr'><strong>primaria</strong></span> <span class='ocrx_word' id='word_1_662' title='bbox 1587 4477 1806 4538; x_wconf 81' lang='lat' dir='ltr'><strong>scilicet</strong></span> <span class='ocrx_word' id='word_1_663' title='bbox 1845 4485 1902 4539; x_wconf 90' lang='lat' dir='ltr'><strong>et</strong></span> <span class='ocrx_word' id='word_1_664' title='bbox 1931 4482 2162 4555; x_wconf 88' lang='lat' dir='ltr'><strong>simpli-</strong></span> 
     </span>
    </p>
   </div>
   <div class='ocr_carea' id='block_1_96' title="bbox 512 4561 2163 4640">
    <p class='ocr_par' dir='ltr' id='par_1_96' title="bbox 512 4561 2163 4640">
     <span class='ocr_line' id='line_1_96' title="bbox 512 4561 2163 4640; baseline 0.007 -24"><span class='ocrx_word' id='word_1_665' title='bbox 512 4561 671 4618; x_wconf 91' lang='lat' dir='ltr'><strong>ciore</strong></span> <span class='ocrx_word' id='word_1_666' title='bbox 698 4562 1002 4633; x_wconf 86' lang='lat' dir='ltr'><strong>Evangelii</strong></span> <span class='ocrx_word' id='word_1_667' title='bbox 1024 4564 1320 4636; x_wconf 86' lang='lat' dir='ltr'><strong>doctrina,</strong></span> <span class='ocrx_word' id='word_1_668' title='bbox 1348 4582 1486 4622; x_wconf 89' lang='lat' dir='ltr'><strong>cum</strong></span> <span class='ocrx_word' id='word_1_669' title='bbox 1518 4567 1773 4624; x_wconf 89' lang='lat' dir='ltr'><strong>solidam</strong></span> <span class='ocrx_word' id='word_1_670' title='bbox 1804 4570 2163 4640; x_wconf 85' lang='lat' dir='ltr'><strong>dogmatum</strong></span> 
     </span>
    </p>
   </div>
   <div class='ocr_carea' id='block_1_97' title="bbox 512 4652 2165 4727">
    <p class='ocr_par' dir='ltr' id='par_1_97' title="bbox 512 4652 2165 4727">
     <span class='ocr_line' id='line_1_97' title="bbox 512 4652 2165 4727; baseline 0.005 -21"><span class='ocrx_word' id='word_1_671' title='bbox 512 4666 720 4707; x_wconf 89' lang='lat' dir='ltr'><strong>escam</strong></span> <span class='ocrx_word' id='word_1_672' title='bbox 768 4652 1047 4708; x_wconf 92' lang='lat' dir='ltr'><strong>nondum</strong></span> <span class='ocrx_word' id='word_1_673' title='bbox 1077 4652 1347 4724; x_wconf 84' lang='lat' dir='ltr'><strong>digerere</strong></span> <span class='ocrx_word' id='word_1_674' title='bbox 1376 4662 1645 4727; x_wconf 90' lang='lat' dir='ltr'><strong>possent.</strong></span> <span class='ocrx_word' id='word_1_675' title='bbox 1691 4658 2036 4714; x_wconf 87' lang='lat' dir='ltr'><strong>Alolesccns</strong></span> <span class='ocrx_word' id='word_1_676' title='bbox 2064 4675 2165 4716; x_wconf 88' lang='lat' dir='ltr'><strong>au-</strong></span> 
     </span>
    </p>
   </div>
   <div class='ocr_carea' id='block_1_98' title="bbox 511 4741 2166 4821">
    <p class='ocr_par' dir='ltr' id='par_1_98' title="bbox 511 4741 2166 4821">
     <span class='ocr_line' id='line_1_98' title="bbox 511 4741 2166 4821; baseline 0.004 -23"><span class='ocrx_word' id='word_1_677' title='bbox 511 4746 635 4799; x_wconf 91' lang='lat' dir='ltr'><strong>tem</strong></span> <span class='ocrx_word' id='word_1_678' title='bbox 657 4741 862 4798; x_wconf 91' lang='lat' dir='ltr'><strong>animo</strong></span> <span class='ocrx_word' id='word_1_679' title='bbox 883 4746 988 4813; x_wconf 90' lang='lat' dir='ltr'><strong>est,</strong></span> <span class='ocrx_word' id='word_1_680' title='bbox 1008 4743 1114 4815; x_wconf 90' lang='lat' dir='ltr'><strong>qui</strong></span> <span class='ocrx_word' id='word_1_681' title='bbox 1146 4759 1394 4816; x_wconf 92' lang='lat' dir='ltr'><strong>prorsus</strong></span> <span class='ocrx_word' id='word_1_682' title='bbox 1417 4746 1702 4802; x_wconf 89' lang='lat' dir='ltr'><strong>omnibus</strong></span> <span class='ocrx_word' id='word_1_683' title='bbox 1724 4748 1956 4804; x_wconf 89' lang='lat' dir='ltr'><strong>virtutis</strong></span> <span class='ocrx_word' id='word_1_684' title='bbox 1995 4751 2166 4821; x_wconf 81' lang='lat'><strong>109</strong></span> 
     </span>
    </p>
   </div>
   <div class='ocr_carea' id='block_1_99' title="bbox 509 4829 2166 4910">
    <p class='ocr_par' dir='ltr' id='par_1_99' title="bbox 509 4829 2166 4910">
     <span class='ocr_line' id='line_1_99' title="bbox 509 4829 2166 4910; baseline 0.003 -22"><span class='ocrx_word' id='word_1_685' title='bbox 509 4829 785 4905; x_wconf 88' lang='lat' dir='ltr'><strong>partibus</strong></span> <span class='ocrx_word' id='word_1_686' title='bbox 829 4830 1144 4888; x_wconf 88' lang='lat' dir='ltr'><strong>absolutus</strong></span> <span class='ocrx_word' id='word_1_687' title='bbox 1174 4836 1285 4899; x_wconf 90' lang='lat' dir='ltr'><strong>est,</strong></span> <span class='ocrx_word' id='word_1_688' title='bbox 1330 4832 1436 4905; x_wconf 90' lang='lat' dir='ltr'><strong>qui</strong></span> <span class='ocrx_word' id='word_1_689' title='bbox 1477 4835 1693 4906; x_wconf 87' lang='lat' dir='ltr'><strong>spiritu</strong></span> <span class='ocrx_word' id='word_1_690' title='bbox 1722 4835 1926 4902; x_wconf 83' lang='lat' dir='ltr'><strong>fervet,</strong></span> <span class='ocrx_word' id='word_1_691' title='bbox 1954 4839 2059 4910; x_wconf 90' lang='lat' dir='ltr'><strong>qui</strong></span> <span class='ocrx_word' id='word_1_692' title='bbox 2089 4837 2166 4893; x_wconf 91' lang='lat' dir='ltr'><strong>ad</strong></span> 
     </span>
    </p>
   </div>
   <div class='ocr_carea' id='block_1_100' title="bbox 583 4938 1668 5002">
    <p class='ocr_par' dir='ltr' id='par_1_100' title="bbox 583 4938 1668 5002">
     <span class='ocr_line' id='line_1_100' title="bbox 583 4938 1668 5002; baseline 0.004 -7"><span class='ocrx_word' id='word_1_693' title='bbox 583 4941 630 4975; x_wconf 74' lang='grc'><strong>³⁸</strong></span> <span class='ocrx_word' id='word_1_694' title='bbox 670 4938 836 4995; x_wconf 83' lang='lat' dir='ltr'><strong>Exod</strong></span> <span class='ocrx_word' id='word_1_695' title='bbox 876 4955 970 5002; x_wconf 82' lang='lat' dir='ltr'><strong>xu,</strong></span> <span class='ocrx_word' id='word_1_696' title='bbox 1014 4943 1103 4997; x_wconf 75' lang='lat'><strong>35.</strong></span> <span class='ocrx_word' id='word_1_697' title='bbox 1182 4941 1226 4975; x_wconf 82' lang='grc'>³⁷</span> <span class='ocrx_word' id='word_1_698' title='bbox 1271 4940 1454 4997; x_wconf 77' lang='lat' dir='ltr'><strong>Exod.</strong></span> <span class='ocrx_word' id='word_1_699' title='bbox 1499 4958 1538 4998; x_wconf 86' lang='grc' dir='ltr'><strong>ι.</strong></span> <span class='ocrx_word' id='word_1_700' title='bbox 1586 4947 1668 4999; x_wconf 88' lang='grc'><strong>17.</strong></span> 
     </span>
    </p>
   </div>
   <div class='ocr_carea' id='block_1_101' title="bbox 513 5012 1986 5089">
    <p class='ocr_par' dir='ltr' id='par_1_101' title="bbox 513 5012 1986 5089">
     <span class='ocr_line' id='line_1_101' title="bbox 513 5012 1986 5089; baseline 0.003 -20"><span class='ocrx_word' id='word_1_701' title='bbox 513 5012 558 5089; x_wconf 57' lang='lat' dir='ltr'><strong>ff</strong></span> <span class='ocrx_word' id='word_1_702' title='bbox 601 5012 729 5089; x_wconf 39' lang='lat' dir='ltr'><strong>llos.</strong></span> <span class='ocrx_word' id='word_1_703' title='bbox 772 5026 847 5080; x_wconf 80' lang='lat' dir='ltr'><strong>1x,</strong></span> <span class='ocrx_word' id='word_1_704' title='bbox 887 5013 921 5065; x_wconf 83' lang='grc'><strong>4</strong></span> <span class='ocrx_word' id='word_1_705' title='bbox 961 5026 1131 5089; x_wconf 79' lang='lat' dir='ltr'><strong>seqq.</strong></span> <span class='ocrx_word' id='word_1_706' title='bbox 1235 5014 1282 5049; x_wconf 70' lang='lat'>&quot;</span> <span class='ocrx_word' id='word_1_707' title='bbox 1332 5016 1378 5070; x_wconf 89' lang='lat' dir='ltr'><strong>lI</strong></span> <span class='ocrx_word' id='word_1_708' title='bbox 1414 5015 1560 5084; x_wconf 77' lang='lat' dir='ltr'><strong>Reg.</strong></span> <span class='ocrx_word' id='word_1_709' title='bbox 1609 5030 1701 5080; x_wconf 84' lang='lat' dir='ltr'><strong>xv,</strong></span> <span class='ocrx_word' id='word_1_710' title='bbox 1743 5017 1776 5071; x_wconf 84' lang='grc'>4</span> <span class='ocrx_word' id='word_1_711' title='bbox 1815 5032 1986 5089; x_wconf 88' lang='lat' dir='ltr'><strong>seqq.</strong></span> 
     </span>
    </p>
   </div>
   <div class='ocr_carea' id='block_1_102' title="bbox 513 5084 1105 5152">
    <p class='ocr_par' dir='ltr' id='par_1_102' title="bbox 513 5084 1105 5152">
     <span class='ocr_line' id='line_1_102' title="bbox 513 5084 1105 5152; baseline -0.002 -13"><span class='ocrx_word' id='word_1_712' title='bbox 513 5084 561 5120; x_wconf 68' lang='grc' dir='ltr'>ἰθ</span> <span class='ocrx_word' id='word_1_713' title='bbox 601 5086 622 5139; x_wconf 91' lang='lat'>1</span> <span class='ocrx_word' id='word_1_714' title='bbox 663 5084 793 5140; x_wconf 88' lang='lat' dir='ltr'><strong>Cor.</strong></span> <span class='ocrx_word' id='word_1_715' title='bbox 833 5097 915 5152; x_wconf 81' lang='lat' dir='ltr'><strong>III,</strong></span> <span class='ocrx_word' id='word_1_716' title='bbox 960 5087 1011 5149; x_wconf 89' lang='grc'><strong>1,</strong></span> <span class='ocrx_word' id='word_1_717' title='bbox 1049 5087 1105 5138; x_wconf 83' lang='grc'>2.</span> 
     </span>
    </p>
   </div>
   <div class='ocr_carea' id='block_1_103' title="bbox 563 5188 2117 5273">
    <p class='ocr_par' dir='ltr' id='par_1_103' title="bbox 563 5188 2117 5273">
     <span class='ocr_line' id='line_1_103' title="bbox 563 5188 2117 5273; baseline 0.002 -26"><span class='ocrx_word' id='word_1_718' title='bbox 563 5194 698 5273; x_wconf 41' lang='grc'>146)</span> <span class='ocrx_word' id='word_1_719' title='bbox 741 5195 818 5273; x_wconf 70' lang='grc' dir='ltr'><strong>Ιιι⁸</strong></span> <span class='ocrx_word' id='word_1_720' title='bbox 850 5188 1013 5248; x_wconf 89' lang='lat' dir='ltr'><strong>Colb.</strong></span> <span class='ocrx_word' id='word_1_721' title='bbox 1051 5190 1222 5248; x_wconf 92' lang='lat' dir='ltr'><strong>tertio</strong></span> <span class='ocrx_word' id='word_1_722' title='bbox 1254 5207 1366 5265; x_wconf 95' lang='lat' dir='ltr'><strong>pro</strong></span> <span class='ocrx_word' id='word_1_723' title='bbox 1393 5192 1585 5247; x_wconf 85' lang='grc' dir='ltr'>πόλεων</span> <span class='ocrx_word' id='word_1_724' title='bbox 1618 5193 1923 5267; x_wconf 85' lang='lat' dir='ltr'><strong>scriptum.</strong></span> <span class='ocrx_word' id='word_1_725' title='bbox 1954 5194 2117 5251; x_wconf 91' lang='lat' dir='ltr'><strong>inve-</strong></span> 
     </span>
    </p>
   </div>
   <div class='ocr_carea' id='block_1_104' title="bbox 513 5267 922 5318">
    <p class='ocr_par' dir='ltr' id='par_1_104' title="bbox 513 5267 922 5318">
     <span class='ocr_line' id='line_1_104' title="bbox 513 5267 922 5318; baseline -0.015 0"><span class='ocrx_word' id='word_1_726' title='bbox 513 5267 724 5318; x_wconf 81' lang='lat' dir='ltr'><strong>nimus</strong></span> <span class='ocrx_word' id='word_1_727' title='bbox 755 5267 922 5315; x_wconf 83' lang='grc' dir='ltr'>πόνων</span> 
     </span>
    </p>
   </div>
   <div class='ocr_carea' id='block_1_105' title="bbox 586 5333 2120 5410">
    <p class='ocr_par' dir='ltr' id='par_1_105' title="bbox 586 5333 2120 5410">
     <span class='ocr_line' id='line_1_105' title="bbox 586 5333 2120 5410; baseline 0.003 -24"><span class='ocrx_word' id='word_1_728' title='bbox 586 5335 703 5410; x_wconf 40' lang='lat' dir='ltr'><strong>(ﬁt)</strong></span> <span class='ocrx_word' id='word_1_729' title='bbox 745 5333 911 5410; x_wconf 74' lang='lat' dir='ltr'><strong>Colb.</strong></span> <span class='ocrx_word' id='word_1_730' title='bbox 976 5336 1209 5408; x_wconf 89' lang='lat' dir='ltr'><strong>primus</strong></span> <span class='ocrx_word' id='word_1_731' title='bbox 1264 5336 1683 5410; x_wconf 50' lang='lat' dir='ltr'><strong>«paeantem.</strong></span> <span class='ocrx_word' id='word_1_732' title='bbox 1746 5335 2120 5410; x_wconf 78' lang='lat' dir='ltr'><strong>Colbertinus</strong></span> 
     </span>
    </p>
   </div>
   <div class='ocr_carea' id='block_1_106' title="bbox 513 5403 2121 5479">
    <p class='ocr_par' dir='ltr' id='par_1_106' title="bbox 513 5403 2121 5479">
     <span class='ocr_line' id='line_1_106' title="bbox 513 5403 2121 5479; baseline 0.001 -21"><span class='ocrx_word' id='word_1_733' title='bbox 513 5403 721 5458; x_wconf 88' lang='lat' dir='ltr'><strong>tertius</strong></span> <span class='ocrx_word' id='word_1_734' title='bbox 765 5403 1168 5479; x_wconf 74' lang='grc' dir='ltr'>πρρξενισάσης.</span> <span class='ocrx_word' id='word_1_735' title='bbox 1216 5403 1345 5465; x_wconf 66' lang='lat' dir='ltr'><strong>Mo&#39;x</strong></span> <span class='ocrx_word' id='word_1_736' title='bbox 1393 5408 1492 5465; x_wconf 91' lang='lat' dir='ltr'><strong>hic</strong></span> <span class='ocrx_word' id='word_1_737' title='bbox 1540 5409 1703 5464; x_wconf 88' lang='lat' dir='ltr'><strong>idem</strong></span> <span class='ocrx_word' id='word_1_738' title='bbox 1757 5408 1948 5479; x_wconf 83' lang='lat' dir='ltr'><strong>codex</strong></span> <span class='ocrx_word' id='word_1_739' title='bbox 2007 5405 2121 5460; x_wconf 73' lang='grc' dir='ltr'>δια-</span> 
     </span>
    </p>
   </div>
   <div class='ocr_carea' id='block_1_107' title="bbox 517 5476 2126 5555">
    <p class='ocr_par' dir='ltr' id='par_1_107' title="bbox 517 5476 2126 5555">
     <span class='ocr_line' id='line_1_107' title="bbox 517 5476 2126 5555; baseline 0.001 -22"><span class='ocrx_word' id='word_1_740' title='bbox 517 5476 816 5555; x_wconf 57' lang='grc' dir='ltr'>σῳφαξξενη.</span> <span class='ocrx_word' id='word_1_741' title='bbox 839 5476 1101 5555; x_wconf 74' lang='lat' dir='ltr'><strong>Basilius</strong></span> <span class='ocrx_word' id='word_1_742' title='bbox 1147 5480 1233 5535; x_wconf 90' lang='lat' dir='ltr'><strong>ita</strong></span> <span class='ocrx_word' id='word_1_743' title='bbox 1259 5478 1471 5555; x_wconf 77' lang='lat' dir='ltr'><strong>laudat</strong></span> <span class='ocrx_word' id='word_1_744' title='bbox 1498 5485 1814 5555; x_wconf 87' lang='grc' dir='ltr'>πανουργίαν</span> <span class='ocrx_word' id='word_1_745' title='bbox 1845 5478 2026 5555; x_wconf 66' lang='grc' dir='ltr'>καλῂν,</span> <span class='ocrx_word' id='word_1_746' title='bbox 2056 5483 2126 5555; x_wconf 60' lang='grc' dir='ltr'>μὶ</span> 
     </span>
    </p>
   </div>
   <div class='ocr_carea' id='block_1_108' title="bbox 513 5544 2123 5621">
    <p class='ocr_par' dir='ltr' id='par_1_108' title="bbox 513 5544 2123 5621">
     <span class='ocr_line' id='line_1_108' title="bbox 513 5544 2123 5621; baseline -0.001 -14"><span class='ocrx_word' id='word_1_747' title='bbox 513 5544 704 5607; x_wconf 86' lang='lat' dir='ltr'><strong>videri</strong></span> <span class='ocrx_word' id='word_1_748' title='bbox 733 5548 933 5620; x_wconf 90' lang='lat' dir='ltr'><strong>possit</strong></span> <span class='ocrx_word' id='word_1_749' title='bbox 952 5557 1009 5606; x_wconf 91' lang='lat' dir='ltr'><strong>et</strong></span> <span class='ocrx_word' id='word_1_750' title='bbox 1029 5549 1182 5621; x_wconf 90' lang='lat' dir='ltr'><strong>ipse,</strong></span> <span class='ocrx_word' id='word_1_751' title='bbox 1206 5565 1376 5607; x_wconf 90' lang='lat' dir='ltr'><strong>more</strong></span> <span class='ocrx_word' id='word_1_752' title='bbox 1403 5544 1766 5620; x_wconf 67' lang='lat' dir='ltr'><strong>Graecorum,</strong></span> <span class='ocrx_word' id='word_1_753' title='bbox 1789 5544 2123 5608; x_wconf 86' lang='lat' dir='ltr'><strong>mendaciis</strong></span> 
     </span>
    </p>
   </div>
   <div class='ocr_carea' id='block_1_109' title="bbox 1748 4944 2391 5010">
    <p class='ocr_par' dir='ltr' id='par_1_109' title="bbox 1748 4944 2391 5010">
     <span class='ocr_line' id='line_1_109' title="bbox 1748 4944 2391 5010; baseline 0.002 -9"><span class='ocrx_word' id='word_1_754' title='bbox 1748 4944 1796 4979; x_wconf 82' lang='grc'><strong>³⁸</strong></span> <span class='ocrx_word' id='word_1_755' title='bbox 1837 4947 2045 5001; x_wconf 89' lang='lat' dir='ltr'><strong>Genes.</strong></span> <span class='ocrx_word' id='word_1_756' title='bbox 2086 4961 2259 5010; x_wconf 79' lang='lat' dir='ltr'><strong>xxvu,</strong></span> <span class='ocrx_word' id='word_1_757' title='bbox 2306 4949 2391 5002; x_wconf 84' lang='lat' dir='ltr'><strong>l5.</strong></span> 
     </span>
    </p>
   </div>
   <div class='ocr_carea' id='block_1_110' title="bbox 2091 5015 2677 5084">
    <p class='ocr_par' dir='ltr' id='par_1_110' title="bbox 2091 5015 2677 5084">
     <span class='ocr_line' id='line_1_110' title="bbox 2091 5015 2677 5084; baseline -0.005 -10"><span class='ocrx_word' id='word_1_758' title='bbox 2091 5017 2139 5051; x_wconf 76' lang='grc'><strong>⁸³</strong></span> <span class='ocrx_word' id='word_1_759' title='bbox 2186 5015 2341 5074; x_wconf 89' lang='lat' dir='ltr'><strong>Psal.</strong></span> <span class='ocrx_word' id='word_1_760' title='bbox 2382 5032 2582 5084; x_wconf 84' lang='lat' dir='ltr'><strong>Lxxxu,</strong></span> <span class='ocrx_word' id='word_1_761' title='bbox 2624 5019 2677 5072; x_wconf 88' lang='grc'>4.</span> 
     </span>
    </p>
   </div>
   <div class='ocr_carea' id='block_1_111' title="bbox 2272 4471 3893 4551">
    <p class='ocr_par' dir='ltr' id='par_1_111' title="bbox 2272 4471 3893 4551">
     <span class='ocr_line' id='line_1_111' title="bbox 2272 4471 3893 4551; baseline 0.001 -21"><span class='ocrx_word' id='word_1_762' title='bbox 2272 4482 2457 4535; x_wconf 70' lang='grc' dir='ltr'>κηπιοι</span> <span class='ocrx_word' id='word_1_763' title='bbox 2500 4472 2670 4533; x_wconf 73' lang='grc' dir='ltr'>ἦσαν·</span> <span class='ocrx_word' id='word_1_764' title='bbox 2720 4471 2900 4549; x_wconf 85' lang='grc' dir='ltr'>διόπερ</span> <span class='ocrx_word' id='word_1_765' title='bbox 2945 4484 3035 4530; x_wconf 87' lang='grc' dir='ltr'>καὶ</span> <span class='ocrx_word' id='word_1_766' title='bbox 3085 4477 3338 4551; x_wconf 80' lang='grc' dir='ltr'>γάλακτος</span> <span class='ocrx_word' id='word_1_767' title='bbox 3380 4478 3452 4534; x_wconf 77' lang='grc' dir='ltr'>ἔτι</span> <span class='ocrx_word' id='word_1_768' title='bbox 3503 4474 3722 4549; x_wconf 78' lang='grc' dir='ltr'>ἐδέοντο,</span> <span class='ocrx_word' id='word_1_769' title='bbox 3784 4488 3893 4543; x_wconf 83' lang='grc' dir='ltr'>τῆς</span> 
     </span>
    </p>
   </div>
   <div class='ocr_carea' id='block_1_112' title="bbox 2274 4565 3888 4644">
    <p class='ocr_par' dir='ltr' id='par_1_112' title="bbox 2274 4565 3888 4644">
     <span class='ocr_line' id='line_1_112' title="bbox 2274 4565 3888 4644; baseline 0.002 -26"><span class='ocrx_word' id='word_1_770' title='bbox 2274 4565 2621 4637; x_wconf 78' lang='grc' dir='ltr'>εἰσαγωγικῆς</span> <span class='ocrx_word' id='word_1_771' title='bbox 2669 4569 2758 4617; x_wconf 83' lang='grc' dir='ltr'>καὶ</span> <span class='ocrx_word' id='word_1_772' title='bbox 2798 4565 3152 4644; x_wconf 81' lang='grc' dir='ltr'>ἁπλουστέρας</span> <span class='ocrx_word' id='word_1_773' title='bbox 3196 4576 3287 4622; x_wconf 82' lang='grc' dir='ltr'>τοῦ</span> <span class='ocrx_word' id='word_1_774' title='bbox 3336 4568 3652 4642; x_wconf 71' lang='grc' dir='ltr'>Εὕαγγελίου</span> <span class='ocrx_word' id='word_1_775' title='bbox 3706 4565 3888 4622; x_wconf 75' lang='grc' dir='ltr'>διδα-</span> 
     </span>
    </p>
   </div>
   <div class='ocr_carea' id='block_1_113' title="bbox 2278 4652 3895 4736">
    <p class='ocr_par' dir='ltr' id='par_1_113' title="bbox 2278 4652 3895 4736">
     <span class='ocr_line' id='line_1_113' title="bbox 2278 4652 3895 4736; baseline 0.002 -27"><span class='ocrx_word' id='word_1_776' title='bbox 2278 4654 2522 4722; x_wconf 86' lang='grc' dir='ltr'>σκαλίας,</span> <span class='ocrx_word' id='word_1_777' title='bbox 2571 4660 2731 4728; x_wconf 77' lang='grc' dir='ltr'>μήπω</span> <span class='ocrx_word' id='word_1_778' title='bbox 2789 4652 3067 4731; x_wconf 84' lang='grc' dir='ltr'>δυνάμενοι</span> <span class='ocrx_word' id='word_1_779' title='bbox 3122 4666 3447 4735; x_wconf 82' lang='grc' dir='ltr'>περικρατεῖν</span> <span class='ocrx_word' id='word_1_780' title='bbox 3506 4665 3709 4734; x_wconf 72' lang='grc' dir='ltr'>στερεᾶς</span> <span class='ocrx_word' id='word_1_781' title='bbox 3764 4680 3895 4736; x_wconf 84' lang='grc' dir='ltr'>τρο-</span> 
     </span>
    </p>
   </div>
   <div class='ocr_carea' id='block_1_114' title="bbox 2277 4742 3892 4823">
    <p class='ocr_par' dir='ltr' id='par_1_114' title="bbox 2277 4742 3892 4823">
     <span class='ocr_line' id='line_1_114' title="bbox 2277 4742 3892 4823; baseline -0.001 -19"><span class='ocrx_word' id='word_1_782' title='bbox 2277 4754 2375 4818; x_wconf 77' lang='grc' dir='ltr'><strong>φῆς</strong></span> <span class='ocrx_word' id='word_1_783' title='bbox 2402 4746 2512 4818; x_wconf 80' lang='grc'><strong>(43)</strong></span> <span class='ocrx_word' id='word_1_784' title='bbox 2556 4754 2646 4806; x_wconf 77' lang='grc' dir='ltr'>τῆς</span> <span class='ocrx_word' id='word_1_785' title='bbox 2677 4745 2724 4798; x_wconf 79' lang='grc' dir='ltr'>ἓν</span> <span class='ocrx_word' id='word_1_786' title='bbox 2757 4742 3013 4821; x_wconf 82' lang='grc' dir='ltr'>δόγμασι.</span> <span class='ocrx_word' id='word_1_787' title='bbox 3054 4754 3339 4812; x_wconf 85' lang='grc' dir='ltr'>Νεανὶσκος</span> <span class='ocrx_word' id='word_1_788' title='bbox 3402 4746 3462 4803; x_wconf 70' lang='grc' dir='ltr'>δὲ</span> <span class='ocrx_word' id='word_1_789' title='bbox 3508 4752 3643 4802; x_wconf 83' lang='grc' dir='ltr'>κατὰ</span> <span class='ocrx_word' id='word_1_790' title='bbox 3688 4749 3892 4823; x_wconf 72' lang='grc' dir='ltr'>ψυχήν</span> 
     </span>
    </p>
   </div>
   <div class='ocr_carea' id='block_1_115' title="bbox 2278 4835 3895 4915">
    <p class='ocr_par' dir='ltr' id='par_1_115' title="bbox 2278 4835 3895 4915">
     <span class='ocr_line' id='line_1_115' title="bbox 2278 4835 3895 4915; baseline 0.003 -28"><span class='ocrx_word' id='word_1_791' title='bbox 2278 4835 2419 4888; x_wconf 85' lang='grc' dir='ltr'>ἐστιν</span> <span class='ocrx_word' id='word_1_792' title='bbox 2460 4837 2484 4887; x_wconf 90' lang='lat'><strong>6</strong></span> <span class='ocrx_word' id='word_1_793' title='bbox 2533 4841 2666 4888; x_wconf 83' lang='grc' dir='ltr'>πᾶσι</span> <span class='ocrx_word' id='word_1_794' title='bbox 2712 4842 2824 4899; x_wconf 85' lang='grc' dir='ltr'>τοῖς</span> <span class='ocrx_word' id='word_1_795' title='bbox 2869 4842 3050 4911; x_wconf 85' lang='grc' dir='ltr'>μέρεσι</span> <span class='ocrx_word' id='word_1_796' title='bbox 3101 4847 3197 4900; x_wconf 78' lang='grc' dir='ltr'>τῆς</span> <span class='ocrx_word' id='word_1_797' title='bbox 3240 4836 3423 4913; x_wconf 73' lang='grc' dir='ltr'>ἀρετῆς</span> <span class='ocrx_word' id='word_1_798' title='bbox 3464 4842 3895 4915; x_wconf 81' lang='grc' dir='ltr'>κατηρτισμένος</span> 
     </span>
    </p>
   </div>
   <div class='ocr_carea' id='block_1_116' title="bbox 2468 4945 3894 5021">
    <p class='ocr_par' dir='ltr' id='par_1_116' title="bbox 2468 4945 3894 5021">
     <span class='ocr_line' id='line_1_116' title="bbox 2468 4945 3894 5021; baseline 0.006 -21"><span class='ocrx_word' id='word_1_799' title='bbox 2468 4945 2515 4981; x_wconf 74' lang='lat'><strong>39</strong></span> <span class='ocrx_word' id='word_1_800' title='bbox 2555 4946 2679 5021; x_wconf 82' lang='lat' dir='ltr'><strong>Jos.</strong></span> <span class='ocrx_word' id='word_1_801' title='bbox 2718 4948 3025 5021; x_wconf 25' lang='lat' dir='ltr'><strong>11,__4isqq.</strong></span> <span class='ocrx_word' id='word_1_802' title='bbox 3101 4947 3149 4982; x_wconf 68' lang='grc' dir='ltr'>³ο</span> <span class='ocrx_word' id='word_1_803' title='bbox 3189 4949 3399 5021; x_wconf 85' lang='lat' dir='ltr'><strong>Genes.</strong></span> <span class='ocrx_word' id='word_1_804' title='bbox 3440 4963 3589 5015; x_wconf 72' lang='lat' dir='ltr'><strong>xxxx,</strong></span> <span class='ocrx_word' id='word_1_805' title='bbox 3629 4951 3698 5003; x_wconf 72' lang='grc'>34</span> <span class='ocrx_word' id='word_1_806' title='bbox 3740 4964 3894 5021; x_wconf 86' lang='lat' dir='ltr'><strong>sqq.</strong></span> 
     </span>
    </p>
   </div>
   <div class='ocr_carea' id='block_1_117' title="bbox 2775 5018 3893 5088">
    <p class='ocr_par' dir='ltr' id='par_1_117' title="bbox 2775 5018 3893 5088">
     <span class='ocr_line' id='line_1_117' title="bbox 2775 5018 3893 5088; baseline 0.003 -14"><span class='ocrx_word' id='word_1_807' title='bbox 2775 5018 2822 5053; x_wconf 64' lang='grc' dir='ltr'><strong>’δ”</strong></span> <span class='ocrx_word' id='word_1_808' title='bbox 2862 5020 3032 5074; x_wconf 83' lang='lat' dir='ltr'><strong>Prov.</strong></span> <span class='ocrx_word' id='word_1_809' title='bbox 3072 5034 3114 5086; x_wconf 83' lang='lat'><strong>1,</strong></span> <span class='ocrx_word' id='word_1_810' title='bbox 3154 5021 3207 5074; x_wconf 80' lang='grc'>4.</span> <span class='ocrx_word' id='word_1_811' title='bbox 3312 5020 3359 5054; x_wconf 76' lang='grc'>⁴⁵</span> <span class='ocrx_word' id='word_1_812' title='bbox 3407 5022 3455 5075; x_wconf 87' lang='lat' dir='ltr'><strong>ll</strong></span> <span class='ocrx_word' id='word_1_813' title='bbox 3496 5022 3627 5076; x_wconf 85' lang='lat' dir='ltr'><strong>Cor.</strong></span> <span class='ocrx_word' id='word_1_814' title='bbox 3666 5034 3747 5088; x_wconf 72' lang='grc' dir='ltr'><strong>ιγ,</strong></span> <span class='ocrx_word' id='word_1_815' title='bbox 3794 5018 3893 5077; x_wconf 74' lang='grc'><strong>16.</strong></span> 
     </span>
    </p>
   </div>
   <div class='ocr_carea' id='block_1_118' title="bbox 2229 5193 2745 5252">
    <p class='ocr_par' dir='ltr' id='par_1_118' title="bbox 2229 5193 2745 5252">
     <span class='ocr_line' id='line_1_118' title="bbox 2229 5193 2745 5252; baseline -0.002 0"><span class='ocrx_word' id='word_1_816' title='bbox 2229 5193 2513 5252; x_wconf 86' lang='lat' dir='ltr'><strong>ofﬁciosis</strong></span> <span class='ocrx_word' id='word_1_817' title='bbox 2542 5195 2745 5252; x_wconf 88' lang='lat' dir='ltr'><strong>favere</strong></span> 
     </span>
    </p>
   </div>
   <div class='ocr_carea' id='block_1_119' title="bbox 2301 5266 3903 5343">
    <p class='ocr_par' dir='ltr' id='par_1_119' title="bbox 2301 5266 3903 5343">
     <span class='ocr_line' id='line_1_119' title="bbox 2301 5266 3903 5343; baseline 0.002 -22"><span class='ocrx_word' id='word_1_818' title='bbox 2301 5267 2417 5337; x_wconf 76' lang='grc'><strong>(42)</strong></span> <span class='ocrx_word' id='word_1_819' title='bbox 2459 5267 2611 5323; x_wconf 88' lang='lat' dir='ltr'><strong>Editi</strong></span> <span class='ocrx_word' id='word_1_820' title='bbox 2657 5267 2995 5341; x_wconf 72' lang='grc' dir='ltr'>ἐπαγομένου·</span> <span class='ocrx_word' id='word_1_821' title='bbox 3045 5268 3119 5323; x_wconf 78' lang='lat' dir='ltr'><strong>At</strong></span> <span class='ocrx_word' id='word_1_822' title='bbox 3155 5266 3425 5341; x_wconf 83' lang='lat' dir='ltr'><strong>quinque</strong></span> <span class='ocrx_word' id='word_1_823' title='bbox 3479 5283 3626 5324; x_wconf 92' lang='lat' dir='ltr'><strong>mss.</strong></span> <span class='ocrx_word' id='word_1_824' title='bbox 3685 5268 3903 5343; x_wconf 79' lang='grc' dir='ltr'>ὑπαγο-</span> 
     </span>
    </p>
   </div>
   <div class='ocr_carea' id='block_1_120' title="bbox 2230 5342 2403 5411">
    <p class='ocr_par' dir='ltr' id='par_1_120' title="bbox 2230 5342 2403 5411">
     <span class='ocr_line' id='line_1_120' title="bbox 2230 5342 2403 5411; baseline 0.012 -21"><span class='ocrx_word' id='word_1_825' title='bbox 2230 5342 2381 5411; x_wconf 83' lang='grc' dir='ltr'>μένου</span> <span class='ocrx_word' id='word_1_826' title='bbox 2391 5380 2403 5392; x_wconf 95' lang='grc'><strong>.</strong></span> 
     </span>
    </p>
   </div>
   <div class='ocr_carea' id='block_1_121' title="bbox 2303 5408 3783 5476">
    <p class='ocr_par' dir='ltr' id='par_1_121' title="bbox 2303 5408 3783 5476">
     <span class='ocr_line' id='line_1_121' title="bbox 2303 5408 3783 5476; baseline 0.003 -12"><span class='ocrx_word' id='word_1_827' title='bbox 2303 5412 2442 5476; x_wconf 67' lang='lat'><strong>(42&#39;)</strong></span> <span class='ocrx_word' id='word_1_828' title='bbox 2481 5412 2698 5466; x_wconf 88' lang='lat' dir='ltr'><strong>Vocem</strong></span> <span class='ocrx_word' id='word_1_829' title='bbox 2730 5410 2864 5462; x_wconf 87' lang='grc' dir='ltr'>κατά</span> <span class='ocrx_word' id='word_1_830' title='bbox 2893 5425 2965 5465; x_wconf 86' lang='lat' dir='ltr'><strong>ex</strong></span> <span class='ocrx_word' id='word_1_831' title='bbox 2992 5408 3183 5465; x_wconf 90' lang='lat' dir='ltr'><strong>tribus</strong></span> <span class='ocrx_word' id='word_1_832' title='bbox 3218 5426 3364 5467; x_wconf 90' lang='lat' dir='ltr'><strong>mss.</strong></span> <span class='ocrx_word' id='word_1_833' title='bbox 3399 5409 3783 5470; x_wconf 85' lang='lat' dir='ltr'><strong>addidimus.</strong></span> 
     </span>
    </p>
   </div>
   <div class='ocr_carea' id='block_1_122' title="bbox 2301 5480 3469 5559">
    <p class='ocr_par' dir='ltr' id='par_1_122' title="bbox 2301 5480 3469 5559">
     <span class='ocr_line' id='line_1_122' title="bbox 2301 5480 3469 5559; baseline 0.003 -23"><span class='ocrx_word' id='word_1_834' title='bbox 2301 5482 2417 5554; x_wconf 82' lang='grc'><strong>(43)</strong></span> <span class='ocrx_word' id='word_1_835' title='bbox 2458 5480 2622 5540; x_wconf 86' lang='lat' dir='ltr'><strong>Colb.</strong></span> <span class='ocrx_word' id='word_1_836' title='bbox 2656 5480 2861 5539; x_wconf 90' lang='lat' dir='ltr'><strong>tertius</strong></span> <span class='ocrx_word' id='word_1_837' title='bbox 2895 5486 3228 5559; x_wconf 79' lang='grc' dir='ltr'>στερεωτέρας</span> <span class='ocrx_word' id='word_1_838' title='bbox 3257 5489 3469 5559; x_wconf 72' lang='grc' dir='ltr'>τροφῆς.</span> 
     </span>
    </p>
   </div>
  </div>
