4076 6190
183 247 286 303 U3

1133 246 1424 305 HOMILIA
1458 245 1530 301 IN
1570 246 1971 304 PRINCIPIUM
2008 247 2582 309 PROVERBIORUM.

3431 249 3540 309 414

181 372 308 442 πρὸς
336 370 397 420 τὸ
436 366 646 434 τέλειον,
676 368 702 419 6
730 375 803 439 τῷ
827 371 1083 444 πνεύματι
1114 369 1259 437 ζέων,
1292 371 1319 422 6
1377 376 1609 443 σφριγῶν
1650 372 1776 443 πρὸς

1888 370 2127 444 pietatis
2158 352 2738 433 actiones'strenuus
2768 375 2877 443 est,
2908 375 2968 430 et
2993 372 3074 430 ad
3102 372 3310 430 omnia
3354 387 3541 445 opera

177 460 269 520 τὰς
297 457 517 530 πράξεις
546 466 644 519 τῆς
689 457 970 525 εὐσεϐείας,
1004 462 1093 511 καὶ
1141 458 1388 532 ἀκμάζων
1431 462 1561 534 πρὸς
1606 464 1779 512 πᾶσαν

177 547 405 602 εὐτονίαν
454 544 669 618 ἀγαθῶν
719 549 877 620 ἔργων
903 568 915 581 ·
970 546 1023 599 ὃν
1065 552 1154 600 καὶ
1200 546 1430 620 βιαστὴν
1458 551 1516 600 τὸ
1548 546 1780 621 Εὑαγγι-

174 635 277 689 λιον
325 635 484 708 λέγει,
534 631 817 709 δυνάμενον
869 633 1167 711 διαρπάσαι
1213 641 1306 701 τὴν
1351 635 1624 710 βασιλείαν
1680 644 1780 690 τῶν

174 725 401 800 οὐρανῶν
426 746 439 758 ·
503 724 558 776 ὃν
597 727 684 777 καὶ
714 724 786 787 εἰς
812 729 935 789 τοὺς
975 727 1185 801 ὕμνους,
1235 728 1304 789 ὡς
1355 723 1668 793 ἐπιτήδειον,
1719 728 1780 783 τὸ

172 814 316 887 ἅγιον
369 820 582 887 Πνεῦμα
625 814 1019 888 παραλαμϐάνει
1052 837 1065 851 ·
1129 818 1410 869 Νεανίσκοι
1451 817 1575 889 γὰρ,
1622 819 1777 888 φησὶ,

170 908 257 957 καὶ
319 905 573 977 παρθένοι
647 903 1003 959 αἰνεσοὲτωσαν
1063 907 1122 957 τὸ
1182 908 1344 977 ὄνομα
1402 908 1616 978 Κυρίου.
1678 907 1780 958 Καὶ

169 992 217 1044 ἐν
260 1000 341 1063 τῷ
383 990 535 1050 Ἰωήλ
574 989 883 1063 ἐπαγγελίας
932 995 1121 1064 ἔχουσι
1171 994 1220 1045 οἰ
1266 995 1523 1046 νεανίσκοι
1571 992 1779 1067 ὁράσεις

168 1080 419 1153 ἅψεσθαι.
464 1077 821 1155 Πρεσϐύτερος
867 1077 926 1133 δὲ
966 1084 1099 1133 κατά
1145 1080 1332 1154 ψυχὴν
1382 1082 1407 1133 6
1449 1080 1778 1155 τετελειωμέ-

164 1191 245 1233 vo;
287 1170 435 1243 (43')
476 1171 613 1222 κατὰ
662 1173 752 1227 τὴν
797 1175 1048 1245 φρόνησιν
1080 1191 1093 1204 θ
1141 1170 1318 1233 ὁποῖος
1363 1166 1424 1230 ἧν
1468 1170 1677 1240 Δανιὴλ,
1729 1169 1777 1223 ἐν

164 1267 332 1334 νεαρῷ
367 1267 438 1329 τῷ
473 1263 678 1331 σώματι
720 1261 779 1310 τὸ
827 1257 885 1311 ἐκ
926 1268 1023 1323 τῆς
1068 1263 1321 1324 συνέσεως
1369 1262 1551 1333 σεμνὸν
1593 1259 1780 1325 πολιᾶς

165 1351 349 1412 πάσης
396 1344 808 1422 αὶδεσιμώτερον
857 1349 1170 1421 ὑποφαίνων·
1218 1351 1305 1402 Διὸ
1345 1368 1474 1422 φασι
1514 1352 1647 1423 πρὸς
1689 1348 1777 1401 αὖ·

161 1441 247 1489 τόν
274 1436 471 1492 ἐκεῖνοι
512 1437 561 1488 οἱ
597 1436 813 1511 πλήρεις
860 1438 1061 1510 ἡμερῶν
1117 1446 1374 1511 πονηρῶν.
1426 1443 1604 1517 Δεῦρο,
1652 1440 1779 1491 κάθ-

163 1546 277 1579 ισον
312 1528 433 1594 (44)
529 1523 578 1577 ἓν
656 1530 800 1597 μέσῳ
876 1528 1042 1599 ἡμῶν,
1128 1531 1217 1580 καὶ
1274 1525 1581 1600 ἀπάγγειλον
1628 1528 1775 1599 ἡμῖν,

162 1616 240 1668 ὅτι
300 1633 394 1668 σοι
448 1610 635 1668 ἔδωκεν
692 1615 719 1666 6
781 1617 912 1676 Θεὸς
976 1618 1035 1667 τὸ
1108 1614 1499 1689 πρεσϐυτέριον.
1576 1616 1777 1669 Οὐκοῦν

1885 459 2052 518 bona
2080 461 2307 518 fortiter
2330 462 2680 538 peragenda
2702 467 2951 533 vegetus
2976 480 2989 518 :
3022 462 3128 536 qui
3158 466 3215 518 et
3242 462 3540 519 violentus

1887 549 1967 612 ab
2019 551 2341 622 Evangelio
2382 556 2635 607 vocatur
2664 553 2734 619 ‘7,
2790 552 2998 608 valens
3052 551 3278 608 scilicet
3324 566 3540 624 rapere

1884 654 2142 710 regnum
2168 640 2494 697 caelorum:
2528 656 2712 713 quem
2742 644 2799 697 et
2828 644 3075 702 sanctus
3108 640 3362 717 Spiritus
3380 640 3541 696 velut

1886 728 1965 784 ad
1993 729 2258 801 hymnos
2288 728 2597 786 canendos
2626 729 2913 786 idoneum
2943 731 3233 786 assumit:
3281 731 3538 786 Juvenes

1884 816 2070 885 enim,
2100 817 2312 889 inquit,
2335 824 2391 875 et
2412 819 2673 888 virgines
2704 814 2949 876 laudent
2976 833 3191 875 nomen
3210 818 3536 874 Domini“.

1885 907 1953 960 Et
1978 905 2041 961 in
2068 904 2227 961 Joele
2257 896 2631 977 promissum
2661 911 2769 974 est,
2802 905 2948 971 fore,
2990 911 3055 962 ut
3077 907 3335 977 juvenes
3360 904 3541 961 visio-

1884 1008 1995 1050 nes
2022 993 2352 1050 videant”.
2387 996 2579 1051 Senex
2607 998 2809 1051 autem
2835 994 3038 1052 animo
3086 998 3193 1061 est,
3244 992 3351 1065 qui
3396 1009 3539 1066 pru-

1884 1082 2090 1140 dentia
2138 1083 2440 1156 perfectus
2484 1090 2601 1141 est:
2655 1083 2852 1156 qualis
2895 1089 3022 1141 erat
3064 1083 3291 1153 Daniel,
3323 1083 3430 1156 qui
3473 1082 3538 1139 in

1880 1172 2131 1244 juvenili
2161 1188 2413 1246 corpore
2443 1173 2801 1246 sapientiam
2841 1173 3320 1244 gravitatemque
3369 1171 3539 1228 omni

1885 1262 2101 1320 canitie
2129 1262 2632 1320 venerabiliorem
2662 1277 2786 1335 pra;
2808 1278 2869 1318 se
2890 1262 3138 1319 ferebat.
3163 1264 3540 1335 Quapropter

1885 1352 1939 1411 ei
1967 1353 2176 1411 dicunt
2214 1353 2328 1409 viri
2371 1352 2455 1409 illi
2502 1352 2663 1426 pleni
2707 1351 2942 1408 dierum
2988 1351 3317 1408 malorum:
3371 1352 3537 1414 Veni,

1882 1443 2019 1501 sede
2037 1444 2101 1498 in
2116 1442 2311 1499 medio
2335 1447 2629 1509 nostrum,
2684 1445 2738 1497 et
2778 1441 2997 1496 nuntia
3020 1439 3210 1504 nobis,
3249 1439 3409 1511 quod
3431 1440 3541 1497 tibi

1883 1534 2040 1590 Deus
2059 1534 2290 1590 dederit
2318 1532 2604 1588 honorem
2631 1530 3037 1588 senectutis“.
3087 1532 3296 1602 Itaque
3341 1536 3400 1585 et
3441 1530 3543 1587 hic

1882 1638 2142 1696 puerum
2170 1638 2401 1678 novum
2430 1621 2573 1678 dicit
2600 1637 2762 1691 eum,
2782 1620 2886 1693 qui
2915 1635 3022 1693 per
3047 1619 3362 1676 lavacrum
3384 1634 3544 1690 rege-

160 1710 245 1758 καὶ
276 1703 511 1756 ἐνταῦθα
540 1700 711 1756 παῖδα
732 1706 841 1755 νέον
877 1708 1005 1774 ’ρησί
1044 1706 1129 1757 τὸν
1162 1701 1255 1757 διὰ
1293 1711 1384 1757 τοῦ
1414 1703 1634 1779 λουτροῦ
1680 1713 1776 1770 τῆς

1887 1712 2212 1769 nerationis
2240 1715 2486 1768 renatus
2517 1714 2609 1767 est
2634 1716 2690 1767 et
2710 1710 3007 1767 educatus
3039 1714 3219 1781 atque
3235 1714 3301 1765 ut
3320 1724 3543 1781 parvu-

160 1793 570 1865 παλιγγενεσίας
634 1790 1060 1864 ἀναγεννηθέντα,
1142 1796 1231 1846 καὶ
1304 1798 1563 1870 τραφέντα
1613 1794 1772 1869 (44”),

159 1890 247 1936 καὶ
294 1888 568 1955 γινόμενον
616 1883 683 1945 ὡς
724 1878 965 1950 παιδίον,
1014 1886 1103 1935 καὶ
1151 1879 1245 1935 διὰ
1273 1891 1370 1947 τῆς
1399 1886 1648 1947 τοιαύτης
1675 1903 1775 1936 κα-

160 1974 475 2032 ταστάσεως
549 1972 748 2024 εὔθετον
816 1975 940 2023 ἄντα
988 1979 1051 2044 τῇ
1103 1970 1351 2046 βασιλείᾳ
1398 1981 1498 2026 τῶν
1549 1973 1776 2047 οὐρανῶν

160 2069 240 2133 Τῷ
286 2057 360 2118 δὴ
421 2060 587 2122 οὕτως
613 2057 873 2134 ἀρτιγενεῖ
901 2058 1098 2136 βρέφει,
1132 2064 1189 2113 τὸ
1215 2060 1424 2134 λογικὸν
1464 2068 1551 2115 καὶ
1587 2059 1776 2116 ἄδολον

160 2150 300 2224 γέλα
332 2148 739 2216 ἐπιποθήσαντι,
774 2145 999 2202 δίδωσιν
1031 2152 1060 2208 ἡ
1095 2148 1279 2223 βίϐλος
1326 2159 1425 2203 τῶν
1478 2158 1777 2225 Παροιμιῶν

164 2237 239 2292 δι’
296 2238 434 2297 αὐτῇ
449 2257 471 2298 ς
515 2242 920 2312 γεγυμνασμένῳ
954 2239 1063 2311 (45)
1114 2241 1364 2297 αἴσθησιν
1406 2244 1497 2292 καὶ
1545 2243 1735 2293 ἔννοιαν
1761 2262 1773 2275 ο

164 2330 421 2385 αἰσθπσιν
476 2330 568 2400 μεν
614 2336 715 2379 τῶν
756 2332 1047 2401 παρόντων,
1100 2330 1289 2381 ἔννοιαν
1346 2325 1403 2381 δὲ
1446 2337 1545 2383 τῶν
1575 2329 1779 2403 μελλόν-

160 2438 281 2472 των.
320 2413 574 2469 Παιδεᾶει
618 2418 711 2490 μὲν
757 2419 857 2492 γὰρ
905 2419 973 2469 τά
1022 2415 1336 2494 ἀνθρώπινα,
1384 2422 1476 2471 καὶ
1525 2418 1777 2478 αἰσθητι-

160 2512 286 2569 κοὺς
311 2514 458 2559 ποιεῖ
483 2514 584 2557 τῶν
613 2508 954 2579 πραγμάτων,
1011 2508 1078 2567 ὡς
1125 2512 1258 2580 μήτε
1304 2505 1517 2570 ἀτόποις
1560 2504 1776 2572 ἡδοναῖς

164 2594 457 2660 δονλτᾶειν,
520 2599 654 2667 μήτε
700 2599 818 2670 περὶ
870 2598 965 2657 τὰς
1004 2600 1231 2669 ματαίας
1279 2604 1371 2649 τοῦ
1417 2602 1618 2671 κόσμου
1660 2600 1778 2650 τού-

162 2705 251 2739 του
284 2682 453 2747 δόξας
494 2680 864 2743 διεπτοῆσθαι.
909 2685 1140 2759 Ἐμποιεῖ
1187 2681 1245 2738 δὲ
1292 2690 1382 2738 καὶ
1429 2694 1522 2739 τοῦ
1572 2686 1778 2760 με’λλονο

162 2795 246 2837 τος
303 2775 492 2835 αἰῶνος
540 2775 754 2843 ἔννοιαν,
810 2778 901 2826 καὶ
957 2773 1469 2850 προσϐιϐάζει(45¹)
1554 2771 1630 2828 δι’
1708 2776 1776 2827 ὧν

160 2866 293 2937 λέγει
327 2871 389 2937 τῇ
425 2867 604 2915 πίστει
632 2870 735 2914 τῶν
768 2862 1176 2937 ἐπηγγελμένων.

236 2957 323 3010 14.
367 2948 585 3010 Ἐπειδὴ
634 2948 694 3005 δὲ
731 2955 825 3014 τὰς
854 2961 953 3005 τῶν
1001 2954 1213 3012 ἡλικιῶν
1257 2948 1514 3029 διαφορὰς
1565 2952 1648 3007 ἐπὶ
1690 2955 1777 3006 τὸν

1882 1802 1976 1858 lus
2008 1801 2275 1870 effectus,
2307 1800 2535 1873 quique
2564 1815 2672 1872 per
2700 1798 3002 1870 ejusmodi
3031 1803 3255 1854 statum
3281 1797 3540 1855 idoneus

1883 1895 1974 1947 est
2002 1890 2081 1947 ad
2110 1905 2365 1960 regnum
2386 1888 2697 1945 caelorum.
2721 1887 3181 1944 Proverbiorum
3196 1886 3378 1957 igitur
3392 1885 3546 1942 liber

1882 1979 2101 2037 infanti
2131 1980 2215 2035 sic
2245 1994 2455 2034 recens
2485 1982 2650 2045 nato,
2682 1976 2976 2033 rationale
3004 1976 3098 2032 lac
3137 1980 3196 2032 et
3238 1975 3544 2032 sincerum

1884 2068 2212 2144 appetenti,
2230 2067 2333 2123 ubi
2354 2082 2456 2140 per
2469 2083 2532 2123 se
2546 2066 2904 2123 exercitatus
2920 2070 3029 2133 est,
3048 2080 3292 2121 sensum
3306 2069 3363 2120 et
3377 2064 3544 2121 intel-

1881 2158 2190 2230 ligentiam
2211 2156 2515 2229 impertit:
2559 2171 2809 2212 sensum
2838 2154 3089 2229 quidem
3126 2155 3540 2227 praesentium,

1883 2246 2340 2317 intelligentiam
2378 2260 2522 2301 vero
2578 2244 2941 2301 futurorum.
3000 2243 3207 2300 Erudit
3258 2243 3421 2299 enim
3477 2242 3543 2298 in

1881 2335 2066 2393 rebus
2103 2333 2412 2403 humanis,
2443 2334 2770 2407 tribuitque
2798 2349 2999 2390 rerum
3034 2348 3322 2400 sensum;
3362 2332 3447 2388 sic
3474 2335 3544 2389 ut

1884 2440 2083 2498 neque
2132 2423 2412 2496 turpibus
2472 2422 2875 2495 voluptatibus
2951 2424 3280 2494 quisquam
3350 2421 3539 2477 inser-

1882 2514 2022 2584 viat,
2069 2528 2268 2586 neque
2324 2511 2540 2568 mundi
2594 2512 2779 2583 hujus
2840 2511 3009 2567 inani
3067 2510 3272 2580 gloria:
3326 2508 3536 2565 inhiet.

1885 2604 2300 2675 Praetereaque
2347 2601 2531 2658 futuri
2569 2600 2771 2658 saeculi
2798 2599 3255 2670 intelligentiam
3284 2596 3536 2665 confert,

1884 2708 1958 2750 ac
1989 2691 2375 2750 sermonibus
2403 2692 2529 2750 suis
2560 2690 2639 2749 ad
2675 2690 3117 2765 promissorum
3166 2688 3352 2745 ﬁdem
3398 2702 3534 2762 pro-

1881 2782 2065 2841 vehit.

1962 2946 2047 3000 14.
2079 2941 2195 3000 Sed
2224 2941 2514 3015 quoniam
2546 2946 2794 2999 aetatum
2825 2938 3196 2997 differentias
3241 2938 3321 2996 ad
3364 2918 3541 2996 inter-

168 3046 269 3096 ἔσω
316 3043 594 3117 ἄνθρωπον
641 3040 1002 3116 μετελάϐομεν,
1086 3041 1365 3095 ἀκόλουθόν
1413 3042 1528 3095 ἐστι
1574 3047 1663 3096 καὶ
1711 3045 1776 3096 τὰ

1887 3047 2034 3088 num
2086 3030 2398 3088 hominem
2442 3029 2878 3101 transtulimus,
2931 3041 3311 3100 consequens
3356 3026 3539 3081 etiam

164 3141 261 3185 τῶν
293 3131 598 3189 αἰσθήσεων
648 3130 877 3205 ὀνόματα
909 3129 991 3183 ἐπὶ
1040 3134 1134 3194 τὰς
1165 3128 1414 3206 δυνάμεις
1451 3140 1547 3195 τῆς
1588 3132 1778 3204 ψυχῆς

166 3226 488 3295 μεταφέρειν.
552 3226 712 3274 Ὢστε
786 3222 907 3272 ὅταν
987 3221 1130 3295 λέγῃ,
1205 3222 1283 3275 ὅτι
1359 3222 1532 3295 Ἐμοῖς
1602 3221 1777 3293 λόγοις

166 3309 437 3385 παράϐαλε
491 3312 584 3362 σόν
640 3305 748 3377 οὖς,
809 3305 1003 3364 εἰδέναι
1055 3313 1193 3383 ἡμᾶς
1245 3314 1381 3387 χρὴ,
1440 3312 1520 3364 ὅτι
1576 3314 1633 3363 τό
1688 3311 1775 3364 εὐ-

170 3406 320 3457 έκοον
384 3408 484 3461 τῆς
547 3397 739 3472 ψυχῆς
782 3397 1034 3467 ἐπιζητεῖ,
1086 3402 1153 3461 ὡς
1201 3401 1227 3451 6
1275 3400 1391 3472 (46)
1446 3402 1672 3475 Κύριος·
1717 3399 1775 3453 Ὀ

170 3491 302 3562 ἔχων
348 3489 463 3541 ὦτα
519 3485 745 3555 ἀκούειν,
806 3490 1036 3541 ἀκουέτω
1066 3509 1079 3523 ο
1138 3494 1227 3541 καὶ
1282 3492 1361 3557 τὸ,
1413 3493 1585 3561 Λόγος
1618 3492 1775 3562 σοφὸς

170 3579 239 3639 εἰς
291 3579 380 3638 οὒς
442 3577 675 3635 εὖήκοον.
710 3580 807 3631 Διά
857 3581 1052 3631 τούτων
1100 3578 1187 3631 οὖν
1240 3582 1330 3631 καὶ
1381 3586 1481 3632 τῶν
1528 3582 1773 3631 τοιούτων

174 3662 366 3720 δίδωσι
402 3676 476 3738 τῷ
526 3671 620 3738 νέῳ
652 3664 811 3721 παιδὶ
850 3672 944 3727 τὴν
992 3675 1088 3730 τῆς
1119 3666 1281 3730 ἀκοῆς
1310 3670 1563 3726 αἴσθησιν
1594 3669 1774 3740 ὑγιαί-

168 3775 377 3811 νουσαν.
429 3754 594 3809 Ὀταν
644 3752 703 3809 δὲ
748 3756 897 3830 λέγῃ,
939 3762 1024 3815 Μὴ
1056 3762 1291 3832 πρόσεχε
1320 3756 1484 3831 φαύλῃ
1517 3761 1730 3830 γυναικί
1757 3777 1771 3793 ο

171 3854 257 3897 καὶ
312 3845 486 3912 πάλιν,
551 3850 635 3906 Μὴ
697 3845 905 3920 ἐρείσης
987 3849 1076 3899 σὸν
1150 3851 1295 3921 ὄμμα
1365 3850 1495 3924 πρὸς
1570 3846 1769 3906 αὑτήν·

172 3939 280 3999 καὶ,
358 3939 426 3986 Οἱ
473 3934 733 4009 ὀφθαλμοί
804 3954 899 3988 σου
973 3935 1102 4010 ὀρθά
1168 3935 1540 4009 βλεπέτωσαν·
1616 3931 1775 3998 δῆλός

176 4022 283 4076 ἔστι
322 4027 458 4096 (ιδ’)
484 4029 581 4082 τὴν
612 4027 766 4077 οἱονεὶ
795 4026 978 4099 ὅρασιν
1010 4034 1104 4090 τῆς
1129 4024 1318 4098 ψυχῆς
1337 4034 1408 4096 τῷ
1438 4021 1597 4078 παιδὶ
1616 4044 1776 4100 χαρι-

180 4114 403 4185 ζόμενος.
466 4119 568 4168 Καὶ
615 4115 737 4166 ὅταν
778 4122 1030 4190 παραινῇ,
1081 4117 1161 4168 ὅτι
1213 4116 1347 4187 Φάγε
1392 4114 1527 4188 μέλι,
1558 4116 1656 4181 υἱὲ,
1694 4114 1777 4167 ἵνα

174 4200 434 4276 γλυκανθῇ
473 4204 500 4256 ὁ
555 4203 760 4278 φάρυγξ
810 4223 905 4277 σου
978 4202 1116 4278 (μελι
1180 4212 1441 4278 τροπικῶς
1507 4203 1775 4277 ὀνομάζων

176 4294 268 4349 τήν
314 4294 455 4345 θείαν
506 4288 865 4346 διδασκαλίαν
893 4314 906 4326 ·
955 4291 1044 4357 Ὦς
1088 4292 1282 4366 γλυκέα
1331 4295 1451 4368 γὰρ,
1504 4298 1657 4366 φησὶ,
1700 4300 1773 4364 τῷ

1885 3121 2081 3187 fuerit,
2112 3125 2177 3175 ut
2219 3135 2508 3175 sensuum
2548 3118 2801 3175 nomina
2850 3117 2931 3173 ad
2969 3115 3188 3172 anima;
3233 3113 3538 3186 potentias

1883 3210 2341 3267 transferamus.
2402 3207 2607 3280 Itaque
2654 3223 2796 3263 cum
2851 3204 2993 3262 dicit
3018 3206 3100 3259 διε
3149 3203 3537 3260 Sermonibus

1881 3300 2024 3356 meis
2046 3298 2293 3354 admove
2321 3311 2527 3353 aurem
2549 3300 2736 3365 tuam,
2758 3294 2906 3350 scire
2932 3308 3044 3349 nos
3064 3290 3347 3349 convenit
3370 3290 3539 3364 quod

1882 3387 2318 3460 obsequentem
2361 3385 2639 3442 animum
2687 3384 2973 3457 requirat,
3024 3381 3191 3439 haud
3238 3396 3415 3437 secus
3465 3395 3537 3436 ac

1884 3478 2174 3534 Dominus
2210 3497 2223 3532 :
2256 3476 2372 3543 Qui
2395 3475 2570 3532 habet
2591 3489 2769 3530 aures
2798 3472 3107 3542 audiendi,
3131 3471 3344 3529 audiat
3366 3471 3450 3538 ⁵²;
3482 3472 3540 3526 et

1882 3566 2068 3636 illud;
2100 3568 2309 3623 Sermo
2330 3566 2567 3635 sapiens
2598 3566 2660 3620 in
2683 3579 2890 3620 aurem
2931 3562 3293 3619 obedientem
3310 3560 3381 3616 ⁵⁸.
3432 3561 3541 3614 Per

1882 3656 2012 3713 haec
2035 3656 2217 3726 igitur
2243 3658 2301 3711 et
2346 3652 2683 3710 consimilia
2727 3668 2947 3708 sanum
2992 3651 3239 3707 auditus
3290 3661 3538 3703 sensum

1882 3762 2073 3820 puero
2102 3761 2263 3801 novo
2293 3743 2416 3800 dat.
2450 3743 2602 3800 Cum
2640 3758 2785 3798 vero
2836 3740 3001 3809 dicit,
3041 3739 3186 3795 Noli
3229 3736 3540 3794 attendere

1880 3852 2088 3908 pravae
2116 3836 2361 3913 mulieri
2372 3836 2453 3902 l5‘;
2486 3850 2557 3890 ac
2584 3849 2826 3889 rursus:
2858 3832 3003 3888 Noli
3030 3830 3286 3900 deﬁgere
3314 3829 3378 3883 in
3406 3842 3535 3883 eam

1882 3928 2155 3985 obtutum
2184 3933 2347 3983 tuum
2364 3926 2445 3994 55;
2480 3924 2659 3981 item:
2695 3922 2869 3980 Oculi
2896 3923 3171 3978 tuirecta
3198 3916 3535 3982 videant";

1880 4016 2084 4088 largiri
2100 4032 2163 4072 se
2176 4031 2364 4088 puero
2380 4014 2599 4071 animae
2616 4012 2797 4087 quasi
2816 4012 3011 4068 visum
3031 4012 3234 4082 aperte
3254 4004 3537 4063 ostendit.

1884 4108 2115 4163 Etcum
2146 4104 2455 4172 admonet,
2516 4103 2789 4173 Comede,
2817 4102 2933 4173 ﬁli,
2966 4100 3101 4166 mel,
3135 4103 3200 4153 ut
3231 4096 3539 4152 dutcescat

1882 4205 2097 4271 guttur
2122 4202 2290 4254 tuum
2305 4197 2349 4232 ⁵⁷
2376 4194 2734 4268 (doctrinam
2756 4192 3027 4249 divinam
3049 4188 3274 4262 tropice
3294 4184 3414 4242 mel
3434 4200 3539 4256 ap-

1883 4288 2116 4364 pellans
2141 4306 2153 4343 :
2191 4288 2375 4356 Quam
2402 4285 2608 4342 dulcia
2632 4284 2815 4350 enim,
2843 4280 3059 4355 inquit,
3081 4277 3365 4351 faucibus
3391 4275 3537 4364 meis

176 4377 401 4455 λεὶρνγγί
444 4401 549 4456 μου
605 4384 671 4435 τά
726 4382 879 4455 λόγια
938 4374 1054 4450 σου,
1108 4384 1235 4460 ὑπὲρ
1275 4382 1389 4456 μελι
1435 4389 1506 4454 τῷ
1552 4383 1776 4456 στόματί

1887 4363 2122 4451 eloquia
2148 4381 2275 4445 tua,
2306 4390 2482 4446 super
2508 4374 2737 4457 metari
2759 4387 2885 4429 meo
2901 4372 3004 4443 5‘3);
3027 4386 3134 4444 per
3148 4369 3308 4425 hanc
3330 4363 3539 4423 admo-

2299 4463 2328 4478 η
2377 4466 2408 4478 .,
2504 4464 2512 4473 .
2555 4464 2586 4478 .,
2678 4462 2692 4478 .
2896 4461 2905 4471 .
3329 4456 3534 4478 λη.--

178 4474 333 4542 μου)·
377 4466 472 4525 διὰ
496 4480 594 4534 τῆς
621 4476 971 4545 παραινέσεως
1025 4475 1222 4536 ταύτης
1267 4476 1362 4532 τὴν
1422 4475 1774 4546 πνευματικὴν

178 4568 353 4631 γεῦσιν
408 4570 507 4623 τῆς
563 4561 752 4635 ψυχῆς
821 4562 1145 4636 καταρτίξει,
1217 4566 1335 4636 περὶ
1401 4562 1463 4625 ἧς
1529 4565 1771 4638 εἴρηται·

1880 4469 2173 4527 nitionem
2185 4456 2796 4539 perﬁcitspiritualem
2810 4461 3029 4519 anima:
3043 4463 3308 4531 gustum,
3322 4456 3396 4512 de
3413 4469 3538 4528 quo

1884 4558 2116 4616 dictum
2137 4560 2260 4612 est:
2316 4555 2563 4611 Gustate
2582 4553 2637 4610 el
2666 4551 2878 4620 videte,
2910 4551 3196 4623 quoniam
3224 4545 3426 4604 suavis
3452 4548 3535 4600 est

251 4667 292 4702 ⁸⁷
323 4668 529 4750 Matth.
560 4683 645 4739 ιι,
680 4672 766 4726 12.
846 4669 894 4704 ⁸⁸
924 4667 1078 4726 Psal.
1111 4683 1336 4734 cnvm,
1366 4671 1459 4727 12.
1539 4669 1586 4704 ⁴⁹
1611 4666 1740 4725 Joel
1767 4683 1776 4723 ι

1887 4668 1953 4722 :8.
2028 4665 2077 4700 5°
2108 4666 2256 4720 Dan.
2295 4677 2414 4730 xm,
2449 4666 2536 4719 50.
2614 4661 2657 4696 ⁸¹
2690 4661 2866 4718 Prov.
2898 4675 3033 4727 mi,
3070 4662 3160 4715 17.
3243 4658 3291 4694 ⁵³
3322 4651 3528 4750 Matth.

179 4768 300 4824 xm,
332 4762 387 4815 9.
465 4760 517 4796 ⁵³
545 4760 726 4817 Prov.
756 4774 886 4827 xxv,
919 4759 1006 4814 t2.

181 4859 371 4921 cxvnr,
407 4853 527 4907 103.

248 4938 383 5009 (43⁸)
410 4940 652 5014 Λιιίὶᾳυὶ
682 4939 808 4996 duo
835 4937 974 5014 libri
1000 4937 1394 5014 τετελειωμένος.
1422 4936 1629 5014 statim
1651 4936 1776 4994 duo

182 5020 325 5086 I_I_S_8.
366 5007 806 5086 ultimi-adnepos
862 5010 1159 5083 ἐπιφαίνων.
1230 5007 1401 5065 Alius
1458 5007 1772 5082 ἀποφαίνων.

358 5078 673 5157 ὑποφαίνων.

250 5155 355 5226 (βξ)
384 5147 546 5226 Regii
576 5154 702 5211 duo
732 5170 882 5226 mss.
910 5159 1067 5226 Δεῦρο
1096 5154 1333 5226 καθίσας.
1391 5154 1555 5226 Unus
1584 5147 1777 5226 όοᾴοξ

185 5218 347 5345 5:,le
372 5218 612 5283 κάϐἶσον.
639 5226 750 5283 Alii
776 5225 904 5281 duo
932 5218 1141 5280 itidem
1182 5223 1503 5280 Colbertini
1532 5229 1588 5280 et
1634 5222 1776 5279 editi

283 5318 426 5345 nam-

186 5308 311 5355 παθη
322 5318 427 5355 σον.

256 5372 475 5435 (51mm
506 5375 763 5443 utraque
794 5367 1059 5443 editione
1082 5367 1252 5424 Basil.
1288 5370 1345 5424 et
1370 5366 1550 5443 Paris.
1584 5368 1775 5443 incor-

188 5449 345 5518 rupte
372 5437 894 5518 legiturqréapéym,
937 5439 1042 5518 se_d
1059 5444 1350 5518 corrupte
1382 5437 1441 5493 iu
1471 5437 1776 5518 veteribus

189 5510 453 5587 quinque
471 5510 968 5587 libris'sériptum
991 5510 1098 5568 fuit
1127 5515 1435 5587 στραφέντα.
1467 5512 1597 5569 Mox
1620 5525 1775 5567 unus

190 5597 295 5639 ms.
428 5585 494 5646 δὴ
526 5583 616 5641 οὖν
653 5583 844 5647 οὕτως.

1083 4760 1132 4797 ⁵⁵
1157 4759 1333 4816 Prov.
1364 4775 1420 4829 v,
1447 4761 1504 4814 2.

1581 4759 1629 4794 ⁵⁵
1660 4755 1838 4814 Eccli.
1875 4771 1953 4826 1X,
1980 4759 2034 4810 3.

3307 4745 3355 4780 ⁸⁸
3378 4740 3534 4799 Psal.

2110 4754 2159 4790 ⁵⁵
2189 4754 2480 4824 Ρεονπιν,
2513 4754 2605 4810 25.
2681 4751 2724 4790 ⁵⁷
2754 4750 2926 4808 Prov.
2957 4765 3121 4820 xxxv,
3145 4751 3230 4804 13.

1960 4937 2067 4999 (45)
2100 4933 2253 5009 Editi
2283 4932 2744 5009 ᾆγγυμνασαμένῳ.
2767 4931 2961 5009 ᾗῖθς.Δ
2990 4928 3220 5009 primus
3267 4940 3537 4997 γυμνασα-

1882 5010 2037 5093 μένςρ.
2078 5009 2150 5060 At
2193 5002 2520 5093 Qolbertini
2556 5002 2861 5059 secundus
2911 5005 2967 5057 et
2994 5002 3225 5056 tertius
3281 5012 3539 5067 γεγυμνα-

1887 5083 2074 5151 σμένῳ,
2102 5083 2283 5158 recte.
3095 5142 3108 5156 ι
3317 5136 3351 5147 η

2298 5152 2354 5204 et
2374 5149 2516 5218 Reg.
2550 5143 2853 5202 secundus
2880 5140 3209 5217 προϐιϐαζει.
3242 5137 3356 5194 Αιιι
3382 5149 3535 5191 mss.

1882 5219 2249 5295 προσϐιϐάζει.
3001 5284 3013 5295 _
3283 5282 3294 5292 _

1956 5291 2343 5365 (46)Editié);
2370 5289 2531 5343 καὶὸ.
2586 5286 2809 5345 Vocula
2849 5289 2939 5355 καὶ
2997 5297 3060 5341 ιιι
3109 5286 3331 5340 nostris
3385 5297 3532 5340 mss.

1881 5363 2004 5419 non
2036 5363 2358 5419 invenitur.

1956 5436 2090 5506 (46³)
2116 5437 2259 5503 Reg.
2292 5429 2593 5506 secundus
2625 5427 2782 5490 δῆλόν
2805 5428 2936 5486 ἐστι.
2969 5427 3127 5485 Infra
3156 5425 3317 5485 idem
3345 5425 3540 5491 codex

1881 5504 2141 5581 τροπικῶς
2165 5504 2427 5578 ὀνομάζει.
