4076 6190
501 242 607 297 415

503 467 626 524 quo
656 448 950 522 sapientia
979 464 1114 504 eam
1138 448 1397 520 attingit,
1429 453 1765 506 amatorem
1788 465 1968 505 suum
1997 446 2160 503 velut

503 538 897 611 amplectens.
929 538 1086 594 Ama
1114 536 1299 605 enim,
1327 537 1545 610 inquit,
1584 539 1799 609 ipsam,
1836 542 1903 594 ut
1945 542 1999 592 te
2043 549 2161 591 am-

496 628 864 699 plexetur“.
896 629 962 682 Et
983 642 1194 682 rursus
1218 626 1623 695 Ecclesiastes,
1649 629 1899 697 Tempus
1925 629 2012 682 est
2039 639 2162 680 am-

500 716 808 788 plectendi
822 720 877 771 et
894 721 1123 784 tempus
1148 716 1325 785 longe
1342 715 1689 772 discedendi
1697 716 1773 772 ab
1786 715 2073 784 amplexu
2090 714 2133 748 εί
2145 755 2158 769 .

508 808 770 877 Corpora
794 805 1042 877 quidem
1070 804 1455 877 amplexibus
1478 804 1732 878 impuris
1748 803 2164 877 .coinquinan-

506 898 629 950 tur:
674 893 880 949 anima
911 909 1053 950 vero
1078 892 1388 966 sapientiae
1418 894 1707 966 amplexu
1727 897 1850 950 tota
1874 909 1943 948 ex
1967 896 2087 948 toto
2110 890 2164 946 ei

507 984 829 1054 conjuncta
845 1025 858 1050 ,
878 983 1287 1040 sanctimonia
1306 983 1643 1056 completur
1659 1000 1729 1041 ac
1749 983 2029 1056 puritate.
2070 979 2162 1038 Sic

506 1073 690 1143 igitur
710 1089 901 1145 puero
925 1072 1253 1145 juvenculo
1312 1089 1564 1129 sensum
1587 1072 1812 1129 tribuit.
1845 1069 2163 1137 Quomodo

518 1164 560 1232 ι
580 1164 622 1232 1
635 1164 841 1233 Overo
853 1161 1311 1232 intelligentiam
1326 1161 1517 1217 indit?
1535 1161 1824 1218 Nimirum
1838 1177 1976 1216 cum
1991 1158 2159 1214 dicit:

1785 234 1846 294 S.
1902 234 2153 292 BASILII
2190 232 2428 290 MAGNI.

502 362 791 419 Dominus
808 362 877 416 5°.
911 362 1011 415 Est
1038 361 1242 416 autem
1277 363 1335 417 et
1370 362 1567 417 tactus
1617 359 1870 434 quidam
1911 358 2154 427 animae,

2284 359 2532 412 .‘zﬁaacﬁz
2582 364 2672 413 καὶ
2721 356 2883 427 ἴδετε,
2931 362 3013 413 ὅτι
3063 361 3305 436 χρηστός
3351 361 3377 412 6
3436 361 3646 433 Κύριος.

3742 239 3871 293 416

3707 359 3873 413 ’Ἐστι

2268 443 2327 499 δι
2374 467 2454 510 τις
2500 453 2589 502 καὶ
2629 449 2730 522 ἁφὴ
2777 459 2872 511 τῆς
2916 448 3122 525 ψυχῆς,
3163 451 3283 501 καθ’
3329 450 3391 509 ἣν
3440 448 3718 522 ἐφάπτεται
3760 449 3876 502 αύ-

2266 545 2363 598 τῆς
2391 539 2421 596 ἠ
2454 542 2629 611 σοφία,
2675 540 2826 592 οἱονεὶ
2867 543 3321 617 περιπτυσσομένη
3370 543 3464 597 τὴν
3513 538 3704 603 εαυτῆς
3742 537 3878 615 ἀρε-

2267 630 2381 685 τήν.
2437 627 2721 702 Ἐράσθητι
2771 630 2893 702 γὰρ,
2955 633 3134 701 φησὶν,
3193 627 3377 694 αὐτῆς,
3434 630 3517 680 ἱνα
3587 647 3644 680 σε
3721 647 3881 703 περι·-

2267 715 2398 789 λάϐη
2428 737 2440 748 ’
2490 720 2580 769 καὶ
2608 717 2762 770 πάλιν
2806 718 2830 769 6
2884 716 3321 785 Ἐκκλησιαστὴς,
3382 720 3576 793 Καιρὸς
3628 724 3720 770 τοῦ
3778 736 3879 770 πε-

2269 804 2515 879 ριλαϐεῖν,
2585 811 2675 859 καὶ
2734 811 2915 883 καιρός
2967 814 3058 860 τοῦ
3115 809 3475 882 μακρυνθῆναι
3544 805 3646 859 ἀπὸ
3723 826 3880 880 περι-

2269 894 2493 966 λήφεως.
2558 902 2778 969 Σὼματα
2834 898 2945 968 (47)
3020 900 3110 970 μὲν
3172 900 3272 972 γὰρ
3349 895 3686 971 περιπλοκαῖς
3732 894 3880 947 ἀκα-

2274 984 2486 1057 θάρτοις
2540 990 2976 1058 καταμὶαίνεται·
3036 985 3192 1058 ψυχὴ
3254 981 3332 1052 δὲ,
3392 994 3452 1058 τῇ
3512 994 3607 1057 τῇς
3679 989 3880 1057 σοφίας

2271 1073 2554 1148 περιπλοκῇ
2584 1074 2673 1132 ὅλη
2708 1071 2780 1126 δι’
2821 1074 2942 1136 ὅλης
2989 1078 3121 1150 πρὸς
3173 1073 3335 1133 αὐτὴν
3398 1074 3663 1141 ἐνωθείσα,
3721 1073 3881 1146 ἁγια-

2276 1170 2410 1235 σμοῦ
2462 1163 2754 1236 πληροῦται
2804 1169 2894 1216 καὶ
2959 1166 3336 1238 καθαρότητος.
3402 1163 3554 1215 Οὕτω
3622 1165 3711 1237 μὶν
3780 1159 3880 1215 οὖν

508 1251 643 1307 Non
660 1250 1001 1319 proderunt
1010 1251 1339 1320 facultates
1353 1251 1415 1305 in
1432 1251 1528 1306 die
1542 1251 1708 1307 mala
1724 1248 2166 1321 “.lnjicitenim

512 1340 680 1396 cordi
705 1344 810 1395 tuo
838 1339 1266 1409 cogitationem
1297 1339 1371 1395 de
1403 1339 1500 1394 die
1529 1338 1648 1410 illa,
1700 1339 1761 1394 in
1787 1354 1910 1413 qua
1937 1337 2040 1393 tibi
2069 1351 2167 1410 pe-

513 1428 830 1485 cuniarum
858 1428 1034 1501 copia
1053 1428 1408 1500 adjumento
1435 1443 1559 1483 non
1581 1428 1709 1495 erit,
1732 1443 1930 1500 neque
1948 1424 2170 1483 eximet

2284 1433 2447 1507 ἡμέρᾳ
2502 1433 2820 1505 κακῇ(47“).
2884 1430 3155 1505 Ἐμϐάλλει
3207 1433 3306 1507 γὰρ
3361 1429 3596 1504 ἐνθύμιον
3643 1439 3705 1503 τῇ
3754 1429 3880 1503 καρ⁹

512 1522 569 1574 te
596 1521 820 1573 aeterna
846 1533 1050 1589 poena.
1083 1519 1202 1574 Aut
1221 1533 1361 1573 cum
1384 1516 1559 1573 dicit:
1600 1518 1945 1573 Innocentes
1970 1521 2167 1572 autem

2284 1518 2374 1594 δία
2404 1541 2498 1575 σου
2528 1526 2645 1595 περὶ
2675 1529 2770 1583 τῆς
2798 1522 2995 1597 ἡμέρας
3016 1520 3231 1587 ἐκείνης,
3266 1518 3313 1572 ἐν
3438 1539 3523 1572 σοι
3574 1522 3632 1572 τὸ
3676 1519 3884 1582 πλῆθος

516 1606 957 1663 haereditabunt
980 1612 1207 1663 terram
1225 1606 1301 1661 ⁶³ι
1327 1610 1550 1662 terram
1573 1604 1846 1661 videlicet
1864 1604 2052 1669 illam,
2071 1619 2170 1659 cu-

2284 1618 2377 1662 τῶν
2434 1612 2725 1684 χρημάτων
2777 1609 2870 1662 ούκ
2910 1609 3199 1683 ἐπαρκέσει,
3256 1605 3380 1662 οὐδὲ
3438 1607 3767 1683 ἐξαιρήσει-αἱ
3822 1628 3888 1662 σε

509 1695 610 1767 jus
636 1695 817 1751 etiam
854 1695 1029 1751 mites
1064 1700 1205 1751 sunt
1227 1695 1521 1763 haeredes,
1562 1700 1691 1751 tum
1719 1695 1892 1766 juxta
1928 1691 2174 1749 Psalmi—

514 1789 673 1840 stam
686 1784 1005 1841 dicentem:
1018 1786 1178 1842 Mites
1191 1792 1386 1842 autem
1406 1785 1847 1842 haereditabunt
1862 1791 2087 1840 terram
2099 1784 2170 1850 ⁸³,

514 1877 644 1931 tum
682 1875 856 1945 juxta
893 1874 1282 1947 praedicatam
1323 1891 1360 1932 a
1406 1875 1662 1932 Domino
1709 1873 2171 1941 beatitudinem,

516 1965 698 2020 Beati
714 1964 1611 2038 enim,inquit,mites,quoniam
1636 1965 1754 2035 ipsi
1784 1963 2176 2034 possidebunt

521 2054 824 2112 terram“.
849 2056 916 2110 Et
934 2069 1145 2110 rursus
1171 2071 1184 2110 :
1235 2056 1506 2111 Gloriam
1536 2055 1834 2125 sapientes
1857 2053 2177 2109 haeredita-

522 2144 673 2200 bunt
697 2145 762 2195 “.
811 2147 895 2199 Ita
924 2145 1005 2200 ad
1034 2144 1200 2200 bona
1225 2160 1362 2217 quae
1411 2143 1717 2217 promissa
1765 2147 1905 2199 sunt
1949 2140 2180 2198 deside-

516 2234 712 2290 randa
767 2233 1111 2290 exstimulat
1159 2235 1453 2290 animam.
1495 2234 1662 2289 Hanc
1718 2231 2176 2303 intelligentiam

519 2337 707 2395 puero
724 2337 884 2378 novo
904 2321 1027 2391 dat,
1044 2326 1274 2378 metum
1295 2321 1543 2395 quidem
1556 2322 1865 2378 minarum
1887 2336 2024 2394 quae
2041 2334 2179 2392 pec-

518 2411 821 2469 catoribus
846 2411 1574 2481 intentatur,desidcrium
1595 2427 1741 2468 vero
1782 2426 1996 2467 eorum
2037 2426 2175 2483 quae

512 2501 690 2573 justis
723 2505 864 2557 sunt
890 2505 1121 2572 parata.
1164 2502 1305 2557 Haec
1334 2502 1493 2559 enim
1520 2502 1775 2558 audiens
1801 2501 2064 2570 sapiens,
2085 2513 2178 2556 sa-

516 2590 1013 2661 pientiorem".
1074 2592 1352 2660 Magnam
1378 2589 1501 2647 vim
1548 2589 1883 2646 Proverbiis
1934 2586 2179 2645 ascribit

522 2678 849 2751 Scriptura,
880 2677 1154 2736 videlicet
1182 2678 1350 2752 quod
1379 2683 1671 2751 superant
1699 2678 2041 2751 sapientum
2084 2691 2176 2733 sa-

2286 2682 2701 2754 ἠτοιμασμένων.
2761 2676 2937 2733 Τιόνὸε
3002 2681 3108 2753 γὰρ
3181 2678 3411 2741 ἀκούσας
3480 2682 3637 2752 σοφός
3709 2685 3900 2751 σοφῶ-

522 2766 835 2839 pientiam,
862 2772 919 2823 et
943 2768 1107 2840 quod
1129 2768 1497 2825 documenta
1520 2768 1584 2824 in
1606 2768 1723 2825 hoc
1751 2767 1905 2824 libro
1934 2766 2174 2838 tradita,

2285 2790 2428 2845 τερος
2474 2773 2644 2824 ἔσται.
2709 2769 2952 2842 Μεγάλην
2999 2776 3254 2844 μαρτυρεῖ
3305 2764 3529 2841 δύναμιν
3576 2774 3689 2830 ταῖς
3735 2774 3901 2842 Παρ-

524 2857 760 2928 majora
770 2861 910 2913 sunt
921 2873 1107 2930 quam
1120 2872 1254 2930 qum
1269 2857 1434 2931 apud
1447 2858 1751 2931 sapientes
1772 2856 2173 2930 reperiuntur.

2285 2865 2484 2936 οιμίαις
2541 2861 2567 2912 6
2617 2859 2788 2932 λόγος,
2853 2860 2933 2911 ὃτι
3007 2857 3304 2933 ύπερϐαίνει
3374 2866 3473 2911 τῶν
3549 2866 3717 2931 σοφῶν
3792 2862 3898 2916 τὴν

2275 1253 2525 1310 αἴσθησιν
2598 1250 2756 1306 παιδὶ
2824 1253 3109 1328 χαρίζεται
3170 1256 3285 1325 νέῳ.
3358 1251 3588 1305 Ἐννοιαν
3647 1248 3706 1305 δὲ
3758 1259 3882 1315 πῶς

2276 1340 2512 1416 ἐμποιεῖ;
2577 1349 2737 1395 Ὅταν
2784 1343 2902 1416 λέγῃ
2938 1364 2951 1375 ο
3002 1342 3113 1394 Ούκ
3157 1341 3410 1415 ὠφελήσει
3465 1343 3776 1415 ὑπάρχοντα
3827 1338 3883 1392 ἐν

3539 1698 3762 1752 Ἀκακοι
3821 1695 3888 1750 δὲ

2279 1789 2740 1866 κληρονομήσουσι
2796 1797 2892 1861 γῆν
2923 1792 3038 1861 (48)
3075 1810 3086 1822 ·
3155 1797 3253 1860 γῆν
3308 1786 3519 1854 ἐκείνην,
3566 1784 3629 1861 ᾖς
3682 1791 3772 1839 καὶ
3833 1788 3891 1839 οἱ

2278 1710 2375 1763 τῆς
2414 1701 2620 1753 αἰωνίου
2660 1699 2938 1763 κολάσεως.
2999 1698 3069 1752 Ἠ
3126 1700 3247 1751 ὅταν
3302 1698 3426 1773 λέγη
3460 1719 3474 1732 ·

2279 1887 2464 1954 πραεῖς
2516 1879 2618 1932 εἰσι
2674 1878 3005 1952 κληρονόμοι,
3055 1879 3190 1929 κατά
3239 1896 3293 1929 τε
3330 1881 3416 1929 τόν
3461 1873 3748 1950 Ψαλμῳδόν
3790 1879 3890 1928 τὸν

2281 1969 2531 2041 λέγοντα·
2598 1971 2663 2021 Οἱ
2709 1964 2768 2020 δὲ
2810 1974 2993 2041 πραεῖς
3052 1966 3512 2041 κληρονομήσουσι
3574 1970 3669 2023 τὴν
3731 1973 3836 2037 γῆν
3870 1985 3889 1999 ·

2283 2063 2372 2110 καὶ
2438 2059 2573 2110 κατά
2640 2060 2725 2110 τὸν
2795 2061 3131 2132 μακαρισμὸν
3188 2064 3279 2108 τοῦ
3340 2060 3556 2131 Κυρίου,
3614 2056 3897 2129 Μακάριοι

2282 2150 2406 2221 γὰρ,
2463 2151 2638 2219 φησὶν,
2695 2148 2744 2198 οἱ
2795 2152 2994 2221 πραεῖς,
3055 2146 3134 2197 ὄτι
3206 2144 3355 2196 αὐτοὶ
3428 2144 3896 2219 κληρονομήσουσι

2284 2240 2378 2294 τήν
2430 2244 2565 2308 γῆν·
2646 2239 2737 2287 καὶ
2820 2234 3013 2288 πάλιν⁸
3098 2233 3258 2297 Δόξαν
3329 2238 3479 2307 σοφοὶ
3546 2232 3898 2305 πληρονομή-

2288 2344 2463 2379 σουσι.
2549 2326 2688 2398 Πρὸς
2748 2328 2838 2383 την
2908 2322 3185 2396 ἐπιθυμίαν
3258 2329 3356 2375 τῶν
3432 2320 3481 2374 ἓν
3555 2319 3899 2394 ἐπαγγελίαις

2287 2412 2492 2486 ἀγαθῶν
2540 2419 2634 2472 τὴν
2690 2413 2876 2486 ψυχὴν
2931 2409 3264 2471 διανίστησι.
3322 2413 3528 2469 Ταύτην
3575 2407 3775 2464 δίδωσι
3814 2419 3897 2482 τῷ

2283 2499 2442 2556 παιδὶ
2492 2511 2565 2574 τῷ
2613 2506 2707 2574 νέῳ
2753 2507 2847 2561 τὴν
2896 2505 3108 2569 ἔννοιαν,
3152 2501 3304 2575 φόϐον
3335 2504 3425 2574 μὲν
3451 2508 3552 2553 τῶν
3581 2508 3689 2561 τοῖς
3720 2499 3902 2576 ἀμαρ-

2284 2591 2470 2654 τωλοῖς
2500 2590 2892 2659 ἀπειληθέντων,
2938 2590 3212 2664 ἐπιθυμίαν
3245 2586 3305 2644 δὲ
3349 2598 3448 2642 τῶν
3491 2597 3601 2651 τοῖς
3655 2585 3900 2653 δικαίοις

527 2947 721 3012 Quare
750 2944 1008 3001 aliorum
1039 2945 1287 3018 quidem
1315 2947 1749 3018 magistrorum
1775 2944 2055 3019 discipuli
2082 2945 2175 3001 in-

525 3032 761 3090 numeri
788 3033 1113 3090 exsistunt:
1138 3035 1268 3106 ejus
1297 3052 1433 3092 vero
1452 3034 1589 3092 libri
1605 3035 1929 3107 auditores,
1944 3034 2178 3108 sapien-

525 3126 615 3180 tes
644 3127 801 3179 sunt.
855 3123 1153 3190 Quoniam
1184 3129 1387 3180 autem
1419 3124 1777 3195 ambiguum
1815 3128 1903 3180 est
1936 3124 2175 3196 sapien-

526 3215 653 3267 tum
675 3227 899 3268 nomen
921 3212 1250 3285 (sapientes
1276 3213 1437 3268 enim
1454 3213 1739 3269 dicuntur
1757 3213 1939 3270 etiam
1964 3211 2179 3268 mundi

526 3300 710 3371 hujus
722 3300 1093 3373 sapientes“,
1108 3301 1373 3374 itemque
1386 3302 1688 3374 sapientes
1701 3300 2180 3374 vocantur”,qui

527 3388 883 3462 sapientiam
914 3405 1119 3446 veram
1145 3391 1467 3447 Dominum
1493 3396 1770 3448 nostrum
1790 3392 1999 3447 Iesum
2020 3389 2181 3446 Chri-

530 3484 693 3536 stum
723 3496 832 3553 per
859 3478 1046 3536 ﬁdem
1076 3480 1138 3537 in
1167 3481 1372 3553 ipsum
1402 3483 1805 3554 receperunt),
1850 3496 1953 3537 eos
1997 3480 2102 3553 qui
2142 3496 2180 3537 a

528 3567 806 3626 doctrina
832 3574 1041 3629 nostra
1071 3570 1251 3627 alieni
1280 3575 1439 3640 sunt,
1471 3571 1576 3627 ubi
1606 3570 1687 3628 ad
1725 3587 1939 3628 sanam
1986 3572 2179 3628 Parm-

529 3658 794 3716 miarum
825 3659 1163 3717 doctrinam
1194 3660 1580 3729 accesserint,
1628 3660 2021 3733 sapientiores
2054 3659 2180 3716 fore

530 3749 838 3821 Scriptura
862 3749 1198 3822 pollicetur,
1230 3749 1313 3804 sic
1341 3754 1405 3806 ut
1431 3766 1636 3806 rerum
1672 3750 1948 3806 inanium
1978 3753 2182 3822 spreta

530 3837 1359 3908 cognitione,admirationem
1384 3855 1563 3894 suam
1582 3839 1645 3895 in
1665 3839 1970 3895 veritatem
1989 3843 2179 3895 trans-

531 3925 744 3982 ferant.
771 3930 885 3981 Aut
913 3926 1206 3998 quoniam
1236 3925 1440 3981 multis
1468 3926 1669 3982 modis
1698 3926 1941 3999 sapiens
1966 3925 2183 3982 dicitur

532 4015 778 4088 (etenim
822 4020 881 4071 et
908 4015 1013 4089 qui
1036 4014 1345 4087 sapientiae
1375 4014 1674 4071 desiderio
1706 4020 1963 4079 tenetur,
1990 4020 2048 4070 et
2075 4014 2182 4088 qui

524 4104 654 4176 jam
676 4104 910 4176 proﬁcit
927 4105 990 4159 in
1003 4104 1313 4176 sapientia:
1332 4104 2035 4177 contemplatione,etqui
2049 4104 2181 4175 jam

529 4192 593 4250 in
625 4210 698 4250 eo
734 4193 947 4249 habitu
976 4191 1274 4266 perfectus
1299 4197 1411 4260 est,
1443 4193 1658 4249 eodem
1687 4194 1932 4250 nomine
1971 4193 2181 4267 appel-

528 4282 770 4349 lantur),
802 4282 929 4338 hasc
955 4281 1061 4337 ubi
1081 4280 1338 4338 audierit
1364 4281 1626 4354 sapiens,
1659 4283 1783 4338 sive
1810 4282 1916 4356 qui
1944 4284 2181 4356 sapien-

532 4371 629 4429 tiae
654 4371 829 4427 fuerit
847 4374 1106 4438 amator,
1154 4370 1280 4427 sive
1305 4371 1412 4445 qui
1431 4372 1560 4443 jam
1589 4372 1653 4427 in
1681 4372 1815 4446 ipsa
1842 4373 2180 4445 profecerit,

531 4459 716 4516 futuri
736 4463 876 4516 sunt
901 4460 1313 4532 sapientiores.
1338 4463 1406 4517 Et
1432 4477 1574 4518 vero
1604 4465 1670 4518 ut
1694 4461 1883 4519 multa
1907 4462 1983 4518 de
2001 4462 2181 4519 rebus

533 4548 754 4604 divinis
784 4549 1073 4619 dogmata
1110 4549 1362 4620 discent,
1416 4550 1498 4608 ita
1538 4551 1729 4608 multa
1775 4552 1850 4608 de
1893 4553 2181 4609 humanis

532 4637 1051 4706 docebuntur,hoc
1064 4638 1198 4711 ipso
1217 4639 1372 4695 libro
1389 4640 1551 4695 varie
1567 4641 1778 4697 vitium
1798 4641 2181 4713 proﬂigante,

533 4731 590 4784 et
618 4743 826 4783 rursus
868 4726 1073 4783 multis
1101 4727 1302 4782 modis
1339 4726 1618 4784 virtutem
1662 4730 2009 4786 inducente.
2054 4730 2186 4786 Lin-

534 4833 717 4891 guam
737 4817 1012 4890 iniquam
1033 4815 1498 4885 frenat,oculum
1519 4817 1715 4873 erudit
1732 4835 1919 4890 prava
1944 4819 2185 4877 intuen-

2289 2955 2492 3023 σοφίαν,
2544 2954 2634 3002 καὶ
2689 2957 2788 3001 τῶν
2842 2947 3240 3021 ἐναποκειμένων
3288 2948 3467 3009 αὐτοῖς
3512 2944 3900 3021 παιδευμάτων

2285 3040 2501 3114 μείζονά
2530 3038 2642 3092 ἐστι
2670 3041 2737 3092 τὰ
2766 3036 2820 3090 ἐκ
2850 3046 2946 3100 τῆς
2976 3036 3162 3110 βίϐλου
3210 3039 3407 3098 ταύτης
3457 3033 3896 3112 παραδιδόμενα.

2282 3137 2443 3182 Ὥστε
2496 3137 2595 3181 τῶν
2658 3129 2748 3201 μὲν
2802 3126 2967 3179 ἄλλων
3016 3122 3358 3180 διδασκάλων
3407 3128 3456 3178 οἱ
3508 3127 3712 3201 ἄπειροί
3785 3124 3899 3178 εἰσι

2285 3219 2556 3291 μαθηται·
2615 3224 2709 3278 τῆς
2753 3212 2813 3269 δὲ
2868 3214 3053 3289 βίϐλου
3113 3217 3305 3276 ταύτης
3345 3212 3599 3291 ἀκροαταί
3645 3214 3780 3267 εἰσιν
3842 3216 3899 3266 οἱ

2289 3311 2458 3380 σοφοί.
2495 3302 2704 3364 Ἐπειδὴ
2749 3303 2808 3358 δὲ
2839 3307 3108 3378 ὁμώνυμόν
3141 3305 3274 3378 (48’)
3323 3302 3436 3357 ἔστι
3476 3307 3535 3356 τό
3583 3310 3683 3355 τῶν
3713 3311 3898 3376 σοφῶν

2288 3400 2448 3468 ὄνομα
2476 3392 2652 3468 (σοφοὶ
2677 3396 2779 3470 γὰρ
2818 3399 2910 3446 καὶ
2937 3397 2987 3446 οἱ
3016 3400 3106 3446 τοῦ
3141 3397 3344 3467 κόσμου
3391 3395 3577 3446 τούτου
3622 3392 3893 3465 λέγονται,

2290 3490 2440 3557 σοφοὶ
2482 3489 2571 3537 καὶ
2618 3487 2667 3537 οἱ
2694 3488 2788 3543 τὴν
2839 3482 3085 3543 ἀληθινὴν
3131 3488 3309 3556 σοφίαν
3356 3486 3443 3535 τὸν
3489 3484 3677 3558 Κύριον
3734 3482 3895 3554 ἡμῶν

2292 3576 2496 3643 Ἰησοῦν
2526 3577 2741 3647 κριστόν
2774 3571 2829 3625 ἐκ
2866 3581 2962 3635 τῆς
3005 3572 3076 3635 εἰς
3139 3572 3294 3624 αὐτὸν
3346 3575 3572 3633 πίστεως
3615 3567 3893 3633 ὑποδεξά-

2289 3664 2472 3736 μενοι),
2514 3666 2635 3723 τοὺς
2674 3661 2852 3725 ἔξωθεν
2895 3665 3043 3723 ὄντας
3089 3668 3180 3713 τοῦ
3222 3660 3340 3714 καθ’
3378 3662 3514 3734 ἡμᾶς
3554 3659 3731 3732 λόγου,
3775 3657 3893 3712 ἕπει

2292 3748 2389 3805 δαν
2418 3751 2747 3828 προσέλθωσι
2776 3757 2837 3823 τῇ
2881 3751 3191 3823 ὑγιαινούσῃ
3235 3758 3335 3802 τῶν
3384 3756 3683 3825 Παροιμιῶν
3727 3745 3896 3801 διδα-

2293 3841 2506 3914 σκαλίᾳ,
2559 3845 2879 3914 σοφωτέρους
2934 3841 3148 3892 ἔσεσθαι
3222 3840 3247 3890 6
3315 3838 3466 3911 λόγος
3539 3837 3895 3910 κατεπαγγέλ-

2289 3931 2467 3984 λεται·
2516 3929 2867 4003 ἀτιμάζοντας
2914 3930 3003 4002 μεν
3050 3932 3145 3986 τὴν
3203 3936 3303 3981 τῶν
3365 3932 3598 4001 ματαίων
3670 3935 3895 3999 γνῶσιν,

2290 4021 2657 4093 μετατιθέντας
2710 4015 2769 4072 δι
2816 4020 2875 4070 τό
2928 4020 3103 4090 θαῦμα
3152 4020 3283 4092 πρὸς
3330 4021 3423 4076 τὴν
3478 4015 3740 4074 ἀλήθειαν.
3821 4016 3899 4071 Ἦ

2291 4105 2470 4167 ἐπειδὴ
2503 4107 2784 4180 πολλαχῶς
2805 4107 3010 4180 λέγεται
3035 4108 3060 4158 6
3089 4108 3247 4179 σοφός
3293 4107 3337 4166 (6
3383 4124 3439 4158 τε
3483 4108 3584 4181 γὰρ
3625 4104 3899 4179 ἐπιθυμῶν

2292 4200 2498 4270 σοφίας,
2558 4202 2647 4250 καὶ
2705 4198 2730 4249 6
2788 4195 2836 4248 ἐν
2902 4203 3138 4270 προκοπῇ
3197 4191 3304 4253 ἤδη
3345 4194 3413 4246 ὢν
3460 4201 3559 4246 τῶν
3584 4202 3675 4254 τῆς
3706 4198 3900 4266 σοφίας

2293 4288 2659 4361 θεωρημάτων,
2728 4290 2819 4337 καὶ
2867 4286 2893 4336 ό
2940 4284 3315 4356 τετελειωμένος
3374 4285 3510 4335 κατά
3599 4287 3692 4341 τὴν
3763 4283 3895 4351 ἕξιν,

2292 4378 2480 4449 ὁμοίως
2528 4375 3006 4449 προσαγορεύονται
3063 4373 3220 4444 [49]),
3286 4374 3482 4424 τούτων
3558 4370 3787 4433 ἀκούσας
3867 4375 3897 4424 6

2295 4468 2467 4538 σοφός,
2515 4467 2613 4516 εἴτε
2659 4466 2683 4517 ό
2736 4462 2963 4536 ἐραστὴς
3018 4470 3112 4524 τῆς
3158 4465 3357 4534 σοφίας,
3415 4464 3513 4515 εἶτε
3550 4466 3639 4514 καὶ
3697 4464 3724 4514 ό
3778 4458 3893 4521 ἤδη

2294 4551 2621 4615 διαϐεϐηκὼς
2665 4551 2713 4605 ἐν
2761 4552 2916 4625 αὐτῇ,
2980 4557 3261 4625 σοφώτεροι
3313 4553 3538 4616 ἔσονται,
3596 4550 3760 4604 πολλά
3797 4554 3896 4625 μεν

2291 4648 2409 4716 περὶ
2438 4651 2537 4694 τῶν
2567 4644 2710 4694 θείων
2740 4638 3100 4701 παιδευθέντες
3140 4636 3440 4711 δογμάτων,
3488 4639 3671 4700 πολλὰ,
3693 4637 3754 4693 δὲ
3800 4648 3897 4696 καὶ

2292 4736 2411 4807 περὶ
2463 4740 2562 4784 τῶν
2611 4729 2941 4806 ἀνθρωπίνων
2989 4725 3446 4801 ἐκδιδασκόμενοι,
3505 4729 3752 4791 ποικίλως
3799 4733 3894 4803 μὲν

2294 4825 2387 4879 τὴν
2426 4825 2612 4874 κακίαν
2657 4819 2991 4896 ἐξοριζούσης
3046 4826 3141 4880 τῆς
3193 4815 3400 4891 βίϐλου,
3453 4818 3787 4895 πολυτρόπως
3832 4817 3897 4876 δὲ

607 4946 654 4982 ⁵9
686 4944 843 5001 Psal.
876 4960 1082 5012 xxxru,
1109 4948 1164 5001 9.
1241 4944 1289 4979 ⁸ο
1319 4945 1491 4999 Prov.
1516 4958 1594 5009 1v,
1629 4947 1681 5012 6,
1715 4947 1768 5000 8.
1844 4945 1886 4980 ⁶¹
1925 4944 2112 5003 Eccle.
2145 4963 2176 5003 ιι

2284 4956 2309 5002 ι.
2386 4949 2433 4983 δι
2466 4949 2637 5003 Prov.
2670 4962 2746 5016 ιιι,
2778 4949 2831 5004 4.
2906 4947 2954 4983 ⁸³
2986 4949 3153 5005 Prov.
3181 4963 3240 5019 ιι,
3272 4950 3364 5003 2t.
3441 4946 3489 4982 ⁸³
3523 4943 3673 5001 Psal.
3698 4960 3895 5027 xxxvi,

538 5035 630 5091 11.
715 5036 761 5071 ⁸⁵
792 5034 990 5093 Matth.
1014 5049 1071 5101 v,
1102 5037 1156 5089 4.

606 5159 915 5247 ςιιιρεξιδ-
940 5158 1178 5247 Primis,
1202 5166 1372 5242 me“-

1232 5034 1279 5070 σε
1302 5036 1473 5089 Prov.
1507 5048 1587 5101 ιιι,
1611 5036 1700 5089 35.
1778 5034 1820 5068 ⁸⁷
1852 5037 2023 5091 Prov.
2057 5052 2093 5104 ι,
2123 5040 2180 5094 5.

608 5227 744 5305 (ἥδ)
772 5227 998 5305 Illa,66x
1021 5230 1183 5305 ὠφελή
1195 5227 1672 5305 σείύπάρχοντα-ἐν
1699 5231 1869 5305 ἡμέρᾳ
1888 5237 2045 5305 κακῇ,
2070 5246 2192 5305 non

532 5300 871 5371 prederunt
899 5300 1253 5373 facultates,
1285 5302 1348 5357 in
1380 5300 1474 5358 die
1501 5303 1689 5369 mata,
1721 5300 1942 5358 desunt
1977 5300 2041 5356 in
2070 5300 2191 5358 edi-

539 5372 700 5427 tione
720 5372 1013 5429 Romana.
1045 5376 1194 5443 Lege
1209 5373 1430 5443 _Nobilii
1452 5381 1627 5429 notas
1649 5380 1706 5429 et
1728 5373 2020 5442 Hexapta.

613 5443 723 5514 (48)
766 5443 936 5518 Illud,
976 5441 1164 5518 ἄκακοι
1180 5441 1253 5518 ,δὴ
1278 5443 1733 5518 κληρονομήσουσι
1761 5441 2198 5518 γῆνίίηηοεεη-

543 5518 627 5570 tes
649 5519 847 5571 autem
879 5515 1318 5572 haereditabunt
1358 5515 1603 5588 terram,
1652 5515 1911 5588 reperire
1948 5530 2072 5571 non
2109 5520 2197 5573 est

2263 5037 2311 5073 ⁸⁸
2339 5039 2359 5092 l
2386 5037 2519 5092 Cor.
2549 5052 2589 5103 1,
2624 5039 2718 5092 20.

2802 5037 2848 5072 δ’
2883 5035 2929 5090 ΙΙ
2962 5038 3095 5093 Cor.
3125 5051 3207 5104 xx,
3241 5040 3330 5092 19.

2300 5158 2468 5231 apud
2491 5161 2635 5226 LXX,
2676 5158 2783 5231 qui
2806 5158 2890 5215 ita
2914 5157 3159 5231 habent,
3210 5160 3292 5212 ὅτι
3321 5158 3506 5231 -εύθεῖς
3546 5163 3898 5217 κατασκηνώ-

2303 5229 2458 5283 caua;
2486 5240 2602 5301 γῆν,
2638 5229 2919 5302 ᾳιὶοηίαηι
2971 5232 3123 5287 recti
3146 5229 3609 5295 inhabitabant,
3632 5234 3890 5302 terram.

2302 5300 2556 5357 Basilius
2578 5300 2740 5357 credi
2762 5306 2955 5374 potest
2975 5303 3116 5374 Sym
3127 5302 3413 5358 machum
3426 5305 3667 5357 secutus
3684 5300 3897 5359 fuisse.

2302 5374 2454 5443 Lege
2481 5378 2655 5429 notas
2680 5372 2914 5429 Nobilii.

2372 5440 2512 5517 (18')
2541 5443 2704 5517 C911).
2742 5444 2945 5517 tertius
2974 5440 3155 5517 ἐπειδὴ
3190 5441 3248 5497 δὲ
3279 5442 3562 5517 ἐπώνυμον.

2377 5514 2836 5588 (49](201ὺειτῑίιιὶ
2864 5514 2987 5573 duo
3014 5514 3154 5572 libri
3180 5514 3642 5591 προσαγορεύεται.
