4076 6190
186 274 293 336 417

1137 263 1435 334 HOMILIA
1472 276 1543 330 IN
1582 257 1987 330 PRINCIPIUM
2024 264 2577 335 PROVERBIORUH

3433 272 3543 342 41s

186 402 342 453 παλιν
407 399 821 472 ἁντεισαγούσης
870 403 966 459 τήν
1030 398 1234 474 ἀρετὴν·
1291 399 1540 453 Γλῶσσαν
1597 393 1783 449 ἄδικον

1915 411 2035 464 em,
2078 415 2297 457 manus
2333 401 2626 458 violentas
2648 401 2955 459 neminem
2990 403 3128 460 sinit
3163 405 3426 478 priorem
3457 409 3544 464 in-

186 491 419 563 χαλινοῖ,
462 489 723 563 ὀφθαλμὸν
760 486 1000 543 παιδεύει
1041 491 1242 565 πονηρὰ
1273 488 1549 562 βλέποντα,
1590 494 1784 561 χειρῶν

185 578 388 633 ἀδίκων
443 581 633 654 ἄρχειν
698 579 791 631 οὐκ
855 577 1134 654 ἐπιτρέπει·
1214 577 1400 654 ἀργίαν
1475 573 1782 642 ἀποδιὼκει,

184 669 472 742 ἐπιθυμίας
518 666 746 729 ἀτόπους
795 668 1023 735 κολάζει,
1084 664 1334 725 διδάσκει
1381 671 1649 742 φρόνησιν,
1706 660 1788 717 δι-

185 755 383 811 δάσκει
448 753 687 832 ἀνδρίαν,
754 760 1090 832 σωφροσύνην
1146 756 1509 831 ἀποσεμνύνει.
1575 754 1634 807 Ὀ
1700 749 1787 806 οὖν

183 856 361 901 ταῦτα
396 843 719 914 παιδευθεὶς,
765 852 857 899 καὶ
901 851 996 906 τὴν
1033 868 1086 901 τι
1128 850 1259 923 πρὸς
1301 850 1366 899 τὰ
1416 851 1635 920 χείρονα
1672 839 1789 896 δια-

182 937 346 996 ϐολὴν
390 937 621 1011 ἰσχυρὰν
649 937 786 1008 ἔχων
815 934 939 1012 παρ’
980 936 1162 1010 ἑαυτῷ,
1195 941 1286 990 καὶ
1313 941 1407 995 τὴν
1451 943 1544 988 τοῦ
1592 933 1789 1006 ἀγαθοῦ

179 1032 362 1102 ἔφεσιν
389 1027 593 1101 μείζονι
638 1034 699 1099 τῇ
751 1028 909 1101 ὁρμῇ,
961 1026 1064 1081 οἷον
1096 1023 1189 1080 διά
1218 1047 1357 1088 τινος
1387 1028 1786 1098 ὑποφωνήσεως,

178 1118 675 1194 προσκτησάμενος,
700 1120 859 1189 σοφός
878 1117 946 1168 ὢν
973 1112 1067 1169 διὰ
1084 1120 1178 1176 τὴν
1197 1118 1391 1169 οἰκείαν
1411 1117 1597 1190 ὁρμὴν,
1624 1117 1793 1186 σοφώ-

175 1228 334 1284 τερος
359 1212 537 1280 γέγονε
568 1203 662 1260 διὰ
684 1211 780 1266 τὴν
805 1206 859 1260 ἐκ
889 1215 984 1269 τῆς
1014 1203 1369 1268 διδασκαλίας
1397 1205 1680 1259 τελείωσιν.

249 1304 351 1355 15.
398 1297 458 1350 Ὀ
508 1293 568 1350 δέ
612 1302 816 1369 νοήμων
861 1295 1170 1371 κυϐέρνησιν
1217 1300 1491 1356 κτήσεται.
1537 1298 1651 1369 Χρὴ
1702 1294 1788 1346 τὸν

170 1388 439 1463 μέλλοντα
505 1389 778 1461 προσιέναι
841 1390 1035 1459 τέχνης
1091 1390 1230 1449 τινὸς
1285 1385 1540 1457 ἀναλήψει
1592 1386 1687 1447 τὰς
1734 1381 1790 1435 ἐκ

172 1488 274 1540 τῆς
350 1481 552 1549 φύσεως
616 1472 1051 1539 ἐπιτηδειότητας
1134 1476 1550 1551 ηὐτρεπισμένας
1623 1476 1785 1545 ἔχειν·

172 1572 266 1621 τὸν
309 1566 613 1626 παλαιστὴν
659 1570 755 1625 τὴν
798 1573 889 1619 τοῦ
945 1572 1185 1640 σώματος
1234 1562 1520 1618 διάπλασιν
1567 1568 1657 1616 καὶ
1694 1566 1789 1622 τὸν

177 1658 378 1731 ἰσχύν
434 1658 521 1709 τὸν
581 1652 834 1730 δρομικὸν
898 1659 992 1714 τὴν
1056 1655 1407 1728 εὖαρμοστὶαν
1471 1662 1572 1706 τῶν
1626 1652 1789 1726 μελῶν

1892 484 2248 555 ferre,otium
2271 490 2476 560 abigit,
2499 489 2799 546 desideria
2821 492 3016 563 turpia
3053 494 3343 566 reprimit,
3371 496 3549 555 docet

1893 576 2299 647 prudentiam,
2362 579 2537 635 docet
2582 578 3014 649 fortitudinem,
3084 587 3548 657 temperantiam

1896 665 2172 722 adornat.
2204 669 2396 733 Quare
2425 668 2556 724 haec
2584 668 2687 742 qui
2719 668 2967 726 edoctus
3004 670 3200 742 fuerit,
3230 674 3546 748 oder-itque

1894 751 2123 810 fortiter
2145 754 2206 810 in
2237 756 2558 829 semetipso
2589 755 2902 825 deteriora,
2934 762 2992 815 et
3014 759 3159 816 boni
3180 760 3548 819 desiderium

1895 841 2126 916 impetu
2146 844 2377 916 majore
2407 845 2569 901 velut
2594 846 3028 904 acclamatione
3075 850 3348 921 quadam
3373 850 3551 908 fuerit

1897 937 2178 1006 adeptus,
2195 933 2437 1006 sapiens
2459 950 2598 991 cum
2620 935 2820 992 sitsuo
2845 936 3038 1008 ipsius
3062 937 3314 1010 impetu,
3342 944 3549 996 tamen

1897 1037 2006 1095 per
2029 1022 2459 1096 perfectionem
2495 1040 2568 1081 ex
2598 1023 2868 1083 doctrina
2895 1026 3282 1086 accedentem
3311 1028 3551 1103 sapien-

1898 1112 2012 1169 tior
2032 1111 2305 1171 efﬁcitur.

1974 1293 2318 1364 15.1ntellig
2330 1309 2433 1350 ens
2453 1300 2653 1351 autem
2667 1295 3161 1366 gubernationem
3177 1296 3459 1355 obtinebit
3475 1292 3546 1354 7°.

1900 1381 2010 1449 Qui
2023 1384 2098 1439 ad
2121 1389 2315 1439 artem
2336 1384 2607 1456 aliquam
2624 1385 3057 1442 assumendam
3072 1394 3549 1459 accessurusest,

1899 1486 2038 1529 eum
2057 1477 2292 1545 oportet
2307 1478 2514 1547 aptam
2526 1474 2993 1549 expeditamque
3012 1481 3294 1534 naturam
3314 1477 3395 1534 ad
3414 1494 3552 1535 eam

1899 1561 2301 1617 exercendam
2357 1561 2580 1619 habere
2625 1581 2639 1630 ;
2692 1562 3069 1628 luctatorem,
3128 1581 3348 1638 corpus
3399 1566 3555 1622 bene

1900 1649 2296 1706 constitutum
2327 1654 2383 1707 et
2422 1650 2742 1708 robustum
2773 1669 2787 1721 ;
2818 1669 3146 1722 cursorem,
3189 1654 3557 1712 concinnita-

174 1753 272 1800 καὶ
331 1752 433 1806 τὴν
485 1751 801 1819 κουφότητα·
853 1745 989 1798 οὕτω
1044 1749 1133 1797 καὶ
1202 1748 1291 1798 τὸν
1357 1742 1674 1819 κυϐερνήτην
1731 1744 1790 1794 τὸ

1913 1744 2021 1797 lem
2045 1739 2460 1796 membrorum
2478 1745 2657 1812 atque
2676 1738 3006 1798 levitatem:
3031 1743 3112 1798 ad
3150 1738 3556 1823 eumdemque

175 1848 282 1902 τες
334 1834 576 1897 διανοίας
622 1834 712 1898 όξὺ
759 1839 851 1888 καὶ
904 1834 1442 1911 εὐπαρακολούθητον,
1499 1834 1595 1886 Διὰ
1638 1839 1793 1885 τοῦτο

181 1929 244 1981 οὗ
293 1930 391 1980 τόν
437 1930 675 1998 τυχόντα
710 1924 856 1977 καλεῖ
892 1927 1024 1998 πρὸς
1059 1929 1154 1984 τὴν
1200 1923 1510 1998 κυϐίρνησιν
1554 1924 1580 1975 ὁ
1619 1921 1791 1995 λόγος,

184 2016 322 2070 ἐι).λᾶ
390 2018 481 2068 τόν
534 2018 779 2087 νοήμονα,
849 2020 913 2066 Τι
964 2009 1024 2066 δέ
1082 2011 1221 2078 ἐστιν
1269 2015 1301 2072 ἡ
1370 2011 1700 2088 κυϐέρνησις,
1760 2011 1790 2070 ἦ

182 2110 402 2167 πάντως
454 2103 718 2176 ἐπιστήμη
771 2102 959 2175 ψυχῆς
1014 2107 1131 2177 περὶ
1197 2107 1292 2162 τὴν
1349 2103 1574 2155 ἄστατον
1642 2102 1795 2174 φύσιν

182 2206 292 2249 τῶν
361 2195 697 2269 ἀνθρωπίνων
760 2193 1104 2268 πραγμάτων,
1172 2194 1312 2255 ὅπως
1378 2192 1541 2251 αὐτὴν
1606 2187 1641 2243 δ
1646 2207 1796 2243 ιαπε-

185 2287 485 2362 ραιούσθαι
510 2287 768 2359 προσήκει
794 2298 810 2350 ;
844 2281 1120 2354 Πολλαχοῦ
1144 2302 1246 2357 γαρ
1277 2277 1452 2334 ὕδατα
1488 2284 1577 2333 καὶ
1607 2279 1799 2333 θάλασ-

192 2396 293 2429 σαν
330 2379 419 2427 τὸν
446 2372 567 2447 βίον
596 2379 779 2425 τοῦτον
825 2372 1130 2445 εὑρίσκομεν
1173 2372 1273 2425 ὑπό
1302 2380 1401 2432 τῆς
1430 2376 1639 2445 Γραφῆς
1668 2369 1798 2422 ὠνο-

189 2468 485 2538 μασμένον,
510 2467 521 2471 ’
569 2464 639 2524 ὡς
712 2459 763 2513 ίν
838 2468 911 2532 τῷ
992 2459 1202 2534 ψαλμῷ·
1286 2458 1667 2524 Ἐξαπέστειλεν
1747 2456 1801 2520 ἐξ

190 2555 386 2626 ὕψους,
448 2556 538 2604 καὶ
586 2549 734 2604 ἔλαϐε
800 2569 884 2624 με’
952 2549 1298 2624 προσελάϐετο
1364 2569 1427 2623 με
1484 2547 1537 2612 ἐξ
1593 2544 1803 2601 ὑδάτων

194 2643 420 2698 πολλῶν.
466 2638 735 2715 Πρόδηλον
773 2642 897 2715 γὰρ,
951 2641 1031 2692 ὅτι
1086 2645 1180 2699 την
1231 2643 1475 2716 ταραχὴν
1522 2645 1615 2691 τοῦ
1654 2635 1798 2711 βίου,

195 2731 380 2787 ⁹ῖνδιιτοι
418 2730 578 2804 Μγιι.
626 2731 759 2783 Οὔτε
794 2731 897 2805 γὰρ
936 2730 1002 2781 τὰ
1045 2724 1194 2793 δεξιὰ
1228 2734 1319 2781 καὶ
1364 2722 1806 2804 περισπούδαστα

196 2831 314 2885 τοῖς
355 2820 567 2882 πολλοῖς
593 2823 652 2873 τὸ
682 2820 844 2881 ἑστὼς
879 2823 970 2871 καὶ
998 2822 1212 2892 μόνιμον
1243 2821 1376 2892 ἔχει,
1419 2821 1535 2871 οὔτε
1557 2819 1625 2870 τὰ
1651 2834 1804 2890 περι-

202 2914 443 2968 στατικᾶι
487 2919 589 2962 τῶν
640 2909 963 2984 πραγμάτων
1005 2912 1095 2961 καὶ
1142 2913 1348 2980 κατήφῆ
1394 2910 1599 2979 παγίως
1628 2902 1806 2980 ἡδρα-

205 3022 352 3055 σται·
382 2999 515 3053 ἆλλὰ
543 3000 711 3053 πάντα
750 2997 890 3069 σάλῳ
927 3000 1026 3049 τινὶ
1069 3001 1159 3050 καὶ
1189 2996 1352 3069 κλόνῳ
1378 3001 1468 3049 καὶ
1496 2993 1808 3069 μεταϐολαῖς

206 3088 501 3152 ἀδοκήτοις
532 3090 822 3143 ὑπόκειται,
861 3086 1060 3160 Ὥσπερ
1111 3082 1199 3139 οὖν
1232 3086 1500 3139 θάλασσαν
1532 3082 1806 3158 ἀμήχανον

206 3187 306 3240 τὴν
351 3180 521 3239 αὐτὴν
574 3176 658 3231 ἐπὶ
708 3176 839 3230 πολὺ
879 3173 1161 3253 διαρκέσαι
1202 3178 1320 3248 (τὴν
1374 3178 1474 3250 γὰρ
1526 3181 1615 3227 νῦν
1669 3174 1807 3226 λείαν

207 3273 299 3323 καὶ
327 3268 588 3343 σταθερὰν
634 3268 820 3340 μικρὸν
858 3265 1074 3339 ὕστερον
1118 3264 1220 3337 ὄψῃ
1416 3261 1565 3336 βίαις
1612 3257 1808 3335 ἀνίμων

208 3361 629 3435 τραχυνομένην,
679 3360 769 3408 καὶ
805 3358 980 3428 μέντοι
1008 3358 1099 3407 καὶ
1140 3357 1236 3413 τὴν
1285 3351 1679 3427 ἀγριαίνουσαν,
1720 3353 1810 3402 καὶ

213 3448 589 3522 βρασσομένην
626 3452 698 3515 τῷ
737 3439 986 3512 κλύδωνι,
1030 3441 1223 3516 βαθεῖα
1261 3441 1458 3515 γαλήνη
1506 3443 1648 3514 ταχὺ
1678 3458 1810 3492 κατ-

214 3536 527 3611 εστόρεσεν)·
577 3534 712 3588 οὕτω
752 3536 844 3586 καὶ
891 3534 957 3585 τὰ
1003 3539 1095 3585 τοῦ
1127 3530 1250 3605 βίου
1290 3533 1577 3605 πράγματα
1609 3526 1813 3605 ῥᾳδίως

209 3626 462 3699 λαμϐάνει
519 3626 614 3686 τὰς
675 3622 1025 3697 περιπροφάς
1090 3618 1163 3694 ἔφ’
1216 3619 1452 3695 ἑκάτερα.
1509 3621 1605 3672 Διά
1658 3624 1811 3671 τοῦτο

216 3715 535 3789 κυϐερνήτου
564 3716 744 3786 χρεία,
795 3713 878 3764 ἵνα
917 3714 1008 3763 καὶ
1046 3708 1095 3762 ἓν
1123 3708 1323 3783 γαλήνῃ
1370 3716 1461 3762 τοῦ
1511 3707 1633 3782 βίου
1677 3709 1812 3761 πάν-

217 3824 314 3856 των
362 3806 507 3874 αῧτῷ
552 3804 687 3854 κατὰ
723 3801 847 3877 ῥοῦν
882 3800 997 3872 (51)
1042 3802 1344 3875 προϊόντων,
1394 3796 1488 3860 τὰς
1525 3794 1814 3870 μεταϐολὰς

219 3891 533 3967 ἐπιδέχηται,
580 3895 671 3943 καὶ
715 3894 787 3963 μὴ
830 3892 899 3952 ὡς
938 3886 1214 3949 ἀθανάτοις
1261 3885 1659 3945 ἓπαναπαύηται
1700 3891 1815 3948 τοῖς

220 3993 469 4060 παροῦσι,
504 3986 597 4035 καὶ
648 3978 698 4032 ἐν
755 3987 816 4053 τῇ
880 3972 1285 4054 σκυθρωπότερα
1348 3976 1673 4030 καταστάσει
1737 3978 1809 4049 μὴ

221 4075 476 4148 ἄπελπίζη
526 4071 727 4138 ἑαυτὸν,
767 4064 908 4143 μηδὶ
936 4076 998 4141 τῇ
1044 4070 1393 4143 περισσοτέρᾳ
1439 4066 1575 4140 λύπῃ
1638 4084 1810 4118 κατα-

220 4167 397 4226 πθεὶς
422 4160 750 4236 ὑποϐρύχιος
777 4163 1016 4232 φέρηται.
1049 4159 1183 4210 Οὔτε
1234 4158 1334 4231 γὰρ
1380 4157 1495 4227 (52)
1524 4156 1675 4227 ὑγεία
1713 4159 1814 4208 σώ-

1901 1828 2157 1885 modum
2172 1828 2659 1900 gubernatorem,
2673 1846 2928 1887 acumen
2946 1831 3163 1889 mentis
3175 1849 3247 1890 ac
3264 1834 3557 1903 sagacita-

1901 1921 2044 1975 tem.
2061 1919 2103 1985 Q
2114 1917 2467 1975 uamobrem
2481 1933 2604 1975 non
2616 1919 2948 1991 quemlibet
2960 1920 3038 1977 ad
3056 1920 3557 1992 gubernationem

1902 2006 2418 2079 vocatScriptura,
2441 2006 2546 2062 sed
2561 2006 3015 2078 intelligentem.
3053 2009 3209 2076 Quid
3235 2014 3439 2068 autem
3468 2014 3561 2068 est

1905 2093 2283 2167 gubernatio,
2306 2096 2349 2165 1
2368 2097 2411 2165 1
2430 2097 2473 2165 1
2501 2095 2616 2151 nisi
2637 2095 2887 2152 omnino
2902 2097 3088 2154 animi
3107 2098 3358 2156 scientia
3377 2105 3559 2173 atque

1906 2201 2029 2251 ars,
2059 2184 2219 2240 circa
2239 2199 2443 2240 rerum
2463 2184 2875 2242 humanarum
2903 2184 3380 2258 instabilitatem,
3411 2204 3561 2261 quo-

1905 2274 2092 2333 modo
2117 2289 2230 2347 par
2249 2274 2323 2331 sit
2341 2290 2479 2331 eam
2500 2275 2811 2346 trajicere?
2831 2278 2982 2333 Nam
3001 2277 3151 2335 locis
3174 2279 3378 2336 multis
3397 2280 3560 2335 inve-

1906 2364 2111 2421 nimus
2145 2363 2334 2420 vitam
2375 2362 2533 2420 hanc
2562 2380 2756 2437 aquas
2778 2368 2836 2422 et
2864 2382 3031 2422 mare
3052 2383 3090 2424 a
3114 2368 3426 2441 Scriptura
3456 2385 3562 2442 ap-

1906 2453 2222 2529 pellatam,
2242 2458 2309 2510 ut
2336 2451 2398 2509 in
2424 2452 2665 2510 Psalmo
2697 2470 2710 2507 :
2742 2454 2908 2511 Misit
2939 2456 3013 2512 de
3036 2471 3288 2527 summa,
3311 2467 3367 2516 et
3395 2476 3560 2520 acce-

1908 2545 1996 2617 pit
2013 2541 2654 2613 me:assumpsitmede
2665 2543 2836 2614 aquis
2854 2545 3063 2600 multis
3076 2546 3147 2603 7'.
3168 2548 3400 2606 Etenim
3419 2551 3558 2609 vitta

1909 2633 2239 2693 tumultum
2268 2649 2463 2706 aquas
2485 2638 2691 2706 aperte
2715 2638 2913 2691 vocat.
2934 2637 3135 2708 Neque
3155 2637 3317 2693 enim
3342 2655 3439 2696 res
3470 2658 3563 2699 se-

1911 2723 2147 2796 cundae,
2174 2728 2231 2780 et
2249 2739 2513 2796 quarum
2538 2722 2736 2780 studio
2764 2723 3034 2798 plerique
3059 2729 3355 2799 tenentur,
3378 2729 3563 2788 stabi-

1910 2813 2137 2885 litatem
2156 2827 2228 2869 ac
2243 2810 2699 2868 diuturnitatem
2718 2811 2965 2882 habent,
2978 2828 3173 2888 neque
3185 2832 3279 2872 res
3293 2817 3565 2878 adversa:

1914 2919 1986 2961 ac
2021 2903 2222 2960 tristes
2251 2905 2600 2958 constanter
2623 2908 3048 2975 perseverant:
3090 2905 3198 2961 sed
3252 2907 3566 2978 agitationi

1914 2990 2160 3049 cuidam
2179 2990 2494 3063 motuique
2523 2995 2582 3046 et
2620 2990 2948 3063 inopinatis
2983 2993 3424 3052 mutationibus
3455 2999 3566 3055 ob-

1836 3107 1877 3164 ς
1914 3080 2102 3139 noxia
2127 3083 2267 3136 sunt
2292 3078 2518 3141 omnia.
2542 3079 3072 3144 Quemadmodum
3092 3081 3274 3151 igitur
3290 3083 3421 3140 ﬁeri
3441 3102 3567 3144 non

1914 3174 2130 3246 potest,
2152 3174 2218 3226 ut
2244 3184 2413 3226 mare
2459 3167 2565 3224 diu
2589 3167 2753 3224 idem
2796 3175 3156 3243 permaneat
3179 3171 3374 3244 (quod
3401 3175 3565 3233 enim

1914 3276 2081 3318 nunc
2100 3257 2495 3332 tranquillum
2523 3273 2597 3315 ac
2617 3257 2831 3314 stabile
2852 3258 3042 3327 vides,
3067 3260 3251 3332 paulo
3272 3269 3410 3335 post
3428 3280 3569 3323 con-

1915 3349 2134 3424 spicies
2166 3353 2477 3406 ventorum
2505 3347 2565 3404 vi
2584 3353 3009 3420 exasperatum
3037 3364 3051 3404 :
3074 3350 3242 3422 quod
3261 3369 3406 3410 vero
3432 3353 3569 3414 effe-

1914 3444 2117 3497 ratum
2147 3442 2259 3508 est,
2292 3442 2350 3495 et
2375 3442 2527 3494 aestu
2556 3436 2973 3510 effervescens,
2996 3439 3144 3496 mox‘
3161 3443 3569 3515 tranquillitas

1916 3527 2039 3586 alta
2060 3526 2255 3598 sedat)
2285 3543 2299 3581 :
2335 3526 2421 3583 sic
2450 3525 2634 3582 etiam
2662 3541 2759 3581 res
2790 3526 3121 3583 mundanae
3158 3528 3219 3584 in
3246 3534 3569 3604 utramque

1916 3620 2155 3690 partem
2169 3613 2345 3672 facile
2364 3616 2969 3671 convertuntur.Eam
2983 3615 3065 3672 ob
3077 3632 3329 3675 causam
3346 3620 3570 3691 guber-

1916 3710 2129 3763 natore
2165 3719 2323 3776 opus
2350 3708 2465 3773 est,
2496 3707 2560 3760 ut
2581 3707 2639 3760 et
2666 3702 2731 3759 in
2752 3703 2884 3759 vitae
2910 3704 3341 3778 tranquillitate
3368 3708 3566 3766 omni-

1915 3796 2035 3853 bus
2064 3809 2137 3851 ex
2157 3791 2346 3850 animi
2367 3791 2666 3848 sententia
2684 3791 3170 3867 procedentibus,
3204 3798 3571 3855 mutationes

1918 3882 2318 3960 praestoletur,
2347 3896 2459 3937 nec
2487 3880 2550 3936 in
2575 3879 2977 3953 praesentibus
3002 3887 3298 3956 tanquam
3330 3902 3572 3961 semper

1918 3971 2334 4050 permansuris
2354 3969 2763 4043 conquiescat,
2789 3985 2989 4043 neque
3015 3969 3091 4027 de
3113 3988 3177 4028 se
3201 3971 3481 4047 desperet
3508 3972 3571 4033 in
3648 3992 3655 4001 ί

1921 4068 2083 4123 statu
2099 4060 2424 4131 moestiore,
2441 4075 2641 4133 neque
2654 4058 3097 4117 abundantiore
3115 4061 3352 4120 tristitia
3366 4064 3575 4122 absor-

1919 4155 2113 4228 ptus"
2131 4150 2794 4221 submergatur.Neque
2805 4148 2966 4204 enim
2979 4151 3250 4223 corporis
3260 4151 3573 4223 valetudo,

222 4272 404 4328 ματος,
447 4234 569 4305 οὔτε
607 4252 845 4308 νεότητος
887 4248 1061 4315 ἄνθος,
1111 4245 1207 4298 οὐκ
1250 4245 1463 4303 εὐθηνία
1508 4250 1675 4311 οἴκου,
1708 4242 1804 4317 οὐχ

1921 4255 2119 4314 neque
2133 4235 2465 4311 juventutis
2484 4235 2617 4299 ﬂos,
2631 4250 2832 4328 neque
2848 4234 3069 4292 domus
3084 4237 3358 4308 felicitas,
3373 4256 3574 4315 neque

222 4345 254 4401 ἡ
282 4344 434 4402 λοιπή
467 4348 560 4393 τοῦ
607 4336 727 4413 βίου
757 4337 1015 4412 εὐημερίοι¹
1051 4334 1265 4390 ἐπιπολὺ
1318 4331 1570 4408 διαμένει·
1613 4331 1719 4386 ἀλλ’
1764 4330 1812 4385 ἄν

223 4441 285 4505 τῇ
330 4429 485 4504 εὐδίᾳ
510 4431 674 4502 ταύτῃ
716 4435 807 4481 τοῦ
839 4425 962 4499 βίου
1009 4426 1096 4493 ὧν,
1129 4421 1354 4498 ίκδέχου
1391 4426 1517 4477 ποτὲ
1558 4426 1651 4475 καὶ
1701 4441 1815 4494 χει-

224 4530 369 4595 μῶνα
412 4520 756 4595 πραγμάτων.
785 4516 933 4580 Ἥξει
967 4518 1068 4589 γὰρ
1114 4519 1287 4582 νόσος,
1346 4517 1436 4566 καὶ
1484 4512 1596 4575 ἣξει
1641 4515 1809 4565 πενίαο

226 4611 313 4663 οὐκ
344 4610 425 4665 ἀεὶ
465 4609 606 4661 κατὰ
627 4607 864 4682 πρύμναν
904 4607 1179 4678 ἱσταμένου
1206 4610 1300 4656 τοῦ
1342 4609 1651 4676 πνεῦματος·
1686 4598 1814 4653 ἀλλά

224 4706 312 4754 καὶ
350 4700 440 4754 τόν
478 4696 812 4773 περίϐλεπτον
864 4693 913 4746 ἓν
964 4699 1098 4747 πᾶσι
1152 4696 1243 4746 καὶ
1281 4691 1513 4754 ζηλωτὸν
1556 4686 1814 4749 ἀδόκητοι

225 4790 471 4851 πολλάκις
522 4783 738 4850 ἀδοξίαι
790 4782 1269 4856 καταλαμϐάνουσιο
1326 4785 1419 4834 καὶ
1482 4786 1658 4835 πᾶσαν
1718 4783 1813 4838 τήν

226 4880 499 4954 εὐημερίαν
524 4884 621 4932 τοῦ
660 4874 805 4949 βίου,
845 4870 951 4926 οἷον
996 4868 1247 4933 σπιλάδες
1286 4873 1437 4942 τινες,
1478 4870 1817 4943 περιστάσεις

228 4968 504 5028 ἁϐοὑλητοι
554 4963 924 5038 συνετάραξαν.
971 4966 1072 5017 Καὶ
1118 4962 1149 5021 ἡ
1203 4963 1450 5033 συνίχεια
1493 4967 1593 5012 τῶν
1639 4965 1814 5011 κακῶν

290 5097 343 5133 ’³ο
380 5098 551 5153 Prov.
580 5109 620 5159 ι,
658 5095 713 5147 5.
786 5090 835 5127 τί
868 5086 1026 5145 Psal.
1054 5102 1193 5157 xvu,
1229 5087 1314 5142 l7.
1388 5086 1438 5120 ⁷³
1478 5084 1776 5153 11001511,
1807 5087 1864 5140 7.

296 5222 407 5297 (50)
427 5217 579 5276 Editi
596 5221 655 5297 et
672 5212 1061 5297 Colb._tertius
1080 5210 1217 5297 fw,
1236 5209 1346 5297 Alii
1366 5209 1488 5297 duo
1508 5225 1655 5297 mss.
1678 5208 1815 5297 alter:

229 5278 353 5373 “5.5.x
370 5295 514 5373 Βεεο
538 5290 856 5373 Prieni“
872 5278 1176 5373 ερςιξξὶξίιέέ
1190 5278 1385 5373 tri“;
1411 5280 1681 5354 λαμϐάνει·
1702 5278 1820 5339 Sed

232 5360 325 5418 alii
349 5356 645 5419 duo'uiss.
664 5358 831 5417 Colb.
862 5363 921 5413 et
944 5356 1080 5412 editi
1110 5356 1330 5429 ῥᾳδίως.
1748 5424 1758 5434 ⁰

232 5499 279 5507 ,Α
296 5441 345 5500 ὦ
358 5441 403 5501 l)
427 5436 660 5507 Veteres
679 5426 1092 5507 quatuorlibri
1110 5429 1244 5478 κατὰ
1257 5433 1396 5507 νοῡχ,
1411 5429 1818 5507 ρωιεεηίςηιια.

232 5494 482 5578 Utraque
511 5494 853 5578 editio.§ato‘g
880 5494 1024 5573 ῥοῦν,
1046 5498 1304 5578 secundp
1321 5497 1590 5578 ﬂumine.
1621 5497 1820 5576 Quan-

235 5568 411 5648 quam
436 5577 531 5634 11m
558 5576 698 5634 duae
716 5568 1009 5631 lectiones
1039 5568 1236 5642 prima
1253 5568 1448 5625 fronte
1473 5568 1663 5623 videri
1681 5581 1819 5637 pos-

1919 4328 2155 4402 reliqua
2181 4326 2318 4382 vitae
2343 4323 2743 4398 prosperitas,
2775 4322 2883 4378 diu
2903 4323 3121 4382 durat:
3156 4326 3264 4383 sed
3293 4329 3344 4384 si
3367 4330 3431 4385 in
3459 4330 3575 4388 hac

1919 4419 2059 4477 vitae
2076 4413 2394 4472 serenitate
2416 4411 2695 4479 versaris,
2711 4414 2916 4467 tamen
2930 4427 3135 4470 rerum
3152 4416 3482 4487 procellam
3503 4435 3577 4477 ac

1920 4508 2341 4581 tempestatem
2355 4500 2687 4575 aliquando
2703 4507 3006 4574 exspecta.
3019 4505 3225 4562 Veniet
3238 4506 3401 4564 enim
3417 4523 3578 4566 mor-

1920 4598 2061 4666 bus,
2098 4592 2299 4652 veniet
2348 4595 2407 4648 et
2453 4594 2803 4664 paupertas,
2851 4597 3036 4649 vento
3088 4609 3215 4651 non
3252 4611 3493 4670 semper
3538 4610 3578 4656 a

1919 4684 2117 4762 puppi
2146 4683 2449 4756 surgente.
2477 4678 2593 4736 Sed
2621 4684 2679 4736 et
2696 4680 2895 4737 virum
2925 4680 2988 4738 in
3018 4683 3305 4741 omnibus
3336 4690 3580 4759 specta.

1920 4778 2107 4835 bilem
2138 4789 2211 4830 ac
2235 4768 2654 4828 aemulandum
2683 4769 2985 4828 invadunt
3011 4772 3423 4848 inexspectata
3449 4775 3577 4847 ple-

1921 4878 2182 4937 rumque
2193 4859 2517 4928 dedecora,
2531 4863 2714 4932 atque
2727 4859 3043 4932 improvisi
3061 4877 3237 4917 casus
3257 4862 3432 4933 quasi
3447 4862 3577 4934 qui-

1924 4953 2070 5011 dam
2095 4949 2370 5009 turbines
2390 4962 2639 5005 omnem
2660 4946 2794 5004 vitae
2814 4946 3156 5005 felicitatem
3175 4946 3578 5007 interturbant

1927 5204 2047 5261 sint
2101 5199 2360 5258 multum
2407 5213 2445 5254 a
2509 5211 2574 5251 se
2628 5191 2888 5265 differre,
2950 5196 3185 5252 constat
3237 5196 3441 5256 tamen
3492 5194 3579 5258 eis

1929 5291 2120 5332 unam
2181 5278 2240 5328 et
2295 5266 2577 5345 eamdem
2631 5266 2945 5327 notionem
3018 5266 3355 5337 subjectam
3426 5285 3577 5345 esse,

1927 5347 2270 5415 eodemque
2300 5340 2521 5418 redire_._
2536 5406 2567 5418 __

2000 5419 2112 5489 (52)
2144 5408 2404 5489 Utraque
2429 5408 2609 5489 editio
2626 5410 2743 5460 οὔτε
2760 5408 2886 5482 γὰρ.
2909 5408 3131 5467 Vocula
3160 5414 3261 5488 γάρ
3282 5412 3347 5470 in
3366 5411 3582 5474 nostris

1927 5484 2077 5546 mss.
2096 5484 2103 5486 ’
2119 5501 2243 5543 non
2270 5484 2583 5539 invenitur.
