4076 6190
184 286 286 339 421

1128 273 1420 338 HOMILIA
1458 281 1526 336 IN
1570 275 1977 336 PRINClPlUM
2016 268 2590 340 PROVERBIORUM.

3433 286 3547 351 422

185 416 280 470 τῆς
326 412 560 484 πονηρᾶς
606 403 802 469 ἡδονῆς
858 404 1276 481 ἕπιδραμούσης,
1328 403 1617 460 ἀπώλεσαν,
1654 404 1783 457 Ἐλι-

1906 407 2092 461 ratam
2136 405 2214 463 ab
2245 407 2496 479 juventa
2534 407 2872 465 castitatem
2920 412 3280 471 amiserunt.
3314 416 3551 476 Misera-

184 504 442 553 εινότατον
485 501 651 572 θέαμα
697 500 826 571 μετὰ
874 502 1134 564 νηστείαν,
1190 499 1320 571 μετά
1361 495 1780 570 σκληραγωγίαν,

181 594 314 663 μετά
358 593 669 661 προσευχὴν
706 587 901 655 ἐκτινῆ,
943 590 1072 660 μετά
1116 584 1343 663 δάκρυον
1387 583 1624 656 δαψιλὲς,
1656 585 1788 657 μετὰ

182 677 493 752 ἐγκράτειαν
542 678 664 730 ἐτῶν
689 681 854 730 εἴκοσί
881 696 983 729 που
1012 678 1043 737 ἣ
1094 681 1183 730 καὶ
1220 678 1499 751 τριάκοντα
1529 676 1664 746 (58),
1712 669 1747 725 ὃ
1753 671 1785 724 ι’

182 767 504 842 ἀπροσεξίαν
568 768 754 841 ψυχῆς
827 772 919 820 καὶ
987 766 1220 841 ἀμέλείαν
1298 769 1491 840 γυμνόν
1549 764 1785 817 ἁπάντων

182 855 603 930 ἀποδειχθῆναι,
634 863 725 910 καὶ
750 856 1114 932 παραπλήσιον
1169 858 1408 928 γενέσθαι
1455 859 1542 908 τόν
1586 862 1646 927 τῇ
1699 852 1786 929 ἐρ-

179 953 357 1019 γασίᾳ
399 955 501 998 τῶν
527 950 641 1017 (59)
706 944 918 999 ἐντολῶν
984 944 1349 1019 εὖθηνούμενον
1416 942 1621 1017 ἐμπόρῳ
1682 945 1785 995 τινὶ

178 1035 614 1109 μιγαλοπλούτῳ,
669 1034 724 1096 ὃς
771 1042 843 1105 τῷ
898 1032 1083 1092 πλήθει
1131 1041 1232 1086 τῶν
1285 1032 1563 1105 ἀγωγίμων
1620 1030 1786 1102 ἐπαγ-

176 1126 505 1200 γελλόμενος,
554 1124 610 1187 ἑξ
655 1121 838 1198 οὐρίας
882 1123 1022 1195 αὐτῷ
1071 1131 1168 1185 τῆς
1212 1127 1332 1184 νεὼς
1382 1125 1680 1198 φερομένης,
1720 1122 1788 1172 τὰ

178 1216 384 1291 φοϐερά
420 1215 616 1288 πελάγη
675 1209 1006 1288 διαδραμὼν,
1051 1215 1181 1287 πρὸς
1231 1212 1409 1273 αὐτοῖς
1450 1220 1561 1274 τοῖς
1611 1210 1787 1283 λιμέσι

177 1303 565 1381 ὅιαρῥαγέντος
626 1312 717 1358 τοῦ
800 1303 1000 1372 πλοίου,
1071 1304 1274 1355 πάντων
1344 1299 1542 1376 ἀθρόως
1598 1302 1787 1374 ἔρημος

174 1393 510 1468 ἀπεδείχθη·
543 1394 627 1446 ἐὰν
654 1398 745 1446 καὶ
770 1394 918 1456 οὗτος
944 1394 1009 1445 τά
1030 1395 1237 1466 μυρίοις
1266 1395 1441 1453 πόνοις
1470 1395 1559 1443 καὶ
1593 1386 1788 1464 ίὸρῶσι

173 1489 446 1545 κτηθέντα
494 1490 593 1558 μιᾷ
641 1481 906 1558 προσϐολῇ
981 1478 1228 1556 δαίμονος
1301 1480 1551 1557 ἀπολέσῃ,
1612 1480 1783 1555 ὥσπερ

172 1581 278 1630 τινὶ
506 1573 737 1641 λαίλαπι,
768 1579 831 1645 τῇ
876 1570 1105 1645 ἁμαρτίᾳ
1153 1569 1447 1643 βυθισθείς.
1482 1572 1787 1644 ’Πρέπουσα

171 1668 428 1738 φωνὴ,τῷ
475 1668 646 1715 πᾶσαν
674 1665 787 1733 (60)
836 1663 966 1734 ὁμοῦ
1017 1664 1109 1719 τὴν
1162 1658 1348 1735 ἀρετὴν
1404 1663 1780 1731 ναναγήσαντι·

1895 492 2015 549 bile
2044 497 2504 567 spectaculum:
2548 496 2812 569 aliquem
2868 506 3007 572 post
3044 502 3373 574 jejunium,
3415 510 3553 579 post

1898 581 2118 640 durum
2167 586 2299 641 vitae
2355 601 2570 656 genus,
2623 592 2755 657 post
2803 588 3070 659 prolixas
3127 609 3357 664 preces,
3412 600 3553 668 post

1898 672 2201 745 lacrymas
2224 674 2390 745 large
2419 675 2722 748 profusas,
2746 682 2886 749 post
2909 680 3342 740 continentiam
3364 699 3551 741 anno-

1897 777 2033 817 rum
2062 763 2290 835 viginti,
2324 768 2426 820 aut
2472 764 2621 821 forte
2678 765 2917 835 triginta
2965 768 3169 838 etiam,
3212 786 3320 843 per
3362 773 3552 830 animi

1896 852 2469 908 inconsiderantiam
2487 869 2557 910 ac
2576 854 3133 923 incuriam,nudum
3150 864 3205 915 et
3222 861 3548 933 spoliatum

1897 940 2182 996 omnibus
2209 941 2541 998 inveniri".
2585 947 2750 1011 Item,
2785 961 2944 1008 eum,
2967 946 3072 1018 qui
3107 955 3546 1021 praeceptorum

1897 1036 2130 1103 quaestu
2174 1031 2497 1104 opulentus
2533 1038 2644 1099 est,
2686 1035 3060 1093 consimilem
3087 1036 3215 1094 fieri
3257 1041 3550 1112 praediviti

1897 1119 2161 1191 cuipiam
2190 1122 2527 1190 mercatori,
2546 1123 2650 1195 qui
2671 1121 2751 1179 ob
2780 1124 3020 1195 copiam
3042 1127 3333 1183 mercium
3353 1128 3548 1202 laetus,

1898 1208 2167 1265 secundo
2209 1214 2388 1266 vento
2419 1211 2746 1281 navigante
2793 1228 2971 1282 nave,
3021 1213 3324 1273 horrenda
3353 1221 3549 1276 maria

1898 1315 2205 1366 emensus,
2237 1297 2510 1355 dilfracto
2542 1300 2621 1355 ad
2645 1300 2809 1373 ipsos
2839 1306 3047 1374 portus
3088 1304 3345 1374 navigio,
3383 1305 3550 1365 dere-

1897 1393 2077 1461 pente
2102 1388 2310 1445 fuisset
2355 1389 2621 1445 nudatus
2650 1391 2974 1446 omnibus:
3029 1392 3329 1465 siquidem
3356 1401 3413 1452 et
3440 1396 3548 1455 iste

1896 1476 2209 1533 laboribus
2230 1494 2300 1534 ac
2322 1477 2651 1534 sudoribus
2673 1484 2847 1551 parta
2868 1478 3033 1538 bona
3059 1481 3237 1538 unico
3257 1482 3548 1542 daemonis

1898 1567 2126 1625 assultu
2137 1567 2670 1641 perdidit,peccato
2692 1573 2986 1642 tanquam
3008 1570 3263 1628 immani
3281 1573 3550 1646 quadam

1897 1656 2162 1729 procella
2185 1656 2918 1715 immersus.Convenicns
2948 1674 3063 1715 vox
3093 1660 3146 1716 ei
3174 1662 3279 1733 qui
3304 1678 3551 1721 omnem

171 1753 376 1808 Ἦλθον
405 1752 481 1814 εἰς
508 1754 573 1805 τὰ
602 1750 743 1825 βάθη
776 1758 867 1812 τῆς
917 1749 1204 1817 θαλάσσης,
1231 1753 1322 1803 καὶ
1349 1752 1593 1821 mrem/lc
1637 1766 1784 1801 κατε-

1906 1744 2081 1801 simul
2111 1745 2388 1802 virtutem
2430 1746 2750 1818 naufragio
2782 1747 3017 1804 amisit:
3079 1750 3225 1806 Veni
3251 1751 3315 1808 in
3341 1754 3551 1810 altitu-

170 1846 333 1896 πόντι
341 1846 401 1896 σέ
426 1861 510 1915 με.

252 1935 346 1991 17.
380 1932 515 2005 Ἔχε
541 1928 628 1985 οὖν
673 1929 917 2005 ἀσφαλῶς
960 1938 1055 1993 τῆς
1099 1929 1237 1993 ζωῆς
1279 1931 1348 1983 τὰ
1391 1924 1647 1987 πηδάλια·
1697 1945 1789 1980 κυ-

174 2024 342 2099 Civa
386 2024 477 2074 τόν
519 2020 780 2094 ὀφθαλμόν
832 2039 949 2087 σου,
1001 2023 1202 2093 μήποτέ
1255 2038 1341 2072 σοι
1393 2012 1428 2071 ὃ
1436 2018 1467 2070 ι’
1515 2016 1786 2091 ὀφθαλμῶν

173 2112 372 2188 λάϐρον
397 2110 598 2185 ἐμπέσῃ
646 2119 740 2173 τῆς
797 2109 1078 2183 ἐπιθυμίας
1126 2112 1182 2162 τό
1239 2116 1403 2182 κῦμα·
1461 2110 1556 2166 τὴν
1609 2103 1784 2175 ἀκοὴν,

174 2207 274 2263 τήν
298 2201 573 2274 γλῶσσαν,
597 2204 668 2274 μὴ
697 2196 967 2274 παραδέξῃ
1000 2219 1053 2252 τι
1082 2198 1357 2273 βλαϐερόν,
1405 2193 1545 2270 μηδὲ
1593 2195 1783 2269 φθέγξῃ

176 2300 361 2345 τιτῶν
415 2289 866 2365 ἀπηγορευμένων.
918 2293 1004 2348 Μή
1057 2306 1114 2341 σε
1164 2285 1426 2361 ἀνατρέψῃ
1477 2292 1567 2338 τοῦ
1622 2286 1788 2358 θυμοῦ

178 2384 208 2441 ἑ
240 2381 400 2443 {aﬂu-
448 2385 520 2452 μή
570 2381 670 2433 πού
718 2397 777 2432 σε
821 2376 1143 2431 ἕπικλύσωσι
1189 2384 1289 2430 τῶν
1337 2374 1504 2449 φόϐων
1552 2375 1608 2427 αἱ
1631 2393 1790 2427 κατα-

178 2471 396 2535 πλήξας
425 2470 560 2543 (61),
591 2474 664 2543 μή
713 2488 772 2522 σε
798 2466 1163 2541 καταϐαπτίσῃ
1214 2475 1309 2530 τῆς
1354 2465 1518 2524 λύπης
1571 2466 1630 2517 τὸ
1682 2461 1789 2536 βά-

176 2581 290 2635 ρος.
346 2561 571 2631 Κύματά
608 2558 724 2611 ἐστι
770 2561 837 2611 τὰ
884 2559 1049 2624 πάθη,
1095 2557 1163 2608 ὧν
1211 2555 1547 2629 ὑψηλότερον
1575 2555 1789 2607 σεαυτὸν

178 2649 408 2723 ἐσέχων,
463 2647 695 2721 ἀσφαλὴς
746 2649 836 2721 ἔσῃ
898 2645 1208 2720 κυϐερνήτης
1255 2651 1346 2698 τοῦ
1396 2642 1540 2717 βίον.
1582 2641 1699 2696 Ἐὰν
1730 2638 1791 2695 δὲ

180 2746 253 2812 μή
316 2738 680 2810 ἐπιστημόνως
734 2740 826 2790 καὶ
878 2736 1142 2798 εὐσταθῶς
1195 2735 1411 2788 ἕκαστον
1456 2734 1646 2786 τούτων
1699 2728 1789 2783 ἕκ-

179 2831 378 2902 ultat“,
437 2830 609 2899 ὥσπερ
667 2846 718 2879 τι
762 2826 940 2880 πλοῖον
998 2823 1369 2900 ἀνερμάτιστον
1414 2823 1518 2875 ὑπό
1560 2828 1661 2874 τῶν
1710 2818 1790 2873 ἀεὶ

179 2920 616 2993 προσπιπτόντων
666 2919 1081 2991 περιφερόμενος,
1139 2912 1528 2985 ἐναφανισθήσῃ
1573 2917 1646 2982 τῷ
1692 2928 1788 2962 πε-

179 3008 328 3080 liti:
358 3014 457 3068 τῆς
486 3006 761 3079 ἁμαρτίας.
804 3003 995 3059 Ἀκουε
1038 3006 1206 3056 τοίνυν
1252 3010 1362 3064 πῶς
1399 3001 1461 3053 ἄν
1505 3019 1590 3053 σοι
1636 3002 1726 3052 καὶ
1755 3000 1785 3058 ἡ

1898 1834 2095 1892 dinem
2125 1837 2334 1907 maris,
2358 1842 2411 1892 et
2443 1841 2757 1906 tempestas
2786 1837 3064 1894 demersit
3095 1855 3186 1896 me
3212 1840 3281 1894 ⁷⁸.

1972 1931 2057 1982 l7.
2088 1927 2241 1982 Tene
2269 1925 2449 1996 igitur
2477 1942 2659 1998 quam
2708 1924 3024 1997 diligenter
3070 1928 3206 1985 vita
3252 1935 3551 2000 guberna-

1897 2013 2054 2084 cula;
2077 2015 2349 2087 guberna
2374 2014 2618 2071 oculum
2641 2020 2832 2086 tuum,
2860 2032 2935 2073 ne
2961 2017 3212 2090 quando
3233 2019 3338 2099 tibi
3362 2020 3555 2096 impe-

1896 2109 2108 2162 tuosus
2149 2104 2417 2161 libidinis
2446 2103 2666 2160 ﬂuctus
2707 2121 2817 2178 pcr
2844 2106 3055 2162 oculos
3096 2106 3413 2178 illabatur;
3449 2127 3553 2169 au-

1895 2210 2044 2264 rem,
2066 2193 2361 2264 linguam,
2394 2209 2468 2249 ne
2496 2193 2644 2267 quid
2676 2194 2936 2269 excipiat
2954 2196 3140 2270 noxii,
3167 2213 3244 2254 ne
3274 2198 3427 2272 quid
3455 2216 3553 2257 eo-

1896 2299 2033 2342 rum
2063 2300 2198 2357 quas
2228 2283 2411 2339 vetita
2439 2288 2578 2339 sunt
2604 2283 2910 2357 loquatur.
2936 2288 3093 2343 Cave
3122 2292 3352 2345 evertat
3376 2293 3429 2345 te
3450 2288 3552 2347 iraa

1896 2377 2119 2442 aestus;
2152 2387 2298 2428 cave
2345 2370 2608 2429 obruant
2648 2377 2704 2430 te
2751 2374 2906 2431 ictus
2934 2375 3369 2447 formidinum;
3410 2394 3554 2436 cave

1896 2461 2219 2533 immergat
2238 2466 2291 2517 te
2313 2476 2467 2516 onus
2488 2460 2750 2519 tristitiae.
2773 2462 3009 2520 Fluctus
3035 2463 3387 2522 affectiones
3414 2469 3556 2523 sunt

1897 2550 2106 2621 animi,
2133 2549 2357 2622 quibus
2396 2544 2668 2607 altiorem
2697 2555 2754 2607 te
2776 2550 2826 2608 si
2853 2551 3206 2622 constituas,
3238 2554 3354 2609 eris
3384 2570 3553 2610 secu-

1896 2656 2001 2697 rus
2027 2640 2163 2696 vitae
2190 2639 2583 2712 gubernator.
2616 2640 2752 2709 Sed,
2781 2641 2830 2698 si
2857 2658 2983 2699 non
3007 2642 3151 2699 scite
3178 2659 3249 2699 ac
3271 2648 3552 2701 constan-

1898 2734 1986 2787 ter
2008 2730 2229 2786 horum
2259 2728 2573 2802 quodlibet
2601 2728 3017 2800 declinaveris,
3048 2730 3213 2789 velut
3237 2732 3553 2803 navigium

1897 2816 2211 2891 quoddam
2239 2833 2363 2873 non
2395 2816 2807 2888 saburratum,
2825 2818 3124 2876 continuis
3154 2819 3289 2877 vita:
3310 2810 3555 2878 casibus

1898 2905 2328 2973 circumactus,
2354 2904 2414 2961 in
2446 2905 2681 2978 peccati
2709 2905 2931 2979 pelago
2961 2907 3371 2979 submergere.
3401 2908 3556 2965 Audi

1898 2995 2077 3068 igitur
2104 2994 2209 3067 qui
2235 2994 2363 3050 ﬁeri
2392 2995 2602 3066 possit,
2631 2993 2732 3051 tibi
2782 3000 2849 3052 ut
2892 2996 3141 3053 accedat
3170 2994 3557 3067 gubernandi

180 3104 275 3158 ri;
329 3094 693 3168 κυϐερνήσεως
743 3092 1415 3167 ἐπιστήμηεπροσγένηται
1445 3090 1579 3162 (62).
1635 3088 1791 3151 Ἐθος

1906 3083 2132 3159 peritia.
2166 3086 2285 3141 Mos
2307 3087 2394 3138 est
2422 3081 2854 3153 navigantibus
2882 3084 2943 3139 in
2974 3082 3193 3140 ccelum
3225 3085 3554 3157 suspicere.

180 3195 288 3248 τοῖς
330 3185 745 3258 ναυτιλλομένοις
795 3187 925 3257 πρὸς
981 3182 1196 3259 οὐρανόν
1249 3178 1568 3248 ἀναϐλέπειν,
1609 3177 1790 3232 κάκεῖ-

182 3277 573 3351 θαλαμϐάνειν
609 3280 704 3334 τὴν
755 3270 980 3345 όδηγίαν
1035 3281 1127 3327 τοῦ
1178 3272 1330 3341 πλοῦ,
1380 3270 1429 3325 ἕν
1481 3273 1652 3345 ἡμέρᾳ
1701 3272 1790 3344 μὲν

184 3366 287 3421 ἀπὸ
315 3375 412 3421 τοῦ
444 3366 615 3433 ἡλίου,
649 3362 697 3416 ἐν
728 3368 877 3417 νυκτὶ
921 3360 980 3417 δὲ
1008 3361 1110 3417 ἀπὸ
1139 3370 1245 3422 τῆσ
1271 3361 1519 3436 Ἄρκτου,
1572 3363 1603 3419 ἣ
1653 3378 1791 3421 τινος

185 3458 342 3510 ἄλλον
400 3463 500 3508 τῶν
555 3455 806 3526 ἁςιφανῶν
864 3451 1113 3529 ἀστέρων·
1181 3455 1272 3504 καὶ
1328 3452 1532 3512 τούτοις
1586 3447 1664 3502 ἀεὶ
1715 3467 1793 3501 τε·

187 3547 508 3623 ιμαίρεσθαι
554 3548 642 3603 τὴν
672 3543 947 3601 εὐθύτητα.
1004 3547 1106 3597 Καὶ
1154 3545 1220 3595 σὺ
1263 3545 1434 3594 τοίνυν
1462 3542 1594 3615 πρὸς
1641 3540 1794 3614 ούρα-

189 3641 275 3690 νὸν
327 3639 425 3708 ἔχε
467 3637 528 3688 τό
584 3638 728 3708 ὄμμα
782 3633 895 3705 (63)
950 3635 1087 3686 κατὰ
1137 3635 1223 3685 τὸν
1278 3631 1504 3684 εἰπόντα·
1566 3630 1703 3702 Πρός
1736 3628 1794 3680 σὲ

195 3723 299 3801 ἦρα
342 3729 462 3786 τοὺς
512 3722 811 3797 ὀφθαλμούς
869 3741 992 3796 μου,
1057 3725 1143 3775 τὸν
1203 3728 1544 3776 κατοικοῦντα
1607 3717 1655 3771 ἐν
1720 3724 1793 3789 τῷ

195 3816 417 3889 οὐρανῷ.
468 3813 750 3868 Ἀπόϐλιπι
789 3816 922 3888 πρὸς
965 3814 1051 3866 τόν
1100 3812 1241 3871 ἣλιον
1286 3821 1378 3871 τῆν
1427 3807 1791 3870 δικαιοσύνης·

197 3913 287 3959 καὶ
310 3908 421 3959 οἶόν
464 3923 606 3958 τισιν
658 3906 877 3978 ἄστροις
928 3905 1229 3977 πιριφανέσι
1258 3902 1370 3973 (64)
1413 3907 1525 3962 ταῖς
1570 3896 1796 3959 ἐντολαῖς

197 4003 286 4048 τοῦ
326 3999 524 4070 Κυρίου
572 3995 1027 4066 κατευθυνόμενος,
1069 3989 1352 4065 ἀκοίμητον
1404 3992 1496 4062 ἔχε
1530 3991 1588 4043 τό
1631 3992 1795 4062 ὄμμα,

200 4090 271 4157 μὴ
300 4082 491 4146 διδοὺς
519 4084 675 4137 ὕπνον
713 4090 818 4145 τοῖς
867 4082 1150 4156 ὀφθαλμοῖς
1196 4100 1313 4148 σου,
1359 4076 1499 4155 μηδέ
1546 4086 1651 4139 τοῖς
1683 4077 1798 4151 βλε-

417 4193 513 4228 σου
559 4175 877 4248 νυσταγμόν,
930 4171 992 4224 ἶν’
1045 4167 1422 4246 ἔχῃς,διαρκῆ
1472 4172 1566 4229 τὴν
1613 4167 1671 4221 ἔκ
1699 4175 1798 4221 τῶν

204 4260 411 4315 ἐντολῶν
447 4259 694 4335 όδηγίαν.
744 4263 953 4335 Λύχνος
996 4261 1119 4336 γὰρ,
1169 4263 1320 4333 φησὶ,
1370 4266 1475 4320 τοῖς
1524 4260 1653 4310 ποσί
1698 4274 1798 4329 μου

204 4353 411 4425 ὁνόξιος
458 4371 577 4419 σον,
632 4356 722 4405 καὶ
786 4359 894 4423 φῶς
947 4357 1063 4413 ταῖς
1113 4347 1315 4424 τρίϐοις
1361 4367 1483 4423 μου.
1526 4347 1642 4401 Ἐὰν
1697 4347 1799 4420 γὰρ

1898 3174 2162 3246 indeque
2206 3172 2605 3242 navigationis
2636 3188 2882 3228 cursum
2930 3173 3258 3243 instituere,
3289 3174 3555 3231 interdiu

1900 3264 2148 3339 quidem
2173 3279 2288 3336 ope
2315 3262 2480 3335 solis,
2510 3267 2694 3320 noctu
2723 3279 2863 3321 vero
2897 3265 2939 3333 1
2959 3262 3066 3334 l3
3099 3279 3214 3335 ope
3246 3266 3425 3332 Ursze,
3450 3269 3555 3323 aut

1900 3354 2147 3412 alterius
2172 3352 2441 3425 cujusvis
2473 3368 2546 3409 ex
2572 3351 2643 3408 iis
2672 3368 2811 3425 quas
2845 3368 3088 3424 semper
3116 3350 3317 3410 lucent
3346 3353 3553 3423 stellis,

1899 3444 2243 3515 horumque
2267 3441 2454 3498 ductu
2484 3456 2723 3513 semper
2745 3446 2977 3497 rectum
3004 3442 3361 3513 conjectare.
3394 3445 3460 3499 Et
3489 3448 3555 3499 tu

1900 3530 2379 3605 igiturpculosin
2410 3530 2628 3586 coelum
2653 3529 2876 3599 attolle,
2894 3530 3065 3602 juxta
3094 3547 3233 3587 eum
3256 3531 3363 3603 qui
3384 3531 3551 3588 dixit:

1902 3622 2001 3679 Ad
2028 3627 2083 3680 te
2122 3620 2321 3677 levavi
2353 3620 2556 3676 oculos
2588 3634 2759 3687 meos,
2792 3620 2900 3692 qui
2926 3619 3164 3676 habitas
3189 3620 3252 3674 in
3284 3620 3544 3676 caelis”.

1902 3711 2152 3784 Respice
2172 3709 2251 3766 ad
2276 3708 2464 3764 solem
2488 3707 2755 3779 justitiae,
2770 3712 2947 3781 teque
2968 3706 3203 3764 Domini
3226 3707 3554 3778 mandatis,

1903 3803 2092 3858 instar
2118 3795 2759 3871 splendidissimorum
2790 3794 3201 3868 quorumdam
3231 3801 3554 3866 astrorum,

1904 3886 2328 3960 dirigentibus,
2357 3884 2515 3941 habe
2552 3882 2798 3940 oculum
2839 3883 3204 3954 insomnem,
3233 3884 3422 3941 oculis
3445 3884 3559 3941 tuis

1904 3996 2028 4038 non
2048 3977 2327 4053 praebens
2345 3989 2855 4047 somnum,neque
2875 3972 3183 4046 palpebris
3200 3973 3316 4029 tuis
3337 3974 3558 4031 dormi-

1906 4071 2196 4128 tationem
2219 4068 2291 4140 ⁸ο,
2334 4070 2400 4122 ut
2441 4068 2496 4120 te
2548 4067 2842 4137 perpetuo
2891 4062 3198 4119 deducant
3240 4064 3554 4121 mandata.

1906 4165 2184 4220 Lucerna
2210 4157 2394 4225 enim,
2416 4153 2633 4228 inquit,
2651 4153 2903 4224 pedibus
2931 4153 3074 4210 meis
3097 4153 3196 4210 lex
3216 4158 3344 4216 tua.
3376 4159 3431 4210 et
3462 4154 3558 4210 lu-

1908 4268 2044 4310 men
2072 4249 2294 4307 semitis
2318 4247 2460 4303 meis
2478 4244 2547 4297 ⁸1.
2581 4242 2833 4314 Etenim,
2862 4242 2911 4297 si
2932 4241 3104 4299 clavo
3129 4256 3449 4314 nunquam
3472 4241 3560 4298 in-

1908 4338 2247 4407 dormieris,
2279 4336 2428 4392 dum
2456 4334 2519 4390 in
2549 4332 2664 4389 hac
2692 4331 2812 4388 vita
2839 4332 3179 4401 versabere,
3207 4329 3267 4386 in
3294 4330 3562 4387 instabili

214 4403 411 4425 "'T"
468 4403 577 4419 “”⁷⁷
634 4403 718 4405 ίᾚί
794 4403 807 4423 Ι
878 4403 894 4413 ⁸
1046 4403 1062 4413 ⁸
1144 4403 1154 4424 I
1298 4403 1372 4423 Ἰ
1704 4403 1718 4419 Ι
1769 4403 1779 4420 ι

208 4440 467 4512 μηδέποτε
496 4440 845 4514 ὶπινυστάξης
885 4448 994 4502 τοῖς
1030 4438 1215 4507 οἴαξιν,
1274 4439 1368 4500 ἕως
1405 4435 1455 4491 εἷ
1492 4437 1541 4491 ἓν
1586 4447 1657 4509 τῷ
1698 4435 1792 4510 βίῳ

1910 4431 2135 4488 scilicet
2156 4403 2358 4484 rerum
2399 4420 2852 4479 mundanarum
2883 4423 3063 4490 statu,
3098 4418 3349 4492 Spiritus
3378 4436 3560 4493 opem

206 4534 390 4602 τούτῳ,
422 4529 472 4583 ἐν
500 4538 562 4604 τῇ
596 4529 803 4602 ἀστάτῳ
833 4532 984 4601 φύσει
1021 4536 1121 4581 τῶν
1170 4534 1263 4580 τοῦ
1309 4530 1510 4600 κόσμου
1553 4526 1802 4600 πραγμά-

210 4638 326 4693 των,
378 4626 471 4675 καὶ
516 4625 615 4681 τὴν
660 4622 804 4696 παρὰ
847 4628 940 4673 τοῦ
987 4621 1283 4693 Πνεύματος
1341 4623 1639 4693 συνεργειαν
1687 4616 1801 4689 (65)

1909 4532 2303 4592 consequere,
2332 4513 2515 4586 quite
2537 4510 2785 4567 ulterius
2805 4508 3086 4575 deducet,
3116 4513 3174 4566 et
3196 4508 3433 4565 lenibus
3458 4526 3562 4567 au-

1894 4612 1990 4670 ~ris
2011 4615 2189 4683 atque
2209 4602 2479 4680 paciﬁcis
2500 4604 2626 4658 tuto
2646 4600 3014 4670 transvehet,
3029 4599 3224 4658 donec
3240 4598 3562 4658 incolumis

277 4748 322 4785 ττ
346 4749 396 4805 Il
422 4746 559 4803 Cor.
587 4760 644 4815 v,
674 4749 727 4804 3.
756 4744 809 4781 ⁷⁸
836 4742 990 4802 Psal.
1012 4761 1208 4809 vain,
1240 4748 1295 4802 3.
1325 4745 1374 4782 π
1400 4743 1558 4800 Psal.
1591 4757 1760 4805 cxxu,

1906 4739 1928 4776 ⁰
1952 4733 2107 4794 Psal.
2136 4746 2330 4801 cxxxr,
2361 4728 2488 4786 4;“
2520 4725 2677 4783 Psal.
2703 4740 2901 4796 cxvm,
2926 4728 3049 4782 405.

279 4876 389 4945 (58)
600 4874 628 4930 ἤ
656 4871 957 4946 τρισίξωντα.
990 4875 1060 4946 {at
1098 4886 1244 4927 mss.
1287 4874 1410 4946 tres
1503 4867 1797 4946 xabrpwfit.

280 4938 391 5013 (59)
421 4938 741 5015 Colbertini
760 4942 883 4998 duo
904 4942 1138 5015 codices
1156 4950 1252 5004 τῆς
1281 4941 1552 5015 ἐργασίας.
1577 4938 1695 4995 Nec
1722 4938 1805 5015 ita

217 5012 397 5075 multo
426 5019 565 5088 post
588 5013 730 5071 editi
749 5021 807 5071 et
833 5013 1204 5088 Golbertinus
1219 5012 1521 5088 secundus
1541 5020 1635 5088 τῆς
1655 5013 1797 5088 νηός.

218 5089 357 5146 Colb
418 5075 623 5142 tertius
666 5091 824 5148 νηώς.
874 5086 1012 5156 Reg.
1059 5084 1367 5141 secundus
1418 5086 1563 5151 νεώς,
1609 5082 1801 5137 Attico
1870 5075 1885 5089 ”

444 5230 679 5313 Legitur
703 5230 983 5313 corrupte
1004 5226 1072 5313 _in
1098 5219 1359 5299 vulgatis
1386 5232 1487 5279 τῶν
1515 5230 1710 5293 πᾶσαν,
1743 5227 1805 5281 at

222 5306 549 5375 incorrupte
577 5306 639 5357 in
669 5316 827 5375 mss.
853 5307 938 5375 frag
963 5306 1147 5375 τασαν.

290 5378 396 5443 t5!)
417 5367 518 5432 Hic
544 5374 609 5430 in
634 5367 1137 5443 vulgatisflegitur
1152 5367 1635 5443 xarqmlﬁEm._At
1655 5383 1801 5443 mss.

222 5439 389 5502 multi
409 5447 633 5503 habent
651 5439 1424 5514 xarinlwiﬁqlé.Combeﬁsius
1444 5440 1587 5497 velit
1606 5439 1805 5514 potius

222 5516 839 5598 ξαταιγιδεςφνοιιειικς
858 5512 962 5570 sed
985 5515 1142 5572 hanc
1163 5515 1573 5597 conjecturam
1594 5512 1806 5591 Quam;

222 5586 355 5645 libet
380 5589 625 5646 bonam.
651 5587 821 5646 quod
852 5583 1019 5643 nullo
1048 5592 1318 5643 veterum
1335 5584 1631 5642 librorum
1656 5586 1808 5640 testio

227 5605 355 5645 ιιυθι
380 5605 625 5661 nonam,
651 5605 821 5662 quoa
852 5605 1019 5643 Παυο
1048 5605 1269 5643 VBIBPUI

227 5662 414 5721 monia
439 5662 581 5722 nixa
606 5662 707 5733 sit,
738 5657 915 5733 sequi
940 5657 1269 5716 noluimus.

1982 4852 2662 4935 (62)_R¢sii..d99.ms.s-
2712 4846 3387 4935 re°azre°m.-..$ebind9
3434 4845 3559 4935 due

1908 4918 2061 4991 mss.
2077 4918 2416 4987 'Colbvertini
2446 4920 2670 4995 όδηγίαν
2693 4918 2786 4974 τοῦ
2806 4918 3007 4975 πλοίου.
3039 4919 3149 4975 Alii
3173 4918 3297 4974 duo
3325 4933 3473 4975 mss.
3503 4922 3560 4974 et

1908 5005 2050 5062 editi
2078 5009 2171 5055 τοῦ
2200 5000 2350 5065 πλοῦ,
2392 5001 2568 5053 recte.

1979 5102 2097 5172 (63)
2128 5098 2221 5172 sic
2250 5096 2373 5152 duo
2416 5089 2738 5172 Qolbertini
2780 5090 3005 5172 et_Beg.
3048 5084 3374 5172 secundus.
3403 5084 3559 5145 Editi

1912 5161 2047 5249 ἔχων
2075 5161 2134 5224 τὸ
2163 5168 2391 5243 βλέμμα.
2420 5163 2588 5222 Colb.
2614 5161 2817 5218 tertius
2846 5162 2982 5231 ἔχων
3007 5161 3066 5210 τὸ
3093 5161 3253 5230 ὄμμα.

1981 5270 2092 5344 (64)
2138 5267 2292 5326 Editi
2336 5264 2642 5341 προφανέσι.
2701 5259 2938 5315 Veteres
2983 5254 3215 5328 aliquot
3260 5253 3400 5313 libri
3417 5274 3560 5333 πιριι

1912 5363 2113 5502 φαῖἷίῖςῖ
2153 5432 2299 5502 Res-
2347 5422 2592 5502 prima
2629 5418 2782 5502 παρὰ.
2826 5422 2918 5469 τοῦ
2970 5418 3209 5502 is???“
3261 5422 3559 5502 συϊιργίεκνν

1911 5488 2476 5574 ορὲιῇδαζιῗᾳῑόνίε.
2507 5488 2828 5562 Aliquanto
2868 5492 3008 5561 post
3049 5488 3213 5574 idem
3247 5488 3561 5574 cogeres;

1911 5560 1993 5630 ac.
2024 5576 2150 5628 Vox
2193 5567 2581 5635 ἀτελευτήτους,
2611 5560 2749 5634 Qua:
2777 5560 2925 5618 ωσι
2969 5560 3259 5635 sequitur,
3300 5561 3471 5623 deest
3495 5563 3561 5620 in

1912 5642 2216 5717 aliquibus
2244 5633 2576 5695 codicibus.
