  <div class='ocr_page' id='page_1' title='image "/cluster/home/n/w/nwhite01/storage/ocr_20150623/31/hvd.32044048272629/217.png"; bbox 0 0 4076 6190; ppageno 0'>
   <div class='ocr_carea' id='block_1_1' title="bbox 585 255 2195 338">
    <p class='ocr_par' dir='ltr' id='par_1_1' title="bbox 585 255 2190 327">
     <span class='ocr_line' id='line_1_1' title="bbox 585 255 2190 327; baseline -0.002 -2"><span class='ocrx_word' id='word_1_1' title='bbox 585 255 690 327; x_wconf 61' lang='grc'>423</span> <span class='ocrx_word' id='word_1_2' title='bbox 1961 260 2018 321; x_wconf 86' lang='lat' dir='ltr'>s.</span> <span class='ocrx_word' id='word_1_3' title='bbox 2062 267 2190 321; x_wconf 80' lang='lat' dir='ltr'>BAS</span> 
     </span>
    </p>
   </div>
   <div class='ocr_carea' id='block_1_2' title="bbox 2289 255 3899 338">
    <p class='ocr_par' dir='ltr' id='par_1_2' title="bbox 2289 264 3899 338">
     <span class='ocr_line' id='line_1_2' title="bbox 2289 264 3899 338; baseline 0.01 -18"><span class='ocrx_word' id='word_1_4' title='bbox 2289 264 2309 320; x_wconf 82' lang='grc' dir='ltr'>Ι</span> <span class='ocrx_word' id='word_1_5' title='bbox 2346 267 2558 324; x_wconf 80' lang='lat' dir='ltr'><strong>MAGNI</strong></span> <span class='ocrx_word' id='word_1_6' title='bbox 3811 281 3899 338; x_wconf 70' lang='grc'>424</span> 
     </span>
    </p>
   </div>
   <div class='ocr_carea' id='block_1_3' title="bbox 586 388 2196 476">
    <p class='ocr_par' dir='ltr' id='par_1_3' title="bbox 586 388 2196 463">
     <span class='ocr_line' id='line_1_3' title="bbox 586 388 2196 463; baseline -0.003 -12"><span class='ocrx_word' id='word_1_7' title='bbox 586 395 813 451; x_wconf 84' lang='lat' dir='ltr'>evadas</span> <span class='ocrx_word' id='word_1_8' title='bbox 840 392 920 449; x_wconf 91' lang='lat' dir='ltr'>ad</span> <span class='ocrx_word' id='word_1_9' title='bbox 951 390 1339 463; x_wconf 88' lang='lat' dir='ltr'>tranquillum</span> <span class='ocrx_word' id='word_1_10' title='bbox 1371 388 1538 444; x_wconf 90' lang='lat' dir='ltr'>illum</span> <span class='ocrx_word' id='word_1_11' title='bbox 1586 405 1657 444; x_wconf 92' lang='lat' dir='ltr'>ac</span> <span class='ocrx_word' id='word_1_12' title='bbox 1690 405 1970 446; x_wconf 89' lang='lat' dir='ltr'>serenum</span> <span class='ocrx_word' id='word_1_13' title='bbox 2001 395 2196 463; x_wconf 83' lang='lat' dir='ltr'>portui</span> 
     </span>
    </p>
   </div>
   <div class='ocr_carea' id='block_1_4' title="bbox 2294 388 3904 476">
    <p class='ocr_par' dir='ltr' id='par_1_4' title="bbox 2294 391 3904 476">
     <span class='ocr_line' id='line_1_4' title="bbox 2294 391 3904 476; baseline 0.014 -40"><span class='ocrx_word' id='word_1_14' title='bbox 2294 391 2516 464; x_wconf 43' lang='grc' dir='ltr'>(λήψῃ,</span> <span class='ocrx_word' id='word_1_15' title='bbox 2568 398 2959 468; x_wconf 76' lang='grc' dir='ltr'>προπέμποντος</span> <span class='ocrx_word' id='word_1_16' title='bbox 3014 395 3085 458; x_wconf 81' lang='grc' dir='ltr'>εἰς</span> <span class='ocrx_word' id='word_1_17' title='bbox 3130 399 3187 448; x_wconf 82' lang='grc' dir='ltr'>τὸ</span> <span class='ocrx_word' id='word_1_18' title='bbox 3233 398 3540 470; x_wconf 76' lang='grc' dir='ltr'>ἔμπροσθεν,</span> <span class='ocrx_word' id='word_1_19' title='bbox 3574 403 3657 451; x_wconf 76' lang='grc' dir='ltr'>καὶ</span> <span class='ocrx_word' id='word_1_20' title='bbox 3699 409 3904 476; x_wconf 86' lang='grc' dir='ltr'>πραείαις</span> 
     </span>
    </p>
   </div>
   <div class='ocr_carea' id='block_1_5' title="bbox 583 479 2193 562">
    <p class='ocr_par' dir='ltr' id='par_1_5' title="bbox 583 479 2193 551">
     <span class='ocr_line' id='line_1_5' title="bbox 583 479 2193 551; baseline -0.003 -10"><span class='ocrx_word' id='word_1_21' title='bbox 583 483 908 540; x_wconf 80' lang='lat' dir='ltr'>voluntatis</span> <span class='ocrx_word' id='word_1_22' title='bbox 954 481 1076 547; x_wconf 89' lang='lat' dir='ltr'>Dei,</span> <span class='ocrx_word' id='word_1_23' title='bbox 1109 480 1204 535; x_wconf 89' lang='lat' dir='ltr'>cui</span> <span class='ocrx_word' id='word_1_24' title='bbox 1236 479 1423 549; x_wconf 84' lang='lat' dir='ltr'>gloria</span> <span class='ocrx_word' id='word_1_25' title='bbox 1469 482 1524 535; x_wconf 90' lang='lat' dir='ltr'>et</span> <span class='ocrx_word' id='word_1_26' title='bbox 1554 479 1876 551; x_wconf 88' lang='lat' dir='ltr'>imperium</span> <span class='ocrx_word' id='word_1_27' title='bbox 1905 479 1966 536; x_wconf 92' lang='lat' dir='ltr'>in</span> <span class='ocrx_word' id='word_1_28' title='bbox 2021 486 2193 537; x_wconf 72' lang='lat' dir='ltr'>aeterm</span> 
     </span>
    </p>
   </div>
   <div class='ocr_carea' id='block_1_6' title="bbox 2295 479 3905 562">
    <p class='ocr_par' dir='ltr' id='par_1_6' title="bbox 2351 482 3905 562">
     <span class='ocr_line' id='line_1_6' title="bbox 2351 482 3905 562; baseline 0.009 -31"><span class='ocrx_word' id='word_1_29' title='bbox 2351 482 2535 554; x_wconf 78' lang='grc' dir='ltr'>οἴῦραις</span> <span class='ocrx_word' id='word_1_30' title='bbox 2591 487 2680 535; x_wconf 85' lang='grc' dir='ltr'>καὶ</span> <span class='ocrx_word' id='word_1_31' title='bbox 2733 484 3014 558; x_wconf 79' lang='grc' dir='ltr'>εἰρηνικαῖς</span> <span class='ocrx_word' id='word_1_32' title='bbox 3092 484 3334 558; x_wconf 77' lang='grc' dir='ltr'>ἀσφαλῶς</span> <span class='ocrx_word' id='word_1_33' title='bbox 3411 507 3469 539; x_wconf 88' lang='grc' dir='ltr'>σε</span> <span class='ocrx_word' id='word_1_34' title='bbox 3527 484 3905 562; x_wconf 80' lang='grc' dir='ltr'>διακομίζοντος,</span> 
     </span>
    </p>
   </div>
   <div class='ocr_carea' id='block_1_7' title="bbox 589 569 2199 649">
    <p class='ocr_par' dir='ltr' id='par_1_7' title="bbox 589 571 1457 630">
     <span class='ocr_line' id='line_1_7' title="bbox 589 571 1457 630; baseline -0.008 0"><span class='ocrx_word' id='word_1_35' title='bbox 589 573 812 630; x_wconf 60' lang='lat' dir='ltr'>Saecula</span> <span class='ocrx_word' id='word_1_36' title='bbox 836 571 1215 628; x_wconf 67' lang='lat' dir='ltr'>saeculorum.</span> <span class='ocrx_word' id='word_1_37' title='bbox 1248 574 1457 625; x_wconf 83' lang='lat' dir='ltr'>Amen.</span> 
     </span>
    </p>
   </div>
   <div class='ocr_carea' id='block_1_8' title="bbox 2299 569 3909 649">
    <p class='ocr_par' dir='ltr' id='par_1_8' title="bbox 2350 569 3909 649">
     <span class='ocr_line' id='line_1_8' title="bbox 2350 569 3909 649; baseline 0.008 -27"><span class='ocrx_word' id='word_1_38' title='bbox 2350 571 2438 632; x_wconf 85' lang='grc' dir='ltr'>ἓως</span> <span class='ocrx_word' id='word_1_39' title='bbox 2500 569 2776 645; x_wconf 75' lang='grc' dir='ltr'>ἀποσωθῇς</span> <span class='ocrx_word' id='word_1_40' title='bbox 2842 577 2972 649; x_wconf 86' lang='grc' dir='ltr'>πρὸς</span> <span class='ocrx_word' id='word_1_41' title='bbox 3023 578 3112 627; x_wconf 86' lang='grc' dir='ltr'>τὸν</span> <span class='ocrx_word' id='word_1_42' title='bbox 3178 573 3413 649; x_wconf 81' lang='grc' dir='ltr'>ἀκύμονα</span> <span class='ocrx_word' id='word_1_43' title='bbox 3475 575 3654 630; x_wconf 87' lang='grc' dir='ltr'>ἐκεῖνον</span> <span class='ocrx_word' id='word_1_44' title='bbox 3711 586 3792 632; x_wconf 82' lang='grc' dir='ltr'>καὶ</span> <span class='ocrx_word' id='word_1_45' title='bbox 3845 586 3909 634; x_wconf 72' lang='grc' dir='ltr'>εὕ-</span> 
     </span>
    </p>
   </div>
   <div class='ocr_carea' id='block_1_9' title="bbox 589 656 3748 741">
    <p class='ocr_par' dir='ltr' id='par_1_9' title="bbox 589 656 3748 741">
     <span class='ocr_line' id='line_1_9' title="bbox 589 656 3748 741; baseline 0.002 -26"><span class='ocrx_word' id='word_1_46' title='bbox 589 661 700 716; x_wconf 74' lang='grc' dir='ltr'>ὃιον</span> <span class='ocrx_word' id='word_1_47' title='bbox 730 663 910 734; x_wconf 73' lang='grc' dir='ltr'>λιμένα</span> <span class='ocrx_word' id='word_1_48' title='bbox 935 669 1026 713; x_wconf 79' lang='grc' dir='ltr'>τοῦ</span> <span class='ocrx_word' id='word_1_49' title='bbox 1061 658 1341 732; x_wconf 78' lang='grc' dir='ltr'>θελήματος</span> <span class='ocrx_word' id='word_1_50' title='bbox 1371 666 1462 711; x_wconf 80' lang='grc' dir='ltr'>τοῦ</span> <span class='ocrx_word' id='word_1_51' title='bbox 1495 665 1648 712; x_wconf 76' lang='grc' dir='ltr'>Θεοῦ·</span> <span class='ocrx_word' id='word_1_52' title='bbox 1745 661 1775 717; x_wconf 81' lang='grc' dir='ltr'>ἡ</span> <span class='ocrx_word' id='word_1_53' title='bbox 1802 656 1933 722; x_wconf 72' lang='grc' dir='ltr'>δόξα</span> <span class='ocrx_word' id='word_1_54' title='bbox 1960 665 2049 713; x_wconf 86' lang='grc' dir='ltr'>καὶ</span> <span class='ocrx_word' id='word_1_55' title='bbox 2074 664 2132 713; x_wconf 86' lang='grc' dir='ltr'>τό</span> <span class='ocrx_word' id='word_1_56' title='bbox 2162 662 2350 734; x_wconf 86' lang='grc' dir='ltr'>κράτος</span> <span class='ocrx_word' id='word_1_57' title='bbox 2381 661 2449 721; x_wconf 85' lang='grc' dir='ltr'>εἰς</span> <span class='ocrx_word' id='word_1_58' title='bbox 2473 665 2593 724; x_wconf 82' lang='grc' dir='ltr'>τοὺς</span> <span class='ocrx_word' id='word_1_59' title='bbox 2625 660 2988 725; x_wconf 77' lang='grc' dir='ltr'>ἀτελευτήτους</span> <span class='ocrx_word' id='word_1_60' title='bbox 3013 672 3204 727; x_wconf 83' lang='grc' dir='ltr'>αἰῶνας</span> <span class='ocrx_word' id='word_1_61' title='bbox 3222 673 3322 717; x_wconf 84' lang='grc' dir='ltr'>τῶν</span> <span class='ocrx_word' id='word_1_62' title='bbox 3349 665 3542 718; x_wconf 79' lang='grc' dir='ltr'>αἰώνων</span> <span class='ocrx_word' id='word_1_63' title='bbox 3574 667 3748 741; x_wconf 77' lang='grc' dir='ltr'>Ἀμὴν.</span> 
     </span>
    </p>
   </div>
   <div class='ocr_carea' id='block_1_10' title="bbox 1167 972 2777 1034">
    <p class='ocr_par' dir='ltr' id='par_1_10' title="bbox 1167 972 1647 1031">
     <span class='ocr_line' id='line_1_10' title="bbox 1167 972 1647 1031; baseline 0.002 -1"><span class='ocrx_word' id='word_1_64' title='bbox 1167 972 1458 1031; x_wconf 80' lang='lat' dir='ltr'><strong>HOMILIA</strong></span> <span class='ocrx_word' id='word_1_65' title='bbox 1507 973 1647 1031; x_wconf 86' lang='lat' dir='ltr'>Xlll.</span> 
     </span>
    </p>
   </div>
   <div class='ocr_carea' id='block_1_11' title="bbox 1713 972 3323 1034">
    <p class='ocr_par' dir='ltr' id='par_1_11' title="bbox 2952 976 3323 1034">
     <span class='ocr_line' id='line_1_11' title="bbox 2952 976 3323 1034; baseline 0.008 -3"><span class='ocrx_word' id='word_1_66' title='bbox 2952 983 3198 1034; x_wconf 82' lang='grc' dir='ltr'><strong>ΟΜΙΛΙΑ</strong></span> <span class='ocrx_word' id='word_1_67' title='bbox 3228 976 3323 1034; x_wconf 58' lang='lat' dir='ltr'>II&quot;.</span> 
     </span>
    </p>
   </div>
   <div class='ocr_carea' id='block_1_12' title="bbox 795 1099 2405 1179">
    <p class='ocr_par' dir='ltr' id='par_1_12' title="bbox 795 1099 2018 1171">
     <span class='ocr_line' id='line_1_12' title="bbox 795 1099 2018 1171; baseline -0.002 -15"><span class='ocrx_word' id='word_1_68' title='bbox 795 1100 1234 1158; x_wconf 74' lang='lat' dir='ltr'>Exhortatoria</span> <span class='ocrx_word' id='word_1_69' title='bbox 1273 1099 1354 1156; x_wconf 87' lang='lat' dir='ltr'>ad</span> <span class='ocrx_word' id='word_1_70' title='bbox 1391 1106 1668 1157; x_wconf 84' lang='lat' dir='ltr'>sanctum</span> <span class='ocrx_word' id='word_1_71' title='bbox 1703 1100 2018 1171; x_wconf 75' lang='lat' dir='ltr'>baptisma.</span> 
     </span>
    </p>
   </div>
   <div class='ocr_carea' id='block_1_13' title="bbox 2065 1099 3675 1179">
    <p class='ocr_par' dir='ltr' id='par_1_13' title="bbox 2613 1103 3675 1179">
     <span class='ocr_line' id='line_1_13' title="bbox 2613 1103 3675 1179; baseline 0.003 -23"><span class='ocrx_word' id='word_1_72' title='bbox 2613 1107 2972 1178; x_wconf 73' lang='grc' dir='ltr'>Προτρεπτικὴ</span> <span class='ocrx_word' id='word_1_73' title='bbox 3008 1103 3078 1166; x_wconf 83' lang='grc' dir='ltr'>εἰς</span> <span class='ocrx_word' id='word_1_74' title='bbox 3103 1106 3159 1157; x_wconf 87' lang='grc' dir='ltr'>τὸ</span> <span class='ocrx_word' id='word_1_75' title='bbox 3187 1104 3338 1176; x_wconf 75' lang='grc' dir='ltr'>ἅγιον</span> <span class='ocrx_word' id='word_1_76' title='bbox 3378 1103 3675 1179; x_wconf 78' lang='grc' dir='ltr'>βάπτισμα.</span> 
     </span>
    </p>
   </div>
   <div class='ocr_carea' id='block_1_14' title="bbox 656 1224 2266 1304">
    <p class='ocr_par' dir='ltr' id='par_1_14' title="bbox 656 1227 2239 1302">
     <span class='ocr_line' id='line_1_14' title="bbox 656 1227 2239 1302; baseline -0.001 -15"><span class='ocrx_word' id='word_1_77' title='bbox 656 1235 704 1287; x_wconf 80' lang='grc'>1.</span> <span class='ocrx_word' id='word_1_78' title='bbox 741 1229 991 1302; x_wconf 86' lang='lat' dir='ltr'>Sapiens</span> <span class='ocrx_word' id='word_1_79' title='bbox 1017 1227 1114 1283; x_wconf 87' lang='lat' dir='ltr'>ille</span> <span class='ocrx_word' id='word_1_80' title='bbox 1149 1227 1453 1294; x_wconf 90' lang='lat' dir='ltr'>Salomon,</span> <span class='ocrx_word' id='word_1_81' title='bbox 1485 1243 1687 1284; x_wconf 89' lang='lat' dir='ltr'>rerum</span> <span class='ocrx_word' id='word_1_82' title='bbox 1709 1228 1770 1283; x_wconf 92' lang='lat' dir='ltr'>in</span> <span class='ocrx_word' id='word_1_83' title='bbox 1797 1229 1922 1286; x_wconf 90' lang='lat' dir='ltr'>vita</span> <span class='ocrx_word' id='word_1_84' title='bbox 1950 1229 2239 1300; x_wconf 85' lang='lat' dir='ltr'>gerenda-</span> 
     </span>
    </p>
   </div>
   <div class='ocr_carea' id='block_1_15' title="bbox 2306 1224 3916 1304">
    <p class='ocr_par' dir='ltr' id='par_1_15' title="bbox 2421 1224 3916 1304">
     <span class='ocr_line' id='line_1_15' title="bbox 2421 1224 3916 1304; baseline 0.001 -22"><span class='ocrx_word' id='word_1_85' title='bbox 2421 1231 2468 1282; x_wconf 83' lang='grc'>1.</span> <span class='ocrx_word' id='word_1_86' title='bbox 2501 1224 2558 1278; x_wconf 79' lang='grc' dir='ltr'><strong>Ὀ</strong></span> <span class='ocrx_word' id='word_1_87' title='bbox 2597 1229 2688 1299; x_wconf 71' lang='grc' dir='ltr'>μεν</span> <span class='ocrx_word' id='word_1_88' title='bbox 2721 1231 2872 1300; x_wconf 73' lang='grc' dir='ltr'>σοφὸς</span> <span class='ocrx_word' id='word_1_89' title='bbox 2919 1227 3171 1301; x_wconf 83' lang='grc' dir='ltr'>Σολομὼν,</span> <span class='ocrx_word' id='word_1_90' title='bbox 3202 1237 3301 1282; x_wconf 85' lang='grc' dir='ltr'>τῶν</span> <span class='ocrx_word' id='word_1_91' title='bbox 3345 1231 3479 1282; x_wconf 87' lang='grc' dir='ltr'>κατά</span> <span class='ocrx_word' id='word_1_92' title='bbox 3519 1232 3606 1282; x_wconf 86' lang='grc' dir='ltr'>τὸν</span> <span class='ocrx_word' id='word_1_93' title='bbox 3650 1229 3759 1302; x_wconf 83' lang='grc' dir='ltr'>βίον</span> <span class='ocrx_word' id='word_1_94' title='bbox 3795 1249 3916 1304; x_wconf 65' lang='grc' dir='ltr'>πραε-</span> 
     </span>
    </p>
   </div>
   <div class='ocr_carea' id='block_1_16' title="bbox 577 1314 2187 1392">
    <p class='ocr_par' dir='ltr' id='par_1_16' title="bbox 577 1317 2187 1391">
     <span class='ocr_line' id='line_1_16' title="bbox 577 1317 2187 1391; baseline -0.002 -13"><span class='ocrx_word' id='word_1_95' title='bbox 577 1337 713 1378; x_wconf 90' lang='lat' dir='ltr'>rum</span> <span class='ocrx_word' id='word_1_96' title='bbox 745 1326 1020 1390; x_wconf 87' lang='lat' dir='ltr'>tempora</span> <span class='ocrx_word' id='word_1_97' title='bbox 1065 1317 1463 1386; x_wconf 81' lang='lat' dir='ltr'>distinguens,</span> <span class='ocrx_word' id='word_1_98' title='bbox 1513 1321 1571 1373; x_wconf 91' lang='lat' dir='ltr'>et</span> <span class='ocrx_word' id='word_1_99' title='bbox 1619 1317 1872 1388; x_wconf 82' lang='lat' dir='ltr'>singulis</span> <span class='ocrx_word' id='word_1_100' title='bbox 1917 1335 2053 1391; x_wconf 64' lang='lat' dir='ltr'>quae</span> <span class='ocrx_word' id='word_1_101' title='bbox 2084 1319 2187 1374; x_wconf 80' lang='lat' dir='ltr'>tim</span> 
     </span>
    </p>
   </div>
   <div class='ocr_carea' id='block_1_17' title="bbox 2308 1314 3918 1392">
    <p class='ocr_par' dir='ltr' id='par_1_17' title="bbox 2343 1314 3918 1392">
     <span class='ocr_line' id='line_1_17' title="bbox 2343 1314 3918 1392; baseline 0.003 -25"><span class='ocrx_word' id='word_1_102' title='bbox 2343 1317 2552 1387; x_wconf 77' lang='grc' dir='ltr'>γμάτων</span> <span class='ocrx_word' id='word_1_103' title='bbox 2581 1319 2698 1379; x_wconf 81' lang='grc' dir='ltr'>τοὺς</span> <span class='ocrx_word' id='word_1_104' title='bbox 2741 1321 2956 1392; x_wconf 84' lang='grc' dir='ltr'>καιροὺς</span> <span class='ocrx_word' id='word_1_105' title='bbox 2997 1314 3236 1392; x_wconf 76' lang='grc' dir='ltr'>διαιρῶν,</span> <span class='ocrx_word' id='word_1_106' title='bbox 3289 1323 3378 1372; x_wconf 87' lang='grc' dir='ltr'>καὶ</span> <span class='ocrx_word' id='word_1_107' title='bbox 3423 1320 3622 1391; x_wconf 83' lang='grc' dir='ltr'>ἑκάστῳ</span> <span class='ocrx_word' id='word_1_108' title='bbox 3667 1328 3759 1372; x_wconf 86' lang='grc' dir='ltr'>τῶν</span> <span class='ocrx_word' id='word_1_109' title='bbox 3798 1341 3918 1391; x_wconf 73' lang='grc' dir='ltr'>γινο-</span> 
     </span>
    </p>
   </div>
   <div class='ocr_carea' id='block_1_18' title="bbox 577 1403 2187 1482">
    <p class='ocr_par' dir='ltr' id='par_1_18' title="bbox 577 1405 2187 1479">
     <span class='ocr_line' id='line_1_18' title="bbox 577 1405 2187 1479; baseline -0.002 -13"><span class='ocrx_word' id='word_1_110' title='bbox 577 1409 866 1466; x_wconf 88' lang='lat' dir='ltr'>idoneum</span> <span class='ocrx_word' id='word_1_111' title='bbox 894 1406 1236 1475; x_wconf 79' lang='lat' dir='ltr'>assignans,</span> <span class='ocrx_word' id='word_1_112' title='bbox 1266 1405 1349 1460; x_wconf 86' lang='lat' dir='ltr'>ait</span> <span class='ocrx_word' id='word_1_113' title='bbox 1381 1422 1394 1461; x_wconf 88' lang='lat'>:</span> <span class='ocrx_word' id='word_1_114' title='bbox 1461 1406 1746 1461; x_wconf 81' lang='lat' dir='ltr'>Omnibus</span> <span class='ocrx_word' id='word_1_115' title='bbox 1769 1413 2000 1476; x_wconf 81' lang='lat' dir='ltr'>tempus</span> <span class='ocrx_word' id='word_1_116' title='bbox 2027 1414 2133 1479; x_wconf 80' lang='lat' dir='ltr'>est,</span> <span class='ocrx_word' id='word_1_117' title='bbox 2181 1435 2187 1462; x_wconf 83' lang='lat' dir='ltr'>t</span> 
     </span>
    </p>
   </div>
   <div class='ocr_carea' id='block_1_19' title="bbox 2307 1403 3917 1482">
    <p class='ocr_par' dir='ltr' id='par_1_19' title="bbox 2343 1403 3917 1482">
     <span class='ocr_line' id='line_1_19' title="bbox 2343 1403 3917 1482; baseline 0.003 -26"><span class='ocrx_word' id='word_1_118' title='bbox 2343 1409 2503 1476; x_wconf 84' lang='grc' dir='ltr'>μένων</span> <span class='ocrx_word' id='word_1_119' title='bbox 2556 1408 2643 1458; x_wconf 84' lang='grc' dir='ltr'>τὸν</span> <span class='ocrx_word' id='word_1_120' title='bbox 2702 1403 2996 1465; x_wconf 66' lang='grc' dir='ltr'>ἐπιτήδειον</span> <span class='ocrx_word' id='word_1_121' title='bbox 3055 1406 3353 1482; x_wconf 73' lang='grc' dir='ltr'>ἀφορίζων,</span> <span class='ocrx_word' id='word_1_122' title='bbox 3413 1411 3529 1481; x_wconf 74' lang='grc' dir='ltr'>ἔφη·</span> <span class='ocrx_word' id='word_1_123' title='bbox 3606 1416 3722 1470; x_wconf 86' lang='grc' dir='ltr'>Τοῖς</span> <span class='ocrx_word' id='word_1_124' title='bbox 3777 1415 3917 1463; x_wconf 77' lang='grc' dir='ltr'>πᾶσιν</span> 
     </span>
    </p>
   </div>
   <div class='ocr_carea' id='block_1_20' title="bbox 581 1494 2191 1574">
    <p class='ocr_par' dir='ltr' id='par_1_20' title="bbox 581 1495 2191 1567">
     <span class='ocr_line' id='line_1_20' title="bbox 581 1495 2191 1567; baseline -0.002 -12"><span class='ocrx_word' id='word_1_125' title='bbox 581 1504 809 1567; x_wconf 82' lang='lat' dir='ltr'>tempus</span> <span class='ocrx_word' id='word_1_126' title='bbox 841 1495 1005 1550; x_wconf 80' lang='lat' dir='ltr'>omni</span> <span class='ocrx_word' id='word_1_127' title='bbox 1033 1496 1124 1549; x_wconf 78' lang='lat' dir='ltr'>rei</span> <span class='ocrx_word' id='word_1_128' title='bbox 1144 1499 1229 1549; x_wconf 88' lang='lat' dir='ltr'>est</span> <span class='ocrx_word' id='word_1_129' title='bbox 1259 1511 1272 1550; x_wconf 91' lang='lat'>:</span> <span class='ocrx_word' id='word_1_130' title='bbox 1329 1500 1558 1563; x_wconf 81' lang='lat' dir='ltr'>tempus</span> <span class='ocrx_word' id='word_1_131' title='bbox 1583 1496 1889 1565; x_wconf 78' lang='lat' dir='ltr'>pariendi,</span> <span class='ocrx_word' id='word_1_132' title='bbox 1922 1502 1975 1552; x_wconf 79' lang='lat' dir='ltr'>et</span> <span class='ocrx_word' id='word_1_133' title='bbox 2005 1503 2191 1566; x_wconf 73' lang='lat' dir='ltr'>tempt</span> 
     </span>
    </p>
   </div>
   <div class='ocr_carea' id='block_1_21' title="bbox 2311 1494 3921 1574">
    <p class='ocr_par' dir='ltr' id='par_1_21' title="bbox 2343 1494 3921 1574">
     <span class='ocr_line' id='line_1_21' title="bbox 2343 1494 3921 1574; baseline 0.004 -30"><span class='ocrx_word' id='word_1_134' title='bbox 2343 1494 2369 1544; x_wconf 98' lang='lat'>6</span> <span class='ocrx_word' id='word_1_135' title='bbox 2417 1497 2630 1568; x_wconf 79' lang='grc' dir='ltr'>χρόνος,</span> <span class='ocrx_word' id='word_1_136' title='bbox 2697 1500 2786 1547; x_wconf 87' lang='grc' dir='ltr'>καὶ</span> <span class='ocrx_word' id='word_1_137' title='bbox 2843 1498 3026 1569; x_wconf 87' lang='grc' dir='ltr'>καιρὸς</span> <span class='ocrx_word' id='word_1_138' title='bbox 3088 1505 3159 1567; x_wconf 85' lang='grc' dir='ltr'>τῷ</span> <span class='ocrx_word' id='word_1_139' title='bbox 3219 1502 3374 1550; x_wconf 81' lang='grc' dir='ltr'>παντὶ</span> <span class='ocrx_word' id='word_1_140' title='bbox 3419 1500 3707 1572; x_wconf 76' lang='grc' dir='ltr'>πράγματι·</span> <span class='ocrx_word' id='word_1_141' title='bbox 3762 1502 3921 1574; x_wconf 87' lang='grc' dir='ltr'>καιρὸς</span> 
     </span>
    </p>
   </div>
   <div class='ocr_carea' id='block_1_22' title="bbox 575 1583 2185 1660">
    <p class='ocr_par' dir='ltr' id='par_1_22' title="bbox 575 1583 2182 1657">
     <span class='ocr_line' id='line_1_22' title="bbox 575 1583 2182 1657; baseline -0.002 -13"><span class='ocrx_word' id='word_1_142' title='bbox 575 1585 1086 1653; x_wconf 64' lang='grc' dir='ltr'>Μονίθηίίίθε.Εςο</span> <span class='ocrx_word' id='word_1_143' title='bbox 1106 1598 1249 1638; x_wconf 89' lang='lat' dir='ltr'>vero</span> <span class='ocrx_word' id='word_1_144' title='bbox 1268 1583 1590 1638; x_wconf 84' lang='lat' dir='ltr'>immutata</span> <span class='ocrx_word' id='word_1_145' title='bbox 1611 1584 1924 1654; x_wconf 91' lang='lat' dir='ltr'>paululum</span> <span class='ocrx_word' id='word_1_146' title='bbox 1949 1586 2182 1657; x_wconf 88' lang='lat' dir='ltr'>sapient</span> 
     </span>
    </p>
   </div>
   <div class='ocr_carea' id='block_1_23' title="bbox 2313 1583 3923 1660">
    <p class='ocr_par' dir='ltr' id='par_1_23' title="bbox 2340 1584 3923 1660">
     <span class='ocr_line' id='line_1_23' title="bbox 2340 1584 3923 1660; baseline 0.003 -25"><span class='ocrx_word' id='word_1_147' title='bbox 2340 1590 2431 1635; x_wconf 83' lang='grc' dir='ltr'>τοῦ</span> <span class='ocrx_word' id='word_1_148' title='bbox 2481 1591 2661 1652; x_wconf 80' lang='grc' dir='ltr'>τεκεῖν,</span> <span class='ocrx_word' id='word_1_149' title='bbox 2711 1586 2798 1637; x_wconf 86' lang='grc' dir='ltr'>καὶ</span> <span class='ocrx_word' id='word_1_150' title='bbox 2848 1589 3028 1658; x_wconf 86' lang='grc' dir='ltr'>καιρὸς</span> <span class='ocrx_word' id='word_1_151' title='bbox 3085 1592 3177 1638; x_wconf 79' lang='grc' dir='ltr'>τοῦ</span> <span class='ocrx_word' id='word_1_152' title='bbox 3231 1585 3522 1639; x_wconf 84' lang='grc' dir='ltr'>ἀποθανεῖν·</span> <span class='ocrx_word' id='word_1_153' title='bbox 3581 1587 3679 1659; x_wconf 71' lang='grc' dir='ltr'>ἐγὼ</span> <span class='ocrx_word' id='word_1_154' title='bbox 3726 1584 3797 1658; x_wconf 75' lang='grc' dir='ltr'>δὲ,</span> <span class='ocrx_word' id='word_1_155' title='bbox 3853 1608 3923 1660; x_wconf 84' lang='grc' dir='ltr'>μι-</span> 
     </span>
    </p>
   </div>
   <div class='ocr_carea' id='block_1_24' title="bbox 577 1671 2187 1749">
    <p class='ocr_par' dir='ltr' id='par_1_24' title="bbox 577 1671 2187 1736">
     <span class='ocr_line' id='line_1_24' title="bbox 577 1671 2187 1736; baseline -0.001 -4"><span class='ocrx_word' id='word_1_156' title='bbox 577 1675 892 1736; x_wconf 90' lang='lat' dir='ltr'>sententia,</span> <span class='ocrx_word' id='word_1_157' title='bbox 928 1672 1183 1729; x_wconf 82' lang='lat' dir='ltr'>dixerim</span> <span class='ocrx_word' id='word_1_158' title='bbox 1219 1671 1393 1727; x_wconf 84' lang='lat' dir='ltr'>vobis</span> <span class='ocrx_word' id='word_1_159' title='bbox 1431 1672 1586 1728; x_wconf 90' lang='lat' dir='ltr'>inter</span> <span class='ocrx_word' id='word_1_160' title='bbox 1613 1673 2104 1730; x_wconf 90' lang='lat' dir='ltr'>annuntiandum</span> <span class='ocrx_word' id='word_1_161' title='bbox 2145 1690 2187 1730; x_wconf 74' lang='lat' dir='ltr'>sa</span> 
     </span>
    </p>
   </div>
   <div class='ocr_carea' id='block_1_25' title="bbox 2313 1671 3923 1749">
    <p class='ocr_par' dir='ltr' id='par_1_25' title="bbox 2340 1673 3923 1749">
     <span class='ocr_line' id='line_1_25' title="bbox 2340 1673 3923 1749; baseline 0.003 -27"><span class='ocrx_word' id='word_1_162' title='bbox 2340 1674 2463 1745; x_wconf 87' lang='grc' dir='ltr'>κρὸν</span> <span class='ocrx_word' id='word_1_163' title='bbox 2505 1680 2596 1724; x_wconf 82' lang='grc' dir='ltr'>τοῦ</span> <span class='ocrx_word' id='word_1_164' title='bbox 2647 1680 2808 1746; x_wconf 76' lang='grc' dir='ltr'>σοφοῦ</span> <span class='ocrx_word' id='word_1_165' title='bbox 2854 1678 2949 1733; x_wconf 77' lang='grc' dir='ltr'>τὴν</span> <span class='ocrx_word' id='word_1_166' title='bbox 2998 1673 3260 1748; x_wconf 77' lang='grc' dir='ltr'>ἀπόφασιν</span> <span class='ocrx_word' id='word_1_167' title='bbox 3310 1675 3627 1743; x_wconf 76' lang='grc' dir='ltr'>ὑπαλλάξας,</span> <span class='ocrx_word' id='word_1_168' title='bbox 3662 1680 3847 1749; x_wconf 81' lang='grc' dir='ltr'>εἴποιμι</span> <span class='ocrx_word' id='word_1_169' title='bbox 3873 1676 3923 1727; x_wconf 84' lang='grc' dir='ltr'>ἃν</span> 
     </span>
    </p>
   </div>
   <div class='ocr_carea' id='block_1_26' title="bbox 573 1762 2183 1841">
    <p class='ocr_par' dir='ltr' id='par_1_26' title="bbox 573 1762 2183 1837">
     <span class='ocr_line' id='line_1_26' title="bbox 573 1762 2183 1837; baseline -0.002 -15"><span class='ocrx_word' id='word_1_170' title='bbox 573 1766 766 1822; x_wconf 87' lang='lat' dir='ltr'>lutare</span> <span class='ocrx_word' id='word_1_171' title='bbox 797 1763 1189 1837; x_wconf 77' lang='lat' dir='ltr'>praeconium,</span> <span class='ocrx_word' id='word_1_172' title='bbox 1223 1767 1459 1834; x_wconf 88' lang='lat' dir='ltr'>tempus</span> <span class='ocrx_word' id='word_1_173' title='bbox 1488 1762 1789 1818; x_wconf 88' lang='lat' dir='ltr'>moriendi</span> <span class='ocrx_word' id='word_1_174' title='bbox 1819 1779 1971 1834; x_wconf 90' lang='lat' dir='ltr'>esse,</span> <span class='ocrx_word' id='word_1_175' title='bbox 2004 1769 2062 1820; x_wconf 91' lang='lat' dir='ltr'>et</span> <span class='ocrx_word' id='word_1_176' title='bbox 2090 1770 2183 1819; x_wconf 90' lang='lat' dir='ltr'>ten</span> 
     </span>
    </p>
   </div>
   <div class='ocr_carea' id='block_1_27' title="bbox 2315 1762 3925 1841">
    <p class='ocr_par' dir='ltr' id='par_1_27' title="bbox 2340 1764 3925 1841">
     <span class='ocr_line' id='line_1_27' title="bbox 2340 1764 3925 1841; baseline 0.003 -29"><span class='ocrx_word' id='word_1_177' title='bbox 2340 1764 2621 1835; x_wconf 79' lang='grc' dir='ltr'>κηρύσσων</span> <span class='ocrx_word' id='word_1_178' title='bbox 2651 1765 2773 1836; x_wconf 81' lang='grc' dir='ltr'>ὑμῖν</span> <span class='ocrx_word' id='word_1_179' title='bbox 2814 1765 2874 1816; x_wconf 88' lang='grc' dir='ltr'>τὸ</span> <span class='ocrx_word' id='word_1_180' title='bbox 2930 1769 3183 1838; x_wconf 76' lang='grc' dir='ltr'>σωτήριον</span> <span class='ocrx_word' id='word_1_181' title='bbox 3221 1769 3486 1841; x_wconf 77' lang='grc' dir='ltr'>κήρυγμα,</span> <span class='ocrx_word' id='word_1_182' title='bbox 3537 1767 3622 1819; x_wconf 83' lang='grc' dir='ltr'>ὅτι</span> <span class='ocrx_word' id='word_1_183' title='bbox 3649 1769 3820 1839; x_wconf 84' lang='grc' dir='ltr'>καιρὸς</span> <span class='ocrx_word' id='word_1_184' title='bbox 3847 1772 3925 1818; x_wconf 82' lang='grc' dir='ltr'>τοῦ</span> 
     </span>
    </p>
   </div>
   <div class='ocr_carea' id='block_1_28' title="bbox 575 1832 2185 1928">
    <p class='ocr_par' dir='ltr' id='par_1_28' title="bbox 575 1851 2185 1928">
     <span class='ocr_line' id='line_1_28' title="bbox 575 1851 2185 1928; baseline -0.002 -17"><span class='ocrx_word' id='word_1_185' title='bbox 575 1872 690 1928; x_wconf 90' lang='lat' dir='ltr'>pus</span> <span class='ocrx_word' id='word_1_186' title='bbox 719 1853 1034 1910; x_wconf 85' lang='lat' dir='ltr'>nascendi.</span> <span class='ocrx_word' id='word_1_187' title='bbox 1068 1854 1366 1917; x_wconf 85' lang='lat' dir='ltr'>Quorsum</span> <span class='ocrx_word' id='word_1_188' title='bbox 1395 1851 1493 1907; x_wconf 89' lang='lat' dir='ltr'>hic</span> <span class='ocrx_word' id='word_1_189' title='bbox 1525 1867 1723 1907; x_wconf 87' lang='lat' dir='ltr'>sermo</span> <span class='ocrx_word' id='word_1_190' title='bbox 1752 1854 2058 1908; x_wconf 90' lang='lat' dir='ltr'>mutatus?</span> <span class='ocrx_word' id='word_1_191' title='bbox 2085 1852 2185 1918; x_wconf 91' lang='lat' dir='ltr'>Qui</span> 
     </span>
    </p>
   </div>
   <div class='ocr_carea' id='block_1_29' title="bbox 2319 1832 3929 1928">
    <p class='ocr_par' dir='ltr' id='par_1_29' title="bbox 2343 1849 3929 1926">
     <span class='ocr_line' id='line_1_29' title="bbox 2343 1849 3929 1926; baseline 0.003 -24"><span class='ocrx_word' id='word_1_192' title='bbox 2343 1849 2634 1920; x_wconf 73' lang='grc' dir='ltr'>ἀποθανεῖν,</span> <span class='ocrx_word' id='word_1_193' title='bbox 2676 1857 2766 1905; x_wconf 85' lang='grc' dir='ltr'>καὶ</span> <span class='ocrx_word' id='word_1_194' title='bbox 2813 1855 2990 1923; x_wconf 83' lang='grc' dir='ltr'>καιρὸς</span> <span class='ocrx_word' id='word_1_195' title='bbox 3032 1861 3124 1906; x_wconf 80' lang='grc' dir='ltr'>τοῦ</span> <span class='ocrx_word' id='word_1_196' title='bbox 3176 1856 3505 1926; x_wconf 72' lang='grc' dir='ltr'>γεννηθῆναι.</span> <span class='ocrx_word' id='word_1_197' title='bbox 3553 1860 3643 1916; x_wconf 85' lang='grc' dir='ltr'>Τίς</span> <span class='ocrx_word' id='word_1_198' title='bbox 3699 1852 3756 1908; x_wconf 75' lang='grc' dir='ltr'>δὲ</span> <span class='ocrx_word' id='word_1_199' title='bbox 3799 1857 3824 1906; x_wconf 91' lang='lat'>6</span> <span class='ocrx_word' id='word_1_200' title='bbox 3859 1855 3929 1907; x_wconf 72' lang='grc' dir='ltr'>λό-</span> 
     </span>
    </p>
   </div>
   <div class='ocr_carea' id='block_1_30' title="bbox 573 1941 2183 2020">
    <p class='ocr_par' dir='ltr' id='par_1_30' title="bbox 573 1941 2183 2016">
     <span class='ocr_line' id='line_1_30' title="bbox 573 1941 2183 2016; baseline -0.001 -16"><span class='ocrx_word' id='word_1_201' title='bbox 573 1944 669 2001; x_wconf 91' lang='lat' dir='ltr'>ille</span> <span class='ocrx_word' id='word_1_202' title='bbox 699 1943 948 2016; x_wconf 86' lang='lat' dir='ltr'>quidem</span> <span class='ocrx_word' id='word_1_203' title='bbox 979 1942 1053 1997; x_wconf 91' lang='lat' dir='ltr'>de</span> <span class='ocrx_word' id='word_1_204' title='bbox 1084 1946 1220 1997; x_wconf 85' lang='lat' dir='ltr'>ortu</span> <span class='ocrx_word' id='word_1_205' title='bbox 1267 1941 1628 2013; x_wconf 86' lang='lat' dir='ltr'>interituque</span> <span class='ocrx_word' id='word_1_206' title='bbox 1657 1941 1985 2011; x_wconf 89' lang='lat' dir='ltr'>disserens,</span> <span class='ocrx_word' id='word_1_207' title='bbox 2013 1957 2183 2015; x_wconf 86' lang='lat' dir='ltr'>corpc</span> 
     </span>
    </p>
   </div>
   <div class='ocr_carea' id='block_1_31' title="bbox 2316 1941 3926 2020">
    <p class='ocr_par' dir='ltr' id='par_1_31' title="bbox 2340 1941 3926 2020">
     <span class='ocr_line' id='line_1_31' title="bbox 2340 1941 3926 2020; baseline 0.003 -28"><span class='ocrx_word' id='word_1_208' title='bbox 2340 1961 2434 2012; x_wconf 73' lang='grc' dir='ltr'>γος</span> <span class='ocrx_word' id='word_1_209' title='bbox 2465 1942 2578 2012; x_wconf 88' lang='grc'>(66)</span> <span class='ocrx_word' id='word_1_210' title='bbox 2606 1950 2701 2004; x_wconf 82' lang='grc' dir='ltr'>τῆς</span> <span class='ocrx_word' id='word_1_211' title='bbox 2731 1941 3046 2014; x_wconf 74' lang='grc' dir='ltr'>ἐναλλαγῆςς</span> <span class='ocrx_word' id='word_1_212' title='bbox 3100 1943 3220 1997; x_wconf 75' lang='grc' dir='ltr'>Ὀτι</span> <span class='ocrx_word' id='word_1_213' title='bbox 3267 1946 3293 1996; x_wconf 90' lang='lat'>6</span> <span class='ocrx_word' id='word_1_214' title='bbox 3346 1948 3436 2018; x_wconf 72' lang='grc' dir='ltr'>μὲν</span> <span class='ocrx_word' id='word_1_215' title='bbox 3486 1950 3608 2020; x_wconf 88' lang='grc' dir='ltr'>περὶ</span> <span class='ocrx_word' id='word_1_216' title='bbox 3657 1954 3752 1998; x_wconf 87' lang='grc' dir='ltr'>τῶν</span> <span class='ocrx_word' id='word_1_217' title='bbox 3781 1945 3828 1997; x_wconf 83' lang='grc' dir='ltr'>ἐν</span> <span class='ocrx_word' id='word_1_218' title='bbox 3854 1965 3926 2017; x_wconf 74' lang='grc' dir='ltr'>γε·</span> 
     </span>
    </p>
   </div>
   <div class='ocr_carea' id='block_1_32' title="bbox 573 2029 2183 2107">
    <p class='ocr_par' dir='ltr' id='par_1_32' title="bbox 573 2033 2183 2104">
     <span class='ocr_line' id='line_1_32' title="bbox 573 2033 2183 2104; baseline -0.002 -13"><span class='ocrx_word' id='word_1_219' title='bbox 573 2050 741 2091; x_wconf 89' lang='lat' dir='ltr'>ream</span> <span class='ocrx_word' id='word_1_220' title='bbox 787 2037 1067 2089; x_wconf 89' lang='lat' dir='ltr'>naturam</span> <span class='ocrx_word' id='word_1_221' title='bbox 1111 2035 1375 2097; x_wconf 80' lang='lat' dir='ltr'>secutus,</span> <span class='ocrx_word' id='word_1_222' title='bbox 1425 2036 1624 2086; x_wconf 87' lang='lat' dir='ltr'>ortum</span> <span class='ocrx_word' id='word_1_223' title='bbox 1681 2033 1856 2087; x_wconf 85' lang='lat' dir='ltr'>morti</span> <span class='ocrx_word' id='word_1_224' title='bbox 1902 2048 2183 2104; x_wconf 62' lang='lat' dir='ltr'>preeposu</span> 
     </span>
    </p>
   </div>
   <div class='ocr_carea' id='block_1_33' title="bbox 2321 2029 3931 2107">
    <p class='ocr_par' dir='ltr' id='par_1_33' title="bbox 2341 2029 3931 2107">
     <span class='ocr_line' id='line_1_33' title="bbox 2341 2029 3931 2107; baseline 0.003 -25"><span class='ocrx_word' id='word_1_225' title='bbox 2341 2034 2475 2082; x_wconf 89' lang='grc' dir='ltr'>νέσει</span> <span class='ocrx_word' id='word_1_226' title='bbox 2503 2034 2593 2082; x_wconf 85' lang='grc' dir='ltr'>καὶ</span> <span class='ocrx_word' id='word_1_227' title='bbox 2652 2033 2818 2105; x_wconf 77' lang='grc' dir='ltr'>φθορᾷ</span> <span class='ocrx_word' id='word_1_228' title='bbox 2871 2029 3254 2106; x_wconf 70' lang='grc' dir='ltr'>διαλεγόμενος,</span> <span class='ocrx_word' id='word_1_229' title='bbox 3312 2042 3375 2106; x_wconf 78' lang='grc' dir='ltr'>τῇ</span> <span class='ocrx_word' id='word_1_230' title='bbox 3435 2042 3713 2107; x_wconf 77' lang='grc' dir='ltr'>σωματικῇ</span> <span class='ocrx_word' id='word_1_231' title='bbox 3769 2034 3931 2106; x_wconf 81' lang='grc' dir='ltr'>ἑπόμε-</span> 
     </span>
    </p>
   </div>
   <div class='ocr_carea' id='block_1_34' title="bbox 574 2121 2184 2197">
    <p class='ocr_par' dir='ltr' id='par_1_34' title="bbox 574 2122 2184 2197">
     <span class='ocr_line' id='line_1_34' title="bbox 574 2122 2184 2197; baseline -0.002 -17"><span class='ocrx_word' id='word_1_232' title='bbox 574 2125 727 2197; x_wconf 86' lang='lat' dir='ltr'>(ﬁeri</span> <span class='ocrx_word' id='word_1_233' title='bbox 755 2122 914 2180; x_wconf 91' lang='lat' dir='ltr'>enim</span> <span class='ocrx_word' id='word_1_234' title='bbox 944 2137 1069 2178; x_wconf 90' lang='lat' dir='ltr'>non</span> <span class='ocrx_word' id='word_1_235' title='bbox 1097 2125 1310 2193; x_wconf 88' lang='lat' dir='ltr'>potest,</span> <span class='ocrx_word' id='word_1_236' title='bbox 1361 2125 1426 2177; x_wconf 87' lang='lat' dir='ltr'>ut</span> <span class='ocrx_word' id='word_1_237' title='bbox 1472 2125 1727 2176; x_wconf 90' lang='lat' dir='ltr'>mortem</span> <span class='ocrx_word' id='word_1_238' title='bbox 1759 2122 2102 2194; x_wconf 83' lang='lat' dir='ltr'>experiatur</span> <span class='ocrx_word' id='word_1_239' title='bbox 2128 2138 2184 2194; x_wconf 74' lang='lat' dir='ltr'>qi</span> 
     </span>
    </p>
   </div>
   <div class='ocr_carea' id='block_1_35' title="bbox 2321 2121 3931 2197">
    <p class='ocr_par' dir='ltr' id='par_1_35' title="bbox 2341 2121 3931 2197">
     <span class='ocr_line' id='line_1_35' title="bbox 2341 2121 3931 2197; baseline 0.002 -26"><span class='ocrx_word' id='word_1_240' title='bbox 2341 2139 2425 2180; x_wconf 92' lang='grc' dir='ltr'>νος</span> <span class='ocrx_word' id='word_1_241' title='bbox 2455 2123 2626 2192; x_wconf 78' lang='grc' dir='ltr'>φύσει,</span> <span class='ocrx_word' id='word_1_242' title='bbox 2665 2125 2760 2179; x_wconf 77' lang='grc' dir='ltr'>τὴν</span> <span class='ocrx_word' id='word_1_243' title='bbox 2807 2125 3006 2193; x_wconf 74' lang='grc' dir='ltr'>γένεσιν</span> <span class='ocrx_word' id='word_1_244' title='bbox 3048 2123 3297 2197; x_wconf 81' lang='grc' dir='ltr'>προέταξε</span> <span class='ocrx_word' id='word_1_245' title='bbox 3332 2131 3424 2176; x_wconf 85' lang='grc' dir='ltr'>τοῦ</span> <span class='ocrx_word' id='word_1_246' title='bbox 3471 2126 3698 2178; x_wconf 86' lang='grc' dir='ltr'>θανάτου</span> <span class='ocrx_word' id='word_1_247' title='bbox 3736 2121 3931 2196; x_wconf 76' lang='grc' dir='ltr'>(ἀδύνα-</span> 
     </span>
    </p>
   </div>
   <div class='ocr_carea' id='block_1_36' title="bbox 572 2209 2182 2289">
    <p class='ocr_par' dir='ltr' id='par_1_36' title="bbox 572 2209 2182 2286">
     <span class='ocr_line' id='line_1_36' title="bbox 572 2209 2182 2286; baseline -0.002 -17"><span class='ocrx_word' id='word_1_248' title='bbox 572 2213 740 2286; x_wconf 82' lang='lat' dir='ltr'>prius</span> <span class='ocrx_word' id='word_1_249' title='bbox 767 2217 946 2269; x_wconf 90' lang='lat' dir='ltr'>natus</span> <span class='ocrx_word' id='word_1_250' title='bbox 970 2227 1094 2267; x_wconf 91' lang='lat' dir='ltr'>non</span> <span class='ocrx_word' id='word_1_251' title='bbox 1121 2211 1216 2279; x_wconf 89' lang='lat' dir='ltr'>sit)</span> <span class='ocrx_word' id='word_1_252' title='bbox 1243 2226 1256 2265; x_wconf 90' lang='lat'><strong>:</strong></span> <span class='ocrx_word' id='word_1_253' title='bbox 1290 2225 1402 2279; x_wconf 90' lang='lat' dir='ltr'>ego</span> <span class='ocrx_word' id='word_1_254' title='bbox 1428 2225 1570 2265; x_wconf 88' lang='lat' dir='ltr'>vero</span> <span class='ocrx_word' id='word_1_255' title='bbox 1597 2209 1671 2264; x_wconf 92' lang='lat' dir='ltr'>de</span> <span class='ocrx_word' id='word_1_256' title='bbox 1701 2211 2089 2280; x_wconf 83' lang='lat' dir='ltr'>generatione</span> <span class='ocrx_word' id='word_1_257' title='bbox 2121 2227 2182 2282; x_wconf 88' lang='lat' dir='ltr'>sp</span> 
     </span>
    </p>
   </div>
   <div class='ocr_carea' id='block_1_37' title="bbox 2321 2209 3931 2289">
    <p class='ocr_par' dir='ltr' id='par_1_37' title="bbox 2339 2211 3931 2289">
     <span class='ocr_line' id='line_1_37' title="bbox 2339 2211 3931 2289; baseline 0.003 -30"><span class='ocrx_word' id='word_1_258' title='bbox 2339 2227 2424 2260; x_wconf 87' lang='grc' dir='ltr'>τον</span> <span class='ocrx_word' id='word_1_259' title='bbox 2443 2211 2543 2283; x_wconf 74' lang='grc' dir='ltr'>γὰρ</span> <span class='ocrx_word' id='word_1_260' title='bbox 2579 2211 2800 2263; x_wconf 78' lang='grc' dir='ltr'>θανάτου</span> <span class='ocrx_word' id='word_1_261' title='bbox 2838 2217 3020 2283; x_wconf 88' lang='grc' dir='ltr'>πεῖραν</span> <span class='ocrx_word' id='word_1_262' title='bbox 3075 2211 3247 2264; x_wconf 78' lang='grc' dir='ltr'>λαϐεῖν</span> <span class='ocrx_word' id='word_1_263' title='bbox 3290 2215 3378 2265; x_wconf 86' lang='grc' dir='ltr'>τὸν</span> <span class='ocrx_word' id='word_1_264' title='bbox 3425 2217 3499 2285; x_wconf 80' lang='grc' dir='ltr'>μὴ</span> <span class='ocrx_word' id='word_1_265' title='bbox 3543 2219 3790 2289; x_wconf 84' lang='grc' dir='ltr'>πρότερον</span> <span class='ocrx_word' id='word_1_266' title='bbox 3825 2232 3931 2285; x_wconf 73' lang='grc' dir='ltr'>γεν-</span> 
     </span>
    </p>
   </div>
   <div class='ocr_carea' id='block_1_38' title="bbox 570 2295 2180 2374">
    <p class='ocr_par' dir='ltr' id='par_1_38' title="bbox 570 2299 2180 2373">
     <span class='ocr_line' id='line_1_38' title="bbox 570 2299 2180 2373; baseline -0.001 -14"><span class='ocrx_word' id='word_1_267' title='bbox 570 2303 768 2360; x_wconf 87' lang='lat' dir='ltr'>rituali</span> <span class='ocrx_word' id='word_1_268' title='bbox 796 2300 984 2358; x_wconf 86' lang='lat' dir='ltr'>verba</span> <span class='ocrx_word' id='word_1_269' title='bbox 1013 2300 1301 2373; x_wconf 85' lang='lat' dir='ltr'>facturus,</span> <span class='ocrx_word' id='word_1_270' title='bbox 1318 2304 1574 2354; x_wconf 91' lang='lat' dir='ltr'>mortem</span> <span class='ocrx_word' id='word_1_271' title='bbox 1597 2299 1731 2355; x_wconf 69' lang='lat' dir='ltr'>vita:</span> <span class='ocrx_word' id='word_1_272' title='bbox 1762 2304 2180 2372; x_wconf 81' lang='lat' dir='ltr'>praepono.Cu1</span> 
     </span>
    </p>
   </div>
   <div class='ocr_carea' id='block_1_39' title="bbox 2323 2295 3933 2374">
    <p class='ocr_par' dir='ltr' id='par_1_39' title="bbox 2339 2295 3933 2374">
     <span class='ocr_line' id='line_1_39' title="bbox 2339 2295 3933 2374; baseline 0.001 -25"><span class='ocrx_word' id='word_1_273' title='bbox 2339 2299 2598 2369; x_wconf 86' lang='grc' dir='ltr'>νηθέντα)·</span> <span class='ocrx_word' id='word_1_274' title='bbox 2649 2297 2746 2370; x_wconf 81' lang='grc' dir='ltr'>ἐγώ</span> <span class='ocrx_word' id='word_1_275' title='bbox 2780 2295 2856 2367; x_wconf 75' lang='grc' dir='ltr'>δὲ,</span> <span class='ocrx_word' id='word_1_276' title='bbox 2889 2304 3008 2372; x_wconf 86' lang='grc' dir='ltr'>περὶ</span> <span class='ocrx_word' id='word_1_277' title='bbox 3037 2308 3131 2363; x_wconf 76' lang='grc' dir='ltr'>τῆς</span> <span class='ocrx_word' id='word_1_278' title='bbox 3179 2309 3534 2374; x_wconf 76' lang='grc' dir='ltr'>πνευματικῆς</span> <span class='ocrx_word' id='word_1_279' title='bbox 3566 2301 3933 2374; x_wconf 68' lang='grc' dir='ltr'>ἀναγεννήσεως</span> 
     </span>
    </p>
   </div>
   <div class='ocr_carea' id='block_1_40' title="bbox 570 2387 2180 2467">
    <p class='ocr_par' dir='ltr' id='par_1_40' title="bbox 570 2389 2180 2462">
     <span class='ocr_line' id='line_1_40' title="bbox 570 2389 2180 2462; baseline -0.002 -12"><span class='ocrx_word' id='word_1_280' title='bbox 570 2392 733 2450; x_wconf 90' lang='lat' dir='ltr'>enim</span> <span class='ocrx_word' id='word_1_281' title='bbox 777 2407 956 2448; x_wconf 90' lang='lat' dir='ltr'>carne</span> <span class='ocrx_word' id='word_1_282' title='bbox 1004 2389 1321 2455; x_wconf 90' lang='lat' dir='ltr'>morimur,</span> <span class='ocrx_word' id='word_1_283' title='bbox 1363 2389 1653 2458; x_wconf 88' lang='lat' dir='ltr'>contingit</span> <span class='ocrx_word' id='word_1_284' title='bbox 1699 2389 1880 2444; x_wconf 90' lang='lat' dir='ltr'>nobis</span> <span class='ocrx_word' id='word_1_285' title='bbox 1915 2394 1979 2445; x_wconf 91' lang='lat' dir='ltr'>ut</span> <span class='ocrx_word' id='word_1_286' title='bbox 2018 2390 2180 2462; x_wconf 87' lang='lat' dir='ltr'>spirit</span> 
     </span>
    </p>
   </div>
   <div class='ocr_carea' id='block_1_41' title="bbox 2323 2387 3933 2467">
    <p class='ocr_par' dir='ltr' id='par_1_41' title="bbox 2338 2387 3933 2467">
     <span class='ocr_line' id='line_1_41' title="bbox 2338 2387 3933 2467; baseline 0.001 -28"><span class='ocrx_word' id='word_1_287' title='bbox 2338 2391 2425 2440; x_wconf 90' lang='grc' dir='ltr'>τὸν</span> <span class='ocrx_word' id='word_1_288' title='bbox 2472 2387 2623 2460; x_wconf 76' lang='grc' dir='ltr'>λόγον</span> <span class='ocrx_word' id='word_1_289' title='bbox 2681 2391 2947 2442; x_wconf 88' lang='grc' dir='ltr'>ποιεῖσθαι</span> <span class='ocrx_word' id='word_1_290' title='bbox 2999 2389 3211 2461; x_wconf 81' lang='grc' dir='ltr'>μέλλων,</span> <span class='ocrx_word' id='word_1_291' title='bbox 3271 2395 3359 2443; x_wconf 86' lang='grc' dir='ltr'>τὸν</span> <span class='ocrx_word' id='word_1_292' title='bbox 3402 2391 3620 2446; x_wconf 77' lang='grc' dir='ltr'>θάνατον</span> <span class='ocrx_word' id='word_1_293' title='bbox 3660 2394 3933 2467; x_wconf 78' lang='grc' dir='ltr'>προτίθημι</span> 
     </span>
    </p>
   </div>
   <div class='ocr_carea' id='block_1_42' title="bbox 569 2476 2179 2556">
    <p class='ocr_par' dir='ltr' id='par_1_42' title="bbox 569 2478 2179 2551">
     <span class='ocr_line' id='line_1_42' title="bbox 569 2478 2179 2551; baseline -0.002 -12"><span class='ocrx_word' id='word_1_294' title='bbox 569 2496 920 2548; x_wconf 89' lang='lat' dir='ltr'>nascamur,</span> <span class='ocrx_word' id='word_1_295' title='bbox 954 2479 1182 2551; x_wconf 87' lang='lat' dir='ltr'>utiipse</span> <span class='ocrx_word' id='word_1_296' title='bbox 1204 2493 1450 2550; x_wconf 90' lang='lat' dir='ltr'>quoque</span> <span class='ocrx_word' id='word_1_297' title='bbox 1474 2478 1762 2533; x_wconf 90' lang='lat' dir='ltr'>Dominus</span> <span class='ocrx_word' id='word_1_298' title='bbox 1796 2478 1903 2533; x_wconf 88' lang='lat' dir='ltr'>ait:</span> <span class='ocrx_word' id='word_1_299' title='bbox 1935 2480 2062 2548; x_wconf 88' lang='lat' dir='ltr'>Ego</span> <span class='ocrx_word' id='word_1_300' title='bbox 2083 2495 2179 2535; x_wconf 87' lang='lat' dir='ltr'>occ</span> 
     </span>
    </p>
   </div>
   <div class='ocr_carea' id='block_1_43' title="bbox 2321 2476 3931 2556">
    <p class='ocr_par' dir='ltr' id='par_1_43' title="bbox 2337 2476 3931 2556">
     <span class='ocr_line' id='line_1_43' title="bbox 2337 2476 3931 2556; baseline 0.002 -28"><span class='ocrx_word' id='word_1_301' title='bbox 2337 2483 2432 2537; x_wconf 84' lang='grc' dir='ltr'>τῆς</span> <span class='ocrx_word' id='word_1_302' title='bbox 2459 2476 2614 2537; x_wconf 77' lang='grc' dir='ltr'><em>ζωῆς.</em></span> <span class='ocrx_word' id='word_1_303' title='bbox 2665 2480 2758 2530; x_wconf 86' lang='grc' dir='ltr'>Διὰ</span> <span class='ocrx_word' id='word_1_304' title='bbox 2786 2480 2886 2552; x_wconf 73' lang='grc' dir='ltr'>γὰρ</span> <span class='ocrx_word' id='word_1_305' title='bbox 2918 2485 3009 2530; x_wconf 80' lang='grc' dir='ltr'>τοῦ</span> <span class='ocrx_word' id='word_1_306' title='bbox 3038 2476 3309 2532; x_wconf 80' lang='grc' dir='ltr'>ἀποθανεῖν</span> <span class='ocrx_word' id='word_1_307' title='bbox 3339 2488 3399 2539; x_wconf 78' lang='grc' dir='ltr'>τῆ</span> <span class='ocrx_word' id='word_1_308' title='bbox 3437 2486 3602 2555; x_wconf 87' lang='grc' dir='ltr'>σαρκὶ</span> <span class='ocrx_word' id='word_1_309' title='bbox 3632 2485 3931 2556; x_wconf 67' lang='grc' dir='ltr'>περιγίνεται</span> 
     </span>
    </p>
   </div>
   <div class='ocr_carea' id='block_1_44' title="bbox 571 2564 2181 2641">
    <p class='ocr_par' dir='ltr' id='par_1_44' title="bbox 571 2566 2181 2638">
     <span class='ocr_line' id='line_1_44' title="bbox 571 2566 2181 2638; baseline -0.001 -12"><span class='ocrx_word' id='word_1_310' title='bbox 571 2571 798 2637; x_wconf 86' lang='lat' dir='ltr'>dam,et</span> <span class='ocrx_word' id='word_1_311' title='bbox 827 2571 1025 2626; x_wconf 79' lang='lat' dir='ltr'>vivere</span> <span class='ocrx_word' id='word_1_312' title='bbox 1049 2569 1279 2638; x_wconf 78' lang='lat' dir='ltr'>faciam</span> <span class='ocrx_word' id='word_1_313' title='bbox 1303 2568 1371 2621; x_wconf 77' lang='grc'>⁸³.</span> <span class='ocrx_word' id='word_1_314' title='bbox 1405 2566 1726 2624; x_wconf 84' lang='lat' dir='ltr'>Moriamur</span> <span class='ocrx_word' id='word_1_315' title='bbox 1755 2567 1954 2637; x_wconf 87' lang='lat' dir='ltr'>igitur,</span> <span class='ocrx_word' id='word_1_316' title='bbox 1983 2574 2047 2624; x_wconf 88' lang='lat' dir='ltr'>ut</span> <span class='ocrx_word' id='word_1_317' title='bbox 2067 2567 2181 2624; x_wconf 65' lang='lat' dir='ltr'>viva</span> 
     </span>
    </p>
   </div>
   <div class='ocr_carea' id='block_1_45' title="bbox 2323 2564 3933 2641">
    <p class='ocr_par' dir='ltr' id='par_1_45' title="bbox 2336 2564 3933 2641">
     <span class='ocr_line' id='line_1_45' title="bbox 2336 2564 3933 2641; baseline 0.003 -27"><span class='ocrx_word' id='word_1_318' title='bbox 2336 2564 2462 2636; x_wconf 77' lang='grc' dir='ltr'>ἡμῖν</span> <span class='ocrx_word' id='word_1_319' title='bbox 2502 2567 2559 2616; x_wconf 85' lang='grc' dir='ltr'>τὸ</span> <span class='ocrx_word' id='word_1_320' title='bbox 2601 2567 2908 2636; x_wconf 69' lang='grc' dir='ltr'>γεννηθῆναι</span> <span class='ocrx_word' id='word_1_321' title='bbox 2949 2574 3019 2636; x_wconf 86' lang='grc' dir='ltr'>τῷ</span> <span class='ocrx_word' id='word_1_322' title='bbox 3076 2570 3349 2640; x_wconf 86' lang='grc' dir='ltr'>πνεύματι,</span> <span class='ocrx_word' id='word_1_323' title='bbox 3412 2571 3556 2620; x_wconf 84' lang='grc' dir='ltr'>καθά</span> <span class='ocrx_word' id='word_1_324' title='bbox 3605 2589 3737 2641; x_wconf 80' lang='grc' dir='ltr'>φησι</span> <span class='ocrx_word' id='word_1_325' title='bbox 3781 2573 3865 2621; x_wconf 83' lang='grc' dir='ltr'>καὶ</span> <span class='ocrx_word' id='word_1_326' title='bbox 3911 2568 3933 2618; x_wconf 92' lang='lat'>6</span> 
     </span>
    </p>
   </div>
   <div class='ocr_carea' id='block_1_46' title="bbox 570 2653 2180 2729">
    <p class='ocr_par' dir='ltr' id='par_1_46' title="bbox 570 2654 2180 2727">
     <span class='ocr_line' id='line_1_46' title="bbox 570 2654 2180 2727; baseline -0.002 -12"><span class='ocrx_word' id='word_1_327' title='bbox 570 2675 732 2715; x_wconf 89' lang='lat' dir='ltr'>mus.</span> <span class='ocrx_word' id='word_1_328' title='bbox 760 2658 1134 2714; x_wconf 87' lang='lat' dir='ltr'>Perimamus</span> <span class='ocrx_word' id='word_1_329' title='bbox 1155 2654 1440 2711; x_wconf 67' lang='lat' dir='ltr'>aﬂ‘ectum</span> <span class='ocrx_word' id='word_1_330' title='bbox 1466 2655 1798 2727; x_wconf 91' lang='lat' dir='ltr'>carnis,qui</span> <span class='ocrx_word' id='word_1_331' title='bbox 1821 2654 1920 2710; x_wconf 90' lang='lat' dir='ltr'>Dei</span> <span class='ocrx_word' id='word_1_332' title='bbox 1941 2655 2058 2724; x_wconf 87' lang='lat' dir='ltr'>legi</span> <span class='ocrx_word' id='word_1_333' title='bbox 2082 2656 2180 2712; x_wconf 74' lang='lat' dir='ltr'>sui</span> 
     </span>
    </p>
   </div>
   <div class='ocr_carea' id='block_1_47' title="bbox 2327 2653 3937 2729">
    <p class='ocr_par' dir='ltr' id='par_1_47' title="bbox 2338 2653 3937 2729">
     <span class='ocr_line' id='line_1_47' title="bbox 2338 2653 3937 2729; baseline 0.002 -23"><span class='ocrx_word' id='word_1_334' title='bbox 2338 2656 2543 2728; x_wconf 82' lang='grc' dir='ltr'>Κύριος·</span> <span class='ocrx_word' id='word_1_335' title='bbox 2573 2653 2703 2725; x_wconf 73' lang='grc' dir='ltr'>Ἐγὼ</span> <span class='ocrx_word' id='word_1_336' title='bbox 2752 2653 3034 2722; x_wconf 75' lang='grc' dir='ltr'>ἀποκτενῶ,</span> <span class='ocrx_word' id='word_1_337' title='bbox 3081 2661 3171 2709; x_wconf 84' lang='grc' dir='ltr'>καὶ</span> <span class='ocrx_word' id='word_1_338' title='bbox 3225 2656 3320 2729; x_wconf 71' lang='grc' dir='ltr'>ζῇν</span> <span class='ocrx_word' id='word_1_339' title='bbox 3379 2663 3614 2715; x_wconf 66' lang='grc' dir='ltr'>ποιήσω.</span> <span class='ocrx_word' id='word_1_340' title='bbox 3662 2658 3937 2712; x_wconf 80' lang='grc' dir='ltr'>Ἀποθάνω⁶</span> 
     </span>
    </p>
   </div>
   <div class='ocr_carea' id='block_1_48' title="bbox 566 2742 2176 2827">
    <p class='ocr_par' dir='ltr' id='par_1_48' title="bbox 566 2742 2176 2827">
     <span class='ocr_line' id='line_1_48' title="bbox 566 2742 2176 2827; baseline -0.001 -26"><span class='ocrx_word' id='word_1_341' title='bbox 566 2747 670 2818; x_wconf 88' lang='lat' dir='ltr'>jici</span> <span class='ocrx_word' id='word_1_342' title='bbox 709 2762 835 2802; x_wconf 85' lang='lat' dir='ltr'>non</span> <span class='ocrx_word' id='word_1_343' title='bbox 868 2749 1066 2817; x_wconf 89' lang='lat' dir='ltr'>potest</span> <span class='ocrx_word' id='word_1_344' title='bbox 1093 2745 1173 2827; x_wconf 71' lang='grc'>⁸⁸,</span> <span class='ocrx_word' id='word_1_345' title='bbox 1221 2747 1287 2798; x_wconf 89' lang='lat' dir='ltr'>ut</span> <span class='ocrx_word' id='word_1_346' title='bbox 1332 2742 1538 2799; x_wconf 90' lang='lat' dir='ltr'>valida</span> <span class='ocrx_word' id='word_1_347' title='bbox 1579 2743 1823 2816; x_wconf 87' lang='lat' dir='ltr'>spiritus</span> <span class='ocrx_word' id='word_1_348' title='bbox 1874 2744 2109 2800; x_wconf 81' lang='lat' dir='ltr'>aﬂ&#39;ectio</span> <span class='ocrx_word' id='word_1_349' title='bbox 2165 2745 2176 2800; x_wconf 92' lang='lat' dir='ltr'>i</span> 
     </span>
    </p>
   </div>
   <div class='ocr_carea' id='block_1_49' title="bbox 2323 2742 3933 2827">
    <p class='ocr_par' dir='ltr' id='par_1_49' title="bbox 2335 2742 3933 2823">
     <span class='ocr_line' id='line_1_49' title="bbox 2335 2742 3933 2823; baseline 0.006 -29"><span class='ocrx_word' id='word_1_350' title='bbox 2335 2761 2425 2814; x_wconf 87' lang='grc' dir='ltr'>μεν</span> <span class='ocrx_word' id='word_1_351' title='bbox 2464 2742 2570 2809; x_wconf 80' lang='grc' dir='ltr'>οὖν,</span> <span class='ocrx_word' id='word_1_352' title='bbox 2608 2743 2692 2796; x_wconf 80' lang='grc' dir='ltr'>ἵνα</span> <span class='ocrx_word' id='word_1_353' title='bbox 2730 2743 2992 2817; x_wconf 79' lang='grc' dir='ltr'>ζήσωμεν.</span> <span class='ocrx_word' id='word_1_354' title='bbox 3027 2745 3434 2819; x_wconf 84' lang='grc' dir='ltr'>Ἀποκτείνωμεν</span> <span class='ocrx_word' id='word_1_355' title='bbox 3463 2749 3524 2800; x_wconf 86' lang='grc' dir='ltr'>τὸ</span> <span class='ocrx_word' id='word_1_356' title='bbox 3563 2751 3804 2823; x_wconf 77' lang='grc' dir='ltr'>φρόνημα</span> <span class='ocrx_word' id='word_1_357' title='bbox 3830 2747 3933 2815; x_wconf 79' lang='grc'>(67)</span> 
     </span>
    </p>
   </div>
   <div class='ocr_carea' id='block_1_50' title="bbox 568 2830 2178 2908">
    <p class='ocr_par' dir='ltr' id='par_1_50' title="bbox 568 2831 2178 2904">
     <span class='ocr_line' id='line_1_50' title="bbox 568 2831 2178 2904; baseline -0.004 -12"><span class='ocrx_word' id='word_1_358' title='bbox 568 2835 749 2892; x_wconf 89' lang='lat' dir='ltr'>nobis</span> <span class='ocrx_word' id='word_1_359' title='bbox 789 2834 1089 2904; x_wconf 87' lang='lat' dir='ltr'>gignatur,</span> <span class='ocrx_word' id='word_1_360' title='bbox 1125 2831 1285 2887; x_wconf 90' lang='lat' dir='ltr'>unde</span> <span class='ocrx_word' id='word_1_361' title='bbox 1336 2831 1453 2887; x_wconf 89' lang='lat' dir='ltr'>vita</span> <span class='ocrx_word' id='word_1_362' title='bbox 1480 2847 1724 2904; x_wconf 84' lang='lat' dir='ltr'>paxque</span> <span class='ocrx_word' id='word_1_363' title='bbox 1755 2831 1906 2888; x_wconf 91' lang='lat' dir='ltr'>solet</span> <span class='ocrx_word' id='word_1_364' title='bbox 1937 2833 2097 2888; x_wconf 89' lang='lat' dir='ltr'>oriri.</span> <span class='ocrx_word' id='word_1_365' title='bbox 2134 2834 2178 2889; x_wconf 78' lang='lat' dir='ltr'>Si</span> 
     </span>
    </p>
   </div>
   <div class='ocr_carea' id='block_1_51' title="bbox 2329 2830 3939 2908">
    <p class='ocr_par' dir='ltr' id='par_1_51' title="bbox 2335 2830 3939 2908">
     <span class='ocr_line' id='line_1_51' title="bbox 2335 2830 3939 2908; baseline 0.001 -25"><span class='ocrx_word' id='word_1_366' title='bbox 2335 2838 2432 2893; x_wconf 86' lang='grc' dir='ltr'>τῆς</span> <span class='ocrx_word' id='word_1_367' title='bbox 2480 2835 2691 2906; x_wconf 82' lang='grc' dir='ltr'>σαρκὸς,</span> <span class='ocrx_word' id='word_1_368' title='bbox 2743 2835 2801 2884; x_wconf 85' lang='grc' dir='ltr'>τὸ</span> <span class='ocrx_word' id='word_1_369' title='bbox 2849 2837 2920 2906; x_wconf 81' lang='grc' dir='ltr'>μὴ</span> <span class='ocrx_word' id='word_1_370' title='bbox 2973 2830 3255 2906; x_wconf 79' lang='grc' dir='ltr'>δυνάμενον</span> <span class='ocrx_word' id='word_1_371' title='bbox 3308 2839 3646 2907; x_wconf 74' lang='grc' dir='ltr'>ὑποταγῆναι</span> <span class='ocrx_word' id='word_1_372' title='bbox 3698 2845 3770 2908; x_wconf 84' lang='grc' dir='ltr'>τῷ</span> <span class='ocrx_word' id='word_1_373' title='bbox 3811 2839 3939 2908; x_wconf 81' lang='grc' dir='ltr'>νόμῳ</span> 
     </span>
    </p>
   </div>
   <div class='ocr_carea' id='block_1_52' title="bbox 566 2921 2176 2999">
    <p class='ocr_par' dir='ltr' id='par_1_52' title="bbox 566 2921 2176 2999">
     <span class='ocr_line' id='line_1_52' title="bbox 566 2921 2176 2999; baseline 0 -19"><span class='ocrx_word' id='word_1_374' title='bbox 566 2924 867 2999; x_wconf 88' lang='lat' dir='ltr'>peliamur</span> <span class='ocrx_word' id='word_1_375' title='bbox 899 2939 1019 2980; x_wconf 91' lang='lat' dir='ltr'>una</span> <span class='ocrx_word' id='word_1_376' title='bbox 1051 2938 1191 2977; x_wconf 89' lang='lat' dir='ltr'>cum</span> <span class='ocrx_word' id='word_1_377' title='bbox 1214 2921 1469 2987; x_wconf 88' lang='lat' dir='ltr'>Christo,</span> <span class='ocrx_word' id='word_1_378' title='bbox 1491 2923 1595 2995; x_wconf 91' lang='lat' dir='ltr'>qui</span> <span class='ocrx_word' id='word_1_379' title='bbox 1617 2938 1725 2994; x_wconf 91' lang='lat' dir='ltr'>pro</span> <span class='ocrx_word' id='word_1_380' title='bbox 1746 2923 1923 2979; x_wconf 90' lang='lat' dir='ltr'>nobis</span> <span class='ocrx_word' id='word_1_381' title='bbox 1949 2927 2176 2980; x_wconf 67' lang='lat' dir='ltr'>mortur</span> 
     </span>
    </p>
   </div>
   <div class='ocr_carea' id='block_1_53' title="bbox 2329 2921 3939 2999">
    <p class='ocr_par' dir='ltr' id='par_1_53' title="bbox 2334 2923 3939 2998">
     <span class='ocr_line' id='line_1_53' title="bbox 2334 2923 3939 2998; baseline 0.001 -25"><span class='ocrx_word' id='word_1_382' title='bbox 2334 2928 2428 2974; x_wconf 84' lang='grc' dir='ltr'>τοῦ</span> <span class='ocrx_word' id='word_1_383' title='bbox 2477 2929 2631 2990; x_wconf 82' lang='grc' dir='ltr'>Θεοῦ,</span> <span class='ocrx_word' id='word_1_384' title='bbox 2683 2923 2766 2975; x_wconf 85' lang='grc' dir='ltr'>ἶνα</span> <span class='ocrx_word' id='word_1_385' title='bbox 2815 2927 2874 2975; x_wconf 86' lang='grc' dir='ltr'>τὸ</span> <span class='ocrx_word' id='word_1_386' title='bbox 2933 2928 3171 2997; x_wconf 73' lang='grc' dir='ltr'>φρόνημα</span> <span class='ocrx_word' id='word_1_387' title='bbox 3216 2932 3307 2977; x_wconf 84' lang='grc' dir='ltr'>τοῦ</span> <span class='ocrx_word' id='word_1_388' title='bbox 3364 2928 3664 2998; x_wconf 82' lang='grc' dir='ltr'>πνεύματος</span> <span class='ocrx_word' id='word_1_389' title='bbox 3729 2927 3939 2998; x_wconf 79' lang='grc' dir='ltr'>ἰσχυρὸν</span> 
     </span>
    </p>
   </div>
   <div class='ocr_carea' id='block_1_54' title="bbox 568 3009 2178 3090">
    <p class='ocr_par' dir='ltr' id='par_1_54' title="bbox 568 3011 2178 3084">
     <span class='ocr_line' id='line_1_54' title="bbox 568 3011 2178 3084; baseline -0.005 -12"><span class='ocrx_word' id='word_1_390' title='bbox 568 3019 678 3084; x_wconf 89' lang='lat' dir='ltr'>est,</span> <span class='ocrx_word' id='word_1_391' title='bbox 710 3019 777 3071; x_wconf 86' lang='lat' dir='ltr'>ut</span> <span class='ocrx_word' id='word_1_392' title='bbox 804 3013 984 3070; x_wconf 88' lang='lat' dir='ltr'>etiam</span> <span class='ocrx_word' id='word_1_393' title='bbox 1020 3029 1144 3068; x_wconf 89' lang='lat' dir='ltr'>una</span> <span class='ocrx_word' id='word_1_394' title='bbox 1176 3027 1313 3067; x_wconf 90' lang='lat' dir='ltr'>cum</span> <span class='ocrx_word' id='word_1_395' title='bbox 1349 3011 1599 3079; x_wconf 90' lang='lat' dir='ltr'>Christo,</span> <span class='ocrx_word' id='word_1_396' title='bbox 1634 3012 1738 3084; x_wconf 88' lang='lat' dir='ltr'>qui</span> <span class='ocrx_word' id='word_1_397' title='bbox 1763 3013 1942 3069; x_wconf 86' lang='lat' dir='ltr'>nobis</span> <span class='ocrx_word' id='word_1_398' title='bbox 1968 3029 2178 3069; x_wconf 69' lang='lat' dir='ltr'>resurr.</span> 
     </span>
    </p>
   </div>
   <div class='ocr_carea' id='block_1_55' title="bbox 2335 3009 3945 3090">
    <p class='ocr_par' dir='ltr' id='par_1_55' title="bbox 2336 3009 3945 3090">
     <span class='ocr_line' id='line_1_55' title="bbox 2336 3009 3945 3090; baseline 0.001 -29"><span class='ocrx_word' id='word_1_399' title='bbox 2336 3009 2461 3082; x_wconf 76' lang='grc' dir='ltr'>ἡμίν</span> <span class='ocrx_word' id='word_1_400' title='bbox 2491 3012 2600 3081; x_wconf 73' lang='grc'>(68)</span> <span class='ocrx_word' id='word_1_401' title='bbox 2625 3009 2914 3082; x_wconf 74' lang='grc' dir='ltr'>ἐγγένηται,</span> <span class='ocrx_word' id='word_1_402' title='bbox 2950 3009 3024 3064; x_wconf 74' lang='grc' dir='ltr'>δι’</span> <span class='ocrx_word' id='word_1_403' title='bbox 3049 3014 3110 3065; x_wconf 82' lang='grc' dir='ltr'>οὖ</span> <span class='ocrx_word' id='word_1_404' title='bbox 3135 3016 3238 3085; x_wconf 80' lang='grc' dir='ltr'>ζμὴ</span> <span class='ocrx_word' id='word_1_405' title='bbox 3266 3018 3356 3066; x_wconf 83' lang='grc' dir='ltr'>καὶ</span> <span class='ocrx_word' id='word_1_406' title='bbox 3386 3014 3570 3088; x_wconf 76' lang='grc' dir='ltr'>εἰρήνη</span> <span class='ocrx_word' id='word_1_407' title='bbox 3594 3015 3945 3090; x_wconf 70' lang='grc' dir='ltr'>περιγίνεσθαι</span> 
     </span>
    </p>
   </div>
   <div class='ocr_carea' id='block_1_56' title="bbox 566 3100 2176 3180">
    <p class='ocr_par' dir='ltr' id='par_1_56' title="bbox 566 3100 2172 3172">
     <span class='ocr_line' id='line_1_56' title="bbox 566 3100 2172 3172; baseline -0.002 -12"><span class='ocrx_word' id='word_1_408' title='bbox 566 3104 778 3160; x_wconf 90' lang='lat' dir='ltr'>ctionis</span> <span class='ocrx_word' id='word_1_409' title='bbox 803 3106 1013 3158; x_wconf 87' lang='lat' dir='ltr'>auctor</span> <span class='ocrx_word' id='word_1_410' title='bbox 1036 3100 1164 3167; x_wconf 88' lang='lat' dir='ltr'>fuit,</span> <span class='ocrx_word' id='word_1_411' title='bbox 1188 3114 1596 3169; x_wconf 83' lang='lat' dir='ltr'>resurgamus.</span> <span class='ocrx_word' id='word_1_412' title='bbox 1621 3102 1879 3172; x_wconf 88' lang='lat' dir='ltr'>Tempus</span> <span class='ocrx_word' id='word_1_413' title='bbox 1909 3101 2074 3157; x_wconf 89' lang='lat' dir='ltr'>aliud</span> <span class='ocrx_word' id='word_1_414' title='bbox 2095 3103 2172 3158; x_wconf 90' lang='lat' dir='ltr'>ali</span> 
     </span>
    </p>
   </div>
   <div class='ocr_carea' id='block_1_57' title="bbox 2333 3100 3943 3180">
    <p class='ocr_par' dir='ltr' id='par_1_57' title="bbox 2334 3101 3943 3180">
     <span class='ocr_line' id='line_1_57' title="bbox 2334 3101 3943 3180; baseline 0.001 -28"><span class='ocrx_word' id='word_1_415' title='bbox 2334 3105 2545 3172; x_wconf 81' lang='grc' dir='ltr'>πέφυκε.</span> <span class='ocrx_word' id='word_1_416' title='bbox 2580 3107 2915 3174; x_wconf 74' lang='grc' dir='ltr'>Συνταφῶμεν</span> <span class='ocrx_word' id='word_1_417' title='bbox 2962 3109 3034 3172; x_wconf 85' lang='grc' dir='ltr'>τῷ</span> <span class='ocrx_word' id='word_1_418' title='bbox 3083 3109 3300 3175; x_wconf 84' lang='grc' dir='ltr'>Χριστῷ</span> <span class='ocrx_word' id='word_1_419' title='bbox 3343 3112 3416 3174; x_wconf 82' lang='grc' dir='ltr'>τῷ</span> <span class='ocrx_word' id='word_1_420' title='bbox 3463 3105 3599 3180; x_wconf 72' lang='grc' dir='ltr'>ὑπὲρ</span> <span class='ocrx_word' id='word_1_421' title='bbox 3647 3106 3792 3178; x_wconf 77' lang='grc' dir='ltr'>ἡμῶν</span> <span class='ocrx_word' id='word_1_422' title='bbox 3830 3101 3943 3154; x_wconf 83' lang='grc' dir='ltr'>ἀπο-</span> 
     </span>
    </p>
   </div>
   <div class='ocr_carea' id='block_1_58' title="bbox 563 3189 2173 3265">
    <p class='ocr_par' dir='ltr' id='par_1_58' title="bbox 563 3189 2173 3265">
     <span class='ocr_line' id='line_1_58' title="bbox 563 3189 2173 3265; baseline -0.005 -16"><span class='ocrx_word' id='word_1_423' title='bbox 563 3192 813 3265; x_wconf 91' lang='lat' dir='ltr'>quidem</span> <span class='ocrx_word' id='word_1_424' title='bbox 837 3191 1020 3247; x_wconf 90' lang='lat' dir='ltr'>rebus</span> <span class='ocrx_word' id='word_1_425' title='bbox 1046 3189 1333 3245; x_wconf 90' lang='lat' dir='ltr'>idoneum</span> <span class='ocrx_word' id='word_1_426' title='bbox 1355 3193 1466 3244; x_wconf 91' lang='lat' dir='ltr'>est:</span> <span class='ocrx_word' id='word_1_427' title='bbox 1499 3189 1813 3260; x_wconf 86' lang='lat' dir='ltr'>proprium</span> <span class='ocrx_word' id='word_1_428' title='bbox 1851 3192 2072 3262; x_wconf 85' lang='lat' dir='ltr'>somni,</span> <span class='ocrx_word' id='word_1_429' title='bbox 2094 3207 2173 3263; x_wconf 50' lang='lat' dir='ltr'>pri</span> 
     </span>
    </p>
   </div>
   <div class='ocr_carea' id='block_1_59' title="bbox 2331 3189 3941 3265">
    <p class='ocr_par' dir='ltr' id='par_1_59' title="bbox 2339 3191 3941 3265">
     <span class='ocr_line' id='line_1_59' title="bbox 2339 3191 3941 3265; baseline 0.001 -23"><span class='ocrx_word' id='word_1_430' title='bbox 2339 3191 2560 3255; x_wconf 81' lang='grc' dir='ltr'>θανόντι,</span> <span class='ocrx_word' id='word_1_431' title='bbox 2594 3191 2677 3242; x_wconf 88' lang='grc' dir='ltr'>ἶνα</span> <span class='ocrx_word' id='word_1_432' title='bbox 2708 3194 2797 3242; x_wconf 84' lang='grc' dir='ltr'>καὶ</span> <span class='ocrx_word' id='word_1_433' title='bbox 2830 3199 3230 3264; x_wconf 82' lang='grc' dir='ltr'>συναναστῶμεν</span> <span class='ocrx_word' id='word_1_434' title='bbox 3278 3201 3350 3262; x_wconf 83' lang='grc' dir='ltr'>τῷ</span> <span class='ocrx_word' id='word_1_435' title='bbox 3380 3195 3507 3265; x_wconf 79' lang='grc' dir='ltr'>ἡμῖν</span> <span class='ocrx_word' id='word_1_436' title='bbox 3544 3199 3637 3254; x_wconf 75' lang='grc' dir='ltr'>τὴν</span> <span class='ocrx_word' id='word_1_437' title='bbox 3669 3193 3941 3246; x_wconf 79' lang='grc' dir='ltr'>ἀνάστασιν</span> 
     </span>
    </p>
   </div>
   <div class='ocr_carea' id='block_1_60' title="bbox 564 3277 2174 3354">
    <p class='ocr_par' dir='ltr' id='par_1_60' title="bbox 564 3278 2174 3354">
     <span class='ocr_line' id='line_1_60' title="bbox 564 3278 2174 3354; baseline -0.002 -16"><span class='ocrx_word' id='word_1_438' title='bbox 564 3281 764 3354; x_wconf 88' lang='lat' dir='ltr'>prium</span> <span class='ocrx_word' id='word_1_439' title='bbox 792 3279 1156 3352; x_wconf 78' lang='lat' dir='ltr'>vigiliarum,</span> <span class='ocrx_word' id='word_1_440' title='bbox 1173 3278 1488 3351; x_wconf 89' lang='lat' dir='ltr'>proprium</span> <span class='ocrx_word' id='word_1_441' title='bbox 1513 3278 1672 3345; x_wconf 90' lang='lat' dir='ltr'>belli,</span> <span class='ocrx_word' id='word_1_442' title='bbox 1689 3279 2001 3351; x_wconf 85' lang='lat' dir='ltr'>proprium</span> <span class='ocrx_word' id='word_1_443' title='bbox 2021 3280 2174 3352; x_wconf 76' lang='lat' dir='ltr'>pacis</span> 
     </span>
    </p>
   </div>
   <div class='ocr_carea' id='block_1_61' title="bbox 2331 3277 3941 3354">
    <p class='ocr_par' dir='ltr' id='par_1_61' title="bbox 2333 3277 3941 3352">
     <span class='ocr_line' id='line_1_61' title="bbox 2333 3277 3941 3352; baseline 0.002 -22"><span class='ocrx_word' id='word_1_444' title='bbox 2333 3277 2730 3352; x_wconf 58' lang='grc' dir='ltr'>προξενήσαντα</span> <span class='ocrx_word' id='word_1_445' title='bbox 2765 3281 2958 3352; x_wconf 82' lang='grc' dir='ltr'>Καιρὸς</span> <span class='ocrx_word' id='word_1_446' title='bbox 2983 3283 3072 3352; x_wconf 68' lang='grc' dir='ltr'>μὲν</span> <span class='ocrx_word' id='word_1_447' title='bbox 3105 3281 3192 3332; x_wconf 76' lang='grc' dir='ltr'>οὖν</span> <span class='ocrx_word' id='word_1_448' title='bbox 3222 3279 3396 3343; x_wconf 75' lang='grc' dir='ltr'>ἄλλοις</span> <span class='ocrx_word' id='word_1_449' title='bbox 3424 3281 3586 3346; x_wconf 79' lang='grc' dir='ltr'>ἄλλος</span> <span class='ocrx_word' id='word_1_450' title='bbox 3632 3279 3941 3341; x_wconf 67' lang='grc' dir='ltr'>ἐπιτήδειος·</span> 
     </span>
    </p>
   </div>
   <div class='ocr_carea' id='block_1_62' title="bbox 564 3364 2174 3444">
    <p class='ocr_par' dir='ltr' id='par_1_62' title="bbox 564 3367 2174 3442">
     <span class='ocr_line' id='line_1_62' title="bbox 564 3367 2174 3442; baseline -0.001 -16"><span class='ocrx_word' id='word_1_451' title='bbox 564 3370 674 3426; x_wconf 91' lang='lat' dir='ltr'>sed</span> <span class='ocrx_word' id='word_1_452' title='bbox 699 3369 1084 3442; x_wconf 87' lang='lat' dir='ltr'>baptismatis</span> <span class='ocrx_word' id='word_1_453' title='bbox 1110 3373 1348 3440; x_wconf 91' lang='lat' dir='ltr'>tempus</span> <span class='ocrx_word' id='word_1_454' title='bbox 1371 3372 1493 3423; x_wconf 87' lang='lat' dir='ltr'>tota</span> <span class='ocrx_word' id='word_1_455' title='bbox 1511 3367 1827 3423; x_wconf 92' lang='lat' dir='ltr'>hominum</span> <span class='ocrx_word' id='word_1_456' title='bbox 1861 3369 1981 3424; x_wconf 89' lang='lat' dir='ltr'>vita</span> <span class='ocrx_word' id='word_1_457' title='bbox 2009 3372 2174 3424; x_wconf 40' lang='lat' dir='ltr'>est.Nt</span> 
     </span>
    </p>
   </div>
   <div class='ocr_carea' id='block_1_63' title="bbox 2331 3364 3941 3444">
    <p class='ocr_par' dir='ltr' id='par_1_63' title="bbox 2333 3364 3941 3444">
     <span class='ocr_line' id='line_1_63' title="bbox 2333 3364 3941 3444; baseline 0.001 -25"><span class='ocrx_word' id='word_1_458' title='bbox 2333 3364 2474 3429; x_wconf 71' lang='grc' dir='ltr'>ἴδιος</span> <span class='ocrx_word' id='word_1_459' title='bbox 2511 3367 2694 3435; x_wconf 76' lang='grc' dir='ltr'>ΰπνου,</span> <span class='ocrx_word' id='word_1_460' title='bbox 2745 3372 2834 3420; x_wconf 89' lang='grc' dir='ltr'>καὶ</span> <span class='ocrx_word' id='word_1_461' title='bbox 2880 3365 3020 3431; x_wconf 77' lang='grc' dir='ltr'>ἴδιος</span> <span class='ocrx_word' id='word_1_462' title='bbox 3068 3368 3448 3444; x_wconf 68' lang='grc' dir='ltr'>ἐγρηγόρσεως·</span> <span class='ocrx_word' id='word_1_463' title='bbox 3504 3370 3660 3434; x_wconf 72' lang='grc' dir='ltr'>ἴδιος</span> <span class='ocrx_word' id='word_1_464' title='bbox 3704 3372 3941 3444; x_wconf 78' lang='grc' dir='ltr'>πολέμου,</span> 
     </span>
    </p>
   </div>
   <div class='ocr_carea' id='block_1_64' title="bbox 561 3454 2171 3534">
    <p class='ocr_par' dir='ltr' id='par_1_64' title="bbox 561 3456 2171 3534">
     <span class='ocr_line' id='line_1_64' title="bbox 561 3456 2171 3534; baseline -0.001 -18"><span class='ocrx_word' id='word_1_465' title='bbox 561 3475 680 3534; x_wconf 85' lang='lat' dir='ltr'>que</span> <span class='ocrx_word' id='word_1_466' title='bbox 708 3459 869 3516; x_wconf 90' lang='lat' dir='ltr'>enim</span> <span class='ocrx_word' id='word_1_467' title='bbox 899 3473 1118 3530; x_wconf 88' lang='lat' dir='ltr'>corpus</span> <span class='ocrx_word' id='word_1_468' title='bbox 1142 3457 1309 3530; x_wconf 87' lang='lat' dir='ltr'>quod</span> <span class='ocrx_word' id='word_1_469' title='bbox 1336 3471 1458 3512; x_wconf 91' lang='lat' dir='ltr'>non</span> <span class='ocrx_word' id='word_1_470' title='bbox 1483 3456 1758 3529; x_wconf 85' lang='lat' dir='ltr'>respirat,</span> <span class='ocrx_word' id='word_1_471' title='bbox 1787 3457 2003 3524; x_wconf 82' lang='lat' dir='ltr'>vivere,</span> <span class='ocrx_word' id='word_1_472' title='bbox 2026 3473 2171 3530; x_wconf 75' lang='lat' dir='ltr'>neqi</span> 
     </span>
    </p>
   </div>
   <div class='ocr_carea' id='block_1_65' title="bbox 2331 3454 3941 3534">
    <p class='ocr_par' dir='ltr' id='par_1_65' title="bbox 2333 3454 3941 3534">
     <span class='ocr_line' id='line_1_65' title="bbox 2333 3454 3941 3534; baseline 0.004 -26"><span class='ocrx_word' id='word_1_473' title='bbox 2333 3461 2424 3509; x_wconf 85' lang='grc' dir='ltr'>καὶ</span> <span class='ocrx_word' id='word_1_474' title='bbox 2476 3454 2615 3518; x_wconf 80' lang='grc' dir='ltr'>ἴδιος</span> <span class='ocrx_word' id='word_1_475' title='bbox 2668 3457 2888 3530; x_wconf 76' lang='grc' dir='ltr'>εἰρήνης·</span> <span class='ocrx_word' id='word_1_476' title='bbox 2959 3463 3139 3534; x_wconf 91' lang='grc' dir='ltr'>καιρός</span> <span class='ocrx_word' id='word_1_477' title='bbox 3195 3456 3254 3511; x_wconf 70' lang='grc' dir='ltr'>δι</span> <span class='ocrx_word' id='word_1_478' title='bbox 3298 3458 3683 3534; x_wconf 83' lang='grc' dir='ltr'>βαπτίσματος</span> <span class='ocrx_word' id='word_1_479' title='bbox 3736 3463 3871 3522; x_wconf 78' lang='grc' dir='ltr'>ἄπας</span> <span class='ocrx_word' id='word_1_480' title='bbox 3918 3460 3941 3510; x_wconf 82' lang='grc' dir='ltr'><strong><em>ὁ</em></strong></span> 
     </span>
    </p>
   </div>
   <div class='ocr_carea' id='block_1_66' title="bbox 561 3545 2171 3628">
    <p class='ocr_par' dir='ltr' id='par_1_66' title="bbox 561 3545 2171 3620">
     <span class='ocr_line' id='line_1_66' title="bbox 561 3545 2171 3620; baseline -0.002 -15"><span class='ocrx_word' id='word_1_481' title='bbox 561 3548 770 3606; x_wconf 88' lang='lat' dir='ltr'>anima</span> <span class='ocrx_word' id='word_1_482' title='bbox 791 3563 927 3620; x_wconf 62' lang='lat' dir='ltr'>quae</span> <span class='ocrx_word' id='word_1_483' title='bbox 958 3545 1338 3603; x_wconf 89' lang='lat' dir='ltr'>Conditorem</span> <span class='ocrx_word' id='word_1_484' title='bbox 1367 3560 1491 3602; x_wconf 90' lang='lat' dir='ltr'>non</span> <span class='ocrx_word' id='word_1_485' title='bbox 1531 3546 1862 3615; x_wconf 90' lang='lat' dir='ltr'>cognoscit,</span> <span class='ocrx_word' id='word_1_486' title='bbox 1903 3547 2171 3602; x_wconf 75' lang='lat' dir='ltr'>consiste]</span> 
     </span>
    </p>
   </div>
   <div class='ocr_carea' id='block_1_67' title="bbox 2334 3545 3944 3628">
    <p class='ocr_par' dir='ltr' id='par_1_67' title="bbox 2334 3545 3944 3628">
     <span class='ocr_line' id='line_1_67' title="bbox 2334 3545 3944 3628; baseline 0.002 -29"><span class='ocrx_word' id='word_1_487' title='bbox 2334 3545 2730 3623; x_wconf 84' lang='grc' dir='ltr'>τῶνάνθρώπων</span> <span class='ocrx_word' id='word_1_488' title='bbox 2762 3547 2899 3622; x_wconf 85' lang='grc' dir='ltr'>βίος·</span> <span class='ocrx_word' id='word_1_489' title='bbox 2956 3553 3088 3602; x_wconf 75' lang='grc' dir='ltr'>Οὔτε</span> <span class='ocrx_word' id='word_1_490' title='bbox 3135 3552 3236 3626; x_wconf 74' lang='grc' dir='ltr'>γὰρ</span> <span class='ocrx_word' id='word_1_491' title='bbox 3299 3557 3508 3625; x_wconf 87' lang='grc' dir='ltr'>σώματι</span> <span class='ocrx_word' id='word_1_492' title='bbox 3573 3555 3675 3628; x_wconf 72' lang='grc' dir='ltr'>ζῇν</span> <span class='ocrx_word' id='word_1_493' title='bbox 3729 3557 3798 3627; x_wconf 76' lang='grc' dir='ltr'>μὴ</span> <span class='ocrx_word' id='word_1_494' title='bbox 3838 3550 3944 3603; x_wconf 85' lang='grc' dir='ltr'>ἀνα-</span> 
     </span>
    </p>
   </div>
   <div class='ocr_carea' id='block_1_68' title="bbox 560 3635 2170 3715">
    <p class='ocr_par' dir='ltr' id='par_1_68' title="bbox 560 3635 2170 3712">
     <span class='ocr_line' id='line_1_68' title="bbox 560 3635 2170 3712; baseline -0.003 -16"><span class='ocrx_word' id='word_1_495' title='bbox 560 3642 776 3712; x_wconf 87' lang='lat' dir='ltr'>potest.</span> <span class='ocrx_word' id='word_1_496' title='bbox 806 3639 910 3693; x_wconf 88' lang='lat' dir='ltr'>Dei</span> <span class='ocrx_word' id='word_1_497' title='bbox 943 3636 1105 3693; x_wconf 89' lang='lat' dir='ltr'>enim</span> <span class='ocrx_word' id='word_1_498' title='bbox 1152 3635 1450 3707; x_wconf 86' lang='lat' dir='ltr'>ignoratio</span> <span class='ocrx_word' id='word_1_499' title='bbox 1479 3635 1697 3692; x_wconf 62' lang='lat' dir='ltr'>anima;</span> <span class='ocrx_word' id='word_1_500' title='bbox 1740 3651 1906 3693; x_wconf 87' lang='lat' dir='ltr'>mors</span> <span class='ocrx_word' id='word_1_501' title='bbox 1954 3640 2061 3692; x_wconf 88' lang='lat' dir='ltr'>est.</span> <span class='ocrx_word' id='word_1_502' title='bbox 2109 3639 2170 3702; x_wconf 82' lang='lat' dir='ltr'>Ql</span> 
     </span>
    </p>
   </div>
   <div class='ocr_carea' id='block_1_69' title="bbox 2315 3635 3925 3715">
    <p class='ocr_par' dir='ltr' id='par_1_69' title="bbox 2332 3635 3925 3715">
     <span class='ocr_line' id='line_1_69' title="bbox 2332 3635 3925 3715; baseline 0.003 -26"><span class='ocrx_word' id='word_1_503' title='bbox 2332 3639 2536 3690; x_wconf 84' lang='grc' dir='ltr'>πνέοντι</span> <span class='ocrx_word' id='word_1_504' title='bbox 2567 3635 2808 3704; x_wconf 80' lang='grc' dir='ltr'>δυνατὸν,</span> <span class='ocrx_word' id='word_1_505' title='bbox 2856 3641 2972 3691; x_wconf 76' lang='grc' dir='ltr'>οὔτε</span> <span class='ocrx_word' id='word_1_506' title='bbox 3013 3637 3167 3712; x_wconf 74' lang='grc' dir='ltr'>ψυχῇ</span> <span class='ocrx_word' id='word_1_507' title='bbox 3233 3643 3577 3712; x_wconf 82' lang='grc' dir='ltr'>συνεστάναι,</span> <span class='ocrx_word' id='word_1_508' title='bbox 3636 3649 3711 3715; x_wconf 79' lang='grc' dir='ltr'>μὴ</span> <span class='ocrx_word' id='word_1_509' title='bbox 3771 3659 3925 3715; x_wconf 71' lang='grc' dir='ltr'>γνωρι</span> 
     </span>
    </p>
   </div>
   <div class='ocr_carea' id='block_1_70' title="bbox 559 3723 2169 3803">
    <p class='ocr_par' dir='ltr' id='par_1_70' title="bbox 559 3723 2169 3798">
     <span class='ocr_line' id='line_1_70' title="bbox 559 3723 2169 3798; baseline -0.001 -14"><span class='ocrx_word' id='word_1_510' title='bbox 559 3732 766 3785; x_wconf 81' lang='lat' dir='ltr'>autem</span> <span class='ocrx_word' id='word_1_511' title='bbox 787 3743 910 3783; x_wconf 93' lang='lat' dir='ltr'>non</span> <span class='ocrx_word' id='word_1_512' title='bbox 929 3725 1296 3798; x_wconf 87' lang='lat' dir='ltr'>baptizatus,</span> <span class='ocrx_word' id='word_1_513' title='bbox 1320 3723 1416 3781; x_wconf 91' lang='lat' dir='ltr'>ille</span> <span class='ocrx_word' id='word_1_514' title='bbox 1438 3741 1548 3781; x_wconf 90' lang='lat' dir='ltr'>nec</span> <span class='ocrx_word' id='word_1_515' title='bbox 1566 3724 1941 3781; x_wconf 88' lang='lat' dir='ltr'>illuminatus</span> <span class='ocrx_word' id='word_1_516' title='bbox 1961 3731 2066 3782; x_wconf 76' lang='lat' dir='ltr'>est.</span> <span class='ocrx_word' id='word_1_517' title='bbox 2082 3729 2169 3782; x_wconf 89' lang='lat' dir='ltr'>Ru</span> 
     </span>
    </p>
   </div>
   <div class='ocr_carea' id='block_1_71' title="bbox 2335 3723 3945 3803">
    <p class='ocr_par' dir='ltr' id='par_1_71' title="bbox 2335 3726 3945 3803">
     <span class='ocr_line' id='line_1_71' title="bbox 2335 3726 3945 3803; baseline 0.001 -25"><span class='ocrx_word' id='word_1_518' title='bbox 2335 3726 2500 3799; x_wconf 74' lang='grc' dir='ltr'>ζούση</span> <span class='ocrx_word' id='word_1_519' title='bbox 2557 3730 2646 3780; x_wconf 87' lang='grc' dir='ltr'>τὸν</span> <span class='ocrx_word' id='word_1_520' title='bbox 2698 3731 2971 3782; x_wconf 90' lang='grc' dir='ltr'>κτίσαντα.</span> <span class='ocrx_word' id='word_1_521' title='bbox 3019 3736 3152 3781; x_wconf 84' lang='grc' dir='ltr'>Θεοῦ</span> <span class='ocrx_word' id='word_1_522' title='bbox 3181 3731 3283 3803; x_wconf 75' lang='grc' dir='ltr'>’γὰρ</span> <span class='ocrx_word' id='word_1_523' title='bbox 3332 3729 3528 3802; x_wconf 77' lang='grc' dir='ltr'>οἲγνοια</span> <span class='ocrx_word' id='word_1_524' title='bbox 3580 3735 3804 3795; x_wconf 79' lang='grc' dir='ltr'>Θάνατος</span> <span class='ocrx_word' id='word_1_525' title='bbox 3843 3729 3945 3782; x_wconf 74' lang='grc' dir='ltr'>ἐστι</span> 
     </span>
    </p>
   </div>
   <div class='ocr_carea' id='block_1_72' title="bbox 559 3812 2169 3892">
    <p class='ocr_par' dir='ltr' id='par_1_72' title="bbox 559 3814 2169 3886">
     <span class='ocr_line' id='line_1_72' title="bbox 559 3814 2169 3886; baseline -0.001 -14"><span class='ocrx_word' id='word_1_526' title='bbox 559 3833 664 3872; x_wconf 78' lang='lat' dir='ltr'>sus</span> <span class='ocrx_word' id='word_1_527' title='bbox 694 3815 822 3872; x_wconf 90' lang='lat' dir='ltr'>sine</span> <span class='ocrx_word' id='word_1_528' title='bbox 853 3815 1005 3884; x_wconf 92' lang='lat' dir='ltr'>luce,</span> <span class='ocrx_word' id='word_1_529' title='bbox 1037 3831 1147 3871; x_wconf 89' lang='lat' dir='ltr'>nec</span> <span class='ocrx_word' id='word_1_530' title='bbox 1167 3814 1377 3870; x_wconf 91' lang='lat' dir='ltr'>oculus</span> <span class='ocrx_word' id='word_1_531' title='bbox 1405 3831 1543 3886; x_wconf 68' lang='lat' dir='ltr'>quae</span> <span class='ocrx_word' id='word_1_532' title='bbox 1571 3830 1684 3870; x_wconf 89' lang='lat' dir='ltr'>sua</span> <span class='ocrx_word' id='word_1_533' title='bbox 1713 3819 1855 3870; x_wconf 89' lang='lat' dir='ltr'>sunt</span> <span class='ocrx_word' id='word_1_534' title='bbox 1880 3815 2086 3881; x_wconf 87' lang='lat' dir='ltr'>cernit,</span> <span class='ocrx_word' id='word_1_535' title='bbox 2110 3831 2169 3870; x_wconf 66' lang='lat' dir='ltr'>ne</span> 
     </span>
    </p>
   </div>
   <div class='ocr_carea' id='block_1_73' title="bbox 2336 3812 3946 3892">
    <p class='ocr_par' dir='ltr' id='par_1_73' title="bbox 2336 3812 3946 3892">
     <span class='ocr_line' id='line_1_73' title="bbox 2336 3812 3946 3892; baseline 0.004 -26"><span class='ocrx_word' id='word_1_536' title='bbox 2336 3815 2536 3888; x_wconf 67' lang='grc' dir='ltr'>ψυχῆς,</span> <span class='ocrx_word' id='word_1_537' title='bbox 2582 3815 2638 3868; x_wconf 87' lang='grc' dir='ltr'><strong>Ὀ</strong></span> <span class='ocrx_word' id='word_1_538' title='bbox 2673 3812 2731 3868; x_wconf 79' lang='grc' dir='ltr'><em>ὃέ</em></span> <span class='ocrx_word' id='word_1_539' title='bbox 2759 3823 2830 3888; x_wconf 82' lang='grc' dir='ltr'><em>μή</em></span> <span class='ocrx_word' id='word_1_540' title='bbox 2895 3815 3210 3889; x_wconf 83' lang='grc' dir='ltr'>βαπτισθεὶς</span> <span class='ocrx_word' id='word_1_541' title='bbox 3269 3818 3329 3871; x_wconf 76' lang='grc' dir='ltr'>οὐ</span> <span class='ocrx_word' id='word_1_542' title='bbox 3377 3827 3744 3892; x_wconf 75' lang='grc' dir='ltr'>πεφώτισται.</span> <span class='ocrx_word' id='word_1_543' title='bbox 3803 3819 3946 3872; x_wconf 79' lang='grc' dir='ltr'>Ἀνευ</span> 
     </span>
    </p>
   </div>
   <div class='ocr_carea' id='block_1_74' title="bbox 558 3901 2168 3984">
    <p class='ocr_par' dir='ltr' id='par_1_74' title="bbox 558 3903 2168 3982">
     <span class='ocr_line' id='line_1_74' title="bbox 558 3903 2168 3982; baseline -0.001 -20"><span class='ocrx_word' id='word_1_544' title='bbox 558 3905 766 3962; x_wconf 89' lang='lat' dir='ltr'>anima</span> <span class='ocrx_word' id='word_1_545' title='bbox 807 3905 995 3960; x_wconf 91' lang='lat' dir='ltr'>Deum</span> <span class='ocrx_word' id='word_1_546' title='bbox 1027 3903 1421 3982; x_wconf 84' lang='lat' dir='ltr'>contemplari</span> <span class='ocrx_word' id='word_1_547' title='bbox 1462 3907 1680 3975; x_wconf 90' lang='lat' dir='ltr'>potest.</span> <span class='ocrx_word' id='word_1_548' title='bbox 1735 3907 1938 3976; x_wconf 83' lang='lat' dir='ltr'>Itaque</span> <span class='ocrx_word' id='word_1_549' title='bbox 1980 3908 2168 3976; x_wconf 70' lang='lat' dir='ltr'>templ</span> 
     </span>
    </p>
   </div>
   <div class='ocr_carea' id='block_1_75' title="bbox 2333 3901 3943 3984">
    <p class='ocr_par' dir='ltr' id='par_1_75' title="bbox 2333 3901 3943 3984">
     <span class='ocr_line' id='line_1_75' title="bbox 2333 3901 3943 3984; baseline 0.004 -28"><span class='ocrx_word' id='word_1_550' title='bbox 2333 3901 2391 3957; x_wconf 69' lang='grc' dir='ltr'>δὲ</span> <span class='ocrx_word' id='word_1_551' title='bbox 2422 3908 2589 3976; x_wconf 73' lang='grc' dir='ltr'>φωτὸς</span> <span class='ocrx_word' id='word_1_552' title='bbox 2618 3909 2733 3958; x_wconf 74' lang='grc' dir='ltr'>οὔτε</span> <span class='ocrx_word' id='word_1_553' title='bbox 2759 3904 3022 3978; x_wconf 75' lang='grc' dir='ltr'>ὀφθαλμὸς</span> <span class='ocrx_word' id='word_1_554' title='bbox 3051 3909 3119 3959; x_wconf 80' lang='grc' dir='ltr'>τὰ</span> <span class='ocrx_word' id='word_1_555' title='bbox 3147 3907 3329 3960; x_wconf 81' lang='grc' dir='ltr'>ἑαυτοῦ</span> <span class='ocrx_word' id='word_1_556' title='bbox 3359 3911 3592 3984; x_wconf 80' lang='grc' dir='ltr'>καθορᾷ,</span> <span class='ocrx_word' id='word_1_557' title='bbox 3654 3913 3772 3964; x_wconf 74' lang='grc' dir='ltr'>οὔτε</span> <span class='ocrx_word' id='word_1_558' title='bbox 3800 3909 3943 3980; x_wconf 65' lang='grc' dir='ltr'>ψυχή</span> 
     </span>
    </p>
   </div>
   <div class='ocr_carea' id='block_1_76' title="bbox 557 3991 2167 4072">
    <p class='ocr_par' dir='ltr' id='par_1_76' title="bbox 557 3991 2167 4065">
     <span class='ocr_line' id='line_1_76' title="bbox 557 3991 2167 4065; baseline -0.002 -14"><span class='ocrx_word' id='word_1_559' title='bbox 557 4011 739 4051; x_wconf 91' lang='lat' dir='ltr'>omne</span> <span class='ocrx_word' id='word_1_560' title='bbox 767 3994 847 4051; x_wconf 90' lang='lat' dir='ltr'>ad</span> <span class='ocrx_word' id='word_1_561' title='bbox 878 3993 1134 4049; x_wconf 85' lang='lat' dir='ltr'>salutem</span> <span class='ocrx_word' id='word_1_562' title='bbox 1157 4008 1264 4064; x_wconf 90' lang='lat' dir='ltr'>per</span> <span class='ocrx_word' id='word_1_563' title='bbox 1287 3992 1595 4063; x_wconf 89' lang='lat' dir='ltr'>baptisma</span> <span class='ocrx_word' id='word_1_564' title='bbox 1624 3991 2086 4064; x_wconf 90' lang='lat' dir='ltr'>adipiscendam</span> <span class='ocrx_word' id='word_1_565' title='bbox 2115 4009 2167 4065; x_wconf 90' lang='grc' dir='ltr'>ο]</span> 
     </span>
    </p>
   </div>
   <div class='ocr_carea' id='block_1_77' title="bbox 2338 3991 3948 4072">
    <p class='ocr_par' dir='ltr' id='par_1_77' title="bbox 2338 3991 3948 4072">
     <span class='ocr_line' id='line_1_77' title="bbox 2338 3991 3948 4072; baseline 0.001 -26"><span class='ocrx_word' id='word_1_566' title='bbox 2338 4001 2465 4046; x_wconf 82' lang='grc' dir='ltr'>Θεοῦ</span> <span class='ocrx_word' id='word_1_567' title='bbox 2499 3991 2754 4057; x_wconf 78' lang='grc' dir='ltr'>δέξασθαι</span> <span class='ocrx_word' id='word_1_568' title='bbox 2785 3991 3006 4048; x_wconf 77' lang='grc' dir='ltr'>δύναται</span> <span class='ocrx_word' id='word_1_569' title='bbox 3039 3997 3273 4071; x_wconf 85' lang='grc' dir='ltr'>θεωρίαν.</span> <span class='ocrx_word' id='word_1_570' title='bbox 3327 4002 3436 4059; x_wconf 86' lang='grc' dir='ltr'>Πᾶς</span> <span class='ocrx_word' id='word_1_571' title='bbox 3484 4003 3590 4070; x_wconf 77' lang='grc' dir='ltr'>μὲν</span> <span class='ocrx_word' id='word_1_572' title='bbox 3632 3997 3727 4052; x_wconf 79' lang='grc' dir='ltr'>οὖν</span> <span class='ocrx_word' id='word_1_573' title='bbox 3767 4001 3948 4072; x_wconf 81' lang='grc' dir='ltr'>χρόνος</span> 
     </span>
    </p>
   </div>
   <div class='ocr_carea' id='block_1_78' title="bbox 555 4075 2165 4161">
    <p class='ocr_par' dir='ltr' id='par_1_78' title="bbox 555 4075 2165 4157">
     <span class='ocr_line' id='line_1_78' title="bbox 555 4075 2165 4157; baseline -0.002 -16"><span class='ocrx_word' id='word_1_574' title='bbox 555 4090 890 4157; x_wconf 87' lang='lat' dir='ltr'>portunum</span> <span class='ocrx_word' id='word_1_575' title='bbox 939 4088 1078 4139; x_wconf 90' lang='lat' dir='ltr'>est:</span> <span class='ocrx_word' id='word_1_576' title='bbox 1141 4082 1262 4137; x_wconf 89' lang='lat' dir='ltr'>sive</span> <span class='ocrx_word' id='word_1_577' title='bbox 1320 4075 1492 4153; x_wconf 68' lang='grc'>114</span> <span class='ocrx_word' id='word_1_578' title='bbox 1559 4087 1800 4137; x_wconf 89' lang='lat' dir='ltr'>noctem</span> <span class='ocrx_word' id='word_1_579' title='bbox 1849 4081 2036 4148; x_wconf 91' lang='lat' dir='ltr'>dicas,</span> <span class='ocrx_word' id='word_1_580' title='bbox 2092 4082 2165 4138; x_wconf 57' lang='lat' dir='ltr'>sit</span> 
     </span>
    </p>
   </div>
   <div class='ocr_carea' id='block_1_79' title="bbox 2341 4075 3951 4161">
    <p class='ocr_par' dir='ltr' id='par_1_79' title="bbox 2341 4081 3951 4161">
     <span class='ocr_line' id='line_1_79' title="bbox 2341 4081 3951 4161; baseline 0.006 -27"><span class='ocrx_word' id='word_1_581' title='bbox 2341 4081 2587 4156; x_wconf 70' lang='grc' dir='ltr'>εὐκαιρίαν</span> <span class='ocrx_word' id='word_1_582' title='bbox 2618 4086 2732 4155; x_wconf 85' lang='grc' dir='ltr'>ἔχει</span> <span class='ocrx_word' id='word_1_583' title='bbox 2760 4087 2888 4159; x_wconf 84' lang='grc' dir='ltr'>πρὸς</span> <span class='ocrx_word' id='word_1_584' title='bbox 2931 4088 3026 4144; x_wconf 80' lang='grc' dir='ltr'>τὴν</span> <span class='ocrx_word' id='word_1_585' title='bbox 3059 4081 3152 4137; x_wconf 79' lang='grc' dir='ltr'>διὰ</span> <span class='ocrx_word' id='word_1_586' title='bbox 3201 4092 3291 4138; x_wconf 83' lang='grc' dir='ltr'>τοῦ</span> <span class='ocrx_word' id='word_1_587' title='bbox 3341 4084 3734 4161; x_wconf 80' lang='grc' dir='ltr'>βαπτίσματος</span> <span class='ocrx_word' id='word_1_588' title='bbox 3790 4105 3951 4143; x_wconf 79' lang='grc' dir='ltr'>σωτη-</span> 
     </span>
    </p>
   </div>
   <div class='ocr_carea' id='block_1_80' title="bbox 555 4170 2165 4252">
    <p class='ocr_par' dir='ltr' id='par_1_80' title="bbox 555 4170 2165 4243">
     <span class='ocr_line' id='line_1_80' title="bbox 555 4170 2165 4243; baseline -0.002 -14"><span class='ocrx_word' id='word_1_589' title='bbox 555 4173 738 4243; x_wconf 88' lang='lat' dir='ltr'>diem,</span> <span class='ocrx_word' id='word_1_590' title='bbox 785 4172 909 4228; x_wconf 88' lang='lat' dir='ltr'>sive</span> <span class='ocrx_word' id='word_1_591' title='bbox 947 4171 1184 4241; x_wconf 89' lang='lat' dir='ltr'>horam,</span> <span class='ocrx_word' id='word_1_592' title='bbox 1243 4170 1370 4225; x_wconf 88' lang='lat' dir='ltr'>sive</span> <span class='ocrx_word' id='word_1_593' title='bbox 1419 4171 1707 4242; x_wconf 88' lang='lat' dir='ltr'>temporis</span> <span class='ocrx_word' id='word_1_594' title='bbox 1750 4170 2165 4242; x_wconf 71' lang='lat' dir='ltr'>punctum,si\</span> 
     </span>
    </p>
   </div>
   <div class='ocr_carea' id='block_1_81' title="bbox 2339 4170 3949 4252">
    <p class='ocr_par' dir='ltr' id='par_1_81' title="bbox 2339 4173 3949 4252">
     <span class='ocr_line' id='line_1_81' title="bbox 2339 4173 3949 4252; baseline 0.002 -28"><span class='ocrx_word' id='word_1_595' title='bbox 2339 4177 2462 4224; x_wconf 64' lang='grc' dir='ltr'>δίαν·</span> <span class='ocrx_word' id='word_1_596' title='bbox 2496 4173 2591 4225; x_wconf 81' lang='grc' dir='ltr'>κᾶν</span> <span class='ocrx_word' id='word_1_597' title='bbox 2637 4175 2801 4226; x_wconf 79' lang='grc' dir='ltr'>νύκτα</span> <span class='ocrx_word' id='word_1_598' title='bbox 2851 4177 3019 4248; x_wconf 78' lang='grc' dir='ltr'>εἴπῃς,</span> <span class='ocrx_word' id='word_1_599' title='bbox 3074 4173 3169 4226; x_wconf 78' lang='grc' dir='ltr'>κᾶν</span> <span class='ocrx_word' id='word_1_600' title='bbox 3220 4177 3435 4250; x_wconf 77' lang='grc' dir='ltr'>ἡμέραν,</span> <span class='ocrx_word' id='word_1_601' title='bbox 3496 4177 3602 4230; x_wconf 82' lang='grc' dir='ltr'>κᾶν</span> <span class='ocrx_word' id='word_1_602' title='bbox 3659 4181 3822 4252; x_wconf 82' lang='grc' dir='ltr'>ὤραν,</span> <span class='ocrx_word' id='word_1_603' title='bbox 3862 4174 3949 4227; x_wconf 77' lang='grc' dir='ltr'>κᾶν</span> 
     </span>
    </p>
   </div>
   <div class='ocr_carea' id='block_1_82' title="bbox 554 4258 2164 4337">
    <p class='ocr_par' dir='ltr' id='par_1_82' title="bbox 554 4258 2164 4334">
     <span class='ocr_line' id='line_1_82' title="bbox 554 4258 2164 4334; baseline -0.002 -17"><span class='ocrx_word' id='word_1_604' title='bbox 554 4259 796 4334; x_wconf 87' lang='lat' dir='ltr'>quidvis</span> <span class='ocrx_word' id='word_1_605' title='bbox 830 4258 1327 4316; x_wconf 89' lang='lat' dir='ltr'>minutissimum.</span> <span class='ocrx_word' id='word_1_606' title='bbox 1362 4261 1612 4315; x_wconf 87' lang='lat' dir='ltr'>Credere</span> <span class='ocrx_word' id='word_1_607' title='bbox 1638 4263 1841 4315; x_wconf 89' lang='lat' dir='ltr'>tamen</span> <span class='ocrx_word' id='word_1_608' title='bbox 1869 4276 1982 4332; x_wconf 86' lang='lat' dir='ltr'>par</span> <span class='ocrx_word' id='word_1_609' title='bbox 2010 4264 2118 4328; x_wconf 90' lang='lat' dir='ltr'>est,</span> <span class='ocrx_word' id='word_1_610' title='bbox 2152 4260 2164 4314; x_wconf 92' lang='lat' dir='ltr'>i</span> 
     </span>
    </p>
   </div>
   <div class='ocr_carea' id='block_1_83' title="bbox 2339 4258 3949 4337">
    <p class='ocr_par' dir='ltr' id='par_1_83' title="bbox 2339 4261 3949 4337">
     <span class='ocr_line' id='line_1_83' title="bbox 2339 4261 3949 4337; baseline 0.001 -23"><span class='ocrx_word' id='word_1_611' title='bbox 2339 4266 2556 4334; x_wconf 72' lang='grc' dir='ltr'>ττιγμὴν</span> <span class='ocrx_word' id='word_1_612' title='bbox 2591 4266 2806 4334; x_wconf 84' lang='grc' dir='ltr'>χρόνον,</span> <span class='ocrx_word' id='word_1_613' title='bbox 2847 4264 2942 4314; x_wconf 82' lang='grc' dir='ltr'>κάν</span> <span class='ocrx_word' id='word_1_614' title='bbox 2973 4284 3024 4316; x_wconf 91' lang='grc' dir='ltr'>τι</span> <span class='ocrx_word' id='word_1_615' title='bbox 3055 4265 3170 4334; x_wconf 84' lang='grc'>(69)</span> <span class='ocrx_word' id='word_1_616' title='bbox 3222 4263 3596 4337; x_wconf 82' lang='grc' dir='ltr'>βραχύτατον.</span> <span class='ocrx_word' id='word_1_617' title='bbox 3660 4267 3843 4336; x_wconf 79' lang='grc' dir='ltr'>Πολλῷ</span> <span class='ocrx_word' id='word_1_618' title='bbox 3897 4261 3949 4316; x_wconf 76' lang='grc' dir='ltr'>δὲ</span> 
     </span>
    </p>
   </div>
   <div class='ocr_carea' id='block_1_84' title="bbox 552 4346 2162 4431">
    <p class='ocr_par' dir='ltr' id='par_1_84' title="bbox 552 4348 2162 4422">
     <span class='ocr_line' id='line_1_84' title="bbox 552 4348 2162 4422; baseline -0.001 -17"><span class='ocrx_word' id='word_1_619' title='bbox 552 4353 792 4421; x_wconf 87' lang='lat' dir='ltr'>tempus</span> <span class='ocrx_word' id='word_1_620' title='bbox 827 4353 1228 4422; x_wconf 57' lang='lat' dir='ltr'>opportunius</span> <span class='ocrx_word' id='word_1_621' title='bbox 1273 4362 1425 4413; x_wconf 86' lang='lat' dir='ltr'>esse,</span> <span class='ocrx_word' id='word_1_622' title='bbox 1451 4348 1617 4421; x_wconf 87' lang='lat' dir='ltr'>quod</span> <span class='ocrx_word' id='word_1_623' title='bbox 1645 4348 1820 4405; x_wconf 86' lang='lat' dir='ltr'>fuerit</span> <span class='ocrx_word' id='word_1_624' title='bbox 1851 4349 2045 4420; x_wconf 88' lang='lat' dir='ltr'>magis</span> <span class='ocrx_word' id='word_1_625' title='bbox 2079 4365 2162 4421; x_wconf 58' lang='lat' dir='ltr'>pri</span> 
     </span>
    </p>
   </div>
   <div class='ocr_carea' id='block_1_85' title="bbox 2339 4346 3949 4431">
    <p class='ocr_par' dir='ltr' id='par_1_85' title="bbox 2339 4346 3949 4431">
     <span class='ocr_line' id='line_1_85' title="bbox 2339 4346 3949 4431; baseline 0.001 -29"><span class='ocrx_word' id='word_1_626' title='bbox 2339 4346 2502 4407; x_wconf 58' lang='grc' dir='ltr'>θηπου</span> <span class='ocrx_word' id='word_1_627' title='bbox 2571 4350 2705 4412; x_wconf 85' lang='grc' dir='ltr'>εἰκὸς</span> <span class='ocrx_word' id='word_1_628' title='bbox 2744 4349 3157 4425; x_wconf 74' lang='grc' dir='ltr'>ἐπιτηδειότερον</span> <span class='ocrx_word' id='word_1_629' title='bbox 3202 4349 3330 4404; x_wconf 82' lang='grc' dir='ltr'>εἶναι</span> <span class='ocrx_word' id='word_1_630' title='bbox 3380 4356 3466 4405; x_wconf 88' lang='grc' dir='ltr'>τὸν</span> <span class='ocrx_word' id='word_1_631' title='bbox 3522 4355 3860 4431; x_wconf 82' lang='grc' dir='ltr'>οἰκειότερον.</span> <span class='ocrx_word' id='word_1_632' title='bbox 3890 4355 3949 4406; x_wconf 83' lang='grc' dir='ltr'>Τί</span> 
     </span>
    </p>
   </div>
   <div class='ocr_carea' id='block_1_86' title="bbox 551 4435 2161 4518">
    <p class='ocr_par' dir='ltr' id='par_1_86' title="bbox 551 4435 2161 4510">
     <span class='ocr_line' id='line_1_86' title="bbox 551 4435 2161 4510; baseline 0.001 -18"><span class='ocrx_word' id='word_1_633' title='bbox 551 4435 751 4510; x_wconf 89' lang='lat' dir='ltr'>prium</span> <span class='ocrx_word' id='word_1_634' title='bbox 782 4438 1098 4510; x_wconf 85' lang='lat' dir='ltr'>magisque</span> <span class='ocrx_word' id='word_1_635' title='bbox 1129 4437 1330 4495; x_wconf 78' lang='lat' dir='ltr'>affine.</span> <span class='ocrx_word' id='word_1_636' title='bbox 1373 4436 1526 4503; x_wconf 87' lang='lat' dir='ltr'>Quid</span> <span class='ocrx_word' id='word_1_637' title='bbox 1557 4443 1761 4492; x_wconf 88' lang='lat' dir='ltr'>autem</span> <span class='ocrx_word' id='word_1_638' title='bbox 1792 4439 2085 4508; x_wconf 87' lang='lat' dir='ltr'>majorem</span> <span class='ocrx_word' id='word_1_639' title='bbox 2110 4439 2161 4494; x_wconf 74' lang='lat' dir='ltr'>h:</span> 
     </span>
    </p>
   </div>
   <div class='ocr_carea' id='block_1_87' title="bbox 2344 4435 3954 4518">
    <p class='ocr_par' dir='ltr' id='par_1_87' title="bbox 2344 4436 3954 4518">
     <span class='ocr_line' id='line_1_87' title="bbox 2344 4436 3954 4518; baseline 0.002 -27"><span class='ocrx_word' id='word_1_640' title='bbox 2344 4436 2378 4491; x_wconf 66' lang='lat' dir='ltr'>i&quot;</span> <span class='ocrx_word' id='word_1_641' title='bbox 2409 4438 2469 4490; x_wconf 82' lang='grc' dir='ltr'>ἂν</span> <span class='ocrx_word' id='word_1_642' title='bbox 2506 4444 2702 4510; x_wconf 68' lang='grc' dir='ltr'>γένοιτο</span> <span class='ocrx_word' id='word_1_643' title='bbox 2754 4449 2846 4502; x_wconf 79' lang='grc' dir='ltr'>τῆς</span> <span class='ocrx_word' id='word_1_644' title='bbox 2895 4443 3092 4514; x_wconf 72' lang='grc' dir='ltr'>ἡμέρας</span> <span class='ocrx_word' id='word_1_645' title='bbox 3143 4449 3232 4494; x_wconf 76' lang='grc' dir='ltr'>τοῦ</span> <span class='ocrx_word' id='word_1_646' title='bbox 3280 4443 3485 4514; x_wconf 84' lang='grc' dir='ltr'>Πάσχα</span> <span class='ocrx_word' id='word_1_647' title='bbox 3535 4451 3954 4518; x_wconf 64' lang='grc' dir='ltr'>συγγενέστερον,</span> 
     </span>
    </p>
   </div>
   <div class='ocr_carea' id='block_1_88' title="bbox 550 4525 2160 4607">
    <p class='ocr_par' dir='ltr' id='par_1_88' title="bbox 550 4525 2160 4600">
     <span class='ocr_line' id='line_1_88' title="bbox 550 4525 2160 4600; baseline 0 -17"><span class='ocrx_word' id='word_1_648' title='bbox 550 4525 692 4583; x_wconf 91' lang='lat' dir='ltr'>bere</span> <span class='ocrx_word' id='word_1_649' title='bbox 704 4532 1049 4598; x_wconf 88' lang='lat' dir='ltr'>potestcum</span> <span class='ocrx_word' id='word_1_650' title='bbox 1062 4527 1425 4599; x_wconf 86' lang='lat' dir='ltr'>baptismate</span> <span class='ocrx_word' id='word_1_651' title='bbox 1437 4527 2073 4600; x_wconf 85' lang='lat' dir='ltr'>cognationem,quam</span> <span class='ocrx_word' id='word_1_652' title='bbox 2087 4528 2160 4584; x_wconf 74' lang='lat' dir='ltr'>dit</span> 
     </span>
    </p>
   </div>
   <div class='ocr_carea' id='block_1_89' title="bbox 2335 4525 3945 4607">
    <p class='ocr_par' dir='ltr' id='par_1_89' title="bbox 2335 4527 3945 4607">
     <span class='ocr_line' id='line_1_89' title="bbox 2335 4527 3945 4607; baseline 0.002 -28"><span class='ocrx_word' id='word_1_653' title='bbox 2335 4531 2454 4602; x_wconf 68' lang='grc' dir='ltr'>πρὸς</span> <span class='ocrx_word' id='word_1_654' title='bbox 2497 4531 2553 4580; x_wconf 86' lang='grc' dir='ltr'>τὸ</span> <span class='ocrx_word' id='word_1_655' title='bbox 2587 4527 2905 4602; x_wconf 88' lang='grc' dir='ltr'>βάπτισμα;</span> <span class='ocrx_word' id='word_1_656' title='bbox 2963 4529 3020 4581; x_wconf 87' lang='grc' dir='ltr'>Ἠ</span> <span class='ocrx_word' id='word_1_657' title='bbox 3071 4533 3162 4602; x_wconf 71' lang='grc' dir='ltr'>μὲν</span> <span class='ocrx_word' id='word_1_658' title='bbox 3213 4532 3313 4604; x_wconf 75' lang='grc' dir='ltr'>γὰρ</span> <span class='ocrx_word' id='word_1_659' title='bbox 3368 4533 3547 4606; x_wconf 78' lang='grc' dir='ltr'>ἡμέρα</span> <span class='ocrx_word' id='word_1_660' title='bbox 3607 4536 3945 4607; x_wconf 74' lang='grc' dir='ltr'>μνημόσυνόν</span> 
     </span>
    </p>
   </div>
   <div class='ocr_carea' id='block_1_90' title="bbox 549 4614 2159 4697">
    <p class='ocr_par' dir='ltr' id='par_1_90' title="bbox 549 4614 2159 4673">
     <span class='ocr_line' id='line_1_90' title="bbox 549 4614 2159 4673; baseline 0.001 -1"><span class='ocrx_word' id='word_1_661' title='bbox 549 4614 894 4672; x_wconf 88' lang='lat' dir='ltr'>Paschatis?</span> <span class='ocrx_word' id='word_1_662' title='bbox 916 4617 1048 4671; x_wconf 69' lang='lat' dir='ltr'>llaec</span> <span class='ocrx_word' id='word_1_663' title='bbox 1069 4615 1232 4672; x_wconf 90' lang='lat' dir='ltr'>enim</span> <span class='ocrx_word' id='word_1_664' title='bbox 1256 4615 1386 4672; x_wconf 90' lang='lat' dir='ltr'>dies</span> <span class='ocrx_word' id='word_1_665' title='bbox 1410 4621 1876 4673; x_wconf 89' lang='lat' dir='ltr'>monumentum</span> <span class='ocrx_word' id='word_1_666' title='bbox 1899 4621 1986 4673; x_wconf 89' lang='lat' dir='ltr'>est</span> <span class='ocrx_word' id='word_1_667' title='bbox 2014 4633 2159 4673; x_wconf 81' lang='lat' dir='ltr'>resu</span> 
     </span>
    </p>
   </div>
   <div class='ocr_carea' id='block_1_91' title="bbox 2338 4614 3948 4697">
    <p class='ocr_par' dir='ltr' id='par_1_91' title="bbox 2338 4615 3948 4697">
     <span class='ocr_line' id='line_1_91' title="bbox 2338 4615 3948 4697; baseline 0.003 -28"><span class='ocrx_word' id='word_1_668' title='bbox 2338 4618 2466 4671; x_wconf 69' lang='grc' dir='ltr'>ἔστιν</span> <span class='ocrx_word' id='word_1_669' title='bbox 2492 4617 2847 4682; x_wconf 84' lang='grc' dir='ltr'>ἀναστάσεως·</span> <span class='ocrx_word' id='word_1_670' title='bbox 2895 4622 2953 4671; x_wconf 88' lang='grc' dir='ltr'>τὸ</span> <span class='ocrx_word' id='word_1_671' title='bbox 2985 4615 3044 4672; x_wconf 70' lang='lat'>6&quot;:</span> <span class='ocrx_word' id='word_1_672' title='bbox 3077 4618 3357 4692; x_wconf 83' lang='grc' dir='ltr'>βάπτισμα</span> <span class='ocrx_word' id='word_1_673' title='bbox 3397 4617 3640 4696; x_wconf 78' lang='grc' dir='ltr'>δύναμίς</span> <span class='ocrx_word' id='word_1_674' title='bbox 3674 4624 3794 4677; x_wconf 77' lang='grc' dir='ltr'>ἐστι</span> <span class='ocrx_word' id='word_1_675' title='bbox 3823 4626 3948 4697; x_wconf 82' lang='grc' dir='ltr'>πρὸς</span> 
     </span>
    </p>
   </div>
   <div class='ocr_carea' id='block_1_92' title="bbox 549 4704 2159 4790">
    <p class='ocr_par' dir='ltr' id='par_1_92' title="bbox 549 4704 2159 4779">
     <span class='ocr_line' id='line_1_92' title="bbox 549 4704 2159 4779; baseline 0.001 -17"><span class='ocrx_word' id='word_1_676' title='bbox 549 4705 866 4763; x_wconf 86' lang='lat' dir='ltr'>rectionis:</span> <span class='ocrx_word' id='word_1_677' title='bbox 900 4704 1212 4778; x_wconf 85' lang='lat' dir='ltr'>baptisma</span> <span class='ocrx_word' id='word_1_678' title='bbox 1241 4720 1385 4762; x_wconf 86' lang='lat' dir='ltr'>vero</span> <span class='ocrx_word' id='word_1_679' title='bbox 1412 4705 1502 4762; x_wconf 86' lang='lat' dir='ltr'>vis</span> <span class='ocrx_word' id='word_1_680' title='bbox 1532 4710 1622 4762; x_wconf 90' lang='lat' dir='ltr'>est</span> <span class='ocrx_word' id='word_1_681' title='bbox 1642 4711 1824 4779; x_wconf 87' lang='lat' dir='ltr'>atque</span> <span class='ocrx_word' id='word_1_682' title='bbox 1845 4706 2098 4764; x_wconf 82' lang='lat' dir='ltr'>facultas</span> <span class='ocrx_word' id='word_1_683' title='bbox 2114 4723 2159 4764; x_wconf 62' lang='lat' dir='ltr'>rt</span> 
     </span>
    </p>
   </div>
   <div class='ocr_carea' id='block_1_93' title="bbox 2337 4704 3947 4790">
    <p class='ocr_par' dir='ltr' id='par_1_93' title="bbox 2337 4706 3947 4790">
     <span class='ocr_line' id='line_1_93' title="bbox 2337 4706 3947 4790; baseline 0.005 -31"><span class='ocrx_word' id='word_1_684' title='bbox 2337 4710 2415 4766; x_wconf 72' lang='grc' dir='ltr'>τὴν</span> <span class='ocrx_word' id='word_1_685' title='bbox 2455 4706 2761 4763; x_wconf 84' lang='grc' dir='ltr'>ἀνάστασιν.</span> <span class='ocrx_word' id='word_1_686' title='bbox 2798 4707 2878 4762; x_wconf 91' lang='grc' dir='ltr'>Ἐν</span> <span class='ocrx_word' id='word_1_687' title='bbox 2909 4712 3081 4762; x_wconf 82' lang='grc' dir='ltr'>τοίνυν</span> <span class='ocrx_word' id='word_1_688' title='bbox 3130 4717 3195 4782; x_wconf 77' lang='grc' dir='ltr'>τῇ</span> <span class='ocrx_word' id='word_1_689' title='bbox 3247 4707 3606 4785; x_wconf 84' lang='grc' dir='ltr'>ἀναστασίμῳ</span> <span class='ocrx_word' id='word_1_690' title='bbox 3649 4715 3829 4790; x_wconf 76' lang='grc' dir='ltr'>ἡμέρᾳ</span> <span class='ocrx_word' id='word_1_691' title='bbox 3856 4716 3947 4771; x_wconf 77' lang='grc' dir='ltr'>τῆς</span> 
     </span>
    </p>
   </div>
   <div class='ocr_carea' id='block_1_94' title="bbox 623 4882 2255 4959">
    <p class='ocr_par' dir='ltr' id='par_1_94' title="bbox 623 4882 2255 4959">
     <span class='ocr_line' id='line_1_94' title="bbox 623 4882 2255 4959; baseline 0 -17"><span class='ocrx_word' id='word_1_692' title='bbox 623 4883 670 4923; x_wconf 74' lang='grc'>⁸³</span> <span class='ocrx_word' id='word_1_693' title='bbox 692 4882 880 4956; x_wconf 87' lang='lat' dir='ltr'>Eccle,</span> <span class='ocrx_word' id='word_1_694' title='bbox 909 4898 992 4955; x_wconf 93' lang='grc' dir='ltr'>ιιι,</span> <span class='ocrx_word' id='word_1_695' title='bbox 1030 4887 1079 4953; x_wconf 81' lang='grc'>1,</span> <span class='ocrx_word' id='word_1_696' title='bbox 1112 4888 1166 4939; x_wconf 86' lang='grc'><strong>2.</strong></span> <span class='ocrx_word' id='word_1_697' title='bbox 1199 4883 1247 4918; x_wconf 78' lang='grc'>⁸³</span> <span class='ocrx_word' id='word_1_698' title='bbox 1279 4885 1638 4952; x_wconf 84' lang='lat' dir='ltr'>Deut.xxxu,</span> <span class='ocrx_word' id='word_1_699' title='bbox 1662 4887 1750 4941; x_wconf 90' lang='lat'>39.</span> <span class='ocrx_word' id='word_1_700' title='bbox 1777 4883 1824 4920; x_wconf 71' lang='grc'>⁸⁸</span> <span class='ocrx_word' id='word_1_701' title='bbox 1851 4885 2020 4942; x_wconf 82' lang='lat' dir='ltr'>Rom.</span> <span class='ocrx_word' id='word_1_702' title='bbox 2053 4901 2178 4959; x_wconf 84' lang='lat' dir='ltr'>vm,</span> <span class='ocrx_word' id='word_1_703' title='bbox 2202 4891 2255 4942; x_wconf 89' lang='lat'>7.</span> 
     </span>
    </p>
   </div>
   <div class='ocr_carea' id='block_1_95' title="bbox 618 5061 3946 5140">
    <p class='ocr_par' dir='ltr' id='par_1_95' title="bbox 618 5061 3946 5140">
     <span class='ocr_line' id='line_1_95' title="bbox 618 5061 3946 5140; baseline 0.001 -18"><span class='ocrx_word' id='word_1_704' title='bbox 618 5069 733 5132; x_wconf 86' lang='lat'>(66)</span> <span class='ocrx_word' id='word_1_705' title='bbox 764 5064 1012 5140; x_wconf 76' lang='lat' dir='ltr'>Codices</span> <span class='ocrx_word' id='word_1_706' title='bbox 1037 5062 1291 5140; x_wconf 85' lang='lat' dir='ltr'>quidam</span> <span class='ocrx_word' id='word_1_707' title='bbox 1323 5061 1747 5140; x_wconf 74' lang='lat' dir='ltr'>Combefisiani</span> <span class='ocrx_word' id='word_1_708' title='bbox 1774 5080 1886 5136; x_wconf 91' lang='lat' dir='ltr'>pro</span> <span class='ocrx_word' id='word_1_709' title='bbox 1918 5064 2071 5136; x_wconf 74' lang='grc' dir='ltr'>λόγος</span> <span class='ocrx_word' id='word_1_710' title='bbox 2100 5065 2206 5140; x_wconf 83' lang='lat' dir='ltr'>ha-</span> <span class='ocrx_word' id='word_1_711' title='bbox 2318 5079 2437 5139; x_wconf 91' lang='lat' dir='ltr'>que</span> <span class='ocrx_word' id='word_1_712' title='bbox 2459 5064 2705 5140; x_wconf 81' lang='lat' dir='ltr'>seligere</span> <span class='ocrx_word' id='word_1_713' title='bbox 2719 5064 3089 5140; x_wconf 85' lang='lat' dir='ltr'>possitquod</span> <span class='ocrx_word' id='word_1_714' title='bbox 3107 5064 3838 5140; x_wconf 86' lang='lat' dir='ltr'>sibimagisplaciturum</span> <span class='ocrx_word' id='word_1_715' title='bbox 3853 5064 3946 5126; x_wconf 88' lang='lat' dir='ltr'>sit.</span> 
     </span>
    </p>
   </div>
   <div class='ocr_carea' id='block_1_96' title="bbox 545 5132 2155 5220">
    <p class='ocr_par' dir='ltr' id='par_1_96' title="bbox 545 5132 2155 5220">
     <span class='ocr_line' id='line_1_96' title="bbox 545 5132 2155 5220; baseline 0 -28"><span class='ocrx_word' id='word_1_716' title='bbox 545 5132 693 5193; x_wconf 88' lang='lat' dir='ltr'>bent</span> <span class='ocrx_word' id='word_1_717' title='bbox 721 5142 931 5220; x_wconf 55' lang='grc' dir='ltr'>τρόπος.</span> <span class='ocrx_word' id='word_1_718' title='bbox 968 5132 1208 5220; x_wconf 80' lang='lat' dir='ltr'>Legitur</span> <span class='ocrx_word' id='word_1_719' title='bbox 1232 5135 1496 5220; x_wconf 38' lang='lat' dir='ltr'>quidem.</span> <span class='ocrx_word' id='word_1_720' title='bbox 1511 5141 1570 5220; x_wconf 81' lang='lat' dir='ltr'>et</span> <span class='ocrx_word' id='word_1_721' title='bbox 1593 5135 1656 5190; x_wconf 91' lang='lat' dir='ltr'>in</span> <span class='ocrx_word' id='word_1_722' title='bbox 1680 5132 1891 5220; x_wconf 69' lang='lat' dir='ltr'>postro</span> <span class='ocrx_word' id='word_1_723' title='bbox 1925 5132 2155 5220; x_wconf 29' lang='lat' dir='ltr'>Régzpr</span> 
     </span>
    </p>
   </div>
   <div class='ocr_carea' id='block_1_97' title="bbox 2337 5132 3947 5220">
    <p class='ocr_par' dir='ltr' id='par_1_97' title="bbox 2337 5132 3947 5220">
     <span class='ocr_line' id='line_1_97' title="bbox 2337 5132 3947 5220; baseline -0.001 -28"><span class='ocrx_word' id='word_1_724' title='bbox 2337 5132 2356 5139; x_wconf 82' lang='grc'><strong><em>“</em></strong></span> <span class='ocrx_word' id='word_1_725' title='bbox 2391 5142 2498 5220; x_wconf 66' lang='grc' dir='ltr'>(βε)</span> <span class='ocrx_word' id='word_1_726' title='bbox 2533 5132 2699 5220; x_wconf 60' lang='lat' dir='ltr'>colt).</span> <span class='ocrx_word' id='word_1_727' title='bbox 2721 5132 2968 5220; x_wconf 50' lang='grc' dir='ltr'>’βείω-ιιέ</span> <span class='ocrx_word' id='word_1_728' title='bbox 2998 5139 3225 5220; x_wconf 68' lang='grc' dir='ltr'>καθαρόν</span> <span class='ocrx_word' id='word_1_729' title='bbox 3257 5132 3480 5220; x_wconf 39' lang='grc' dir='ltr'>ἐν.ἧ’μῖῦ,</span> <span class='ocrx_word' id='word_1_730' title='bbox 3515 5142 3683 5220; x_wconf 56' lang='lat' dir='ltr'>Editi</span> <span class='ocrx_word' id='word_1_731' title='bbox 3720 5144 3947 5220; x_wconf 54' lang='grc' dir='ltr'>ἰσχυρρχ</span> 
     </span>
    </p>
   </div>
   <div class='ocr_carea' id='block_1_98' title="bbox 548 5206 2158 5284">
    <p class='ocr_par' dir='ltr' id='par_1_98' title="bbox 548 5206 2158 5284">
     <span class='ocr_line' id='line_1_98' title="bbox 548 5206 2158 5284; baseline 0 -21"><span class='ocrx_word' id='word_1_732' title='bbox 548 5224 649 5264; x_wconf 91' lang='lat' dir='ltr'>mo</span> <span class='ocrx_word' id='word_1_733' title='bbox 679 5206 761 5284; x_wconf 75' lang='grc' dir='ltr'>τίς</span> <span class='ocrx_word' id='word_1_734' title='bbox 802 5206 861 5261; x_wconf 71' lang='grc' dir='ltr'>δὲ</span> <span class='ocrx_word' id='word_1_735' title='bbox 890 5210 916 5260; x_wconf 88' lang='grc' dir='ltr'>ό</span> <span class='ocrx_word' id='word_1_736' title='bbox 956 5212 1168 5281; x_wconf 81' lang='grc' dir='ltr'>τρόπος,</span> <span class='ocrx_word' id='word_1_737' title='bbox 1214 5206 1320 5262; x_wconf 86' lang='lat' dir='ltr'>sed</span> <span class='ocrx_word' id='word_1_738' title='bbox 1359 5207 1634 5262; x_wconf 89' lang='lat' dir='ltr'>additum</span> <span class='ocrx_word' id='word_1_739' title='bbox 1674 5207 1785 5264; x_wconf 90' lang='lat' dir='ltr'>fuit</span> <span class='ocrx_word' id='word_1_740' title='bbox 1813 5207 1873 5263; x_wconf 92' lang='lat' dir='ltr'>in</span> <span class='ocrx_word' id='word_1_741' title='bbox 1920 5224 2028 5264; x_wconf 86' lang='lat' dir='ltr'>ora</span> <span class='ocrx_word' id='word_1_742' title='bbox 2069 5206 2158 5263; x_wconf 63' lang='lat' dir='ltr'>lib‘</span> 
     </span>
    </p>
   </div>
   <div class='ocr_carea' id='block_1_99' title="bbox 2341 5206 3951 5284">
    <p class='ocr_par' dir='ltr' id='par_1_99' title="bbox 2341 5206 3951 5284">
     <span class='ocr_line' id='line_1_99' title="bbox 2341 5206 3951 5284; baseline 0.007 -26"><span class='ocrx_word' id='word_1_743' title='bbox 2341 5229 2366 5284; x_wconf 76' lang='grc' dir='ltr'>ν</span> <span class='ocrx_word' id='word_1_744' title='bbox 2396 5211 2518 5281; x_wconf 75' lang='grc' dir='ltr'>ἡμῖν</span> <span class='ocrx_word' id='word_1_745' title='bbox 2551 5206 2843 5284; x_wconf 60' lang='grc' dir='ltr'>ἐγγένηται.</span> <span class='ocrx_word' id='word_1_746' title='bbox 2881 5212 3020 5284; x_wconf 64' lang='lat' dir='ltr'>Reg.</span> <span class='ocrx_word' id='word_1_747' title='bbox 3047 5206 3260 5284; x_wconf 54' lang='lat' dir='ltr'>tertius</span> <span class='ocrx_word' id='word_1_748' title='bbox 3302 5209 3348 5261; x_wconf 81' lang='grc' dir='ltr'>ἐν</span> <span class='ocrx_word' id='word_1_749' title='bbox 3371 5206 3508 5282; x_wconf 64' lang='grc' dir='ltr'>⁷ἡμῖν</span> <span class='ocrx_word' id='word_1_750' title='bbox 3553 5206 3825 5284; x_wconf 46' lang='grc' dir='ltr'>γένηταί</span> <span class='ocrx_word' id='word_1_751' title='bbox 3843 5206 3951 5270; x_wconf 50' lang='lat' dir='ltr'>Alii</span> 
     </span>
    </p>
   </div>
   <div class='ocr_carea' id='block_1_100' title="bbox 547 5278 3331 5353">
    <p class='ocr_par' dir='ltr' id='par_1_100' title="bbox 547 5278 3331 5353">
     <span class='ocr_line' id='line_1_100' title="bbox 547 5278 3331 5353; baseline 0.001 -23"><span class='ocrx_word' id='word_1_752' title='bbox 547 5293 633 5352; x_wconf 74' lang='grc' dir='ltr'>γρ·</span> <span class='ocrx_word' id='word_1_753' title='bbox 669 5282 693 5330; x_wconf 94' lang='lat'>6</span> <span class='ocrx_word' id='word_1_754' title='bbox 725 5279 900 5351; x_wconf 74' lang='grc' dir='ltr'>λόγος.</span> <span class='ocrx_word' id='word_1_755' title='bbox 988 5278 996 5281; x_wconf 41' lang='grc'><strong>-</strong></span> <span class='ocrx_word' id='word_1_756' title='bbox 2314 5278 2440 5334; x_wconf 76' lang='grc' dir='ltr'>ἀυό</span> <span class='ocrx_word' id='word_1_757' title='bbox 2461 5278 2604 5335; x_wconf 63' lang='grc' dir='ltr'>ωδε.</span> <span class='ocrx_word' id='word_1_758' title='bbox 2639 5280 2861 5353; x_wconf 78' lang='grc' dir='ltr'>ἰσχυρὸν</span> <span class='ocrx_word' id='word_1_759' title='bbox 2889 5281 3012 5351; x_wconf 78' lang='grc' dir='ltr'>ἡμῖν</span> <span class='ocrx_word' id='word_1_760' title='bbox 3039 5278 3331 5350; x_wconf 71' lang='grc' dir='ltr'>ἐγγένηται.</span> 
     </span>
    </p>
   </div>
   <div class='ocr_carea' id='block_1_101' title="bbox 617 5355 2227 5433">
    <p class='ocr_par' dir='ltr' id='par_1_101' title="bbox 617 5355 2201 5433">
     <span class='ocr_line' id='line_1_101' title="bbox 617 5355 2201 5433; baseline 0 -22"><span class='ocrx_word' id='word_1_761' title='bbox 617 5359 728 5433; x_wconf 66' lang='grc'>(67)</span> <span class='ocrx_word' id='word_1_762' title='bbox 780 5359 956 5421; x_wconf 83' lang='lat' dir='ltr'>Illud,</span> <span class='ocrx_word' id='word_1_763' title='bbox 1008 5355 1382 5433; x_wconf 77' lang='grc' dir='ltr'>ἀποκτείνωμεν</span> <span class='ocrx_word' id='word_1_764' title='bbox 1430 5358 1487 5410; x_wconf 81' lang='grc' dir='ltr'>τὸ</span> <span class='ocrx_word' id='word_1_765' title='bbox 1534 5363 1788 5433; x_wconf 76' lang='grc' dir='ltr'>φρόνημα,</span> <span class='ocrx_word' id='word_1_766' title='bbox 1825 5363 1960 5422; x_wconf 81' lang='lat' dir='ltr'>etc.,</span> <span class='ocrx_word' id='word_1_767' title='bbox 2009 5359 2201 5433; x_wconf 80' lang='lat' dir='ltr'>sicin</span> 
     </span>
    </p>
   </div>
   <div class='ocr_carea' id='block_1_102' title="bbox 2336 5355 3946 5433">
    <p class='ocr_par' dir='ltr' id='par_1_102' title="bbox 2359 5359 3946 5433">
     <span class='ocr_line' id='line_1_102' title="bbox 2359 5359 3946 5433; baseline 0.004 -19"><span class='ocrx_word' id='word_1_768' title='bbox 2359 5363 2496 5433; x_wconf 82' lang='lat'>__(69)</span> <span class='ocrx_word' id='word_1_769' title='bbox 2523 5359 2670 5414; x_wconf 89' lang='lat' dir='ltr'>Editi</span> <span class='ocrx_word' id='word_1_770' title='bbox 2702 5362 2796 5411; x_wconf 72' lang='grc' dir='ltr'>κᾶν</span> <span class='ocrx_word' id='word_1_771' title='bbox 2826 5378 2916 5433; x_wconf 59' lang='grc' dir='ltr'>τι,Δ</span> <span class='ocrx_word' id='word_1_772' title='bbox 2950 5361 3186 5433; x_wconf 73' lang='lat' dir='ltr'>Veteres</span> <span class='ocrx_word' id='word_1_773' title='bbox 3229 5361 3502 5433; x_wconf 88' lang='lat' dir='ltr'>quinque</span> <span class='ocrx_word' id='word_1_774' title='bbox 3538 5361 3693 5422; x_wconf 82' lang='lat' dir='ltr'>libri</span> <span class='ocrx_word' id='word_1_775' title='bbox 3738 5366 3839 5419; x_wconf 75' lang='grc' dir='ltr'>κᾶν</span> <span class='ocrx_word' id='word_1_776' title='bbox 3870 5369 3946 5421; x_wconf 81' lang='grc' dir='ltr'>τὸ.</span> 
     </span>
    </p>
   </div>
   <div class='ocr_carea' id='block_1_103' title="bbox 545 5376 3948 5510">
    <p class='ocr_par' dir='ltr' id='par_1_103' title="bbox 545 5376 3948 5510">
     <span class='ocr_line' id='line_1_103' title="bbox 617 5376 3947 5433; baseline 0.002 -20"><span class='ocrx_word' id='word_1_777' title='bbox 617 5376 728 5427; x_wconf 70' lang='grc' dir='ltr'>(οι)</span> <span class='ocrx_word' id='word_1_778' title='bbox 780 5376 956 5421; x_wconf 81' lang='lat' dir='ltr'>uiua,</span> <span class='ocrx_word' id='word_1_779' title='bbox 1008 5376 1382 5431; x_wconf 80' lang='grc' dir='ltr'>αποκτεινωμεν</span> <span class='ocrx_word' id='word_1_780' title='bbox 1430 5376 1487 5410; x_wconf 91' lang='grc' dir='ltr'>το</span> <span class='ocrx_word' id='word_1_781' title='bbox 1534 5378 1565 5430; x_wconf 77' lang='grc' dir='ltr'>φ</span> <span class='ocrx_word' id='word_1_782' title='bbox 1603 5376 1788 5432; x_wconf 78' lang='grc' dir='ltr'>ονημα,</span> <span class='ocrx_word' id='word_1_783' title='bbox 1825 5376 1960 5422; x_wconf 82' lang='lat' dir='ltr'>etc.,</span> <span class='ocrx_word' id='word_1_784' title='bbox 2009 5376 2092 5414; x_wconf 85' lang='lat' dir='ltr'>51c</span> <span class='ocrx_word' id='word_1_785' title='bbox 2139 5376 2201 5415; x_wconf 79' lang='lat' dir='ltr'>in</span> <span class='ocrx_word' id='word_1_786' title='bbox 2386 5376 2496 5425; x_wconf 77' lang='grc' dir='ltr'>(ον)</span> <span class='ocrx_word' id='word_1_787' title='bbox 2523 5376 2670 5414; x_wconf 65' lang='lat' dir='ltr'>nam</span> <span class='ocrx_word' id='word_1_788' title='bbox 2702 5379 2796 5411; x_wconf 79' lang='grc' dir='ltr'>καν</span> <span class='ocrx_word' id='word_1_789' title='bbox 2826 5378 2897 5412; x_wconf 81' lang='grc' dir='ltr'>τι.</span> <span class='ocrx_word' id='word_1_790' title='bbox 2959 5376 3186 5416; x_wconf 58' lang='lat' dir='ltr'>veteres</span> <span class='ocrx_word' id='word_1_791' title='bbox 3229 5376 3502 5433; x_wconf 79' lang='lat' dir='ltr'>quinque</span> <span class='ocrx_word' id='word_1_792' title='bbox 3538 5376 3693 5422; x_wconf 74' lang='lat' dir='ltr'>libri</span> <span class='ocrx_word' id='word_1_793' title='bbox 3738 5376 3839 5419; x_wconf 73' lang='grc' dir='ltr'>κάν</span> <span class='ocrx_word' id='word_1_794' title='bbox 3870 5376 3947 5421; x_wconf 76' lang='grc' dir='ltr'>τό.</span> 
     </span>
     <span class='ocr_line' id='line_1_104' title="bbox 545 5376 3948 5510; baseline 0.002 -28"><span class='ocrx_word' id='word_1_795' title='bbox 545 5424 803 5510; x_wconf 57' lang='grc' dir='ltr'>Υιιιέζιιῑθἶ</span> <span class='ocrx_word' id='word_1_796' title='bbox 837 5425 1501 5510; x_wconf 73' lang='lat' dir='ltr'>conversumlegimUs.</span> <span class='ocrx_word' id='word_1_797' title='bbox 1542 5376 1902 5510; x_wconf 38' lang='lat' dir='ltr'>ﬂccutamus</span> <span class='ocrx_word' id='word_1_798' title='bbox 1937 5431 2202 5510; x_wconf 70' lang='grc' dir='ltr'>ρνιιιίεη-</span> <span class='ocrx_word' id='word_1_799' title='bbox 2309 5428 2630 5510; x_wconf 81' lang='lat' dir='ltr'>Aliquanto</span> <span class='ocrx_word' id='word_1_800' title='bbox 2643 5435 2779 5510; x_wconf 83' lang='lat' dir='ltr'>post</span> <span class='ocrx_word' id='word_1_801' title='bbox 2795 5429 3203 5510; x_wconf 72' lang='lat' dir='ltr'>Colb.primu_s</span> <span class='ocrx_word' id='word_1_802' title='bbox 3228 5433 3486 5510; x_wconf 71' lang='lat' dir='ltr'>eteditio</span> <span class='ocrx_word' id='word_1_803' title='bbox 3516 5434 3801 5510; x_wconf 66' lang='lat' dir='ltr'>Parismp</span> <span class='ocrx_word' id='word_1_804' title='bbox 3829 5438 3948 5489; x_wconf 79' lang='grc' dir='ltr'>ἀνα-</span> 
     </span>
    </p>
   </div>
   <div class='ocr_carea' id='block_1_104' title="bbox 547 5501 3948 5575">
    <p class='ocr_par' dir='ltr' id='par_1_104' title="bbox 547 5501 3948 5575">
     <span class='ocr_line' id='line_1_105' title="bbox 547 5501 3948 5575; baseline 0.003 -21"><span class='ocrx_word' id='word_1_805' title='bbox 547 5501 692 5575; x_wconf 71' lang='lat' dir='ltr'>tiam</span> <span class='ocrx_word' id='word_1_806' title='bbox 715 5502 1013 5575; x_wconf 65' lang='lat' dir='ltr'>cat&#39;nis_,ut</span> <span class='ocrx_word' id='word_1_807' title='bbox 1039 5503 1369 5575; x_wconf 68' lang='lat' dir='ltr'>prudentia</span> <span class='ocrx_word' id='word_1_808' title='bbox 1397 5504 1649 5575; x_wconf 74' lang='lat' dir='ltr'>spiritus</span> <span class='ocrx_word' id='word_1_809' title='bbox 1676 5503 2069 5575; x_wconf 81' lang='lat' dir='ltr'>genereturin</span> <span class='ocrx_word' id='word_1_810' title='bbox 2102 5517 2201 5575; x_wconf 76' lang='grc' dir='ltr'>ηο-</span> <span class='ocrx_word' id='word_1_811' title='bbox 2311 5507 2555 5575; x_wconf 77' lang='grc' dir='ltr'>στασίμῳ</span> <span class='ocrx_word' id='word_1_812' title='bbox 2585 5501 2773 5575; x_wconf 74' lang='grc' dir='ltr'>ἡμέρᾳ.</span> <span class='ocrx_word' id='word_1_813' title='bbox 2795 5503 2916 5575; x_wconf 74' lang='lat' dir='ltr'>Vox</span> <span class='ocrx_word' id='word_1_814' title='bbox 2939 5503 3146 5575; x_wconf 86' lang='lat' dir='ltr'>ultima</span> <span class='ocrx_word' id='word_1_815' title='bbox 3166 5503 3384 5575; x_wconf 86' lang='lat' dir='ltr'>inaliis</span> <span class='ocrx_word' id='word_1_816' title='bbox 3412 5511 3700 5575; x_wconf 87' lang='lat' dir='ltr'>quatuor</span> <span class='ocrx_word' id='word_1_817' title='bbox 3728 5501 3948 5570; x_wconf 78' lang='lat' dir='ltr'>mss.et</span> 
     </span>
    </p>
   </div>
   <div class='ocr_carea' id='block_1_105' title="bbox 549 5571 3372 5645">
    <p class='ocr_par' dir='ltr' id='par_1_105' title="bbox 549 5571 3372 5645">
     <span class='ocr_line' id='line_1_106' title="bbox 549 5571 3372 5645; baseline 0.001 -15"><span class='ocrx_word' id='word_1_818' title='bbox 549 5572 668 5630; x_wconf 71' lang='lat' dir='ltr'>bis:</span> <span class='ocrx_word' id='word_1_819' title='bbox 697 5585 886 5642; x_wconf 88' lang='lat' dir='ltr'>quam</span> <span class='ocrx_word' id='word_1_820' title='bbox 916 5571 1476 5644; x_wconf 84' lang='lat' dir='ltr'>interpretationem</span> <span class='ocrx_word' id='word_1_821' title='bbox 1499 5573 1915 5645; x_wconf 85' lang='lat' dir='ltr'>ascripsimus,</span> <span class='ocrx_word' id='word_1_822' title='bbox 1949 5579 2013 5629; x_wconf 89' lang='lat' dir='ltr'>ut</span> <span class='ocrx_word' id='word_1_823' title='bbox 2032 5573 2197 5645; x_wconf 88' lang='lat' dir='ltr'>quis-</span> <span class='ocrx_word' id='word_1_824' title='bbox 2307 5573 2367 5629; x_wconf 92' lang='lat' dir='ltr'>in</span> <span class='ocrx_word' id='word_1_825' title='bbox 2395 5571 2656 5630; x_wconf 86' lang='lat' dir='ltr'>editione</span> <span class='ocrx_word' id='word_1_826' title='bbox 2686 5571 2862 5629; x_wconf 89' lang='lat' dir='ltr'>Basil.</span> <span class='ocrx_word' id='word_1_827' title='bbox 2895 5589 3020 5630; x_wconf 90' lang='lat' dir='ltr'>non</span> <span class='ocrx_word' id='word_1_828' title='bbox 3047 5574 3372 5633; x_wconf 81' lang='lat' dir='ltr'>invenitur.</span> 
     </span>
    </p>
   </div>
  </div>
