4076 6190
629 256 735 311 427

2109 249 2360 308 ΒΛ511.11
2398 248 2616 308 ΜΛΟΝΙ

3859 270 3947 328 428

627 382 787 437 tione
834 381 1000 438 omni
1028 379 1360 437 evidentior
1401 383 1494 434 est
1523 378 1599 434 ad
1634 378 2139 450 experimentum.
2180 376 2248 429 .lu

2386 378 2473 437 τός
2519 375 2861 453 ἐναργεστέρα
2908 386 3038 456 πρὸς
3094 391 3293 457 πεῖραν.
3348 384 3405 435 ’0
3454 382 3699 449 Ἰουδαῖος
3745 395 3830 449 τὴν
3873 414 3945 447 πε-

626 470 797 527 ᾱωιιε
841 468 1359 526 circumcisionem
1407 483 1532 524 non
1581 468 1779 524 ditl'ert
1824 471 2070 540 propter
2115 480 2252 520 com

623 560 1097 617 municationem
1125 558 1310 614 illam.
1345 558 1547 614 Omnis
1595 560 1802 614 anima
1833 572 1970 629 quas
2000 570 2121 613 non
2160 555 2273 611 cir-

621 649 990 706 cumcidetur
1012 649 1109 704 dze
1143 652 1372 715 octavo,
1395 647 1617 716 peribit
1665 646 1739 703 de
1777 647 2004 716 populo
2034 661 2140 703 suo
2172 646 2219 680 ⁹¹
2254 659 2266 699 :

619 744 684 795 tu
712 754 857 795 vero
905 736 1429 793 circumcisionem
1472 751 1597 792 non
1649 751 1841 793 manu
1885 735 2133 802 factam,
2161 732 2271 790 sed

618 844 753 901 quae
782 842 890 900 per
914 825 1224 899 baptisma
1248 826 1309 881 in
1335 825 1773 898 exspoliatione
1805 826 2003 881 carnis
2041 822 2272 897 perﬁci-

616 915 711 967 tur
730 913 800 978 ⁸³,
859 910 1087 978 differs,
1130 914 1503 983 poteaquam
1550 911 1874 967 Dominum
1921 910 2128 982 ipsum
2166 925 2270 966 au-

611 999 853 1056 divisti:
898 1000 1110 1064 Amen,
1144 1014 1317 1056 amen
1367 999 1503 1056 dico
1544 998 1726 1066 vobis,
1756 999 1877 1056 nisi
1910 1000 2044 1070 quis
2087 1005 2267 1057 natus

606 1091 798 1161 fuerit
815 1103 929 1159 per
957 1104 1177 1161 aquam
1199 1094 1254 1146 et
1281 1089 1602 1157 Spiritum,
1628 1103 1749 1146 non
1772 1087 2025 1147 intrabit
2056 1091 2119 1145 in
2142 1104 2267 1158 reg-

607 1194 754 1235 num
785 1179 981 1235 Dei“.
1013 1181 1078 1234 Et
1100 1177 1219 1234 illic
1245 1176 1495 1249 quidem
1520 1176 1695 1233 dolor
1720 1180 1895 1255 estet
1925 1176 2096 1234 ulcus
2121 1194 2133 1232 :
2160 1176 2266 1233 sed

605 1267 707 1325 hic
735 1284 838 1325 ros
869 1268 1113 1335 animus,
1150 1271 1207 1323 et
1233 1266 1433 1323 cordis
1459 1264 1707 1322 ulcerati
1741 1266 2004 1324 medela.
2034 1266 2266 1325 Adoras

606 1373 749 1414 eum
779 1357 881 1429 qui
911 1371 1024 1429 pro
1053 1360 1108 1411 te
1128 1360 1404 1413 mortuus
1435 1353 1569 1412 est?
1601 1355 1736 1411 Sine
1766 1354 1951 1425 igitur
1983 1371 2102 1412 una
2124 1372 2263 1413 cum

603 1446 738 1519 ipso
764 1445 1003 1519 sepeliri
1026 1448 1080 1502 te
1101 1460 1210 1517 per
1230 1444 1540 1517 baptisma
1566 1445 1635 1500 νδ.
1664 1443 1720 1501 Si
1741 1443 1794 1500 ei
1825 1459 1949 1501 non
1977 1444 2158 1501 {ueris
2178 1445 2265 1502 in-

605 1540 799 1592 sertus
828 1549 938 1608 per
958 1533 1421 1590 similitudinem
1451 1533 1665 1590 mortis
1696 1534 1825 1604 ejus
1848 1536 1915 1602 εδ,
1949 1534 2263 1606 quomodo

600 1625 1061 1681 resurrectionis
1110 1623 1227 1681 eris
1267 1624 1514 1680 socius?
1562 1623 1743 1680 Israel
1773 1622 1870 1680 ille
1912 1623 1975 1680 in
2018 1626 2261 1696 Moysen

2382 469 2600 538 ριτομην
2640 467 2743 538 οὐχ
2774 470 3103 545 ὑπερτίθεται
3152 468 3245 524 διὰ
3294 476 3387 531 τὴν
3434 471 3663 544 ἀπειλὴν,
3695 479 3770 529 ὅτι
3806 487 3943 535 Iliso:

2381 551 2560 624 ψυχὴ,
2619 559 2734 615 ητις
2785 558 2843 611 οὗ
2881 563 3328 632 περιτμηθήσεται
3372 571 3432 634 τῇ
3482 565 3645 638 ἡμέρα
3686 574 3744 625 τῆ
3791 566 3933 642 ὀγδόῃ

2381 641 2866 716 ὶξολοθρευθὴσεται
2935 647 2989 701 ἐκ
3045 657 3135 705 τοῦ
3205 649 3331 703 λαοῦ
3382 650 3565 714 αὐτῆς·
3621 657 3685 706 σὺ
3750 651 3804 708 δὲ
3864 641 3943 716 τὴν

2378 730 2781 805 ἀχειροποίητον
2827 742 3109 813 περιτομὴν
3168 738 3425 813 ἀναϐάλλῃ
3478 739 3525 794 ἐν
3568 750 3628 802 τῆ
3682 741 3942 799 ἀπεκδύσει

2378 829 2473 883 τῆς
2513 827 2725 897 σαρκός,
2772 823 2821 877 ἐν
2870 835 2940 897 τῷ
2988 825 3325 901 βαπτίσματι
3381 828 3744 902 τελειουμένην,
3801 833 3940 887 αὐτοῦ

2376 918 2467 963 τοῦ
2529 917 2721 986 Κυρίου
2775 911 3024 977 ἀκούσας.
3063 916 3224 988 Ἀμὴν
3293 916 3429 990 ἀμὴν
3481 918 3610 990 λέγω
3684 921 3816 992 υμῖν,
3872 921 3945 975 ἐὰν

2375 1005 2446 1071 μή
2505 1020 2586 1062 τις
2640 1005 2855 1076 γεννηθῇ
2911 1000 2981 1057 δι’
3024 1001 3221 1069 ὕδατος
3271 1011 3359 1059 καὶ
3418 1010 3728 1080 Πνευματος,
3785 1010 3838 1062 οὐ
3881 1016 3941 1085 μὴ

2375 1086 2577 1162 εἰσελθῃ
2640 1090 2711 1154 είς
2775 1095 2867 1152 τὴν
2926 1091 3200 1165 βασιλείαν
3257 1102 3349 1148 τοῦ
3421 1104 3573 1151 Θεοῦ.
3646 1096 3800 1152 Κάκεῖ
3862 1102 3941 1172 μιν

2373 1174 2536 1236 ὀδύνη
2605 1184 2694 1232 καὶ
2758 1180 2919 1244 ἕλκος·
2983 1182 3205 1237 ἐνταῦθα
3264 1180 3323 1236 δὲ
3382 1181 3575 1259 δρόσος
3621 1185 3821 1258 ψυχῆς,
3865 1194 3941 1243 καὶ

2372 1266 2548 1330 ἕλκους
2618 1266 2844 1343 καρδίας
2911 1274 3060 1344 ἴαμα.
3140 1280 3458 1347 Προσιιυνείς
3524 1278 3610 1328 τὸν
3675 1277 3795 1352 ὑπὶρ
3864 1286 3945 1331 σοῦ

2374 1354 2755 1426 ἀποθανόντας
2812 1361 3014 1414 Οὐκοῦν
3084 1360 3371 1427 κατάὸεξαι
3441 1362 3584 1437 αὐτῷ
3652 1376 3947 1440 συνταφῆναι

2372 1441 2467 1498 ὃιίι
2521 1454 2613 1499 τοῦ
2666 1445 3053 1521 βαπτίσματος.
3106 1450 3222 1506 Ἐὰν
3268 1456 3341 1525 μὴ
3400 1454 3665 1526 σύμφυτος
3720 1459 3828 1529 γένῃ
3883 1464 3945 1527 τῷ

2371 1534 2666 1607 ὁμοιώματι
2704 1546 2795 1590 τοῦ
2849 1540 3070 1592 θανάτου
3116 1540 3296 1609 αὑτοῦ,
3346 1549 3455 1604 πῶς
3504 1546 3743 1605 κοινωνὸς
3769 1550 3942 1618 γενήσῃ

2368 1633 2464 1686 τῆς
2517 1622 2889 1694 ἁναστάσεωςς
2944 1627 3001 1680 Ὀ
3049 1627 3261 1703 Ἰσραὴλ
3315 1626 3503 1693 ἐκεῖνος
3556 1631 3624 1693 εἰς
3679 1634 3763 1685 τὸν
3812 1639 3945 1686 Μωυ-

600 1713 950 1786 baptizatus
971 1718 1061 1770 est
1085 1714 1149 1769 in
1169 1712 1332 1769 nube
1365 1717 1423 1770 et
1448 1712 1512 1769 in
1541 1713 1693 1770 mari
1714 1714 1783 1779 ⁸⁷,
1807 1728 1948 1770 cum
1973 1712 2081 1770 tibi
2101 1729 2248 1771 com-

2372 1721 2468 1773 σῆν
2518 1713 2806 1775 ἐϐαπτίσθη
2853 1715 2901 1769 ἓν
2944 1725 3005 1792 τῇ
3056 1718 3233 1791 νεφέλῃ
3280 1723 3368 1772 καὶ
3397 1718 3446 1773 ἐν
3478 1728 3541 1794 τῇ
3591 1720 3844 1796 θαλάσσῃ,
3876 1741 3948 1775 σοι

601 1807 975 1861 monstraret
1002 1807 1204 1875 typos,
1238 1817 1309 1858 ac
1333 1801 1648 1859 veritatem
1691 1817 1831 1874 quin
1875 1802 1939 1859 in
1979 1803 2261 1860 extremis

599 1892 976 1966 temporibus
1008 1889 1387 1947 ostendenda
1415 1894 1561 1960 erat,
1589 1891 1768 1964 quasi
1813 1889 1988 1961 signo
2017 1896 2077 1948 et
2114 1891 2258 1949 cha-

598 1988 828 2041 ractere
895 1983 1210 2056 impresso,
1266 1980 1762 2053 cognoscendam
1808 1980 2143 2053 praeberet:
2196 1987 2257 2037 tu

598 2090 741 2131 vero
768 2073 926 2145 fugis
953 2072 1283 2145 baptisma,
1307 2072 1479 2145 quod
1508 2086 1632 2127 non
1671 2071 1734 2129 in
1763 2071 1918 2129 mari
1940 2071 2252 2145 ﬁguratur,

602 2163 711 2221 sed
731 2164 793 2220 in
811 2163 1061 2220 veritate
1083 2161 1422 2234 perﬁcitur;
1453 2176 1577 2217 non
1604 2160 1668 2217 in
1694 2159 1880 2229 nube,
1914 2160 2020 2217 sed
2048 2160 2109 2218 in
2133 2163 2259 2234 Spi-

598 2254 719 2310 ritu
752 2269 766 2309 :
793 2267 918 2309 non
948 2251 1011 2307 in
1032 2254 1278 2323 Moysen
1307 2265 1693 2316 conservum,
1730 2249 1839 2305 sed
1878 2248 1940 2304 in
1960 2249 2255 2313 Christum

600 2340 996 2399 conditorem.
1018 2338 1195 2395 Israel
1218 2338 1333 2394 nisi
1357 2337 1665 2395 transisset
1687 2352 1877 2405 mare,
1893 2338 2255 2396 aPharaone

602 2432 911 2503 sejunctus
943 2444 1066 2486 non
1095 2428 1307 2484 fuisset
1336 2444 1351 2483 :
1387 2431 1451 2484 tu
1479 2442 1724 2499 quoque
1753 2426 1869 2483 nisi
1901 2442 1999 2498 per
2028 2443 2254 2500 aquam

600 2521 932 2588 transieris,
950 2519 1029 2575 ab
1049 2533 1262 2575 amara
1280 2516 1506 2573 diaboli
1528 2516 1847 2588 tyrannide
1868 2532 1990 2574 non
2014 2533 2258 2589 separa-

600 2610 764 2667 bere.
795 2613 925 2667 Non
945 2607 1196 2664 bibisset
1220 2605 1426 2678 utique
1446 2605 1542 2661 ille
1562 2620 1636 2661 ex
1658 2605 1957 2677 spirituali
1986 2611 2177 2679 petra,
2205 2606 2254 2664 si

600 2715 728 2756 non
749 2698 956 2755 fuisset
979 2713 1086 2770 per
1106 2697 1369 2766 figuram
1391 2694 1734 2767 baptizatus
1757 2713 1770 2751 :
1801 2710 2001 2767 neque
2023 2695 2129 2752 tibi
2148 2696 2255 2754 da-

600 2788 691 2845 bit
719 2787 1049 2860 quisquam
1080 2790 1293 2858 potum
1322 2799 1555 2851 verum,
1587 2783 1703 2839 nisi
1732 2783 1916 2839 fueris
1939 2800 2079 2841 vere
2105 2784 2254 2858 bap-

601 2877 835 2935 tizatus.
855 2873 1126 2933 Comedit
1143 2872 1239 2929 ille
1259 2887 1481 2946 panem
1502 2871 1860 2941 angelorum
1881 2873 1930 2909 ⁵⁸
1951 2876 2089 2945 post
2105 2873 2253 2946 bap-

601 2966 815 3032 tisma;
838 2968 902 3021 tu
918 2978 1062 3021 vero
1082 2962 1396 3035 quomodo
1414 2961 1699 3017 comedes
1713 2961 1913 3018 vivum
1935 2977 2158 3033 panem
2179 2964 2248 3018 ".

2368 1806 2489 1866 τοὺς
2527 1805 2725 1867 τύπους
2762 1802 3117 1879 παραδιδούς,
3160 1811 3250 1860 καὶ
3295 1810 3712 1885 χαρακτηρίξων
3756 1814 3843 1868 τὴν
3880 1808 3946 1863 ἐπ’

2367 1890 2611 1964 ἄσχάτων
2668 1904 2767 1948 τῶν
2811 1904 3004 1971 καιρῶν
3063 1893 3487 1971 δειχθησομένην
3564 1897 3821 1958 ἀλήθειαν·
3891 1902 3947 1952 σὺ

2369 1977 2429 2035 δι
2474 1985 2798 2057 περιφεύγεις
2837 1988 2895 2038 τὸ
2923 1983 3228 2059 βάπτισμα,
3258 1986 3350 2041 οὐκ
3394 1985 3443 2041 ἓν
3490 1988 3731 2061 θαλάσσῃ
3768 1990 3946 2042 τυπού-

2365 2089 2533 2144 μενον,
2594 2072 2703 2124 ἁλλ’
2746 2072 2796 2127 ἓν
2842 2072 3059 2147 ἀληθείᾳ
3099 2074 3464 2149 τελειούμενον⁹
3515 2077 3611 2131 οὐκ
3668 2076 3714 2131 ἕν
3757 2076 3943 2149 υεφελῃ,

2366 2158 2473 2213 ἀλλ’
2500 2159 2549 2213 ἕν
2578 2170 2650 2232 τῷ
2694 2165 2974 2236 Πνεύματι·
3009 2164 3103 2216 οὐκ
3139 2164 3209 2227 εὶς
3256 2172 3491 2226 Μωϋσῆν
3543 2170 3627 2221 τὸν
3658 2162 3942 2239 ὁμόδουλον,

2364 2236 2471 2302 ἀλλ’
2530 2251 2601 2312 εἰς
2668 2255 2896 2326 Χριστόν
2944 2255 3030 2305 τὸν
3082 2258 3398 2313 ποιήσαντα.
3446 2254 3506 2309 Ὀ
3556 2236 3765 2329 Ἰσραὴλ
3801 2253 3841 2309 εἰ
3878 2257 3941 2328 μὴ

2363 2338 2597 2413 παρῆλθε
2616 2345 2709 2399 τὴν
2743 2340 3030 2409 θάλασσαν,
3072 2343 3167 2396 οὐκ
3206 2341 3266 2395 ἆν
3310 2341 3585 2418 ἐχωρίσθη
3635 2352 3725 2399 τοῦ
3755 2348 3940 2418 Φαραώ·

2363 2433 2452 2481 καὶ
2502 2433 2587 2496 σὺ,
2631 2428 2715 2482 ἐὰν
2758 2434 2831 2503 μὴ
2879 2430 3139 2504 παρέλθῃς
3192 2428 3287 2486 δια
3327 2440 3418 2486 τοῦ
3462 2429 3682 2502 ὕδατος,
3715 2432 3771 2487 οὐ
3796 2450 3943 2507 χωρι-

2365 2518 2540 2589 σθήσῃ
2568 2527 2664 2579 τῆς
2705 2526 2896 2593 πικρᾶς
2942 2515 3252 2594 τυραννίδος
3293 2527 3386 2573 τοῦ
3435 2517 3713 2578 διαϐόλου.
3752 2521 3856 2575 Οὐκ
3889 2518 3941 2573 ἄν

2362 2608 2497 2659 ἔπιεν
2545 2605 2729 2669 ἐκεῖνος
2780 2606 2836 2660 ἑκ
2888 2616 2983 2671 τῆς
3025 2617 3379 2682 πνευματικῆς
3416 2613 3635 2685 πέτρας,
3665 2617 3706 2664 εἰ
3751 2614 3818 2685 μη
3855 2628 3940 2663 τν-

2361 2703 2526 2759 πικῶς
2570 2695 2881 2756 ἐϐαπτίσθη·
2926 2694 3051 2753 οὐδέ
3099 2703 3183 2753 σοί
3234 2718 3310 2760 τις
3360 2694 3528 2754 δώσει
3569 2705 3663 2760 τὴν
3716 2698 3940 2758 ἀληθινὴν

2359 2791 2536 2852 πόσιν,
2596 2784 2680 2839 ἐὰν
2731 2792 2801 2859 μή
2855 2785 3105 2848 ἀληθινῶς
3150 2785 3478 2863 βαπτισθῇς.
3535 2789 3756 2863 Ἓφαγεν
3803 2789 3941 2859 ἄρτον

2361 2874 2586 2947 ἀγγέλων
2618 2873 2804 2937 ἐκεῖνος
2828 2876 2959 2949 μετὰ
2986 2878 3045 2928 τὸ
3078 2875 3379 2951 βάπτισμα·
3422 2880 3491 2931 σὺ
3524 2872 3584 2932 δὲ
3630 2883 3733 2940 πῶς
3773 2875 3939 2951 βρὼσῃ

2359 2968 2447 3018 τόν
2487 2964 2659 3026 ζῶντα
2700 2966 2874 3040 ἄρτον,
2925 2964 2985 3016 ἆν
3033 2969 3104 3038 μὴ
3156 2968 3274 3037 (74)
3321 2970 3573 3043 πρότερον
3628 2963 3846 3040 ὑποδέξῃ
3894 2982 3941 3019 το

599 3056 717 3113 nisi
745 3055 917 3128 prius
947 3053 1257 3127 baptisma
1284 3051 1652 3123 susceperis:
1687 3051 2002 3121 Ingressus
2040 3056 2131 3109 est
2154 3051 2248 3110 ille

2363 3052 2667 3127 βάπτισμα,
2712 3052 2963 3116 Εἰσῆλθεν
3003 3051 3191 3116 ἐκεινος
3246 3054 3319 3119 εἰς
3364 3059 3454 3115 τὴν
3505 3065 3607 3131 γῆν
3652 3064 3742 3118 τῆς
3791 3054 3941 3126 ἐπαγ·

600 3147 680 3206 ad
700 3151 922 3203 terram
943 3142 1363 3219 promissionis
1386 3146 1632 3215 propter
1650 3141 1989 3215 baptisma:
2020 3148 2084 3200 tu
2107 3159 2252 3201 vero

599 3235 913 3309 quomodo
943 3232 1256 3291 reverteris
1287 3232 1348 3288 in
1374 3231 1751 3303 paradisum,
1775 3230 1891 3288 nisi
1920 3232 2002 3288 sis
2020 3232 2249 3305 baptis-

600 3329 759 3382 mate
789 3321 1183 3395 obsignatus?
1224 3323 1315 3376 An
1354 3335 1478 3376 non
1516 3319 1674 3376 nosti
1720 3320 2075 3377 ﬂammeum
2124 3321 2250 3391 gla-

598 3414 767 3470 dium
788 3412 867 3469 ad
887 3409 1355 3467 custodiendam
1374 3408 1540 3465 viam
1577 3408 1724 3477 ligni
1750 3408 1881 3465 vitae
1903 3410 2249 3482 appositum

597 3503 779 3560 fuisse
796 3500 1168 3571 ‘,incrcdulis
1183 3498 1426 3573 quidem
1444 3498 1814 3555 horrendum
1842 3503 1902 3555 et
1932 3499 2250 3558 ﬂamman-

594 3598 739 3659 tem,
771 3590 1157 3649 credentibus
1187 3605 1326 3646 vero
1357 3605 1611 3645 accessu
1642 3588 1877 3645 facilem
1903 3593 1959 3645 et
1979 3590 2247 3659 jucunde

593 3683 1012 3739 coruscantem
1038 3680 1065 3735 ‘I
1095 3678 1221 3734 Imo
1249 3677 1593 3733 versatilem
1619 3679 1639 3712 ²
1668 3675 1839 3732 illum
1874 3677 2008 3734 fecit
2045 3678 2245 3735 Domi-

592 3786 709 3827 nus
743 3788 756 3838 ;
797 3785 937 3826 cum
976 3767 1137 3824 enim
1172 3765 1416 3822 fidelem
1444 3764 1676 3833 viderit,
1718 3769 1886 3836 terga
1926 3765 2071 3835 dat;
2104 3784 2244 3825 cum

590 3875 732 3917 vero
761 3856 1115 3931 quempiam
1144 3870 1270 3911 non
1299 3854 1709 3924 obsignatum,
1742 3855 1938 3912 aciem
1966 3855 2240 3915 obvertit.

660 3954 713 4006 3.
753 3948 913 4005 Elias
955 3961 1199 4003 currum
1236 3944 1414 4014 ignis,
1444 3944 1779 4017 igneosque
1826 3960 2017 4016 equos
2057 3947 2139 4003 ad
2177 3962 2243 4003 se

584 4040 891 4097 venientes
911 4051 1034 4093 non
1059 4035 1337 4107 expavit;
1386 4033 1494 4088 sed
1532 4032 1613 4089 ad
1643 4048 1911 4105 superna
1941 4035 2241 4106 proﬁcisci

583 4128 966 4203 percupiens,
998 4123 1385 4182 formidanda
1405 4137 1596 4178 ausus
1629 4127 1737 4188 est,
1768 4126 1950 4196 atque
1976 4122 2108 4181 tmte
2136 4125 2241 4182 ad-

582 4219 857 4286 modum,
881 4232 1021 4273 eum
1044 4215 1244 4271 adhuc
1272 4211 1333 4268 in
1364 4226 1544 4268 carne
1567 4211 1801 4281 viveret,
1824 4226 2036 4271 currus
2060 4212 2236 4271 ﬂam-

580 4323 751 4364 meos
768 4305 1040 4362 ascendit
1059 4306 1191 4359 ’.Τιι
1213 4316 1357 4358 vero
1377 4316 1503 4357 non
1524 4300 1740 4371 igneos
1772 4316 1984 4357 currus
2002 4301 2236 4360 inscen-

2358 3143 2534 3215 7s).ia;
2583 3141 2677 3196 διὰ
2723 3145 2781 3196 τὸ
2827 3142 3127 3217 βάπτισμα·
3183 3147 3249 3198 σὺ
3297 3140 3357 3200 δὲ
3399 3153 3513 3208 πῶς
3567 3145 3839 3219 ἐπανίλθῃς
3879 3141 3943 3203 εἰς

2357 3236 2446 3287 τὸν
2492 3229 2834 3306 παράδεισον,
2862 3236 2934 3306 μὴ
2971 3235 3310 3306 σφραγισθεὶς
3354 3239 3427 3306 τῷ
3479 3233 3847 3308 βαπτισματι;
3881 3230 3939 3284 Ἢ

2357 3321 2450 3376 οὐκ
2498 3318 2668 3387 οἶδας,
2717 3324 2798 3373 ὅτι
2847 3320 3057 3393 φλογίνη
3101 3322 3334 3396 ῥομφαία
3379 3325 3633 3379 τέτακται
3679 3322 3939 3397 φυλάσσειν

2356 3415 2449 3469 τὴν
2490 3407 2612 3464 ὁδὸν
2649 3416 2739 3463 τοῦ
2785 3409 2937 3473 ξύλου
2983 3410 3144 3479 ζωῆς,
3175 3418 3287 3475 τοῖς
3330 3413 3421 3485 μεν
3477 3411 3723 3476 ἀπίστοις
3769 3408 3941 3487 ροϐερὰ

2356 3505 2444 3554 καὶ
2496 3499 2837 3572 φλογίζουσα,
2890 3504 3001 3561 τοῖς
3058 3495 3117 3552 δὲ
3172 3505 3587 3555 πεπῐστευιιὸσιν
3651 3501 3939 3575 εὐπρόσιτος

2352 3594 2444 3642 καὶ
2488 3591 2659 3661 ἵμερον
2685 3590 2800 3660 (75)
2850 3586 3252 3660 ἐπιλάμπουσαι,
3283 3592 3385 3644 Καὶ
3432 3591 3753 3666 στρέφεσθαι
3793 3586 3937 3645 αὐτὴν

2353 3677 2594 3737 ἐποίησεν
2642 3679 2669 3729 ὁ
2712 3681 2991 3740 Δεσπότης·
3037 3678 3158 3730 ὅταν
3205 3679 3295 3751 μὶν
3350 3679 3460 3754 γὰρ
3506 3676 3601 3753 ἴδῃ
3659 3680 3854 3745 πιστὸν,
3882 3674 3939 3729 τὰ

2351 3775 2490 3822 νῶτα
2537 3763 2783 3822 δίδωσιν·
2812 3768 2933 3820 ὅταν
2983 3763 3046 3821 δέ
3079 3785 3197 3821 τινα
3240 3774 3340 3825 τῶν
3389 3765 3792 3845 ἀσφραγίστων,
3822 3766 3939 3821 κατὰ

2353 3863 2523 3931 στόμα
2546 3862 2909 3932 προσαπαντᾲ.

2423 3952 2476 4004 3.
2507 3945 2680 4008 Ἠλίας
2719 3945 2865 4018 άρμα
2891 3946 3053 4020 πυρὸς
3081 3949 3172 3999 καὶ
3210 3946 3397 4013 ἵππους
3440 3953 3694 4025 πυρίνους
3720 3947 3841 4023 πρὸς
3861 3942 3939 3999 αὖ·

2347 4039 2435 4091 τὸν
2489 4034 2721 4098 ἐλθόντας
2759 4034 2873 4106 (76)
2930 4034 2989 4087 οὐ
3032 4033 3355 4109 κατεπλάγη,
3403 4034 3519 4092 ἀλλ’
3566 4036 3814 4113 ἐπιθυμίᾳ
3854 4040 3939 4095 τῆς

2346 4126 2452 4180 οἶνω
2504 4129 2717 4199 πορείας
2768 4131 2866 4179 τῶν
2945 4123 3171 4198 φοϐερῶν
3235 4123 3617 4201 κατετόλμησε,
3676 4130 3765 4180 καὶ
3822 4122 3939 4197 μετὰ

2343 4219 2687 4291 περιχαρείας
2728 4211 2880 4271 ὶπέϐη
2935 4222 3033 4269 τῶν
3090 4212 3339 4288 φλογίνων
3391 4215 3688 4293 ὀχημάτων
3734 4216 3869 4290 (77),
3912 4210 3935 4264 ὁ

2341 4303 2391 4358 ἄν
2434 4308 2593 4379 σαρκὶ
2649 4304 2749 4364 ζῶν
2797 4305 2891 4356 ἔτι·
2945 4306 3010 4356 σὺ
3053 4299 3132 4371 δὲ,
3173 4303 3234 4358 οὗ
3280 4308 3516 4379 πυρίνων
3547 4305 3791 4383 ἁρμάτων
3838 4300 3933 4357 ἔπι-

578 4410 775 4465 surus,
799 4393 904 4449 sed
925 4407 1034 4465 per
1055 4406 1281 4464 aquam
1305 4395 1363 4446 et
1383 4388 1669 4462 Spiritum
1689 4388 1769 4445 ad
1790 4388 2009 4447 coelum
2022 4407 2231 4450 ascen-

2359 4393 2599 4452 ῗὴσεσθαι
2626 4393 2838 4467 μέλλων,
2873 4390 3002 4446 ἀλλὰ
3038 4389 3113 4446 δι’
3152 4389 3345 4455 ὕδατος
3369 4399 3466 4449 καὶ
3498 4397 3800 4472 Πνεύματος
3823 4389 3932 4449 ἀνα·

576 4498 770 4549 surus,
822 4496 945 4537 non
1003 4479 1268 4537 accurris
1309 4478 1390 4535 ad
1433 4477 1855 4536 vocationem?
1897 4478 2052 4538 Elias
2104 4481 2228 4540 vim

571 4570 953 4643 baptismatis
1010 4569 1071 4625 in
1125 4583 1233 4625 ara
1281 4567 1779 4625 holocaustorum
1817 4569 2079 4628 ostendit
2103 4587 2227 4629 non

568 4660 839 4732 igni,sed
860 4673 1020 4732 aqua
1041 4658 1350 4714 victimam
1383 4660 1572 4714 totam
1603 4672 1883 4728 exurens,
1914 4648 2054 4717 cum
2084 4660 2227 4717 alio-

566 4749 673 4824 qui
694 4748 850 4821 ignis
877 4751 1093 4804 natura
1117 4761 1290 4819 aquai
1313 4744 1686 4802 adversetur.
1704 4748 2033 4820 Postquam
2061 4749 2222 4807 enim

564 4856 728 4914 aqua
750 4843 841 4895 ter
880 4838 1132 4911 mystice
1160 4842 1302 4892 tunc
1339 4850 1521 4907 super
1552 4849 1723 4891 aram
1753 4835 1949 4894 effusa
1985 4837 2217 4909 fuisset,

1274 4979 1320 5015 9’
1362 4977 1588 5035 Coloss.
1640 4995 1699 5048 ιι,
1734 4983 1817 5035 tt.

635 4986 682 5020 θ’
723 4986 863 5041 Gen.
912 4998 1056 5050 xvu,
1093 4983 1178 5037 14.
1274 4983 1320 5015 9³
1362 4983 1588 5035 Coloss.
1640 4995 1699 5048 ιι,
1734 4983 1817 5035 tt.
1898 4983 1930 5015 οε

650 5061 703 5108 2.
782 5056 829 5091 9⁸
869 5053 1025 5108 Psal.
1058 5067 1265 5108 uxvu.
1299 5055 1391 5108 25.
1469 5052 1515 5087 ⁰⁰
1564 5052 1734 5108 Joan.
1763 5067 1838 5108 vr.
1868 5052 1930 5108 51

1723 5092 1734 5106 ο
1774 5092 1838 5121 VI,
1868 5092 1956 5108 υδο

557 5074 618 5126 x,
650 5061 703 5112 2.
782 5056 829 5091 9⁸
869 5053 1025 5111 Psal.
1058 5067 1265 5120 LXXVII,
1299 5055 1391 5111 25.

628 5210 742 5279 (74)
785 5206 951 5279 Colb.
981 5204 1184 5279 tertius
1218 5202 1301 5256 ἐὰν

628 5271 736 5347 (75)
776 5278 921 5334 Editi
973 5282 1063 5329 καὶ
1115 5271 1333 5351 ἱμερονί
1371 5276 1607 5351 Veteres
1652 5271 1922 5351 quinque
1944 5274 2097 5351 libri
2128 5281 2218 5351 οιαὶ

557 5345 765 5422 ἡμέραν,
790 5365 902 5404 nec
929 5345 1246 5404 tamen'tot
1284 5346 1564 5422 codicum
1593 5345 1920 5422 auctoritas
1940 5346 2216 5422 impedit,

553 5417 887 5491 qhbminus
912 5421 1174 5491 priorem
1194 5418 1560 5491 scripturam
1574 5417 1884 5491 meliorem
1900 5417 2215 5490 aptiorem-

555 5486 674 5564 que
701 5486 990 5564 judicein.
1024 5494 1152 5545 Mox
1179 5486 1852 5564 Cotti,primusmigxai
1878 5486 2210 5563 στρέφεσθαι.

627 5565 733 5627 (76)
775 5562 975 5616 Cortex.
999 5577 1153 5615 unus
1186 5558 1457 5615 t‘lolbaén‘
1489 5560 1641 5610 αὑτὸν
1684 5558 1936 5619 ἐλθόντας.

1898 4980 1946 5016 9‘
1984 4982 2156 5039 Joan.
2198 5000 2273 5051 ιιι,
2305 4988 2357 5040 5.

2042 5056 2057 5089 ¹
2102 5056 2242 5113 Gen.
2275 5074 2348 5126 ιιι,
2389 5057 2479 5112 2i.

2337 4483 2527 4536 ϐαίνειν
2573 4482 2643 4543 εἰς
2687 4484 2774 4534 τὸν
2822 4481 3058 4557 οὐρανὸν,
3114 4482 3209 4535 οὐκ
3247 4480 3555 4558 ἐπιτρέχεις
3608 4491 3671 4561 τῇ
3719 4483 3927 4549 κλήσεις

2335 4569 2564 4640 Ἐδειξεν
2596 4570 2768 4633 Ἠλίας
2812 4578 2902 4623 τοῦ
2952 4570 3323 4645 βαπτίσματος
3363 4573 3461 4632 τὴν
3514 4572 3681 4647 ἰσχὺν
3723 4570 3805 4626 hri.
3847 4573 3930 4621 τοῦ

2336 4661 2520 4736 βωμοῦ
2559 4669 2657 4713 τῶν
2704 4659 3144 4734 ὁλοκαυτωμάτων
3176 4660 3313 4733 (78),
3355 4659 3417 4714 οὗ
3466 4659 3567 4716 διὰ
3601 4664 3784 4739 πυρὸς,
3817 4657 3930 4712 ἀλλὰ

2333 4747 2406 4806 δι’
2463 4747 2657 4812 ὕδατος
2684 4752 2778 4810 τὴν
2824 4751 3009 4804 θυσίαν
3059 4750 3451 4814 ὁλοκαυτὼσας.
3505 4750 3710 4815 ’Δλλως
3736 4740 3927 4826 μὶνοῦν

2331 4843 2360 4899 ἠ
2407 4847 2497 4895 τοῦ
2528 4842 2691 4915 πυρὸς
2722 4842 2876 4912 φύσις
2904 4846 2978 4911 τῷ
3017 4835 3177 4894 ὕδατι
3219 4840 3478 4914 μάχεταιο
3513 4836 3701 4902 ἔπειδὴ
3735 4835 3793 4895 δέ
3839 4855 3929 4911 μυο

2435 4983 2483 5020 ⁸⁵
2525 4980 2751 5040 Coloss.
2808 4997 2864 5050 ιι,
2914 4983 3000 5036 i2.
3089 4980 3140 5016 ³⁸
3177 4982 3348 5037 Rom.
3394 4995 3478 5053 τι,
3508 4986 3564 5041 Β.
3668 4981 3713 5019 ³⁷
3756 4980 3923 5038 reor.

2559 5057 2580 5090 ³
2617 5052 2764 5111 ibid.
2841 5053 2864 5088 ³
2895 5052 2964 5109 IV
3002 5053 3143 5122 Reg.
3171 5067 3237 5120 ιι,
3271 5053 3358 5111 tt.

2400 5204 2510 5275 (77)
2550 5200 2701 5257 Editi
2730 5199 2977 5274 φλογίνων
3011 5201 3274 5275 άρμάτων.
3304 5202 3377 5259 At
3423 5214 3536 5259 sex
3579 5216 3733 5260 mss.
3764 5198 3926 5275 φλογί-

2327 5294 2423 5328 νων
2454 5272 2763 5345 ὀχημάτων.

2397 5341 2521 5414 (78)
2547 5341 2690 5425 Reg.
2723 5343 3009 5425 tertiuset
3028 5347 3283 5425 utraque
3310 5341 3497 5400 editio
3518 5343 3923 5425 raivjlexauru:

2324 5419 2518 5489 μάτων.
2547 5414 2684 5485 Reg.
2716 5414 3241 5489 secundusetalii,
3269 5421 3390 5489 tres
3422 5430 3577 5472 mss.
3607 5414 3921 5489 Colbertini

2324 5485 2421 5542 τῶν
2463 5487 2931 5558 ὁλοκαρπωμάτων.
2994 5485 3224 5543 Ibidem
3280 5488 3422 5555 Reg.
3505 5486 3817 5543 secundus
3869 5487 3922 5538 et

2323 5558 2464 5616 editi
2492 5562 2585 5618 τὴν
2610 5556 2814 5614 θυσίαν.
2849 5556 2963 5614 Alii
2990 5558 3263 5631 quinque
3287 5573 3436 5615 mss.
3465 5557 3560 5619 τὰς
3588 5560 3792 5620 θυσίας.
