4076 6190
215 254 320 309 εεο

1291 244 1579 304 ΗΟΜΙΙᾸΑ
1617 245 1685 302 ΙΝ
1726 241 2047 303 SANCTUM
2088 240 2469 299 BAPTISMA.

3465 240 3572 298 430

216 384 410 439 στιειῶς
451 378 509 428 τὸ
555 371 697 447 ὕδωρ
737 378 909 449 τρίτον
958 378 1073 427 τότε
1123 381 1214 426 τοῦ
1276 371 1459 446 βωμοῦ
1515 360 1808 441 κατεχύθη,

1930 366 2083 437 ignis
2105 366 2323 423 exstitit
2344 365 2529 436 origo,
2563 362 2823 439 atquein
2848 362 3100 423 modum
3121 362 3233 423 olei
3263 363 3573 423 ﬂammam

214 465 360 539 ἀρχή
401 464 595 536 ἐγένετο
630 473 703 534 τῷ
747 467 898 537 πυρὶ,
942 466 1035 517 καὶ
1083 461 1241 533 ἐξῆψε
1281 466 1377 520 τὴν
1420 459 1585 533 φλόγα
1639 457 1811 529 ὥσπερ

210 555 403 608 ἔλαιον.
465 550 660 607 Λάϐετὲ
713 570 823 623 μοι,
882 556 1062 624 φησὶν,
1142 547 1353 622 ὑδρίας,
1437 547 1817 617 καὶοᾶπιχίετε

212 642 302 695 ἰπὶ
357 645 418 695 τὸ
472 642 808 713 ὀλοκαύτωμα
874 645 966 693 καὶ
1044 638 1128 693 ἰπὶ
1204 641 1300 701 τὰς
1360 634 1653 710 σχίδακας.
1716 637 1817 689 Καὶ

214 735 349 786 εἷπε·
408 736 778 807 Δευτερώσατε,
836 735 927 783 καὶ
1007 727 1379 804 ἇδευτίρωσαν·
1448 731 1816 802 Τρισσώσατε,

211 828 304 876 καὶ
374 820 698 896 ἰτρίσσωσαν
744 821 876 890 (Ἱ9)’
948 816 1242 880 δεικνύντος
1313 825 1405 871 τοῦ
1484 817 1663 888 λόγου,
1737 816 1818 868 ὅτι

214 908 319 965 διὰ
364 918 457 964 τοῦ
509 908 873 983 βαπτίσματος
927 916 1001 979 τῷ
1058 916 1172 979 Θεῷ
1229 908 1512 961 οἰκειοῦται
1571 906 1598 957 ό
1654 922 1815 978 προσ-

212 1005 488 1073 αγόμενος,
513 1003 602 1055 καὶ
638 997 719 1051 ὃτι
760 1006 863 1070 φῶς
907 999 1134 1070 καθαρὸν
1173 1001 1264 1050 καὶ
1320 996 1557 1071 οὐράνιον
1604 992 1653 1045 ἐν
1701 991 1817 1056 (80)

212 1096 341 1151 ταῖς
378 1096 480 1140 τῶν
524 1091 842 1161 προσιόντων
887 1086 1093 1158 ψυχαῖς
1138 1082 1234 1139 διὰ
1259 1093 1356 1147 τῆς
1386 1084 1459 1145 εἰς
1486 1087 1581 1142 τὴν
1612 1077 1819 1155 Τριάδα

210 1182 450 1240 πίστεως
502 1175 808 1249 ἀναλάμπει.
867 1180 929 1229 Εἰ
973 1178 1180 1249 χρυσόν
1245 1182 1308 1246 τῇ
1369 1171 1624 1243 ἐκκλησίᾳ
1664 1167 1821 1224 διένε-

211 1285 342 1338 μον,
396 1265 491 1318 οὐκ
542 1266 604 1317 civ
654 1284 746 1337 μοι
795 1262 952 1326 εἶπες·
1005 1267 1193 1338 Αὔριον
1226 1264 1354 1329 ego»,
1387 1267 1477 1315 καὶ
1506 1265 1687 1335 αὔριον
1720 1256 1821 1312 δώ-

214 1373 360 1416 σεις·
411 1352 516 1407 ἀλλ’
576 1353 791 1426 ἀπῄτεις
841 1353 903 1405 ἆυ
955 1350 1062 1413 ἤδη
1115 1357 1209 1412 τὴν
1270 1350 1526 1424 διανομὴν
1584 1354 1821 1403 κατεπεί-

207 1463 353 1516 γων,
417 1446 508 1494 καὶ
555 1438 862 1516 ἆδυσφόρεις
910 1445 1040 1516 πρὸς
1084 1445 1178 1500 τὴν
1207 1443 1504 1516 ὑπέρθεσινο
1537 1435 1719 1497 ἕπειδὴ
1764 1434 1823 1490 δὲ

212 1533 335 1603 οὐχ
385 1531 512 1594 ὕλης
556 1532 823 1605 εὔχροιαν,
865 1529 996 1584 ἀλλά
1036 1530 1223 1603 ψυχῆς
1243 1532 1582 1603 καθαρότητα
1609 1532 1822 1603 προτεί-

210 1626 368 1675 νεται
415 1639 499 1673 σοι
543 1625 570 1673 ό
612 1616 993 1695 μεγαλόδωρος,
1059 1621 1347 1693 προφάσεις
1383 1618 1585 1691 πλάττῃ
1629 1621 1719 1670 καὶ
1745 1615 1823 1669 αἱ·

1928 456 2218 512 accendit.
2234 456 2279 511 Α
2293 457 2445 528 eripi
2452 460 2504 511 te
2516 455 2684 525 mihi,
2700 453 2912 526 inquit,
2930 454 3261 523 hydrias,et
3275 454 3579 526 infundite

1926 562 2107 615 super
2126 546 2565 613 holocaustum,
2589 549 2642 600 et
2659 548 3148 615 supersegmenta
3170 543 3579 614 lignorum.Et

1926 635 2121 691 dixit:
2162 633 2436 691 Secundo
2461 633 2651 703 facite
2669 636 2723 688 et
2745 632 3004 691 secundo
3031 632 3310 703 fecerunt
3345 632 3580 689 :Tertio
3662 688 3675 705 ,η

1922 724 2132 793 facite,
2154 729 2206 780 et
2231 724 2407 779 tertio
2425 723 2704 794 fecerunt
2727 722 2768 777 ‘.
2795 720 3024 787 Quibus
3056 721 3352 794 scriptura
3380 726 3581 779 osten-

1926 813 2014 870 dit
2058 829 2164 884 per
2204 812 2513 885 baptisma
2554 813 2673 867 Deo
2715 810 3001 883 conjungi
3050 826 3121 867 ac
3150 810 3457 871 conciliari
3475 810 3584 886 qui

1927 903 2174 972 venerit,
2205 917 2544 974 puramque
2571 916 2641 957 ac
2671 899 2974 961 caelestem
2994 899 3193 955 lucem
3211 899 3273 975 in
3296 900 3584 957 acceden-

1930 991 2077 1051 tium
2123 990 2342 1049 animis
2388 1006 2496 1063 per
2530 989 2714 1045 ﬁdem
2766 989 2828 1045 in
2873 988 3215 1045 Trinitatem
3263 986 3584 1059 refulgere.

1938 1082 1980 1149 ι
2000 1082 2110 1151 16
2148 1080 2322 1145 Quod
2369 1078 2419 1135 si
2461 1095 2679 1136 aurum
2699 1076 2961 1134 ecclesia:
2983 1077 3428 1145 distribuerem,
3459 1092 3585 1133 non

1930 1169 2136 1240 utique
2178 1183 2339 1224 esses
2390 1166 2539 1224 mihi
2586 1166 2889 1223 dicturus:
2917 1168 3059 1223 Cras
3085 1166 3351 1233 veniam,
3372 1169 3430 1221 et
3454 1182 3587 1222 cras

1931 1258 2107 1315 dabis
2138 1276 2151 1313 :
2186 1257 2291 1314 sed
2307 1258 2435 1330 jam
2459 1270 3066 1330 exposceres,urgens
3079 1254 3582 1327 distributionem,

1931 1353 1989 1405 et
2018 1346 2369 1403 dilationem
2392 1346 2597 1403 animo
2617 1345 2826 1417 iniquo
2858 1344 3066 1401 ferres.
3096 1346 3395 1412 Quoniam
3442 1360 3588 1403 vero

1931 1438 2028 1494 hic
2051 1438 2147 1494 ille
2173 1452 2528 1507 magnorum
2545 1436 2847 1493 donorum
2865 1434 3110 1506 largitor
3129 1450 3254 1491 non
3273 1435 3590 1492 materiam

1933 1526 2181 1600 pulchre
2203 1525 2560 1591 coloratam,
2592 1524 2698 1582 sed
2724 1524 2941 1581 animae
2960 1524 3280 1596 puritatem
3296 1523 3399 1581 tibi
3419 1523 3592 1583 offert

1933 1615 2404 1673 comminisceris
2434 1614 2855 1671 excusationes
2886 1632 2901 1683 ;
2934 1617 3118 1687 atque
3138 1629 3356 1670 causas
3376 1614 3589 1673 .etim-

212 1715 347 1772 τίας
363 1708 655 1784 ἀπαριθμῇ,
688 1706 805 1763 δίον
834 1707 1147 1784 ἔπιτρίχιιν,
1170 1717 1244 1780 τῷ
1275 1705 1449 1783 δώρῳ,
1483 1706 1555 1763 Ὦ.
1580 1714 1673 1758 τοῦ
1701 1707 1818 1758 θαύ-

1932 1704 2280 1779 pedimenta
2294 1720 2591 1774 recenses,
2614 1719 2753 1760 cum
2774 1703 2856 1760 ad
2872 1703 3105 1759 donum
3124 1702 3376 1759 deberes
3388 1718 3592 1761 accur-

211 1817 388 1872 ματος
448 1803 463 1850 Ι
516 1796 845 1871 ἀναχαινίζη,
904 1802 977 1871 μὴ
1048 1802 1418 1870 χωνευόμενος·
1498 1794 1819 1867 ἀναπλάττη,

214 1894 293 1961 μὴ
370 1886 782 1962 ιι-υνηξριϐόμενος⁸
859 1888 1136 1962 θεραπεύῃ,
1195 1891 1267 1959 μὴ
1338 1882 1674 1958 ὀδυνώμενος,
1732 1888 1823 1936 καὶ

217 1978 282 2034 οὗ
315 1977 500 2051 λογίζῃ
533 1980 626 2035 τὴν
655 1978 835 2051 χάριν.
868 1976 930 2030 Εἰ
959 1972 1142 2039 δοῦλος
1186 1974 1467 2051 ἀνθρώπων
1498 1976 1661 2047 ᾖσθα,
1688 1991 1822 2049 προ-

219 2068 425 2140 εγράφη
461 2062 518 2120 δε
548 2062 753 2128 δούλοις
781 2064 1060 2140 ἐλευθερία,
1092 2064 1184 2118 ούκ
1237 2065 1300 2118 ἄν
1356 2064 1440 2118 ἐπὶ
1485 2068 1581 2123 τήν
1636 2066 1821 2137 κυρίαν

222 2154 557 2223 ἆπήντησας,
626 2159 949 2229 συνηγόρους
988 2156 1346 2227 μισθούμενος,
1407 2156 1498 2206 καὶ
1562 2148 1823 2213 δικαστὰς

222 2243 541 2318 παρακαλῶν
623 2245 758 2297 ὥστε
826 2246 973 2316 πάσῃ
1055 2251 1271 2316 μηχανῇ
1348 2244 1480 2316 πρὸς
1534 2239 1820 2314 ἐλευθερίαν

223 2332 556 2409 ἆξαιρεθῆναι
585 2348 601 2399 ς
628 2331 696 2386 Ἤ
751 2352 853 2386 που
909 2336 1001 2385 καὶ
1054 2333 1316 2407 ῥάπισμα,
1374 2334 1470 2390 τὴν
1526 2329 1821 2384 τελευταίαν

222 2432 331 2477 τῶν
378 2419 579 2475 δούλων
620 2421 847 2493 πληγὴν,
893 2422 1020 2496 ὑπὲρ
1066 2430 1163 2483 τῆς
1190 2423 1321 2494 μετά
1347 2428 1529 2487 ,ταῦτα
1556 2428 1656 2473 τῶν
1687 2419 1821 2472 αἰκι-

227 2521 378 2585 σμῶν
426 2510 725 2583 ἀπαλλαγῆς
775 2507 1089 2583 κατεδέχου.
1135 2506 1347 2569 Ἐπειδὴ
1382 2506 1442 2563 δε
1483 2506 1667 2563 δοῦλον
1698 2512 1822 2562 ὄντα

224 2619 313 2672 σε,
363 2600 462 2654 οὐκ
505 2598 803 2674 ἀνθρώπων,
856 2597 984 2653 ἀλλὰ
1033 2608 1128 2661 τῆς
1173 2601 1454 2674 αμαρτίας,
1503 2596 1645 2653 καλεί
1689 2600 1818 2671 πρὸς

222 2690 514 2765 ἰλιυθερίαν
569 2690 597 2742 ό
649 2688 836 2764 κῆρυξ,
884 2690 968 2741 ἶνα
1006 2687 1139 2762 λύσῃ
1182 2692 1271 2760 μέν
1323 2706 1381 2742 σε
1407 2696 1504 2749 τῆς
1534 2686 1816 2760 αἰχμαλω-

224 2784 361 2845 σίας,
419 2777 716 2837 ἰσοπολίτην
782 2774 843 2832 δε
897 2784 1007 2840 τοῖς
1041 2781 1156 2848 (81)
1205 2775 1439 2849 ἀγγελοις
1470 2781 1693 2849 ποιήσῃ,
1726 2780 1816 2829 καὶ

218 2870 335 2925 υἱόν
484 2863 734 2940 ἀποδείξῃ
762 2873 854 2921 τοῦ
885 2874 1018 2921 Θεοῦ
1062 2865 1426 2925 εἰσποιηθέντα
1456 2862 1549 2918 διὰ
1576 2874 1675 2927 τῆς
1710 2867 1814 2937 χά-

216 2976 384 3031 ριτος,
440 2956 753 3033 κληρονόμον
780 2952 841 3010 δε
877 2963 977 3008 τῶν
1024 2954 1228 3029 ἀγαθῶν
1257 2963 1349 3009 τοῦ
1379 2962 1636 3029 Χριστοῦ·
1669 2956 1812 3007 οὔπω

1932 1812 2077 1853 rere.
2104 1797 2147 1853 0
2175 1812 2304 1852 rem
2328 1795 2535 1851 miram
2571 1795 2584 1850 l
2616 1795 2951 1864 renovaris,
2984 1808 3097 1849 nec
3126 1793 3415 1850 conﬂaris
3448 1812 3462 1863 ;
3492 1810 3592 1853 re-

1931 1885 2235 1953 formaris,
2269 1900 2379 1940 nec
2410 1882 2735 1940 contereris
2764 1901 2777 1952 ;
2811 1882 3060 1946 curaris,
3082 1898 3195 1939 nec
3216 1883 3405 1955 sentis
3425 1882 3593 1941 dolo-

1930 1990 2080 2038 rem,
2132 1979 2190 2031 et
2244 1979 2447 2030 tamen
2502 1972 2564 2029 id
2620 1972 2898 2028 beneficii
2928 1975 3126 2028 tecum
3151 1987 3277 2029 non
3321 1977 3587 2045 reputas.

1933 2065 2152 2121 Servus
2177 2062 2490 2120 hominum
2513 2062 2566 2119 si
2595 2077 2784 2131 esses,
2815 2060 3123 2134 servisque
3142 2060 3352 2119 fuisset
3370 2077 3592 2135 propo-

1931 2152 2323 2221 sitalibertas,
2356 2167 2560 2215 nonne
2591 2149 2957 2209 occurrisses
3001 2150 3080 2207 ad
3122 2154 3343 2208 statam
3401 2150 3587 2223 diem,

1931 2241 2280 2300 conducens
2299 2247 2609 2315 patronos,
2639 2239 2998 2314 judicesque
3028 2255 3276 2310 rogans,
3310 2244 3376 2297 ut
3420 2242 3591 2298 omni

1929 2347 2117 2405 opera
2163 2330 2446 2387 assereris
2495 2330 2558 2387 in
2593 2330 2931 2386 libertatem
2962 2330 2989 2387 i’
3015 2328 3167 2393 Quin
3219 2334 3277 2387 et
3315 2329 3581 2403 alapam,

1928 2426 2302 2493 postremam
2315 2435 2626 2476 servorum
2650 2435 2889 2492 pinnam
2908 2418 3217 2492 perferres,
3234 2419 3371 2476 utin
3389 2426 3586 2493 poste-

1925 2525 2063 2567 rum
2080 2526 2117 2567 a
2148 2508 2499 2566 verberibus
2526 2508 2677 2565 liber
2696 2508 2869 2564 ﬁeres
2889 2513 2945 2564 et
2964 2507 3268 2563 immunis.
3286 2508 3581 2573 Quoniam

1928 2604 2131 2657 autem
2156 2604 2210 2655 te
2235 2615 2499 2669 servum,
2522 2614 2644 2654 non
2662 2597 2977 2655 hominum
2985 2596 3121 2667 ,sed
3144 2597 3391 2669 peccati,
3416 2596 3497 2654 ad
3515 2597 3583 2655 li-

1923 2687 2217 2747 bertatem
2248 2704 2446 2762 praeco
2470 2693 2664 2758 vocat,
2690 2692 2752 2744 ut
2774 2692 2826 2745 te
2846 2686 3181 2760 captivitate
3217 2686 3482 2744 solutum
3504 2703 3580 2745 ex

1924 2794 2104 2851 aequo
2134 2794 2274 2835 cum
2292 2777 2523 2847 angelis
2537 2777 2777 2834 civitate
2806 2776 3011 2847 donet,
3040 2781 3217 2849 teque
3236 2775 3453 2833 efficiat
3473 2792 3578 2850 per
3676 2786 3683 2791 '

1923 2866 2267 2939 adoptionis
2299 2866 2558 2938 gratiam
2586 2866 2778 2922 ﬁlium
2809 2865 2930 2934 Dei,
2955 2870 3013 2923 et
3035 2865 3338 2922 bonorum
3364 2864 3579 2924 Christi

1922 2956 2225 3015 haeredem
2255 2973 2268 3013 :
2294 2955 2570 3012 nondum
2602 2961 2840 3027 tempus
2870 2971 3001 3013 esse
3049 2956 3180 3011 haec
3218 2955 3383 3013 dona
3421 2955 3577 3012 exci-

214 3047 382 3119 λίγεις
422 3043 555 3100 εἶναι
604 3064 688 3101 σοι
733 3048 915 3121 καιρόν
948 3042 1204 3109 δέξασθαι
1227 3047 1295 3098 τὰ
1315 3041 1590 3118 διδόμενα.
1614 3042 1684 3097 Ὦ
1711 3051 1810 3096 τῶν

1930 3045 2125 3119 piendi
2163 3044 2336 3108 dicis.
2367 3046 2410 3101 0
2441 3043 2878 3117 impedimenta
2922 3060 3109 3116 prava
3134 3045 3146 3101 ι
3172 3047 3215 3101 0
3247 3049 3485 3117 turpem
3515 3050 3575 3103 et

213 3145 456 3213 πονηρῶν
510 3132 772 3209 ίμκοδιων
818 3134 832 3190 l
873 3137 914 3188 ὦ
959 3143 1051 3196 τῆς
1105 3135 1342 3210 αἰσχρᾶς
1393 3139 1483 3190 καὶ
1535 3132 1809 3189 ἀτελέσι-ου

216 3224 478 3298 ἀσχολίας
510 3223 526 3280 l
562 3224 694 3287 Ἕως
719 3230 845 3306 πότε
871 3221 1098 3294 ide-aui;
1129 3225 1226 3286 ἕως
1268 3226 1394 3278 πότε
1440 3220 1762 3283 ἡδυπάθειαι
1791 3240 1807 3292 ;

218 3315 385 3370 Πολύν
440 3314 692 3388 ἐξησαμεν
742 3318 933 3391 χρόνον
973 3311 1046 3386 τῷ
1088 3318 1291 3387 κόσμῳ,
1337 3314 1578 3386 ζήσωμεν
1631 3311 1810 3368 λοιπὸν

216 3410 309 3459 καὶ
348 3403 574 3465 (avreis.
631 3407 696 3457 Τί
747 3402 931 3475 ψυχῆς
978 3401 1214 3466 ἀντάξιον
1243 3406 1342 3468 ;Τί
1381 3403 1686 3456 ἰσοστάσιον
1716 3410 1810 3464 τῆς

223 3491 499 3565 βασιλείας
523 3499 625 3545 τῶν
649 3491 876 3567 οὐρανῶν
909 3510 923 3561 ;
954 3496 1045 3555 Τίς
1075 3490 1503 3566 ἀξιοπιστότερος
1547 3511 1632 3549 σοι
1670 3490 1810 3565 σύμ-

223 3580 403 3644 ϐουλος
439 3588 534 3634 τοῦ
584 3588 719 3635 Θεοῦ
751 3597 767 3649 ;
795 3585 889 3642 Τίς
918 3586 1295 3655 φρονιμώτερος
1318 3588 1411 3634 τοῦ
1444 3588 1646 3654 σοφούς
1674 3582 1703 3642 ἢ
1737 3585 1813 3641 τίς

223 3668 608 3743 ὐγελιμὼτερος
650 3675 744 3723 τοῦ
789 3666 990 3741 ἀγαθοῦ
1028 3687 1043 3738 ;
1085 3674 1174 3731 Τίς
1231 3677 1325 3722 τοῦ
1381 3669 1499 3740 (82)
1540 3673 1813 3732 κτίσαντος

227 3758 535 3832 οἰκειότερος
578 3775 594 3827 ;
646 3753 786 3811 ούδὲ
826 3765 889 3830 τῇ
944 3755 1055 3831 Εὖᾳ
1097 3763 1377 3831 συνήνεγκε
1425 3766 1488 3831 τῇ
1520 3765 1612 3812 τοῦ
1660 3762 1815 3831 ὄφεως

230 3846 493 3921 συμϐουλῇ
542 3848 821 3906 πεισθῆναι
858 3846 1048 3919 μᾶλλον
1110 3850 1141 3906 ἤ
1194 3855 1256 3920 τῇ
1298 3854 1390 3902 τοῦ
1439 3851 1722 3902 Δεσπότου.
1749 3845 1818 3899 Ὦ.

226 3943 321 3999 τῆς
370 3933 587 3998 ἀτοπίας
640 3943 740 3989 τῶν
785 3935 950 4008 λόγων
978 3934 1129 3991 ίούει
1175 3937 1289 4009 οἶγω
1332 3935 1534 4009 σχολὴν
1580 3937 1811 4008 ύγιᾶναι·

228 4030 384 4097 μήπω
436 4044 530 4098 μοι
570 4021 744 4098 δείξῃς
775 4027 835 4078 τό
864 4031 985 4098 φῶς*
1016 4029 1174 4099 μήπω
1203 4025 1440 4099 συνήψης
1481 4033 1554 4098 τῷ
1585 4024 1813 4081 Βασιλεῖ.

230 4112 304 4165 ού
324 4120 492 4167 ταῦτα
517 4112 683 4184 λέγεις
709 4113 951 4188 ἄντικρυς
990 4130 1005 4182 ;
1029 4112 1232 4175 Μᾶλλον
1259 4110 1319 4169 δε
1347 4115 1416 4167 τὰ
1456 4115 1651 4167 τούτων
1704 4112 1817 4167 ἀλο-

228 4206 526 4277 γιστότερα.
570 4205 638 4256 Σύ
695 4198 774 4271 δι,
833 4201 879 4256 εί
913 4204 1003 4276 μὴν
1046 4198 1108 4266 ἧς
1136 4201 1548 4278 ἐγγεγραμμένος
1574 4210 1680 4264 τοῖς
1722 4198 1819 4261 δη-

1918 3134 2357 3193 interminatam
2373 3132 2835 3205 occupationem
2854 3134 2866 3189 ι
2882 3136 3207 3205 Quousque
3220 3133 3572 3190 tandemvo-

1915 3221 2178 3297 luptates
2196 3223 2223 3279 ‘I
2237 3238 2350 3294 usq
2360 3237 2557 3294 nequo
2577 3220 2806 3281 delicias
2822 3220 3128 3277 Wiximns
3143 3220 3404 3278 multum
3425 3226 3570 3279 tem-

1919 3328 2035 3388 pus
2069 3310 2321 3382 mundo,
2349 3309 2645 3383 reliquum
2673 3310 2948 3366 vivamus
2969 3315 3026 3366 et
3048 3308 3228 3367 nobis
3249 3310 3419 3383 ipsis.
3461 3314 3567 3368 Ec-

1916 3401 2071 3474 quid
2099 3402 2318 3463 animse
2347 3398 2781 3473 aaquiparabile
2811 3400 2838 3456 ?
2868 3398 3021 3466 Quid
3050 3415 3237 3470 regno
3276 3401 3571 3459 caelorum

1918 3487 2406 3562 comparandum
2437 3488 2464 3543 ?
2483 3487 2624 3553 Quis
2656 3486 2763 3543 tibi
2789 3487 3164 3545 consiliarius
3189 3488 3309 3544 ﬁde
3329 3488 3572 3559 dignior

1918 3594 2109 3652 quam
2129 3581 2309 3634 Deus.
2334 3575 2476 3644 Quis
2498 3575 2852 3649 prudentior
2867 3575 3161 3648 sapiente,
3184 3582 3287 3633 aut
3306 3577 3443 3650 quis
3463 3577 3574 3634 uti-

1915 3667 2032 3724 lior
2052 3667 2218 3723 bono
2242 3666 2270 3721 ‘I
2317 3664 2459 3731 Quis
2484 3664 2793 3721 conditore
2835 3664 2967 3735 conj
2980 3664 3211 3721 unctior
3233 3666 3260 3720 ?
3285 3667 3401 3720 Nec
3438 3667 3571 3722 Evaa

1922 3756 2215 3829 serpentis
2246 3754 2498 3815 consilio
2528 3754 2854 3810 credidisse
2879 3754 3075 3825 magis
3098 3770 3286 3827 quam
3333 3754 3574 3812 Domini

1923 3845 2162 3920 profuit.
2183 3846 2225 3902 0
2247 3845 2452 3917 inepta
2477 3843 2663 3900 verba
2687 3844 2699 3899 !
2725 3847 2851 3901 Non
2873 3849 3047 3900 vacat
3068 3843 3272 3900 sanari
3295 3843 3573 3903 nondum

1921 3934 2209 4001 ostendas
2234 3932 2382 3990 mihi
2404 3932 2625 4003 lucem,
2647 3932 2924 3990 nondum
2937 3932 3273 4004 conjungas
3288 3948 3386 3989 me
3407 3934 3573 4004 Regi.

1923 4030 2131 4084 Nonne
2160 4025 2289 4083 haec
2317 4028 2521 4098 aperte
2540 4023 2803 4097 loqueris
2831 4025 2859 4080 ?
2882 4025 3007 4080 lmo
3028 4023 3207 4081 etiam
3233 4023 3326 4087 his
3364 4023 3578 4082 absur-

1924 4116 2118 4173 diora.
2148 4116 2233 4171 Tu
2261 4113 2422 4170 enim
2448 4112 2497 4169 si
2523 4129 2687 4169 esses
2710 4113 2946 4169 tributis
2978 4112 3233 4184 publicis
3253 4112 3578 4180 obnoxius,

1926 4204 2419 4277 nuntiareturque
2436 4202 2745 4259 undelibet
2759 4201 3133 4261 debitoribus
3145 4202 3422 4261 rescissio
3442 4203 3579 4260 aeris

232 4296 435 4362 μσίοις
479 4290 765 4364 ὀφλήμασι,
805 4298 978 4364 χρεῶν
1024 4287 1085 4345 δε
1140 4289 1403 4347 ἀποκοπαὶ
1456 4298 1562 4354 τοῖς
1622 4292 1817 4346 ύπεθύ-

1930 4294 2104 4352 alieni
2137 4309 2150 4347 :
2180 4292 2396 4349 deinde
2418 4292 2695 4365 essetqui
2712 4307 2818 4365 per
2834 4292 3117 4364 injuriam
3135 4292 3374 4366 privare
3390 4298 3446 4350 te
3465 4294 3582 4352 hac

232 4399 338 4443 νοις
389 4379 861 4456 περιηγγίλθησαν,
913 4375 1024 4434 εἶτά
1066 4398 1155 4443 τις
1196 4376 1256 4440 ἦν
1300 4382 1327 4434 ό
1382 4383 1509 4454 πρὸς
1576 4379 1819 4455 ἐπήρειαν

238 4468 449 4544 ἄμοιρόν
489 4487 548 4523 σε
572 4477 795 4529 ποιῆσαι
821 4476 920 4530 τῆς
958 4474 1351 4544 συγχωρήσεως
1380 4472 1572 4531 ταύτης
1624 4469 1822 4542 ἐπιχει-

236 4565 355 4634 Ρῦν
402 4558 710 4631 ὺτοαάκηις
750 4556 812 4611 ἂν
857 4561 948 4612 καὶ
992 4556 1157 4625 ἕϐόας,
1217 4560 1282 4621 ὡς
1332 4561 1391 4613 τό
1439 4557 1707 4612 ἐπιϐάλλον
1741 4577 1825 4611 σοι

240 4649 389 4722 μέρος
439 4654 535 4708 τῆς
586 4654 765 4710 κοινῆς
809 4646 1029 4722 χάριτος
1080 4645 1472 4722 ἀφαιρούμενος.
1507 4644 1718 4706 Ἐπειδὴ
1767 4643 1826 4700 δὲ

241 4734 298 4787 ού
549 4736 734 4807 ἄφεσις
775 4742 879 4788 τῶν
930 4734 1302 4810 παρελθόντων,
1353 4735 1483 4789 ἀλλὰ
1518 4740 1608 4790 καὶ
1635 4733 1827 4810 δωρεαὶ

242 4830 337 4875 τῶν
370 4823 655 4899 μελλόντων
699 4826 1199 4900 προεκηρύχθησαν,
1258 4825 1416 4891 αὐτὸς
1458 4828 1673 4881 σεαυτὸν
1712 4823 1830 4879 ἀδι-

241 4920 358 4982 ιὺν,
403 4911 442 4967 ἃ
487 4908 618 4988 μηδ’
658 4911 721 4968 ἄν
748 4922 849 4969 τῶν
874 4911 1077 4990 ἕχθρῶν
1110 4917 1195 4971 σοί
1225 4934 1302 4978 τις
1332 4913 1659 4991 ίπηρεάσατο
1690 4915 1826 4991 (83),

310 5054 332 5089 ⁸
353 5056 424 5114 ιιι
450 5056 593 5129 Reg.
617 5071 779 5128 mu,
808 5057 899 5114 34.

657 5197 1209 5282 Πεᾴὶοωιιεξΐριθσσεύ
1216 5217 1363 5282 get",
1374 5202 1464 5253 καὶ
1475 5195 1716 5282 ίτρίσσευ
1723 5217 1837 5282 σαν.

314 5268 437 5343 (80),
453 5268 672 5343 Addita
698 5274 789 5343 est
814 5268 1037 5343 vocula
1066 5269 1116 5322 ἐν
1141 5286 1215 5326 ex
1229 5268 1400 5326 libris
1423 5268 1705 5343 antiquis.
1730 5272 1839 5327 lbi-

248 5335 381 5415 dem
407 5335 574 5415 Coll).
609 5340 816 5415 tertius
835 5347 953 5415 ταῖς
972 5342 1116 5415 fingar
1137 5347 1477 5415 προσιόντων.

314 5414 393 5477 (8!
409 5420 423 5481 j
442 5411 605 5485 Cplb.
632 5413 875 5485 primus
891 5409 1190 5485 ἰσοπολίτην
1210 5409 1268 5467 δέ
1288 5432 1344 5465 σε
1364 5420 1490 5475 τοῖς.
1512 5412 1841 5483 Aliquanto

252 5487 381 5550 post
402 5480 564 5539 €011).
599 5480 811 5540 térlius
844 5480 1100 5545 δέξασθαί
1126 5503 1202 5539 σε.

319 5555 428 5622 (82)
458 5553 622 5613 Colb.
652 5555 892 5629 primus
920 5555 951 5613 ἡ
984 5559 1064 5615 τίς
1084 5562 1197 5610 τοῦ.
1233 5554 1441 5613 Statim
1471 5572 1623 5612 mss.
1689 5572 1843 5613 non-

1931 4382 2376 4442 condonatione
2397 4386 2716 4441 conaretur
2740 4399 2754 4450 ;
2774 4397 3160 4438 succenseres
3175 4382 3378 4456 utique
3392 4387 3450 4440 et
3467 4382 3584 4443 cla-

1930 4486 2154 4541 mares,
2174 4476 2240 4526 ut
2260 4469 2366 4543 qui
2396 4486 2469 4527 ea
2488 4471 2831 4527 communis
2844 4470 3121 4528 beneﬁcii
3137 4473 3435 4545 portione,
3448 4488 3585 4544 quin

1934 4560 2014 4618 ad
2072 4565 2127 4616 te
2178 4559 2468 4623 attineret,
2528 4559 2894 4633 spoliareris.
2942 4563 3272 4635 Postquam
3302 4577 3442 4618 vero
3464 4577 3589 4618 non

1935 4648 2379 4723 praeteritorum
2433 4646 2617 4705 modo
2665 4649 3051 4723 condonatio,
3112 4650 3219 4705 sed
3245 4650 3590 4707 futurorum

1937 4738 2120 4795 etiam
2146 4737 2491 4809 largitiones
2516 4738 2931 4811 przenuntiatse
2944 4744 3085 4795 sunt
3108 4758 3120 4808 ;
3145 4744 3199 4795 te
3220 4740 3347 4812 ipse
3371 4737 3593 4809 injuria

1940 4826 2230 4897 afﬁciens,
2263 4832 2565 4901 quantum
2596 4843 2671 4884 ne
2704 4828 2860 4884 ullus
2892 4829 3139 4901 quidem
3172 4827 3452 4883 inimicus
3486 4825 3593 4880 tibi

1940 4915 2269 4983 nocuisset,
2288 4922 2547 4990 putasne
2564 4923 2619 4974 te
2632 4917 2736 4976 tibi
2755 4918 3178 4975 convenienter
3194 4912 3589 4980 consuluisse,

1948 5201 2097 5276 nulli
2144 5209 2205 5276 τῇ
2262 5208 2354 5276 τοῦ
2404 5206 2562 5276 ὄφεως
2618 5198 3191 5276 συμβουλίῳ-Νεοὶιᾶ
3222 5197 3414 5256 multo
3440 5197 3600 5257 intra

1951 5274 2116 5329 Colb.
2150 5271 2355 5329 tertius
2386 5271 2497 5345 ρῨο
2527 5271 2696 5345 λόγων
2731 5271 2913 5345 habet
2940 5271 3218 5342 λογισμῶν.

2023 5346 2130 5415 (83)
2185 5341 2429 5414 Antiqui
2474 5341 2603 5398 tres
2636 5343 2787 5416 libl'i_
2829 5341 3152 5416 ἐπηράσατο.
3197 5341 3325 5397 [ﬁdit
3362 5345 3600 5416 etReg.

1954 5413 2158 5473 tertius
2186 5413 2532 5489 ἐπηρεασατο,
2564 5422 2741 5489 l'Oclt'.
2770 5413 2997 5468 Ibidem
3031 5419 3284 5485 utraque
3306 5413 3484 5471 editio
3511 5413 3607 5468 οἴει

1951 5486 2466 5559 προσηκόντώςηλΑι
2516 5486 2701 5541 DOSlt‘i
2724 5501 2825 5540 sex
2861 5501 3005 5540 mss.
3041 5489 3390 5557 προσήκοντα,
3424 5503 3608 5543 sensu

1952 5556 2077 5616 non
2104 5556 2405 5614 dissimili.
