4076 6190
551 213 652 276 431

1924 220 1980 278 S.
2022 212 2270 275 BASILII
2307 213 2525 275 MAGNI

3772 228 3863 286 432

552 344 891 418 utiliterque
949 344 1302 419 providisse,
1351 345 1458 420 qui
1502 345 1724 403 scilicet
1760 361 1883 403 non
1915 342 2183 400 admittas

2314 344 2409 393 οῖει
2438 349 2808 417 προσηκόντως
2837 344 3234 420 βεϐουλεῦσθαι,
3288 350 3379 399 καὶ
3441 345 3702 410 λυσιτελῶς
3743 348 3861 404 ἐντε-

552 434 1083 501 condonationcm,
1137 436 1242 492 sed
1293 436 1355 492 in
1393 452 1510 492 sere
1539 432 2128 493 alieno‘immoriaris
2170 430 2199 485 7

552 524 817 580 maxime
848 540 984 581 cum
1017 524 1193 594 scias,
1225 525 1391 597 quod
1416 525 1615 582 decies
1643 524 1804 582 mille
1832 522 2199 580 talentorum

551 613 786 670 debitor
821 618 1181 670 consecutus
1228 613 1439 672 fuisset
1493 613 2028 682 condonationem,
2084 608 2201 665 nisi

549 701 683 774 ipse
706 718 814 775 per
841 719 1017 759 suam
1045 703 1107 758 in
1137 718 1492 760 conservum
1541 702 2047 761 inhumanitatem
2092 714 2198 755 ex-

548 792 846 848 actionem
879 792 942 849 in
974 808 1038 849 se
1064 798 1417 850 renovasset
1444 796 1488 849 ⁶.
1523 793 1698 861 Quod
1726 809 1802 849 ne
1831 791 2009 849 nobis
2040 802 2197 862 quo-

546 896 662 952 que
683 881 919 938 accidat
945 887 1088 955 post
1106 886 1423 956 acceptum
1444 883 1561 940 hoc
1582 894 1825 951 munus,
1851 881 1900 938 si
1918 877 2200 938 debitori-

544 968 663 1025 bus
685 971 901 1026 nostris
922 987 1047 1028 non
1068 971 1467 1041 dimittamus,
1490 972 1852 1043 cavendum,
1877 974 1944 1026 ut
1966 968 2199 1025 donum

545 1057 789 1117 ﬁrmum
819 1061 879 1116 in
911 1061 1087 1117 nobis
1118 1078 1188 1117 ac
1218 1061 1431 1118 stabile
1469 1065 1841 1134 permaneat.

612 1153 665 1205 4.
713 1149 1032 1221 Ingredere
1079 1150 1141 1206 in
1194 1150 1482 1207 conclave
1522 1150 1741 1207 animae
1776 1153 1912 1221 tuae,
1958 1145 2198 1204 revolve

542 1243 1112 1309 gestorumtuorum
1135 1240 1514 1295 memoriam.
1551 1239 1610 1296 Si
1639 1238 1830 1294 multa
1869 1240 2008 1293 sunt
2050 1251 2198 1309 pec-

541 1332 675 1384 cata
699 1332 819 1394 tua,
862 1342 936 1382 nc
966 1326 1254 1399 desperes
1275 1326 1355 1383 ob
1382 1326 1850 1384 multitudinem.
1886 1326 1998 1382 Ubi
2039 1326 2197 1381 enim

540 1417 875 1474 abundavit
921 1416 1229 1486 delictum,
1274 1417 1793 1487 superabundavit
1822 1417 2027 1487 gratia
2048 1416 2070 1450 ⁸
2100 1426 2199 1486 ;εί

537 1506 722 1562 modo
761 1505 1019 1576 gratiam
1069 1505 1384 1579 suscipias.
1438 1506 1684 1563 Multum
1737 1504 1897 1563 enim
1927 1504 2193 1573 debenti,

545 1597 710 1667 117
740 1595 999 1651 multum
1026 1595 1381 1666 remittetur,
1416 1599 1482 1652 ut
1519 1596 1785 1669 amplius
1815 1594 2025 1666 diligat
2056 1611 2069 1651 :
2101 1594 2196 1650 sin

2314 432 2583 502 ουμῆσοαι
2611 439 2729 508 περὶ
2762 444 3001 503 σεαυτοῦ,
3034 439 3088 499 ὅς
3116 455 3175 507 γε
3229 436 3289 488 οὗ
3344 432 3479 508 δέχῃ
3542 440 3629 494 τὴν
3687 438 3863 509 ἄφεσιν,

2309 516 2417 571 ἀλλ’
2483 520 2877 586 ἐναποθνήσκεις
2917 532 3028 587 τοῖς
3056 524 3363 597 (iplagam;
3396 527 3484 575 καί
3525 532 3680 577 ταῦτα
3713 523 3862 593 εἰδὼς,

2308 609 2388 661 ὅτι
2445 611 2470 662 ό
2522 619 2621 663 τῶν
2676 618 2875 687 μυρίων
2914 614 3175 667 ταλάντων
3221 612 3593 688 χρεωφειλέτης
3623 617 3789 686 ἔτυχεν
3814 615 3865 668 ἂν

2306 706 2403 760 τῆς
2453 698 2699 771 ἀφέσεως,
2755 701 2799 755 εἰ
2853 708 2925 775 μή
2983 702 3142 765 αὐτὸς
3192 703 3357 772 ἑαυτῷ
3402 706 3490 760 τήν
3546 702 3794 775 εἴσπραξιν
3820 703 3867 756 ἐκ

2304 795 2403 849 τῆς
2456 792 2588 863 πρὸς
2642 794 2730 842 τὸν
2796 788 3079 864 ὁμόδουλον
3137 790 3509 866 ἀπανθρωπίας
3560 789 3863 847 ἀνενεώσατο.

2305 873 2371 928 Ὀ
2424 881 2512 930 καὶ
2560 880 2684 951 ἡμῖν
2714 879 2992 952 φυλακτέον
3022 885 3092 954 μὴ
3125 882 3386 953 πάθωμεν,
3419 876 3622 933 ἐπειδὰν
3651 889 3740 943 τῆς
3773 883 3869 953 χά·

2304 984 2446 1038 ριτος
2516 970 2777 1042 τύχωμεν,
2845 975 2916 1043 μή
2978 969 3206 1043 ἀφιέντες
3271 972 3384 1033 (84)
3449 976 3558 1031 τοῖς
3616 969 3870 1042 ὀφειλέταις

2310 1057 2473 1128 ἡμῶν,
2508 1058 2588 1109 ἶνα
2615 1056 2826 1130 βέϐαιον
2852 1061 2976 1132 ἡμῖν
3005 1063 3294 1132 παραμείνῃ
3335 1062 3392 1110 τό
3426 1054 3609 1132 δῶρον.

2376 1148 2429 1199 4.
2456 1145 2663 1199 Εἰσελοε
2690 1147 2759 1208 εἰς
2782 1151 2840 1200 τό
2861 1153 3092 1221 ταμιεῖόν
3113 1167 3206 1200 σου
3233 1155 3328 1208 τῆς
3355 1146 3562 1218 ψυχῆς,
3589 1144 3872 1204 ἀνακίνήσόν

2309 1253 2404 1287 σου
2442 1244 2541 1288 τῶν
2599 1240 2968 1310 πεπραγμένων
3028 1241 3122 1295 τὴν
3176 1256 3405 1310 μνήμην.
3472 1235 3532 1288 Εἰ
3584 1237 3671 1307 μεν
3732 1236 3876 1288 πολλά

2309 1327 2402 1377 σού
2461 1324 2572 1377 ἐστι
2622 1328 2687 1378 τα
2743 1326 3115 1401 ἁμαρτήματα,
3171 1331 3240 1399 μὴ
3289 1325 3667 1399 ἀθυμήσῃςτῴ
3694 1324 3874 1383 πλήθει’

2303 1421 2469 1467 Ὅπου
2525 1418 2626 1489 γὰρ
2695 1413 2990 1468 ἐπλεόνασεν
3052 1417 3082 1473 ἠ
3143 1416 3394 1489 ἁμαρτία,
3462 1417 3877 1489 ὑπερεπερίσσευ-

2307 1522 2390 1557 σεν
2430 1506 2459 1563 ἡ
2519 1507 2703 1580 χάρις,
2763 1503 2846 1556 ἐὰν
2878 1501 3017 1578 δέχῃ
3060 1509 3152 1564 τήν
3182 1507 3366 1579 χάριν·
3406 1513 3479 1575 τῷ
3517 1506 3618 1577 γὰρ
3649 1501 3880 1575 ὀφείλοντι

2303 1593 2432 1646 πολὺ
2460 1593 2590 1645 πολὺ
2616 1597 2705 1644 καὶ
2736 1592 3068 1665 ἀφεθήσεται,
3104 1595 3186 1645 ἶνα
3213 1598 3583 1668 περισσότερον
3622 1590 3877 1664 ἀγαπήσῃ.

538 1689 740 1742 autem
792 1699 983 1757 parva
1032 1700 1104 1740 ac
1145 1684 1324 1754 levia,
1374 1700 1486 1741 nec
1525 1685 1606 1741 ad
1644 1685 1941 1741 mortem"
1976 1681 2183 1739 fuerint

2306 1682 2365 1734 Εἰ
2413 1679 2472 1736 δὲ
2527 1685 2690 1755 μικρά
2740 1686 2830 1735 καὶ
2859 1682 3055 1750 εὐτελῆ,
3087 1686 3177 1735 καὶ
3215 1681 3274 1734 οὗ
3312 1684 3443 1755 πρὸς
3477 1683 3692 1734 θάνατόν
3715 1698 3803 1732 σου
3826 1680 3883 1730 τὰ

537 1776 788 1846 peccata
813 1778 915 1829 tua
944 1791 957 1842 ;
987 1788 1093 1829 cur
1113 1773 1333 1830 anxius
1365 1788 1430 1828 es
1475 1773 1551 1829 de
1592 1773 1814 1841 futuro,
1870 1772 1977 1845 qui
2026 1770 2195 1827 haud

536 1862 754 1933 ignave
785 1862 1085 1934 praeterita
1105 1862 1420 1934 pertuleris
1454 1880 1467 1931 ;
1500 1862 1705 1935 idque,
1751 1878 1892 1917 cum
1931 1860 2193 1917 necdum

538 1967 703 2008 esses
730 1950 861 2022 lege
886 1951 1211 2008 instructus
1240 1952 1268 2007 ?
1298 1955 1466 2008 Nunc
1494 1957 1643 2024 puta
1666 1950 1831 2008 velut
1874 1951 1937 2006 in
1968 1950 2194 2007 trutina

538 2040 807 2098 animam
836 2049 1002 2097 tuam
1025 2040 1313 2113 appendi,
1330 2040 1472 2097 hinc
1494 2041 1572 2097 ab
1583 2040 1832 2111 angelis,
1857 2040 1997 2097 hinc
2018 2055 2055 2097 a
2073 2039 2195 2095 dae-

537 2129 823 2187 monibus
866 2134 1204 2187 attractam.
1256 2131 1430 2196 Utris,
1489 2146 1719 2203 quasso,
1778 2130 1956 2186 dabis
1995 2128 2193 2186 cordis

537 2224 918 2277 momentum
942 2222 970 2276 ?
994 2220 1144 2285 Quid
1174 2218 1343 2292 apud
1372 2224 1426 2276 te
1475 2221 1672 2276 vincet
1707 2220 1735 2274 ‘I
1764 2219 2046 2292 voluptas
2069 2232 2193 2274 car-

538 2309 657 2375 nis,
689 2326 767 2366 an
795 2309 1013 2366 anima:
1044 2308 1452 2365 sanctimonia
1470 2309 1902 2382 ‘Iprtesentium
1931 2307 2197 2365 oblectas

539 2398 643 2470 tio,
693 2414 773 2455 an
824 2398 1163 2455 futurorum
1217 2398 1584 2455 desiderium
1605 2399 1633 2454 ?
1654 2398 1943 2469 Angeline
1971 2401 2028 2454 te
2057 2413 2190 2453 sus-

540 2487 781 2561 cipient,
812 2503 892 2544 an
917 2486 1273 2544 detinebant
1299 2487 1403 2559 qui
1431 2487 1555 2560 iam
1576 2491 1778 2543 tenent
1803 2487 1831 2543 ?
1848 2491 1912 2543 In
1934 2487 2060 2543 acie
2077 2486 2191 2542 du-

541 2593 642 2633 ces
675 2582 963 2633 tesseram
993 2576 1266 2633 tribuunt
1288 2576 1403 2655 sub
1435 2591 1497 2632 se
1544 2575 1962 2643 militantibus,
2021 2579 2088 2632 ut
2134 2579 2192 2631 et

540 2665 718 2722 amici
744 2664 916 2721 facile
948 2681 1011 2721 se
1049 2665 1307 2721 invicem
1328 2665 1677 2731 inclament,
1707 2668 1765 2721 et
1794 2665 1843 2720 si
1869 2664 1932 2720 in
1976 2662 2191 2720 confli-

542 2758 642 2810 ctu
689 2753 908 2810 fuerint
949 2769 1088 2809 cum
1134 2752 1410 2809 hostibus
1441 2753 1764 2823 commisti,
1789 2756 2016 2826 queant
2044 2753 2192 2809 citra

541 2840 960 2899 confusionem
989 2840 1242 2913 sejungi.
1271 2841 1567 2911 Agnoscct
1597 2846 1651 2898 te
1681 2857 1883 2908 nemo,
1908 2844 2190 2897 nosterne

542 2930 646 2999 sis,
679 2946 758 2986 an
778 2930 1068 2998 hostium,
1093 2929 1211 2985 nisi
1236 2930 1505 3002 mysticis
1556 2929 1743 3000 signis
1793 2928 2188 2986 necessitudi-

2303 1772 2674 1846 ἁμαρτήματα,
2741 1775 2790 1824 τί
2836 1772 3060 1843 ἀγωνιᾷς
3120 1775 3178 1824 τό
3222 1770 3420 1844 μέλλον,
3458 1772 3512 1832 ὅς
3540 1789 3601 1842 γε
3636 1769 3728 1822 οὐκ
3756 1766 3882 1839 ἀγεν-

2301 1869 2400 1923 νῶς
2453 1863 2520 1913 τά
2570 1860 2890 1934 παρελθόντα
2944 1857 3241 1933 διήνεγκας,
3292 1864 3383 1912 καὶ
3432 1867 3607 1912 ταῦτα
3661 1864 3798 1910 οῦπω
3821 1852 3885 1926 τῷ

2300 1954 2440 2023 νόμῳ
2485 1945 2983 2021 παιδάγωγούμενος
3042 1964 3057 2015 ;
3104 1955 3212 2000 Νῦν
3268 1947 3446 2020 ὣσπερ
3506 1944 3593 1999 ἐπὶ
3646 1946 3886 2019 τρυτάνης

2303 2039 2514 2092 ἑστάναι
2564 2038 2744 2108 νόμιζέ
2798 2057 2892 2090 σου
2956 2040 3046 2095 τήν
3101 2036 3308 2109 ψυχήν,
3363 2038 3505 2089 ἔνθεν
3531 2034 3618 2087 ὑπ’
3655 2032 3886 2105 ἀγγέλων,

2301 2127 2533 2181 κάκεῖθεν
2559 2128 2658 2179 ὑπὸ
2682 2123 2941 2200 δαιμόνων
2981 2123 3329 2199 διελκομένην.
3361 2130 3519 2179 Τίσιν
3568 2126 3673 2199 ἄρα
3715 2120 3889 2183 δώσεις

2302 2222 2395 2275 τήν
2440 2218 2599 2292 ῥοπήν
2641 2221 2729 2274 τήν
2754 2211 2989 2290 καρδίας,
3014 2232 3028 2283 ;
3050 2220 3113 2267 Τί
3146 2216 3289 2289 παρά
3329 2218 3413 2266 σοὶ
3450 2218 3659 2272 νικήσει
3690 2230 3704 2280 ;
3736 2207 3887 2269 ἠδονὴ

2304 2310 2514 2382 σαρκός,
2550 2310 2578 2364 ﬁ
2607 2305 2872 2377 ἁγιασμὸς
2907 2304 3132 2375 ψυχῆς
3166 2302 3465 2365 ἀπόλαυσις
3495 2310 3599 2356 τῶν
3640 2304 3893 2373 παρόντων

2300 2396 2330 2455 ᾖ
2371 2404 2471 2447 τῶν
2511 2393 2792 2465 μελλόντων
2844 2392 3096 2466 ἐπιθυμία
3129 2409 3143 2460 ;
3174 2391 3420 2464 ’Ἂγγελοί
3481 2411 3542 2444 σε
3568 2387 3897 2466 rapax-6.4,“.

2300 2503 2408 2552 ται,
2462 2487 2491 2541 ἦ
2543 2483 2851 2545 καθέξουσιν
2891 2484 2940 2534 οἱ
2996 2485 3306 2554 κατέχοντες
3350 2497 3363 2546 ;
3415 2480 3542 2535 Ἐπὶ
3569 2478 3896 2554 παρατάξεως

2300 2575 2349 2625 οἱ
2380 2576 2668 2646 στρατηγοὶ
2723 2575 2781 2624 τὸ
2840 2572 3080 2644 σύνθημα
3110 2577 3217 2630 τοῖς
3246 2569 3334 2622 ὑπ’
3366 2570 3565 2631 αὐτοὺς
3596 2569 3706 2639 (85)
3736 2564 3895 2619 διανέ-

2299 2681 2508 2734 μουσιν,
2543 2663 2625 2713 ἱνα
2648 2664 2739 2713 καὶ
2770 2660 2819 2713 οὶ
2845 2660 2981 2732 φίλοι
3009 2656 3210 2733 ῥᾳδίως
3241 2656 3501 2719 ἀλλήλους
3532 2656 3894 2720 ἐνακαλῶνται,

2298 2757 2387 2805 καὶ
2417 2755 2547 2827 πρὸς
2575 2755 2694 2813 τοὺς
2725 2750 3002 2815 ἐναντιους,
3036 2748 3121 2801 ἐὰν
3151 2748 3200 2800 ἐν
3226 2756 3342 2811 ταῖς
3392 2747 3731 2822 συμπλοκαῖς
3776 2743 3895 2798 ἀνα·-

2298 2844 2588 2915 μιχθῶσιν,
2646 2841 2883 2915 εὐκρινὴς
2933 2836 3155 2897 δύνηται
3206 2839 3475 2913 ὑπάρχειν
3533 2839 3560 2890 ὁ
3604 2838 3896 2910 χωρισμός.

2299 2928 2488 2990 Οὐδεὶς
2535 2929 2876 3002 ἐπιγνώσεταί
2930 2947 3005 2996 σε,
3064 2927 3107 2980 εἰ
3154 2928 3407 3000 ἡμέτερος
3456 2923 3522 2991 εἶ,
3577 2929 3608 2985 ἣ
3669 2933 3769 2978 τῶν
3811 2925 3899 2976 ὑπ’

539 3035 681 3077 nem
711 3018 1186 3092 afﬁnitatemque
1210 3018 1563 3091 ostenderis,
1610 3019 1725 3075 nisi
1768 3018 2073 3089 signatum
2117 3019 2183 3075 sit

2298 3024 2552 3086 εναντίων,
2609 3018 2692 3071 ἐάν
2738 3022 2810 3091 μή
2860 3025 2972 3087 τοῖς
3000 3023 3279 3090 μυστικοῖς
3318 3014 3619 3087 συμϐόλοις
3645 3014 3899 3089 παράσχῃ

542 3123 726 3181 super
754 3112 810 3166 te
839 3106 1044 3163 lumen
1068 3107 1267 3164 vultus
1314 3108 1548 3165 Domini
1576 3109 1618 3164 ⁸.
1653 3107 1971 3174 Quomodo
1996 3108 2189 3164 vindi-

540 3197 698 3255 cabit
722 3202 776 3254 te
792 3197 1042 3268 angelus
1061 3198 1089 3253 ‘I
1109 3198 1418 3270 quomodo
1438 3198 1649 3270 eripiet
1666 3214 1739 3254 ex
1750 3197 2042 3267 hostibus,
2073 3196 2188 3254 nisi

539 3285 852 3357 agnoverit
870 3286 1246 3357 signaculum
1279 3287 1307 3341 Ἰ
1338 3286 1654 3352 Quomodo
1679 3287 1948 3344 dicturus
1987 3303 2051 3343 es
2098 3290 2182 3357 tu,

538 3376 642 3432 Dei
670 3391 829 3444 sum,
860 3375 910 3430 si
938 3379 1114 3432 notas
1147 3391 1218 3431 ac
1244 3375 1505 3446 insignia
1538 3391 1662 3432 non
1718 3377 2008 3433 exhibeas
2036 3377 2066 3433 ?
2096 3380 2185 3432 An

536 3460 799 3535 ignoras,
830 3462 1354 3520 exterminatorem
1384 3464 1603 3521 domos
1632 3465 1899 3537 signatas
1944 3468 2185 3537 praeter-

533 3555 692 3627 iisse,
721 3554 783 3610 in
805 3554 901 3611 his
923 3570 1067 3611 vero
1097 3571 1234 3628 quae
1266 3555 1519 3625 signatae
1544 3570 1669 3612 non
1708 3560 1897 3627 erant,
1949 3556 2182 3628 primo-

534 3645 737 3718 genita
756 3643 1047 3701 occidisse
1067 3646 1088 3680 θ
1114 3645 1143 3700 ‘2
1182 3643 1529 3700 Thesaurus
1560 3660 1684 3701 non
1706 3644 2061 3717 obsignatus
2085 3646 2180 3703 di-

532 3734 642 3807 ripi
670 3750 707 3791 a
731 3733 968 3791 furibus
989 3733 1161 3790 facile
1191 3737 1391 3807 potest
1420 3750 1433 3791 :
1462 3734 1564 3791 ovi
1593 3735 1768 3806 signo
1798 3735 2027 3792 carenti
2054 3740 2179 3793 tuto

531 3826 844 3880 struuntur
868 3822 1122 3879 insidim.

605 3917 657 3970 5.
687 3912 934 3969 Juvenis
994 3928 1058 3969 es
1086 3913 1115 3969 ?
1137 3912 1340 3969 Retine
1382 3911 1757 3984 juventutem
1796 3914 2180 3989 baptismatis

514 4001 723 4060 'freno.
748 3999 1003 4059 Transiit
1031 4000 1146 4056 ﬂos
1167 4001 1359 4057 aetatis
1381 4001 1409 4055 ‘I
1434 4002 1587 4059 Cave
1625 4002 1835 4059 feceris
1861 4004 2057 4060 viatici
2080 4005 2179 4076 ja-

530 4097 785 4155 cturam,
820 4104 965 4147 cave
990 4089 1268 4146 amiseris
1284 4090 1746 4159 munimentum,
1779 4107 1926 4150 cave
1954 4094 2179 4164 cogites

530 4182 605 4238 de
642 4180 966 4237 undecima
985 4179 1137 4236 hora
1169 4178 1330 4235 velut
1358 4178 1434 4234 de
1462 4178 1662 4251 prima
1685 4182 1730 4217 ¹⁰
1761 4198 1774 4236 :
1800 4183 2181 4256 quandoqui-

2293 3113 2387 3167 τὴν
2417 3108 2729 3175 οἰκειότητα,
2780 3105 2867 3160 ἐὰν
2915 3110 2985 3178 μὴ
3046 3105 3311 3178 σημειωοῇ
3362 3104 3454 3158 ἐπὶ
3490 3105 3550 3156 σὲ
3581 3105 3642 3157 τό
3685 3109 3789 3175 φῶς
3816 3106 3900 3152 τοῦ

2293 3206 2575 3272 προσώπου
2626 3202 2844 3271 Κυρίου.
2897 3202 3039 3258 Πῶς
3067 3194 3378 3265 ἀντιποιηθῇ
3449 3212 3550 3246 σου
3593 3193 3621 3245 ό
3653 3190 3903 3265 ἅγγελος

2292 3296 2404 3349 πῶς
2459 3284 2518 3340 δὲ
2574 3285 2825 3359 ἀφέληται
2880 3293 2979 3338 τῶν
3036 3284 3265 3359 ἐχθρῶν,
3315 3280 3406 3334 ἐὰν
3467 3288 3543 3356 μὴ
3579 3281 3778 3354 ἐπιγνῷ
3815 3282 3904 3336 τήν

2296 3374 2567 3452 σφραγῖδα
2610 3393 2623 3443 ;
2670 3384 2791 3439 Πῶς
2841 3372 2900 3428 δε
2945 3378 3010 3427 σὺ
3041 3374 3192 3448 ἐρεῖς,
3218 3378 3323 3425 Τοῦ
3359 3379 3505 3426 Θεοῦ
3533 3372 3666 3445 εἰμι,
3691 3375 3762 3445 μή
3795 3367 3906 3421 ἐπι-

2294 3473 2564 3541 φερόμενος
2637 3468 2703 3518 τὰ
2769 3468 3112 3538 γνωρίσματα
3165 3479 3181 3530 ς
3238 3460 3308 3514 Ἠ
3380 3460 3619 3533 ἀγνοεῖς,
3690 3461 3773 3512 ὅτι
3818 3458 3908 3517 τὰς

2292 3557 2704 3633 ἐσφραγισμένας
2758 3556 2926 3615 οἰκίας
2992 3554 3016 3604 ό
3073 3551 3392 3625 όλοθρεντής
3444 3549 3805 3624 ὑπερέϐαινεν,
3859 3543 3906 3597 ἐν

2291 3643 2349 3699 δὲ
2403 3653 2517 3707 ταῖς
2571 3643 2951 3717 ἀσφραγίστοις
3006 3643 3305 3713 κατεφόνευε
3386 3641 3461 3693 τὰ
3514 3641 3834 3714 πρωτότοκα
3892 3649 3906 3700 ;

2303 3737 2671 3810 Ασφραγιστος
2766 3733 3027 3806 θησαυρός
3117 3729 3535 3803 εὐεπιχείρητος
3626 3727 3904 3785 κλέπταις·

2287 3825 2544 3901 πρόϐατον
2566 3823 2891 3896 ἀσήμείωτον
2923 3815 3212 3880 ἀκινδύνως
3241 3816 3674 3873 ἐπιϐουλεύεται.

2361 3921 2411 3971 5.
2434 3917 2562 3975 Νέος
2591 3910 2675 3981 εἷς
2717 3907 3013 3983 ἀσφαλισαι
3034 3912 3129 3966 τήν
3166 3911 3391 3965 νεότητα
3422 3915 3503 3979 τῷ
3564 3914 3663 3960 τοῦ
3713 3904 3909 3980 βαπτί-

2290 4023 2488 4079 σματος
2532 4002 2751 4076 χαλινῷ.
2807 3996 3154 4071 Παράὸραμεν
3209 3999 3238 4055 ἡ
3275 3995 3425 4071 ἀκμή
3469 4003 3597 4071 ςμὴ
3636 3996 3913 4070 ζημιωθῇς

2287 4099 2353 4149 τὰ
2383 4092 2508 4168 ἐφόδ
2515 4115 2585 4160 ια,
2616 4097 2686 4166 μή
2721 4090 2980 4162 ἀπολέσῃς
3008 4092 3065 4141 τό
3098 4086 3460 4162 φυλακτήριον
3492 4089 3642 4158 (86),
3676 4091 3750 4159 μὴ
3802 4086 3912 4157 περὶ

2287 4194 2379 4249 τῆς
2427 4182 2705 4244 ἑνδεκάτης
2757 4190 2894 4254 ὠρας
2941 4182 3009 4239 ὡς
3052 4182 3169 4252 περὶ
3212 4182 3437 4249 πρώτης
3500 4174 3754 4231 διανοοῦο
3788 4175 3912 4227 ὃπου

529 4280 670 4327 dem
723 4274 782 4327 et
832 4286 971 4327 eum
1015 4269 1123 4343 qui
1163 4269 1292 4340 jam
1346 4268 1613 4341 primum
1640 4271 1834 4326 editur
1863 4272 1925 4327 in
1954 4272 2173 4342 lucem,

2295 4294 2343 4347 γε
2386 4276 2639 4348 προσήκει
2676 4273 2762 4321 καὶ
2819 4272 2904 4319 τόν
2956 4265 3242 4337 ἀρχόμενον
3284 4283 3383 4316 του
3432 4264 3567 4337 βίου
3617 4264 3670 4316 ἐν
3730 4258 3912 4333 ὀφθαλ-

527 4363 789 4415 mortem
808 4358 888 4415 ob
918 4359 1124 4415 oculos
1146 4358 1372 4415 habere
1393 4359 1691 4415 convenit.
1727 4360 1783 4416 Si
1812 4361 1950 4433 quis
1991 4363 2174 4418 medi-

529 4463 634 4503 cus
664 4447 1034 4520 promitteret
1058 4446 1186 4516 tibi,
1208 4462 1271 4503 se
1297 4447 1529 4504 artibus
1546 4448 1917 4521 quibusdam
1961 4467 2033 4508 ac
2077 4453 2173 4509 in-

598 4572 620 4607 δ
659 4569 862 4644 Matth.
888 4587 1042 4638 xvm,
1075 4573 1143 4627 24
1171 4586 1306 4644 sqq.
1383 4573 1404 4608 δ
1439 4574 1610 4628 Rom.
1662 4589 1716 4631 γ.
1776 4578 1864 4631 20.

524 4660 619 4711 xx,
654 4643 741 4698 12.

594 4772 684 4844 (84
706 4765 878 4844 Illud,
908 4768 1050 4844 dmi
1080 4767 1202 4838 ἡμῖν
1228 4765 1506 4844 φυλακτέον
1536 4771 1606 4844 μὴ
1640 4770 1902 4844 παρωμεν,
1923 4842 1931 4844 _
1954 4769 2162 4826 ἐπειδὰν

643 4843 866 4915 χάριτος
895 4837 1157 4915 τέχωμεν,
1284 4837 1510 4915 αςνιέντες
1530 4837 1662 4915 ἀξία..
1683 4840 1767 4895 sic
1788 4837 1961 4915 νοτιίῐ
1985 4844 2164 4900 inter-

518 4909 881 4986 pres'v'etut:
911 4909 1077 4986 Quod
1096 4924 1170 4986 ne
1186 4910 1517 4986 patiantur,
1538 4910 1764 4979 fratres
1789 4914 2163 4972 dilectissimi

517 4980 881 5055 inagnopcre
924 4980 1523 5055 anz‘madverteadam
1567 4989 1953 5055 posteaquam
2002 4987 2161 5044 hanc

516 5052 779 5127 gratiam
802 5053 1011 5127 adepti
1022 5067 1244 5120 smnus,
1266 5053 1369 5107 sed
1396 5052 1764 5127 debitoribus
1784 5052 2025 5112 'nostris
2068 5073 2158 5114 re-

515 5125 944 5200 ﬁnitlamus,_ut
972 5125 1214 5192 ﬁrmam
1235 5128 1348 5200 etc.
1380 5127 1457 5179 tta
1483 5129 1683 5200 autem
1731 5126 2156 5200 interpretandi

513 5198 644 5256 haec
670 5197 744 5263 ei,
773 5194 1008 5269 opinor,
1042 5210 1227 5269 causa
1249 5194 1373 5269 fuit,
1402 5194 1569 5266 quod
1624 5195 1741 5252 hoc
1789 5194 1921 5253 loco
1975 5214 2156 5255 vocus

510 5277 633 5341 tam
675 5274 744 5341 μή
798 5266 1119 5341 commode
1170 5266 1505 5337 exprimere
1545 5282 1668 5323 non
1715 5273 1935 5341 posset.
2017 5270 2154 5326 Mox

511 5339 634 5394 duo
662 5339 817 5411 mss.
836 5340 967 5411 ἡμῖν
991 5342 1281 5411 παραμένῃ.

582 5412 693 5484 (85)
721 5397 909 5484 Editio
939 5397 1245 5484 Daris.'br_:‘
1275 5411 1481 5484 αὐτοῖς.
1505 5413 1574 5465 At
1600 5410 1868 5484 quinque
1896 5412 2149 5484 mss‘z'm’

509 5478 710 5555 αςὶτονς.
743 5479 914 5555 Quod
944 5478 1168 5555 ibide
1191 5479 1432 5555 legitur,
1464 5482 1545 5555 ἵνα
1573 5478 1726 5533 καὶοὶ
1767 5478 1902 5554 ξιίλοι
1950 5479 2149 5555 ῥαδίως

510 5551 757 5614 ἀλλήλους
782 5549 1158 5617 άνακαλῶνται,
1187 5550 1247 5605 id
1289 5553 1372 5607 ita
1400 5552 1571 5609 vertit
1602 5549 1873 5621 Ducaa'us,
1918 5549 2151 5611 Billium

1943 4577 1963 4611 ⁷
1998 4580 2036 4633 ῐ.
2067 4579 2237 4648 Joan,
2270 4594 2335 4635 γ.
2373 4580 2456 4635 l7.

2283 4372 2402 4437 μοῖς
2441 4366 2580 4434 ἔχειν
2626 4364 2720 4418 τήν
2770 4356 3030 4414 τελευτήν.
3086 4357 3145 4405 Εἴ
3181 4373 3261 4414 τις
3289 4353 3494 4428 ἰατρῶν
3565 4349 3913 4424 ἐπηγγέλλετό

2287 4472 2371 4505 σοι
2427 4456 2694 4525 μηχαναῖς
2746 4465 2859 4499 τισι
2905 4447 2993 4498 καὶ
3024 4443 3272 4503 ἐπινοίαις
3300 4445 3419 4495 νέον
3463 4448 3723 4501 ποιήσειν
3750 4440 3809 4492 ἐκ
3836 4442 3914 4509 γέ-

2536 4574 2556 4609 ‘
2588 4571 2737 4630 Psal.
2780 4586 2857 4636 ιτ,
2884 4574 2937 4625 7.
3014 4570 3035 4604 9
3068 4566 3257 4625 Exod.
3294 4583 3411 4635 xu,
3443 4575 3546 4631 ‘23.
3635 4568 3653 4604 ¹
3680 4563 3913 4624 °Matth.

2272 4776 2534 4840 secutus,
2570 4777 2632 4828 ut
2656 4777 2709 4829 et
2730 4769 2912 4827 amici
2927 4782 3048 4825 sese
3067 4766 3324 4840 invicem
3342 4766 3554 4837 facile
3591 4778 3871 4830 revocent
3899 4788 3911 4827 :

2270 4861 2470 4921 _q_uam_
2491 4837 2759 4921 virorum
2774 4839 3280 4921 doctissimorum
3309 4837 3914 4921 interpretationem

2268 4911 2366 4972 Hic
2398 4915 2742 4971 addendam
2766 4911 3200 4986 judicavimus,
3222 4913 3287 4963 ut
3312 4911 3368 4964 si
3391 4911 3690 4984 cuipiam
3717 4914 3915 4986 magis

2268 4987 2645 5059 probaretur,
2673 5000 2744 5059 ea
2770 4982 2859 5059 uti
2881 4982 3098 5059 liceret.

2335 5056 2451 5129 (86)
2479 5054 2897 5129 Gombeﬁsius,
2933 5052 3508 5129 cui‘interpretatio
3565 5060 3751 5113 vetus
3791 5074 3915 5115 non

2265 5122 2508 5209 placuit,
2540 5127 2667 5209 hth
2694 5122 2897 5209 verba,
2923 5130 2991 5197 μή
3292 5127 3359 5175 τό
3386 5125 3794 5209 φυλακτήριον,
3836 5131 3919 5189 ita.

2263 5196 2690 5274 interpretatus
2706 5202 2818 5274 est,
2835 5196 3158 5274 Ne_s_alatis
3175 5201 3417 5274 pignus
3447 5196 3914 5274 agnise'riszquze

2260 5266 2694 5342 interpretandi
2714 5269 2862 5324 ratio
2884 5266 3282 5342 videripotest
3301 5267 3626 5342 quaedam
3650 5266 3917 5331 esse-de-

2262 5336 2507 5412 clara'tio
2532 5339 2853 5412 verborum
2885 5336 3109 5412 Basilii,
3158 5351 3281 5412 non
3333 5336 3627 5412 Simplex
3671 5360 3916 5403 eorum.

2260 5411 2399 5489 dem
2454 5411 2900 5489 interpretatio.
2932 5408 3101 5463 llaud
3157 5407 3342 5475 longe
3367 5407 3611 5468 vocem
3663 5418 3811 5489 ὧρας
3843 5436 3915 5474 ex

2261 5484 2426 5540 Coll).
2460 5480 2657 5557 prim—0
2699 5480 3072 5538 addidimus.
3249 5498 3255 5505 ·
