4076 6190
220 337 325 397 433

1292 325 1587 389 HOMILIA
1630 326 1698 382 IN
1739 318 2063 381 SANCTUM
2115 324 2476 385 BAPTISMA.

2910 376 2949 401 ρ
3463 328 3573 391 434

222 482 417 540 ροντος,
447 460 542 517 οὐκ
592 458 652 513 ἂν
708 460 1035 533 ἐπεθύμησας
1082 458 1239 513 ἐλθεῖν
1293 455 1485 514 ἐκείνην
1536 456 1628 511 τὴν
1675 452 1808 524 ἠμέ-

1926 448 2153 509 dustria
2176 453 2462 524 juvenem
2493 457 2547 510 te
2577 468 2651 510 ex
2682 468 2824 511 sene
2852 451 3153 512 facturum
3184 471 3335 529 esse,
3371 472 3573 516 nonne

219 574 336 629 ραν,
396 552 446 605 ἐν
495 554 526 625 ᾖ
581 555 788 604 σεαυτὸν
846 553 970 625 ὁρᾷν
1028 549 1218 623 ἔμελλες
1273 551 1400 623 πρὸς
1457 544 1626 616 ἀκμὴν
1679 543 1810 593 ὑπο-

224 642 681 718 στρέφονταωης
723 637 934 698 Ἐπειδὴ
991 636 1049 692 δὲ
1095 644 1189 697 τὴν
1232 638 1418 709 ψυχήν
1470 653 1563 687 σου
1615 629 1813 683 ἀναθα-

218 731 400 790 λήσειν
425 729 787 803 ἐπαγγέλλεταί
820 748 905 782 σοι
928 731 984 781 τὸ
1021 726 1321 801 βάπτίσμα,
1354 726 1416 785 ἢν
1459 726 1523 776 σὺ
1554 719 1815 774 ἐπαλαίω-

220 839 339 887 σας,
396 824 487 872 καὶ
544 820 710 893 ῥυσήν
771 818 931 877 αὐτὴν
988 817 1099 887 (88)
1149 816 1204 868 ἐκ
1259 822 1359 868 τῶν
1421 811 1663 884 ἀνομιῶν,
1727 811 1817 860 καὶ

217 908 572 982 ἕσπιλωμένην
632 903 923 974 ἀπέδειξας,
980 912 1308 980 καταφρονεῖς
1373 909 1465 956 τοῦ
1532 899 1823 975 εὐεργέτου,

214 1004 311 1051 καὶ
362 998 419 1052 οὗ
468 1001 807 1071 προστρέχεις
851 1004 925 1067 τῷ
978 995 1347 1068 ἐπαγγέλματα
1398 991 1509 1045 Οὐκ
1557 989 1819 1059 ἐπιθυμεῖς

219 1084 360 1140 ἰδεῖν
412 1091 462 1139 τί
496 1107 551 1138 το
590 1091 724 1160 μέγα
776 1088 953 1159 θαῦμα
1001 1093 1091 1146 τῆς
1141 1086 1516 1155 {inermia-am;
1558 1087 1662 1138 πῶς
1701 1077 1818 1129 ἄνευ

214 1180 421 1252 μητρὸς
470 1174 798 1247 ἀναγεννᾶται
849 1176 1137 1247 ἄνθρωπος,
1187 1181 1299 1234 πῶς
1366 1173 1392 1223 ὀ
1444 1168 1820 1238 παλαιούμενος

212 1270 310 1317 καὶ
383 1267 701 1338 φθειρόμενος
764 1267 896 1316 κατά
959 1266 1052 1325 τὰς
1118 1262 1393 1334 ἐπιθυμίας
1466 1265 1558 1318 τῆς
1620 1255 1822 1313 ἀπάτης

214 1360 427 1428 σφριγᾷ
466 1353 634 1421 πάλιν,
675 1358 765 1405 καὶ
803 1351 990 1423 ἀνηϐᾷ,
1038 1356 1127 1404 καὶ
1179 1350 1245 1411 εἰς
1291 1352 1347 1402 τὸ
1394 1347 1634 1405 ἀληθινὸν
1664 1344 1821 1402 (ἄνθος

212 1451 320 1506 τῆς
389 1446 619 1504 νεότητος
690 1441 1073 1517 ἐπανέρχεται;
1137 1443 1414 1511 Βάπτισμα
1470 1433 1821 1509 αἰχμαλώτοις

210 1531 429 1606 λύτρον,
460 1530 765 1603 ὀφληιιάτων
794 1532 1000 1603 ἄφεσις,
1049 1530 1266 1592 θάνατος
1317 1527 1593 1601 ἁμαρτίας,
1624 1522 1820 1593 παλιγ-

212 1624 437 1693 γενεσία
488 1620 688 1691 ψυχῆς,
755 1616 958 1692 ἔνδυμα
1018 1620 1278 1691 φωτεινόν,
1347 1617 1569 1691 σφραγὶς
1639 1610 1820 1665 ἀνεπι-

212 1715 490 1784 χείρητος,
532 1713 717 1782 ὄχήμα
768 1711 898 1783 πρὸς
945 1707 1178 1782 οὐρανὸν,
1232 1703 1506 1779 βασιλείας
1556 1700 1819 1777 πρόξενον,

1920 540 2292 599 desiderares
2321 544 2485 601 illam
2513 543 2725 601 adesse
2751 543 2932 613 diem,
2963 544 3027 600 in
3056 561 3179 617 qua
3209 547 3467 621 teipsum
3493 549 3578 605 vi-

1923 645 2100 686 surus
2122 647 2283 688 esses
2298 633 2374 690 ad
2397 632 2586 689 aetatis
2607 632 2869 703 vigorem
2915 637 3254 692 reversum?
3291 637 3407 693 Sed
3436 654 3577 695 cum

1921 718 2262 792 baptismus
2314 721 2613 778 facturum
2661 737 2725 778 se
2756 722 3016 794 spondet
3044 739 3114 780 ac
3142 725 3471 799 pollicetur,
3514 729 3580 784 ut

1926 808 2130 866 anima
2159 814 2258 868 tua
2284 827 2472 883 quam
2491 814 2783 868 vetustate
2810 811 3134 884 confecisti,
3155 830 3226 870 ac
3254 814 3580 888 iniquitati-

1925 897 2043 953 bus
2068 914 2357 969 rugosam
2383 900 2878 973 maculosamque
2906 901 3237 969 reddidisti,
3271 904 3350 959 ad
3380 903 3580 976 pristi-

1926 1003 2076 1044 num
2126 987 2339 1045 ﬂorem
2391 990 2630 1047 redeat:
2692 990 3034 1064 aspernaris
3081 992 3579 1064 benefacientem,

1927 1092 2040 1134 nec
2069 1078 2329 1135 accurris
2369 1079 2448 1135 ad
2493 1079 2983 1151 promissionem.
3044 1084 3207 1138 Itane
3259 1098 3400 1139 vero
3450 1099 3581 1139 ma-

1926 1182 2119 1238 gnum
2146 1167 2593 1241 pollicitationis
2624 1169 2981 1225 miraculum
3003 1169 3203 1226 videre
3234 1186 3356 1228 non
3377 1172 3584 1244 cupis?

1928 1256 2239 1329 quomodo
2260 1258 2388 1314 sine
2417 1260 2608 1314 matre
2627 1262 3010 1329 regeneretur
3036 1258 3251 1315 homo?
3271 1260 3584 1332 quomodo

1926 1346 2291 1404 inveteratus
2343 1349 2401 1404 et
2446 1347 2663 1404 erroris
2715 1346 3090 1403 desideriis“
3126 1353 3462 1421 corruptus,
3494 1349 3584 1406 vi-

1930 1437 2847 1510 geatrursusﬁrepubescatque,
2878 1440 2936 1493 et
2962 1435 3043 1494 ad
3061 1453 3270 1493 verum
3295 1437 3586 1509 juventu-

1929 1525 2005 1581 tis
2036 1525 2249 1583 ﬂorem
2290 1526 2671 1584 revertatur?
2722 1525 3060 1598 Baptismus
3090 1524 3343 1599 captivis
3369 1532 3463 1583 est
3490 1542 3587 1584 re-

1929 1616 2297 1688 demptionis
2335 1614 2617 1689 pretium,
2644 1614 2986 1672 debitorum
3016 1615 3405 1686 condonatio,
3424 1632 3590 1673 mors

1930 1702 2180 1778 peccati,
2203 1705 2577 1776 regeneratio
2606 1703 3278 1772 animaajndumentum
3296 1704 3586 1774 lucidum,

214 1799 491 1857 υἱοθεσίας
524 1794 790 1873 χάρισμα.
844 1799 1117 1850 Τοσούτων
1163 1793 1373 1867 ἀγαθῶν
1429 1798 1519 1845 καὶ
1572 1788 1818 1849 τηλικού-

1933 1794 2195 1865 sigillum
2216 1792 2385 1865 quod
2414 1797 2637 1850 conatu
2678 1792 2846 1849 nullo
2883 1792 3081 1864 frangi
3105 1797 3319 1866 potest,
3355 1793 3591 1851 vehicu-

214 1907 349 1951 των,
407 1886 572 1954 ἄθλιε,
621 1889 998 1962 προτιμοτέραν
1054 1886 1194 1956 ἄγεις
1254 1887 1348 1943 τήν
1403 1878 1646 1948 adorta;
1703 1885 1822 1953 Νοῶ

216 1978 329 2048 γάρ
387 1994 484 2027 σου
546 1978 635 2033 τὴν
696 1975 992 2049 ὑπέρθεσιν,
1051 1973 1144 2026 κᾶν
1193 1970 1493 2048 περιστέλλῃ
1549 1970 1663 2042 (89)
1715 1972 1823 2028 τοῖς
1852 2016 1869 2032 ,

217 2067 461 2139 ῥήμασιν
487 2084 500 2097 σ
558 2063 693 2116 αὖτά
747 2061 853 2136 βοᾷ
898 2066 966 2116 τὰ
1014 2065 1323 2138 πράγματα,
1386 2059 1481 2112 κᾶν
1543 2065 1607 2131 τῇ
1679 2074 1817 2130 φωνῃ

223 2159 453 2223 σιωπᾷς.
501 2151 713 2219 Ἐασον,
782 2150 1178 2227 ἀποχρήσωμαι
1223 2158 1288 2224 τῇ
1352 2152 1511 2220 σαρκὶ
1560 2149 1686 2222 πρὸς
1728 2149 1820 2203 τὴν

220 2241 518 2295 ἀπόλαυσιν
576 2250 678 2294 τῶν
742 2240 1021 2317 αἰσχρῶν,
1090 2240 1382 2313 ἐγκυλισοῶ
1438 2244 1511 2309 τῷ
1582 2234 1822 2311 βορϐόρῳ

220 2339 329 2384 τῶν
380 2327 603 2397 ἡδονῶν,
656 2330 861 2403 αἱμάξω
909 2332 1005 2392 τὰς
1051 2337 1256 2404 χεῖρας,
1301 2326 1567 2400 ἀφίλωμαι
1619 2327 1683 2378 τὰ
1737 2322 1822 2376 ἀλ-

220 2420 446 2494 λότρια,
508 2416 698 2482 δολίως
768 2421 1040 2494 πορευθῶ,
1109 2418 1427 2494 ἐπιορκήσω,
1493 2416 1774 2488 ψεύσωμαι
1805 2432 1818 2446 ο

220 2515 317 2562 καὶ
362 2514 480 2562 τότε
526 2512 583 2562 τὸ
628 2508 927 2582 βάπτισμα,
960 2511 1077 2562 ὅταν
1122 2508 1263 2571 λήξω
1315 2509 1438 2561 ποτε
1480 2514 1580 2559 τῶν
1628 2511 1818 2570 κακῶν,

224 2595 557 2671 ὑποδέξομαι
596 2599 732 2668 (90).
782 2598 843 2652 Εἰ
891 2601 981 2671 μὲν
1023 2594 1111 2651 οὖν
1157 2597 1311 2650 καλὸν
1362 2597 1392 2655 ἠ
1443 2595 1694 2671 ἁμαρτία,
1728 2594 1823 2665 φύε

223 2687 393 2741 λασσε
420 2690 612 2750 ταύτης
644 2686 714 2750 είς
741 2687 920 2749 τέλος·
971 2687 1015 2740 εἰ
1064 2683 1122 2741 δε
1169 2685 1401 2761 βλαϐερὰ
1446 2692 1519 2755 τῷ
1566 2688 1820 2747 ποιοῦντι,

225 2783 276 2829 τί
338 2777 591 2850 ἐπιμένεις
634 2784 741 2837 τοῖς
801 2776 1098 2850 ὀλεθρίοις;
1158 2772 1369 2841 Οὐδεὶς
1417 2772 1584 2846 χολὴν
1642 2771 1824 2843 ἐμέσαι

226 2866 423 2933 ζητῶν,
473 2864 529 2918 ἐκ
569 2871 801 2940 πονηρᾶς
828 2870 918 2918 καὶ
957 2864 1249 2919 ἀκολάστου
1309 2860 1517 2924 ἂιαίτης
1562 2859 1825 2915 πολυπλα-

227 2960 381 3008 σίονα
416 2956 612 3013 ταύτην
664 2954 830 3026 ἐαυτῷ
880 2954 1234 3029 συναθροίζει.
1270 2954 1544 3024 Καθαίρειν
1590 2957 1825 3025 προσῆκε

222 3054 326 3097 τῶν
364 3042 673 3106 ,λυπούντων
727 3046 787 3095 τὸ
849 3050 1021 3117 σῶμα,
1082 3041 1142 3096 οὐ
1190 3047 1364 3116 μέντοι
1416 3039 1823 3099 κατασκευάζειν

1928 1884 2060 1953 lum
2102 1882 2182 1940 ad
2210 1882 2450 1954 coelum,
2478 1882 2649 1952 regni
2677 1882 3045 1951 conciliator,
3092 1883 3441 1956 adoptionis
3479 1883 3591 1940 do-

1931 1988 2103 2030 num.
2130 1974 2236 2028 Tot
2263 1987 2334 2028 ac
2356 1970 2535 2027 tantis
2556 1969 2755 2039 bonis,
2778 1986 2814 2026 o
2842 1970 3051 2039 miser,
3080 1970 3455 2044 voluptatem
3484 1971 3594 2029 du-

1931 2060 2016 2118 cis
2042 2059 2339 2132 potiorem
2356 2058 2384 2114 ?
2405 2058 2552 2116 Novi
2575 2058 2735 2115 enim
2761 2059 3369 2130 procrastinationem
3399 2064 3588 2128 tuam,

1929 2165 2287 2224 quanquam
2308 2163 2444 2205 eam
2460 2148 2658 2205 verbis
2683 2147 2953 2219 contegis
2979 2165 2993 2204 :
3012 2146 3280 2205 clamant
3299 2165 3395 2206 res
3420 2150 3591 2223 ipse,

1930 2239 2168 2297 tametsi
2191 2253 2339 2295 voce
2376 2242 2562 2294 taces.
2618 2237 2778 2306 Sine,
2828 2241 2963 2295 utar
2997 2253 3251 2310 corpore
3280 2239 3359 2296 ad
3388 2239 3594 2295 fruen-

1930 2329 2045 2387 das
2076 2332 2281 2402 turpes
2309 2326 2614 2399 libidines,
2640 2327 2871 2385 voluter
2894 2328 2951 2384 in
2982 2343 3155 2385 cceno
3183 2327 3588 2400 voluptatum,

1931 2422 2238 2476 eruentem
2266 2418 2522 2488 fmanus,
2572 2416 2857 2489 diripiam
2906 2416 3126 2485 aliena,
3161 2418 3335 2488 118
3383 2416 3593 2474 dolose

1931 2507 2258 2579 ambulem,
2281 2507 2569 2580 pejerem,
2594 2506 2873 2573 mentiar;
2895 2510 2951 2562 et
2975 2511 3115 2562 tunc
3162 2520 3300 2561 cum
3344 2504 3592 2562 tandem

1931 2597 2265 2670 aliquando
2295 2612 2331 2653 a
2361 2595 2538 2652 malis
2569 2594 2873 2664 destitero,
2905 2594 3233 2667 suscipiam
3259 2593 3589 2667 baptisma.

1934 2686 2110 2754 Quod
2140 2686 2192 2743 si
2220 2688 2539 2760 peccatum
2569 2684 2805 2741 bonum
2834 2687 2922 2740 est
2955 2687 3013 2741 et
3058 2682 3403 2753 honestum,
3439 2681 3594 2738 illud

1932 2775 2013 2834 ad
2041 2774 2227 2831 ﬁnem
2270 2789 2464 2846 usque
2495 2788 2707 2830 serva:
2751 2773 2843 2829 sin
2870 2771 3122 2830 noxium
3170 2776 3261 2828 est
3304 2770 3590 2844 patranti,
3660 2835 3669 2845 ‘

1933 2863 2083 2938 quid
2105 2864 2167 2920 in
2197 2862 2463 2919 exitiosis
2482 2861 2828 2919 immoraris
2845 2862 2873 2919 ?
2894 2865 3077 2919 Nemo
3097 2861 3283 2919 bilem
3313 2874 3593 2917 evomere

1934 2969 2075 3010 cum
2104 2950 2249 3021 vult,
2296 2951 2460 3008 mala
2504 2950 3055 3024 intemperantique
3086 2950 3267 3007 diaeta
3295 2965 3431 3006 eam
3476 2946 3594 3005 sibi

1934 3042 2125 3100 multo
2154 3039 2664 3098 abundantiorem
2711 3039 2997 3111 congerit.
3047 3042 3159 3095 Par
3206 3038 3370 3095 enim
3417 3036 3594 3095 fuerit

223 3139 317 3193 τήν
380 3137 534 3186 νόσον
581 3133 794 3205 μείζονα
838 3140 929 3193 τῆς
982 3129 1268 3206 δυνάμεως.
1325 3135 1561 3185 Φαίνεται
1623 3131 1652 3186 ἡ
1703 3135 1818 3182 ναῦς

1935 3147 2155 3205 corpus
2178 3146 2215 3187 a
2233 3130 2429 3186 noxiis
2453 3144 2733 3203 purgare,
2748 3144 2873 3185 non
2891 3128 3177 3185 morbum
3205 3128 3436 3185 viribus
3464 3144 3591 3185 ma-

225 3228 390 3297 μέχρι
449 3227 583 3282 τίνος
652 3224 712 3275 τὸ
780 3220 940 3295 βάρος
1000 3230 1099 3275 τῶν
1176 3220 1452 3293 ἀγωγιμων
1518 3221 1821 3292 ὑφίσταται,

226 3316 286 3365 τὸ
316 3309 376 3366 δὲ
407 3313 536 3386 ὑπὲρ
564 3319 716 3365 τοῦτο
766 3310 1164 3372 καταϐαπτίξει.
1219 3309 1484 3368 Φοϐήθητι
1512 3312 1581 3382 μὴ
1632 3312 1723 3360 καὶ
1755 3308 1821 3359 σὺ

227 3404 295 3453 τα
354 3400 704 3479 παραπλήσια
766 3403 954 3475 πάθῃς,
1022 3405 1113 3454 καὶ
1168 3401 1384 3474 μείζονα
1437 3406 1530 3459 τῆς
1595 3396 1821 3470 ἀφέσεως

228 3497 460 3553 ποιήσας
514 3493 582 3543 τά
627 3490 981 3564 ἁμαρτήματα
1027 3492 1156 3561 (91),
1186 3493 1288 3564 πρὸ
1336 3497 1434 3542 τῶν
1483 3486 1819 3541 ἐλπισθέντων

229 3582 445 3655 λιμένων
499 3583 735 3654 ὑποστῇς
788 3584 848 3633 τὸ
908 3584 1176 3653 ναυάγιον.
1231 3581 1307 3633 Οὐ
1358 3578 1536 3652 βλέπει
1581 3580 1708 3639 Θεὸς
1754 3578 1821 3629 τὰ

226 3671 566 3744 γενόμενα;ἠ
609 3670 668 3723 οὐ
719 3679 823 3723 νοεῖ
874 3690 968 3724 σου
1016 3673 1083 3723 τὰ
1137 3669 1508 3743 ἔνθυμὴματα;
1553 3668 1583 3726 ἣ
1643 3685 1818 3740 συνερ-

225 3762 444 3832 γάζεταί
491 3779 577 3813 σοι
620 3761 713 3823 τὰς
760 3758 1015 3833 ἀνομίας;
1044 3758 1313 3821 Ὑπέλαϐες
1351 3756 1590 3831 ἀνομίαν,
1637 3759 1815 3829 φησὶν,

228 3850 305 3902 ὅτι
347 3853 535 3922 ἔσομαί
580 3868 666 3902 σοι
714 3850 893 3922 ὅμοιος
940 3848 1072 3919 (9‘2).
1118 3853 1186 3900 Σὺ
1231 3844 1311 3918 δὲ,
1360 3843 1552 3920 ἀνδρὸς
1580 3848 1669 3919 μὲν
1702 3846 1820 3902 0w;-

226 3946 316 3990 τοῦ
380 3938 552 4011 φιλίαν
607 3942 1109 4014 πραγματευόμενος,
1167 3933 1239 3990 δι’
1298 3936 1597 4010 εὐεργεσίας
1663 3933 1817 3986 αὐτὸν

226 4029 489 4102 προσάγῃ,
517 4027 684 4080 ἐκεῖνα
726 4027 887 4099 λέγων
932 4031 1022 4080 καὶ
1063 4028 1301 4098 πράττων
1349 4027 1530 4099 οἷσπερ
1567 4023 1627 4075 ἂν
1654 4024 1814 4096 αἴσθῃ

225 4122 480 4191 χαίροντα
505 4138 518 4150 ·
551 4124 665 4187 Θεῷ
716 4113 774 4169 δὲ
803 4119 1307 4191 προσοικειούμενος,
1348 4117 1438 4167 καὶ
1466 4114 1537 4175 εἰς
1584 4116 1672 4172 τὴν
1700 4114 1817 4165 υἱοῦ

226 4206 368 4269 τάξιν
411 4205 636 4271 ᾒπίζων
688 4201 1220 4281 παραδεχθήσεσθαι,
1251 4206 1318 4257 τά
1365 4202 1538 4277 ἔχθρα
1579 4209 1651 4273 τῷ
1702 4209 1817 4273 Θεῷ

295 4321 337 4358 ¹¹
365 4320 581 4395 Ephes.
607 4336 684 4389 ιν,
712 4325 802 4376 22.
883 4321 928 4357 "
958 4320 1115 4387 Psal,
1141 4336 1297 4387 XLIX,
1331 4323 1420 4376 2t.

1929 3221 2127 3294 jorem
2163 3218 2417 3277 efﬁcere.
2449 3221 2653 3275 Exstat
2679 3217 2854 3274 navis
2884 3216 3121 3273 interim
3163 3216 3314 3273 dum
3343 3216 3589 3289 imposi-

1932 3316 2133 3368 tarum
2159 3308 2451 3366 mercium
2477 3322 2635 3365 onus
2673 3310 3003 3376 sustentat;
3036 3304 3083 3362 si
3115 3306 3265 3380 quid
3311 3305 3465 3364 ultra
3494 3322 3589 3364 ac-

1933 3400 2196 3469 cesserit,
2245 3399 2480 3470 mergit.
2508 3397 2672 3454 Time
2714 3412 2792 3452 ne
2841 3396 2948 3453 tibi
2994 3396 3178 3454 etiam
3218 3396 3391 3469 paria
3427 3396 3588 3454 acci-

1930 3492 2121 3560 dant;
2168 3504 2321 3547 neve
2358 3488 2408 3545 si
2449 3492 2697 3561 peccata
2726 3486 3066 3544 committas
3107 3486 3283 3545 venia
3328 3487 3584 3558 majora,

1929 3585 2069 3638 ante
2094 3582 2300 3652 portus
2329 3581 2602 3650 speratos
2621 3575 3007 3647 naufragium
3037 3573 3243 3631 facias.
3276 3577 3405 3632 Non
3425 3574 3588 3630 videt

1928 3670 2087 3725 Deus
2131 3684 2268 3741 quae
2305 3667 2461 3723 ﬁunt
2478 3667 2506 3722 ?
2525 3680 2649 3722 non
2674 3665 2947 3735 agnoscit
2975 3668 3109 3722 tuas
3139 3661 3533 3734 cogitationes
3555 3662 3584 3719 ?

1926 3773 2007 3816 an
2025 3756 2370 3830 iniquitates
2388 3759 2520 3811 tuas
2535 3754 2748 3826 juvat?
2765 3753 3120 3823 Suspicatus
3136 3750 3584 3824 est,inquit,ini-

1924 3848 2237 3920 quitatem,
2256 3845 2417 3917 quod
2436 3859 2537 3900 ero
2560 3843 2670 3900 tibi
2685 3844 2904 3900 similis
2922 3844 2986 3899 η.
3006 3843 3155 3899 Tute
3174 3840 3447 3899 mortalis
3473 3839 3583 3897 viri

1924 3935 2251 3994 amicitiam
2274 3949 2412 3991 cum
2436 3931 2971 4002 ambis,beneticiis
2995 3947 3135 3988 eum
3165 3929 3377 3997 allicis,
3404 3929 3579 3985 dicis-

1922 4039 2041 4098 que
2063 4040 2133 4081 ac
2159 4023 2331 4093 facis,
2361 4020 2582 4095 quibus
2614 4021 2967 4092 gavisurum
3006 4020 3211 4093 ipsum
3249 4016 3527 4090 intelligis
3560 4033 3574 4073 :

1923 4115 2027 4171 sed
2057 4117 2176 4170 Deo
2206 4111 2495 4185 conjungi
2521 4111 2751 4180 volens,
2782 4115 2840 4167 et
2866 4112 2927 4166 in
2957 4109 3064 4166 ﬁlii
3103 4108 3308 4166 locum
3337 4112 3392 4166 te
3421 4122 3579 4164 rece-

1919 4207 2093 4277 ptum
2112 4201 2184 4260 iri
2207 4216 2479 4275 sperans,
2495 4200 2545 4257 si
2566 4199 2791 4258 interea
2810 4203 3011 4258 tamen
3031 4214 3169 4271 qum
3197 4200 3318 4256 Deo
3332 4196 3578 4255 inimica

241 4506 251 4516 ρ
294 4438 434 4516 (8_7_)_
455 4440 596 4507 Reg.
641 4436 874 4510 primus
922 4437 1310 4513 ἐπιστρέφοντα.
1343 4439 1473 4494 Mox
1504 4452 1660 4493 unus
1696 4452 1813 4492 ms.
1844 4450 1886 4516 Α
1919 4438 2176 4516 videtur,
2208 4435 2504 4516 sententia
2533 4434 2663 4516 hinc
2701 4435 2790 4515 est
2821 4449 2835 4488 :
2883 4434 3040 4516 cave
3081 4435 3332 4516 peccata
3356 4430 3575 4516 admit-

230 4509 543 4562 ἀναϐάλλειν.

294 4582 404 4655 _{_8_8)
435 4578 625 4655 Editio
662 4578 845 4636 Paris.
893 4584 983 4632 καὶ
1029 4581 1244 4655 ῥύσσειν
1279 4580 1474 4655 αὐτὴν,
1508 4583 1809 4655 corrupte.

232 4651 414 4707 Editio
442 4650 681 4724 Basil.ct
703 4656 962 4724 mss.aut
984 4650 1122 4706 cum
1149 4651 1373 4724 duplici
1393 4669 1445 4717 σ,
1469 4670 1557 4702 και
1581 4652 1808 4724 ῥυσσήν,

230 4728 493 4795 autcum
518 4722 720 4795 unico,
749 4726 839 4795 καὶ
874 4723 1060 4795 pacta,
1095 4722 1448 4795 emendate:
1474 4722 1615 4795 nam
1656 4726 1813 4777 utra-

227 4807 345 4869 que
360 4792 663 4869 scribendi
683 4792 914 4848 ratione
941 4792 1023 4848 uti
1052 4792 1483 4849 solent.Statim
1514 4792 1636 4849 duo
1659 4808 1807 4849 mss.

231 4860 508 4926 ἂὶδιιξας.

292 4936 405 5001 (89)
433 4933 602 5007 Colb.
631 4933 834 5007 tertius
855 4934 1206 5007 περιστέλλῃς.

294 5009 406 5071 (90)
437 5006 603 5078 colb.
632 5005 836 5078 tertius
864 5003 1099 5078 δέξομαι.

295 5080 409 5157 φη
434 5077 608 5157 Miror
637 5075 1107 5157 Volaterranum,
1131 5076 1236 5149 qui
1262 5075 1714 5157 illud,ftrot3é0cn
1730 5082 1805 5157 μὴ

229 5151 313 5197 καὶ
356 5152 421 5200 σὺ
468 5151 535 5199 τὰ
575 5146 920 5222 παραπλήσια
966 5146 1171 5221 πάθῃςξ
1201 5152 1290 5200 καὶ
1329 5149 1544 5220 μείζονα
1580 5156 1670 5207 τῆς
1719 5146 1811 5220 ἀφ-

231 5221 376 5291 έσεως
401 5225 631 5280 ποιήσας
649 5218 726 5271 ’τά
753 5218 1126 5291 ἁμαρτήματα,
1157 5219 1239 5291 ita
1272 5218 1473 5274 Latine
1499 5218 1769 5274 reddidit
1792 5236 1805 5274 :

244 5288 376 5345 Vide
399 5306 472 5345 ne
498 5297 553 5347 et
590 5298 654 5345 tu
695 5288 925 5346 similia
953 5288 1232 5359 patiaris,
1263 5293 1500 5358 majora
1526 5296 1808 5345 continuo

232 5359 614 5433 admittenda,
646 5376 827 5433 quam
881 5376 949 5433 ea
996 5376 1126 5431 qua:
1173 5362 1531 5433 remittenda
1563 5361 1676 5416 tibi
1702 5376 1812 5429 per

235 5428 572 5503 baptismum
591 5428 1127 5503 promittebantur.
1185 5432 1299 5488 Sed
1336 5432 1451 5503 hoc
1500 5448 1620 5488 non
1669 5428 1813 5488 dicit

236 5501 492 5574 Basilius,
518 5501 625 5559 nec
654 5503 853 5577 dicere
883 5504 1108 5574 potuit;
1140 5502 1545 5577 cumnullum
1575 5503 1648 5558 sit
1668 5520 1811 5577 pec-

236 5579 419 5649 catum
441 5575 835 5649 quantumvis
868 5574 1257 5649 grave,_quod
1287 5574 1811 5649 baptismatefnon

234 5640 732 5705 deleatui'Jlorum
752 5640 956 5707 autem
975 5640 1390 5713 verbbruntmt
1400 5645 1546 5703 mihi
1563 5646 1812 5719 quidem

1842 4498 1887 4553 D
1922 4514 2032 4582 tas,
2055 4498 2192 4582 qua}.
2220 4507 2540 4582 indignum
2568 4504 2830 4582 te_ve_nia
2854 4498 3130 4582 reddant,
3178 4504 3265 4582 sic
3308 4509 3373 4561 ut
3407 4502 3571 4582 justo

1922 4573 2275 4652 Dei’jhdicio
2320 4573 2456 4652 ante
2494 4577 2796 4647 moriaris,
2823 4592 3012 4652 quam
3054 4573 3570 4652 baptismasusci-

1919 4646 2070 4724 pias'.
2103 4649 2502 4708 Combetisius
2531 4646 2933 4724 posteaquam
2955 4646 3117 4703 hunc
3144 4646 3342 4703 Basilii
3364 4646 3570 4702 locum

1918 4721 2003 4779 sic
2059 4723 2489 4793 interpretatus
2519 4725 2627 4793 est,
2659 4721 2897 4793 majora
2938 4732 3197 4793 peccans
3241 4733 3419 4793 quam
3453 4730 3568 4793 pro

1917 4795 2105 4852 venia
2131 4787 2387 4866 ratione,
2417 4790 2604 4858 addit,
2645 4792 2717 4848 ob
2755 4787 2895 4866 ῥεια
2927 4787 3115 4847 silicet
3145 4787 3492 4866 exc'tmtaris
3528 4799 3568 4864 ᾳ

1921 4866 2202 4935 baptismi
2222 4858 2462 4934 gratia:
2500 4878 2688 4936 quam
2716 4858 2823 4918 viri
2843 4860 3223 4936 cteteroquitr
3237 4858 3568 4936 doctissimi

1916 4929 2385 4994 declarationem
2416 4929 2540 4991 non
2617 4940 2717 4991 uto
2763 4933 3050 5005 cuiquam
3081 4929 3420 5002 'probatum
3471 4929 3564 4986 iri.

1916 5024 2058 5061 cum
2109 5022 2291 5061 nemo
2336 4950 2673 5061 auamliEet
2726 5003 3010 5059 scelestus
3055 5013 3349 5061 unquam,
3398 4994 3564 5061 quod

1916 5024 2058 5064 cum
2109 5022 2291 5078 nemo
2336 4994 2673 5078 quamlibet
2726 4994 3010 5078 scelestus
3055 4994 3349 5078 unquam,
3398 4994 3567 5067 quod

1918 5079 2130 5147 sciam,
2164 5095 2199 5132 a
2221 5071 2507 5149 baptismi
2528 5076 2719 5149 gratia
2748 5074 3027 5149 exclusus
3053 5071 3145 5149 sit.
3370 5140 3380 5149 ι
3489 5137 3510 5149 _

1990 5154 2095 5208 (92)
2116 5140 2385 5219 Ἠίΐᾶᾳῖιϐ
2428 5140 2658 5220 editio:
2708 5143 3214 5220 ’Υπέλαϐεςηᾶνομῇ
3257 5140 3436 5220 φησὶν,
3482 5140 3565 5220 ὅτι

1917 5224 2103 5293 ἔσομαί
2136 5239 2219 5272 σοι
2250 5208 2441 5293 ὅμοιος,
2466 5217 2842 5293 ρφὶειίηεᾳειξ,
2873 5230 2906 5269 ο
2929 5208 3386 5293 ὑιίᾳιεείἰηιίᾳίζ,
3406 5208 3569 5277 quod

1916 5280 2018 5348 era
2049 5293 2140 5347 tui
2160 5280 2394 5347 similis.
2424 5280 2487 5343 lit
2506 5289 2589 5343 ita
2613 5280 2920 5358 scripsisse
2934 5280 3263 5358 quemdam
3283 5280 3569 5352 interpre-

1917 5369 2145 5427 tem,ex
2175 5361 2470 5429 Hexaplis
2499 5354 2810 5429 discimds.
2838 5361 2909 5429 At
2928 5354 3119 5411 nostri
3139 5369 3241 5409 sex
3271 5368 3417 5429 mss.
3446 5367 3570 5429 nta-

1920 5424 2223 5501 gno'inter
2267 5447 2330 5486 se
2350 5424 2573 5501 sensu.
2597 5427 2859 5492 ὑπέλαϐες,
2884 5427 3121 5501 ἀνομίαν,
3152 5428 3265 5501 etc.
3295 5424 3570 5501 Sttspica-

1922 5497 2015 5560 t'us
2040 5520 2119 5565 es.
2146 5503 2358 5575 inquit,
2383 5499 2948 5575 iniq_u4ita_tem,quod
2974 5497 3075 5556 ero
3106 5498 3195 5555 tui
3215 5497 3569 5563 similis,ncc

1922 5575 2090 5637 aliter
2111 5571 2328 5646 legitur
2359 5571 2525 5644 apud
2545 5573 2693 5629 LXX.
