4076 6190
550 352 655 412 435

1925 355 1980 411 S.
2025 346 2272 411 BASIL"
2311 350 2531 412 MAGNI

3775 363 3867 419 430

552 482 692 537 sunt
719 480 1117 553 perpetres,et
1143 492 1245 550 per
1269 477 1415 547 legis
1435 477 1820 534 violationcm
1850 492 1987 533 eum
2020 476 2198 533 dede-

2314 480 2570 552 πράττων,
2621 485 2710 533 καὶ
2759 477 2851 534 διά
2893 487 2983 533 τοῦ
3029 484 3187 555 νόμου
3245 480 3581 557 παραϐάσεως
3627 481 3871 556 ἀτιμάζων

551 586 743 637 cores,
775 570 937 625 unde
983 568 1246 625 maxime
1292 566 1462 624 illum
1515 568 1792 636 offendis,
1838 567 2057 623 indeue
2107 566 2201 639 ipa

553 659 679 716 sius
699 658 1161 715 familiaritatem
1182 656 1807 729 necessitudinemque
1828 656 1932 713 tibi
1964 656 2203 729 pollice-

550 747 675 805 ris?
708 747 845 803 Vide
874 763 949 803 ne
981 746 1351 801 liberationis
1379 762 1505 818 spe,
1540 746 1588 801 si
1608 745 1714 801 tibi
1742 746 1870 817 ipse
1900 744 2203 802 malorum

550 836 790 909 copiam
821 834 1216 905 congesseris,
1239 838 1557 906 peccatum
1583 833 1830 906 quidem
1860 849 2200 901 coacerves,

547 927 725 982 venia
744 940 881 981 vero
899 924 1332 996 priveris.l)eus
1355 940 1474 980 non
1496 925 1862 981 irridetur”.
1881 926 2035 981 Cave
2058 923 2204 980 abu—

547 1016 689 1073 taris
720 1013 912 1084 gratia
932 1014 1007 1069 ad
1032 1020 1350 1086 quaestum.
1372 1017 1449 1069 Ne
1476 1013 1727 1069 dixeris:
1757 1015 1925 1070 Bona
1953 1018 2041 1069 est
2072 1012 2201 1086 qui-

546 1106 688 1161 dem
726 1104 843 1167 lex,
872 1104 976 1159 sed
998 1103 1328 1175 jucundius
1356 1108 1694 1176 peccatum.
1726 1102 1955 1159 Diaboli
1980 1103 2199 1160 hamus

541 1193 824 1266 voluptas
853 1196 966 1257 est,
991 1192 1234 1247 trahens
1264 1191 1343 1248 ad
1372 1191 1721 1263 perniciem.
1754 1190 2201 1264 Voluptasmab

541 1286 631 1340 ter
658 1286 746 1339 est
773 1281 1051 1355 peccati:
1097 1285 1415 1352 peccatum
1464 1295 1607 1337 vero
1659 1280 1939 1337 stimulus
1989 1281 2197 1337 mortis

543 1373 721 1428 est“.
752 1369 1041 1442 Voluptas
1092 1367 1293 1424 nutrix
1344 1373 1434 1425 est
1482 1368 1685 1426 interni
1741 1369 2004 1427 vermis:
2059 1385 2197 1443 qum

538 1460 838 1516 fruentem
869 1473 932 1513 se
963 1457 1041 1514 ad
1070 1460 1310 1530 tempus
1336 1457 1585 1530 quidem
1611 1457 1949 1515 demulcet:
1977 1458 2197 1515 deinde

537 1564 682 1605 vero
706 1547 984 1618 germina
1007 1546 1141 1603 felle
1184 1546 1487 1604 amariora
1526 1547 1820 1620 producit.
1853 1548 2007 1604 Nihil
2030 1548 2194 1606 aliud

535 1637 761 1695 clamat
779 1635 1245 1709 procrastinatio
1272 1634 1386 1691 nisi
1404 1635 1507 1693 illa
1537 1652 1551 1693 :
1586 1640 1809 1707 Regnet
1837 1638 1899 1693 in
1936 1652 2034 1693 me
2071 1639 2194 1711 pri-

533 1741 705 1783 mum
734 1731 1072 1798 peccatum,
1112 1728 1325 1797 postea
1350 1724 1626 1795 regnabit
1651 1725 1982 1799 aliquando
2011 1727 2194 1783 etiam

2314 568 2488 635 αὐτόν,
2535 568 2590 632 έξ
2636 570 2703 621 ὧν
2750 569 2982 643 μάλιστα
3028 574 3391 646 προσκρούεις,
3425 569 3480 625 έκ
3529 574 3713 625 τούτων
3742 570 3872 624 ἑλπί-

2313 657 2416 719 ζεις
2461 662 2556 718 τὴν
2609 659 2940 726 οἱκιιότητα;
2969 658 3107 733 Ὀρα
3134 664 3208 733 μὴ
3256 658 3334 714 ἄπ’
3391 656 3566 714 έλπίδι
3613 667 3708 722 τῆς
3753 658 3874 713 ἀπο-

2310 744 2631 822 λυτρώσεως,
2684 748 2880 812 πλῆθος
2914 755 3089 803 κακῶν
3144 757 3344 821 σεαυτῷ
3386 747 3763 821 συλλιξάμινος,
3790 753 3874 809 τὴν

2310 837 2400 907 μὶν
2426 834 2684 910 ἁμαρτίαν
2729 838 3080 912 συναθροίσης
3112 837 3242 907 (93),
3286 845 3382 897 τῆς
3413 834 3472 890 δί
3503 840 3876 910 συγχωρήσιωι

2310 925 2609 998 ἀποτύχης.
2644 929 2775 989 Θεός
2798 926 2856 978 οὐ
2900 926 3299 1001 μυκτηρίζεται.
3331 931 3417 985 Μή
3467 925 3743 1000 έμπορεύου
3772 926 3874 995 (94)

2309 1018 2403 1071 τὴν
2448 1018 2631 1088 χάριν.
2663 1019 2748 1073 Μὴ
2784 1018 2930 1088 εἴπῃς
2957 1035 2970 1050 ·
3006 1015 3171 1078 Καλὸς
3342 1018 3368 1068 ό
3392 1019 3566 1090 νόμος,
3594 1013 3696 1067 ἀλλ’
3724 1010 3877 1074 ἡδίων

2308 1107 2339 1162 ἡ
2373 1103 2624 1178 ἁμαρτία.
2649 1101 2839 1166 Ἡδονὴ
2890 1107 3175 1180 ἄγκιστρόν
3207 1104 3321 1159 έστι
3357 1112 3450 1158 τοῦ
3490 1101 3731 1159 διαϐόλου
3760 1107 3879 1180 πρὸς

2309 1191 2562 1247 ἀπώλειαν
2619 1192 2781 1249 ἕλκον.
2826 1190 3017 1254 ἸΙδονὴ
3065 1200 3237 1270 μήτηρ
3289 1202 3381 1255 τῆς
3437 1193 3693 1270 ἁμαρτίας
3733 1195 3875 1265 (95)·

2308 1287 2338 1343 ἦ
2391 1279 2450 1338 δέ
2495 1284 2726 1359 ἁμαρτία
2764 1286 2825 1338 τὸ
2880 1288 3086 1359 κέντρον
3137 1283 3251 1338 ἐστὶ
3297 1291 3394 1338 τοῦ
3439 1286 3679 1339 θανάτου.
3707 1278 3881 1342 Ἱιδινή

2306 1376 2494 1448 τροφὸς
2545 1380 2636 1426 τοῦ
2692 1373 2901 1426 αἰωνίου
2957 1373 3246 1441 σκώληκος,
3307 1372 3339 1432 ἢ
3394 1377 3527 1448 πρὸς
3578 1375 3753 1447 καιρὸν
3798 1376 3879 1445 μὶν

2305 1462 2623 1516 καταλεαίνιι
2682 1464 2771 1515 τὸν
2825 1461 3170 1531 ἀπολαύοντα,
3226 1464 3439 1536 ὕστερον
3487 1458 3551 1517 δὲ
3589 1465 3883 1535 πικροτέρας

2304 1552 2473 1625 χολῆς
2494 1559 2720 1605 ποιεῖται
2749 1552 2865 1619 (96)
2892 1554 2987 1614 τάς
3029 1548 3321 1613 ἀναδόσεις.
3355 1548 3523 1605 Ούδὶν
3555 1551 3676 1605 ἄλλο
3722 1548 3820 1624 βοᾷ
3852 1551 3879 1608 ἧ

2304 1642 2581 1715 ὑπέρθεσις
2625 1642 2655 1700 ἦ
2705 1648 2910 1695 ταῦτα’
2945 1640 3315 1714 βασιλευσάτω
3362 1639 3411 1694 έν
3460 1640 3576 1714 ἐμοὶ
3623 1640 3880 1715 πρῶτονή

2305 1728 2548 1805 ἀμαρτία,
2582 1731 2693 1783 εἶτα
2723 1729 3027 1803 βασιλεύσει
3072 1733 3197 1785 ποτε
3241 1736 3333 1784 καὶ
3379 1732 3405 1783 ὁ
3460 1732 3670 1806 Κύριος.
3715 1736 3883 1804 Παρει-

533 1815 844 1872 Dominus.
877 1814 1185 1871 Exhibebo
1215 1828 1352 1872 mea
1385 1815 1664 1872 membra
1691 1831 1863 1872 arma
1890 1815 2192 1887 injuslitite

2310 1824 2489 1881 στήσω
2540 1838 2641 1894 μου
2689 1822 2755 1873 τὰ
2805 1819 2931 1894 μίλη
2976 1818 3110 1873 ὅπλα
3157 1816 3367 1884 ἀδικίας
3402 1828 3465 1895 τῇ
3529 1817 3752 1892 ἀνομίςν
3784 1813 3885 1872 ιῖτά

530 1904 829 1978 iniquitati
852 1906 897 1940 ¹⁵
924 1919 937 1958 :
970 1904 1190 1961 deinde
1217 1904 1516 1962 exhibebo
1541 1919 1612 1962 ea
1640 1906 1971 1979 aliquando
2012 1906 2194 1963 etiam

532 2008 706 2050 arma
740 1992 981 2066 justitize
1012 1995 1153 2050 Deo.
1181 1994 1273 2051 Sic
1303 1997 1361 2050 et
1390 1993 1535 2051 Cain
1559 1993 1849 2051 offerebat
1875 1995 2191 2065 sacriﬁcia,

531 2083 731 2157 prima
784 2083 847 2139 in
885 2099 1067 2139 usum
1123 2083 1639 2157 commodumque
1683 2098 1884 2154 suum,
1926 2084 2193 2143 secunda

532 2172 827 2231 conditori
856 2176 914 2229 et
939 2172 1212 2243 largitori
1244 2175 1541 2231 Deo.Cum
1558 2174 1814 2230 idoneus
1838 2189 1902 2231 es
1927 2176 2034 2249 qui
2054 2192 2194 2249 opeo

530 2262 704 2333 reris,
725 2260 998 2319 absumis
1017 2262 1079 2317 in
1110 2262 1376 2334 peccatis
1403 2262 1781 2333 juventutem
1803 2268 1993 2321 tuam.
2025 2268 2191 2321 Post-

526 2360 717 2425 quam
741 2350 1144 2421 elanguerunt
1170 2355 1576 2421 organa,tunc
1596 2367 1667 2408 ea
1699 2354 1813 2409 Deo
1836 2353 2035 2424 offers,
2051 2369 2192 2410 cum

527 2453 653 2497 non
673 2438 935 2512 amplius
952 2441 1125 2511 potes
1149 2437 1245 2494 his
1269 2438 1348 2495 ad
1375 2438 1562 2495 ullam
1579 2455 1708 2496 rem
1730 2441 1835 2507 uti,
1866 2441 1974 2497 sed
1995 2458 2068 2498 ea
2091 2457 2192 2499 ne-

528 2543 695 2585 cesse
724 2532 815 2584 est
841 2530 1076 2601 torpere
1106 2526 1185 2583 ob
1216 2526 1514 2583 diutinam
1536 2529 1985 2600 tabem.vigore
2015 2535 2071 2586 et
2098 2546 2191 2586 ro-

525 2618 673 2675 bore
693 2615 984 2675 resoluto.
1015 2617 1391 2673 Continentia
1413 2617 1475 2673 in
1504 2622 1805 2674 senectute
1827 2619 2195 2677 continentia

528 2720 655 2765 non
681 2710 770 2764 est
801 2724 815 2764 :
850 2706 957 2762 sed
983 2706 1223 2763 animus
1271 2707 1351 2763 ad
1396 2706 1835 2764 lasciviendum
1866 2708 2189 2767 invalidus.

532 2799 797 2853 Mortuus
825 2810 949 2850 non
989 2799 1347 2851 coronatur:
1380 2811 1561 2852 nemo
1600 2796 1737 2852 ideo
1770 2797 1993 2868 justus,
2026 2799 2196 2871 quod

530 2884 584 2943 ei
636 2884 781 2941 mali
830 2882 1094 2939 faciendi
1143 2884 1396 2941 facultas
1443 2900 1567 2941 non
1606 2887 1699 2941 sit.
1743 2887 1913 2942 Vires
1960 2903 2031 2944 ac
2082 2904 2196 2962 po-

531 2974 720 3031 tentia
744 2973 891 3029 dum
919 2972 1025 3029 tibi
1055 2976 1403 3046 suppetunt,
1430 2974 1523 3031 fac
1548 2975 1751 3031 vincas
1780 2976 2012 3033 ratione
2062 2993 2198 3050 pec-

531 3066 762 3120 catum.
801 3062 923 3118 Hoc
957 3061 1118 3118 enim
1158 3062 1347 3119 virtus
1379 3067 1486 3133 est,
1518 3063 1821 3121 declinare
1853 3081 1889 3122 a
1923 3066 2106 3129 malo,
2144 3083 2204 3141 et

2302 1914 2631 1985 παραστήσω
2667 1910 2793 1963 ποτὶ
2829 1912 2921 1962 καὶ
2970 1908 3104 1963 ὅπλα
3130 1905 3474 1971 δικαιοσύνης
3501 1908 3642 1962 αύτά
3664 1916 3733 1978 τῷ
3759 1913 3881 1976 Θεῷ.

2255 2041 2267 2051 .
2303 2001 2456 2053 Ούτω
2475 2002 2566 2052 καὶ
2620 2002 2749 2053 Κάῐν
2780 2002 2894 2069 (97)
2925 2002 3209 2072 προσέφερε
3235 2001 3330 2062 τὰς
3360 2000 3552 2062 θυσίας
3576 2019 3590 2032 ο
3631 1999 3698 2051 τὰ
3718 2004 3887 2071 πρῶτα

2302 2097 2363 2161 τῇ
2421 2087 2705 2142 ἀπολαύσει
2752 2095 2815 2162 τῇ
2871 2088 3079 2157 ἑαυτοῦ,
3129 2090 3197 2141 τὰ
3258 2084 3475 2162 δεύτερα
3527 2096 3604 2159 τῷ
3649 2090 3886 2140 ’κτίσαντι

2301 2183 2392 2231 καί
2424 2175 2782 2254 δωρησαμένῷ
2836 2184 2968 2249 Θεῳ.
3001 2177 3123 2231 Ὀτι
3167 2174 3392 2241 δυνατός
3428 2174 3474 2230 εἷ
3500 2177 3554 2231 έν
3592 2179 3778 2253 ἔργοις,
3805 2178 3886 2232 τὴν

2301 2270 2516 2326 νεότητά
2584 2284 2679 2322 σου
2752 2275 2868 2331 ταῖς
2948 2267 3230 2343 ἁμαρτίαις
3276 2267 3740 2343 προσανάλίσκεις.
3774 2264 3889 2317 Ὀτι

2302 2356 2548 2431 ἀποκάμῃ
2599 2359 2666 2411 τά
2713 2361 2927 2434 ὄργανα,
2981 2362 3097 2413 τότε
3144 2358 3430 2433 προσάγεις
3469 2357 3609 2411 αὐτά
3642 2363 3714 2427 τῷ
3760 2361 3884 2424 Θεῷ,

2302 2449 2383 2499 ὅτι
2436 2446 2502 2508 si;
2554 2443 2705 2500 οὐδέν
2765 2447 2938 2508 αὐτοῖς
2985 2446 3099 2500 ἔστι
3154 2448 3491 2521 χρήσασθαι,
3545 2445 3651 2499 ἀλλ’
3697 2442 3881 2516 ἀνάγκη

2301 2538 2509 2591 κεῖσθαι
2563 2534 2656 2589 διὰ
2711 2540 2798 2590 τὸν
2842 2538 2897 2590 ἐκ
2941 2544 3034 2590 τοῦ
3089 2542 3286 2611 χρόνον
3339 2541 3626 2611 μαρασμὸν
3672 2533 3887 2611 παραλυε

2306 2628 2471 2687 θέντος
2514 2627 2630 2697 (98)
2674 2623 2765 2679 τού
2805 2629 2975 2682 τόνου.
3001 2626 3060 2680 Ἠ
3109 2627 3159 2679 ἐν
3185 2632 3325 2701 γήρᾳ
3354 2630 3667 2702 σωφροσύνη
3709 2624 3765 2679 οὗ
3794 2641 3887 2677 σιν»⁶

2304 2718 2556 2790 φροσύνη,
2608 2714 2715 2767 ἀλλ’
2746 2714 3032 2778 ἀκολασίας
3084 2712 3369 2789 ἀδυναμία.
3428 2719 3631 2789 Νεκρὸς
3676 2715 3733 2769 ού
3781 2730 3891 2766 στι-

2307 2812 2594 2876 φανούταιο
2636 2801 2813 2867 οὐδεὶς
2855 2800 3061 2867 δίκαιος
3106 2801 3178 2857 δι’
3213 2800 3507 2880 ἀδυναμίαν
3562 2811 3743 2859 κακοῦσ
3772 2800 3894 2862 Ἕως

2309 2895 2421 2946 ἔστι
2472 2912 2557 2946 σοι
2610 2889 2851 2966 δύναμις,
2883 2892 3018 2965 λόγῳ
3062 2894 3243 2969 κράτει
3291 2902 3388 2955 τῆς
3432 2892 3714 2970 ἁμαρτίας.
3743 2897 3894 2944 Τοῦτο

2308 2983 2410 3056 γάρ
2461 2982 2595 3035 έστιν
2646 2984 2800 3057 ἀρετή
2828 3003 2841 3016 ο
2891 2981 3123 3046 ἔκκλισις
3169 2980 3270 3035 ἀπό
3312 2986 3497 3054 κακοῦ,
3555 2982 3647 3035 καί
3697 2984 3895 3042 ποίησις

2313 3069 2531 3143 ἀγαθοῦ.
2562 3071 2620 3124 'll
2666 3068 2726 3125 δέ
2768 3070 2928 3147 ἀργία
2963 3079 3055 3132 τῆς
3093 3074 3343 3145 πονηρίας
3380 3075 3498 3125 οὔτε
3531 3071 3748 3126 έπαίνων
3775 3068 3894 3126 αύτή

532 3154 766 3211 efﬁcere
783 3151 1015 3210 bonum
1033 3146 1257 3210 “.Nam
1278 3169 1517 3211 cessare
1536 3171 1572 3211 a
1594 3156 1777 3227 malo,
1805 3171 2003 3231 neque
2027 3161 2070 3229 ι
2090 3160 2201 3231 ιο

2312 3160 2430 3213 καθῗ
2481 3160 2686 3229 ἑαυτὴν,
2727 3163 2845 3214 οὔτε
2890 3160 3148 3215 κολάσεων
3202 3160 3460 3225 ἀξιοῦται.
3497 3162 3623 3215 Ἐἀν
3680 3157 3751 3214 δι’
3800 3158 3900 3216 ἠλι·

531 3243 738 3308 laude,
764 3257 963 3315 neque
996 3243 1388 3314 castigatione
1415 3259 1488 3299 ex
1532 3260 1596 3300 se
1639 3244 1895 3316 dignum
1926 3252 2034 3303 est.
2070 3250 2203 3303 Pec-

535 3348 672 3392 care
716 3331 766 3389 si
814 3332 1063 3389 desieris
1111 3332 1190 3389 ob
1250 3339 1512 3407 aetatem,
1546 3335 1902 3393 beneﬁcium
1930 3343 2018 3393 est
2045 3336 2203 3393 inﬁr-

535 3422 1144 3480 mitatis.Laudamus
1171 3427 1376 3479 autem
1407 3440 1512 3480 eos
1541 3424 1647 3497 qui
1670 3424 1859 3481 animi
1889 3426 2204 3499 proposito

536 3510 681 3570 boni
712 3515 870 3579 sunt,
910 3526 1036 3567 non
1084 3526 1207 3579 eos,
1237 3513 1342 3585 qui
1366 3514 1720 3570 necessitate
1752 3514 1957 3588 aliqua
1978 3531 2015 3572 a
2044 3513 2205 3574 malo

540 3606 838 3660 arcentur.
887 3602 1179 3658 Caeterum
1210 3604 1349 3675 quis
1390 3604 1497 3660 tibi
1544 3604 1679 3661 vitta
1730 3604 1983 3662 limitem
2013 3607 2206 3680 praeﬁ-

539 3691 670 3749 xit?
698 3690 836 3764 quis
869 3694 1097 3747 certum
1134 3691 1458 3748 senectutis
1490 3692 1816 3749 terminum
1848 3693 1955 3749 tibi
1997 3694 2206 3751 defini-

541 3781 667 3837 vit?
687 3780 825 3853 quis
852 3794 1112 3853 sponsor
1135 3779 1479 3837 futurorum
1507 3782 1673 3855 apud
1696 3786 1748 3838 te
1779 3782 1933 3839 adeo
1961 3781 2081 3839 ﬁde
2111 3783 2203 3840 di-

545 3884 702 3940 gnus
723 3870 751 3925 ?
781 3870 873 3924 An
891 3883 1014 3925 non
1041 3868 1211 3925 vides
1237 3869 1497 3927 infantes
1523 3870 1805 3944 abreptos
1822 3874 1850 3929 ‘I
1877 3887 1953 3928 an
1975 3880 2099 3928 non
2119 3873 2203 3930 vi-

545 3958 653 4015 des
678 3974 783 4015 eos
811 3957 917 4032 qui
947 3961 1121 4014 astate
1142 3958 1372 4027 vigent,
1398 3958 1643 4022 abduci.
1675 3965 1853 4033 atque
1900 3960 1976 4018 de
2004 3962 2206 4019 medio

546 4047 709 4104 tolli?
740 4046 979 4103 Nullum
1005 4046 1367 4118 praefinitum
1398 4051 1637 4121 tempus
1670 4049 1796 4105 vita
1822 4048 2024 4105 habet.
2055 4050 2209 4116 Quid

550 4141 887 4209 exspectas,
918 4139 985 4192 ut
1012 4134 1306 4192 beneﬁcio
1341 4136 1525 4191 febris
1555 4141 1609 4192 et
1633 4152 1884 4193 munere
1906 4138 2211 4211 baptisma

550 4224 815 4297 accipias
834 4224 862 4279 ?
886 4223 1138 4296 quando
1188 4238 1387 4296 neque
1418 4223 1705 4281 salutaria
1733 4226 1919 4282 verba
1945 4227 2211 4298 proferre

551 4313 796 4387 poteris,
816 4328 1013 4385 neque
1036 4312 1184 4369 forte
1210 4313 1316 4369 tibi
1337 4312 1495 4370 clare
1518 4314 1726 4371 audire
1751 4314 1971 4383 licebit,
1997 4316 2211 4373 morbo

555 4407 738 4474 caput
764 4403 964 4475 ipsum
993 4406 1362 4475 occupaute:
1396 4419 1519 4460 non
1550 4420 1767 4460 manus
1788 4404 1867 4461 ad
1888 4405 2107 4462 coelum
2132 4411 2213 4463 at-

556 4490 780 4562 tollere,
807 4506 931 4547 nou
970 4490 1032 4547 in
1084 4490 1270 4564 pedes
1319 4493 1484 4563 erigi,
1519 4508 1642 4550 non
1683 4509 1841 4564 genu
1868 4494 2103 4552 ﬂectere
2134 4498 2212 4554 ad

554 4580 965 4647 adorandum,
988 4595 1113 4637 non
1136 4582 1454 4639 commode
1487 4581 1712 4653 doceri,
1746 4600 1869 4640 non
1900 4584 2214 4656 diligenter

490 4674 497 4691 ‘
557 4668 978 4737 conﬁteri,non
1007 4668 1236 4741 pacisci
1255 4686 1396 4727 cum
1427 4674 1705 4739 Deo,non
1734 4673 1979 4731 inimico
1996 4690 2215 4732 renun-

2313 3254 2432 3302 κίαν
2478 3251 2659 3324 παύση
2713 3258 2809 3311 τῆς
2856 3249 3137 3323 ἁμαρτίας,
3181 3259 3277 3315 τῆς
3326 3250 3602 3314 ἀσθενείας
3648 3252 3678 3309 ἡ
3732 3250 3897 3323 χάρις.

2315 3337 2648 3412 Ἐπαινοῦμεν
2699 3335 2758 3392 δέ
2818 3338 2936 3400 τούς
2990 3342 3127 3393 κατά
3183 3344 3487 3414 προαίρεσιν
3555 3339 3793 3412 ἀγαθούς,
3846 3334 3900 3388 ού

2312 3431 2430 3487 τούς
2478 3427 2579 3480 ἀπό
2638 3445 2778 3490 τινος
2839 3426 3071 3500 ἀνάγκης
3128 3428 3531 3502 ἐξειργομένους.
3574 3434 3666 3491 Τίς
3723 3423 3780 3480 δέ
3825 3442 3900 3478 σοι

2314 3519 2513 3569 καὶτὸν
2546 3517 2662 3590 ὅρον
2703 3523 2799 3590 τῇς
2843 3517 2984 3579 ζωῆς
3009 3517 3201 3586 facit;
3232 3523 3314 3581 τίς
3346 3536 3432 3570 σοι
3470 3522 3571 3577 τὴν
3591 3517 3901 3592 προθεσμίαν

2313 3613 2406 3659 τοῦ
2458 3612 2636 3682 γήρως
2691 3607 2885 3681 ὥρισε;
2941 3612 3017 3667 τίς
3068 3608 3225 3668 οὕτως
3282 3606 3596 3671 ἀξιόπιστος
3645 3607 3787 3682 παρά
3826 3605 3901 3657 σοὶ

2314 3703 2416 3748 τῶν
2465 3695 2744 3757 μελλόντων
2786 3695 3084 3768 έγγυητὴς;
3119 3697 3241 3769 Οὐχ
3296 3698 3422 3770 ὁρᾷς
3472 3702 3644 3757 νήπια
3689 3694 3904 3770 ἁρπαζό·

2316 3803 2443 3858 μενα
2492 3784 2627 3856 (99),
2673 3785 2791 3845 τοὺς
2844 3784 2891 3836 ἐν
2938 3783 3119 3857 ἡλικία
3169 3785 3572 3858 ἀπαγομένους;
3634 3785 3741 3837 Ούκ
3800 3784 3902 3855 (zu

2316 3880 2439 3949 μίαν
2489 3874 2810 3949 προθεσμίαν
2860 3875 2886 3926 ὁ
2938 3872 3076 3946 βίος.
3117 3878 3182 3927 Τί
3227 3874 3487 3947 ἀναμένεις
3547 3880 3771 3952 πυρετοῦ
3827 3888 3903 3924 σοι

2319 3961 2486 4039 δῶρον
2531 3965 2771 4035 γενέσθαι
2817 3966 2875 4016 τὸ
2931 3961 3250 4037 βάπτισμα;
3305 3965 3388 4018 ὅτε
3417 3961 3547 4019 οὐδέ
3596 3963 3904 4038 φθέγξασθαι

2320 4050 2527 4125 ὃυνσήῃ
2576 4055 2643 4104 τὰ
2696 4056 2931 4127 σωτήρια
2969 4053 3199 4127 ῥήματα,
3230 4055 3379 4126 τάχα
3427 4049 3487 4107 δὶ
3538 4050 3666 4108 οὐδέ
3695 4053 3907 4106 ἀκοῦσαι

2318 4143 2554 4216 καθαρῶς
2611 4140 2969 4216 ἐπιτραπήση,
3037 4140 3165 4214 αὐτῇ
3232 4150 3295 4214 τῇ
3366 4140 3565 4216 κεφαλῇ
3626 4142 3907 4197 ἐνοικούσης

2319 4238 2414 4293 τῆς
2442 4234 2598 4284 νόσου
2623 4250 2637 4264 ·
2680 4229 2739 4282 ού
2768 4237 2951 4305 χεῖρας
2993 4224 3116 4305 ἆραι
3148 4231 3214 4293 εἰς
3243 4231 3477 4307 ούρανόν,
3512 4231 3613 4285 οὐκ
3639 4232 3721 4285 ἐπὶ
3758 4224 3911 4288 πόδας

2323 4315 2690 4386 διαναστῆναι,
2751 4320 2808 4371 ού
2872 4318 3039 4372 κλῖναι
3096 4324 3218 4391 γόνυ
3278 4320 3344 4382 εἰς
3389 4324 3482 4379 τὴν
3535 4322 3906 4397 προσκύνησιν,

2323 4408 2383 4460 ού
2431 4405 2765 4480 διδαχθῆναι
2795 4412 3096 4481 χρησίμως,
3148 4409 3253 4481 οὐχ
3302 4409 3634 4483 ὁμολογῆσαι
3664 4407 3908 4482 ἀσφαλῶς,

2326 4498 2454 4569 οὐχὶ
2502 4498 2785 4550 συνθέσθαι
2841 4505 2977 4568 Θεῷ,
3035 4498 3130 4551 ούκ
3175 4498 3541 4561 ἀποτάξασθαι
3599 4507 3671 4570 τῷ
3722 4499 3908 4571 ἐχθρῷ,

2326 4590 2474 4659 τάχα
2521 4583 2580 4639 δέ
2625 4582 2749 4640 οὐδε
2798 4593 3017 4649 συνετῶς
3066 4586 3486 4647 ἐπακολουθῆσαι
3540 4585 3912 4661 μυσταγωγού·

2329 4695 2494 4751 μενος,
2547 4674 2830 4749 ἀμφίϐολος
2879 4677 2946 4728 ὢν
2994 4683 3101 4738 τοῖς
3147 4684 3424 4753 παροῦσιν,
3478 4671 3584 4752 ἆρα
3634 4680 3711 4750 (1)
3754 4676 3910 4749 ᾔσθου

632 4780 679 4817 ¹³
710 4776 895 4837 Galat.
928 4793 1006 4846 vi,
1038 4780 1091 4834 7.
1171 4779 1215 4814 “
1248 4781 1268 4835 Ι
1300 4780 1429 4837 Cor.
1461 4794 1560 4850 xv,
1585 4784 1674 4837 56.
1757 4782 1801 4817 ’⁵
1833 4784 2012 4839 Rom.
2049 4800 2124 4853 vi,
2160 4787 2201 4841 t:

2325 4784 2372 4821 ¹⁶
2403 4784 2426 4840 I
2459 4786 2609 4840 Petr.
2638 4798 2719 4851 111,
2750 4786 2833 4841 tt.

631 4896 745 4971 (93)
763 4892 1008 4971 Antiqui
1028 4892 1150 4971 (ἒυο
1178 4892 1313 4971 libri
1345 4896 1602 4971 ἀμφρῖίυξν
1635 4894 1908 4971 5‘09?!er-

632 4964 747 5035 (94⁷)
778 4964 1034 5040 Basilius
1055 4965 1169 5040 hoc
1186 4964 1354 5021 dicit:
1378 4964 1518 5040 Νι)Ιὶ
1537 4964 1710 5040 ἀοιιό
1730 4964 2109 5040 baptismatis
2130 4971 2212 5028 ita

558 5040 664 5105 uti,
698 5043 764 5094 ut
790 5036 1019 5111 deliciis
1052 5036 1271 5111 fruare,
1302 5037 1601 5111 genioque
1648 5036 1985 5111 indulgeas,
2018 5045 2075 5098 ct
2113 5042 2212 5098 dc-

559 5112 672 5168 das
702 5115 757 5166 te
778 5107 1216 5181 voluptatibus.

630 5183 742 5251 (95)
769 5179 943 5253 Colb.
957 5179 1188 5253 primus
1214 5184 1388 5253 μήτηρ
1424 5180 1556 5253 ἐστί.

633 5250 1188 5327 (96).Οο.1ὴ.⁷ίθῐςίὶυβ
1216 5250 1386 5327 ποιεῖ.
1447 5251 1674 5327 [bidem
1720 5253 1782 5327 in
1830 5256 1971 5321 Reg.
2014 5254 2212 5327 primo

604 5319 682 5398 ro
727 5319 1002 5398 ἀναδόσεις
1054 5322 1271 5393 legitur
1322 5319 1636 5398 ἀντιδόσεις.
1693 5319 2034 5398 Αὶὶᾳιιίιιιίό
2074 5332 2213 5397 post

560 5341 671 5451 Ero
729 5341 1002 5383 αναοοσεις
1054 5341 1271 5393 lcgltul‘
1322 5341 1636 5385 αντιοοσεις.
1693 5341 2017 5398 Aliquanto
2074 5341 2207 5397 post

608 5394 727 5451 olb.
759 5394 979 5472 tertius
1004 5409 1112 5464 pro
1130 5401 1202 5472 τῷ
1226 5402 1344 5472 ,Θεῷ
1367 5394 1547 5472 habet
1583 5402 1882 5472 Ῑῷ-ίίυρίῳ,
1916 5399 2207 5453 Domino:

561 5481 698 5543 quas
742 5464 921 5543 verba
945 5465 1028 5520 ita
1056 5465 1543 5543 scripta_s_unt‘in
1576 5464 1741 5543 Golb,
1768 5464 2002 5540 "primo,
2034 5473 2209 5543 παρά-

565 5534 747 5595 ᾱτήσω
790 5536 1091 5611 αὐτά-ποτε
1132 5534 1222 5589 καὶ
1273 5537 1404 5590 ὅπλα
1444 5534 1880 5611 δικαιοσύνηζτῴ
1923 5534 2057 5611 Θέῷ,
2092 5534 2209 5598 tilio

562 5610 793 5670 ordine.
816 5611 873 5662 et
901 5606 1139 5663 clarius.

632 5681 747 5761 (97)
775 5679 919 5754 Reg.
958 5677 1191 5767 primus
1222 5679 1248 5741 ὁ
1286 5682 1432 5738 Κάῑν.
1466 5679 1589 5740 Hoc
1617 5682 1755 5767 ipso
1790 5683 1852 5743 in
1886 5683 2022 5744 loco
2043 5683 2208 5755 idem

2321 4901 2511 4976 codex
2536 4908 2718 4976 πρῶτα
2746 4902 2903 4973 μὲν...
2930 4896 3257 4976 δεύτεραὲδέ.

2392 4974 2498 5045 (98)
2532 4969 2766 5047 Veteres
2808 4969 3088 5047 quatuor
3111 4971 3247 5028 libri
3294 4972 3687 5047 παραλυθέντος,
3736 4969 3912 5047 Editio

2318 5043 2681 5124 utraque__ct
2704 5043 2865 5124 ‘Reg’.
2920 5044 3123 5124 tertius
3145 5043 3573 5124 Δτι-σιρσιλιίοένιρτος.
3604 5044 3915 5118 Aliquanto

2320 5112 2665 5187 postholb.
2700 5112 2905 5170 tertius
2930 5112 3101 5187 οὐδεὶς
3132 5112 3454 5171 δικαιοῦται.

2393 5189 2503 5256 (99)
2535 5187 2701 5259 Cle.
2726 5187 2963 5259 primus
2988 5185 3409 5259 ἀναρπαζόμενα.

2390 5252 3119 5332 (1)Ἐόὶιὶφλίδδτίει-ἣμᾶρῌοέ,
3152 5252 3381 5332 Vocula
3429 5261 3458 5317 ἦ
3507 5257 3567 5332 in
3617 5262 3912 5332 mss,no_a

2317 5325 2550 5402 legitur.
2583 5328 2810 5384 Ibidem
2843 5325 3238 5386 cditio'Paris.
3268 5330 3696 5402 ᾔσθημηέχεις.
3723 5325 3913 5402 _Editio

2320 5400 2495 5456 Basil.
2521 5405 2577 5472 et
2603 5416 2703 5455 sex
2732 5416 2875 5455 mss.
2904 5402 3166 5472 ᾔσθιτοω
3196 5399 3375 5472 ἔχέι...
3409 5399 3574 5456 Colb.
3603 5399 3810 5455 tertius
3834 5413 3919 5452 re-

2317 5473 2473 5527 centi
2506 5471 2836 5545 admodum
2868 5471 3053 5526 manu
3075 5471 3257 5545 habet
3284 5473 3706 5545 ᾔσθου...ἓχειςτ
3732 5483 3913 5545 quam

2318 5543 2827 5609 emendationem,
2861 5558 3001 5597 cum
3029 5542 3175 5600 nihil
3201 5541 3415 5606 melius
3443 5541 3788 5609 occurrerit,
3827 5554 3913 5595 se-

2316 5614 2420 5691 qui
2449 5629 2573 5676 non
2594 5613 3033 5674 dubitavimus.
