4076 6190
250 257 358 310 437
1357 265 1642 320 HOMILIA
1687 265 1751 318 lN
1795 260 2132 319 SANCTUM
2171 265 2534 320 BAPTISMA.
3511 261 3614 316 438

259 387 355 439 τῆς
385 381 634 453 χάριτος,
660 381 689 440 ἦ
724 381 1052 450 ἀναισθήτως
1078 390 1218 460 ἔχεις
1245 396 1346 442 τῶν
1374 393 1668 461 γινομένων.
1695 386 1856 440 Ὅταν

2005 388 2136 452 iare,
2170 403 2366 459 neque
2398 388 2545 444 forte
2575 387 2636 442 in
2684 384 3038 458 recipiendis
3073 383 3461 440 initiamentis
3489 399 3615 440 rem

254 463 312 520 ἴε
367 473 465 521 καὶ
521 468 880 545 ἐπιστημόνως
934 481 1031 535 τὴν
1077 481 1237 553 χάριν
1295 475 1417 551 δέξῃ
1475 484 1588 532 τότε
1642 481 1702 530 τό
1766 479 1856 550 μὶν

2007 476 2220 532 cienter
2242 477 2524 549 prosequi
2550 494 2563 542 ;
2588 492 2726 531 cum
2749 474 3023 530 dubitent
3043 475 3146 547 qui
3169 473 3617 541 adsunt,utrum

253 557 505 611 τάλαντον
527 561 686 632 ἔχεις,
715 565 812 621 τὴν
850 561 912 619 δὲ
949 563 1196 640 ἐργασίαν
1221 568 1317 622 οὐκ
1346 567 1577 644 ἐπιφέρῃ.

2008 565 2226 621 anseris
2253 565 2532 634 gratiam,
2560 582 2637 622 an
2660 566 2785 620 sine
2817 579 2996 618 sensu
3026 579 3162 634 quae
3187 567 3448 631 aguntur
3467 563 3618 619 acci-

1965 653 2250 726 pias.lmo
2275 655 2454 710 etiam
2477 653 2584 710 etsi
2607 653 2800 708 sciens
2826 652 3084 721 gratiam
3106 652 3461 723 susciperes,
3478 658 3619 707 tunc

1965 743 2210 815 quidem
2242 743 2532 800 talentum
2562 743 2777 810 habes,
2811 741 2917 796 sed
2938 739 3173 796 lucrum
3203 755 3328 796 non
3358 739 3564 796 refers.

320 828 376 881 ο.
419 829 670 898 Μίμησαι
715 831 802 884 τὸν
850 833 1124 906 εὐνοῦχον.
1161 835 1320 910 Εὗρεν
1366 834 1555 896 ἐκεῖνος
1601 837 1687 890 τὸν
1736 854 1855 888 κατε

2038 837 2088 890 6.
2130 832 2364 888 lmitare
2411 833 2755 888 eunuchum
2782 833 2846 885 ³⁷.
2883 829 2982 885 llle
3027 829 3254 884 invenit
3285 830 3390 901 qui
3417 827 3617 900 ipsum

252 922 514 985 ηχοῦντα,
556 920 644 969 καὶ
689 919 781 972 οὐκ
833 920 1077 996 ὑπορεῖδε
1114 929 1206 984 τήν
1246 925 1500 997 μάθησιν,
1528 922 1637 977 ἀλλ’
1675 924 1759 979 ἐπὶ
1797 928 1855 978 τὸ

2010 922 2162 978 rima
2207 922 2347 978 ﬁdei
2379 922 2672 978 elementa
2713 921 2973 984 doceret,
3005 935 3117 975 nec
3164 918 3504 974 doctrinam
3547 934 3618 975 ac

253 1004 398 1077 ἅρμα
443 1003 793 1063 ἐινεϐιϐοὲσατο
834 1013 924 1064 τὸν
968 1015 1165 1073 πένητα
1212 1013 1240 1066 ὀ
1280 1013 1550 1081 πλούσιος,
1581 1017 1668 1067 τὸν
1714 1011 1858 1069 ἰδιώ-

2012 1017 2334 1067 ocumenta
2363 1014 2725 1084 aspernatus
2755 1013 2842 1066 est
2867 1026 2880 1064 :
2931 1009 3038 1064 sed
3068 1009 3129 1064 in
3160 1023 3406 1064 currum
3431 1007 3622 1064 evexit

250 1112 341 1151 nar
387 1099 478 1148 καὶ
524 1096 969 1174 εὐκαταφρόνητον
1025 1104 1052 1154 ὁ
1114 1101 1340 1177 σοϐαρὸς
1388 1107 1478 1157 καὶ
1533 1105 1853 1179 ὑπέρογκος·

2013 1115 2300 1172 auperem
2329 1099 2518 1168 dives,
2551 1099 2804 1155 idiotam
2833 1103 2889 1153 et
2917 1096 3359 1169 aspernabilem
3390 1096 3623 1166 magni-

251 1186 338 1236 καί
369 1180 657 1257 διδαχθεὶς
701 1192 760 1242 τό
810 1189 1120 1263 Εὐαγγέλεον
1162 1203 1260 1257 τῆς
1314 1192 1607 1266 βασιλείας,
1650 1190 1858 1259 ἐδέξατο

2014 1205 2120 1244 cus
2173 1192 2231 1246 et
2281 1194 2715 1261 sumptuosus;
2777 1192 2958 1260 atque
3006 1186 3175 1257 regni
3231 1187 3620 1258 Evangelium

251 1277 342 1344 μὲν
394 1281 457 1346 τῇ
526 1273 724 1350 καρδίᾳ
772 1283 866 1338 τήν
913 1287 1114 1350 πίστιν,
1171 1281 1265 1334 οὐκ
1335 1280 1602 1336 ἀνεϐάλετο
1662 1279 1720 1337 δὲ
1766 1283 1860 1344 τήν

2011 1277 2238 1347 doctus,
2263 1279 2525 1350 suscepit
2554 1277 2733 1332 corde
2764 1276 2968 1346 ﬁdem,
3003 1291 3128 1331 non
3155 1276 3414 1346 sigillum
3446 1274 3621 1348 Spiri-

256 1359 533 1435 σφραγῖδα
573 1373 666 1418 τοῦ
701 1370 1020 1442 Πνεύματος.
1044 1367 1259 1431 Ἐπειδὴ
1294 1373 1394 1446 γὰρ
1439 1370 1745 1431 ἀπήντησαν
1783 1373 1860 1445 (2)

2010 1383 2063 1422 is
2095 1367 2344 1423 distulit.
2378 1370 2526 1423 Cum
2576 1367 2757 1422 etiam
2788 1364 3206 1437 pervenissent
3256 1364 3334 1420 ad
3373 1379 3620 1436 aquam,

253 1447 433 1520 ὕδατι,
471 1449 633 1522 Ἰδοὺ,
666 1460 848 1528 φησὶν,
880 1455 1046 1534 ὕδωρ,
1084 1460 1169 1514 Ἐκ
1211 1466 1555 1536 περιχαρείας
1599 1463 1625 1514 6
1672 1462 1820 1534 λόγος
1843 1483 1856 1497 ο

2014 1457 2139 1521 ἵεσο,
2193 1457 2411 1529 inquit,
2455 1471 2636 1527 aqua.
2688 1455 2818 1510 Vox
2862 1453 3121 1523 ingentis
3179 1452 3420 1523 gaudii:
3478 1456 3624 1508 Ecce

253 1537 394 1594 Ἰδοὺ
457 1546 519 1595 τό
570 1543 902 1619 ζητούμενον,
957 1552 1020 1602 Ti
1083 1548 1269 1602 κωλύει
1326 1570 1390 1623 με
1458 1549 1856 1622 βαπτισθῆναι;

2018 1545 2137 1600 uod
2167 1545 2473 1617 qureritur,
2505 1545 2662 1612 Quid
2689 1544 2967 1614 prohibet
3012 1557 3102 1599 me
3141 1543 3486 1612 baptizari?
3519 1542 3627 1599 Ubi

250 1628 420 1682 Ὅπου
471 1636 778 1706 προαίρεσις
831 1633 1036 1709 ἑτοίμη,
1087 1640 1145 1689 τὸ
1192 1636 1388 1690 κωλύον
1436 1635 1608 1694 οὐδέν.
1663 1639 1721 1692 Ὀ
1758 1643 1857 1713 γὰρ

2015 1638 2256 1706 rompta
2302 1633 2584 1690 voluntas
2637 1637 2744 1701 est,
2777 1633 2944 1704 quod
2987 1631 3286 1703 impediat
3329 1631 3478 1689 nihil
3516 1636 3625 1689 est.

250 1718 418 1770 καλῶν
483 1719 877 1794 φιλάνθρωπος,
943 1726 968 1777 6
1035 1721 1277 1790 διάκονος
1351 1726 1598 1801 εὐτρεπὴς
1659 1729 1756 1799 (3),
1825 1731 1856 1789 ἡ

2021 1723 2252 1795 θωζᾳιιὶ
2276 1727 2474 1791 vocat,
2504 1721 2809 1792 benignus
2842 1724 2968 1776 est:
3018 1720 3337 1792 expeditus
3385 1725 3474 1778 est
3515 1723 3629 1778 mi-

249 1810 415 1882 χάρις
470 1811 724 1883 ἄφθονος·
777 1815 809 1872 ἡ
882 1816 1151 1889 προθυμία
1216 1815 1576 1892 ἐνυπαρχέτω,
1645 1823 1736 1870 καί
1799 1823 1858 1872 τὸ

2015 1811 2169 1881 ister,
2195 1811 2504 1868 uberrima
2529 1810 2740 1880 gratia.
2773 1809 3048 1866 Studium
3070 1809 3212 1865 insit
3233 1813 3290 1865 et
3321 1809 3625 1876 alacritas,

251 1893 539 1969 ἐμποδίζον
582 1901 677 1954 οὐκ
719 1903 890 1959 ἔσται.
918 1904 1007 1967 Εἷς
1052 1903 1193 1959 ἐστιν
1233 1906 1260 1958 6
1295 1906 1524 1975 κωλύων,
1558 1909 1583 1959 ό
1628 1907 1860 1982 ἐμφράσ-

2020 1915 2218 1973 imque
2249 1900 2485 1956 nullum
2513 1900 2622 1956 erit
2648 1899 3178 1972 impedimentum.
3216 1900 3377 1955 Unus
3409 1904 3498 1956 est
3525 1900 3630 1972 qui

254 2004 355 2038 σων
403 1990 532 2060 ἡμῖν
582 1992 678 2051 τὰς
725 1991 798 2054 εἰς
845 1997 1108 2066 σωτηρίαν
1147 1989 1325 2065 ὁδοὺς,
1359 1995 1412 2048 ὃν
1452 2002 1743 2071 νικήσωμεν
1791 2003 1854 2070 τῇ

2017 1989 2268 2056 rohibet,
2301 1989 2396 2045 ille
2427 1989 2720 2054 videlicet,
2754 1988 2859 2061 qui
2889 1987 3065 2044 nobis
3091 1988 3219 2045 vias
3265 1989 3344 2044 ad
3371 1988 3627 2046 salutem

253 2079 475 2133 συνέσει.
509 2077 734 2143 Ἐκεῖνος
762 2082 850 2133 τόν
898 2084 1041 2136 ὄκνον
1085 2084 1209 2156 ἡμῖν
1262 2082 1504 2158 ἐμποιεῖ·
1538 2087 1686 2159 ἡμεῖς
1731 2082 1856 2138 δια-

2020 2078 2241 2144 bstruit,
2270 2094 2452 2151 quem
2475 2077 2797 2150 prudentia
2816 2078 3156 2134 vincamus.
3180 2076 3280 2133 Ille
3304 2077 3630 2136 cunctatio~

247 2175 517 2240 ναστῶμεν
564 2171 697 2243 πρὸς
744 2167 1017 2244 ἐργασίαν.
1066 2171 1289 2237 Ἐκεῖνος
1337 2171 1598 2238 διακένοις
1645 2173 1857 2250 ἐπαγγε-

2020 2167 2060 2222 is
2090 2183 2160 2223 ac
2190 2183 2375 2224 morae
2400 2167 2576 2224 nobis
2603 2171 2814 2224 auctor
2835 2172 2959 2236 est;
2992 2181 3107 2222 nos
3131 2166 3211 2223 ad
3232 2182 3386 2239 opus
3407 2166 3630 2224 facien-

246 2252 383 2317 λίαις
429 2255 526 2318 τὰς
571 2252 797 2330 καρδίας
849 2261 992 2330 ἡμῶν
1045 2258 1313 2332 ἐξαπατᾷ·
1368 2265 1518 2336 ἡμεῖς
1574 2262 1734 2316 αὐτοῦ
1785 2267 1855 2337 μή

2018 2272 2114 2312 um
2142 2256 2560 2326 insurgamus.
2593 2257 2694 2312 llle
2735 2256 3023 2313 inanibus
3071 2256 3394 2328 promissis
3441 2256 3628 2315 corda

245 2339 404 2413 ἐγνοή
415 2362 587 2418 σωμεν
615 2347 684 2398 τὰ
710 2352 968 2419 νοήματα.
988 2346 1052 2402 Ἥ
1073 2351 1174 2424 γὰρ
1206 2349 1334 2422 οὖχὶ
1359 2355 1453 2409 τὴν
1481 2353 1571 2424 μὲν
1597 2351 1855 2426 ἁμαρτίαν

2015 2350 2175 2402 ostra
2216 2345 2471 2418 decipit:
2522 2361 2635 2403 nos
2681 2347 2811 2416 ejus
2841 2346 3103 2415 cogitata
3130 2361 3207 2402 ne
3253 2346 3625 2416 ignoremus.

246 2436 478 2505 σήμερον
505 2443 671 2487 ποιεῖν
702 2433 1003 2509 ὑποϐάλλει,
1031 2456 1126 2512 τῃν
1170 2434 1230 2492 δὲ
1279 2435 1620 2499 δικαιοσύνην
1651 2441 1724 2503 εἰς
1760 2446 1854 2500 τήν

2015 2451 2175 2493 onne
2205 2435 2473 2506 suggerit
2519 2441 2582 2492 ut
2628 2435 2808 2492 hodie
2838 2439 3254 2507 perpetremus
3285 2440 3622 2508 peccatum,

243 2525 426 2592 αὔριον
465 2524 630 2576 πείθει
669 2525 812 2597 ἡμᾶς
856 2527 1229 2598 ταμιεύεσθαι;
1277 2529 1371 2581 Διὰ
1407 2535 1562 2582 τοῦτο
1588 2530 1613 2581 ό
1641 2531 1850 2605 Κύριος,

2013 2524 2182 2581 16.th
2209 2541 2239 2580 e
2268 2524 2529 2596 diverso,
2564 2529 2628 2582 ut
2651 2524 2946 2596 justitiam
2972 2524 3033 2579 in
3065 2524 3397 2581 crastinum
3427 2540 3623 2581 reser-

235 2608 475 2663 ἀναλύων
526 2611 691 2666 αὑτοῦ
740 2613 838 2678 τὰς
901 2617 1132 2690 πονηρὰς
1199 2616 1540 2689 συμϐουλίας,
1600 2622 1845 2693 Σήμερον,

2014 2621 2218 2670 emus?
2264 2617 2641 2687 Quapropter
2668 2615 2957 2670 Dominus
2986 2629 3173 2686 prava
3206 2615 3337 2686 ejus
3368 2614 3624 2673 consilia

235 2703 424 2771 φησὶν,
480 2699 566 2753 ἐὰν
620 2710 716 2765 τῆς
773 2712 943 2776 φωνῆς
997 2724 1091 2778 μον
1160 2703 1439 2764 ἀκούσητε.
1500 2707 1718 2770 Ἐκεῖνος
1769 2707 1845 2760 λέ-

2008 2709 2258 2772 vertens,
2293 2705 2412 2761 ait:
2452 2706 2660 2773 {Hodie
2687 2706 2739 2762 si
2769 2720 2965 2762 vocem
2992 2720 3184 2762 meam
3212 2705 3529 2762 audieritis
3552 2706 3618 2762 η.

230 2807 358 2858 γει·
409 2791 516 2847 Τήν
567 2793 794 2866 σήμερον
847 2791 981 2866 ἐμοὶ,
1038 2797 1128 2848 καὶ
1179 2799 1271 2853 τὴν
1339 2798 1517 2871 αὔριον
1580 2805 1654 2868 τῷ
1718 2804 1840 2868 Οεῷ.

2011 2792 2062 2849 le
2091 2793 2267 2850 dicit:
2299 2793 2668 2850 Hodiernum
2698 2793 2866 2861 mihi,
2886 2793 3228 2866 crastinum
3257 2795 3396 2850 Deo.
3427 2793 3621 2850 Domi-

225 2875 292 2929 Ὀ
344 2880 541 2952 Κύριος
588 2877 840 2952 ὼτιϐοᾲο
901 2886 1124 2957 Σήμερον
1172 2891 1269 2947 τῆς
1305 2879 1432 2957 ἐμῆς
1485 2892 1655 2957 φωνῆς
1701 2882 1835 2939 ἀκού·

2015 2898 2080 2938 us
2102 2887 2314 2940 contra
2341 2883 2738 2940 vociferatur:
2775 2883 2958 2939 Hodie
2989 2899 3202 2939 vocem
3232 2899 3434 2939 meam
3455 2883 3625 2941 audi-

227 2983 363 3018 mr
391 2968 492 3038 (4).
526 2973 736 3026 Νόησον
782 2972 872 3024 τὸν
901 2969 1094 3048 ἐχθρόν
1119 2993 1131 3006 ·
1165 2973 1225 3026 οὗ
1262 2973 1431 3046 τολμᾷ
1461 2972 1837 3048 συμϐουλεῦσαι

2071 2971 2404 3029 Considera
2444 2971 2791 3037 inimicum;
2842 2971 3096 3028 suadere
3140 2988 3264 3028 non
3320 2972 3525 3043 audet,
3559 2976 3624 3030 ut

219 3054 458 3108 καθόλου
507 3055 805 3118 ἀποστῆναι
838 3067 972 3113 Θεοῦ
1002 3057 1186 3133 (οἶδεν,
1219 3063 1299 3115 ὅτι
1348 3061 1489 3138 βαρὺ
1518 3069 1672 3116 τοῦτο
1699 3062 1825 3116 ἁκοῦ

2008 3061 2209 3117 mnino
2237 3077 2272 3117 a
2299 3063 2418 3116 Deo
2450 3060 2698 3116 secedas
2724 3060 2914 3130 (novit
2939 3061 3001 3116 id
3029 3061 3239 3116 auditu
3268 3061 3618 3117 Christianis

222 3162 324 3197 σαι
372 3138 764 3219 ἓὶριστιανοῖς),
813 3146 944 3201 ἀλλὰ
986 3153 1200 3222 τέχναις
1244 3149 1537 3215 όιπατηλαῖς
1577 3149 1825 3225 μεθοδεύε

2005 3167 2141 3208 rava
2156 3151 2330 3221 esse),
2352 3151 2460 3206 sed
2484 3148 2881 3206 fraudulentis
2907 3149 3136 3206 artibus
3165 3153 3345 3221 atque
3373 3149 3615 3206 insidio—

218 3237 322 3293 τὴν
351 3233 722 3310 ἐπιχείρησιν.
755 3241 916 3312 Σοφός
954 3237 1068 3292 ἐστι
1097 3245 1191 3292 τοῦ
1221 3249 1595 3300 κακοποιῆσαι.
1629 3247 1825 3317 Συνορᾷ

2003 3242 2040 3295 is
2070 3239 2435 3309 aggreditur.
2473 3239 2720 3312 Sapiens
2769 3241 2857 3294 est
2899 3239 2980 3294 ad
3011 3237 3520 3295 malefaciendum
3544 3241 3613 3298 ⁸⁸.

217 3326 306 3377 ὅτι
349 3330 494 3379 κατὰ
549 3329 609 3380 τό
670 3327 834 3402 παρόν
885 3329 1052 3402 ζῶμεν
1105 3331 1155 3383 οἱ
1206 3331 1494 3406 ἄνθρωποι,
1553 3337 1642 3386 καὶ
1698 3338 1827 3387 πᾶσι

2005 3328 2230 3399 itelligit
2259 3345 2372 3385 nos
2404 3328 2684 3384 homines
2713 3327 2774 3382 in
2804 3327 3090 3400 praesenti
3117 3327 3316 3384 solum
3345 3331 3615 3402 tempore

218 3414 424 3489 πρᾶξις
465 3417 606 3468 κατὰ
653 3418 710 3468 τό
742 3416 960 3482 ἐνεστὼς
1007 3416 1304 3494 ἐνεργεῖται.
1333 3424 1439 3479 Τὴν
1484 3415 1572 3472 οὖν
1621 3422 1828 3496 σήμεροι

2000 3417 2621 3489 ἱνοτο,’ξοοίίοηοωιιυθ
2651 3432 2899 3473 omnem
2923 3415 2986 3473 in
3023 3417 3308 3489 praesenti
3336 3422 3610 3491 tempore

221 3502 464 3558 κλέπτων
523 3505 671 3576 ἡμῶν
721 3500 816 3558 δ’ιὰ
869 3515 968 3570 τῆς
1029 3504 1328 3579 μεθοδείας,
1390 3516 1488 3571 τῆς
1535 3513 1712 3585 αὔριον

2001 3507 2100 3563 eri.
2136 3507 2547 3572 Quamobrem
2575 3506 2871 3562 hodierna
2900 3505 2996 3562 die
3044 3505 3224 3562 nobis
3265 3506 3611 3564 fraudulen-

223 3594 356 3666 ἡμῖν
385 3596 483 3657 τὰς
514 3590 734 3657 ἐλπίδας
776 3600 1136 3670 περιαφίησιν.
1167 3593 1312 3664 Εἶτα,
1346 3594 1556 3651 ἐπειδαν
1585 3600 1616 3658 ἡ
1665 3599 1833 3674 αὖριοι

2002 3611 2040 3651 ειν
2069 3600 2367 3667 surrepta,
2401 3595 2576 3652 nobis
2602 3611 2774 3668 spem
2805 3595 3084 3652 crastinas
3109 3595 3409 3668 relinquit.
3438 3595 3612 3653 Dein-

223 3682 375 3756 ῦθῃ,
445 3682 603 3736 πάλιν
662 3683 876 3759 ἶρχεται
944 3687 971 3738 6
1023 3686 1184 3749 κακὸς
1244 3691 1605 3762 συμμεριστὴς
1671 3687 1833 3762 ἡμῶν,

2001 3700 2026 3742 e
2065 3699 2205 3742 cum
2231 3684 2360 3741 dies
2392 3685 2659 3742 crastina
2700 3685 2885 3749 venit,
2915 3699 3124 3741 rursus
3156 3683 3387 3742 accedit
3413 3685 3611 3743 malus

229 3769 391 3834 ἀξιῶν
422 3775 519 3831 τὴν
569 3775 794 3847 σήμερον
825 3773 1010 3846 ἐαυτῷ,
1043 3778 1132 3834 τὴν
1178 3771 1238 3829 δὲ
1287 3779 1466 3850 αὔριον
1513 3783 1586 3849 τῷ
1626 3781 1802 3852 Κυρίῳ
1826 3797 1839 3812 ·

1998 3772 2434 3845 oster,_divisor,
2467 3773 2704 3846 sibique
2749 3773 3130 3841 hodiernum,
3171 3773 3424 3830 Domino
3464 3788 3608 3833 vero

226 3865 321 3914 καὶ
350 3862 522 3924 οὕτως
551 3859 629 3914 ἀεὶ
669 3863 728 3915 τὸ
775 3865 866 3935 μὶν
894 3865 1060 3937 παρὸν
1092 3860 1150 3917 δι
1172 3864 1184 3885 ’
1220 3860 1418 3927 ἡδονῆς
1446 3866 1836 3941 ὑφαιρούμενος,

1999 3862 2283 3921 :astinum
2305 3862 2515 3935 poscit,
2547 3867 2729 3935 atque
2758 3862 2843 3918 sic
2871 3877 3113 3935 semper
3150 3863 3321 3934 120
3343 3878 3609 3936 praesens

226 3952 288 4000 τὸ
318 3945 384 4003 δι
430 3949 613 4023 μέλλον
642 3956 758 4014 ταῖς
803 3950 1006 4006 ἐλπίσιν
1054 3953 1202 4027 ἡμων
1241 3958 1571 4029 προσαφιεὶς,
1603 3955 1836 4012 λανθάνει

1996 3953 2192 4011 uidem
2223 3966 2333 4026 per
2361 3952 2728 4025 voluptatem
2757 3952 3142 4023 subtrahens,
3166 3953 3437 4010 futurum
3464 3969 3606 4012 vero

235 4040 379 4112 ἡμᾶς
406 4037 772 4094 ἀποϐουκολῶν
804 4048 901 4104 τῆς
929 4041 1090 4104 ζωῆς.

1995 4043 2075 4100 sei
2103 4047 2322 4100 nostrae
2341 4058 2713 4116 proponens,
2735 4042 3154 4116 imprudentes
3179 4057 3292 4099 nos
3315 4046 3374 4100 et
3398 4043 3605 4101 incau-

1945 4136 2038 4188 tos
2063 4136 2120 4190 et
2149 4132 2272 4190 vita
2299 4130 2604 4189 subducit.

303 4220 356 4272 7.
396 4221 665 4277 Ταιαύτην
703 4214 843 4272 εἶδον
872 4217 973 4292 ἐγώ
1015 4237 1140 4274 ποτε
1176 4224 1500 4298 πανουργίαν
1529 4223 1733 4298 ὄρνιθος
1759 4223 1839 4295 (6)

2016 4227 2076 4279 7.
2126 4221 2253 4278 Vidi
2284 4235 2398 4290 ego
2432 4221 2764 4294 aliquando
2802 4222 2985 4278 talem
3019 4220 3250 4278 callida
3277 4222 3601 4294 cujusdam

239 4305 562 4379 εὐμηχάνου.
604 4307 891 4379 Eat/uim»
931 4311 1034 4383 γὰρ
1084 4307 1215 4382 αὐτῇ
1265 4318 1366 4364 τῶν
1411 4319 1626 4364 νεοττῶν
1672 4312 1837 4384 ὑπαρ-

1990 4311 2078 4366 vis
2099 4309 2706 4367 astutiam.Nimirum
2728 4326 2866 4367 cum
2889 4309 3035 4383 pulli
3055 4311 3107 4380 ej
3117 4327 3186 4367 us
3197 4315 3402 4374 essent
3421 4317 3600 4386 captu

240 4401 438 4464 χόντων
507 4393 596 4450 δι’
663 4397 1000 4464 ἁπαλότητα,
1069 4397 1258 4458 ἑαυτήν
1319 4399 1704 4474 προϐαλλομένη
1767 4403 1835 4465 ὡς

1991 4400 2152 4456 iciles
2175 4400 2254 4456 ob
2271 4400 2824 4467 teneritudinem,se
2842 4400 2978 4471 ipsa
2998 4401 3323 4472 objiciebat
3343 4405 3408 4458 ut
3427 4419 3601 4475 para-

243 4484 440 4556 ἰτοιμον
501 4487 732 4561 θήραμα,
795 4491 884 4539 καὶ
942 4493 1058 4550 ταῖς
1123 4491 1283 4561 χερσὶ
1347 4496 1448 4541 τῶν
1517 4488 1836 4562 ἀγρευόντων

1987 4489 2567 4562 1m‘prmdam,atque
2579 4493 2718 4544 ante
2730 4490 3076 4546 venantium
3092 4507 3314 4548 manus
3326 4508 3597 4565 versans,

243 4570 636 4649 ἐπιστρεφομένη,
673 4578 793 4629 οὔτι
855 4574 1121 4649 ἁλώσιμος
1186 4573 1246 4636 ἧν
1303 4575 1358 4630 ἐκ
1403 4585 1495 4631 τοῦ
1546 4583 1837 4653 προχείρου

1991 4592 2142 4652 eque
2161 4578 2334 4636 facile
2354 4582 2586 4650 poterat
2605 4593 2641 4635 a
2652 4579 3040 4637 venatoribus
3057 4581 3415 4655 capi,neque
3427 4599 3598 4656 spem

247 4670 351 4726 τοῖς
398 4666 676 4739 θηρευταῖς
730 4665 832 4736 (7),
891 4668 1009 4719 οὔτε
1067 4663 1359 4739 ἀπόγνωσιν
1407 4667 1584 4731 αὐτοῖς
1633 4666 1843 4721 ἐνεποίει

1989 4667 2260 4740 apiendae
2295 4667 2518 4741 praedae
2560 4668 2645 4724 eis
2683 4667 3135 4728 adimebat.Sed
3174 4671 3405 4729 interea
3449 4671 3597 4728 dum

318 4789 360 4826 "
390 4793 516 4846 Act.
549 4805 676 4860 vni,
711 4793 780 4846 27
812 4805 946 4863 sqq.
1026 4787 1070 4825 ιθ
1102 4788 1255 4847 Psal.
1289 4806 1444 4862 χειν,
1475 4791 1535 4847 8.
1623 4791 1667 4827 ’θ
1699 4791 1915 4850 Jerem.
1945 4806 2024 4860 1v,
2052 4795 2138 4846 22.

317 4918 390 4978 (2‘;
423 4914 593 4990 Colb.
641 4914 872 4990 primus
921 4916 1246 4990 ὑπήντησαν.
1290 4920 1468 4973 Notas
1509 4915 1846 4990 eruditissi-

1983 4918 2349 4976 ranstulisse.
2383 4921 2499 4974 Nec
2528 4917 2609 4974 ita
2653 4917 2844 4975 multo
2889 4917 3047 4974 infra
3075 4916 3240 4990 βου).
3280 4921 3302 4990 _l
3333 4912 3445 4968 οἶδε
3471 4935 3593 4990 γαρ·

253 5001 399 5060 11183.
430 4986 656 5060 quibus
687 4987 937 5060 Ducaeus
969 4991 1158 5044 totam
1201 4988 1361 5045 hanc
1406 4988 1742 5045 orationem
1780 4989 1845 5046 il-
2026 4995 2102 5056 (5)
2148 4991 2240 5045 Sic
2269 5007 2417 5046 mss.
2450 5004 2684 5044 omnes.
2721 4991 2976 5060 Utraque
3021 4987 3205 5060 editio
3253 4987 3322 5050 εἰς
3371 4986 3596 5046 rems-

253 5056 472 5138 lustrat,
504 5057 677 5138 legas
701 5058 953 5138 suadeo.
983 5133 994 5138 _
1028 5129 1041 5138 _
1120 5132 1155 5138 ³
1376 5130 1391 5138 _
1593 5132 1604 5138 Α
1954 5077 2275 5138 piov,_s_pem
2297 5060 2466 5117 nobis
2489 5062 2557 5138 in
2590 5056 3232 5138 ςζζτιιειρηιιῆινθιγξίίιίι.⁸

318 5131 391 5199 (3)
423 5127 488 5210 In
519 5127 692 5210 poli).
719 5129 916 5210 primo
945 5133 1003 5210 et
1025 5129 1087 5186 in
1120 5132 1258 5199 Reg.
1291 5129 1496 5187 itidem
1517 5132 1713 5204 primo
1735 5147 1846 5206 pro
1954 5127 1989 5210 '_
2031 5127 2406 5210 ((_‘i_)_Ducreu_s.
2441 5136 2504 5210 ut
2549 5130 2692 5210 alibi
2733 5130 2808 5210 de
2828 5130 2969 5210 aliis
2994 5128 3196 5210 rebus,
3219 5128 3302 5210 ita
3323 5127 3600 5210 hoc_lo_co

255 5197 1040 5284 t-Srprrrig‘legitgl"€33ﬁmeiﬁ-
1426 5270 1464 5284 -ς
1518 5197 1578 5284 --ι
1677 5277 1688 5284 -
1737 5197 1755 5206 -

1991 5197 2161 5284 ,egil'la
2191 5219 2300 5284 ave
2332 5202 2504 5284 docte
2529 5201 2790 5284 disserit.
2819 5203 2956 5284 ‘lioc‘
2991 5199 3130 5284 ipso
3171 5199 3240 5284 in
3269 5197 3402 5256 loco
3434 5201 3601 5284 qub.

319 5269 390 5340 (4)
417 5269 625 5347 _Editio
670 5269 1163 5347 Paris._'o'o_coﬁ_ams_.
1197 5272 1386 5347 E_ditio
1426 5270 1602 5347 Basil.
1637 5277 1695 5347 et
1741 5290 1848 5330 sex

2003 5275 2191 5331 rimus
2235 5274 2397 5335 αὐτῆς
2440 5281 2558 5326 τῶν.
2607 5270 2874 5328 Subinde
2917 5269 3082 5327 Colb.
3116 5271 3321 5328 tertius
3345 5271 3609 5347 προσϐαλ-

319 5291 390 5340 [H
431 5291 625 5327 ιαιιιο
671 5291 850 5328 raris.
883 5291 1163 5329 οοιουσητε.
1197 5291 1386 5329 LUIIIO
1426 5291 1602 5330 basu.
1637 5291 1695 5332 Θῐ
1741 5291 1848 5330 88X

255 5359 392 5422 mss.
407 5341 874 5422 insucataouod
891 5344 972 5399 ait
987 5342 1400 5422 Gombefisius,
1417 5360 1481 5400 se
1500 5345 1616 5422 hoc
1637 5346 1767 5402 loco
1787 5347 1848 5422 in

1116 5291 1163 5326 ἐ.
1197 5291 1386 5329 numo
1426 5291 1602 5330 basu.
1637 5291 1695 5332 et
1741 5291 1848 5330 sex
2003 5291 2191 5331 rimus
2235 5291 2397 5335 αυτης
2440 5291 2558 5326 των.
2607 5291 2726 5327 δυο

1116 5342 1400 5422 ibefisius,
1417 5360 1481 5400 se
1500 5345 1616 5422 hoc
1637 5346 1767 5402 loco
1787 5347 1848 5422 in
1957 5291 2178 5422 Eappan.
2236 5416 2265 5422 __
2363 5415 2372 5422 _
2443 5413 2458 5422 _
2717 5412 2726 5422 .

258 5416 374 5495 suis
393 5413 715 5495 codicibus
737 5414 952 5495 legisse
972 5413 1326 5495 eriptponvidv,
1351 5411 1410 5471 in
1433 5431 1512 5495 eo_
1522 5416 1734 5495 lapsus
1760 5417 1849 5474 vi-

2019 5411 2102 5495 '(_7)
2134 5415 2378 5495 Antiqui
2423 5411 3214 5495 duo.libriu‘roighenparatig.
3245 5417 3400 5495 _M_ox
3443 5417 3609 5495 Qolb.

259 5487 612 5561 deripotest.
638 5489 787 5543 Nam
808 5483 1128 5561 verisimile
1151 5485 1238 5561 ﬁ_t,
1262 5483 1723 5561 virumldoc'tum
1742 5504 1850 5545 vo-
1957 5483 2192 5561 primus
2239 5483 2313 5561 rufi
2350 5489 2468 5561 περὶ
2513 5484 2694 5561 αὐτὴν.
2731 5483 2847 5542 Nec
2898 5484 2980 5543 ita
3012 5483 3211 5545 multo
3241 5487 3397 5549 infra
3449 5488 3614 5553 Colb.

261 5545 449 5618 culain
479 5556 586 5630 ἐάν,
615 5573 758 5638 quae
785 5556 968 5634 paulo
1006 5561 1142 5615 ante
1181 5545 1420 5634 legitur,
1450 5558 1688 5621 incaute
1732 5561 1852 5620 huc

1083 5561 1142 5615 te
1181 5545 1420 5634 legitur,
1450 5558 1688 5621 incaute
1732 5561 1852 5620 huc
1958 5545 2164 5620 iertius
2195 5545 2460 5629 Φοϐήθητι
2484 5561 2574 5613 καὶ
2607 5559 2693 5616 σύ.
