4076 6190
545 319 650 378 439

1914 321 1970 378 8.
2013 320 2259 386 BASlLll
2299 317 2539 377 MAGNI.

3771 317 3864 377 440

543 445 708 519 ipsos
738 463 841 519 spe
874 445 1033 504 varie
1082 445 1389 515 detineret,
1422 462 1491 504 ac
1523 447 1680 505 circa
1727 463 1790 504 se
1836 450 2180 519 occuparet,

2299 454 2394 506 τῆς
2422 447 2588 519 ἄγρας
2614 466 2625 480 ο
2677 444 2803 498 ἀλλά
2846 453 2955 507 ταῖς
3002 443 3203 498 ἐλπίσιν
3257 442 3445 506 αύτούς
3491 441 3728 506 ποικίλως
3771 463 3866 496 πα-

543 536 809 607 fugiendi
836 538 1072 609 copiam
1103 552 1173 591 ac
1205 536 1582 593 securitatem
1610 537 1790 610 pullis
1816 537 1939 593 suis
1961 535 2187 592 submi-

539 627 836 695 nistravit,
867 643 937 683 ac
960 629 1265 697 postremo
1285 625 1424 698 ipsa
1438 642 1685 699 quoque
1707 626 1884 683 simul
1904 625 2184 683 avolavit.

541 717 700 772 Time
725 732 799 772 ne
825 720 879 772 et
909 715 1012 771 tibi
1034 713 1252 770 similia
1281 715 1579 784 accidant,
1611 717 1714 790 qui
1747 721 1907 773 certa
1933 716 2185 772 incerto-

538 821 670 860 rum
704 821 811 876 spe
840 803 1247 875 derelinquas.
1276 806 1396 859 Huc
1439 804 1618 874 igitur
1664 805 1809 861 ades
1838 805 1986 860 dum
2017 803 2184 873 mihi,

538 892 796 964 teipsum
828 895 1016 946 totum
1046 889 1125 946 ad
1157 891 1478 947 Dominum
1519 893 1811 958 transfer;
1857 892 1937 948 da
1963 906 2185 947 nomen

536 985 704 1035 tuum
731 998 744 1047 ;
778 978 1048 1034 Ecclesiae
1079 979 1400 1036 ascribere.
1430 980 1589 1036 Miles
1626 985 1970 1037 recensctur
2000 980 2060 1036 in
2091 994 2186 1036 ca-

535 1068 733 1137 talogo
764 1085 776 1122 :
805 1067 1030 1124 athleta
1071 1068 1397 1140 inscriptus
1428 1068 1729 1126 decertat:
1767 1069 1912 1125 civis
1951 1069 2185 1125 civitate

531 1157 792 1212 donatus
823 1157 974 1212 inter
1001 1156 1246 1212 tribules
1276 1163 1733 1214 annumeratur.
1767 1158 2061 1215 Omnibus
2092 1156 2184 1213 his

529 1245 830 1301 obnoxius
851 1262 936 1316 es,
968 1250 1031 1300 ut
1056 1245 1225 1301 miles
1248 1245 1478 1313 Christi,
1502 1251 1568 1302 ut
1593 1246 1818 1304 athleta
1837 1247 2098 1318 pietatis,
2122 1250 2185 1302 ut

529 1335 661 1390 caeli
719 1335 1056 1406 municeps.
1111 1335 1496 1390 Conscribere
1553 1335 1614 1392 in
1679 1335 1796 1392 hoc
1869 1335 2046 1405 libro,
2121 1337 2185 1392 ut

527 1423 586 1479 in
615 1423 840 1478 caelesti
865 1422 1300 1479 transcribaris.
1332 1423 1519 1493 Disce,
1548 1424 1857 1482 edocearis
1887 1422 2186 1494 evangeli-

527 1529 661 1568 cam
701 1511 1107 1583 disciplinain,
1132 1516 1407 1568 exactam
1437 1513 1752 1569 oculorum
1784 1513 2182 1583 vigilantiam,

523 1601 747 1670 linguae
787 1601 1241 1665 continentiam,
1275 1603 1549 1674 corporis
1591 1603 1966 1669 servitutem,
1999 1603 2184 1659 animi

523 1689 944 1755 humilitatem,
973 1689 1190 1745 mentis
1210 1691 1558 1762 puritatem,
1580 1691 1680 1746 iras
1702 1691 2179 1748 exstinctionem.

521 1778 613 1834 Ad
633 1778 946 1850 quidpiam
969 1779 1017 1834 si
1039 1778 1322 1848 adigeris,
1347 1780 1741 1853 superadde20
1765 1798 1778 1837 :
1814 1781 1863 1836 si
1885 1779 2181 1852 spoliaris,
2215 1784 2254 1838 Β

523 1867 823 1938 ηοιὶιίςιιει
850 1885 862 1923 :
889 1867 937 1923 si
958 1867 1196 1924 haberis
1221 1869 1382 1937 odio,
1413 1869 1644 1940 dilige”
1667 1886 1680 1926 :
1705 1869 2184 1941 persecutionem

524 1957 575 2012 si
605 1956 870 2027 patiaris,
907 1957 1224 2027 sustine”;
1261 1959 1548 2014 conviciis
1594 1959 1644 2014 si
1674 1957 1975 2025 afﬁciaris,
2009 1957 2184 2014 obse-

525 2063 644 2103 cra.
680 2049 791 2103 Fac
813 2047 1091 2104 moriaris
1120 2050 1418 2119 peccato"
1440 2067 1452 2104 :
1478 2048 1833 2118 cruciﬁgere
1859 2063 1998 2104 cum
2021 2047 2187 2103 Chri-

525 2139 651 2192 sto:
687 2135 1069 2192 dilectionem
1115 2141 1304 2192 totam
1353 2137 1416 2192 in
1456 2137 1779 2193 Dominum
1811 2141 2184 2196 transmove.

525 2224 640 2282 Sed
665 2223 932 2280 difﬁcilia
959 2225 1252 2280 sunthaec
1281 2229 1339 2281 et
1369 2225 1602 2295 gravia.
1635 2225 1808 2293 Quid,
1836 2241 2064 2298 quaeso,
2095 2240 2186 2281 re-

521 2328 658 2370 rum
685 2313 985 2369 bonarum
1007 2313 1178 2368 facile
1208 2314 1348 2370 est?
1377 2313 1520 2380 Quis
1548 2313 1858 2370 dormiens
1889 2318 2183 2386 tropaeum

525 2403 750 2460 statuit.
773 2403 917 2469 Quis
945 2402 1096 2458 inter
1117 2402 1365 2459 delicias
1393 2407 1451 2459 et
1481 2402 1762 2459 tibiarum
1787 2403 2072 2459 modulos
2090 2420 2186 2461 co-

521 2492 687 2546 ronis
717 2489 1084 2548 fortitudinis
1107 2495 1430 2547 exornatus
1451 2491 1588 2546 est?
1617 2493 1802 2547 Nemo
1827 2490 1941 2546 nisi
1967 2507 2184 2548 cucur-

523 2579 682 2646 rerit,
718 2577 960 2636 sustulit
987 2578 1290 2635 bravium.
1325 2577 1586 2635 Gloriam
1634 2577 1879 2650 pariunt
1918 2577 2184 2648 labores,

525 2671 958 2741 comparantur
996 2683 1234 2724 coronae
1284 2666 1734 2737 defatigatione.
1793 2668 1916 2724 Per
1957 2669 2184 2725 multas

526 2757 946 2814 tribulationes
967 2763 1194 2827 oportet
1218 2772 1325 2812 nos
1368 2758 1600 2812 intrare
1635 2757 1696 2811 in
1727 2771 1980 2827 regnum
2006 2759 2184 2814 caelo-

525 2847 734 2907 rum”,
767 2845 901 2900 dico
933 2849 989 2901 et
1019 2860 1134 2915 ego
1159 2862 1172 2900 :
1217 2844 1326 2901 sed
1354 2845 1467 2902 has
1498 2843 1914 2902 tribulationes
1944 2861 2016 2901 ea
2046 2862 2184 2919 quas

524 2935 586 2992 in
615 2949 802 3004 regno
851 2933 1144 2990 caelorum
1187 2933 1444 2991 fruenda
1489 2937 1578 2989 est
1601 2933 1913 2990 beatitudo
1944 2934 2182 3006 excipit,

525 3024 755 3097 peccati
775 3037 920 3079 vero
947 3022 1192 3079 labores
1219 3022 1394 3080 dolor
1423 3022 1715 3092 gehennae
1741 3026 1924 3094 atque
1951 3023 2186 3081 tristitia

526 3115 981 3185 exspectat.lmo
994 3111 1173 3167 etiam
1192 3111 1239 3167 si
1255 3111 1391 3183 quis
1411 3110 1725 3181 diligenter
1736 3111 2182 3181 animadvertit,
2213 3130 2256 3184 ο

524 3216 600 3256 ne
619 3200 754 3272 ipsa
773 3199 1024 3272 quidem
1047 3198 1276 3254 diaboli
1295 3214 1484 3271 opera
1508 3199 1588 3254 ab
1617 3199 1954 3271 iniquitatis
1972 3214 2186 3271 opera-

525 3289 628 3345 riis
655 3288 783 3344 sine
804 3287 1010 3344 labore
1032 3291 1368 3360 patrantur.
1394 3288 1505 3354 Qui
1523 3291 1665 3343 sunt
1683 3287 1970 3344 castitatis
1993 3287 2185 3345 sudo-

526 3393 621 3434 res
639 3376 668 3432 ?
698 3381 768 3431 At
797 3374 1019 3432 sudore
1060 3376 1266 3433 madet
1294 3381 1612 3445 scortator,
1639 3375 1997 3432 absumente
2016 3375 2186 3433 illum

525 3463 852 3537 voluptate.
883 3463 1037 3520 Num
1061 3463 1431 3521 continentia
1457 3468 1694 3521 tantum
1714 3463 1902 3520 demit
1927 3463 2184 3536 corpori,

527 3559 825 3626 quantum
845 3552 1229 3610 exsecrabilis
1251 3569 1323 3609 ac
1339 3552 1584 3609 rabiosa
1604 3552 2042 3609 incontinentia
2063 3567 2189 3608 cor-

525 3643 780 3716 rumpit?
801 3645 1010 3700 Noctes
1025 3642 1272 3716 quidem
1295 3643 1605 3699 insomnes
1628 3649 1926 3714 peragunt
1945 3641 2191 3714 quiper-

526 3735 776 3788 noctant
793 3730 854 3787 in
876 3730 1324 3804 precationibus
1349 3747 1363 3786 :
1385 3730 1490 3786 sed
1512 3730 1618 3802 qui
1645 3730 1958 3800 invigilant
1976 3727 2192 3801 iniqui-

527 3819 762 3884 tati,eas
783 3818 961 3889 longe
982 3819 1295 3876 molestius
1313 3817 1810 3875 traducunt.Nam
1831 3823 1886 3874 et
1903 3817 2099 3887 timor,
2113 3831 2191 3873 ne

529 3908 1006 3981 deprehendare,
1055 3913 1112 3964 et
1157 3908 1535 3980 voluptatum
1597 3906 1881 3963 stimulus
1944 3921 2192 3964 omnem

529 4014 780 4071 prorsus
800 3997 1074 4070 requiem
1095 3995 1511 4066 fugant.Quod
1524 3995 1814 4052 siitineris
1835 3994 1916 4052 ad
1935 3993 2192 4052 salutem

529 4085 882 4142 deducentis
927 4085 1242 4156 angustias
1280 4083 1541 4155 fugiens,
1567 4083 1756 4140 latam
1799 4082 2192 4155 amplamque

531 4174 762 4248 peccati
783 4173 943 4230 viam
969 4189 1357 4246 persequare;
1377 4188 1587 4228 vereor
1601 4188 1677 4228 ne
1695 4171 1883 4228 latam
1909 4171 1988 4227 ad
2007 4170 2192 4227 ﬁnem

531 4279 724 4335 usque
754 4268 1020 4333 secutus,
1048 4268 1532 4320 consentaneum
1561 4260 1760 4318 itineri
1792 4259 2192 4317 diversorium

530 4351 817 4424 reperias.
839 4351 950 4407 Sed
973 4358 1217 4408 servatu
1238 4350 1502 4408 difﬁcilis
1519 4355 1608 4406 est
1623 4347 2191 4420 thesaurus.lnvigi-

532 4441 835 4512 laitaque,
857 4440 1055 4496 frater.
1083 4441 1302 4508 Habes,
1335 4440 1388 4496 si
1421 4440 1591 4504 velis,
1623 4439 1953 4510 adjutores,
1979 4454 2192 4511 preca-

534 4530 760 4586 tionem
781 4528 859 4584 ad
883 4531 1074 4585 noctis
1105 4530 1470 4593 custodiam,
1501 4531 1667 4599 121
1699 4528 1998 4600 jejunium
2024 4527 2192 4601 quod

535 4618 789 4675 domum
812 4617 1387 4687 custodiat,cantum
1410 4618 1941 4691 psalmorum,quo
1961 4631 2195 4674 recree-

536 4713 633 4766 tur
660 4708 923 4764 animus.
958 4707 1097 4763 Haec
1119 4707 1222 4763 tibi
1243 4709 1408 4764 socia
1430 4707 1530 4778 adj
1543 4722 1720 4778 unge.
1746 4709 1878 4762 Haec
1900 4712 2100 4764 tecum
2124 4705 2199 4761 si-

537 4797 664 4856 mul
683 4796 1126 4871 pernoctentad
1140 4813 1233 4852 res
1249 4797 1546 4868 pretiosas
1561 4793 2196 4864 custodiendas.Quid,

539 4889 636 4946 dic
649 4889 1026 4956 milii,nonne
1040 4887 1256 4943 melius
1273 4891 1364 4941 est
1381 4885 1739 4942 ditescentes
1753 4901 1864 4942 nos
1876 4901 1986 4957 pro
2003 4883 2199 4957 supel-

537 4977 748 5035 lectilis
770 4977 1066 5050 prtetiosce
1080 4974 1356 5031 custodia
1373 4974 1836 5030 sollicitudinem
1857 4973 2197 5046 pati,quam

604 5069 662 5122 .²⁰
690 5067 894 5124 Matth.
916 5083 976 5124 ν.
1005 5069 1099 5122 41.
1181 5066 1226 5100 ²¹
1260 5063 1417 5121 ibid.
1457 5067 1544 5120 40.
1621 5065 1670 5098 ²²
1701 5062 1855 5120 ibid.
1894 5065 1987 5120 44.

612 5194 794 5276 (ξξῌη
845 5189 1088 5248 duobus
1139 5187 1452 5246 codicibus
1503 5186 1794 5261 scriptum
1842 5185 2038 5259 reperi
2083 5184 2210 5238 6cm-

611 5284 654 5316 α’
690 5283 891 5318 ααενοτ.

539 5263 692 5405 Ὺρωψ)
726 5303 878 5390 Ἐάίὶῖ
925 5340 1025 5385 τῶν
1070 5331 1118 5384 ἐν
1163 5336 1352 5405 κόσμῳ⁸
1387 5329 1619 5405 ἀγαθῶν,
1645 5328 1848 5405 _ll_ll_ld,
1881 5327 1934 5405 ἐν
1995 5332 2196 5405 κόσμῳ,

540 5399 848 5480 ἱειέιὸειςιὶε
878 5421 981 5480 sex
1012 5399 1573 5480 mssinon'lcg'itur,
1603 5401 1682 5456 ob
1710 5400 1893 5480 idque
1920 5399 2030 5454 has
2047 5399 2202 5480 duas

539 5492 720 5564 voc-es
748 5474 1105 5559 delevimus.
1139 5478 1254 5530 Nec
1285 5474 1364 5530 ita
1405 5473 1596 5529 multo
1629 5478 1770 5546 post
1794 5473 1933 5540 Reg.
1967 5473 2201 5542 primus

539 5561 934 5691 “VZ‘tAgfﬁlud.
989 5623 1090 5668 τῶν
1119 5615 1368 5692 οὐρανῶν,
1418 5629 1493 5672 ex
1543 5613 1791 5673 duobus
1847 5611 2202 5672 Colbertinis

2062 5063 2111 5098 ιι
2134 5065 2154 5117 1
2179 5061 2316 5121 Cor.
2355 5076 2433 5126 ιγ,
2462 5067 2548 5134 t2,
2585 5069 2671 5120 l3.

2295 539 2689 608 ρακατέχουσα,
2722 543 2784 608 τῇ
2823 541 2940 609 περὶ
2987 535 3173 593 ἑαυτὴν
3219 532 3470 605 ἀσχολίᾳ,
3503 539 3612 593 τοῖς
3654 542 3868 596 νεοσσοῖς

2294 628 2388 683 τὴν
2430 621 2612 676 ἄδειαν
2663 632 2759 688 τῆς
2808 633 2974 697 φυγῆς
3020 623 3376 698 προεξένησεν,
3438 621 3548 676 εἶτα
3605 625 3662 675 τό
3712 621 3870 676 τελευ-

2293 721 2436 766 ταῖον
2485 718 2572 767 καὶ
2619 713 2747 773 αὐτὴ
2794 719 3115 772 συναπέπτη.
3158 712 3418 772 Φοϐήθητι
3465 716 3534 786 μὴ
3587 716 3673 764 καὶ
3714 716 3774 764 σύ
3816 717 3871 764 τά

2292 803 2640 875 παραπλήσια
2687 805 2880 876 πάθῃς,
2915 806 2962 855 ἐν
3012 810 3121 864 ταῖς
3169 807 3286 877 περὶ
3326 810 3426 856 τῶν
3469 797 3674 859 ἀδήλων
3719 801 3872 855 ἐλπίσι

2293 902 2358 952 τὰ
2401 903 2591 974 φανερά
2634 906 2951 974 προίέμενος.
2980 907 3136 974 Δεῦρο
3187 897 3254 959 δὴ
3292 897 3378 952 οὖν
3423 918 3530 972 μοι,
3581 898 3692 952 ὅλον
3739 919 3875 952 σεαυ-

2292 995 2379 1042 τόν
2444 993 2659 1063 μετάθες
2708 989 2792 1044 ἐπὶ
2847 994 2933 1044 τὸν
2996 994 3210 1064 Κύριονο
3279 987 3462 1052 ἐπίδος
3529 997 3745 1042 σεαυτοῦ
3791 993 3874 1048 τὴν

2293 1077 2609 1152 ὀνομασίανο
2658 1082 3028 1154 χαταγράφηθι
3084 1081 3215 1153 μετά
3279 1088 3377 1142 τῆς
3441 1078 3765 1140 Ἐκκλησίας.
3824 1085 3874 1130 '0

2295 1178 2621 1242 στρατιώτης
2675 1169 2986 1242 καταλόγοις
3033 1169 3386 1243 ἔναρεθμεῖται
3415 1191 3428 1203 ·
3480 1171 3506 1221 ὁ
3552 1168 3874 1230 ἀθλητὴςέν-

2292 1258 2728 1331 απογραψάμενος
2775 1262 2852 1329 (8)
2903 1259 3248 1332 ἀγωνίζεται·
3311 1260 3337 1311 ό
3400 1256 3639 1332 δημότης
3689 1257 3875 1310 πολιτο-

2290 1359 2576 1430 γραφηθεὶς
2628 1364 2733 1418 τοῖς
2781 1356 3023 1430 φυλέταις
3070 1357 3442 1433 ἐναριθμεῖται.
3497 1363 3637 1411 Πᾶσι
3685 1359 3871 1416 τούτοις

2292 1447 2575 1508 ὑπεύθυνος
2629 1443 2692 1513 εἴ,
2741 1448 2810 1508 ὡς
2866 1451 3193 1520 στρατιώτης
3239 1453 3496 1519 Χριστοῦ,
3548 1449 3618 1507 ὡς
3666 1443 3876 1505 ἀθλητής

2293 1531 2568 1600 εὐσεϐείας,
2619 1536 2688 1596 ὡς
2731 1538 2789 1586 τό
2829 1533 3116 1606 πολίτευμα
3162 1537 3300 1606 ἔχων
3344 1532 3393 1585 ἐν
3439 1533 3694 1607 οὐρανοῖς.
3729 1533 3876 1586 Ἀπο-

2291 1624 2522 1696 γράφηθι
2574 1621 2625 1674 ἐν
2683 1625 2844 1696 ταύτῃ
2900 1632 2963 1696 τῇ
3025 1622 3211 1696 βίϐλῳ,
3284 1625 3366 1676 ἵνα
3429 1629 3762 1694 μεταγραφῇς
3814 1619 3878 1681 εἰς

2292 1723 2386 1777 τὴν
2443 1719 2568 1772 ἄνω.
2634 1720 2799 1785 Μάθε,
2857 1714 3160 1790 διδάχθητι
3208 1717 3550 1790 εύαγγελικὴν
3614 1717 3876 1782 πολιτείαν,

2295 1805 2567 1878 ὀφθαλμῶν
2635 1805 2922 1880 ἀκρίϐειαν,
2977 1806 3222 1878 γλώσσης
3275 1807 3599 1882 ἐγκράτειαν,
3657 1812 3880 1878 σώματος

2296 1891 2681 1966 δουλαγωγίαν,
2734 1901 2973 1969 φρόνημα
3009 1899 3268 1962 ταπεινὸν,
3302 1895 3496 1957 ἐννοίας
3539 1898 3876 1968 καθαρότητα,

2295 1982 2454 2056 ὀργῆς
2515 1983 2825 2056 ἀφανισμόν.
2891 1984 3324 2058 Ἀγγαρευόμενος
3385 1987 3700 2060 προστίθειο
3767 1981 3879 2036 ἀπο-

2296 2085 2636 2154 στερούμενος
2687 2087 2758 2154 μὴ
2820 2079 3078 2144 δικάζου’
3137 2086 3452 2156 μισούμενος
3509 2081 3729 2155 ἀγάπα·
3791 2078 3883 2134 διω

2293 2175 2505 2242 πιόμενος
2564 2169 2794 2243 ἀνέχου·
2865 2170 3336 2244 βλασφημούμενος
3419 2172 3730 2245 παρακάλει.
3793 2177 3881 2224 Νε-

2293 2261 2527 2332 κρώθητι
2581 2267 2644 2332 τῇ
2707 2259 2975 2333 ἁμαρτίαν
3037 2262 3444 2335 συσταυρώθητι
3506 2269 3584 2331 τῷ
3641 2266 3878 2333 Χριστῷ·

2295 2348 2416 2406 ὃλην
2463 2351 2556 2406 τὴν
2605 2347 2810 2420 ἀγάπην
2856 2351 3074 2422 μετάθες
3103 2349 3187 2403 ἐπὶ
3215 2353 3301 2402 τὸν
3352 2352 3573 2422 Κύριον.
3605 2349 3756 2404 Ἀλλὰ
3780 2369 3881 2421 χα-

2291 2437 2420 2489 λεπὰ
2465 2444 2651 2492 ταῦτα,
2678 2443 2739 2490 Τί
2782 2433 2842 2491 δε
2878 2445 2977 2491 τῶν
3016 2436 3224 2510 ἀγαθῶν
3260 2440 3336 2511 (9)
3365 2438 3612 2506 εὔκολον;
3646 2443 3734 2501 Τίς
3761 2440 3881 2491 καθ·-

2294 2531 2456 2587 εὗδων
2503 2539 2750 2609 τρόπαιον
2799 2539 3027 2604 ἕστησες
3081 2541 3172 2600 Τίς
3222 2543 3426 2612 τρυφῶν
3465 2541 3560 2590 καὶ
3605 2535 3881 2590 καταυλού-

2295 2643 2442 2696 μενος
2507 2632 2616 2686 τοῖς
2681 2632 2774 2688 τῆς
2833 2626 3108 2700 καρτερίας
3163 2628 3433 2698 στεφάνοις
3482 2626 3878 2699 κατεκοσμήθη;

2296 2708 2488 2772 Οὐδεὶς
2534 2717 2605 2784 μὴ
2659 2709 2873 2788 δραμὼν
2904 2713 3126 2766 ἀνείλετο
3173 2717 3232 2767 τὸ
3286 2713 3554 2790 βραϐεῖον.
3589 2720 3742 2768 Πόνοι
3783 2733 3883 2786 γεν-

2293 2808 2423 2853 νῶσι
2481 2797 2667 2867 δόξαν,
2723 2805 2990 2875 κάματοιο
3057 2803 3365 2876 προξενοῦσι
3435 2806 3744 2876 στεφάνους.
3801 2805 3884 2855 Διά

2293 2889 2490 2942 πολλῶν
2555 2889 2774 2961 θλίψεων
2841 2887 2928 2944 δεῖ
3000 2892 3140 2964 ἡμᾶς
3203 2891 3444 2945 εἰσελθεῖν
3508 2892 3586 2955 εἰς
3643 2897 3735 2951 τὴν
3795 2889 3885 2964 βα·

2297 2985 2491 3038 σιλείαν
2542 2995 2642 3039 τῶν
2699 2987 2926 3061 οὐρανῶν
2981 2989 3112 3059 (10),
3162 2992 3296 3062 φημὶ
3354 2986 3538 3060 κάγώ·
3593 2987 3720 3042 ἀλλὰ
3770 2989 3883 3040 ταύ-

2294 3094 2388 3137 τας
2434 3079 2524 3148 μὲν
2570 3079 2666 3138 τάς
2714 3075 2911 3148 θλίψεις
2952 3079 2981 3136 ἠ
3031 3075 3079 3129 ἐν
3126 3085 3187 3151 τῇ
3235 3075 3482 3150 βασιλείᾳ
3524 3086 3628 3131 τῶν
3673 3077 3882 3151 ούρανῶν

2293 3171 2619 3240 μακαριότης
2661 3162 2974 3237 ἐκδέχεταιο
3024 3169 3144 3230 τοὺς
3188 3164 3248 3220 δε
3298 3175 3395 3228 τῆς
3425 3167 3690 3243 ἁμαρτίας
3731 3167 3883 3238 καμάο

2294 3273 2416 3316 τους
2473 3259 2530 3307 τό
2580 3262 2675 3316 τῆς
2715 3258 2919 3326 γεέννης
2973 3254 3211 3308 ἐπίπονον
3264 3259 3350 3308 καὶ
3407 3259 3718 3332 σκυθρωπὸν
3777 3255 3884 3308 ἀνα·

2294 3352 2450 3421 μένει.
2499 3347 2652 3401 Ἀλλά
2700 3353 2800 3425 γὰρ
2865 3349 3097 3426 ἀκριϐῶς
3146 3359 3447 3420 σκοποῦντι,
3506 3350 3638 3406 add“:
3691 3354 3755 3406 τὰ
3799 3355 3884 3404 τοῦ

2297 3433 2545 3490 διαϐόλου
2603 3439 2728 3513 ἔργα
2775 3447 2886 3501 τοῖς
2946 3438 3190 3514 ἐργάταις
3255 3449 3349 3503 τῆς
3417 3439 3636 3514 ἀνομίας
3699 3440 3881 3514 ἀκμητὶ

2295 3530 2659 3600 παραγίνεται.
2695 3533 2844 3580 Ποῖοι
2888 3525 3104 3601 ἱδρῶτες
3160 3536 3257 3592 τῆς
3299 3533 3682 3605 σωφροσύνης;
3729 3529 3784 3582 Ὀ
3833 3525 3884 3581 δί

2297 3619 2553 3689 πορνεύων
2581 3613 2844 3690 καθίδρως
2891 3617 3019 3685 ἐστὶ,
3051 3625 3144 3680 τῆς
3195 3615 3391 3686 ἡδονῆς
3439 3617 3602 3673 αύτόν
3649 3619 3885 3679 ἐκτηκού-

2303 3735 2420 3779 σης.
2451 3719 2515 3769 Τί
2543 3723 2790 3769 τοσοῦτον
2822 3717 3028 3790 ὑφαιρεῖ
3057 3717 3166 3788 (Η)
3213 3725 3308 3770 τοῦ
3348 3722 3596 3790 σώματος
3644 3720 3672 3778 ἡ
3706 3717 3887 3791 ἐγκρά-

2299 3825 2431 3872 τεια,
2479 3806 2599 3858 ὅσον
2647 3807 2676 3864 ἠ
2730 3802 2964 3880 βδελυρὰ
2992 3809 3080 3858 καὶ
3133 3804 3419 3870 λυσσώδης
3474 3806 3732 3862 ἀκολασία
3785 3802 3890 3860 δια-

2302 3896 2529 3968 φθείρει;
2575 3897 2775 3956 Νύκτες
2827 3891 2886 3947 δὲ
2937 3895 3126 3948 ἄϋπνοι
3168 3903 3268 3946 τῶν
3314 3891 3808 3972 διανυκτερευόντων
3844 3892 3887 3946 ἐν

2300 3990 2652 4066 προσευχαῖς¹
2710 3989 2838 4044 ἀλλά
2877 3990 3048 4062 πολλῴ
3095 3991 3459 4066 χαλεπώτεραι
3514 4002 3619 4046 τῶν
3683 3992 3890 4067 ἐπαγρυ-

2300 4083 2560 4132 πνούντων
2585 4087 2701 4142 ταῖς
2728 4078 2982 4143 ἀδικιαις.
3015 4081 3081 4133 Ὀ
3133 4101 3187 4134 τε
3229 4085 3327 4157 γὰρ
3383 4081 3540 4154 φόϐος
3589 4090 3682 4136 τοῦ
3731 4099 3890 4156 φωρα-

2305 4169 2581 4236 θήσεσθαι,
2614 4173 2703 4222 καὶ
2733 4171 2760 4222 ὁ
2790 4169 2872 4222 ἐπὶ
2917 4177 3030 4230 ταῖς
3067 4166 3285 4233 ἡδοναῖς
3310 4167 3520 4244 οἶστρος
3569 4177 3741 4225 πᾶσαν
3783 4169 3890 4222 ανοὶ⁶

2301 4275 2496 4309 παυσιν
2526 4256 2784 4320 παντελῶς
2831 4256 3119 4314 ἀπελαύνει.
3150 4259 3210 4312 Εἰ
3259 4255 3354 4327 δὲ,
3379 4263 3580 4332 φεύγων
3623 4263 3683 4313 τὸ
3729 4259 3890 4312 στενὸν

2302 4361 2398 4415 τῆς
2445 4353 2530 4407 ἐπὶ
2572 4358 2835 4427 σωτηρίαν
2877 4359 3133 4430 φερούσης
3162 4357 3298 4428 (12),
3329 4360 3388 4410 τὸ
3433 4357 3736 4432 εὐρύχωρον
3774 4352 3891 4408 διώ-

2302 4460 2408 4504 κεις
2455 4451 2552 4505 τῆς
2593 4441 2876 4517 ἁμαρτίας,
2937 4444 3195 4517 φοϐοῦμαι
3241 4450 3336 4518 μὴ,
3376 4449 3542 4520 μέχρι
3589 4446 3762 4506 τέλους
3806 4445 3890 4500 τὴν

2304 4530 2540 4584 πλατεῖον
2589 4529 2829 4600 ὁδεύσας,
2863 4531 3144 4586 ἀκόλουθον
3187 4535 3337 4610 εὕρῃς
3385 4543 3448 4608 τῇ
3495 4532 3606 4606 ὀδῷ
3648 4538 3707 4588 τὸ
3743 4531 3892 4585 κατά-

2303 4617 2464 4691 λυμα.
2524 4619 2661 4673 Αλλά
2707 4617 3075 4693 δυσφύλακτος
3117 4623 3144 4674 ὁ
3197 4624 3483 4697 θησαυρός.
3535 4627 3636 4676 Καὶ
3680 4623 3892 4695 ἐπαγρυο

2305 4705 2765 4781 πιησαν,·ἀὸ“ελφέ.
2812 4708 2994 4781 Ἔχεις
3043 4714 3344 4785 συνεργούς,
3386 4711 3469 4763 ἐὰν
3520 4711 3688 4784 θέλῃς,
3736 4725 3890 4780 προσ-

2308 4800 2473 4868 ευχὴν
2514 4797 3023 4870 νυκτοφυλακούσαν,
3069 4804 3312 4858 νηστείαν
3366 4799 3727 4875 οἰκουροῦσαν,
3770 4794 3892 4867 ψαλο

2306 4881 2512 4958 μῳδίαν
2579 4885 3034 4960 ψυχαγωγοῦσαν.
3104 4890 3307 4951 Ταύτας
3376 4887 3766 4963 συμπαραλαϐε.
3807 4882 3892 4937 Αὖ-

2306 4992 2395 5026 ται
2467 4975 2988 5048 συναγραυλείτωσάν
3060 4997 3143 5030 σοι
3209 4976 3292 5029 ἐπὶ
3355 4978 3448 5039 τὰς
3515 4976 3744 5049 φυλακὰς
3801 4979 3890 5026 τῶν

2747 5067 2794 5100 ³⁸
2823 5068 2996 5123 Rom.
3025 5082 3104 5137 γι,
3131 5070 3186 5122 2.
3263 5067 3312 5101 ³⁵
3343 5069 3471 5123 Act.
3500 5081 3616 5134 XIV,
3645 5069 3732 5120 2t.

2317 5191 2627 5258 sumptum
2656 5190 2762 5258 est,
2787 5192 2844 5245 et
2871 5188 3013 5245 huic
3035 5188 3281 5246 editioni
3307 5187 3604 5246 additum.

2382 5261 2428 5335 (ἦ
2446 5258 2492 5335 t)
2535 5260 2672 5335 Reg.
2707 5259 2938 5335 primus
2968 5259 3192 5335 ἀφαιρεῖ.

2383 5333 2501 5396 (t2)
2541 5329 2727 5406 ldem—
2759 5329 2962 5406 codex
3011 5329 3298 5406 ’σῶτηρίαν
3329 5329 3605 5406 ,ἀγούσης
3667 5329 3892 5406 Bursus

2308 5398 2472 5454 idem
2497 5399 2691 5456 codex
2715 5405 2772 5456 et
2797 5401 2945 5458 alter
3005 5402 3128 5455 οϐοῡ
3148 5398 3302 5458 εέεᾶ
3325 5398 3517 5459 Πιόΐᾶ
3541 5401 3700 5470 Regii
3725 5398 3891 5471 primi

2311 5470 2603 5526 scriptum
2635 5471 2743 5526 fuit
2769 5492 2856 5526 νο.
2891 5424 3165 5526 Manium.
3192 5473 3458 5526 Subinde
3487 5471 3651 5526 Colb.
3674 5473 3891 5526 primus

2311 5470 2603 5594 scripgum
2635 5471 2743 5527 fuit
2769 5492 2856 5546 γρ.
2891 5470 3165 5547 φοϐοῦμαι.
3192 5473 3458 5532 Subinde
3487 5471 3651 5528 Colb.
3674 5470 3893 5545 primus

2311 5561 2404 5594 της
2434 5561 2460 5594 ο
2504 5560 2585 5594 ου.

2310 5561 2404 5605 της
2434 5560 2585 5596 οοου.
