4076 6190
567 301 672 361 443

1953 294 2009 347 8.
2052 283 2307 347 BASILH
2347 293 2565 350 MAGNI

3807 303 3904 356 444

567 426 873 495 violenter,
898 424 1261 496 trahensque
1310 420 1578 478 animam
1607 426 1776 477 tuam
1807 417 2066 492 peccatis
2095 416 2218 471 vin-

2335 417 2471 488 άγων
2505 415 2691 489 βιαίως
2729 423 2817 472 καὶ
2869 421 3038 493 σύρων
3076 418 3190 486 (18)
3226 437 3319 472 σου
3370 422 3461 478 τὴν
3498 419 3683 495 ψυχὴν
3715 420 3907 499 δεδεμὲο

568 523 749 584 ctam,
781 513 990 572 crebro
1018 512 1123 569 sed
1148 512 1228 568 ad
1257 511 1542 584 quaelibet
1565 509 1884 583 praesentia
1904 507 2219 564 obverten-

569 611 786 676 tem,ac
803 603 930 659 sine
947 617 1093 658 voce
1111 603 1446 670 gementem
1457 599 1722 671 ,occluso
1738 598 1864 670 jam
1889 595 2219 667 gemituum

569 709 640 752 ac
669 694 1073 750 lamentorum
1095 704 1344 759 organo.
1361 691 1404 746 Ο
1426 704 1614 760 quam
1641 685 1964 744 dilaniabis
1983 689 2040 742 te
2059 683 2214 757 ipse!

568 785 869 855 quantum
899 778 1288 850 ingemisces!
1323 777 1438 833 Sed
1469 782 1521 834 te
1559 777 1728 848 122
1758 781 2000 832 tuorum
2027 772 2221 830 consi-

565 872 783 928 liorum
808 869 1026 924 frustra
1055 866 1384 940 paenitebit,
1418 881 1555 922 cum
1587 864 1816 922 videbis
1841 864 1980 920 hinc
2016 861 2217 918 hilari-

565 963 749 1016 tatem
775 958 1079 1029 justorum
1099 955 1172 1012 de
1205 954 1447 1027 egregia
1467 953 1769 1010 donorum
1799 951 2218 1009 distributione

564 1048 918 1112 laetantium,
951 1044 1110 1101 illinc
1141 1059 1458 1100 maerorem
1490 1046 1877 1115 peccatorum
1915 1041 2020 1114 qui
2043 1040 2104 1096 in
2131 1039 2218 1096 al-

564 1132 1409 1204 tissimistenebrisjacebunt.
1445 1133 1586 1198 Quas
1613 1135 1753 1186 tunc
1783 1129 2052 1186 dicturus
2072 1145 2134 1186 es
2155 1129 2216 1186 in

565 1224 772 1281 dolore
798 1223 998 1280 cordis
1015 1220 1135 1278 tui?
1152 1221 1251 1277 Hei
1273 1221 1440 1288 mihi,
1457 1220 1570 1276 hoc
1593 1235 1774 1291 grave
1795 1219 2022 1293 peccati
2039 1235 2214 1284 onus,

565 1327 705 1370 cum
730 1313 792 1369 id
818 1325 1035 1368 exuere
1064 1311 1147 1366 ita
1177 1309 1350 1367 facile
1372 1314 1546 1377 esset,
1578 1324 1702 1365 non
1726 1307 1952 1379 abjeci!
1983 1307 2092 1364 sed
2119 1307 2218 1364 ho-

566 1419 702 1460 rum
729 1401 1029 1458 malorum
1054 1416 1339 1456 acervum
1363 1399 1644 1456 traxi.Hei
1665 1398 1832 1465 mihi,
1855 1397 2126 1454 maculas
2147 1413 2218 1454 ac

567 1490 773 1547 sordes
791 1505 912 1545 non
930 1489 1123 1546 ablui!
1149 1489 1259 1545 sed
1280 1504 1413 1544 sum
1435 1487 1696 1560 peccatis
1716 1487 2215 1543 commaculatus.

565 1581 734 1636 Nunc
749 1593 942 1634 essem
959 1594 1097 1634 cum
1115 1576 1371 1647 angelis:
1386 1591 1546 1633 nunc
1563 1574 1897 1632 cmlestium
1916 1573 2218 1632 bonorum

566 1667 792 1723 deliciis
813 1666 1058 1723 fruerer.
1083 1669 1125 1723 Ο
1145 1681 1338 1739 prava
1360 1663 1609 1722 consilia
1637 1665 1649 1720 l
1680 1664 1760 1720 ob
1791 1664 2219 1736 temporariam

2330 523 2420 563 νην
2487 515 2602 568 ταῖς
2664 508 2964 582 ἁμαρτίαις,
3030 510 3201 562 πυκνά
3259 516 3734 584 μεταστρεφομένην
3797 519 3909 589 πρὸς

2329 597 2394 646 τὰ
2443 591 2566 665 ὦδε,
2619 601 2709 650 καὶ
2766 594 3088 672 ὀδυρομένην
3151 598 3267 650 ἄνευ
3323 607 3508 671 φωνῆς,
3563 607 3656 653 τοῦ
3706 601 3908 677 ὀργάνου

2326 682 2503 736 λοιπόν
2563 693 2662 738 τῶν
2731 688 2928 762 θρήνων
2996 685 3436 748 ἀποκλεισθέντος.
3473 687 3542 741 Ὠ
3597 691 3739 743 πόσα
3783 708 3907 744 σπα-

2327 772 2502 845 ράξεις
2547 775 2797 829 σεαυτόνῙ
2845 779 2988 828 πόσα
3041 775 3334 839 στενάξειςι
3383 778 3626 851 ἄπρακτα
3670 789 3907 852 μετανοῶν

2328 859 2410 914 ἐπὶ
2440 869 2550 924 τοῖς
2574 862 2952 936 βουλευθεῖσιν,
2996 866 3116 917 ὅταν
3164 861 3290 938 ἰδῇς
3327 869 3416 924 τὴν
3448 864 3773 943 φαιδρότητα
3820 877 3908 922 τῶν

2329 945 2547 1003 δικαίων
2595 949 2644 1004 ἓν
2682 959 2744 1025 τῇ
2795 952 3011 1028 λαμπρᾷ
3049 950 3082 1005 δ
3089 961 3272 1026 intrepi}
3315 961 3413 1006 τῶν
3463 951 3667 1029 δώρῶν,
3707 961 3792 1008 καὶ
3828 962 3907 1017 τὴν

2327 1043 2606 1112 κατήφειαν
2658 1049 2758 1093 τῶν
2812 1041 3126 1117 ἁμαρτωλῶν
3184 1041 3232 1094 ἰν
3271 1051 3343 1113 τῷ
3404 1048 3580 1097 σκότει
3632 1053 3704 1116 τῷ
3751 1044 3908 1118 βαθυ-

2325 1130 2482 1200 τάτῳο
2523 1129 2625 1182 Οἴα
2667 1128 2799 1205 ἐρεῖς
2842 1129 2890 1182 ἐν
2934 1139 2996 1203 τῇ
3041 1127 3199 1204 ὀδύνη
3250 1139 3342 1192 τῆς
3380 1129 3609 1205 καρδίας
3650 1153 3743 1187 σου
3771 1137 3906 1202 τότε;

2327 1217 2391 1270 Αἱ
2446 1220 2528 1290 με,
2583 1221 2654 1291 μὴ
2713 1217 3002 1294 ἀπορῥίψαι
3060 1221 3122 1272 τὸ
3179 1217 3319 1293 βαρύ
3385 1227 3539 1274 τοῦτο
3589 1226 3792 1298 φορτίον
3827 1229 3910 1286 τῆς

2327 1306 2604 1381 ἁμαρτίας,
2655 1307 2790 1359 ούτω
2842 1304 3032 1383 ῥᾳδίας
3075 1311 3233 1370 οὔσης
3270 1316 3364 1371 τῆς
3422 1309 3743 1381 ἀποθέσεως,
3797 1311 3912 1364 ἀλλὰ

2323 1399 2408 1449 τόν
2464 1398 2630 1472 σωρόν
2658 1405 2758 1450 τῶν
2785 1405 2956 1449 κακῶν
2985 1400 3174 1451 τούτων
3224 1396 3552 1471 ἕφελκεσθαι.
3595 1400 3659 1453 Al
3710 1404 3788 1474 με,
3834 1404 3913 1464 τὰς

2326 1482 2549 1546 κηλῖδας
2604 1490 2675 1559 μὴ
2743 1485 3175 1559 ἀποπλύνασθαι,
3245 1487 3374 1542 ἀλλά
3431 1489 3734 1564 ἐστιγμένον
3799 1487 3912 1543 εἶναι

2324 1580 2434 1634 ταῖς
2495 1574 2790 1649 ἁμαρτίαις.
2847 1579 2954 1627 Νῦν
3003 1575 3063 1628 ἃν
3121 1579 3260 1649 ἤμην
3317 1579 3448 1650 μετὰ
3502 1587 3605 1631 τῶν
3659 1577 3912 1652 ἀγγέλῶνο

2326 1671 2414 1714 νῦν
2477 1661 2536 1714 ἃν
2596 1671 2705 1726 τοῖς
2764 1664 3024 1739 οὐρανίοις
3090 1663 3303 1738 ἀγαθοῖς
3364 1664 3668 1742 ἐνετρύφων.
3717 1667 3783 1720 Ὠ
3825 1674 3913 1720 τῶν

567 1755 799 1829 peccati
829 1754 1291 1811 delectationem
1324 1757 1615 1809 aeternum
1641 1753 1974 1809 excrucior:
1996 1752 2076 1808 ob
2102 1767 2220 1809 caro

2330 1761 2564 1826 πονηρῶν
2641 1750 3062 1826 βουλευμάτωνε
3135 1751 3228 1806 διὰ
3290 1759 3618 1829 πρόσκαιρον
3681 1756 3915 1832 ἁμαρτίας

567 1845 660 1901 nis
691 1844 1061 1917 voluptatem
1091 1843 1215 1914 igni
1247 1842 1472 1900 trador.
1521 1845 1756 1899 Justum
1799 1846 1889 1898 est
1925 1841 2220 1913 judicium

569 1933 669 1990 Dei
698 1950 710 1989 :
736 1931 1022 2002 vocabar,
1051 1936 1106 1989 et
1131 1948 1254 1988 non
1283 1932 1648 1989 obediebam
1674 1949 1688 1988 :
1716 1930 2000 2000 docebar,
2025 1935 2081 1988 et
2100 1931 2223 1988 ani-

565 2037 736 2078 mum
764 2037 886 2078 non
927 2019 1315 2079 attendebam
1348 2035 1360 2078 :
1391 2020 1853 2078 obtestabantur
1873 2035 1990 2088 me,
2023 2025 2079 2077 et
2107 2035 2222 2091 ego

566 2110 940 2169 deridebam.
975 2110 1113 2167 Haec
1133 2115 1190 2167 et
1215 2111 1332 2168 alia
1363 2111 1636 2182 ejusdem
1669 2109 1904 2180 generis
1933 2107 2219 2182 proferes,

563 2201 792 2257 deﬂens
811 2199 1273 2274 temetipsum,si
1303 2199 1442 2256 hinc
1468 2203 1605 2256 ante
1635 2199 1944 2272 baptisma
1966 2199 2224 2272 abripia-

566 2287 672 2346 ris.
715 2289 756 2344 Ο
783 2289 988 2357 homo,
1025 2295 1128 2346 aut
1167 2287 1508 2359 gehennam
1539 2294 1760 2354 metue,
1788 2292 1890 2344 aut
1914 2289 2134 2344 enitere
2160 2291 2225 2344 ut

566 2389 822 2448 regnum
852 2377 1208 2450 adipiscare.
1244 2378 1632 2434 Vocationem
1676 2391 1752 2432 ne
1801 2391 2036 2449 sperne.
2067 2378 2223 2434 Cave

571 2465 792 2523 dixeris
826 2483 840 2522 :
873 2466 1043 2523 Habe
1062 2479 1155 2523 me
1184 2470 1537 2523 excusatum
1560 2467 1631 2534 ³⁸,
1667 2463 1747 2520 ob
1785 2465 1942 2522 hanc
1975 2470 2031 2522 et
2057 2465 2222 2522 illam

569 2553 883 2612 rationem.
925 2555 1122 2612 Causa
1163 2554 1334 2612 nulla
1370 2569 1656 2610 excusare
1695 2558 1911 2625 potest.
1937 2553 2070 2610 Milli
2095 2552 2222 2626 qui-

566 2643 706 2699 dem
729 2643 888 2700 subit
905 2643 1396 2715 lacrymari,cum
1415 2640 1530 2698 hoc
1555 2657 1795 2697 mecum
1817 2640 2223 2714 reputo,quod

567 2733 953 2806 turpitudinis
971 2748 1158 2806 opera
1175 2732 1403 2804 ingenti
1427 2731 1526 2788 Dei
1547 2731 1748 2802 gloriae
1762 2732 2223 2805 praefers,quod-

567 2835 686 2894 que
709 2827 959 2895 peccato
981 2822 1322 2878 ﬁrmissime
1343 2821 1641 2877 inhzerens
1671 2819 1750 2877 ob
1773 2819 2039 2878 libidinis
2067 2821 2222 2878 dele-

567 2913 889 2969 ctationem
918 2928 953 2968 a
978 2911 1291 2984 promissis
1315 2911 1491 2967 bonis
1535 2915 1592 2968 te
1635 2911 1766 2983 ipse
1812 2910 2101 2980 excludis,
2135 2910 2221 2967 sic

567 3005 633 3057 ut
661 3000 764 3057 tibi
785 2999 1044 3058 caelestis
1066 2997 1221 3056 illius
1241 3000 1569 3056 Jerusalem
1612 2999 1774 3056 bona
1795 2999 1998 3057 videre
2020 3001 2070 3036 ³ο
2097 3016 2220 3056 non

2331 1838 2620 1894 ἀπόλαυσιν
2648 1839 2880 1893 ἀθάνατα
2929 1840 3292 1916 βασανίζομαι
3326 1863 3338 1877 ο
3383 1839 3456 1898 δι’
3496 1841 3698 1904 ἡδονὴν
3741 1847 3917 1917 σαρκὸς

2329 1933 2399 2000 τῷ
2453 1935 2580 2006 πυρὶ
2627 1927 3017 2005 παραδίδομαι.
3072 1939 3259 1985 Δικαια
3307 1935 3336 1992 ἡ
3388 1937 3571 2010 κρίσις
3621 1942 3710 1988 τοῦ
3758 1939 3874 1989 Θεοῦ
3903 1954 3914 1967 ·

2331 2017 2638 2092 ἐκαλούμην,
2678 2025 2772 2097 ,καὶ
2811 2019 2916 2092 ούχ
2965 2023 3226 2079 ὑπήκουον
3259 2040 3272 2056 ο
3315 2019 3706 2097 ἐδιδασκόμην,
3749 2030 3833 2077 καὶ
3865 2023 3914 2076 ού

2330 2116 2617 2186 προσεῖχον
2647 2130 2659 2143 ·
2713 2106 3125 2185 διεμαρτύραντό
3181 2131 3290 2184 μοι,
3346 2112 3446 2184 ἐγὼ
3505 2111 3570 2168 δὲ
3623 2113 3908 2186 κατεγΰιων.

2329 2203 2508 2252 Ταῦτα
2537 2200 2627 2251 καὶ
2669 2201 2734 2251 τὰ
2780 2205 3000 2252 τοιαῦτα
3043 2199 3187 2274 ἐρεῖς,
3239 2199 3649 2276 ἀποκλαιόμενος
3699 2205 3913 2272 σεαυτὸν,

2332 2285 2414 2340 ἐὰν
2470 2289 2918 2362 προαναρπασθῇς
2961 2297 3052 2341 τοῦ
3111 2287 3504 2363 βαπτίσματος.
3551 2291 3838 2366 Ἄνθρωπε,
3886 2291 3912 2348 ἣ

2331 2381 2425 2435 τὴν
2453 2380 2654 2448 γέενναν
2701 2375 2980 2449 φοϐηθητι,
3019 2377 3048 2436 ᾖ
3094 2385 3183 2440 τῆς
3234 2378 3509 2452 βασιλείας
3545 2379 3911 2439 ἀντιποιηθητι.

2330 2468 2415 2523 Μὴ
2459 2462 2726 2538 ἀτιμάσῃς
2775 2469 2867 2524 τὴν
2911 2465 3116 2524 κλῆσιν.
3167 2472 3252 2526 Μὴ
3308 2471 3473 2542 εἴπῃς,
3507 2468 3646 2542 Ἐχε
3687 2489 3747 2543 με
3790 2485 3915 2542 παρ-

2331 2558 2582 2626 ῃτημένον
2637 2552 2731 2607 διὰ
2785 2556 2844 2608 τὸ
2893 2559 2982 2608 καὶ
3029 2559 3104 2610 τό.
3161 2553 3402 2630 Ούδεμία
3455 2563 3721 2632 πρόφασις
3778 2560 3911 2615 ἱκανὴ

2328 2647 2453 2718 πρὸς
2517 2648 2860 2718 παραίτησιν.
2917 2643 3065 2717 Ἐμοὶ
3127 2641 3374 2720 δακρύειν
3449 2647 3752 2723 ἐπέρχεται,
3810 2651 3913 2700 ὅταν

2329 2731 2624 2805 ἐνθυμηθῶι
2663 2733 2743 2784 ὃτι
2795 2733 2860 2786 τὰ
2903 2732 3032 2808 ἔργα
3082 2739 3174 2795 τῆς
3226 2733 3493 2806 αἰσχύνης
3534 2743 3788 2811 προτιμᾷς
3836 2743 3916 2796 τῆς

2329 2821 2553 2894 μεγάλης
2599 2817 2760 2884 δόξης
2797 2828 2889 2874 τοῦ
2947 2829 3102 2891 Θεοῦ,
3133 2827 3224 2876 καὶ
3269 2821 3364 2877 διοὶ
3407 2826 3464 2877 τὸ
3512 2831 3609 2886 τῆς
3653 2824 3914 2886 ἀκολασίας

2327 2906 2434 2967 ηδύ
2494 2905 2953 2972 δυσαποσπάστως
3019 2913 3155 2983 ἔχων
3229 2919 3321 2973 τῆς
3388 2911 3670 2986 ἁμαρτίας,
3728 2921 3819 2968 τῶν
3871 2913 3915 2966 ἐν

2329 2998 2654 3072 ἐπαγγελίαις
2732 2998 2939 3072 ἀγαθῶν
3023 3003 3240 3054 σεαυτόν
3317 3000 3646 3072 ἀποκλείεις,
3714 3006 3776 3065 ὡς
3849 3006 3911 3076 μὴ

565 3087 759 3146 liceat.
794 3089 913 3145 llli'c
939 3089 1257 3145 innumera
1277 3089 1633 3158 angelorum
1651 3087 2221 3162 multitudo,primo-

2331 3083 2461 3142 ἰδεῖν
2524 3088 2588 3141 τὰ
2646 3086 2820 3160 ἀγαθὰ
2883 3095 2974 3150 τῆς
3037 3089 3377 3165 Ἰερουσαλὴμ
3436 3099 3536 3154 τῆς
3605 3092 3912 3169 ἐπουρανίου.

570 3179 904 3250 genitorum
945 3182 1152 3244 costus,
1187 3176 1602 3249 apostolorum
1642 3176 1862 3239 throni,
1898 3177 2220 3250 propheta-

569 3282 705 3323 rum
729 3266 1413 3339 sedes,patriarcharum
1441 3270 2036 3338 sceptra,martyrum
2059 3281 2226 3324 coro-

567 3372 682 3424 nae,
711 3357 1014 3428 justorum
1046 3354 1281 3412 laudes.
1311 3357 1540 3426 Exopta
1570 3360 1635 3410 ut
1659 3370 1798 3410 cum
1827 3354 1920 3410 his
1941 3371 2223 3413 numere-

570 3445 673 3516 ris,
696 3449 1095 3518 posteaquam
1117 3443 1331 3500 Christi
1356 3443 1515 3499 dono
1540 3441 1779 3500 ablutus
1808 3442 1990 3500 fueris
2014 3449 2070 3502 et
2091 3462 2225 3502 sane

572 3530 1022 3606 ctiﬁcatus.lpsi
1048 3533 1238 3604 gloria
1269 3537 1325 3589 et
1350 3532 1673 3606 imperium
1699 3532 1759 3588 in
1793 3534 2014 3590 saecula
2045 3551 2225 3592 seacu-

577 3623 798 3680 lorum.
823 3628 1033 3679 Amen.

1149 4057 1445 4114 HOMlLlA
1500 4058 1634 4113 XIV.

1201 4179 1273 4237 In
1304 4180 1586 4238 ebriosos.

648 4314 694 4365 1.
727 4311 956 4366 Movent
984 4307 1232 4380 quidem
1281 4323 1377 4362 me
1407 4306 1486 4362 ad
1515 4305 1843 4362 dicendum
1887 4306 2229 4378 vespertina

2333 3178 2469 3230 Ἐκεῖ
2521 3175 2748 3249 ἀγγέλων
2814 3175 3106 3252 μυριάδες,
3181 3183 3526 3255 πρωτοτόκων
3585 3183 3911 3256 πανηγύρεις,

2329 3265 2626 3320 ἀποστόλων
2705 3268 2896 3341 θρόνοι,
2956 3277 3229 3344 προφητῶν
3303 3265 3613 3343 προεδρίαι,
3694 3275 3914 3337 σκῆπτρα

2328 3363 2692 3430 πατριαρχῶν,
2752 3360 3028 3431 μαρτύρων
3106 3359 3366 3430 στέφανοι,
3427 3354 3652 3413 δικαίων
3713 3363 3913 3412 ἔπαινοι·

2332 3445 2571 3507 Ἐκείνοις
2633 3447 2845 3498 σεαυτὸν
2904 3444 3228 3518 ἐπιθύμησον
3287 3449 3748 3521 συναριθμηθῆναι
3797 3448 3913 3521 (l9),

2330 3533 2748 3606 ἀπολουσάμενος
2799 3538 2889 3587 καὶ
2941 3535 3213 3607 ἀγιασθεὶς
3259 3553 3395 3589 κατα
3446 3541 3544 3596 τὴν
3592 3535 3784 3614 δωρεὰν
3835 3537 3915 3588 τοῦ

2329 3630 2600 3699 Χριστοῦ·
2654 3625 2734 3675 ότι
2782 3623 2923 3694 αύτῷ
2951 3625 2979 3683 ἠ
3039 3621 3170 3688 δόξα
3215 3628 3305 3680 καὶ
3356 3629 3417 3679 τὸ
3465 3628 3658 3703 κράτος
3704 3627 3773 3691 εἰς
3811 3627 3916 3684 τοὺς

2331 3715 2522 3775 αἰῶνας
2551 3712 2766 3768 αἰώνων.
2793 3713 2976 3787 Ἀμην.

2936 4063 3183 4115 ΟΜΙΛΙΑ
3240 4065 3334 4118 ΙΔ“.

2872 4184 3017 4239 Κατὰ
3084 4186 3396 4259 μεθυόντων.

2407 4313 2461 4368 1.
2499 4315 2644 4364 Κινεῖ
2676 4315 2767 4383 μέν
2814 4330 2877 4384 με
2923 4313 3054 4384 πρὸς
3099 4315 3186 4363 τὸν
3233 4310 3381 4382 λόγον
3411 4313 3479 4364 τὰ
3532 4313 3777 4388 ἑσπερινὰ
3811 4310 3918 4364 θεά-

573 4397 942 4468 spectacula:
969 4397 1074 4452 sed
1095 4412 1168 4451 ex
1194 4395 1380 4452 altera
1400 4399 1568 4468 parte
1591 4395 1884 4466 impetum
1904 4411 2108 4451 meum
2131 4392 2223 4451 eo;

2337 4420 2476 4472 ματα
2504 4421 2516 4433 ·
2549 4404 2762 4472 κατέχει
2812 4397 2872 4453 δέ
2912 4420 3012 4473 μου
3052 4400 3204 4453 πάλιν
3243 4405 3335 4458 τὴν
3385 4403 3572 4474 ὁρμήν,
3628 4406 3718 4455 καὶ
3765 4401 3920 4471 ἀπαμ-

570 4485 759 4555 bibet,
787 4484 1282 4556 alacritatemque
1321 4484 1585 4540 retundit
1631 4483 1904 4556 priorum
1946 4483 2224 4540 laborum

570 4573 878 4630 inutilitas.
910 4575 1059 4628 Nam
1088 4576 1144 4628 et
1173 4573 1439 4643 agricola
1487 4572 1536 4628 si
1567 4572 1768 4645 priora
1794 4572 2027 4629 semina
2050 4579 2228 4630 enata

573 4678 696 4720 non
740 4662 879 4728 sint,
911 4661 992 4717 ad
1034 4661 1200 4717 aliud
1240 4678 1444 4718 semen
1475 4661 1537 4718 in
1566 4661 1784 4718 iisdem
1811 4663 1968 4718 arvis
2014 4678 2225 4718 rursus

573 4750 984 4825 spargendum
1016 4749 1260 4817 segnior
1288 4755 1381 4804 est
1405 4753 1458 4805 et
1498 4749 1746 4807 tardior.
1786 4751 2017 4807 Etenim
2056 4750 2106 4806 si
2154 4766 2228 4807 ex

573 4846 660 4898 tot
687 4837 1223 4907 exhortationibus,
1255 4838 1316 4892 in
1347 4838 1570 4910 quibus
1593 4844 1720 4894 tum
1751 4839 2048 4910 praeterito
2085 4843 2227 4896 tem-

572 4945 716 5002 pore
747 4944 852 4984 vos
877 4925 1282 4983 indesinenter
1307 4924 1608 4982 adhortati
1632 4932 1996 4996 sumus,tum
2019 4933 2229 5002 postea

574 5035 680 5093 per
703 5018 816 5074 has
847 5022 1078 5089 septem
1109 5016 1478 5087 jejuniorum
1507 5015 1928 5074 hebdomadas
1955 5023 2126 5075 nocte
2157 5034 2228 5074 ac

577 5109 672 5164 die
701 5095 1082 5178 evangelium
1110 5108 1313 5176 gratiae
1338 5105 1437 5162 Dei
1462 5106 1588 5162 sine
1618 5105 1742 5162 ulla
1788 5106 2230 5164 intermissione

646 5253 694 5287 ὀ
728 5253 864 5307 Luc.
888 5265 998 5318 xw,
1031 5254 1115 5305 18.
1193 5249 1240 5284 ³ο
1262 5248 1416 5307 Psal.
1442 5263 1652 5319 cxxvu,
1682 5252 1735 5305 5.

653 5394 762 5466 (l8)
796 5392 945 5468 Editi
995 5395 1324 5468 xarotgu‘emv.
1360 5397 1444 5468 ΔΑί
1472 5409 1645 5468 _mss.
1691 5396 1780 5444 καὶ
1824 5393 2239 5468 σύρωνζΑΗωζά

575 5443 761 5532 ιοὸέὲ
791 5443 1443 5519 ὧδ’ωέέζεὲοὶιηιῖιίῆἰ
1454 5443 1662 5517 ὡῖὸἆά
1695 5443 1981 5527 senate;
2005 5443 2239 5522 vaca;

577 5541 617 5616 c_.’i
661 5549 858 5616 neque
890 5535 950 5590 in
982 5534 1112 5616 aliis
1163 5551 1310 5616 niss.
1352 5550 1548 5616 neque
1595 5537 1656 5592 in
1705 5535 1879 5595 editis
1927 5537 2237 5616 reperitur.

577 5552 617 5589 ω
661 5552 950 5606 nequem
982 5552 1112 5590 aliis
1163 5552 1310 5590 mss.
1352 5552 1424 5590 ne
1477 5552 1548 5590 ue

576 5613 718 5683 Reg.
751 5605 987 5684 primus
1022 5609 1164 5663 πόσα
1197 5603 1257 5664 δὴ
1278 5552 1558 5677 στενάὲεις.

2340 4488 2505 4540 ϐλύνει
2560 4493 2652 4546 τὴν
2719 4491 3014 4564 προθυμίαν
3079 4498 3178 4542 τῶν
3235 4489 3598 4564 προλαϐόντων
3657 4495 3814 4544 πόνων
3869 4490 3918 4540 τὸ

2337 4580 2589 4652 ἄκαρπον.
2640 4577 2781 4630 Ἐπεὶ
2855 4583 2944 4630 καὶ
3016 4581 3266 4654 γεωργὸς,
3341 4588 3441 4631 τῶν
3518 4580 3738 4655 πρώτων
3792 4577 3917 4646 αὐτῷ

2339 4668 2646 4741 σπερμάτων
2723 4673 2794 4740 μὴ
2869 4667 3170 4741 ἐκφυέντων,
3232 4667 3568 4744 ὀκνηρότερος
3633 4670 3744 4722 ἐστι
3804 4667 3920 4740 πρὸς

2336 4759 2394 4808 τὸ
2449 4753 2685 4832 δεύτερον
2733 4765 2844 4819 ταῖς
2897 4757 3082 4819 αύταῖς
3135 4758 3382 4833 ἀρούραις
3441 4759 3591 4812 πάλιν
3619 4754 3915 4830 ἔγκαταϐάλσ

2335 4844 2438 4898 λειν
2488 4847 2615 4915 (20).
2665 4846 2724 4897 Εἰ
2771 4847 2872 4920 γὰρ
2917 4845 2998 4900 ἐπὶ
3043 4850 3327 4911 τοσαύταις
3364 4853 3752 4922 παραινέσεσιν,
3789 4845 3842 4906 ἃς
3876 4846 3918 4895 ἓν

2339 4953 2394 4987 τε
2449 4943 2521 5004 τῷ
2589 4935 2901 5010 προλαϐόντι
2963 4940 3140 5009 χρόνῳ
3201 4934 3615 5012 παρακαλοῦντες
3685 4939 3809 5009 ὑμᾶς
3868 4930 3918 4985 οὗ

2342 5020 2656 5096 διελίπομεν,
2715 5031 2804 5078 καὶ
2871 5025 3043 5098 ἐφεξῆς
3095 5034 3192 5077 τῶν
3254 5027 3382 5080 ἑπτὰ
3443 5030 3637 5080 τούτων
3698 5030 3790 5086 τῆς
3834 5040 3920 5079 νη·-

2348 5118 2520 5175 στείας
2574 5110 2884 5188 ἑϐδομάδων
2941 5117 3121 5176 νυκτὸς
3173 5118 3262 5169 καὶ
3330 5117 3522 5192 ἡμέρας
3579 5113 3922 5190 διαμαρτυρό-

2419 5402 2520 5475 (19)
2565 5397 2731 5454 Colb.
2781 5381 2988 5475 tertius
3035 5397 3470 5475 ἐναριθμηθῆναι.
3517 5399 3725 5455 Statim
3771 5393 3922 5452 Colb.

2346 5469 2579 5544 primus
2602 5478 2861 5544 Χριστοῦ,
2892 5471 2932 5542 ᾧ
2962 5467 3172 5544 saera,

2423 5541 2530 5621 (20)
2563 5541 2808 5626 Antiqui
2829 5541 2953 5604 duo
2981 5541 3117 5603 libri
3144 5542 3525 5619 ἐγκαταϐαλεϊν,
