4076 6190
184 317 290 371 445

1485 307 1771 365 HOMlLlA
1810 304 1878 358 IN
1919 305 2281 368 EBHIOSOS.

3451 313 3555 371 4-66

187 458 330 512 μενοι
361 440 488 511 ὑμῖν
516 439 632 508 (21)
659 439 717 491 τό
764 436 1076 509 Εὖαγγίλιον
1123 445 1216 500 τῆς
1255 437 1478 509 χάριτος
1524 440 1614 486 τοῦ
1660 435 1794 483 Θεοῦ

1908 430 2081 486 vobis
2101 432 2605 508 denuntiavimus,
2621 437 2848 494 fructus
2870 437 3072 494 nullus
3095 436 3381 513 nullaque
3405 410 3558 496 utili-

191 529 281 580 οὐκ
336 527 717 599 ἐπαυσάμεθα,
768 523 919 580 οὐδὲν
971 530 1172 599 γέγονεν
1231 526 1406 598 ὄφελος
1435 545 1447 558 ο
1489 522 1572 576 ἐπὶ
1623 525 1798 582 ποίαις

191 616 370 670 ἐλπίσι
421 613 786 688 διαλεχθῶμεν
836 621 1101 690 σήμερον;
1131 615 1200 668 Ὠ
1240 620 1409 677 πόσας
1456 615 1645 674 νύκτας
1683 610 1792 668 εἰκῆ

195 705 616 780 {momnis-ars]
681 710 853 769 πόσας
909 707 1105 781 ἡμέρας
1159 704 1269 764 εἰκῆ
1331 696 1792 776 συνηθροίσθη-εει

195 797 240 848 εἰ
283 813 345 866 γε
393 800 488 848 καὶ
536 794 670 854 εἰκῆο
699 793 759 846 '0
802 796 905 869 γὰρ
938 793 987 846 ἐν
1016 802 1250 869 προκοπῇ
1292 797 1560 866 γενόμενος
1589 789 1798 862 ἀγαθῶν

197 888 378 959 ἰργων,
422 881 538 937 εἶτα
576 879 1014 958 παλινδρομήσας
1061 887 1189 960 πρὸς
1243 887 1338 942 τὴν
1387 880 1622 956 ἀρχαίαν
1668 896 1796 930 συν-

197 976 397 1036 ἐθειαν,
430 973 492 1026 οὐ
532 977 686 1044 μόνον
733 975 822 1024 τόν
865 971 952 1026 ἐπὶ
996 980 1106 1035 τοῖς
1143 974 1514 1044 πεπονημένοις
1553 969 1660 1040 (22)
1701 984 1796 1039 μι-

200 1065 320 1116 σθόν
382 1061 691 1134 ἐζημιώθη,
736 1059 868 1114 ἀλλὰ
914 1065 1004 1116 καὶ
1056 1059 1346 1135 βαρυτέρας
1404 1059 1641 1123 ἀξιοῦται
1702 1062 1798 1118 τῆς

199 1158 597 1224 κατηρίσεωςο
651 1152 768 1217 ὃτι,
827 1153 1145 1224 γευσάμενος
1200 1149 1356 1203 καλὸν
1414 1155 1548 1202 Θεοῦ
1610 1148 1794 1222 ῥῆμα,

199 1245 282 1294 καί
334 1247 579 1313 γνώσεως
639 1243 948 1313 μυστηρίων
1007 1238 1279 1308 ἀξιωθεὶς,
1333 1240 1504 1292 πάντα
1557 1233 1798 1311 προέδωε

198 1349 277 1383 κεν
317 1333 469 1401 (23),
530 1326 696 1402 ἡδονῇ
756 1328 995 1402 βραχείᾳ
1050 1325 1369 1392 δελεασθεὶς.
1426 1328 1485 1380 Ὀ
1550 1328 1640 1400 μὶν
1694 1328 1796 1400 γὰρ

199 1418 483 1490 ἐλάχιστος
550 1422 889 1490 συγγνωστός
948 1417 1088 1472 ἐστιν
1143 1417 1348 1482 ἐλέους·
1419 1413 1635 1470 δυνατοί
1702 1412 1794 1481 δὲ,

199 1514 365 1580 φησὶ,
435 1505 686 1572 δυηατῶς
761 1507 1162 1568 ἐτασθήσονται.
1238 1511 1349 1562 Μία
1410 1506 1642 1581 ἑσπέρα,
1709 1507 1797 1556 καὶ

199 1601 292 1670 μία
351 1597 623 1671 προσϐολή
673 1598 791 1668 (24)
857 1604 951 1650 τοῦ
1009 1595 1205 1672 ἔχθροῦ
1261 1598 1431 1650 πάντα
1494 1598 1582 1649 τὸν
1645 1597 1800 1648 πόνον

200 1686 384 1740 ἐκεῖνον
453 1683 666 1740 διέλυσε
728 1690 820 1740 καὶ
885 1687 1124 1759 ἠφάνισε.
1190 1688 1321 1740 Ποία
1383 1681 1472 1738 οὖν
1531 1684 1799 1759 προθυμία

1907 523 1998 576 tas
2021 525 2286 590 emersit;
2311 542 2434 598 qua
2457 543 2564 598 spe
2587 543 2930 584 sermonem
2952 529 3131 585 hodie
3151 529 3557 586 habebimus?

1910 611 1952 665 Ο
1985 616 2128 683 quot
2159 619 2364 670 noctes
2409 616 2627 672 frustra
2658 616 2975 687 vigilastisl
3009 621 3155 690 quot
3183 618 3312 674 dies
3335 618 3558 676 frustra

1909 702 2305 759 convenistis!
2340 704 2390 760 si
2421 709 2622 762 tamen
2660 707 2899 763 frustra.
2931 706 3082 762 Nam
3128 707 3230 780 qui
3272 708 3333 763 in
3378 706 3556 764 bonis

1909 789 2192 860 operibus
2218 807 2604 864 progressum
2627 793 2779 863 fecit,
2803 795 3022 852 deinde
3041 811 3182 852 vero
3204 795 3283 851 ad
3303 811 3558 854 consue‘

1909 879 2176 936 tudinem
2207 883 2516 955 antiquam
2564 885 2895 953 revertitur,
2944 900 3066 941 non
3105 886 3557 958 insumptorum

1908 969 2092 1025 modo
2127 970 2409 1027 laborum
2451 974 2792 1030 mercedem
2842 974 3086 1044 amittit,
3120 973 3227 1030 sed
3271 974 3337 1030 ﬁt
3373 975 3554 1032 etiam

1910 1073 2104 1130 poenas
2133 1061 2394 1129 graviori
2423 1061 2759 1131 obnoxius;
2794 1062 2961 1136 quod
2999 1079 3137 1119 cum
3168 1063 3270 1120 Dei
3300 1063 3556 1121 verbum

1908 1147 2140 1204 bonum
2170 1146 2594 1220 dégustaverit.
2627 1152 3169 1224 mysteriorumque
3217 1153 3556 1222 cognitione

1908 1226 2190 1305 dignatus
2223 1238 2316 1304 sit,
2349 1237 2609 1308 perdidit
2655 1238 2882 1304 omnia,
2910 1238 3078 1295 brevi
3115 1239 3420 1312 voluptate
3457 1240 3552 1296 in-

1907 1331 2168 1384 escatus.
2181 1327 2337 1384 Nam
2360 1327 2567 1384 minim
2577 1342 2642 1384 us
2660 1328 2896 1400 quidem
2920 1329 3092 1386 venia
3113 1331 3155 1398 ι
3169 1329 3281 1400 23
3298 1344 3370 1386 ac
3387 1331 3558 1386 miseH

1907 1415 2173 1471 ricordia
2203 1416 2422 1485 dignus
2441 1423 2564 1472 est:
2581 1422 2848 1487 potentes
2875 1417 3263 1490 vero,inquit,
3282 1422 3560 1488 potenter

1907 1504 2350 1576 torquebantur
2368 1507 2438 1564 3‘.
2483 1507 2741 1578 Vespera
2765 1521 2910 1577 una,
2932 1510 2989 1563 et
3014 1522 3172 1563 unus
3198 1505 3426 1563 inimici
3453 1521 3560 1563 asa-

1909 1593 2100 1650 sultus
2143 1610 2386 1652 omnem
2416 1596 2585 1652 illum
2623 1596 2896 1654 laborem
2939 1597 3212 1654 dissolvit
3239 1600 3298 1654 et
3323 1596 3556 1656 evertit.

1909 1685 2051 1749 Quae
2073 1698 2216 1754 ergo
2238 1684 2382 1741 mihi
2402 1685 2679 1742 alacritas
2699 1701 2860 1742 nunc
2881 1686 2959 1743 ad
2976 1685 3340 1742 dicendum?
3362 1687 3558 1752 Quare

200 1783 284 1829 τοῦ
330 1783 421 1827 νῦν
480 1775 678 1847 λόγου;
735 1775 898 1830 Ὠστε
947 1774 1044 1828 κᾶν
1102 1774 1399 1840 ἐσιώπησα,
1450 1771 1504 1828 εὖ
1559 1776 1693 1837 ἴστε,
1755 1770 1798 1825 εἰ

1908 1773 2088 1828 etiam
2141 1773 2486 1842 tacuissem,
2534 1774 2681 1830 mihi
2736 1775 2980 1838 credite,
3025 1775 3141 1830 nisi
3186 1774 3455 1830 Jeremim
3494 1772 3560 1830 tia

201 1868 262 1938 pair
300 1864 598 1938 ἐφοϐούμην
643 1867 703 1917 τό
745 1860 1045 1937 ὑπόδειγμα
1088 1871 1183 1918 τοῦ
1227 1863 1495 1938 Ἱερεμίου,
1545 1863 1614 1930 ὃς,
1674 1863 1798 1935 πρὸς

199 1953 381 2013 ἀπειθῆ
427 1953 553 2006 λαόν
594 1955 913 2027 φθέγγεσθαι
949 1958 1022 2027 μὴ
1066 1952 1393 2028 βουλόμενος,
1426 1953 1606 2006 ἔπαθεν
1633 1949 1800 2004 ἐκεῖνα

199 2043 322 2117 εἰπερ
405 2043 566 2105 αὐτὸς
633 2039 939 2114 διηγήσατο
973 2062 985 2076 ·
1055 2043 1135 2096 ὄτι
1199 2041 1394 2114 ἐγίνετο
1473 2041 1614 2112 αὐτῷ
1692 2046 1796 2112 πῦρ

197 2131 246 2185 εν
300 2139 409 2194 τοῖς
462 2131 744 2204 ἐγκάτοις,
803 2135 894 2185 καὶ
945 2139 1158 2206 παρεῖτο
1208 2133 1494 2199 πάντοθεν,
1557 2129 1648 2183 καί
1705 2129 1797 2182 οῦκ

201 2219 424 2278 ἐδύνατο
492 2227 677 2297 φέρειν.
743 2227 988 2286 Γυναῖκες
1044 2221 1364 2290 ἀκόλαστοι,
1432 2221 1798 2294 ἐπιλαϐόμεναι

196 2320 285 2365 τοῦ
326 2312 489 2384 φόϐου
531 2319 625 2366 τοῦ
675 2319 850 2380 Θεοῦ,
897 2319 989 2366 τοῦ
1031 2315 1219 2387 πυρόςέ
1238 2319 1329 2366 τοῦ
1373 2312 1582 2365 αἰωνίου
1631 2329 1796 2363 κατα-ιι

199 2407 549 2476 φρονήσασαι,
579 2401 631 2454 ἐν
671 2404 844 2477 ἡμέρᾳ
885 2404 1124 2477 τοιαύτῃ,
1169 2402 1252 2455 ὅτε
1295 2402 1459 2464 αὐτὰς
1497 2400 1660 2475 ἐχρῆν
1704 2396 1798 2453 διὰ

353 2489 646 2564 ἀνάμνησιν
703 2499 800 2552 τῆς
865 2489 1198 2553 ἀναστάσεως
1257 2491 1526 2552 καθῆσθαι
1581 2488 1629 2542 ίν
1693 2494 1798 2550 τοῖς

191 2582 392 2646 εῐκοις,
446 2583 538 2632 καὶ
591 2580 786 2631 ἔννοιαν
832 2577 1110 2652 λαμϐάνειν
1162 2587 1255 2640 τῆς
1311 2581 1508 2654 ἡμέρας
1561 2577 1796 2645 ἐκείνης,

191 2667 314 2720 καθ’
366 2667 430 2726 ἣν
487 2667 863 2739 ἀνοιγήσονται
918 2671 1006 2741 μὲν
1063 2669 1114 2722 οἱ
1159 2668 1389 2742 οὐρανοὶ,
1431 2666 1798 2740 ἐπιφανήσεται

187 2753 250 2810 δε
297 2759 424 2829 ἡμῖν
464 2758 491 2810 ό
539 2761 722 2830 κριτὴς
772 2757 827 2821 ἐξ
867 2757 1114 2831 οὐρανῶν,
1163 2759 1255 2810 καὶ
1301 2756 1584 2828 σάλπιγγες
1642 2761 1794 2821 Θεοῦ,

185 2851 282 2898 καὶ
338 2845 628 2907 ἀνάστασις
679 2854 890 2920 νεκρῶν,
921 2852 1012 2900 καὶ
1054 2851 1230 2922 κρίσις
1279 2843 1482 2913 δικαία,
1523 2849 1613 2898 καὶ
1653 2842 1800 2897 ἀντι-

185 2932 347 2997 δόσις
394 2938 506 3008 (25)
559 2935 764 3008 ἑκάστῳ
809 2937 946 2989 κατά
987 2939 1045 2989 τὸ
1094 2939 1241 3011 ἔργον
1289 2934 1487 2988 αὐτοῦ⁸
1542 2934 1652 2988 ἀντὶ
1706 2940 1799 2988 τοῦ

184 3033 360 3077 ταῦτα
408 3029 555 3098 ἔχειν
603 3023 652 3078 ἐν
694 3031 806 3087 τοῖς
850 3022 1237 3098 διαλογισμοῖς,
1266 3029 1356 3077 καὶ
1401 3026 1668 3100 καθαίρειν
1706 3027 1797 3097 μὲν

181 3113 388 3167 ἑαυτῶν
447 3117 540 3177 τὰς
596 3110 824 3188 καρδίας
857 3113 978 3167 ’ἀπό
1031 3123 1269 3187 πονηρῶν
1326 3111 1669 3186 ἐνθυμήσεων,
1711 3112 1798 3176 ἐξ·

182 3203 415 3275 αλείφειν
463 3200 523 3256 δὲ
566 3210 678 3264 τοῖς
721 3199 955 3278 δάκρυσι
989 3206 1056 3257 τὰ
1096 3205 1559 3279 προημαρτημένα,
1584 3201 1797 3276 ἐτοιμά-

185 3295 379 3353 ςεσθαι
433 3289 495 3346 δὲ
554 3296 688 3368 πρὸς
732 3297 820 3350 τὴν
873 3291 1165 3350 ἀπάντησιν
1220 3299 1313 3346 τοῦ
1369 3299 1607 3364 Χριστοῦ
1665 3293 1800 3344 κατά

181 3386 284 3440 τὴν
328 3380 570 3454 μεγάλην
628 3383 824 3457 ἡμέραν
869 3390 959 3442 τῆς
1007 3381 1300 3455 ἐπιφανείας
1344 3382 1533 3450 αὑτοῦ,
1580 3378 1798 3434 ἀποσει-

189 3474 423 3542 σάμεναι
454 3474 548 3524 τόν
589 3473 747 3543 ζυγὸν
788 3479 885 3532 τῆς
925 3467 1162 3532 δουλείας
1204 3478 1296 3523 τοῦ
1347 3477 1601 3546 Χριστοῦ,
1632 3469 1800 3546 ῥίψα-

189 3577 288 3611 σοιι
337 3560 444 3613 ἀπὸ
482 3567 585 3613 τῶν
631 3559 861 3632 κεφαλῶν
902 3562 967 3613 τὰ
1008 3568 1103 3622 τῆς
1153 3559 1557 3632 εὐσχημοσύνης
1606 3559 1801 3631 καλύμ-

191 3669 372 3720 ματα,
421 3654 893 3722 καταφρονήσασαι
948 3656 1037 3703 τοῦ
1101 3655 1234 3702 Θεοῦ
1259 3691 1272 3716 ,
1330 3654 1802 3722 καταφρονήσασαι

191 3745 292 3789 τῶν
330 3736 563 3809 ἀγγέλων
613 3738 802 3803 αὐτοῦ,
841 3741 1442 3809 καταναισχυντήσασαι
1485 3737 1658 3798 πάσης
1699 3736 1800 3811 ἄῤ·-

195 3827 334 3898 ῥε-δος
407 3827 616 3898 ὅψεως,
659 3825 913 3880 σοϐοῦσαι
964 3829 1054 3888 τὰς
1105 3831 1302 3900 κόμας,
1359 3828 1620 3900 σύρουσαι
1680 3828 1800 3889 τοὺς

196 3924 467 3986 χιτῶνας,
513 3921 602 3968 καὶ
651 3923 754 3977 τοῖς
802 3919 960 3970 ποσίν
1007 3917 1118 3988 οἶμα
1166 3917 1494 3982 παίζουσαι,
1556 3914 1800 3988 ὀφθαλμῷ

197 4002 450 4076 ἀσελγεῖ,
515 4006 704 4077 γῦωτι
783 4005 1111 4078 ἐκκεχυμένῳ
1177 4006 1291 4076 (26)
1363 4007 1490 4077 πρὸς
1570 4007 1799 4077 ὄρχησιν

199 4093 537 4164 ἐκμανεῖσαι,
565 4102 741 4148 πᾶσαν
779 4098 900 4148 νέων
947 4093 1232 4147 ἀκολασίαν
1281 4092 1357 4166 ἐφ’
1402 4093 1586 4153 ἑαυτὰς
1626 4110 1799 4167 πρόσω

200 4182 560 4256 καλούμεναι,
613 4183 664 4237 ἐν
717 4192 828 4247 τοῖς
870 4186 972 4257 πρὸ
1029 4186 1145 4254 (27)
1201 4191 1290 4244 τῆς
1347 4180 1536 4242 πόλεως
1593 4199 1798 4255 μαρτυε

206 4278 328 4344 pisi;
394 4277 594 4346 χοροὺς
661 4275 1089 4345 συστησάμεναι,
1148 4270 1496 4346 ἐργαστήριον
1562 4279 1654 4333 τῆς
1716 4270 1798 4322 οἰ-⁵

207 4367 344 4424 κείας
395 4363 567 4415 αὐτῶν
618 4361 999 4435 ἀσχημοσύνης
1049 4363 1165 4423 τούς
1213 4363 1563 4433 ἡγιασμένους
1611 4364 1799 4420 τόπους

213 4457 531 4510 πεποίηνται.

216 4548 310 4600 τοῖς
357 4549 638 4616 πρνικοίς,
692 4540 898 4614 ἐμίαναν
943 4537 1002 4593 δὲ
1048 4543 1140 4599 τὴν
1191 4547 1290 4612 γῆν
1332 4547 1436 4600 τοῖς
1490 4536 1804 4613 ἀκαθάρτοις

283 4683 328 4718 ⁸⁸
369 4685 511 4756 Sap.
543 4699 620 4752 VI,
651 4689 708 4742 7.
786 4684 832 4719 ⁸³
868 4684 1083 4739 Jerem.
1114 4699 1203 4746 xx,
1237 4685 1290 4739 9.

281 4826 390 4894 (21)
428 4825 618 4900 Editio
674 4823 852 4883 Paris.
905 4821 1378 4900 διαμαρτυράμενοι
1431 4825 1584 4898 ἡμῖν.
1651 4823 1807 4882 Libri

225 4901 439 4953 veteres
469 4899 612 4970 ὑμῖν.

429 4967 600 5024 Οόώ.
645 4969 851 5024 tertius
882 4971 1369 5044 προπεπονημένοις.
1407 4967 1522 5025 Alii
1572 4982 1716 5023 mss.
1751 4971 1810 5024 et

226 5038 352 5095 editi
375 5038 769 5100 πεπονημένοις.

285 5113 391 5178 (23)
433 5095 606 5184 Illud,
630 5095 800 5184 πάντα
827 5107 1140 5184 προέδωκεν,
1165 5111 1267 5178 ita,
1296 5110 1343 5167 si
1373 5108 1585 5177 mavis,
1611 5113 1802 5168 verte:

227 5186 408 5238 omnia
436 5183 734 5251 prodidit.

286 5257 394 5327 (24)
435 5253 600 5309 Colb.
635 5253 840 5327 tertius
865 5257 962 5325 μία
986 5251 1234 5327 προϐολή.

287 5326 391 5390 (25)
437 5327 602 5380 Unus
652 5323 842 5380 codex
865 5321 1033 5395 'Regf
1054 5329 1143 5376 καὶ
1191 5321 1556 5390 ἀνταπόδοσις,
1592 5323 1677 5395 sic
1723 5327 1810 5381 ta.-

228 5410 372 5454 meu.
402 5400 464 5469 ut
489 5396 551 5469 in
579 5411 686 5450 ora
711 5395 854 5469 libri
875 5391 1168 5467 scriptum
1191 5397 1264 5452 sit
1291 5415 1379 5469 γρ.
1405 5400 1494 5448 καὶ
1513 5391 1806 5469 (ἀντίδοσις.

287 5467 586 5536 (26)§Colb.
608 5466 813 5522 tertius
837 5465 1366 5539 ἐγκεχὺμξνῳλίιιέιὴ
1389 5466 1588 5524 Basilii
1609 5466 1808 5524 locum

231 5537 304 5592 sic
339 5539 632 5610 expressit
662 5537 1143 5594 AmbrOsius'lib.
1179 5541 1263 5596 De
1291 5540 1433 5595 Elia
1473 5544 1526 5594 et
1545 5539 1806 5608 jejunio,

231 5625 347 5685 cap.
381 5613 460 5672 18.
494 5625 668 5678 num.
702 5611 769 5670 66
799 5613 857 5670 et
903 5614 969 5670 67
997 5627 1010 5671 :
1043 5610 1177 5670 Illae
1213 5611 1277 5678 in
1319 5610 1543 5692 plateis
1583 5612 1810 5670 iuvere.

1367 4683 1416 4716 ³³
1457 4686 1571 4739 lsa.
1598 4696 1679 4738 in.
1718 4687 1802 4738 16.
1879 4677 1892 4688 “

1907 1861 2197 1918 mulssem
2223 1863 2563 1934 exemplum
2591 1879 2603 1918 :
2634 1863 2740 1937 qui
2770 1881 2907 1919 cum
2929 1865 3008 1920 ad
3033 1864 3324 1937 populum
3346 1866 3558 1920 eontu~

1906 1965 2141 2007 macem
2173 1951 2359 2008 verba
2388 1952 2582 2008 facere
2627 1952 2831 2020 nollet,
2863 1968 3083 2025 passus
3132 1957 3221 2010 est
3259 1967 3394 2026 quea
3423 1953 3555 2024 ipse

1906 2046 2202 2098 recenset:
2227 2043 2392 2114 quod
2419 2042 2611 2099 factus
2641 2049 2730 2099 est
2766 2044 2922 2113 ignis
2953 2049 3018 2100 ut
3047 2044 3176 2115 ejus
3200 2042 3556 2116 visceribus,

1907 2145 1977 2187 ac
1997 2130 2267 2202 undique
2288 2131 2752 2202 dissolvebatur,
2775 2149 2885 2190 nec
2913 2132 3062 2190 ferre
3083 2136 3317 2205 poterat
3337 2133 3408 2188 ³³.
3430 2132 3556 2188 Μαι·

1905 2219 2078 2276 lier‘es
2106 2220 2366 2287 lascivae,
2399 2221 2628 2278 timoris
2655 2222 2758 2278 Dei
2787 2222 3006 2289 oblitae,
3031 2227 3324 2279 aeternum
3349 2221 3553 2292 ignem

1907 2315 2266 2382 aspernatae,
2298 2310 2358 2366 in
2387 2309 2491 2366 illa
2517 2311 2650 2382 ipsa
2680 2311 2776 2367 die
2824 2324 2964 2368 cum
2995 2311 3075 2368 ob
3102 2309 3556 2368 resurrectionis

1906 2399 2262 2456 memoriam
2294 2403 2644 2472 oportuerat
2670 2417 2772 2458 eas
2810 2401 2872 2458 in
2902 2401 3186 2459 domibus
3223 2401 3450 2468 sedere,
3483 2411 3556 2456 ae

1906 2489 2211 2546 recordari
2231 2489 2370 2556 diei,
2395 2488 2572 2559 illius,
2596 2490 2657 2546 in
2679 2506 2804 2563 qua
2831 2490 3176 2564 aperientur
3195 2489 3351 2560 cmli,
3374 2493 3431 2546 et
3449 2503 3554 2561 apd

1903 2578 2141 2651 parebit
2166 2579 2340 2635 nobis
2363 2579 2551 2650 judex
2584 2594 2614 2635 e
2643 2579 2830 2646 caelis,
2857 2584 2914 2636 et
2939 2578 3097 2635 tubas
3124 2578 3244 2646 Dei,
3277 2582 3331 2634 et
3360 2591 3556 2634 resur-

1904 2667 2087 2724 rectio
2115 2672 2515 2734 mortuorum,
2547 2671 2604 2724 et
2618 2668 2916 2740 judicium
2940 2669 3193 2739 justum,
3216 2672 3273 2723 et
3299 2665 3553 2723 redditio

1904 2757 2232 2830 unicuique
2252 2758 2425 2828 juxta
2454 2774 2608 2831 opus
2641 2775 2820 2814 suum
2846 2777 2860 2827 ;
2893 2774 3033 2814 cum
3062 2757 3138 2813 de
3167 2757 3260 2812 his
3291 2756 3554 2826 cogitare

1905 2845 2275 2913 debuissent,
2311 2863 2544 2920 suaque
2576 2846 2758 2904 corda
2799 2847 3059 2920 apravis
3096 2845 3555 2919 cogitationibus

1906 2948 2187 3007 purgare,
2219 2939 2278 2990 et
2304 2935 2508 3006 priora
2536 2939 2785 3006 peccata
2812 2934 3098 3007 laerymis
3128 2935 3345 3002 delere,
3374 2937 3555 3006 atque

1906 3023 1986 3080 ad
2007 3023 2216 3079 Christi
2245 3037 2568 3080 occursum
2599 3039 2708 3095 pro
2728 3037 2954 3095 magno
2977 3023 3079 3080 illo
3109 3024 3206 3080 die
3235 3022 3558 3096 apparitim
3618 3081 3624 3092 ,

1837 3131 1879 3188 c
1906 3113 1999 3169 nis
2019 3112 2070 3183 ej
2082 3128 2151 3166 us
2185 3125 2316 3167 sese
2340 3127 2706 3183 praeparare,
2730 3112 3028 3168 servitutis
3059 3111 3268 3168 Christi
3299 3125 3553 3166 excusso

1900 3201 2069 3272 jugo,
2103 3198 2458 3256 velamentis
2484 3199 2816 3256 honestatis
2845 3216 2881 3256 a
2910 3199 3103 3272 capite
3130 3199 3386 3270 rejectis,
3414 3213 3555 3255 oon-

1907 3293 2132 3362 tempto
2155 3291 2295 3359 Deo,
2320 3288 2535 3361 spretis
2563 3288 2753 3361 ipsius
2785 3288 3038 3358 angelis,
3059 3288 3287 3345 virilem
3308 3300 3553 3344 omnem

1907 3381 2223 3450 aspectum
2253 3377 2401 3435 citra
2428 3378 2726 3450 puderem
2765 3377 3039 3445 ferentes,
3064 3374 3278 3436 comas
3327 3377 3557 3448 agitan-

1909 3468 2340 3538 tes,trahentes
2370 3468 2624 3538 tunicas,
2659 3484 2730 3523 ac
2782 3467 3227 3540 pedibussimul
3254 3467 3555 3534 ludentes,

1903 3555 2239 3613 lascivienti
2277 3557 2472 3624 oculo,
2507 3556 2697 3613 eﬁ‘uso
2723 3557 2870 3622 risu,
2899 3557 2979 3613 ad
3008 3556 3352 3613 saltandum
3383 3555 3557 3628 quasi

1905 3645 2177 3718 quodam
2199 3644 2397 3701 furore
2418 3645 2665 3702 concitae
2680 3647 2748 3716 ³⁸,
2773 3661 3017 3702 omnem
3042 3646 3336 3716 juveuum
3365 3643 3558 3700 libidi‘

1905 3747 2045 3791 nem
2075 3735 2135 3790 in
2161 3734 2391 3806 seipsas
2413 3739 2833 3808 provocantes,
2854 3735 2913 3791 in
2937 3739 3270 3806 martyrum
3291 3733 3558 3790 basilicis

1906 3839 2014 3896 pro
2058 3822 2362 3879 moenibus
2391 3824 2646 3880 civitatis
2678 3824 2895 3880 choros
2944 3823 3394 3890 constituentes,
3424 3821 3558 3878 loca

1908 3916 2117 3968 sancta
2137 3912 2447 3968 ofﬁcinam
2468 3912 2854 3969 obscenitatis
2875 3929 2997 3968 suae
3020 3912 3288 3969 etfacere.
3313 3909 3561 3967 Cantile-

1905 4003 1999 4059 nis
2018 4003 2369 4060 meretriciis
2399 4007 2460 4059 ut
2488 4019 2690 4061 aerem
2713 4007 3214 4076 conspurcarunt,
3232 4003 3314 4058 ita
3339 4007 3559 4059 terram

1905 4091 2184 4164 tripudiis
2213 4091 2518 4164 pulsatum
2549 4093 2808 4164 pedibus
2853 4091 3186 4148 immundis
3215 4090 3556 4157 foedarunt;

1907 4182 2324 4254 spectaculum
2369 4182 2480 4238 sibi
2511 4181 2659 4255 ipsis
2683 4183 2978 4253 juvenum
3011 4180 3250 4238 turbam
3290 4181 3561 4252 undique

1908 4275 2256 4340 statuentes,
2304 4270 2486 4343 plane
2536 4271 2980 4337 inverecundus,
3014 4285 3386 4342 prorsusque
3424 4269 3562 4325 iusi-

1908 4362 2158 4434 pientes,
2191 4359 2424 4416 nullum
2456 4361 2706 4416 insanius
2738 4361 2991 4416 modum
3032 4359 3394 4417 omittentes.
3427 4362 3562 4415 Haec

622 4452 862 4524 Ἐμίαναν
914 4454 1004 4523 μὲν
1053 4452 1140 4503 τόν
1207 4448 1334 4526 ἀέρα
1409 4455 1516 4511 τοῖς
1593 4451 1798 4523 ᾅσμασι

1908 4449 2221 4521 quomodo
2270 4453 2478 4506 tacebo
2500 4449 2528 4504 ‘I
2555 4449 2886 4536 quomodo,
2921 4453 2987 4506 ut
3014 4463 3125 4521 par
3153 4453 3260 4515 est,
3291 4448 3515 4518 lugebo
3534 4448 3562 4505 ?

1908 4537 2125 4594 Vinum
2165 4536 2340 4595 nobis
2365 4537 2584 4594 harum
2615 4535 2960 4594 animarum
3009 4537 3308 4594 damnum
3337 4535 3557 4594 intulit.

1910 4823 2134 4880 cundos
2152 4822 2329 4879 etiam
2352 4823 2496 4878 viris
2510 4822 2619 4878 sub
2637 4828 2956 4893 conspectu
2977 4821 3562 4879 adolescentutorum

1911 4894 2440 4962 intemperantiam
2469 4894 2677 4950 choros
2706 4894 2957 4955 ducunt,
2974 4897 3282 4963 jactantes
3309 4905 3560 4956 comam,

1914 4965 2219 5021 trahentes
2247 4965 2580 5021 tunicas....
2613 4967 2907 5021 saltantes
2935 4964 3207 5033 pedibus,
3236 4975 3566 5033 personan-

1915 5042 1996 5112 tes
2019 5037 2279 5112 vocibus,
2301 5037 2700 5112 irrita_ntes_in
2723 5032 3088 5112 se_juverium
3112 5032 3382 5112 libidinis
3400 5037 3565 5112 metu

1914 5099 2286 5182 bistrionico,
2322 5109 2632 5182 petulanti
2655 5099 2849 5173 oculo,
2890 5104 3244 5182 dedecoroso
3276 5099 3561 5182 ludibrio.

1911 5181 2154 5247 Spectat
2205 5171 2430 5234 corona
2485 5171 2949 5241 adolescentiam,
2991 5179 3045 5229 et
3080 5175 3164 5247 ﬁt
3221 5171 3566 5227 miserabile

1915 5245 2261 5306 theatrum..
2276 5290 2311 5305 ..
2332 5250 2544 5306 caelum
2567 5249 2803 5315 impuro
2825 5245 3278 5315 contaminatur
3297 5248 3560 5315 aspectu,

1915 5328 2079 5378 terra
2109 5323 2280 5389 turpi
2307 5320 2628 5376 saltatione
2650 5313 2973 5389 polluitur,
2996 5328 3127 5389 qua
3152 5313 3418 5389 obscenis
3446 5314 3568 5389 sal-

1917 5393 2139 5448 tatibus
2168 5385 2541 5448 verberatur.
2570 5387 2870 5457 Quomodo
2892 5387 3193 5452 patienter
3215 5386 3452 5457 loquar,
3468 5385 3566 5454 pie

1913 5470 2286 5532 praeteream,
2333 5461 2753 5532 convenienter
2798 5456 3093 5532 tie/leam?
3134 5456 3346 5513 Vinum
3395 5457 3566 5513 nobis

1918 5529 2227 5592 tantarum
2258 5535 2601 5589 animarum
2625 5529 2853 5588 damna
2881 5529 3114 5584 intulit.

1988 5608 2102 5680 (27)
2147 5607 2296 5677 Lege
2325 5606 2609 5661 Ducmum
2636 5602 2700 5662 in
2724 5600 2893 5674 illud,
2925 5599 2974 5657 ίν
3004 5606 3110 5664 τοῖς
3137 5603 3260 5677 πρό,
3282 5603 3395 5661 etc.
