4076 6190
580 310 684 372 447

1931 305 1990 365 S.
2044 303 2293 363 BASILll
2348 304 2588 364 MAGNI.

3828 312 3926 370 448

581 438 824 511 Vinum,
847 435 948 494 Dei
976 434 1205 493 donum
1229 432 1306 491 ad
1327 431 1690 490 infirmitatis
1717 431 1993 489 levamen
2018 428 2234 486 sobriis

2364 434 2534 498 τοσίν,
2576 430 2636 489 ἣν
2685 430 2735 484 ἐν
2781 439 2891 494 ταῖς
2941 431 3205 509 ὀρχήσεσι
3256 436 3642 509 κατεκρότησαν
3667 474 3681 502 ,
3739 436 3927 512 θέατρον

585 529 819 599 datum,
870 543 1032 583 nunc
1071 524 1328 582 lasciviis
1377 522 1604 580 factum
1647 526 1734 580 est
1769 522 2237 579 instrumentum

584 616 1128 691 intemperantibus
1141 657 1155 672 .

2348 519 2552 581 ἑαυταῖς
2623 526 2900 574 νεανίσκων
2977 521 3134 594 ὄχλον
3198 525 3690 597 περιστησάμεναι,
3724 523 3930 587 σοϐάδες

2347 610 2496 669 ὄντως
2536 614 2627 662 καὶ
2673 613 2966 685 παραφοροι
3012 610 3263 672 παντελῶς
3308 611 3443 682 (28),
3488 616 3680 685 μανίας
3699 609 3928 687 οὐδεμίαν

588 708 869 783 ὑπερϐολήν
916 705 1313 760 ἀπολείπουσαι.
1363 709 1543 758 Ταῦτα
1588 710 1697 765 πῶς
1741 704 1830 774 μὲν
1895 704 2194 766 σιωπήσω;
2243 704 2349 757 πῶς
2392 691 2452 748 δὲ
2493 697 2609 751 κατ’
2659 696 2807 762 ἀξίαν
2864 695 3174 774 ὀδύρωμαι;
3223 697 3369 760 Οἷνος
3423 701 3548 773 ἡμῖν
3602 709 3704 753 τῶν
3757 700 3930 773 ψυχῶν

586 799 778 851 τούτων
802 800 891 855 τήν
922 796 1117 868 ζημίαν
1147 793 1387 852 ἐποίησεν
1421 813 1433 827 ·
1465 788 1615 859 οἶνος,
1638 795 1695 845 τὸ
1720 792 1864 865 παρά
1894 796 2027 845 Θεοῦ
2055 785 2223 863 δῶρον
2249 785 2321 849 εἰς
2349 787 2683 859 παραμυθίαν
2713 796 2804 849 τῆς
2835 786 3096 851 ἀσθενείας
3128 784 3405 863 δεδομένον
3427 796 3534 852 τοῖς
3559 797 3926 866 σωφρονοῦσιν·

589 885 755 939 ὅπλου
774 882 834 937 δὲ
862 891 948 936 νῦν
975 887 1242 956 γενόμενον
1269 881 1551 942 ἀκολασίας
1579 888 1683 942 τοῖς
1714 880 2129 952 ἀσελγαίνουσιν.

659 979 715 1029 2.
756 972 1042 1038 Ebrietas,
1055 971 1431 1029 voluntarius
1450 970 1546 1026 ille
1566 969 1830 1037 daemon,
1846 983 1956 1042 per
1972 965 2247 1039 volupta-

588 1066 712 1119 tem
734 1065 795 1118 in
818 1062 1054 1119 animas
1082 1060 1374 1128 insiliens,
1398 1059 1675 1126 ebrietas,
1698 1057 1976 1131 nequitia:
2001 1070 2243 1128 parens,

589 1167 810 1224 resque
840 1151 1038 1208 virtuti
1065 1150 1332 1219 inimica,
1354 1148 1569 1206 fortem
1594 1148 1789 1204 virum
1808 1146 2099 1218 ignavum
2119 1143 2246 1201 red-

588 1241 703 1298 dit:
725 1241 1014 1297 Pudicum
1032 1238 1431 1311 impudicum;
1445 1237 1743 1308 justitiam
1763 1251 1886 1292 non
1905 1230 2249 1297 novit,tollit

588 1330 997 1404 prudentiam.
1028 1327 1559 1394 Quemadmodum
1578 1327 1742 1384 enim
1780 1340 1945 1399 aqua
1975 1323 2130 1395 ignis
2158 1325 2247 1379 est

591 1419 887 1475 adversa:
923 1418 1010 1474 sic
1047 1415 1447 1473 immodicum
1476 1416 1687 1473 vinum
1723 1415 2019 1472 rationem
2062 1411 2246 1469 extin-

586 1507 737 1580 guit.
765 1509 1143 1579 Quapropter
1162 1504 1450 1577 pigrabar
1475 1504 1814 1578 quidquam
1834 1507 2045 1560 contra
2064 1499 2248 1558 ebrie-

592 1600 777 1654 tatem
803 1596 1024 1663 dicere,
1050 1611 1174 1653 non
1212 1596 1380 1668 quod
1411 1594 1641 1651 malum
1669 1593 1984 1666 quoddam
2010 1591 2103 1662 sit}
2130 1590 2247 1647 exi-

595 1700 805 1755 guum,
830 1688 937 1742 aut
955 1684 1490 1752 contemnendum,
1514 1683 1622 1740 sed
1641 1681 1808 1757 quod
1827 1696 2026 1737 sermo
2046 1683 2248 1736 noster

592 1773 742 1829 nihil
787 1777 943 1830 esset
984 1773 1353 1846 profuturus.
1382 1773 1610 1830 Etenim
1635 1772 1686 1828 si
1705 1770 1907 1827 ebrius
1931 1768 2169 1841 desipit,
2191 1770 2248 1824 et

592 1862 885 1931 vertigine
902 1862 1167 1929 laborat;
1190 1862 1408 1919 frustra
1425 1861 1692 1934 loquitur
1710 1860 1813 1933 qui
1835 1858 2104 1929 increpat
2122 1869 2246 1913 non

596 1951 959 2008 audientem.
990 1954 1152 2018 Quos
1173 1952 1355 2022 igitur
1378 1950 1794 2025 alloquemur?
1813 1947 2114 2022 siquidem
2140 1945 2246 2018 qui

603 2040 776 2113 124
798 2041 1210 2098 admonitione
1237 2040 1485 2111 indiget,
1506 2055 1582 2097 ea
1623 2055 1759 2113 quae
1787 2038 2090 2099 dicuntur,
2119 2048 2245 2090 non

596 2130 924 2188 auscultat:
954 2131 1311 2204 temperanti
1337 2145 1480 2187 vero
1502 2133 1558 2186 et
1579 2128 1784 2186 sobrio
1821 2142 1976 2200 opus
2003 2139 2129 2182 non
2159 2126 2248 2180 est

596 2219 892 2276 sermonis
937 2218 1182 2287 auxilio,
1211 2234 1352 2275 cum
1390 2219 1470 2275 ab
1512 2218 1629 2275 hoc
1671 2217 1815 2274 vitio
1855 2231 2048 2289 purus
2090 2213 2167 2269 sit
2191 2215 2250 2269 et

597 2308 911 2367 immunis.
943 2308 1099 2375 Quid
1127 2308 1308 2379 igitur
1333 2307 1570 2380 capiam
1610 2306 1844 2363 consilii
1877 2305 1940 2362 in
1968 2301 2249 2377 praesenti

597 2412 801 2455 rerum
823 2403 999 2467 statu,
1032 2399 1081 2455 si
1107 2402 1165 2455 et
1194 2413 1397 2454 sermo
1425 2396 1653 2453 inutilis
1680 2396 1776 2462 sit,
1806 2411 1919 2453 nec
1947 2393 2250 2450 silentium

600 2490 796 2544 tutum
817 2487 847 2543 ?
880 2486 1259 2558 Negligemus
1306 2485 1678 2543 curationem
1697 2486 1726 2542 ?
1756 2484 1871 2542 Sed
1912 2480 2254 2556 periculosa

602 2579 693 2632 est
736 2575 1124 2647 negligentia.
1156 2575 1439 2633 Dicamne
1491 2578 1705 2631 contra
1745 2573 1993 2630 ebrios?
2032 2571 2147 2628 Sed
2191 2569 2254 2626 in

604 2671 913 2723 emortuas
933 2682 1110 2722 aures
1128 2666 1574 2723 insonabimus.
1594 2663 1883 2722 Fortassis
1903 2663 2087 2735 igitur
2104 2662 2259 2718 sicut

602 2754 666 2810 in
704 2755 1125 2826 pestilentibus
1170 2754 1402 2811 morbis
1441 2770 1763 2826 corporum
1808 2758 2114 2809 curatores
2151 2766 2257 2807 eos

603 2842 851 2914 quidem
890 2843 994 2915 qui
1033 2843 1164 2899 sani
1195 2848 1354 2913 sunt,
1386 2843 1665 2899 remediis
1706 2840 2077 2916 quibusdam
2101 2852 2261 2896 mor-

601 2930 751 2988 bum
794 2932 1305 3005 prmvenientibus
1344 2932 1808 3000 communiunt;
1852 2932 1924 2988 iis
1960 2945 2106 2987 vero
2153 2926 2260 3001 qui

601 3020 818 3077 morbo
833 3021 965 3093 jam
985 3022 1245 3094 correpti
1266 3026 1425 3090 sunt,
1446 3037 1668 3079 manus
1685 3036 1810 3077 non
1832 3020 2151 3077 adhibent:
2176 3017 2261 3074 sic

603 3109 786 3166 etiam
825 3109 1003 3166 nobis
1040 3110 1246 3167 media
1284 3126 1358 3167 ex
1386 3114 1558 3184 parte
1589 3110 1747 3167 utilis
1777 3115 1866 3167 est
1903 3124 2125 3178 sermo,
2156 3106 2262 3180 qui

598 3198 1012 3272 impertiturus
1033 3201 1109 3256 sit
1128 3200 1379 3257 tutelam
1401 3205 1460 3257 et
1474 3200 1819 3257 antidotum
1839 3200 2006 3255 sanis
2032 3203 2091 3254 et
2116 3198 2263 3254 inte-

600 3287 746 3356 gris,
769 3303 894 3344 non
911 3287 1330 3345 liberationem
1351 3293 1457 3346 aut
1475 3289 1777 3345 medelam
1798 3286 2258 3358 aegrotantibus.

671 3378 726 3431 3.
770 3376 925 3441 Quid
955 3376 1181 3446 differs,
1206 3394 1243 3434 o
1270 3377 1479 3448 homo,
1511 3394 1548 3433 a
1575 3376 1769 3433 brutis
1801 3374 2212 3433 animantibus
2232 3376 2261 3431 ?

602 3467 810 3523 Nonne
839 3466 1091 3523 rationis
1111 3466 1295 3535 dono,
1320 3482 1447 3539 qua
1467 3484 1505 3524 a
1526 3470 1629 3524 tuo
1649 3466 1959 3523 conditore
1988 3469 2258 3537 accepta,

604 3555 1249 3627 creaturteeujuslibet
1273 3555 1556 3630 princeps
1596 3556 1844 3613 effectus
1892 3571 1956 3612 es
1988 3558 2046 3611 et
2073 3552 2262 3610 domi-

602 3644 767 3702 nus?
798 3644 1079 3718 Quisquis
1107 3645 1290 3716 igitur
1335 3661 1400 3703 se
1428 3646 1563 3719 ipse
1609 3644 2002 3716 intelligentia
2047 3659 2119 3701 ac
2164 3659 2261 3701 co-

604 3733 869 3804 gnitione
917 3734 1114 3807 privat
1157 3750 1269 3808 per
1316 3734 1691 3805 ebrietatem,
1738 3735 2138 3805 Comparatus
2174 3737 2262 3790 est

595 3824 890 3892 jumentis
922 3825 1366 3894 insipientibus,
1400 3830 1452 3881 et
1484 3825 1696 3881 similis
1720 3824 1922 3894 factus
1946 3829 2031 3880 est
2051 3823 2259 3883 illis".

604 3915 732 3968 Imo
763 3912 943 3969 etiam
972 3912 1226 3969 dixerim
1259 3929 1372 3985 ego
1399 3913 1759 3971 temulentos
1789 3912 2037 3969 rationis
2065 3912 2262 3982 magis

605 4016 739 4058 esse
765 4006 1041 4074 expertes
1073 4018 1263 4075 quam
1291 4002 1426 4075 ipsa
1472 4018 1730 4074 pecora:
1763 4001 2063 4074 siquidem
2113 4016 2261 4073 qua.

604 4089 903 4163 drupedia
931 4091 1139 4147 omnia
1163 4094 1220 4147 et
1242 4090 1472 4158 bestiae,
1497 4096 1691 4147 certos
1721 4106 1791 4146 ac
1812 4094 2160 4146 constantes
2180 4088 2261 4146 ad

605 4179 829 4236 coitum
860 4184 1061 4237 motus
1094 4179 1481 4252 impetusque
1525 4178 1790 4236 habent:
1822 4193 2088 4250 quorum
2116 4194 2259 4235 vero

605 4268 877 4325 animum
896 4268 1245 4325 temulentia
1264 4271 1542 4341 occupat,
1559 4271 1615 4323 et
1633 4283 1896 4340 quorum
1919 4282 2141 4339 corpus
2160 4282 2259 4324 ca-

604 4356 696 4413 lor
724 4360 941 4429 praeter
960 4361 1242 4413 naturam
1272 4357 1569 4413 accedens
1587 4355 1816 4429 implet,
1838 4355 1900 4412 hi
1920 4355 2087 4412 omni
2109 4359 2255 4411 tem-

606 4460 752 4518 pore
769 4448 826 4500 et
841 4446 1006 4501 omni
1019 4445 1169 4502 hora
1180 4446 1257 4502 ad
1273 4448 1548 4518 impuros
1563 4449 1893 4519 turpesque
1905 4443 2259 4517 complexus

2422 964 2477 1018 2.
2520 967 2689 1033 Μέθη,
2724 968 2749 1019 ὁ
2781 966 3082 1041 αὐθαίρετος
3124 965 3349 1042 δαίμων,
3383 968 3436 1032 ἐξ
3463 965 3662 1031 ἡδονῆς
3690 978 3800 1031 ταῖς
3837 954 3967 1040 ψυ-’

2352 1060 2481 1123 χαῖς
2537 1053 2940 1129 ἐμϐαλλόμενος,
3001 1059 3171 1131 μέθη,
3230 1062 3418 1122 κακίας
3492 1063 3710 1136 μήτηρ,
3770 1057 3933 1135 ἀρετῆς

2353 1139 2682 1211 ἐναντίωσις,
2740 1149 2825 1199 τὸν
2893 1142 3128 1221 ἀνδρεῖον
3194 1143 3364 1201 δειλὸν
3431 1144 3814 1215 ἀποδείκνυσι,
3862 1150 3934 1200 τόν

2356 1235 2595 1308 σώφρονα
2650 1231 2843 1307 ἀσελγῆ
2872 1256 2885 1269 ·
2939 1232 3282 1296 δικαιοσύνην
3344 1237 3437 1291 οὐκ
3504 1234 3640 1304 οἶδε,
3707 1240 3934 1310 φρόνησιν

2353 1317 2570 1395 ἀναιρεῖ.
2614 1320 2814 1398 Ὠσπερ
2869 1326 2973 1398 γὰρ
3022 1321 3167 1400 ὕδωρ
3214 1325 3459 1399 πολέμιόν
3502 1329 3619 1379 εστι
3664 1329 3808 1398 πυρί,
3855 1323 3937 1377 οὗ·

2350 1427 2449 1471 τως
2498 1408 2715 1484 ἀμετρία
2764 1413 2903 1467 οἴνου
2950 1413 3192 1488 λογιςμόν
3237 1414 3623 1469 κατασϐέννυσι
3652 1414 3786 1486 (29).
3829 1417 3937 1467 Διό-

2352 1518 2446 1573 περ
2495 1504 2687 1553 ὤκνουν
2730 1521 2783 1555 τι
2824 1503 2986 1576 λέγειν
3034 1508 3169 1559 κατὰ
3216 1508 3394 1579 μέθης,
3423 1506 3532 1578 οὐχ
3578 1508 3645 1567 ὡς
3695 1509 3810 1580 περὶ
3857 1524 3937 1576 μι-

2352 1596 2482 1661 κροῦ
2527 1608 2665 1651 τινος
2710 1599 2875 1645 κακοῦ
2905 1593 2934 1653 ἣ
2966 1596 3298 1668 παροφθῆναι
3338 1593 3506 1662 ἀξίου,
3542 1593 3650 1646 ἀλλ’
3699 1595 3763 1654 ὡς
3805 1587 3939 1645 οὐδὲν

2356 1676 2525 1749 ὄφελος
2579 1685 2943 1755 παρεχομένου
3007 1689 3098 1736 τοῦ
3166 1681 3346 1755 λόγου.
3406 1683 3466 1736 Εἰ
3520 1685 3625 1756 γὰρ
3682 1682 3709 1734 ό
3759 1682 3939 1754 μεθύων

2356 1776 2672 1842 παραφρονεῖ
2716 1776 2807 1824 καὶ
2850 1770 3155 1839 ἐσκότωται,
3208 1772 3316 1832 εἰκῆ
3371 1768 3620 1848 {Sa-993;;
3652 1772 3678 1824 ὁ
3707 1768 3940 1826 ἐπιπλήτ-

2354 1873 2451 1907 των
2498 1865 2569 1930 τῷ
2616 1864 2689 1932 μὴ
2741 1858 3001 1914 ἀκούοντι.
3050 1864 3203 1915 Τίσιν
3247 1856 3335 1914 οὖν
3389 1857 3792 1934 διαλεχθῶμεν;
3819 1862 3939 1930 εἴπερ

2357 1945 2383 1995 ό
2408 1948 2499 2017 μὲν
2540 1949 2764 2022 χρῄζων
2804 1957 2896 2011 τῆς
2931 1953 3281 2026 παραινέσεως
3328 1950 3422 2003 οὐκ
3448 1948 3633 2004 ἀκούει
3674 1956 3770 2002 τῶν
3807 1946 3942 2016 λεγο-

2354 2037 2517 2105 μένων
2543 2056 2556 2070 ·
2599 2038 2624 2089 ὁ
2671 2034 2731 2091 δε
2780 2047 3054 2113 σωφρονῶν
3098 2044 3189 2092 καὶ
3218 2043 3390 2112 νήφων
3436 2039 3496 2092 οὐ
3552 2036 3721 2093 δεῖται
3737 2035 3845 2108 (30)
3870 2041 3945 2093 τῆς

2355 2120 2411 2175 ἐκ
2456 2132 2547 2177 τοῦ
2595 2126 2750 2200 λόγου
2808 2127 3078 2202 βοηθείας,
3122 2130 3421 2203 καθαρεύων
3471 2130 3583 2201 (τοῦ
3639 2129 3849 2188 πάθους.
3891 2116 3945 2176 Τί

2356 2211 2446 2268 οὖν
2488 2221 2769 2290 χρήσομαι
2815 2226 2923 2282 τοῖς
2969 2225 3248 2293 παροῦσιν,
3277 2218 3321 2272 εί
3367 2217 3459 2271 καί
3510 2220 3543 2271 ὁ
3590 2217 3738 2291 λόγος
3782 2216 3942 2288 ἄχρη-

2362 2323 2496 2372 στος»
2541 2310 2632 2359 καὶ
2680 2308 2711 2365 ἡ
2772 2312 2943 2367 σιωπή
3000 2309 3229 2383 ἄποροςς
3278 2304 3596 2383 Παρίδωμεν
3649 2311 3741 2365 τὴν
3783 2303 3943 2376 ἐπιμέ-

2358 2392 2534 2459 λειανς
2588 2394 2722 2448 Ἀλλ’
2772 2392 3093 2458 ἐπικίνδυνος
3144 2398 3175 2455 ή
3238 2395 3467 2469 ἀμέλεια.
3532 2395 3690 2449 Ἀλλά
3751 2391 3942 2468 φθέγξο-

2363 2488 2457 2555 μαί
2497 2503 2549 2537 τι
2594 2485 2732 2537 κοιτά
2768 2492 2866 2538 τῶν
2909 2487 3234 2559 μεθυόντωνς
3277 2484 3411 2540 Ἀλλ’
3459 2485 3537 2549 εἰς
3583 2485 3761 2558 νεκρὰς
3810 2479 3944 2539 ἀκοὰς

2364 2569 2675 2646 ἔνηχοῡμεν.
2718 2578 2932 2633 Μήποτε
2978 2571 3088 2641 οὖν,
3138 2578 3202 2637 ὡς
3245 2573 3455 2628 ἐπὶτῶν
3497 2574 3767 2649 λοιμικῶν¹
3800 2588 3942 2627 νοση-

2364 2662 2538 2732 μάτων
2579 2663 2629 2714 οὶ
2674 2670 2771 2715 τῶν
2821 2665 3074 2737 σωμάτων
3116 2665 3428 2739 θεραπευταὶ
3468 2667 3596 2726 τοὺς
3642 2665 3730 2736 μὲν
3784 2661 3941 2731 ὑγιαί-

2364 2769 2538 2811 νοντας
2607 2758 2716 2814 τοῖς
2779 2752 3217 2828 προφυλακτικοίς
3285 2751 3633 2826 βοηθήμασιν
3663 2748 3944 2823 ἀσφαλίζον-

2370 2857 2489 2907 ται,
2552 2847 2656 2902 τοῖς
2727 2838 2786 2895 δὲ
2850 2837 3249 2917 κεκρατημένοις
3306 2843 3407 2894 ὑπό
3463 2849 3561 2896 τοῦ
3614 2841 3808 2901 πάθους
3864 2834 3943 2888 οὐκ

2369 2925 2703 3003 ἐγχειροῦσιν
2728 2950 2741 2964 ·
2785 2929 2920 2984 οὓτω
2949 2933 3038 2984 καὶ
3092 2932 3213 3004 ὑμῖν
3262 2928 3315 2994 ἐξ
3358 2931 3609 3003 ἡμισείας
3650 2931 3759 3002 ἔχει
3784 2925 3890 2996 (31)
3923 2922 3944 2973 ὃ

2368 3017 2519 3091 λό’Ῑος
2564 3022 2624 3072 τὸ
2674 3022 2984 3095 χρήσιμονο
3032 3019 3264 3092 φυλακήν
3309 3015 3622 3080 ὑποδεικνὺς
3680 3024 3784 3078 τοῖς
3832 3011 3945 3065 ἀπα-

2373 3107 2534 3173 θέσιν,
2566 3106 2663 3160 οὐκ
2708 3106 3010 3181 ἀπαλλαγήν
3053 3112 3143 3161 καί
3180 3110 3323 3161 ἴασιν
3358 3114 3463 3169 τοῖς
3503 3108 3611 3162 ὑπὸ
3648 3112 3735 3160 τοῦ
3774 3103 3945 3159 πάθους

2371 3201 2786 3273 κεκρατημένοις.

2440 3378 2494 3431 3.
2534 3378 2649 3428 Τίνι
2689 3372 3000 3449 διενήνοχας
3041 3385 3140 3429 τῶν
3172 3375 3389 3450 ἀλόγων,
3422 3376 3462 3430 ὦ
3490 3378 3764 3455 ἄνθρωπη
3796 3370 3865 3424 Οὐ
3888 3374 3938 3439 τῇ

2372 3459 2544 3538 δωρεᾷ
2584 3471 2675 3517 τοῦ
2717 3463 2896 3537 λόγου,
2931 3465 2991 3524 ἣν
3038 3465 3206 3519 λαϐὼν
3253 3468 3399 3543 παρὰ
3438 3474 3533 3520 τοῦ
3580 3463 3840 3523 κτίσαντὸς
3873 3474 3937 3522 σε.

2370 3553 2552 3627 ἄρχων
2620 3558 2710 3607 καὶ
2778 3556 2955 3630 κύριος
3004 3553 3175 3626 ἐγένου
3232 3559 3404 3617 πάσης
3458 3563 3562 3619 τῆς
3611 3559 3844 3616 κτίσεως;
3890 3544 3938 3596 Ὀ

2368 3648 2535 3694 τοίνυν
2584 3639 2880 3715 ἀφελόμενος
2925 3641 3106 3696 ἑαυτοῦ
3153 3649 3248 3703 τήν
3301 3649 3555 3720 φρόνησιν
3606 3642 3698 3699 διά
3738 3647 3825 3700 τῆς
3858 3636 3939 3708 μέ·

2373 3732 2487 3792 θης.
2556 3730 3004 3808 Παρασυρεϐλήθη
3072 3740 3179 3794 τοῖς
3241 3738 3452 3792 κτήνεσι
3517 3742 3634 3796 τοῖς
3704 3730 3935 3791 ἀνοὴτοις,

2369 3825 2458 3875 καὶ
2501 3822 2744 3893 ὡμοιώθη
2797 3821 2992 3884 αὐτοῖς.
3041 3820 3245 3876 Μᾶλλον
3298 3819 3358 3876 δὲ
3404 3827 3495 3876 καί
3542 3831 3644 3877 τῶν
3696 3812 3939 3894 βοσκημάο

2366 3930 2465 3964 των
2518 3914 2674 3983 φαίην
2727 3909 2787 3962 ἀν
2838 3914 3002 3983 ἔγωγε
3049 3910 3395 3987 ἀλογωτέρους
3446 3909 3582 3967 εἶναι
3635 3913 3751 3971 τοὺς
3797 3905 3843 3959 έν
3886 3905 3937 3969 τῇ

2368 4002 2499 4074 μέθη
2526 4021 2540 4034 ο
2593 4003 2730 4074 εἴπερ
2779 4004 2844 4055 τὰ
2895 4005 2984 4075 μὲν
3030 4000 3326 4076 τετράποδα
3365 4005 3538 4056 πάντα
3584 4000 3771 4056 καὶτὰ
3806 3994 3941 4076 θηρξα

2366 4094 2674 4163 τεταγμένας
2725 4093 2838 4163 ἔχει
2890 4093 2983 4153 τὰς
3032 4094 3160 4165 πρὸς
3212 4095 3306 4149 τήν
3356 4092 3498 4165 μίξιν
3555 4092 3748 4168 όρμάς,
3799 4084 3845 4136 οὶ
3892 4074 3940 4130 δὲ

2368 4181 2468 4232 ὑπὸ
2511 4188 2603 4240 τῆς
2649 4182 2811 4253 μέθης
2851 4184 2943 4240 τήν
2985 4181 3167 4254 ψυχὴν
3215 4185 3581 4255 κατεχόμενοι,
3612 4184 3700 4235 καὶ
3726 4179 3782 4231 τὸ
3809 4179 3940 4242 σῶμα

2367 4276 2459 4330 τῆς
2496 4270 2639 4343 παρά
2670 4271 2825 4341 φύσιν
2880 4270 3189 4345 θερμότητος
3218 4268 3613 4333 ἀναπλήσαντες
3640 4268 3771 4337 (5'2),
3797 4262 3939 4315 πάντα

2369 4360 2550 4431 καιρὸν
2596 4362 2686 4410 καὶ
2741 4364 2917 4410 πᾶσαν
2974 4360 3111 4433 ὤραν
3160 4362 3293 4433 πρὸς
3354 4360 3450 4422 τὰς
3500 4356 3818 4430 ἀκαθάρτους
3863 4348 3937 4396 καὶ

2371 4466 2686 4519 “az-nim”;
2748 4446 3048 4520 συμπλοκὰς
3102 4452 3192 4500 καὶ
3274 4444 3464 4508 ἡδονὰς
3553 4445 3933 4500 συνελαύνονται.

608 4509 1005 4601 concitantur,
1033 4538 1213 4608 atque
1247 4535 1326 4592 ad
1363 4509 1725 4609 .voluptate-s.
1756 4509 1871 4592 Nec
1913 4534 2031 4592 hoc
2047 4509 2252 4592 -modo

2373 4541 2473 4591 Καὶ
2534 4535 2592 4589 οὐ
2642 4543 2794 4590 τοῦτο
2860 4542 3012 4610 μόνον
3068 4540 3163 4597 τήν
3219 4535 3431 4610 ἀλογίαν
3497 4536 3668 4598 οὐτοίς
3729 4529 3931 4605 ἐμποιεῖ,

609 4654 617 4660 ’
680 4677 729 4713 ³⁵
767 4675 920 4735 Psal.
961 4693 1153 4745 xum,
1199 4681 1286 4737 13.

680 4822 791 4891 (28)
834 4819 1000 4876 Colb.
1049 4819 1280 4893 primus
1325 4835 1437 4894 pro
1493 4819 1749 4883 παντελῶς
1794 4820 1980 4879 habet
2032 4819 2256 4889 ἀληθῶς,

611 4909 764 4953 vere.

682 4964 793 5037 (29)
834 4963 997 5020 Colb.
1026 4964 1230 5020 tertius
1273 4963 1525 5037 λογισμὸν
1567 4963 1945 5017 κατασϐέννυσι
2000 4969 2257 5037 σώφρονα,

608 5036 965 5108 prudentem
997 5036 1417 5106 cogitationem
1432 5036 1771 5108 extinguit.

682 5112 792 5178 (30)
833 5104 1150 5163 Colbertini
1179 5108 1302 5163 duo
1331 5124 1479 5165 mss.
1511 5104 1660 5160 οὐδέν
1692 5104 1879 5162 δεῖται.

682 5181 797 5249 (31)
839 5179 988 5251 Editi
1017 5181 1140 5251 ἔχη.
1182 5181 1414 5234 Veteres
1463 5194 1563 5234 sex
1591 5178 1728 5234 libri
1776 5181 1907 5250 ἔχει.
1939 5177 2262 5251 Aliquanto

609 5256 749 5325 post
781 5250 948 5325 _CO_!b.
982 5250 1215 5321 primus
1242 5252 1437 5325 πάθους
1474 5254 1858 5325 κρατουμένοις.

683 5322 798 5390 (32)
838 5316 1004 5395 Πιξμᾷ
1049 5337 1161 5395 nis.
1226 5337 1336 5395 pro
1386 5316 1767 5395 ἀναπλήσαντες
1821 5319 2005 5395 habet
2033 5316 2263 5395 ἀναπληο

613 5395 889 5463 ρώσαντες.
909 5393 977 5465 Et
992 5391 1131 5448 inde
1147 5389 1393 5465 quoque
1410 5392 1759 5465 Ambrosius
1779 5389 2262 5465 sumpsitmulta,

612 5461 757 5535 quas
788 5461 1053 5531 reperias
1099 5461 1413 5535 capite'iﬁ.
1446 5466 1538 5519 Sic
1585 5464 1745 5519 enim
1789 5461 2088 5535 loquitur:
2122 5462 2265 5517 Haec

614 5531 917 5598 (ebrietas)
952 5547 1155 5588 sensus
1175 5531 1493 5590 hominum
1539 5542 1733 5590 mutat
1778 5541 1829 5591 et
1871 5531 2128 5602 'formas.
2157 5547 2268 5602 per

614 5602 774 5661 hanc
791 5602 948 5673 ﬁunt
974 5617 1050 5660 ex
1087 5604 1426 5661 hominibus
1446 5606 1583 5676 equi
1603 5606 2048 5664 adhinnientes.
2072 5604 2266 5676 Siqui-

2368 4821 2499 4879 dem
2544 4824 2827 4880 naturali
2851 4838 3073 4894 vapore
3110 4825 3376 4894 corporis
3423 4823 3614 4880 calidi
3638 4825 3693 4878 et
3740 4813 3935 4894 praeter

2367 4900 2655 4950 naturam
2687 4896 2816 4951 vini
2842 4891 3045 4952 calore
3069 4891 3387 4964 ﬂammati,
3429 4896 3703 4952 cohibere
3741 4901 3798 4944 se
3830 4891 3932 4964 ηυνξ

2370 4972 2617 5037 queunt,
2645 4973 2701 5022 et
2750 4967 2814 5022 in
2866 4951 3137 5023 bestiales
3169 4951 3445 5022 libidines
3501 4951 3932 5037 εχείεαηιιςνηιές

2369 5021 2616 5092 nullum,
2639 5021 2868 5106 tempus
2884 5021 3304 5107 braiseriplum
3329 5021 3611 5105 habeant,
3625 5047 3734 5106 quo
3754 5021 3931 5107 dcccc}

2369 5107 2686 5177 indulgere
2742 5105 3177 5165 Concubitui..'..
3232 5109 3485 5165 Umbras
3542 5105 3695 5177 saepe
3742 5105 3933 5177 transf-

2373 5173 2714 5235 liunt'sicut
2758 5181 2986 5250 foveas,
3036 5185 3213 5235 nutat
3256 5179 3347 5235 his
3390 5195 3524 5236 cum
3570 5173 3725 5247 facie
3767 5173 3929 5250 terrg.

2371 5251 2566 5305 subito
2595 5236 2840 5317 erigi'el
2871 5236 3165 5305 inclinari
3193 5251 3523 5308 videtur....
3553 5236 3931 5317 concurrent?

2376 5321 2482 5376 bus
2511 5314 2812 5376 montibus
2840 5321 2954 5377 sibi
2982 5322 3265 5378 videntur
3301 5323 3553 5378 includi.
3582 5314 3930 5380 Μανηῖιινλῖτ

2374 5372 2643 5448 nihil};
2657 5372 2949 5464 magna»;
2972 5372 3822 5464 ἦτ’ᾱιῖὲέ’Ῐὶὶιεϊὶιᾶἇὶὲέῥᾶιρρῃπ.
3854 5372 3929 5464 γῇς

2373 5443 2636 5538 graius;
2658 5443 3372 5538 gabinae;saansaan;
3381 5443 3826 5538 ἳὶἱίᾖὰὶιιῗγίια
3852 5443 3929 5538 ξιξ

2373 5528 2689 5607 seminium
2743 5541 2873 5607 estq
2904 5534 3074 5602 Illud,
3118 5528 3928 5607 quod”moxfseqyilqriuff‘

2376 5602 2586 5676 ἡδονάς,
2617 5622 2691 5663 ex
2733 5604 2975 5663 duobus
3018 5594 3168 5665 mss‘.
3199 5605 3553 5669 Colbertinis
3596 5594 3924 5666 addidimus-
